  <div class='ocr_page' id='page_1' title='image "/cluster/home/n/w/nwhite01/storage/ocr_20150623/147/hvd.32044073505281/345.png"; bbox 0 0 4040 6170; ppageno 0'>
   <div class='ocr_carea' id='block_1_1' title="bbox 407 299 531 354">
    <p class='ocr_par' dir='ltr' id='par_1_1' title="bbox 407 299 531 354">
     <span class='ocr_line' id='line_1_1' title="bbox 407 299 531 354; baseline 0.032 -4"><span class='ocrx_word' id='word_1_1' title='bbox 407 299 531 354; x_wconf 81' lang='lat'><strong>.679</strong></span> 
     </span>
    </p>
   </div>
   <div class='ocr_carea' id='block_1_2' title="bbox 1840 292 2389 349">
    <p class='ocr_par' dir='ltr' id='par_1_2' title="bbox 1840 292 2389 349">
     <span class='ocr_line' id='line_1_2' title="bbox 1840 292 2389 349; baseline -0.004 0"><span class='ocrx_word' id='word_1_2' title='bbox 1840 292 2123 349; x_wconf 77' lang='lat' dir='ltr'><strong>MARIANI</strong></span> <span class='ocrx_word' id='word_1_3' title='bbox 2163 292 2389 349; x_wconf 85' lang='lat' dir='ltr'><strong>SCOTTI</strong></span> 
     </span>
    </p>
   </div>
   <div class='ocr_carea' id='block_1_3' title="bbox 3695 296 3790 353">
    <p class='ocr_par' dir='ltr' id='par_1_3' title="bbox 3695 296 3790 353">
     <span class='ocr_line' id='line_1_3' title="bbox 3695 296 3790 353; baseline 0 0"><span class='ocrx_word' id='word_1_4' title='bbox 3695 296 3790 353; x_wconf 84' lang='lat'><strong>680</strong></span> 
     </span>
    </p>
   </div>
   <div class='ocr_carea' id='block_1_4' title="bbox 426 416 3807 491">
    <p class='ocr_par' dir='ltr' id='par_1_4' title="bbox 426 416 3807 491">
     <span class='ocr_line' id='line_1_4' title="bbox 426 416 3807 491; baseline -0.001 -10"><span class='ocrx_word' id='word_1_5' title='bbox 426 424 664 482; x_wconf 87' lang='lat' dir='ltr'><strong>clericos</strong></span> <span class='ocrx_word' id='word_1_6' title='bbox 703 423 918 490; x_wconf 88' lang='lat' dir='ltr'><strong>decem,</strong></span> <span class='ocrx_word' id='word_1_7' title='bbox 959 435 1082 478; x_wconf 91' lang='lat' dir='ltr'><strong>cum</strong></span> <span class='ocrx_word' id='word_1_8' title='bbox 1121 420 1323 491; x_wconf 85' lang='lat' dir='ltr'><strong>quibus</strong></span> <span class='ocrx_word' id='word_1_9' title='bbox 1371 417 1440 474; x_wconf 92' lang='lat' dir='ltr'><strong>de</strong></span> <span class='ocrx_word' id='word_1_10' title='bbox 1487 431 1657 488; x_wconf 87' lang='lat' dir='ltr'><strong>regno</strong></span> <span class='ocrx_word' id='word_1_11' title='bbox 1706 418 1801 474; x_wconf 87' lang='lat' dir='ltr'><strong>Dei</strong></span> <span class='ocrx_word' id='word_1_12' title='bbox 1853 416 2339 477; x_wconf 80' lang='lat' dir='ltr'><strong>assidueAtribus</strong></span> <span class='ocrx_word' id='word_1_13' title='bbox 2375 431 2476 488; x_wconf 90' lang='lat' dir='ltr'><strong>per</strong></span> <span class='ocrx_word' id='word_1_14' title='bbox 2534 418 2913 488; x_wconf 83' lang='lat' dir='ltr'><strong>Hispaniarum</strong></span> <span class='ocrx_word' id='word_1_15' title='bbox 2973 419 3284 490; x_wconf 83' lang='lat' dir='ltr'><strong>provincias</strong></span> <span class='ocrx_word' id='word_1_16' title='bbox 3329 420 3665 489; x_wconf 76' lang='lat' dir='ltr'><strong>constitutis,</strong></span> <span class='ocrx_word' id='word_1_17' title='bbox 3721 424 3807 480; x_wconf 84' lang='lat' dir='ltr'><strong>Si--</strong></span> 
     </span>
    </p>
   </div>
   <div class='ocr_carea' id='block_1_5' title="bbox 431 508 2084 580">
    <p class='ocr_par' dir='ltr' id='par_1_5' title="bbox 431 508 2084 580">
     <span class='ocr_line' id='line_1_5' title="bbox 431 508 2084 580; baseline -0.005 -9"><span class='ocrx_word' id='word_1_18' title='bbox 431 514 688 572; x_wconf 75' lang='lat' dir='ltr'><strong>docebat.</strong></span> <span class='ocrx_word' id='word_1_19' title='bbox 755 512 946 568; x_wconf 85' lang='lat' dir='ltr'><strong>Divina</strong></span> <span class='ocrx_word' id='word_1_20' title='bbox 1002 517 1182 567; x_wconf 89' lang='lat' dir='ltr'><strong>autem</strong></span> <span class='ocrx_word' id='word_1_21' title='bbox 1219 508 1394 580; x_wconf 86' lang='lat' dir='ltr'><strong>gratia</strong></span> <span class='ocrx_word' id='word_1_22' title='bbox 1452 510 1803 578; x_wconf 76' lang='lat' dir='ltr'><strong>procurante,</strong></span> <span class='ocrx_word' id='word_1_23' title='bbox 1858 520 2084 563; x_wconf 86' lang='lat' dir='ltr'><strong>occure-</strong></span> 
     </span>
    </p>
   </div>
   <div class='ocr_carea' id='block_1_6' title="bbox 428 596 2082 672">
    <p class='ocr_par' dir='ltr' id='par_1_6' title="bbox 428 596 2082 672">
     <span class='ocr_line' id='line_1_6' title="bbox 428 596 2082 672; baseline -0.005 -12"><span class='ocrx_word' id='word_1_24' title='bbox 428 605 563 660; x_wconf 91' lang='lat' dir='ltr'><strong>bant</strong></span> <span class='ocrx_word' id='word_1_25' title='bbox 592 603 750 659; x_wconf 91' lang='lat' dir='ltr'><strong>multi</strong></span> <span class='ocrx_word' id='word_1_26' title='bbox 780 616 846 658; x_wconf 88' lang='lat' dir='ltr'><strong>ex</strong></span> <span class='ocrx_word' id='word_1_27' title='bbox 878 600 940 633; x_wconf 82' lang='grc'><strong>¹⁸³</strong></span> <span class='ocrx_word' id='word_1_28' title='bbox 968 600 1267 672; x_wconf 81' lang='lat' dir='ltr'><strong>gentilibus</strong></span> <span class='ocrx_word' id='word_1_29' title='bbox 1305 605 1360 653; x_wconf 90' lang='lat' dir='ltr'><strong>et</strong></span> <span class='ocrx_word' id='word_1_30' title='bbox 1406 597 1623 653; x_wconf 81' lang='lat' dir='ltr'><strong>honesti</strong></span> <span class='ocrx_word' id='word_1_31' title='bbox 1678 596 1838 668; x_wconf 90' lang='lat' dir='ltr'><strong>[viri],</strong></span> <span class='ocrx_word' id='word_1_32' title='bbox 1889 604 1950 651; x_wconf 90' lang='lat' dir='ltr'><strong>ut</strong></span> <span class='ocrx_word' id='word_1_33' title='bbox 1988 596 2082 651; x_wconf 92' lang='lat' dir='ltr'><strong>ba-</strong></span> 
     </span>
    </p>
   </div>
   <div class='ocr_carea' id='block_1_7' title="bbox 431 687 2082 758">
    <p class='ocr_par' dir='ltr' id='par_1_7' title="bbox 431 687 2082 758">
     <span class='ocr_line' id='line_1_7' title="bbox 431 687 2082 758; baseline -0.005 -9"><span class='ocrx_word' id='word_1_34' title='bbox 431 695 772 749; x_wconf 88' lang='lat' dir='ltr'><strong>btizarentur</strong></span> <span class='ocrx_word' id='word_1_35' title='bbox 824 692 894 747; x_wconf 93' lang='lat' dir='ltr'><strong>ab</strong></span> <span class='ocrx_word' id='word_1_36' title='bbox 952 705 1040 748; x_wconf 90' lang='lat' dir='ltr'><strong>eo.</strong></span> <span class='ocrx_word' id='word_1_37' title='bbox 1098 693 1249 746; x_wconf 86' lang='lat' dir='ltr'><strong>Inter</strong></span> <span class='ocrx_word' id='word_1_38' title='bbox 1307 701 1447 758; x_wconf 93' lang='lat' dir='ltr'><strong>quos</strong></span> <span class='ocrx_word' id='word_1_39' title='bbox 1492 689 1791 743; x_wconf 88' lang='lat' dir='ltr'><strong>Nemereus</strong></span> <span class='ocrx_word' id='word_1_40' title='bbox 1827 687 2082 743; x_wconf 82' lang='lat' dir='ltr'><strong>tribunus</strong></span> 
     </span>
    </p>
   </div>
   <div class='ocr_carea' id='block_1_8' title="bbox 432 777 2082 850">
    <p class='ocr_par' dir='ltr' id='par_1_8' title="bbox 432 777 2082 850">
     <span class='ocr_line' id='line_1_8' title="bbox 432 777 2082 850; baseline -0.006 -9"><span class='ocrx_word' id='word_1_41' title='bbox 432 799 558 841; x_wconf 86' lang='lat' dir='ltr'><strong>cum</strong></span> <span class='ocrx_word' id='word_1_42' title='bbox 589 784 737 841; x_wconf 89' lang='lat' dir='ltr'><strong>omni</strong></span> <span class='ocrx_word' id='word_1_43' title='bbox 764 783 929 839; x_wconf 92' lang='lat' dir='ltr'><strong>domo</strong></span> <span class='ocrx_word' id='word_1_44' title='bbox 958 796 1077 850; x_wconf 90' lang='lat' dir='ltr'><strong>sua,</strong></span> <span class='ocrx_word' id='word_1_45' title='bbox 1120 780 1338 850; x_wconf 90' lang='lat' dir='ltr'><strong>ﬁliaque</strong></span> <span class='ocrx_word' id='word_1_46' title='bbox 1369 781 1488 849; x_wconf 86' lang='lat' dir='ltr'><strong>ejus</strong></span> <span class='ocrx_word' id='word_1_47' title='bbox 1520 777 1748 844; x_wconf 90' lang='lat' dir='ltr'><strong>Lucilla,</strong></span> <span class='ocrx_word' id='word_1_48' title='bbox 1782 792 1904 847; x_wconf 76' lang='lat' dir='ltr'><strong>quae</strong></span> <span class='ocrx_word' id='word_1_49' title='bbox 1934 791 2082 832; x_wconf 77' lang='lat' dir='ltr'><strong>caeca</strong></span> 
     </span>
    </p>
   </div>
   <div class='ocr_carea' id='block_1_9' title="bbox 431 866 2083 944">
    <p class='ocr_par' dir='ltr' id='par_1_9' title="bbox 431 866 2083 944">
     <span class='ocr_line' id='line_1_9' title="bbox 431 866 2083 944; baseline -0.005 -14"><span class='ocrx_word' id='word_1_50' title='bbox 431 888 532 944; x_wconf 91' lang='lat' dir='ltr'><strong>per</strong></span> <span class='ocrx_word' id='word_1_51' title='bbox 569 874 787 930; x_wconf 89' lang='lat' dir='ltr'><strong>beatum</strong></span> <span class='ocrx_word' id='word_1_52' title='bbox 828 871 1140 943; x_wconf 90' lang='lat' dir='ltr'><strong>Zephanum</strong></span> <span class='ocrx_word' id='word_1_53' title='bbox 1173 869 1516 936; x_wconf 86' lang='lat' dir='ltr'><strong>inluminata,</strong></span> <span class='ocrx_word' id='word_1_54' title='bbox 1557 872 1612 923; x_wconf 91' lang='lat' dir='ltr'><strong>et</strong></span> <span class='ocrx_word' id='word_1_55' title='bbox 1639 867 1906 936; x_wconf 90' lang='lat' dir='ltr'><strong>Olimpius</strong></span> <span class='ocrx_word' id='word_1_56' title='bbox 1943 866 2083 922; x_wconf 86' lang='lat' dir='ltr'><strong>alter</strong></span> 
     </span>
    </p>
   </div>
   <div class='ocr_carea' id='block_1_10' title="bbox 433 957 2083 1031">
    <p class='ocr_par' dir='ltr' id='par_1_10' title="bbox 433 957 2083 1031">
     <span class='ocr_line' id='line_1_10' title="bbox 433 957 2083 1031; baseline -0.004 -12"><span class='ocrx_word' id='word_1_57' title='bbox 433 965 690 1019; x_wconf 82' lang='lat' dir='ltr'><strong>tribunus</strong></span> <span class='ocrx_word' id='word_1_58' title='bbox 728 977 850 1019; x_wconf 92' lang='lat' dir='ltr'><strong>cum</strong></span> <span class='ocrx_word' id='word_1_59' title='bbox 890 976 1061 1018; x_wconf 92' lang='lat' dir='ltr'><strong>uxore</strong></span> <span class='ocrx_word' id='word_1_60' title='bbox 1100 960 1401 1031; x_wconf 88' lang='lat' dir='ltr'><strong>Exsuperia</strong></span> <span class='ocrx_word' id='word_1_61' title='bbox 1444 964 1498 1014; x_wconf 91' lang='lat' dir='ltr'><strong>et</strong></span> <span class='ocrx_word' id='word_1_62' title='bbox 1537 958 1648 1013; x_wconf 92' lang='lat' dir='ltr'><strong>ﬁlio</strong></span> <span class='ocrx_word' id='word_1_63' title='bbox 1696 957 1978 1012; x_wconf 88' lang='lat' dir='ltr'><strong>Theodolo</strong></span> <span class='ocrx_word' id='word_1_64' title='bbox 2027 962 2083 1013; x_wconf 91' lang='lat' dir='ltr'><strong>et</strong></span> 
     </span>
    </p>
   </div>
   <div class='ocr_carea' id='block_1_11' title="bbox 432 1047 2082 1123">
    <p class='ocr_par' dir='ltr' id='par_1_11' title="bbox 432 1047 2082 1123">
     <span class='ocr_line' id='line_1_11' title="bbox 432 1047 2082 1123; baseline -0.005 -14"><span class='ocrx_word' id='word_1_65' title='bbox 432 1054 635 1109; x_wconf 86' lang='lat' dir='ltr'><strong>ceteris</strong></span> <span class='ocrx_word' id='word_1_66' title='bbox 688 1052 783 1123; x_wconf 88' lang='lat' dir='ltr'><strong>qui</strong></span> <span class='ocrx_word' id='word_1_67' title='bbox 826 1051 1183 1107; x_wconf 91' lang='lat' dir='ltr'><strong>crediderunt</strong></span> <span class='ocrx_word' id='word_1_68' title='bbox 1234 1050 1291 1105; x_wconf 92' lang='lat' dir='ltr'><strong>in</strong></span> <span class='ocrx_word' id='word_1_69' title='bbox 1345 1063 1445 1104; x_wconf 89' lang='lat' dir='ltr'><strong>sua</strong></span> <span class='ocrx_word' id='word_1_70' title='bbox 1501 1048 1686 1115; x_wconf 90' lang='lat' dir='ltr'><strong>domo,</strong></span> <span class='ocrx_word' id='word_1_71' title='bbox 1738 1047 1832 1117; x_wconf 88' lang='lat' dir='ltr'><strong>qui</strong></span> <span class='ocrx_word' id='word_1_72' title='bbox 1891 1052 2082 1116; x_wconf 87' lang='lat' dir='ltr'><strong>postea</strong></span> 
     </span>
    </p>
   </div>
   <div class='ocr_carea' id='block_1_12' title="bbox 430 1136 2083 1214">
    <p class='ocr_par' dir='ltr' id='par_1_12' title="bbox 430 1136 2083 1214">
     <span class='ocr_line' id='line_1_12' title="bbox 430 1136 2083 1214; baseline -0.005 -15"><span class='ocrx_word' id='word_1_73' title='bbox 430 1143 577 1214; x_wconf 90' lang='lat' dir='ltr'><strong>passi</strong></span> <span class='ocrx_word' id='word_1_74' title='bbox 607 1149 754 1198; x_wconf 91' lang='lat' dir='ltr'><strong>sunt.</strong></span> <span class='ocrx_word' id='word_1_75' title='bbox 795 1141 1121 1201; x_wconf 88' lang='lat' dir='ltr'><strong>Celebrabat</strong></span> <span class='ocrx_word' id='word_1_76' title='bbox 1157 1145 1343 1196; x_wconf 87' lang='lat' dir='ltr'><strong>autem</strong></span> <span class='ocrx_word' id='word_1_77' title='bbox 1391 1139 1586 1193; x_wconf 89' lang='lat' dir='ltr'><strong>missas</strong></span> <span class='ocrx_word' id='word_1_78' title='bbox 1633 1143 1797 1206; x_wconf 90' lang='lat' dir='ltr'><strong>atque</strong></span> <span class='ocrx_word' id='word_1_79' title='bbox 1845 1136 2083 1192; x_wconf 90' lang='lat' dir='ltr'><strong>concilia</strong></span> 
     </span>
    </p>
   </div>
   <div class='ocr_carea' id='block_1_13' title="bbox 430 1225 2084 1303">
    <p class='ocr_par' dir='ltr' id='par_1_13' title="bbox 430 1225 2084 1303">
     <span class='ocr_line' id='line_1_13' title="bbox 430 1225 2084 1303; baseline -0.004 -15"><span class='ocrx_word' id='word_1_80' title='bbox 430 1247 531 1303; x_wconf 92' lang='lat' dir='ltr'><strong>per</strong></span> <span class='ocrx_word' id='word_1_81' title='bbox 568 1232 776 1301; x_wconf 89' lang='lat' dir='ltr'><strong>criptas</strong></span> <span class='ocrx_word' id='word_1_82' title='bbox 804 1237 1123 1303; x_wconf 71' lang='lat' dir='ltr'><strong>martyrum.</strong></span> <span class='ocrx_word' id='word_1_83' title='bbox 1166 1231 1389 1284; x_wconf 90' lang='lat' dir='ltr'><strong>Factum</strong></span> <span class='ocrx_word' id='word_1_84' title='bbox 1441 1232 1525 1283; x_wconf 91' lang='lat' dir='ltr'><strong>est</strong></span> <span class='ocrx_word' id='word_1_85' title='bbox 1570 1232 1773 1293; x_wconf 91' lang='lat' dir='ltr'><strong>autem,</strong></span> <span class='ocrx_word' id='word_1_86' title='bbox 1821 1231 1882 1281; x_wconf 92' lang='lat' dir='ltr'><strong>ut</strong></span> <span class='ocrx_word' id='word_1_87' title='bbox 1928 1225 2084 1281; x_wconf 89' lang='lat' dir='ltr'><strong>Vale-</strong></span> 
     </span>
    </p>
   </div>
   <div class='ocr_carea' id='block_1_14' title="bbox 425 1314 2079 1388">
    <p class='ocr_par' dir='ltr' id='par_1_14' title="bbox 425 1314 2079 1388">
     <span class='ocr_line' id='line_1_14' title="bbox 425 1314 2079 1388; baseline -0.006 -11"><span class='ocrx_word' id='word_1_88' title='bbox 425 1323 614 1377; x_wconf 90' lang='lat' dir='ltr'><strong>rianus</strong></span> <span class='ocrx_word' id='word_1_89' title='bbox 651 1326 708 1376; x_wconf 93' lang='lat' dir='ltr'><strong>et</strong></span> <span class='ocrx_word' id='word_1_90' title='bbox 743 1319 1075 1385; x_wconf 91' lang='lat' dir='ltr'><strong>Galleianus,</strong></span> <span class='ocrx_word' id='word_1_91' title='bbox 1137 1322 1524 1388; x_wconf 86' lang='lat' dir='ltr'><strong>persecutores</strong></span> <span class='ocrx_word' id='word_1_92' title='bbox 1577 1315 1816 1370; x_wconf 87' lang='lat' dir='ltr'><strong>nominis</strong></span> <span class='ocrx_word' id='word_1_93' title='bbox 1853 1314 2079 1379; x_wconf 84' lang='lat' dir='ltr'><strong>Christi,</strong></span> 
     </span>
    </p>
   </div>
   <div class='ocr_carea' id='block_1_15' title="bbox 426 1403 2080 1479">
    <p class='ocr_par' dir='ltr' id='par_1_15' title="bbox 426 1403 2080 1479">
     <span class='ocr_line' id='line_1_15' title="bbox 426 1403 2080 1479; baseline -0.006 -12"><span class='ocrx_word' id='word_1_94' title='bbox 426 1423 640 1467; x_wconf 88' lang='lat' dir='ltr'><strong>summo</strong></span> <span class='ocrx_word' id='word_1_95' title='bbox 671 1409 1009 1479; x_wconf 89' lang='lat' dir='ltr'><strong>requirirent</strong></span> <span class='ocrx_word' id='word_1_96' title='bbox 1037 1407 1221 1463; x_wconf 90' lang='lat' dir='ltr'><strong>studio</strong></span> <span class='ocrx_word' id='word_1_97' title='bbox 1260 1408 1477 1463; x_wconf 88' lang='lat' dir='ltr'><strong>beatum</strong></span> <span class='ocrx_word' id='word_1_98' title='bbox 1519 1403 1818 1470; x_wconf 89' lang='lat' dir='ltr'><strong>Stefanum,</strong></span> <span class='ocrx_word' id='word_1_99' title='bbox 1862 1408 1921 1458; x_wconf 91' lang='lat' dir='ltr'><strong>ut</strong></span> <span class='ocrx_word' id='word_1_100' title='bbox 1958 1415 2080 1458; x_wconf 91' lang='lat' dir='ltr'><strong>eum</strong></span> 
     </span>
    </p>
   </div>
   <div class='ocr_carea' id='block_1_16' title="bbox 424 1493 2083 1568">
    <p class='ocr_par' dir='ltr' id='par_1_16' title="bbox 424 1493 2083 1568">
     <span class='ocr_line' id='line_1_16' title="bbox 424 1493 2083 1568; baseline -0.005 -12"><span class='ocrx_word' id='word_1_101' title='bbox 424 1501 510 1556; x_wconf 85' lang='lat' dir='ltr'><strong>vel</strong></span> <span class='ocrx_word' id='word_1_102' title='bbox 552 1500 789 1557; x_wconf 90' lang='lat' dir='ltr'><strong>clericos</strong></span> <span class='ocrx_word' id='word_1_103' title='bbox 827 1500 947 1568; x_wconf 83' lang='lat' dir='ltr'><strong>ejus</strong></span> <span class='ocrx_word' id='word_1_104' title='bbox 984 1497 1217 1554; x_wconf 89' lang='lat' dir='ltr'><strong>diversis</strong></span> <span class='ocrx_word' id='word_1_105' title='bbox 1260 1497 1418 1566; x_wconf 86' lang='lat' dir='ltr'><strong>penis</strong></span> <span class='ocrx_word' id='word_1_106' title='bbox 1458 1493 1749 1551; x_wconf 86' lang='lat' dir='ltr'><strong>afﬁcirent.</strong></span> <span class='ocrx_word' id='word_1_107' title='bbox 1790 1494 2083 1549; x_wconf 80' lang='lat' dir='ltr'><strong>Misserunt</strong></span> 
     </span>
    </p>
   </div>
   <div class='ocr_carea' id='block_1_17' title="bbox 423 1584 2082 1661">
    <p class='ocr_par' dir='ltr' id='par_1_17' title="bbox 423 1584 2082 1661">
     <span class='ocr_line' id='line_1_17' title="bbox 423 1584 2082 1661; baseline -0.005 -17"><span class='ocrx_word' id='word_1_108' title='bbox 423 1590 611 1660; x_wconf 88' lang='lat' dir='ltr'><strong>itaque</strong></span> <span class='ocrx_word' id='word_1_109' title='bbox 679 1587 1031 1643; x_wconf 89' lang='lat' dir='ltr'><strong>multitudine</strong></span> <span class='ocrx_word' id='word_1_110' title='bbox 1097 1584 1352 1651; x_wconf 89' lang='lat' dir='ltr'><strong>militum,</strong></span> <span class='ocrx_word' id='word_1_111' title='bbox 1432 1589 1486 1639; x_wconf 91' lang='lat' dir='ltr'><strong>et</strong></span> <span class='ocrx_word' id='word_1_112' title='bbox 1576 1587 1874 1661; x_wconf 87' lang='lat' dir='ltr'><strong>tenuerunt</strong></span> <span class='ocrx_word' id='word_1_113' title='bbox 1957 1594 2082 1645; x_wconf 88' lang='lat' dir='ltr'><strong>eum</strong></span> 
     </span>
    </p>
   </div>
   <div class='ocr_carea' id='block_1_18' title="bbox 426 1671 2083 1743">
    <p class='ocr_par' dir='ltr' id='par_1_18' title="bbox 426 1671 2083 1743">
     <span class='ocr_line' id='line_1_18' title="bbox 426 1671 2083 1743; baseline -0.006 -9"><span class='ocrx_word' id='word_1_114' title='bbox 426 1693 550 1735; x_wconf 90' lang='lat' dir='ltr'><strong>cum</strong></span> <span class='ocrx_word' id='word_1_115' title='bbox 581 1677 988 1733; x_wconf 88' lang='lat' dir='ltr'><strong>multitudinem</strong></span> <span class='ocrx_word' id='word_1_116' title='bbox 1027 1675 1353 1730; x_wconf 90' lang='lat' dir='ltr'><strong>clericorum</strong></span> <span class='ocrx_word' id='word_1_117' title='bbox 1396 1673 1829 1743; x_wconf 86' lang='lat' dir='ltr'><strong>presbiterorum</strong></span> <span class='ocrx_word' id='word_1_118' title='bbox 1871 1678 1926 1728; x_wconf 91' lang='lat' dir='ltr'><strong>et</strong></span> <span class='ocrx_word' id='word_1_119' title='bbox 1966 1671 2083 1728; x_wconf 85' lang='lat' dir='ltr'><strong>dia-</strong></span> 
     </span>
    </p>
   </div>
   <div class='ocr_carea' id='block_1_19' title="bbox 2163 508 3795 584">
    <p class='ocr_par' dir='ltr' id='par_1_19' title="bbox 2163 508 3795 584">
     <span class='ocr_line' id='line_1_19' title="bbox 2163 508 3795 584; baseline 0.005 -24"><span class='ocrx_word' id='word_1_120' title='bbox 2163 512 2288 561; x_wconf 88' lang='lat' dir='ltr'><strong>xtus</strong></span> <span class='ocrx_word' id='word_1_121' title='bbox 2325 508 2620 578; x_wconf 90' lang='lat' dir='ltr'><strong>episcopus</strong></span> <span class='ocrx_word' id='word_1_122' title='bbox 2649 508 2703 563; x_wconf 92' lang='lat' dir='ltr'><strong>in</strong></span> <span class='ocrx_word' id='word_1_123' title='bbox 2734 510 2965 566; x_wconf 90' lang='lat' dir='ltr'><strong>Domino</strong></span> <span class='ocrx_word' id='word_1_124' title='bbox 3003 508 3253 566; x_wconf 88' lang='lat' dir='ltr'><strong>salutem.</strong></span> <span class='ocrx_word' id='word_1_125' title='bbox 3292 529 3321 563; x_wconf 89' lang='lat'>»</span> <span class='ocrx_word' id='word_1_126' title='bbox 3353 517 3409 567; x_wconf 90' lang='lat' dir='ltr'><strong>et</strong></span> <span class='ocrx_word' id='word_1_127' title='bbox 3437 511 3647 581; x_wconf 89' lang='lat' dir='ltr'><strong>reliqua</strong></span> <span class='ocrx_word' id='word_1_128' title='bbox 3688 511 3795 584; x_wconf 91' lang='lat' dir='ltr'><strong>(ep.</strong></span> 
     </span>
    </p>
   </div>
   <div class='ocr_carea' id='block_1_20' title="bbox 2162 594 3799 671">
    <p class='ocr_par' dir='ltr' id='par_1_20' title="bbox 2162 594 3799 671">
     <span class='ocr_line' id='line_1_20' title="bbox 2162 594 3799 671; baseline 0.006 -23"><span class='ocrx_word' id='word_1_129' title='bbox 2162 594 2219 662; x_wconf 86' lang='lat'><strong>5,</strong></span> <span class='ocrx_word' id='word_1_130' title='bbox 2259 611 2315 666; x_wconf 93' lang='lat' dir='ltr'><strong>p.</strong></span> <span class='ocrx_word' id='word_1_131' title='bbox 2362 595 2517 668; x_wconf 91' lang='lat'><strong>181);</strong></span> <span class='ocrx_word' id='word_1_132' title='bbox 2550 596 2677 653; x_wconf 86' lang='lat' dir='ltr'><strong>data</strong></span> <span class='ocrx_word' id='word_1_133' title='bbox 2713 598 2796 654; x_wconf 87' lang='lat' dir='ltr'><strong>l7.</strong></span> <span class='ocrx_word' id='word_1_134' title='bbox 2830 598 3192 654; x_wconf 87' lang='lat' dir='ltr'><strong>Kalendarum</strong></span> <span class='ocrx_word' id='word_1_135' title='bbox 3232 601 3483 671; x_wconf 81' lang='lat' dir='ltr'><strong>Augusti,</strong></span> <span class='ocrx_word' id='word_1_136' title='bbox 3524 601 3799 658; x_wconf 84' lang='lat' dir='ltr'><strong>Valeriano</strong></span> 
     </span>
    </p>
   </div>
   <div class='ocr_carea' id='block_1_21' title="bbox 2165 687 3800 761">
    <p class='ocr_par' dir='ltr' id='par_1_21' title="bbox 2165 687 3800 761">
     <span class='ocr_line' id='line_1_21' title="bbox 2165 687 3800 761; baseline 0.004 -20"><span class='ocrx_word' id='word_1_137' title='bbox 2165 694 2220 741; x_wconf 87' lang='lat' dir='ltr'><strong>et</strong></span> <span class='ocrx_word' id='word_1_138' title='bbox 2248 687 2413 742; x_wconf 91' lang='lat' dir='ltr'><strong>Decio</strong></span> <span class='ocrx_word' id='word_1_139' title='bbox 2468 687 2601 743; x_wconf 91' lang='lat' dir='ltr'><strong>viris</strong></span> <span class='ocrx_word' id='word_1_140' title='bbox 2647 688 2965 744; x_wconf 89' lang='lat' dir='ltr'><strong>clarissimis</strong></span> <span class='ocrx_word' id='word_1_141' title='bbox 2994 690 3333 746; x_wconf 89' lang='lat' dir='ltr'><strong>consulibus.</strong></span> <span class='ocrx_word' id='word_1_142' title='bbox 3378 692 3497 760; x_wconf 85' lang='lat' dir='ltr'><strong>(An.</strong></span> <span class='ocrx_word' id='word_1_143' title='bbox 3537 692 3720 761; x_wconf 77' lang='lat' dir='ltr'><strong>Mart.)</strong></span> <span class='ocrx_word' id='word_1_144' title='bbox 3746 694 3800 748; x_wconf 91' lang='lat' dir='ltr'><strong>1n</strong></span> 
     </span>
    </p>
   </div>
   <div class='ocr_carea' id='block_1_22' title="bbox 2165 776 3806 849">
    <p class='ocr_par' dir='ltr' id='par_1_22' title="bbox 2165 776 3806 849">
     <span class='ocr_line' id='line_1_22' title="bbox 2165 776 3806 849; baseline 0.004 -19"><span class='ocrx_word' id='word_1_145' title='bbox 2165 776 2543 848; x_wconf 86' lang='lat' dir='ltr'><strong>martirologio</strong></span> <span class='ocrx_word' id='word_1_146' title='bbox 2597 778 2714 833; x_wconf 92' lang='lat' dir='ltr'><strong>sic:</strong></span> <span class='ocrx_word' id='word_1_147' title='bbox 2786 780 2983 834; x_wconf 90' lang='lat' dir='ltr'><strong>Decius</strong></span> <span class='ocrx_word' id='word_1_148' title='bbox 3046 780 3348 849; x_wconf 87' lang='lat' dir='ltr'><strong>imperator</strong></span> <span class='ocrx_word' id='word_1_149' title='bbox 3385 786 3441 836; x_wconf 90' lang='lat' dir='ltr'><strong>et</strong></span> <span class='ocrx_word' id='word_1_150' title='bbox 3496 780 3806 837; x_wconf 81' lang='lat' dir='ltr'><strong>Valerianus</strong></span> 
     </span>
    </p>
   </div>
   <div class='ocr_carea' id='block_1_23' title="bbox 2165 863 3806 940">
    <p class='ocr_par' dir='ltr' id='par_1_23' title="bbox 2165 863 3806 940">
     <span class='ocr_line' id='line_1_23' title="bbox 2165 863 3806 940; baseline 0.004 -21"><span class='ocrx_word' id='word_1_151' title='bbox 2165 863 2444 933; x_wconf 89' lang='lat' dir='ltr'><strong>prefectus</strong></span> <span class='ocrx_word' id='word_1_152' title='bbox 2492 872 2788 922; x_wconf 89' lang='lat' dir='ltr'><strong>tenuerunt</strong></span> <span class='ocrx_word' id='word_1_153' title='bbox 2826 868 3211 924; x_wconf 83' lang='lat' dir='ltr'><strong>beatissimum</strong></span> <span class='ocrx_word' id='word_1_154' title='bbox 3236 883 3425 925; x_wconf 91' lang='lat' dir='ltr'><strong>senem</strong></span> <span class='ocrx_word' id='word_1_155' title='bbox 3456 869 3663 925; x_wconf 84' lang='lat' dir='ltr'><strong>Sixtum</strong></span> <span class='ocrx_word' id='word_1_156' title='bbox 3704 872 3806 940; x_wconf 86' lang='lat' dir='ltr'><strong>epi-</strong></span> 
     </span>
    </p>
   </div>
   <div class='ocr_carea' id='block_1_24' title="bbox 2164 955 3808 1025">
    <p class='ocr_par' dir='ltr' id='par_1_24' title="bbox 2164 955 3808 1025">
     <span class='ocr_line' id='line_1_24' title="bbox 2164 955 3808 1025; baseline 0.004 -17"><span class='ocrx_word' id='word_1_157' title='bbox 2164 967 2391 1023; x_wconf 89' lang='lat' dir='ltr'><strong>scopum</strong></span> <span class='ocrx_word' id='word_1_158' title='bbox 2436 955 2738 1011; x_wconf 81' lang='lat' dir='ltr'><strong>Romanum</strong></span> <span class='ocrx_word' id='word_1_159' title='bbox 2785 971 2909 1012; x_wconf 92' lang='lat' dir='ltr'><strong>cum</strong></span> <span class='ocrx_word' id='word_1_160' title='bbox 2957 958 3105 1012; x_wconf 92' lang='lat' dir='ltr'><strong>omni</strong></span> <span class='ocrx_word' id='word_1_161' title='bbox 3153 957 3303 1014; x_wconf 91' lang='lat' dir='ltr'><strong>clero</strong></span> <span class='ocrx_word' id='word_1_162' title='bbox 3341 971 3462 1025; x_wconf 91' lang='lat' dir='ltr'><strong>suo,</strong></span> <span class='ocrx_word' id='word_1_163' title='bbox 3497 965 3551 1014; x_wconf 91' lang='lat' dir='ltr'><strong>et</strong></span> <span class='ocrx_word' id='word_1_164' title='bbox 3580 959 3808 1015; x_wconf 87' lang='lat' dir='ltr'><strong>recluse-</strong></span> 
     </span>
    </p>
   </div>
   <div class='ocr_carea' id='block_1_25' title="bbox 2166 1044 3805 1116">
    <p class='ocr_par' dir='ltr' id='par_1_25' title="bbox 2166 1044 3805 1116">
     <span class='ocr_line' id='line_1_25' title="bbox 2166 1044 3805 1116; baseline 0.004 -18"><span class='ocrx_word' id='word_1_165' title='bbox 2166 1048 2296 1098; x_wconf 92' lang='lat' dir='ltr'><strong>runt</strong></span> <span class='ocrx_word' id='word_1_166' title='bbox 2324 1057 2423 1100; x_wconf 91' lang='lat' dir='ltr'><strong>eos</strong></span> <span class='ocrx_word' id='word_1_167' title='bbox 2468 1044 2525 1099; x_wconf 88' lang='lat' dir='ltr'><strong>in</strong></span> <span class='ocrx_word' id='word_1_168' title='bbox 2568 1045 2820 1101; x_wconf 90' lang='lat' dir='ltr'><strong>custodia</strong></span> <span class='ocrx_word' id='word_1_169' title='bbox 2868 1046 3108 1116; x_wconf 89' lang='lat' dir='ltr'><strong>publica,</strong></span> <span class='ocrx_word' id='word_1_170' title='bbox 3159 1054 3214 1102; x_wconf 92' lang='lat' dir='ltr'><strong>et</strong></span> <span class='ocrx_word' id='word_1_171' title='bbox 3251 1046 3473 1104; x_wconf 88' lang='lat' dir='ltr'><strong>fuerunt</strong></span> <span class='ocrx_word' id='word_1_172' title='bbox 3529 1049 3606 1104; x_wconf 89' lang='lat' dir='ltr'><strong>ibi</strong></span> <span class='ocrx_word' id='word_1_173' title='bbox 3644 1048 3805 1104; x_wconf 84' lang='lat' dir='ltr'><strong>clausi</strong></span> 
     </span>
    </p>
   </div>
   <div class='ocr_carea' id='block_1_26' title="bbox 2165 1131 3811 1205">
    <p class='ocr_par' dir='ltr' id='par_1_26' title="bbox 2165 1131 3811 1205">
     <span class='ocr_line' id='line_1_26' title="bbox 2165 1131 3811 1205; baseline 0.004 -19"><span class='ocrx_word' id='word_1_174' title='bbox 2165 1131 2353 1187; x_wconf 90' lang='lat' dir='ltr'><strong>multis</strong></span> <span class='ocrx_word' id='word_1_175' title='bbox 2389 1132 2604 1189; x_wconf 89' lang='lat' dir='ltr'><strong>diebus.</strong></span> <span class='ocrx_word' id='word_1_176' title='bbox 2646 1136 2867 1190; x_wconf 89' lang='lat' dir='ltr'><strong>Factum</strong></span> <span class='ocrx_word' id='word_1_177' title='bbox 2898 1140 2983 1191; x_wconf 92' lang='lat' dir='ltr'><strong>est</strong></span> <span class='ocrx_word' id='word_1_178' title='bbox 3019 1142 3198 1192; x_wconf 90' lang='lat' dir='ltr'><strong>autem</strong></span> <span class='ocrx_word' id='word_1_179' title='bbox 3238 1137 3337 1205; x_wconf 88' lang='lat' dir='ltr'><strong>ibi,</strong></span> <span class='ocrx_word' id='word_1_180' title='bbox 3379 1141 3440 1193; x_wconf 92' lang='lat' dir='ltr'><strong>ut</strong></span> <span class='ocrx_word' id='word_1_181' title='bbox 3468 1138 3666 1194; x_wconf 87' lang='lat' dir='ltr'><strong>Decius</strong></span> <span class='ocrx_word' id='word_1_182' title='bbox 3703 1152 3811 1193; x_wconf 89' lang='lat' dir='ltr'><strong>ces-</strong></span> 
     </span>
    </p>
   </div>
   <div class='ocr_carea' id='block_1_27' title="bbox 2165 1222 3806 1295">
    <p class='ocr_par' dir='ltr' id='par_1_27' title="bbox 2165 1222 3806 1295">
     <span class='ocr_line' id='line_1_27' title="bbox 2165 1222 3806 1295; baseline 0.002 -19"><span class='ocrx_word' id='word_1_183' title='bbox 2165 1235 2255 1276; x_wconf 91' lang='lat' dir='ltr'><strong>sar</strong></span> <span class='ocrx_word' id='word_1_184' title='bbox 2317 1226 2374 1277; x_wconf 88' lang='lat' dir='ltr'><strong>et</strong></span> <span class='ocrx_word' id='word_1_185' title='bbox 2440 1222 2755 1279; x_wconf 88' lang='lat' dir='ltr'><strong>Valerianus</strong></span> <span class='ocrx_word' id='word_1_186' title='bbox 2819 1222 3097 1294; x_wconf 86' lang='lat' dir='ltr'><strong>profectus</strong></span> <span class='ocrx_word' id='word_1_187' title='bbox 3154 1225 3415 1295; x_wconf 87' lang='lat' dir='ltr'><strong>juberent</strong></span> <span class='ocrx_word' id='word_1_188' title='bbox 3451 1225 3556 1281; x_wconf 92' lang='lat' dir='ltr'><strong>sibi</strong></span> <span class='ocrx_word' id='word_1_189' title='bbox 3597 1227 3806 1282; x_wconf 91' lang='lat' dir='ltr'><strong>beatum</strong></span> 
     </span>
    </p>
   </div>
   <div class='ocr_carea' id='block_1_28' title="bbox 2165 1311 3806 1385">
    <p class='ocr_par' dir='ltr' id='par_1_28' title="bbox 2165 1311 3806 1385">
     <span class='ocr_line' id='line_1_28' title="bbox 2165 1311 3806 1385; baseline 0.004 -20"><span class='ocrx_word' id='word_1_190' title='bbox 2165 1311 2372 1366; x_wconf 83' lang='lat' dir='ltr'><strong>Sixtum</strong></span> <span class='ocrx_word' id='word_1_191' title='bbox 2412 1313 2731 1382; x_wconf 89' lang='lat' dir='ltr'><strong>episcopum</strong></span> <span class='ocrx_word' id='word_1_192' title='bbox 2771 1328 2894 1369; x_wconf 89' lang='lat' dir='ltr'><strong>cum</strong></span> <span class='ocrx_word' id='word_1_193' title='bbox 2944 1314 3095 1370; x_wconf 92' lang='lat' dir='ltr'><strong>clero</strong></span> <span class='ocrx_word' id='word_1_194' title='bbox 3148 1329 3248 1371; x_wconf 93' lang='lat' dir='ltr'><strong>suo</strong></span> <span class='ocrx_word' id='word_1_195' title='bbox 3298 1316 3606 1385; x_wconf 89' lang='lat' dir='ltr'><strong>presentari</strong></span> <span class='ocrx_word' id='word_1_196' title='bbox 3645 1324 3806 1372; x_wconf 85' lang='lat' dir='ltr'><strong>noctu</strong></span> 
     </span>
    </p>
   </div>
   <div class='ocr_carea' id='block_1_29' title="bbox 2165 1399 3806 1461">
    <p class='ocr_par' dir='ltr' id='par_1_29' title="bbox 2165 1399 3806 1461">
     <span class='ocr_line' id='line_1_29' title="bbox 2165 1399 3806 1461; baseline 0.005 -8"><span class='ocrx_word' id='word_1_197' title='bbox 2165 1399 2309 1455; x_wconf 89' lang='lat' dir='ltr'><strong>intra</strong></span> <span class='ocrx_word' id='word_1_198' title='bbox 2345 1401 2621 1458; x_wconf 90' lang='lat' dir='ltr'><strong>civitatem</strong></span> <span class='ocrx_word' id='word_1_199' title='bbox 2669 1403 2726 1457; x_wconf 89' lang='lat' dir='ltr'><strong>in</strong></span> <span class='ocrx_word' id='word_1_200' title='bbox 2765 1403 3012 1459; x_wconf 90' lang='lat' dir='ltr'><strong>Tellude.</strong></span> <span class='ocrx_word' id='word_1_201' title='bbox 3054 1405 3153 1460; x_wconf 90' lang='lat' dir='ltr'><strong>Cui</strong></span> <span class='ocrx_word' id='word_1_202' title='bbox 3196 1406 3394 1461; x_wconf 90' lang='lat' dir='ltr'><strong>Decius</strong></span> <span class='ocrx_word' id='word_1_203' title='bbox 3440 1420 3598 1461; x_wconf 88' lang='lat' dir='ltr'><strong>cesar</strong></span> <span class='ocrx_word' id='word_1_204' title='bbox 3633 1405 3806 1461; x_wconf 83' lang='lat' dir='ltr'><strong>dixit:</strong></span> 
     </span>
    </p>
   </div>
   <div class='ocr_carea' id='block_1_30' title="bbox 2168 1489 3808 1565">
    <p class='ocr_par' dir='ltr' id='par_1_30' title="bbox 2168 1489 3808 1565">
     <span class='ocr_line' id='line_1_30' title="bbox 2168 1489 3808 1565; baseline 0.006 -24"><span class='ocrx_word' id='word_1_205' title='bbox 2168 1489 2342 1544; x_wconf 86' lang='lat' dir='ltr'><strong>«Scis</strong></span> <span class='ocrx_word' id='word_1_206' title='bbox 2371 1504 2470 1545; x_wconf 91' lang='lat' dir='ltr'><strong>cur</strong></span> <span class='ocrx_word' id='word_1_207' title='bbox 2499 1497 2687 1547; x_wconf 91' lang='lat' dir='ltr'><strong>tentus</strong></span> <span class='ocrx_word' id='word_1_208' title='bbox 2733 1492 2790 1547; x_wconf 92' lang='lat' dir='ltr'><strong>in</strong></span> <span class='ocrx_word' id='word_1_209' title='bbox 2840 1493 3206 1549; x_wconf 87' lang='lat' dir='ltr'><strong>conventione</strong></span> <span class='ocrx_word' id='word_1_210' title='bbox 3238 1495 3458 1564; x_wconf 81' lang='lat' dir='ltr'><strong>publica</strong></span> <span class='ocrx_word' id='word_1_211' title='bbox 3487 1495 3651 1551; x_wconf 92' lang='lat' dir='ltr'><strong>nobis</strong></span> <span class='ocrx_word' id='word_1_212' title='bbox 3693 1510 3808 1565; x_wconf 88' lang='lat' dir='ltr'><strong>pre-</strong></span> 
     </span>
    </p>
   </div>
   <div class='ocr_carea' id='block_1_31' title="bbox 2165 1581 3809 1651">
    <p class='ocr_par' dir='ltr' id='par_1_31' title="bbox 2165 1581 3809 1651">
     <span class='ocr_line' id='line_1_31' title="bbox 2165 1581 3809 1651; baseline 0.005 -19"><span class='ocrx_word' id='word_1_213' title='bbox 2165 1584 2414 1635; x_wconf 87' lang='lat' dir='ltr'><strong>sentatus</strong></span> <span class='ocrx_word' id='word_1_214' title='bbox 2462 1587 2561 1635; x_wconf 84' lang='lat' dir='ltr'><strong>es?</strong></span> <span class='ocrx_word' id='word_1_215' title='bbox 2600 1598 2629 1632; x_wconf 89' lang='lat'>»</span> <span class='ocrx_word' id='word_1_216' title='bbox 2670 1581 2978 1651; x_wconf 84' lang='lat' dir='ltr'><strong>Respondit</strong></span> <span class='ocrx_word' id='word_1_217' title='bbox 3009 1583 3202 1639; x_wconf 88' lang='lat' dir='ltr'><strong>beatus</strong></span> <span class='ocrx_word' id='word_1_218' title='bbox 3240 1584 3457 1639; x_wconf 87' lang='lat' dir='ltr'><strong>Sixtus:</strong></span> <span class='ocrx_word' id='word_1_219' title='bbox 3514 1603 3541 1636; x_wconf 81' lang='grc'><strong>‹‹</strong></span> <span class='ocrx_word' id='word_1_220' title='bbox 3581 1586 3711 1640; x_wconf 91' lang='lat' dir='ltr'><strong>Scio</strong></span> <span class='ocrx_word' id='word_1_221' title='bbox 3762 1591 3809 1640; x_wconf 90' lang='lat' dir='ltr'><strong>et</strong></span> 
     </span>
    </p>
   </div>
   <div class='ocr_carea' id='block_1_32' title="bbox 2166 1666 3808 1742">
    <p class='ocr_par' dir='ltr' id='par_1_32' title="bbox 2166 1666 3808 1742">
     <span class='ocr_line' id='line_1_32' title="bbox 2166 1666 3808 1742; baseline 0.005 -21"><span class='ocrx_word' id='word_1_222' title='bbox 2166 1666 2306 1723; x_wconf 91' lang='lat' dir='ltr'><strong>bene</strong></span> <span class='ocrx_word' id='word_1_223' title='bbox 2344 1669 2481 1724; x_wconf 92' lang='lat' dir='ltr'><strong>scio.</strong></span> <span class='ocrx_word' id='word_1_224' title='bbox 2518 1688 2546 1718; x_wconf 84' lang='lat'><strong>»</strong></span> <span class='ocrx_word' id='word_1_225' title='bbox 2577 1670 2776 1725; x_wconf 84' lang='lat' dir='ltr'><strong>Decius</strong></span> <span class='ocrx_word' id='word_1_226' title='bbox 2805 1670 2979 1726; x_wconf 85' lang='lat' dir='ltr'><strong>dixit:</strong></span> <span class='ocrx_word' id='word_1_227' title='bbox 3015 1689 3043 1722; x_wconf 86' lang='lat'>«</span> <span class='ocrx_word' id='word_1_228' title='bbox 3071 1673 3214 1742; x_wconf 85' lang='lat' dir='ltr'><strong>Ergo</strong></span> <span class='ocrx_word' id='word_1_229' title='bbox 3244 1672 3291 1728; x_wconf 92' lang='lat' dir='ltr'><strong>si</strong></span> <span class='ocrx_word' id='word_1_230' title='bbox 3319 1673 3449 1739; x_wconf 91' lang='lat' dir='ltr'><strong>scis,</strong></span> <span class='ocrx_word' id='word_1_231' title='bbox 3482 1671 3567 1730; x_wconf 91' lang='lat' dir='ltr'><strong>fac</strong></span> <span class='ocrx_word' id='word_1_232' title='bbox 3597 1680 3657 1729; x_wconf 93' lang='lat' dir='ltr'><strong>ut</strong></span> <span class='ocrx_word' id='word_1_233' title='bbox 3694 1675 3808 1729; x_wconf 89' lang='lat' dir='ltr'><strong>uui-</strong></span> 
     </span>
    </p>
   </div>
   <div class='ocr_carea' id='block_1_33' title="bbox 319 3813 2078 3871">
    <p class='ocr_par' dir='ltr' id='par_1_33' title="bbox 319 3813 2078 3871">
     <span class='ocr_line' id='line_1_33' title="bbox 319 3813 2078 3871; baseline 0 -2"><span class='ocrx_word' id='word_1_234' title='bbox 319 3865 323 3869; x_wconf 80' lang='lat'><strong>.</strong></span> <span class='ocrx_word' id='word_1_235' title='bbox 424 3815 567 3871; x_wconf 88' lang='lat' dir='ltr'><strong>rexit</strong></span> <span class='ocrx_word' id='word_1_236' title='bbox 596 3829 719 3870; x_wconf 91' lang='lat' dir='ltr'><strong>cum</strong></span> <span class='ocrx_word' id='word_1_237' title='bbox 758 3813 1016 3870; x_wconf 91' lang='lat' dir='ltr'><strong>omnibus</strong></span> <span class='ocrx_word' id='word_1_238' title='bbox 1070 3813 1399 3869; x_wconf 87' lang='lat' dir='ltr'><strong>Christianis</strong></span> <span class='ocrx_word' id='word_1_239' title='bbox 1458 3814 1525 3869; x_wconf 91' lang='lat' dir='ltr'><strong>ad</strong></span> <span class='ocrx_word' id='word_1_240' title='bbox 1567 3813 1895 3870; x_wconf 91' lang='lat' dir='ltr'><strong>cimiterium</strong></span> <span class='ocrx_word' id='word_1_241' title='bbox 1953 3827 2078 3869; x_wconf 91' lang='lat' dir='ltr'><strong>san-</strong></span> 
     </span>
    </p>
   </div>
   <div class='ocr_carea' id='block_1_34' title="bbox 426 1757 3806 1835">
    <p class='ocr_par' dir='ltr' id='par_1_34' title="bbox 426 1757 3806 1835">
     <span class='ocr_line' id='line_1_34' title="bbox 426 1757 3806 1835; baseline -0.001 -15"><span class='ocrx_word' id='word_1_242' title='bbox 426 1780 731 1832; x_wconf 89' lang='lat' dir='ltr'><strong>conorum;</strong></span> <span class='ocrx_word' id='word_1_243' title='bbox 793 1765 889 1835; x_wconf 90' lang='lat' dir='ltr'><strong>qui</strong></span> <span class='ocrx_word' id='word_1_244' title='bbox 934 1765 1160 1820; x_wconf 91' lang='lat' dir='ltr'><strong>veniens</strong></span> <span class='ocrx_word' id='word_1_245' title='bbox 1209 1763 1277 1819; x_wconf 91' lang='lat' dir='ltr'><strong>ad</strong></span> <span class='ocrx_word' id='word_1_246' title='bbox 1317 1762 1556 1818; x_wconf 89' lang='lat' dir='ltr'><strong>tribunal</strong></span> <span class='ocrx_word' id='word_1_247' title='bbox 1595 1762 1889 1829; x_wconf 87' lang='lat' dir='ltr'><strong>Valeriani,</strong></span> <span class='ocrx_word' id='word_1_248' title='bbox 1920 1760 2136 1826; x_wconf 83' lang='lat' dir='ltr'><strong>solusB</strong></span> <span class='ocrx_word' id='word_1_249' title='bbox 2163 1757 2306 1812; x_wconf 89' lang='lat' dir='ltr'><strong>versi</strong></span> <span class='ocrx_word' id='word_1_250' title='bbox 2342 1758 2538 1823; x_wconf 87' lang='lat' dir='ltr'><strong>sciant,</strong></span> <span class='ocrx_word' id='word_1_251' title='bbox 2581 1766 2636 1813; x_wconf 88' lang='lat' dir='ltr'><strong>et</strong></span> <span class='ocrx_word' id='word_1_252' title='bbox 2674 1765 2733 1815; x_wconf 91' lang='lat' dir='ltr'><strong>tu</strong></span> <span class='ocrx_word' id='word_1_253' title='bbox 2771 1761 2925 1815; x_wconf 83' lang='lat' dir='ltr'><strong>vivas</strong></span> <span class='ocrx_word' id='word_1_254' title='bbox 2963 1766 3018 1816; x_wconf 91' lang='lat' dir='ltr'><strong>et</strong></span> <span class='ocrx_word' id='word_1_255' title='bbox 3073 1761 3256 1817; x_wconf 93' lang='lat' dir='ltr'><strong>clerus</strong></span> <span class='ocrx_word' id='word_1_256' title='bbox 3292 1769 3420 1818; x_wconf 90' lang='lat' dir='ltr'><strong>tuus</strong></span> <span class='ocrx_word' id='word_1_257' title='bbox 3455 1771 3743 1832; x_wconf 78' lang='lat' dir='ltr'><strong>augeatur.</strong></span> <span class='ocrx_word' id='word_1_258' title='bbox 3782 1780 3806 1817; x_wconf 70' lang='grc' dir='ltr'><strong>υ</strong></span> 
     </span>
    </p>
   </div>
   <div class='ocr_carea' id='block_1_35' title="bbox 422 1846 3809 1921">
    <p class='ocr_par' dir='ltr' id='par_1_35' title="bbox 422 1846 3809 1921">
     <span class='ocr_line' id='line_1_35' title="bbox 422 1846 3809 1921; baseline -0.001 -10"><span class='ocrx_word' id='word_1_259' title='bbox 422 1856 692 1921; x_wconf 90' lang='lat' dir='ltr'><strong>introvit;</strong></span> <span class='ocrx_word' id='word_1_260' title='bbox 743 1855 833 1910; x_wconf 90' lang='lat' dir='ltr'><strong>cui</strong></span> <span class='ocrx_word' id='word_1_261' title='bbox 871 1853 1194 1909; x_wconf 87' lang='lat' dir='ltr'><strong>Valerianus</strong></span> <span class='ocrx_word' id='word_1_262' title='bbox 1221 1853 1335 1907; x_wconf 89' lang='lat' dir='ltr'><strong>ait:</strong></span> <span class='ocrx_word' id='word_1_263' title='bbox 1382 1872 1408 1903; x_wconf 79' lang='grc' dir='ltr'><strong>(ι</strong></span> <span class='ocrx_word' id='word_1_264' title='bbox 1451 1854 1529 1906; x_wconf 90' lang='lat' dir='ltr'><strong>Tu</strong></span> <span class='ocrx_word' id='word_1_265' title='bbox 1568 1866 1627 1907; x_wconf 90' lang='lat' dir='ltr'><strong>es</strong></span> <span class='ocrx_word' id='word_1_266' title='bbox 1656 1853 1946 1921; x_wconf 89' lang='lat' dir='ltr'><strong>Stepanus,</strong></span> <span class='ocrx_word' id='word_1_267' title='bbox 1980 1852 2076 1920; x_wconf 89' lang='lat' dir='ltr'><strong>qui</strong></span> <span class='ocrx_word' id='word_1_268' title='bbox 2161 1846 2361 1901; x_wconf 83' lang='lat' dir='ltr'><strong>Beatus</strong></span> <span class='ocrx_word' id='word_1_269' title='bbox 2389 1847 2575 1902; x_wconf 90' lang='lat' dir='ltr'><strong>Sixtus</strong></span> <span class='ocrx_word' id='word_1_270' title='bbox 2603 1849 2926 1918; x_wconf 90' lang='lat' dir='ltr'><strong>respondit:</strong></span> <span class='ocrx_word' id='word_1_271' title='bbox 2964 1867 2989 1899; x_wconf 75' lang='grc' dir='ltr'><strong>(ι</strong></span> <span class='ocrx_word' id='word_1_272' title='bbox 3023 1850 3163 1905; x_wconf 93' lang='lat' dir='ltr'><strong>Vere</strong></span> <span class='ocrx_word' id='word_1_273' title='bbox 3201 1849 3306 1906; x_wconf 86' lang='lat' dir='ltr'><strong>feci</strong></span> <span class='ocrx_word' id='word_1_274' title='bbox 3338 1857 3393 1906; x_wconf 91' lang='lat' dir='ltr'><strong>et</strong></span> <span class='ocrx_word' id='word_1_275' title='bbox 3419 1849 3582 1918; x_wconf 86' lang='lat' dir='ltr'><strong>facio,</strong></span> <span class='ocrx_word' id='word_1_276' title='bbox 3616 1858 3680 1906; x_wconf 89' lang='lat' dir='ltr'><strong>ut</strong></span> <span class='ocrx_word' id='word_1_277' title='bbox 3711 1851 3809 1907; x_wconf 86' lang='lat' dir='ltr'><strong>cle-</strong></span> 
     </span>
    </p>
   </div>
   <div class='ocr_carea' id='block_1_36' title="bbox 423 1932 3809 2013">
    <p class='ocr_par' dir='ltr' id='par_1_36' title="bbox 423 1932 3809 2013">
     <span class='ocr_line' id='line_1_36' title="bbox 423 1932 3809 2013; baseline -0.001 -15"><span class='ocrx_word' id='word_1_278' title='bbox 423 1958 538 1999; x_wconf 90' lang='lat' dir='ltr'><strong>rem</strong></span> <span class='ocrx_word' id='word_1_279' title='bbox 602 1943 878 2013; x_wconf 90' lang='lat' dir='ltr'><strong>puplicam</strong></span> <span class='ocrx_word' id='word_1_280' title='bbox 944 1943 1167 1996; x_wconf 91' lang='lat' dir='ltr'><strong>conaris</strong></span> <span class='ocrx_word' id='word_1_281' title='bbox 1224 1948 1470 1995; x_wconf 90' lang='lat' dir='ltr'><strong>evertere</strong></span> <span class='ocrx_word' id='word_1_282' title='bbox 1529 1948 1585 1995; x_wconf 90' lang='lat' dir='ltr'><strong>et</strong></span> <span class='ocrx_word' id='word_1_283' title='bbox 1626 1939 2080 2008; x_wconf 88' lang='lat' dir='ltr'><strong>persuasionibus</strong></span> <span class='ocrx_word' id='word_1_284' title='bbox 2164 1949 2259 1990; x_wconf 86' lang='lat' dir='ltr'><strong>rus</strong></span> <span class='ocrx_word' id='word_1_285' title='bbox 2298 1949 2453 1991; x_wconf 91' lang='lat' dir='ltr'><strong>meus</strong></span> <span class='ocrx_word' id='word_1_286' title='bbox 2482 1942 2767 2007; x_wconf 83' lang='lat' dir='ltr'><strong>augeatur.</strong></span> <span class='ocrx_word' id='word_1_287' title='bbox 2820 1956 2848 1989; x_wconf 90' lang='lat'>»</span> <span class='ocrx_word' id='word_1_288' title='bbox 2890 1938 2988 1993; x_wconf 89' lang='lat' dir='ltr'><strong>Cui</strong></span> <span class='ocrx_word' id='word_1_289' title='bbox 3027 1932 3262 1994; x_wconf 87' lang='lat' dir='ltr'><strong>Decius:</strong></span> <span class='ocrx_word' id='word_1_290' title='bbox 3317 1941 3521 2012; x_wconf 85' lang='lat' dir='ltr'><strong>«Ergo</strong></span> <span class='ocrx_word' id='word_1_291' title='bbox 3567 1941 3809 1996; x_wconf 88' lang='lat' dir='ltr'><strong>sacriﬁca</strong></span> 
     </span>
    </p>
   </div>
   <div class='ocr_carea' id='block_1_37' title="bbox 429 2023 3806 2103">
    <p class='ocr_par' dir='ltr' id='par_1_37' title="bbox 429 2023 3806 2103">
     <span class='ocr_line' id='line_1_37' title="bbox 429 2023 3806 2103; baseline -0.002 -15"><span class='ocrx_word' id='word_1_292' title='bbox 429 2041 594 2103; x_wconf 89' lang='lat' dir='ltr'><strong>atque</strong></span> <span class='ocrx_word' id='word_1_293' title='bbox 634 2029 1115 2087; x_wconf 83' lang='lat' dir='ltr'><strong>adhortationibus</strong></span> <span class='ocrx_word' id='word_1_294' title='bbox 1152 2027 1308 2083; x_wconf 89' lang='lat' dir='ltr'><strong>malis</strong></span> <span class='ocrx_word' id='word_1_295' title='bbox 1346 2025 1611 2097; x_wconf 90' lang='lat' dir='ltr'><strong>populum</strong></span> <span class='ocrx_word' id='word_1_296' title='bbox 1649 2040 1680 2081; x_wconf 90' lang='lat' dir='ltr'><strong>a</strong></span> <span class='ocrx_word' id='word_1_297' title='bbox 1718 2026 1947 2082; x_wconf 89' lang='lat' dir='ltr'><strong>deorum</strong></span> <span class='ocrx_word' id='word_1_298' title='bbox 1985 2041 2079 2081; x_wconf 89' lang='lat' dir='ltr'><strong>re-</strong></span> <span class='ocrx_word' id='word_1_299' title='bbox 2163 2023 2270 2077; x_wconf 90' lang='lat' dir='ltr'><strong>diis</strong></span> <span class='ocrx_word' id='word_1_300' title='bbox 2307 2024 2728 2092; x_wconf 89' lang='lat' dir='ltr'><strong>immortalibus,</strong></span> <span class='ocrx_word' id='word_1_301' title='bbox 2787 2032 2844 2081; x_wconf 91' lang='lat' dir='ltr'><strong>et</strong></span> <span class='ocrx_word' id='word_1_302' title='bbox 2890 2034 3009 2083; x_wconf 88' lang='lat' dir='ltr'><strong>esto</strong></span> <span class='ocrx_word' id='word_1_303' title='bbox 3056 2028 3316 2098; x_wconf 87' lang='lat' dir='ltr'><strong>princeps</strong></span> <span class='ocrx_word' id='word_1_304' title='bbox 3369 2029 3745 2085; x_wconf 89' lang='lat' dir='ltr'><strong>sacerdotum.</strong></span> <span class='ocrx_word' id='word_1_305' title='bbox 3782 2050 3806 2081; x_wconf 76' lang='grc' dir='ltr'><strong>υ</strong></span> 
     </span>
    </p>
   </div>
   <div class='ocr_carea' id='block_1_38' title="bbox 426 2111 3810 2188">
    <p class='ocr_par' dir='ltr' id='par_1_38' title="bbox 426 2111 3810 2188">
     <span class='ocr_line' id='line_1_38' title="bbox 426 2111 3810 2188; baseline -0.001 -11"><span class='ocrx_word' id='word_1_306' title='bbox 426 2121 627 2177; x_wconf 85' lang='lat' dir='ltr'><strong>cedere</strong></span> <span class='ocrx_word' id='word_1_307' title='bbox 686 2120 921 2175; x_wconf 80' lang='lat' dir='ltr'><strong>cultura.</strong></span> <span class='ocrx_word' id='word_1_308' title='bbox 976 2136 1003 2169; x_wconf 83' lang='lat'><strong>»</strong></span> <span class='ocrx_word' id='word_1_309' title='bbox 1053 2118 1250 2173; x_wconf 89' lang='lat' dir='ltr'><strong>Beatus</strong></span> <span class='ocrx_word' id='word_1_310' title='bbox 1305 2114 1574 2172; x_wconf 82' lang='lat' dir='ltr'><strong>Zefanus:</strong></span> <span class='ocrx_word' id='word_1_311' title='bbox 1620 2135 1647 2164; x_wconf 76' lang='grc' dir='ltr'><strong>α</strong></span> <span class='ocrx_word' id='word_1_312' title='bbox 1686 2116 1801 2186; x_wconf 86' lang='lat' dir='ltr'><strong>Ego</strong></span> <span class='ocrx_word' id='word_1_313' title='bbox 1858 2113 2079 2184; x_wconf 89' lang='lat' dir='ltr'><strong>quidem</strong></span> <span class='ocrx_word' id='word_1_314' title='bbox 2164 2111 2233 2166; x_wconf 86' lang='lat' dir='ltr'><strong>ad</strong></span> <span class='ocrx_word' id='word_1_315' title='bbox 2280 2112 2400 2167; x_wconf 68' lang='lat' dir='ltr'><strong>haec</strong></span> <span class='ocrx_word' id='word_1_316' title='bbox 2456 2122 2682 2171; x_wconf 92' lang='lat' dir='ltr'><strong>sanctus</strong></span> <span class='ocrx_word' id='word_1_317' title='bbox 2718 2116 2921 2171; x_wconf 87' lang='lat' dir='ltr'><strong>Sixtus.</strong></span> <span class='ocrx_word' id='word_1_318' title='bbox 2983 2138 3010 2166; x_wconf 88' lang='grc'><strong>‹‹</strong></span> <span class='ocrx_word' id='word_1_319' title='bbox 3072 2118 3185 2188; x_wconf 86' lang='lat' dir='ltr'><strong>Ego</strong></span> <span class='ocrx_word' id='word_1_320' title='bbox 3242 2132 3461 2188; x_wconf 89' lang='lat' dir='ltr'><strong>semper</strong></span> <span class='ocrx_word' id='word_1_321' title='bbox 3514 2119 3810 2175; x_wconf 83' lang='lat' dir='ltr'><strong>sacriﬁcavi</strong></span> 
     </span>
    </p>
   </div>
   <div class='ocr_carea' id='block_1_39' title="bbox 429 2201 3811 2278">
    <p class='ocr_par' dir='ltr' id='par_1_39' title="bbox 429 2201 3811 2278">
     <span class='ocr_line' id='line_1_39' title="bbox 429 2201 3811 2278; baseline -0.001 -12"><span class='ocrx_word' id='word_1_322' title='bbox 429 2224 542 2267; x_wconf 91' lang='lat' dir='ltr'><strong>non</strong></span> <span class='ocrx_word' id='word_1_323' title='bbox 580 2213 768 2265; x_wconf 87' lang='lat' dir='ltr'><strong>everto</strong></span> <span class='ocrx_word' id='word_1_324' title='bbox 800 2222 914 2264; x_wconf 91' lang='lat' dir='ltr'><strong>rem</strong></span> <span class='ocrx_word' id='word_1_325' title='bbox 955 2206 1250 2278; x_wconf 88' lang='lat' dir='ltr'><strong>publicam,</strong></span> <span class='ocrx_word' id='word_1_326' title='bbox 1291 2205 1388 2261; x_wconf 91' lang='lat' dir='ltr'><strong>sed</strong></span> <span class='ocrx_word' id='word_1_327' title='bbox 1429 2205 1643 2271; x_wconf 90' lang='lat' dir='ltr'><strong>hortor,</strong></span> <span class='ocrx_word' id='word_1_328' title='bbox 1686 2211 1767 2272; x_wconf 91' lang='lat' dir='ltr'><strong>ut,</strong></span> <span class='ocrx_word' id='word_1_329' title='bbox 1813 2203 2084 2260; x_wconf 90' lang='lat' dir='ltr'><strong>derilictis</strong></span> <span class='ocrx_word' id='word_1_330' title='bbox 2165 2206 2221 2257; x_wconf 87' lang='lat' dir='ltr'><strong>et</strong></span> <span class='ocrx_word' id='word_1_331' title='bbox 2256 2201 2508 2258; x_wconf 87' lang='lat' dir='ltr'><strong>sacriﬁco</strong></span> <span class='ocrx_word' id='word_1_332' title='bbox 2554 2203 2759 2259; x_wconf 93' lang='lat' dir='ltr'><strong>domno</strong></span> <span class='ocrx_word' id='word_1_333' title='bbox 2788 2206 2901 2259; x_wconf 92' lang='lat' dir='ltr'><strong>Deo</strong></span> <span class='ocrx_word' id='word_1_334' title='bbox 2931 2206 3077 2259; x_wconf 90' lang='lat' dir='ltr'><strong>Patri</strong></span> <span class='ocrx_word' id='word_1_335' title='bbox 3107 2207 3473 2275; x_wconf 89' lang='lat' dir='ltr'><strong>omnipotenti</strong></span> <span class='ocrx_word' id='word_1_336' title='bbox 3505 2214 3560 2263; x_wconf 89' lang='lat' dir='ltr'><strong>et</strong></span> <span class='ocrx_word' id='word_1_337' title='bbox 3588 2207 3811 2264; x_wconf 92' lang='lat' dir='ltr'><strong>domino</strong></span> 
     </span>
    </p>
   </div>
   <div class='ocr_carea' id='block_1_40' title="bbox 427 2292 3813 2368">
    <p class='ocr_par' dir='ltr' id='par_1_40' title="bbox 427 2292 3813 2368">
     <span class='ocr_line' id='line_1_40' title="bbox 427 2292 3813 2368; baseline -0.001 -12"><span class='ocrx_word' id='word_1_338' title='bbox 427 2298 701 2366; x_wconf 91' lang='lat' dir='ltr'><strong>demonis,</strong></span> <span class='ocrx_word' id='word_1_339' title='bbox 760 2298 857 2368; x_wconf 91' lang='lat' dir='ltr'><strong>qui</strong></span> <span class='ocrx_word' id='word_1_340' title='bbox 895 2296 1199 2352; x_wconf 87' lang='lat' dir='ltr'><strong>adorantur</strong></span> <span class='ocrx_word' id='word_1_341' title='bbox 1236 2296 1291 2351; x_wconf 93' lang='lat' dir='ltr'><strong>in</strong></span> <span class='ocrx_word' id='word_1_342' title='bbox 1339 2294 1528 2362; x_wconf 90' lang='lat' dir='ltr'><strong>idolis,</strong></span> <span class='ocrx_word' id='word_1_343' title='bbox 1568 2294 1636 2350; x_wconf 91' lang='lat' dir='ltr'><strong>ad</strong></span> <span class='ocrx_word' id='word_1_344' title='bbox 1676 2295 1845 2350; x_wconf 90' lang='lat' dir='ltr'><strong>Deum</strong></span> <span class='ocrx_word' id='word_1_345' title='bbox 1902 2294 2080 2349; x_wconf 91' lang='lat' dir='ltr'><strong>vivum</strong></span> <span class='ocrx_word' id='word_1_346' title='bbox 2166 2298 2357 2347; x_wconf 90' lang='lat' dir='ltr'><strong>nostro</strong></span> <span class='ocrx_word' id='word_1_347' title='bbox 2393 2293 2522 2348; x_wconf 78' lang='lat' dir='ltr'><strong>Iesu</strong></span> <span class='ocrx_word' id='word_1_348' title='bbox 2558 2292 2777 2349; x_wconf 91' lang='lat' dir='ltr'><strong>Christo</strong></span> <span class='ocrx_word' id='word_1_349' title='bbox 2808 2292 2945 2349; x_wconf 85' lang='lat' dir='ltr'><strong>Filio</strong></span> <span class='ocrx_word' id='word_1_350' title='bbox 2984 2295 3104 2364; x_wconf 88' lang='lat' dir='ltr'><strong>ejus</strong></span> <span class='ocrx_word' id='word_1_351' title='bbox 3142 2298 3198 2350; x_wconf 92' lang='lat' dir='ltr'><strong>et</strong></span> <span class='ocrx_word' id='word_1_352' title='bbox 3233 2295 3439 2364; x_wconf 90' lang='lat' dir='ltr'><strong>Spiritu</strong></span> <span class='ocrx_word' id='word_1_353' title='bbox 3484 2304 3678 2353; x_wconf 89' lang='lat' dir='ltr'><strong>sancto</strong></span> <span class='ocrx_word' id='word_1_354' title='bbox 3721 2298 3813 2354; x_wconf 89' lang='lat' dir='ltr'><strong>bo-</strong></span> 
     </span>
    </p>
   </div>
   <div class='ocr_carea' id='block_1_41' title="bbox 427 2381 3811 2458">
    <p class='ocr_par' dir='ltr' id='par_1_41' title="bbox 427 2381 3811 2458">
     <span class='ocr_line' id='line_1_41' title="bbox 427 2381 3811 2458; baseline -0.001 -13"><span class='ocrx_word' id='word_1_355' title='bbox 427 2396 484 2446; x_wconf 89' lang='lat' dir='ltr'><strong>et</strong></span> <span class='ocrx_word' id='word_1_356' title='bbox 521 2388 754 2445; x_wconf 87' lang='lat' dir='ltr'><strong>redeant</strong></span> <span class='ocrx_word' id='word_1_357' title='bbox 790 2391 1096 2443; x_wconf 89' lang='lat' dir='ltr'><strong>creatorem</strong></span> <span class='ocrx_word' id='word_1_358' title='bbox 1135 2384 1241 2441; x_wconf 90' lang='lat' dir='ltr'><strong>celi</strong></span> <span class='ocrx_word' id='word_1_359' title='bbox 1268 2392 1322 2440; x_wconf 91' lang='lat' dir='ltr'><strong>et</strong></span> <span class='ocrx_word' id='word_1_360' title='bbox 1359 2388 1545 2450; x_wconf 62' lang='lat' dir='ltr'><strong>terrae,</strong></span> <span class='ocrx_word' id='word_1_361' title='bbox 1588 2389 1644 2439; x_wconf 90' lang='lat' dir='ltr'><strong>et</strong></span> <span class='ocrx_word' id='word_1_362' title='bbox 1672 2388 1974 2454; x_wconf 83' lang='lat' dir='ltr'><strong>agnoscant</strong></span> <span class='ocrx_word' id='word_1_363' title='bbox 2000 2384 2084 2437; x_wconf 82' lang='lat' dir='ltr'><strong>Je-</strong></span> <span class='ocrx_word' id='word_1_364' title='bbox 2165 2381 2324 2437; x_wconf 89' lang='lat' dir='ltr'><strong>stiam</strong></span> <span class='ocrx_word' id='word_1_365' title='bbox 2372 2394 2563 2451; x_wconf 89' lang='lat' dir='ltr'><strong>puram</strong></span> <span class='ocrx_word' id='word_1_366' title='bbox 2621 2387 2678 2438; x_wconf 91' lang='lat' dir='ltr'><strong>et</strong></span> <span class='ocrx_word' id='word_1_367' title='bbox 2721 2382 3141 2439; x_wconf 90' lang='lat' dir='ltr'><strong>immaculatam.</strong></span> <span class='ocrx_word' id='word_1_368' title='bbox 3187 2405 3212 2434; x_wconf 75' lang='grc' dir='ltr'><strong>ι</strong></span> <span class='ocrx_word' id='word_1_369' title='bbox 3256 2385 3407 2440; x_wconf 89' lang='lat' dir='ltr'><strong>Tunc</strong></span> <span class='ocrx_word' id='word_1_370' title='bbox 3444 2400 3511 2441; x_wconf 86' lang='lat' dir='ltr'><strong>ex</strong></span> <span class='ocrx_word' id='word_1_371' title='bbox 3550 2396 3811 2458; x_wconf 81' lang='lat' dir='ltr'><strong>precepto</strong></span> 
     </span>
    </p>
   </div>
   <div class='ocr_carea' id='block_1_42' title="bbox 427 2470 3812 2544">
    <p class='ocr_par' dir='ltr' id='par_1_42' title="bbox 427 2470 3812 2544">
     <span class='ocr_line' id='line_1_42' title="bbox 427 2470 3812 2544; baseline -0 -10"><span class='ocrx_word' id='word_1_372' title='bbox 427 2493 547 2534; x_wconf 89' lang='lat' dir='ltr'><strong>sum</strong></span> <span class='ocrx_word' id='word_1_373' title='bbox 577 2476 772 2533; x_wconf 92' lang='lat' dir='ltr'><strong>Filium</strong></span> <span class='ocrx_word' id='word_1_374' title='bbox 820 2476 918 2531; x_wconf 93' lang='lat' dir='ltr'><strong>Dei</strong></span> <span class='ocrx_word' id='word_1_375' title='bbox 957 2475 1065 2531; x_wconf 87' lang='lat' dir='ltr'><strong>vivi</strong></span> <span class='ocrx_word' id='word_1_376' title='bbox 1102 2475 1272 2529; x_wconf 91' lang='lat' dir='ltr'><strong>Deum</strong></span> <span class='ocrx_word' id='word_1_377' title='bbox 1319 2488 1462 2541; x_wconf 90' lang='lat' dir='ltr'><strong>esse,</strong></span> <span class='ocrx_word' id='word_1_378' title='bbox 1515 2473 1609 2543; x_wconf 90' lang='lat' dir='ltr'><strong>qui</strong></span> <span class='ocrx_word' id='word_1_379' title='bbox 1659 2486 1783 2528; x_wconf 94' lang='lat' dir='ltr'><strong>cum</strong></span> <span class='ocrx_word' id='word_1_380' title='bbox 1830 2474 1991 2528; x_wconf 88' lang='lat' dir='ltr'><strong>Patre</strong></span> <span class='ocrx_word' id='word_1_381' title='bbox 2029 2476 2085 2527; x_wconf 93' lang='lat' dir='ltr'><strong>et</strong></span> <span class='ocrx_word' id='word_1_382' title='bbox 2165 2470 2316 2525; x_wconf 85' lang='lat' dir='ltr'><strong>Decii</strong></span> <span class='ocrx_word' id='word_1_383' title='bbox 2368 2470 2645 2527; x_wconf 86' lang='lat' dir='ltr'><strong>duxerunt</strong></span> <span class='ocrx_word' id='word_1_384' title='bbox 2682 2471 2885 2528; x_wconf 90' lang='lat' dir='ltr'><strong>milites</strong></span> <span class='ocrx_word' id='word_1_385' title='bbox 2932 2486 3054 2528; x_wconf 91' lang='lat' dir='ltr'><strong>eum</strong></span> <span class='ocrx_word' id='word_1_386' title='bbox 3101 2472 3170 2528; x_wconf 92' lang='lat' dir='ltr'><strong>ad</strong></span> <span class='ocrx_word' id='word_1_387' title='bbox 3208 2474 3469 2543; x_wconf 90' lang='lat' dir='ltr'><strong>templum</strong></span> <span class='ocrx_word' id='word_1_388' title='bbox 3504 2476 3717 2544; x_wconf 83' lang='lat' dir='ltr'><strong>Martis,</strong></span> <span class='ocrx_word' id='word_1_389' title='bbox 3757 2484 3812 2533; x_wconf 88' lang='lat' dir='ltr'><strong>ut</strong></span> 
     </span>
    </p>
   </div>
   <div class='ocr_carea' id='block_1_43' title="bbox 429 2560 3812 2638">
    <p class='ocr_par' dir='ltr' id='par_1_43' title="bbox 429 2560 3812 2638">
     <span class='ocr_line' id='line_1_43' title="bbox 429 2560 3812 2638; baseline -0.001 -15"><span class='ocrx_word' id='word_1_390' title='bbox 429 2568 637 2638; x_wconf 88' lang='lat' dir='ltr'><strong>Spiritu</strong></span> <span class='ocrx_word' id='word_1_391' title='bbox 676 2571 869 2622; x_wconf 90' lang='lat' dir='ltr'><strong>sancto</strong></span> <span class='ocrx_word' id='word_1_392' title='bbox 903 2564 1056 2620; x_wconf 91' lang='lat' dir='ltr'><strong>solus</strong></span> <span class='ocrx_word' id='word_1_393' title='bbox 1080 2568 1164 2619; x_wconf 90' lang='lat' dir='ltr'><strong>est</strong></span> <span class='ocrx_word' id='word_1_394' title='bbox 1192 2562 1581 2633; x_wconf 88' lang='lat' dir='ltr'><strong>sempiternus,</strong></span> <span class='ocrx_word' id='word_1_395' title='bbox 1623 2568 1685 2618; x_wconf 95' lang='lat' dir='ltr'><strong>ut</strong></span> <span class='ocrx_word' id='word_1_396' title='bbox 1715 2576 1824 2618; x_wconf 91' lang='lat' dir='ltr'><strong>non</strong></span> <span class='ocrx_word' id='word_1_397' title='bbox 1856 2564 2086 2631; x_wconf 88' lang='lat' dir='ltr'><strong>pereant</strong></span> <span class='ocrx_word' id='word_1_398' title='bbox 2166 2560 2540 2630; x_wconf 87' lang='lat' dir='ltr'><strong>sacriﬁcaret;</strong></span> <span class='ocrx_word' id='word_1_399' title='bbox 2595 2561 2715 2627; x_wconf 92' lang='lat' dir='ltr'><strong>sed,</strong></span> <span class='ocrx_word' id='word_1_400' title='bbox 2775 2567 3163 2619; x_wconf 88' lang='lat' dir='ltr'><strong>contemnente</strong></span> <span class='ocrx_word' id='word_1_401' title='bbox 3191 2564 3524 2633; x_wconf 88' lang='lat' dir='ltr'><strong>sacriﬁcare,</strong></span> <span class='ocrx_word' id='word_1_402' title='bbox 3566 2566 3812 2622; x_wconf 88' lang='lat' dir='ltr'><strong>recluse-</strong></span> 
     </span>
    </p>
   </div>
   <div class='ocr_carea' id='block_1_44' title="bbox 438 2649 3814 2722">
    <p class='ocr_par' dir='ltr' id='par_1_44' title="bbox 438 2649 3814 2722">
     <span class='ocr_line' id='line_1_44' title="bbox 438 2649 3814 2722; baseline -0 -9"><span class='ocrx_word' id='word_1_403' title='bbox 438 2670 562 2713; x_wconf 93' lang='lat' dir='ltr'><strong>cum</strong></span> <span class='ocrx_word' id='word_1_404' title='bbox 603 2653 826 2711; x_wconf 88' lang='lat' dir='ltr'><strong>diabulo</strong></span> <span class='ocrx_word' id='word_1_405' title='bbox 883 2653 940 2708; x_wconf 90' lang='lat' dir='ltr'><strong>in</strong></span> <span class='ocrx_word' id='word_1_406' title='bbox 980 2652 1258 2707; x_wconf 90' lang='lat' dir='ltr'><strong>interitum</strong></span> <span class='ocrx_word' id='word_1_407' title='bbox 1289 2651 1704 2722; x_wconf 90' lang='lat' dir='ltr'><strong>sempiternum.</strong></span> <span class='ocrx_word' id='word_1_408' title='bbox 1769 2666 1798 2705; x_wconf 82' lang='lat'>»</span> <span class='ocrx_word' id='word_1_409' title='bbox 1844 2649 2082 2707; x_wconf 90' lang='lat' dir='ltr'><strong>Valeria-</strong></span> <span class='ocrx_word' id='word_1_410' title='bbox 2165 2654 2294 2705; x_wconf 93' lang='lat' dir='ltr'><strong>runt</strong></span> <span class='ocrx_word' id='word_1_411' title='bbox 2330 2664 2453 2705; x_wconf 91' lang='lat' dir='ltr'><strong>eum</strong></span> <span class='ocrx_word' id='word_1_412' title='bbox 2494 2652 2549 2705; x_wconf 91' lang='lat' dir='ltr'><strong>in</strong></span> <span class='ocrx_word' id='word_1_413' title='bbox 2588 2650 2839 2707; x_wconf 91' lang='lat' dir='ltr'><strong>custodia</strong></span> <span class='ocrx_word' id='word_1_414' title='bbox 2877 2652 3105 2721; x_wconf 89' lang='lat' dir='ltr'><strong>privata,</strong></span> <span class='ocrx_word' id='word_1_415' title='bbox 3146 2666 3271 2708; x_wconf 90' lang='lat' dir='ltr'><strong>cum</strong></span> <span class='ocrx_word' id='word_1_416' title='bbox 3311 2652 3528 2710; x_wconf 91' lang='lat' dir='ltr'><strong>duobus</strong></span> <span class='ocrx_word' id='word_1_417' title='bbox 3566 2654 3814 2713; x_wconf 89' lang='lat' dir='ltr'><strong>diaconi-</strong></span> 
     </span>
    </p>
   </div>
   <div class='ocr_carea' id='block_1_45' title="bbox 428 2738 3815 2815">
    <p class='ocr_par' dir='ltr' id='par_1_45' title="bbox 428 2738 3815 2815">
     <span class='ocr_line' id='line_1_45' title="bbox 428 2738 3815 2815; baseline -0.001 -13"><span class='ocrx_word' id='word_1_418' title='bbox 428 2760 534 2802; x_wconf 92' lang='lat' dir='ltr'><strong>nus</strong></span> <span class='ocrx_word' id='word_1_419' title='bbox 563 2750 694 2801; x_wconf 90' lang='lat' dir='ltr'><strong>tunc</strong></span> <span class='ocrx_word' id='word_1_420' title='bbox 730 2743 895 2815; x_wconf 87' lang='lat' dir='ltr'><strong>jussit</strong></span> <span class='ocrx_word' id='word_1_421' title='bbox 931 2757 1061 2798; x_wconf 90' lang='lat' dir='ltr'><strong>eum.</strong></span> <span class='ocrx_word' id='word_1_422' title='bbox 1088 2742 1216 2798; x_wconf 89' lang='lat' dir='ltr'><strong>duci</strong></span> <span class='ocrx_word' id='word_1_423' title='bbox 1254 2741 1323 2796; x_wconf 89' lang='lat' dir='ltr'><strong>ad</strong></span> <span class='ocrx_word' id='word_1_424' title='bbox 1365 2740 1627 2812; x_wconf 90' lang='lat' dir='ltr'><strong>templum</strong></span> <span class='ocrx_word' id='word_1_425' title='bbox 1656 2740 1863 2805; x_wconf 84' lang='lat' dir='ltr'><strong>Martis,</strong></span> <span class='ocrx_word' id='word_1_426' title='bbox 1895 2745 1951 2795; x_wconf 91' lang='lat' dir='ltr'><strong>et</strong></span> <span class='ocrx_word' id='word_1_427' title='bbox 1978 2739 2083 2795; x_wconf 88' lang='lat' dir='ltr'><strong>ibi-</strong></span> <span class='ocrx_word' id='word_1_428' title='bbox 2164 2738 2269 2795; x_wconf 91' lang='lat' dir='ltr'><strong>bus</strong></span> <span class='ocrx_word' id='word_1_429' title='bbox 2330 2739 2683 2796; x_wconf 89' lang='lat' dir='ltr'><strong>Felecissimo</strong></span> <span class='ocrx_word' id='word_1_430' title='bbox 2715 2746 2769 2795; x_wconf 89' lang='lat' dir='ltr'><strong>et</strong></span> <span class='ocrx_word' id='word_1_431' title='bbox 2797 2740 3049 2811; x_wconf 84' lang='lat' dir='ltr'><strong>Agapito.</strong></span> <span class='ocrx_word' id='word_1_432' title='bbox 3091 2742 3335 2812; x_wconf 90' lang='lat' dir='ltr'><strong>Cumque</strong></span> <span class='ocrx_word' id='word_1_433' title='bbox 3373 2742 3692 2813; x_wconf 89' lang='lat' dir='ltr'><strong>duceretur,</strong></span> <span class='ocrx_word' id='word_1_434' title='bbox 3737 2745 3815 2800; x_wconf 90' lang='lat' dir='ltr'><strong>his</strong></span> 
     </span>
    </p>
   </div>
   <div class='ocr_carea' id='block_1_46' title="bbox 426 2828 3817 2902">
    <p class='ocr_par' dir='ltr' id='par_1_46' title="bbox 426 2828 3817 2902">
     <span class='ocr_line' id='line_1_46' title="bbox 426 2828 3817 2902; baseline -0.001 -11"><span class='ocrx_word' id='word_1_435' title='bbox 426 2835 551 2892; x_wconf 89' lang='lat' dir='ltr'><strong>dem</strong></span> <span class='ocrx_word' id='word_1_436' title='bbox 592 2835 797 2891; x_wconf 87' lang='lat' dir='ltr'><strong>dictata</strong></span> <span class='ocrx_word' id='word_1_437' title='bbox 837 2831 899 2863; x_wconf 76' lang='grc'><strong>³⁸⁸</strong></span> <span class='ocrx_word' id='word_1_438' title='bbox 937 2832 1212 2889; x_wconf 89' lang='lat' dir='ltr'><strong>sententia</strong></span> <span class='ocrx_word' id='word_1_439' title='bbox 1250 2831 1430 2902; x_wconf 87' lang='lat' dir='ltr'><strong>capite</strong></span> <span class='ocrx_word' id='word_1_440' title='bbox 1461 2831 1724 2898; x_wconf 89' lang='lat' dir='ltr'><strong>truncari,</strong></span> <span class='ocrx_word' id='word_1_441' title='bbox 1765 2831 1813 2886; x_wconf 94' lang='lat' dir='ltr'><strong>si</strong></span> <span class='ocrx_word' id='word_1_442' title='bbox 1851 2843 1961 2887; x_wconf 90' lang='lat' dir='ltr'><strong>non</strong></span> <span class='ocrx_word' id='word_1_443' title='bbox 1990 2831 2083 2886; x_wconf 86' lang='lat' dir='ltr'><strong>ad-</strong></span> <span class='ocrx_word' id='word_1_444' title='bbox 2164 2828 2347 2883; x_wconf 90' lang='lat' dir='ltr'><strong>verbis</strong></span> <span class='ocrx_word' id='word_1_445' title='bbox 2393 2828 2541 2898; x_wconf 93' lang='lat' dir='ltr'><strong>cepit</strong></span> <span class='ocrx_word' id='word_1_446' title='bbox 2578 2842 2700 2884; x_wconf 92' lang='lat' dir='ltr'><strong>eum</strong></span> <span class='ocrx_word' id='word_1_447' title='bbox 2740 2829 2935 2885; x_wconf 89' lang='lat' dir='ltr'><strong>beatus</strong></span> <span class='ocrx_word' id='word_1_448' title='bbox 2980 2831 3343 2899; x_wconf 88' lang='lat' dir='ltr'><strong>Laurentius,</strong></span> <span class='ocrx_word' id='word_1_449' title='bbox 3392 2832 3817 2891; x_wconf 87' lang='lat' dir='ltr'><strong>archidiaconus</strong></span> 
     </span>
    </p>
   </div>
   <div class='ocr_carea' id='block_1_47' title="bbox 426 2916 3814 2991">
    <p class='ocr_par' dir='ltr' id='par_1_47' title="bbox 426 2916 3814 2991">
     <span class='ocr_line' id='line_1_47' title="bbox 426 2916 3814 2991; baseline -0 -11"><span class='ocrx_word' id='word_1_450' title='bbox 426 2930 612 2981; x_wconf 90' lang='lat' dir='ltr'><strong>oraret</strong></span> <span class='ocrx_word' id='word_1_451' title='bbox 650 2921 871 2979; x_wconf 86' lang='lat' dir='ltr'><strong>nefandi</strong></span> <span class='ocrx_word' id='word_1_452' title='bbox 911 2921 1098 2977; x_wconf 87' lang='lat' dir='ltr'><strong>Martis</strong></span> <span class='ocrx_word' id='word_1_453' title='bbox 1133 2920 1506 2976; x_wconf 90' lang='lat' dir='ltr'><strong>simulacrum.</strong></span> <span class='ocrx_word' id='word_1_454' title='bbox 1548 2920 1854 2975; x_wconf 91' lang='lat' dir='ltr'><strong>Perductus</strong></span> <span class='ocrx_word' id='word_1_455' title='bbox 1888 2919 2082 2975; x_wconf 89' lang='lat' dir='ltr'><strong>beatus</strong></span> <span class='ocrx_word' id='word_1_456' title='bbox 2164 2916 2534 2986; x_wconf 91' lang='lat' dir='ltr'><strong>compellere:</strong></span> <span class='ocrx_word' id='word_1_457' title='bbox 2572 2938 2597 2966; x_wconf 75' lang='grc' dir='ltr'><strong><em>α</em></strong></span> <span class='ocrx_word' id='word_1_458' title='bbox 2629 2919 2747 2985; x_wconf 91' lang='lat' dir='ltr'><strong>Quo</strong></span> <span class='ocrx_word' id='word_1_459' title='bbox 2787 2919 3139 2989; x_wconf 86' lang='lat' dir='ltr'><strong>progrederis</strong></span> <span class='ocrx_word' id='word_1_460' title='bbox 3166 2920 3287 2975; x_wconf 91' lang='lat' dir='ltr'><strong>sine</strong></span> <span class='ocrx_word' id='word_1_461' title='bbox 3306 2919 3418 2976; x_wconf 88' lang='lat' dir='ltr'><strong>ﬁlio</strong></span> <span class='ocrx_word' id='word_1_462' title='bbox 3448 2927 3646 2991; x_wconf 84' lang='lat' dir='ltr'><strong>pater?</strong></span> <span class='ocrx_word' id='word_1_463' title='bbox 3675 2925 3814 2991; x_wconf 88' lang='lat' dir='ltr'><strong>Quo,</strong></span> 
     </span>
    </p>
   </div>
   <div class='ocr_carea' id='block_1_48' title="bbox 428 3006 3815 3080">
    <p class='ocr_par' dir='ltr' id='par_1_48' title="bbox 428 3006 3815 3080">
     <span class='ocr_line' id='line_1_48' title="bbox 428 3006 3815 3080; baseline 0 -12"><span class='ocrx_word' id='word_1_464' title='bbox 428 3012 661 3069; x_wconf 89' lang='lat' dir='ltr'><strong>Zefanus</strong></span> <span class='ocrx_word' id='word_1_465' title='bbox 716 3026 747 3066; x_wconf 91' lang='lat' dir='ltr'><strong>a</strong></span> <span class='ocrx_word' id='word_1_466' title='bbox 812 3010 1081 3065; x_wconf 92' lang='lat' dir='ltr'><strong>militibus</strong></span> <span class='ocrx_word' id='word_1_467' title='bbox 1116 3008 1265 3065; x_wconf 92' lang='lat' dir='ltr'><strong>foras</strong></span> <span class='ocrx_word' id='word_1_468' title='bbox 1316 3023 1506 3065; x_wconf 91' lang='lat' dir='ltr'><strong>muros</strong></span> <span class='ocrx_word' id='word_1_469' title='bbox 1542 3009 1732 3079; x_wconf 75' lang='lat' dir='ltr'><strong>Appiae</strong></span> <span class='ocrx_word' id='word_1_470' title='bbox 1799 3015 1973 3078; x_wconf 80' lang='lat' dir='ltr'><strong>portae</strong></span> <span class='ocrx_word' id='word_1_471' title='bbox 2011 3007 2080 3063; x_wconf 91' lang='lat' dir='ltr'><strong>ad</strong></span> <span class='ocrx_word' id='word_1_472' title='bbox 2164 3006 2426 3062; x_wconf 88' lang='lat' dir='ltr'><strong>sacerdos</strong></span> <span class='ocrx_word' id='word_1_473' title='bbox 2462 3012 2674 3072; x_wconf 88' lang='lat' dir='ltr'><strong>sancte,</strong></span> <span class='ocrx_word' id='word_1_474' title='bbox 2738 3007 2890 3077; x_wconf 89' lang='lat' dir='ltr'><strong>[sine</strong></span> <span class='ocrx_word' id='word_1_475' title='bbox 2958 3006 3052 3078; x_wconf 83' lang='grc'><strong>¹⁹⁰]</strong></span> <span class='ocrx_word' id='word_1_476' title='bbox 3115 3008 3350 3065; x_wconf 92' lang='lat' dir='ltr'><strong>diacono</strong></span> <span class='ocrx_word' id='word_1_477' title='bbox 3390 3018 3704 3080; x_wconf 83' lang='lat' dir='ltr'><strong>properas?</strong></span> <span class='ocrx_word' id='word_1_478' title='bbox 3743 3013 3815 3068; x_wconf 87' lang='lat' dir='ltr'><strong>Tu</strong></span> 
     </span>
    </p>
   </div>
   <div class='ocr_carea' id='block_1_49' title="bbox 424 3095 3820 3188">
    <p class='ocr_par' dir='ltr' id='par_1_49' title="bbox 424 3095 3820 3188">
     <span class='ocr_line' id='line_1_49' title="bbox 424 3095 3820 3188; baseline -0 -32"><span class='ocrx_word' id='word_1_479' title='bbox 424 3100 711 3170; x_wconf 82' lang='lat' dir='ltr'><strong>templum,</strong></span> <span class='ocrx_word' id='word_1_480' title='bbox 755 3099 949 3154; x_wconf 89' lang='lat' dir='ltr'><strong>levatis</strong></span> <span class='ocrx_word' id='word_1_481' title='bbox 977 3098 1187 3154; x_wconf 92' lang='lat' dir='ltr'><strong>occulis</strong></span> <span class='ocrx_word' id='word_1_482' title='bbox 1227 3097 1298 3153; x_wconf 93' lang='lat' dir='ltr'><strong>ad</strong></span> <span class='ocrx_word' id='word_1_483' title='bbox 1350 3097 1548 3153; x_wconf 73' lang='lat' dir='ltr'><strong>cmlum</strong></span> <span class='ocrx_word' id='word_1_484' title='bbox 1579 3097 1755 3153; x_wconf 82' lang='lat' dir='ltr'><strong>dixit:</strong></span> <span class='ocrx_word' id='word_1_485' title='bbox 1795 3116 1823 3148; x_wconf 83' lang='lat'><strong><em>«</em></strong></span> <span class='ocrx_word' id='word_1_486' title='bbox 1854 3097 2440 3188; x_wconf 70' lang='lat' dir='ltr'><strong>Dominecnunquam</strong></span> <span class='ocrx_word' id='word_1_487' title='bbox 2507 3095 2834 3151; x_wconf 88' lang='lat' dir='ltr'><strong>sacriﬁcium</strong></span> <span class='ocrx_word' id='word_1_488' title='bbox 2896 3097 3017 3152; x_wconf 91' lang='lat' dir='ltr'><strong>sine</strong></span> <span class='ocrx_word' id='word_1_489' title='bbox 3055 3098 3308 3153; x_wconf 89' lang='lat' dir='ltr'><strong>ministro</strong></span> <span class='ocrx_word' id='word_1_490' title='bbox 3346 3097 3545 3154; x_wconf 89' lang='lat' dir='ltr'><strong>offerre</strong></span> <span class='ocrx_word' id='word_1_491' title='bbox 3584 3113 3820 3157; x_wconf 89' lang='lat' dir='ltr'><strong>consue-</strong></span> 
     </span>
    </p>
   </div>
   <div class='ocr_carea' id='block_1_50' title="bbox 424 3184 3815 3258">
    <p class='ocr_par' dir='ltr' id='par_1_50' title="bbox 424 3184 3815 3258">
     <span class='ocr_line' id='line_1_50' title="bbox 424 3184 3815 3258; baseline -0 -13"><span class='ocrx_word' id='word_1_492' title='bbox 424 3191 570 3245; x_wconf 90' lang='lat' dir='ltr'><strong>Deus</strong></span> <span class='ocrx_word' id='word_1_493' title='bbox 606 3202 779 3255; x_wconf 91' lang='lat' dir='ltr'><strong>meus,</strong></span> <span class='ocrx_word' id='word_1_494' title='bbox 820 3192 977 3257; x_wconf 90' lang='lat' dir='ltr'><strong>pater</strong></span> <span class='ocrx_word' id='word_1_495' title='bbox 1042 3187 1250 3242; x_wconf 91' lang='lat' dir='ltr'><strong>domini</strong></span> <span class='ocrx_word' id='word_1_496' title='bbox 1300 3188 1476 3242; x_wconf 87' lang='lat' dir='ltr'><strong>nostri</strong></span> <span class='ocrx_word' id='word_1_497' title='bbox 1532 3189 1662 3242; x_wconf 84' lang='lat' dir='ltr'><strong>Jesu</strong></span> <span class='ocrx_word' id='word_1_498' title='bbox 1717 3187 1942 3254; x_wconf 90' lang='lat' dir='ltr'><strong>Christi,</strong></span> <span class='ocrx_word' id='word_1_499' title='bbox 1984 3188 2077 3258; x_wconf 89' lang='lat' dir='ltr'><strong>qui</strong></span> <span class='ocrx_word' id='word_1_500' title='bbox 2112 3184 2345 3239; x_wconf 49' lang='lat' dir='ltr'><strong>“veras.</strong></span> <span class='ocrx_word' id='word_1_501' title='bbox 2396 3184 2536 3251; x_wconf 87' lang='lat' dir='ltr'><strong>Quid</strong></span> <span class='ocrx_word' id='word_1_502' title='bbox 2582 3184 2637 3239; x_wconf 91' lang='lat' dir='ltr'><strong>in</strong></span> <span class='ocrx_word' id='word_1_503' title='bbox 2685 3199 2771 3241; x_wconf 91' lang='lat' dir='ltr'><strong>me</strong></span> <span class='ocrx_word' id='word_1_504' title='bbox 2810 3199 2943 3257; x_wconf 88' lang='lat' dir='ltr'><strong>ergo</strong></span> <span class='ocrx_word' id='word_1_505' title='bbox 2973 3186 3259 3256; x_wconf 89' lang='lat' dir='ltr'><strong>displicuit</strong></span> <span class='ocrx_word' id='word_1_506' title='bbox 3304 3188 3403 3243; x_wconf 90' lang='lat' dir='ltr'><strong>tibi</strong></span> <span class='ocrx_word' id='word_1_507' title='bbox 3439 3195 3639 3258; x_wconf 82' lang='lat' dir='ltr'><strong>pater?</strong></span> <span class='ocrx_word' id='word_1_508' title='bbox 3681 3192 3815 3246; x_wconf 83' lang='lat' dir='ltr'><strong>Num</strong></span> 
     </span>
    </p>
   </div>
   <div class='ocr_carea' id='block_1_51' title="bbox 426 3272 3817 3345">
    <p class='ocr_par' dir='ltr' id='par_1_51' title="bbox 426 3272 3817 3345">
     <span class='ocr_line' id='line_1_51' title="bbox 426 3272 3817 3345; baseline 0 -10"><span class='ocrx_word' id='word_1_509' title='bbox 426 3277 748 3336; x_wconf 86' lang='lat' dir='ltr'><strong>destruxisti</strong></span> <span class='ocrx_word' id='word_1_510' title='bbox 813 3283 1021 3332; x_wconf 89' lang='lat' dir='ltr'><strong>turrem</strong></span> <span class='ocrx_word' id='word_1_511' title='bbox 1086 3273 1427 3332; x_wconf 85' lang='lat' dir='ltr'><strong>confusionis</strong></span> <span class='ocrx_word' id='word_1_512' title='bbox 1481 3274 1800 3343; x_wconf 78' lang='lat' dir='ltr'><strong>Babiloniae,</strong></span> <span class='ocrx_word' id='word_1_513' title='bbox 1857 3275 2079 3331; x_wconf 90' lang='lat' dir='ltr'><strong>destrue</strong></span> <span class='ocrx_word' id='word_1_514' title='bbox 2162 3272 2490 3343; x_wconf 82' lang='lat' dir='ltr'><strong>degenerem</strong></span> <span class='ocrx_word' id='word_1_515' title='bbox 2544 3274 2833 3343; x_wconf 82' lang='lat' dir='ltr'><strong>probasti?</strong></span> <span class='ocrx_word' id='word_1_516' title='bbox 2885 3277 2951 3330; x_wconf 90' lang='lat' dir='ltr'><strong>Et</strong></span> <span class='ocrx_word' id='word_1_517' title='bbox 3012 3277 3265 3345; x_wconf 87' lang='lat' dir='ltr'><strong>experire</strong></span> <span class='ocrx_word' id='word_1_518' title='bbox 3303 3284 3454 3334; x_wconf 89' lang='lat' dir='ltr'><strong>certe</strong></span> <span class='ocrx_word' id='word_1_519' title='bbox 3493 3284 3678 3334; x_wconf 90' lang='lat' dir='ltr'><strong>utrum</strong></span> <span class='ocrx_word' id='word_1_520' title='bbox 3723 3280 3817 3335; x_wconf 81' lang='lat' dir='ltr'><strong>mi-</strong></span> 
     </span>
    </p>
   </div>
   <div class='ocr_carea' id='block_1_52' title="bbox 426 3362 3819 3434">
    <p class='ocr_par' dir='ltr' id='par_1_52' title="bbox 426 3362 3819 3434">
     <span class='ocr_line' id='line_1_52' title="bbox 426 3362 3819 3434; baseline -0 -9"><span class='ocrx_word' id='word_1_521' title='bbox 426 3383 575 3425; x_wconf 89' lang='lat' dir='ltr'><strong>nunc</strong></span> <span class='ocrx_word' id='word_1_522' title='bbox 606 3373 662 3424; x_wconf 92' lang='lat' dir='ltr'><strong>et</strong></span> <span class='ocrx_word' id='word_1_523' title='bbox 698 3367 848 3423; x_wconf 92' lang='lat' dir='ltr'><strong>hunc</strong></span> <span class='ocrx_word' id='word_1_524' title='bbox 877 3366 1080 3432; x_wconf 92' lang='lat' dir='ltr'><strong>locum,</strong></span> <span class='ocrx_word' id='word_1_525' title='bbox 1130 3365 1224 3421; x_wconf 90' lang='lat' dir='ltr'><strong>ubi</strong></span> <span class='ocrx_word' id='word_1_526' title='bbox 1272 3364 1547 3421; x_wconf 90' lang='lat' dir='ltr'><strong>diabolica</strong></span> <span class='ocrx_word' id='word_1_527' title='bbox 1585 3366 1980 3434; x_wconf 88' lang='lat' dir='ltr'><strong>superstitione</strong></span> <span class='ocrx_word' id='word_1_528' title='bbox 2019 3364 2081 3396; x_wconf 83' lang='grc'><strong>¹⁸⁷</strong></span> <span class='ocrx_word' id='word_1_529' title='bbox 2161 3362 2391 3417; x_wconf 89' lang='lat' dir='ltr'><strong>nistrum</strong></span> <span class='ocrx_word' id='word_1_530' title='bbox 2442 3376 2527 3417; x_wconf 91' lang='lat' dir='ltr'><strong>me</strong></span> <span class='ocrx_word' id='word_1_531' title='bbox 2567 3362 2821 3433; x_wconf 79' lang='lat' dir='ltr'><strong>elegeris.</strong></span> <span class='ocrx_word' id='word_1_532' title='bbox 2867 3363 2966 3419; x_wconf 88' lang='lat' dir='ltr'><strong>Cui</strong></span> <span class='ocrx_word' id='word_1_533' title='bbox 2997 3365 3348 3422; x_wconf 89' lang='lat' dir='ltr'><strong>commissisti</strong></span> <span class='ocrx_word' id='word_1_534' title='bbox 3388 3368 3660 3423; x_wconf 89' lang='lat' dir='ltr'><strong>Dominici</strong></span> <span class='ocrx_word' id='word_1_535' title='bbox 3700 3382 3819 3424; x_wconf 90' lang='lat' dir='ltr'><strong>san-</strong></span> 
     </span>
    </p>
   </div>
   <div class='ocr_carea' id='block_1_53' title="bbox 425 3452 3819 3530">
    <p class='ocr_par' dir='ltr' id='par_1_53' title="bbox 425 3452 3819 3530">
     <span class='ocr_line' id='line_1_53' title="bbox 425 3452 3819 3530; baseline -0.001 -15"><span class='ocrx_word' id='word_1_536' title='bbox 425 3473 527 3530; x_wconf 92' lang='lat' dir='ltr'><strong>per</strong></span> <span class='ocrx_word' id='word_1_537' title='bbox 564 3458 840 3514; x_wconf 89' lang='lat' dir='ltr'><strong>idolorum</strong></span> <span class='ocrx_word' id='word_1_538' title='bbox 871 3456 1140 3513; x_wconf 91' lang='lat' dir='ltr'><strong>culturam</strong></span> <span class='ocrx_word' id='word_1_539' title='bbox 1171 3456 1369 3512; x_wconf 73' lang='lat' dir='ltr'><strong>anima:</strong></span> <span class='ocrx_word' id='word_1_540' title='bbox 1400 3460 1633 3525; x_wconf 87' lang='lat' dir='ltr'><strong>pereunt</strong></span> <span class='ocrx_word' id='word_1_541' title='bbox 1662 3454 2013 3525; x_wconf 89' lang='lat' dir='ltr'><strong>populorum.</strong></span> <span class='ocrx_word' id='word_1_542' title='bbox 2050 3473 2079 3506; x_wconf 91' lang='lat'>»</span> <span class='ocrx_word' id='word_1_543' title='bbox 2162 3452 2307 3521; x_wconf 84' lang='lat' dir='ltr'><strong>ginis</strong></span> <span class='ocrx_word' id='word_1_544' title='bbox 2363 3452 2858 3519; x_wconf 90' lang='lat' dir='ltr'><strong>consecrationem,</strong></span> <span class='ocrx_word' id='word_1_545' title='bbox 2902 3454 2990 3508; x_wconf 93' lang='lat' dir='ltr'><strong>cui</strong></span> <span class='ocrx_word' id='word_1_546' title='bbox 3030 3456 3543 3513; x_wconf 91' lang='lat' dir='ltr'><strong>consummadorum</strong></span> <span class='ocrx_word' id='word_1_547' title='bbox 3593 3471 3819 3515; x_wconf 87' lang='lat' dir='ltr'><strong>consor-</strong></span> 
     </span>
    </p>
   </div>
   <div class='ocr_carea' id='block_1_54' title="bbox 423 3540 3815 3617">
    <p class='ocr_par' dir='ltr' id='par_1_54' title="bbox 423 3540 3815 3617">
     <span class='ocr_line' id='line_1_54' title="bbox 423 3540 3815 3617; baseline -0.001 -13"><span class='ocrx_word' id='word_1_548' title='bbox 423 3550 491 3604; x_wconf 87' lang='lat' dir='ltr'><strong>Et</strong></span> <span class='ocrx_word' id='word_1_549' title='bbox 519 3549 704 3604; x_wconf 91' lang='lat' dir='ltr'><strong>statim</strong></span> <span class='ocrx_word' id='word_1_550' title='bbox 733 3546 879 3603; x_wconf 87' lang='lat' dir='ltr'><strong>facto</strong></span> <span class='ocrx_word' id='word_1_551' title='bbox 908 3543 1166 3617; x_wconf 88' lang='lat' dir='ltr'><strong>frangore</strong></span> <span class='ocrx_word' id='word_1_552' title='bbox 1204 3545 1435 3601; x_wconf 90' lang='lat' dir='ltr'><strong>tonitrui</strong></span> <span class='ocrx_word' id='word_1_553' title='bbox 1475 3559 1598 3601; x_wconf 90' lang='lat' dir='ltr'><strong>cum</strong></span> <span class='ocrx_word' id='word_1_554' title='bbox 1646 3545 1955 3601; x_wconf 89' lang='lat' dir='ltr'><strong>terroribus</strong></span> <span class='ocrx_word' id='word_1_555' title='bbox 1992 3557 2083 3600; x_wconf 92' lang='lat' dir='ltr'><strong>co-</strong></span> <span class='ocrx_word' id='word_1_556' title='bbox 2164 3541 2301 3596; x_wconf 89' lang='lat' dir='ltr'><strong>tium</strong></span> <span class='ocrx_word' id='word_1_557' title='bbox 2330 3547 2817 3609; x_wconf 89' lang='lat' dir='ltr'><strong>sacramentorum,</strong></span> <span class='ocrx_word' id='word_1_558' title='bbox 2850 3540 2941 3597; x_wconf 88' lang='lat' dir='ltr'><strong>hic</strong></span> <span class='ocrx_word' id='word_1_559' title='bbox 2973 3540 3028 3573; x_wconf 84' lang='grc'><strong>¹⁹¹</strong></span> <span class='ocrx_word' id='word_1_560' title='bbox 3060 3543 3306 3615; x_wconf 86' lang='lat' dir='ltr'><strong>sanginis</strong></span> <span class='ocrx_word' id='word_1_561' title='bbox 3347 3546 3426 3600; x_wconf 90' lang='lat' dir='ltr'><strong>tui</strong></span> <span class='ocrx_word' id='word_1_562' title='bbox 3476 3549 3815 3603; x_wconf 90' lang='lat' dir='ltr'><strong>consortium</strong></span> 
     </span>
    </p>
   </div>
   <div class='ocr_carea' id='block_1_55' title="bbox 424 3630 3818 3705">
    <p class='ocr_par' dir='ltr' id='par_1_55' title="bbox 424 3630 3818 3705">
     <span class='ocr_line' id='line_1_55' title="bbox 424 3630 3818 3705; baseline -0.001 -10"><span class='ocrx_word' id='word_1_563' title='bbox 424 3639 824 3705; x_wconf 89' lang='lat' dir='ltr'><strong>ruscationum,</strong></span> <span class='ocrx_word' id='word_1_564' title='bbox 876 3637 1087 3692; x_wconf 88' lang='lat' dir='ltr'><strong>corruit</strong></span> <span class='ocrx_word' id='word_1_565' title='bbox 1144 3635 1377 3691; x_wconf 87' lang='lat' dir='ltr'><strong>maxima</strong></span> <span class='ocrx_word' id='word_1_566' title='bbox 1429 3649 1558 3705; x_wconf 91' lang='lat' dir='ltr'><strong>pars</strong></span> <span class='ocrx_word' id='word_1_567' title='bbox 1596 3634 1807 3705; x_wconf 89' lang='lat' dir='ltr'><strong>templi,</strong></span> <span class='ocrx_word' id='word_1_568' title='bbox 1850 3640 1906 3691; x_wconf 91' lang='lat' dir='ltr'><strong>et</strong></span> <span class='ocrx_word' id='word_1_569' title='bbox 1943 3634 2087 3690; x_wconf 91' lang='lat' dir='ltr'><strong>mili-</strong></span> <span class='ocrx_word' id='word_1_570' title='bbox 2167 3643 2355 3702; x_wconf 89' lang='lat' dir='ltr'><strong>negas.</strong></span> <span class='ocrx_word' id='word_1_571' title='bbox 2424 3630 2560 3687; x_wconf 91' lang='lat' dir='ltr'><strong>Vide</strong></span> <span class='ocrx_word' id='word_1_572' title='bbox 2627 3644 2697 3686; x_wconf 92' lang='lat' dir='ltr'><strong>ne</strong></span> <span class='ocrx_word' id='word_1_573' title='bbox 2762 3631 3110 3700; x_wconf 89' lang='lat' dir='ltr'><strong>periclitetur</strong></span> <span class='ocrx_word' id='word_1_574' title='bbox 3168 3633 3434 3703; x_wconf 91' lang='lat' dir='ltr'><strong>judicium</strong></span> <span class='ocrx_word' id='word_1_575' title='bbox 3474 3641 3652 3699; x_wconf 87' lang='lat' dir='ltr'><strong>tuum,</strong></span> <span class='ocrx_word' id='word_1_576' title='bbox 3693 3637 3818 3693; x_wconf 88' lang='lat' dir='ltr'><strong>dum</strong></span> 
     </span>
    </p>
   </div>
   <div class='ocr_carea' id='block_1_56' title="bbox 426 3717 3813 3797">
    <p class='ocr_par' dir='ltr' id='par_1_56' title="bbox 426 3717 3813 3797">
     <span class='ocr_line' id='line_1_56' title="bbox 426 3717 3813 3797; baseline -0.001 -15"><span class='ocrx_word' id='word_1_577' title='bbox 426 3733 511 3783; x_wconf 92' lang='lat' dir='ltr'><strong>tes</strong></span> <span class='ocrx_word' id='word_1_578' title='bbox 550 3724 814 3797; x_wconf 90' lang='lat' dir='ltr'><strong>pavefacti</strong></span> <span class='ocrx_word' id='word_1_579' title='bbox 872 3724 1171 3795; x_wconf 85' lang='lat' dir='ltr'><strong>fugierunt.</strong></span> <span class='ocrx_word' id='word_1_580' title='bbox 1222 3726 1420 3780; x_wconf 89' lang='lat' dir='ltr'><strong>Beatus</strong></span> <span class='ocrx_word' id='word_1_581' title='bbox 1465 3737 1596 3780; x_wconf 89' lang='lat' dir='ltr'><strong>vero</strong></span> <span class='ocrx_word' id='word_1_582' title='bbox 1636 3724 1924 3795; x_wconf 89' lang='lat' dir='ltr'><strong>Zephanus</strong></span> <span class='ocrx_word' id='word_1_583' title='bbox 1962 3738 2088 3795; x_wconf 90' lang='lat' dir='ltr'><strong>per-</strong></span> <span class='ocrx_word' id='word_1_584' title='bbox 2166 3717 2439 3775; x_wconf 90' lang='lat' dir='ltr'><strong>fortitudo</strong></span> <span class='ocrx_word' id='word_1_585' title='bbox 2493 3718 2768 3775; x_wconf 88' lang='lat' dir='ltr'><strong>laudatur.</strong></span> <span class='ocrx_word' id='word_1_586' title='bbox 2825 3719 3078 3789; x_wconf 88' lang='lat' dir='ltr'><strong>Abjectio</strong></span> <span class='ocrx_word' id='word_1_587' title='bbox 3126 3721 3384 3792; x_wconf 90' lang='lat' dir='ltr'><strong>discipuli</strong></span> <span class='ocrx_word' id='word_1_588' title='bbox 3423 3723 3813 3782; x_wconf 88' lang='lat' dir='ltr'><strong>detrimentum</strong></span> 
     </span>
    </p>
   </div>
   <div class='ocr_carea' id='block_1_57' title="bbox 2167 3807 3814 3881">
    <p class='ocr_par' dir='ltr' id='par_1_57' title="bbox 2167 3807 3814 3881">
     <span class='ocr_line' id='line_1_57' title="bbox 2167 3807 3814 3881; baseline 0.004 -17"><span class='ocrx_word' id='word_1_589' title='bbox 2167 3807 2435 3879; x_wconf 83' lang='lat' dir='ltr'><strong>magistri.</strong></span> <span class='ocrx_word' id='word_1_590' title='bbox 2475 3807 2636 3876; x_wconf 87' lang='lat' dir='ltr'><strong>Quid,</strong></span> <span class='ocrx_word' id='word_1_591' title='bbox 2677 3808 2825 3878; x_wconf 91' lang='lat' dir='ltr'><strong>quod</strong></span> <span class='ocrx_word' id='word_1_592' title='bbox 2858 3809 3145 3867; x_wconf 90' lang='lat' dir='ltr'><strong>inlustrius</strong></span> <span class='ocrx_word' id='word_1_593' title='bbox 3170 3816 3479 3881; x_wconf 89' lang='lat' dir='ltr'><strong>prestantes</strong></span> <span class='ocrx_word' id='word_1_594' title='bbox 3506 3814 3608 3868; x_wconf 85' lang='lat' dir='ltr'><strong>viri</strong></span> <span class='ocrx_word' id='word_1_595' title='bbox 3642 3814 3814 3870; x_wconf 89' lang='lat' dir='ltr'><strong>disci-</strong></span> 
     </span>
    </p>
   </div>
   <div class='ocr_carea' id='block_1_58' title="bbox 427 3899 3810 3974">
    <p class='ocr_par' dir='ltr' id='par_1_58' title="bbox 427 3899 3810 3974">
     <span class='ocr_line' id='line_1_58' title="bbox 427 3899 3810 3974; baseline -0 -16"><span class='ocrx_word' id='word_1_596' title='bbox 427 3907 532 3958; x_wconf 71' lang='lat' dir='ltr'><strong>cta:</strong></span> <span class='ocrx_word' id='word_1_597' title='bbox 580 3903 784 3968; x_wconf 79' lang='lat' dir='ltr'><strong>Luciae,</strong></span> <span class='ocrx_word' id='word_1_598' title='bbox 844 3908 901 3957; x_wconf 91' lang='lat' dir='ltr'><strong>et</strong></span> <span class='ocrx_word' id='word_1_599' title='bbox 938 3901 1127 3956; x_wconf 90' lang='lat' dir='ltr'><strong>multis</strong></span> <span class='ocrx_word' id='word_1_600' title='bbox 1185 3915 1281 3957; x_wconf 90' lang='lat' dir='ltr'><strong>eos</strong></span> <span class='ocrx_word' id='word_1_601' title='bbox 1337 3901 1656 3958; x_wconf 89' lang='lat' dir='ltr'><strong>consulatus</strong></span> <span class='ocrx_word' id='word_1_602' title='bbox 1712 3903 2082 3970; x_wconf 89' lang='lat' dir='ltr'><strong>sermonibus,</strong></span> <span class='ocrx_word' id='word_1_603' title='bbox 2168 3899 2424 3969; x_wconf 87' lang='lat' dir='ltr'><strong>pulcrum</strong></span> <span class='ocrx_word' id='word_1_604' title='bbox 2453 3899 2849 3955; x_wconf 90' lang='lat' dir='ltr'><strong>certaminibus</strong></span> <span class='ocrx_word' id='word_1_605' title='bbox 2873 3901 2969 3970; x_wconf 90' lang='lat' dir='ltr'><strong>qui</strong></span> <span class='ocrx_word' id='word_1_606' title='bbox 3007 3902 3403 3971; x_wconf 88' lang='lat' dir='ltr'><strong>supervincunt</strong></span> <span class='ocrx_word' id='word_1_607' title='bbox 3443 3900 3528 3957; x_wconf 70' lang='lat' dir='ltr'><strong>m?</strong></span> <span class='ocrx_word' id='word_1_608' title='bbox 3566 3903 3810 3974; x_wconf 89' lang='lat' dir='ltr'><strong>Denique</strong></span> 
     </span>
    </p>
   </div>
   <div class='ocr_carea' id='block_1_59' title="bbox 425 3988 3811 4061">
    <p class='ocr_par' dir='ltr' id='par_1_59' title="bbox 425 3988 3811 4061">
     <span class='ocr_line' id='line_1_59' title="bbox 425 3988 3811 4061; baseline 0.001 -16"><span class='ocrx_word' id='word_1_609' title='bbox 425 3990 628 4046; x_wconf 90' lang='lat' dir='ltr'><strong>obtulit</strong></span> <span class='ocrx_word' id='word_1_610' title='bbox 666 4003 767 4060; x_wconf 90' lang='lat' dir='ltr'><strong>pro</strong></span> <span class='ocrx_word' id='word_1_611' title='bbox 806 3989 888 4045; x_wconf 92' lang='lat' dir='ltr'><strong>eis</strong></span> <span class='ocrx_word' id='word_1_612' title='bbox 916 3989 1243 4045; x_wconf 88' lang='lat' dir='ltr'><strong>sacriﬁcium</strong></span> <span class='ocrx_word' id='word_1_613' title='bbox 1274 3991 1384 4045; x_wconf 91' lang='lat' dir='ltr'><strong>Deo</strong></span> <span class='ocrx_word' id='word_1_614' title='bbox 1436 3988 1497 4021; x_wconf 73' lang='grc'><strong>³⁸⁸</strong></span> <span class='ocrx_word' id='word_1_615' title='bbox 1535 3989 1876 4046; x_wconf 79' lang='lat' dir='ltr'><strong>offerentem.</strong></span> <span class='ocrx_word' id='word_1_616' title='bbox 1915 3992 2082 4058; x_wconf 87' lang='lat' dir='ltr'><strong>Quem</strong></span> <span class='ocrx_word' id='word_1_617' title='bbox 2165 3988 2437 4044; x_wconf 83' lang='lat' dir='ltr'><strong>Abraham</strong></span> <span class='ocrx_word' id='word_1_618' title='bbox 2466 3988 2634 4044; x_wconf 88' lang='lat' dir='ltr'><strong>ﬁlium</strong></span> <span class='ocrx_word' id='word_1_619' title='bbox 2676 3988 2898 4056; x_wconf 86' lang='lat' dir='ltr'><strong>obtulit,</strong></span> <span class='ocrx_word' id='word_1_620' title='bbox 2940 3990 3135 4045; x_wconf 91' lang='lat' dir='ltr'><strong>Petrus</strong></span> <span class='ocrx_word' id='word_1_621' title='bbox 3163 3991 3498 4060; x_wconf 88' lang='lat' dir='ltr'><strong>Stephanum</strong></span> <span class='ocrx_word' id='word_1_622' title='bbox 3539 3992 3811 4061; x_wconf 87' lang='lat' dir='ltr'><strong>premisit,</strong></span> 
     </span>
    </p>
   </div>
   <div class='ocr_carea' id='block_1_60' title="bbox 419 4078 3813 4148">
    <p class='ocr_par' dir='ltr' id='par_1_60' title="bbox 419 4078 3813 4148">
     <span class='ocr_line' id='line_1_60' title="bbox 419 4078 3813 4148; baseline 0.001 -15"><span class='ocrx_word' id='word_1_623' title='bbox 419 4078 759 4147; x_wconf 89' lang='lat' dir='ltr'><strong>intrepidum</strong></span> <span class='ocrx_word' id='word_1_624' title='bbox 800 4085 855 4134; x_wconf 92' lang='lat' dir='ltr'><strong>et</strong></span> <span class='ocrx_word' id='word_1_625' title='bbox 894 4082 1238 4134; x_wconf 88' lang='lat' dir='ltr'><strong>constantem</strong></span> <span class='ocrx_word' id='word_1_626' title='bbox 1278 4084 1407 4134; x_wconf 91' lang='lat' dir='ltr'><strong>ante</strong></span> <span class='ocrx_word' id='word_1_627' title='bbox 1456 4079 1646 4135; x_wconf 88' lang='lat' dir='ltr'><strong>altaris</strong></span> <span class='ocrx_word' id='word_1_628' title='bbox 1702 4080 1989 4136; x_wconf 88' lang='lat' dir='ltr'><strong>sollemnia</strong></span> <span class='ocrx_word' id='word_1_629' title='bbox 2029 4084 2085 4135; x_wconf 92' lang='lat' dir='ltr'><strong>et</strong></span> <span class='ocrx_word' id='word_1_630' title='bbox 2166 4084 2222 4135; x_wconf 91' lang='lat' dir='ltr'><strong>et</strong></span> <span class='ocrx_word' id='word_1_631' title='bbox 2265 4084 2344 4145; x_wconf 92' lang='lat' dir='ltr'><strong>tu,</strong></span> <span class='ocrx_word' id='word_1_632' title='bbox 2388 4083 2563 4148; x_wconf 89' lang='lat' dir='ltr'><strong>pater,</strong></span> <span class='ocrx_word' id='word_1_633' title='bbox 2607 4078 2838 4134; x_wconf 88' lang='lat' dir='ltr'><strong>ostende</strong></span> <span class='ocrx_word' id='word_1_634' title='bbox 2894 4078 2949 4133; x_wconf 91' lang='lat' dir='ltr'><strong>in</strong></span> <span class='ocrx_word' id='word_1_635' title='bbox 2998 4078 3111 4135; x_wconf 89' lang='lat' dir='ltr'><strong>ﬁlio</strong></span> <span class='ocrx_word' id='word_1_636' title='bbox 3160 4080 3414 4136; x_wconf 88' lang='lat' dir='ltr'><strong>virtutem</strong></span> <span class='ocrx_word' id='word_1_637' title='bbox 3455 4087 3625 4136; x_wconf 91' lang='lat' dir='ltr'><strong>tuam.</strong></span> <span class='ocrx_word' id='word_1_638' title='bbox 3669 4081 3813 4137; x_wconf 75' lang='lat' dir='ltr'><strong>Oﬁer</strong></span> 
     </span>
    </p>
   </div>
   <div class='ocr_carea' id='block_1_61' title="bbox 422 4166 3810 4240">
    <p class='ocr_par' dir='ltr' id='par_1_61' title="bbox 422 4166 3810 4240">
     <span class='ocr_line' id='line_1_61' title="bbox 422 4166 3810 4240; baseline -0 -15"><span class='ocrx_word' id='word_1_639' title='bbox 422 4173 584 4238; x_wconf 92' lang='lat' dir='ltr'><strong>cepta</strong></span> <span class='ocrx_word' id='word_1_640' title='bbox 622 4167 1000 4237; x_wconf 88' lang='lat' dir='ltr'><strong>perﬁcientem</strong></span> <span class='ocrx_word' id='word_1_641' title='bbox 1039 4168 1095 4221; x_wconf 91' lang='lat' dir='ltr'><strong>in</strong></span> <span class='ocrx_word' id='word_1_642' title='bbox 1127 4168 1317 4223; x_wconf 88' lang='lat' dir='ltr'><strong>eadem</strong></span> <span class='ocrx_word' id='word_1_643' title='bbox 1351 4168 1476 4224; x_wconf 92' lang='lat' dir='ltr'><strong>loco</strong></span> <span class='ocrx_word' id='word_1_644' title='bbox 1507 4169 1920 4225; x_wconf 87' lang='lat' dir='ltr'><strong>decollaverunt</strong></span> <span class='ocrx_word' id='word_1_645' title='bbox 1951 4170 2083 4225; x_wconf 86' lang='lat' dir='ltr'><strong>sede</strong></span> <span class='ocrx_word' id='word_1_646' title='bbox 2164 4181 2327 4237; x_wconf 92' lang='lat' dir='ltr'><strong>quem</strong></span> <span class='ocrx_word' id='word_1_647' title='bbox 2377 4166 2628 4232; x_wconf 90' lang='lat' dir='ltr'><strong>erudisti,</strong></span> <span class='ocrx_word' id='word_1_648' title='bbox 2682 4172 2741 4222; x_wconf 92' lang='lat' dir='ltr'><strong>ut</strong></span> <span class='ocrx_word' id='word_1_649' title='bbox 2780 4167 2975 4236; x_wconf 91' lang='lat' dir='ltr'><strong>judicii</strong></span> <span class='ocrx_word' id='word_1_650' title='bbox 3025 4168 3103 4223; x_wconf 92' lang='lat' dir='ltr'><strong>tui</strong></span> <span class='ocrx_word' id='word_1_651' title='bbox 3147 4169 3409 4225; x_wconf 90' lang='lat' dir='ltr'><strong>comitatu</strong></span> <span class='ocrx_word' id='word_1_652' title='bbox 3463 4169 3641 4225; x_wconf 89' lang='lat' dir='ltr'><strong>nobili</strong></span> <span class='ocrx_word' id='word_1_653' title='bbox 3682 4184 3810 4240; x_wconf 86' lang='lat' dir='ltr'><strong>per-</strong></span> 
     </span>
    </p>
   </div>
   <div class='ocr_carea' id='block_1_62' title="bbox 420 4255 3809 4328">
    <p class='ocr_par' dir='ltr' id='par_1_62' title="bbox 420 4255 3809 4328">
     <span class='ocr_line' id='line_1_62' title="bbox 420 4255 3809 4328; baseline 0.001 -18"><span class='ocrx_word' id='word_1_654' title='bbox 420 4257 475 4314; x_wconf 90' lang='lat'><strong>4.</strong></span> <span class='ocrx_word' id='word_1_655' title='bbox 510 4258 651 4312; x_wconf 89' lang='lat' dir='ltr'><strong>Non.</strong></span> <span class='ocrx_word' id='word_1_656' title='bbox 677 4255 928 4327; x_wconf 85' lang='lat' dir='ltr'><strong>Augusti.</strong></span> <span class='ocrx_word' id='word_1_657' title='bbox 966 4256 1092 4328; x_wconf 86' lang='lat' dir='ltr'><strong>(An.</strong></span> <span class='ocrx_word' id='word_1_658' title='bbox 1125 4256 1319 4327; x_wconf 83' lang='lat' dir='ltr'><strong>Mart.)</strong></span> <span class='ocrx_word' id='word_1_659' title='bbox 1350 4258 1519 4328; x_wconf 91' lang='lat' dir='ltr'><strong>Cujus</strong></span> <span class='ocrx_word' id='word_1_660' title='bbox 1558 4272 1762 4327; x_wconf 87' lang='lat' dir='ltr'><strong>corpus</strong></span> <span class='ocrx_word' id='word_1_661' title='bbox 1783 4258 2081 4313; x_wconf 87' lang='lat' dir='ltr'><strong>Christiani</strong></span> <span class='ocrx_word' id='word_1_662' title='bbox 2162 4257 2350 4312; x_wconf 88' lang='lat' dir='ltr'><strong>venias</strong></span> <span class='ocrx_word' id='word_1_663' title='bbox 2377 4256 2445 4311; x_wconf 91' lang='lat' dir='ltr'><strong>ad</strong></span> <span class='ocrx_word' id='word_1_664' title='bbox 2487 4270 2767 4312; x_wconf 87' lang='lat' dir='ltr'><strong>coronam.</strong></span> <span class='ocrx_word' id='word_1_665' title='bbox 2794 4277 2819 4307; x_wconf 73' lang='grc' dir='ltr'><strong>ι»</strong></span> <span class='ocrx_word' id='word_1_666' title='bbox 2850 4258 3000 4313; x_wconf 87' lang='lat' dir='ltr'><strong>Tunc</strong></span> <span class='ocrx_word' id='word_1_667' title='bbox 3037 4258 3231 4314; x_wconf 89' lang='lat' dir='ltr'><strong>beatus</strong></span> <span class='ocrx_word' id='word_1_668' title='bbox 3267 4259 3451 4315; x_wconf 88' lang='lat' dir='ltr'><strong>Sixtus</strong></span> <span class='ocrx_word' id='word_1_669' title='bbox 3479 4259 3589 4315; x_wconf 90' lang='lat' dir='ltr'><strong>ait:</strong></span> <span class='ocrx_word' id='word_1_670' title='bbox 3629 4278 3658 4311; x_wconf 74' lang='grc' dir='ltr'><strong>ς(</strong></span> <span class='ocrx_word' id='word_1_671' title='bbox 3689 4261 3809 4315; x_wconf 89' lang='lat' dir='ltr'><strong>Non</strong></span> 
     </span>
    </p>
   </div>
   <div class='ocr_carea' id='block_1_63' title="bbox 422 4344 3807 4418">
    <p class='ocr_par' dir='ltr' id='par_1_63' title="bbox 422 4344 3807 4418">
     <span class='ocr_line' id='line_1_63' title="bbox 422 4344 3807 4418; baseline -0.001 -16"><span class='ocrx_word' id='word_1_672' title='bbox 422 4346 612 4418; x_wconf 90' lang='lat' dir='ltr'><strong>populi</strong></span> <span class='ocrx_word' id='word_1_673' title='bbox 642 4345 972 4416; x_wconf 90' lang='lat' dir='ltr'><strong>scpilierunt</strong></span> <span class='ocrx_word' id='word_1_674' title='bbox 1000 4346 1055 4401; x_wconf 91' lang='lat' dir='ltr'><strong>in</strong></span> <span class='ocrx_word' id='word_1_675' title='bbox 1096 4346 1287 4401; x_wconf 91' lang='lat' dir='ltr'><strong>eadem</strong></span> <span class='ocrx_word' id='word_1_676' title='bbox 1356 4347 1554 4416; x_wconf 89' lang='lat' dir='ltr'><strong>cripta,</strong></span> <span class='ocrx_word' id='word_1_677' title='bbox 1607 4360 1730 4402; x_wconf 92' lang='lat' dir='ltr'><strong>cum</strong></span> <span class='ocrx_word' id='word_1_678' title='bbox 1768 4347 1889 4416; x_wconf 87' lang='lat' dir='ltr'><strong>ipsa</strong></span> <span class='ocrx_word' id='word_1_679' title='bbox 1928 4347 2081 4415; x_wconf 92' lang='lat' dir='ltr'><strong>sede,</strong></span> <span class='ocrx_word' id='word_1_680' title='bbox 2166 4358 2270 4415; x_wconf 91' lang='lat' dir='ltr'><strong>ego</strong></span> <span class='ocrx_word' id='word_1_681' title='bbox 2309 4351 2363 4400; x_wconf 90' lang='lat' dir='ltr'><strong>te</strong></span> <span class='ocrx_word' id='word_1_682' title='bbox 2402 4344 2749 4416; x_wconf 89' lang='lat' dir='ltr'><strong>derelinquo,</strong></span> <span class='ocrx_word' id='word_1_683' title='bbox 2783 4346 2879 4414; x_wconf 88' lang='lat' dir='ltr'><strong>ﬁli,</strong></span> <span class='ocrx_word' id='word_1_684' title='bbox 2911 4360 3015 4402; x_wconf 90' lang='lat' dir='ltr'><strong>nec</strong></span> <span class='ocrx_word' id='word_1_685' title='bbox 3053 4347 3271 4415; x_wconf 86' lang='lat' dir='ltr'><strong>desero,</strong></span> <span class='ocrx_word' id='word_1_686' title='bbox 3312 4348 3409 4403; x_wconf 90' lang='lat' dir='ltr'><strong>sed</strong></span> <span class='ocrx_word' id='word_1_687' title='bbox 3460 4350 3671 4418; x_wconf 88' lang='lat' dir='ltr'><strong>majora</strong></span> <span class='ocrx_word' id='word_1_688' title='bbox 3709 4347 3807 4403; x_wconf 89' lang='lat' dir='ltr'><strong>tibi</strong></span> 
     </span>
    </p>
   </div>
   <div class='ocr_carea' id='block_1_64' title="bbox 425 4433 3807 4531">
    <p class='ocr_par' dir='ltr' id='par_1_64' title="bbox 425 4433 3807 4531">
     <span class='ocr_line' id='line_1_64' title="bbox 425 4433 3807 4531; baseline 0 -40"><span class='ocrx_word' id='word_1_689' title='bbox 425 4435 551 4509; x_wconf 78' lang='lat' dir='ltr'><strong>[ubi</strong></span> <span class='ocrx_word' id='word_1_690' title='bbox 577 4434 655 4505; x_wconf 66' lang='lat'><strong>“9]</strong></span> <span class='ocrx_word' id='word_1_691' title='bbox 700 4442 886 4491; x_wconf 91' lang='lat' dir='ltr'><strong>astans</strong></span> <span class='ocrx_word' id='word_1_692' title='bbox 925 4435 1112 4507; x_wconf 87' lang='lat' dir='ltr'><strong>sangis</strong></span> <span class='ocrx_word' id='word_1_693' title='bbox 1150 4434 1388 4491; x_wconf 82' lang='lat' dir='ltr'><strong>etfussus</strong></span> <span class='ocrx_word' id='word_1_694' title='bbox 1427 4441 1531 4501; x_wconf 92' lang='lat' dir='ltr'><strong>est,</strong></span> <span class='ocrx_word' id='word_1_695' title='bbox 1583 4435 1638 4489; x_wconf 90' lang='lat' dir='ltr'><strong>in</strong></span> <span class='ocrx_word' id='word_1_696' title='bbox 1670 4435 1827 4531; x_wconf 38' lang='lat' dir='ltr'><strong>loco.</strong></span> <span class='ocrx_word' id='word_1_697' title='bbox 1860 4437 1955 4505; x_wconf 89' lang='lat' dir='ltr'><strong>qui</strong></span> <span class='ocrx_word' id='word_1_698' title='bbox 1987 4433 2371 4531; x_wconf 80' lang='lat' dir='ltr'><strong>ap-Ddebcnt</strong></span> <span class='ocrx_word' id='word_1_699' title='bbox 2408 4435 2726 4531; x_wconf 73' lang='lat' dir='ltr'><strong>certamina.</strong></span> <span class='ocrx_word' id='word_1_700' title='bbox 2776 4437 2889 4491; x_wconf 87' lang='lat' dir='ltr'><strong>Nos</strong></span> <span class='ocrx_word' id='word_1_701' title='bbox 2926 4435 3082 4531; x_wconf 79' lang='lat' dir='ltr'><strong>quasi</strong></span> <span class='ocrx_word' id='word_1_702' title='bbox 3129 4450 3290 4491; x_wconf 90' lang='lat' dir='ltr'><strong>senes</strong></span> <span class='ocrx_word' id='word_1_703' title='bbox 3334 4436 3557 4493; x_wconf 89' lang='lat' dir='ltr'><strong>levioris</strong></span> <span class='ocrx_word' id='word_1_704' title='bbox 3605 4451 3807 4508; x_wconf 58' lang='lat' dir='ltr'><strong>pugna:</strong></span> 
     </span>
    </p>
   </div>
   <div class='ocr_carea' id='block_1_65' title="bbox 422 4522 3809 4596">
    <p class='ocr_par' dir='ltr' id='par_1_65' title="bbox 422 4522 3809 4596">
     <span class='ocr_line' id='line_1_65' title="bbox 422 4522 3809 4596; baseline 0.001 -17"><span class='ocrx_word' id='word_1_705' title='bbox 422 4525 661 4595; x_wconf 89' lang='lat' dir='ltr'><strong>pellatur</strong></span> <span class='ocrx_word' id='word_1_706' title='bbox 714 4524 880 4580; x_wconf 90' lang='lat' dir='ltr'><strong>hodie</strong></span> <span class='ocrx_word' id='word_1_707' title='bbox 949 4524 1266 4579; x_wconf 90' lang='lat' dir='ltr'><strong>cimitirium</strong></span> <span class='ocrx_word' id='word_1_708' title='bbox 1332 4524 1540 4579; x_wconf 89' lang='lat' dir='ltr'><strong>Calisti.</strong></span> <span class='ocrx_word' id='word_1_709' title='bbox 1606 4523 1701 4595; x_wconf 83' lang='lat' dir='ltr'><strong>(cf.</strong></span> <span class='ocrx_word' id='word_1_710' title='bbox 1743 4523 1858 4579; x_wconf 80' lang='lat' dir='ltr'><strong>Lib.</strong></span> <span class='ocrx_word' id='word_1_711' title='bbox 1904 4522 2135 4595; x_wconf 82' lang='lat' dir='ltr'><strong>pont.)&quot;</strong></span> <span class='ocrx_word' id='word_1_712' title='bbox 2162 4536 2381 4577; x_wconf 89' lang='lat' dir='ltr'><strong>cursum</strong></span> <span class='ocrx_word' id='word_1_713' title='bbox 2413 4522 2763 4592; x_wconf 89' lang='lat' dir='ltr'><strong>suscipimus,</strong></span> <span class='ocrx_word' id='word_1_714' title='bbox 2805 4529 2859 4579; x_wconf 92' lang='lat' dir='ltr'><strong>te</strong></span> <span class='ocrx_word' id='word_1_715' title='bbox 2889 4524 3044 4594; x_wconf 90' lang='lat' dir='ltr'><strong>quasi</strong></span> <span class='ocrx_word' id='word_1_716' title='bbox 3078 4527 3333 4594; x_wconf 85' lang='lat' dir='ltr'><strong>juvenem</strong></span> <span class='ocrx_word' id='word_1_717' title='bbox 3364 4525 3665 4596; x_wconf 89' lang='lat' dir='ltr'><strong>gloriosior</strong></span> <span class='ocrx_word' id='word_1_718' title='bbox 3700 4540 3809 4581; x_wconf 89' lang='lat' dir='ltr'><strong>ma—</strong></span> 
     </span>
    </p>
   </div>
   <div class='ocr_carea' id='block_1_66' title="bbox 421 4612 3805 4682">
    <p class='ocr_par' dir='ltr' id='par_1_66' title="bbox 421 4612 3805 4682">
     <span class='ocr_line' id='line_1_66' title="bbox 421 4612 3805 4682; baseline 0.001 -14"><span class='ocrx_word' id='word_1_719' title='bbox 421 4614 523 4668; x_wconf 86' lang='lat' dir='ltr'><strong>Hic</strong></span> <span class='ocrx_word' id='word_1_720' title='bbox 552 4612 842 4669; x_wconf 89' lang='lat' dir='ltr'><strong>constituit</strong></span> <span class='ocrx_word' id='word_1_721' title='bbox 880 4616 940 4667; x_wconf 93' lang='lat' dir='ltr'><strong>ut</strong></span> <span class='ocrx_word' id='word_1_722' title='bbox 977 4612 1296 4667; x_wconf 90' lang='lat' dir='ltr'><strong>sacerdotes</strong></span> <span class='ocrx_word' id='word_1_723' title='bbox 1340 4618 1394 4667; x_wconf 90' lang='lat' dir='ltr'><strong>et</strong></span> <span class='ocrx_word' id='word_1_724' title='bbox 1432 4612 1610 4668; x_wconf 72' lang='lat' dir='ltr'><strong>levita:</strong></span> <span class='ocrx_word' id='word_1_725' title='bbox 1659 4618 1842 4668; x_wconf 85' lang='lat' dir='ltr'><strong>vestes</strong></span> <span class='ocrx_word' id='word_1_726' title='bbox 1893 4628 2079 4668; x_wconf 91' lang='lat' dir='ltr'><strong>sacras</strong></span> <span class='ocrx_word' id='word_1_727' title='bbox 2162 4618 2255 4667; x_wconf 90' lang='lat' dir='ltr'><strong>net</strong></span> <span class='ocrx_word' id='word_1_728' title='bbox 2284 4612 2352 4668; x_wconf 90' lang='lat' dir='ltr'><strong>de</strong></span> <span class='ocrx_word' id='word_1_729' title='bbox 2374 4613 2594 4669; x_wconf 89' lang='lat' dir='ltr'><strong>tiranno</strong></span> <span class='ocrx_word' id='word_1_730' title='bbox 2625 4612 2687 4644; x_wconf 82' lang='grc'><strong>¹⁹³</strong></span> <span class='ocrx_word' id='word_1_731' title='bbox 2715 4612 2988 4669; x_wconf 88' lang='lat' dir='ltr'><strong>triumfus.</strong></span> <span class='ocrx_word' id='word_1_732' title='bbox 3022 4615 3144 4669; x_wconf 86' lang='lat' dir='ltr'><strong>Mox</strong></span> <span class='ocrx_word' id='word_1_733' title='bbox 3169 4616 3378 4682; x_wconf 89' lang='lat' dir='ltr'><strong>venies,</strong></span> <span class='ocrx_word' id='word_1_734' title='bbox 3409 4614 3542 4671; x_wconf 86' lang='lat' dir='ltr'><strong>ﬂere</strong></span> <span class='ocrx_word' id='word_1_735' title='bbox 3575 4614 3805 4680; x_wconf 88' lang='lat' dir='ltr'><strong>desiste,</strong></span> 
     </span>
    </p>
   </div>
   <div class='ocr_carea' id='block_1_67' title="bbox 418 4700 3807 4773">
    <p class='ocr_par' dir='ltr' id='par_1_67' title="bbox 418 4700 3807 4773">
     <span class='ocr_line' id='line_1_67' title="bbox 418 4700 3807 4773; baseline 0 -16"><span class='ocrx_word' id='word_1_736' title='bbox 418 4702 477 4758; x_wconf 91' lang='lat' dir='ltr'><strong>in</strong></span> <span class='ocrx_word' id='word_1_737' title='bbox 499 4701 782 4758; x_wconf 88' lang='lat' dir='ltr'><strong>cotidiano</strong></span> <span class='ocrx_word' id='word_1_738' title='bbox 805 4715 906 4756; x_wconf 91' lang='lat' dir='ltr'><strong>usu</strong></span> <span class='ocrx_word' id='word_1_739' title='bbox 927 4714 1037 4756; x_wconf 94' lang='lat' dir='ltr'><strong>non</strong></span> <span class='ocrx_word' id='word_1_740' title='bbox 1061 4700 1471 4767; x_wconf 90' lang='lat' dir='ltr'><strong>haberent,nisi</strong></span> <span class='ocrx_word' id='word_1_741' title='bbox 1494 4708 1700 4757; x_wconf 89' lang='lat' dir='ltr'><strong>tantum</strong></span> <span class='ocrx_word' id='word_1_742' title='bbox 1725 4702 1780 4756; x_wconf 92' lang='lat' dir='ltr'><strong>in</strong></span> <span class='ocrx_word' id='word_1_743' title='bbox 1802 4701 2072 4757; x_wconf 73' lang='lat' dir='ltr'><strong>aecclesia.</strong></span> <span class='ocrx_word' id='word_1_744' title='bbox 2160 4706 2285 4770; x_wconf 88' lang='lat' dir='ltr'><strong>post</strong></span> <span class='ocrx_word' id='word_1_745' title='bbox 2323 4701 2564 4757; x_wconf 92' lang='lat' dir='ltr'><strong>triduum</strong></span> <span class='ocrx_word' id='word_1_746' title='bbox 2595 4716 2680 4758; x_wconf 92' lang='lat' dir='ltr'><strong>me</strong></span> <span class='ocrx_word' id='word_1_747' title='bbox 2710 4702 2980 4773; x_wconf 90' lang='lat' dir='ltr'><strong>sequeris.</strong></span> <span class='ocrx_word' id='word_1_748' title='bbox 3021 4704 3172 4759; x_wconf 89' lang='lat' dir='ltr'><strong>Inter</strong></span> <span class='ocrx_word' id='word_1_749' title='bbox 3199 4704 3545 4760; x_wconf 89' lang='lat' dir='ltr'><strong>sacerdotem</strong></span> <span class='ocrx_word' id='word_1_750' title='bbox 3578 4710 3636 4760; x_wconf 89' lang='lat' dir='ltr'><strong>et</strong></span> <span class='ocrx_word' id='word_1_751' title='bbox 3674 4704 3807 4759; x_wconf 76' lang='lat' dir='ltr'><strong>levi-</strong></span> 
     </span>
    </p>
   </div>
   <div class='ocr_carea' id='block_1_68' title="bbox 488 4788 3806 4860">
    <p class='ocr_par' dir='ltr' id='par_1_68' title="bbox 488 4788 3806 4860">
     <span class='ocr_line' id='line_1_68' title="bbox 488 4788 3806 4860; baseline 0.001 -16"><span class='ocrx_word' id='word_1_752' title='bbox 488 4791 619 4845; x_wconf 89' lang='lat' dir='ltr'><strong>Post</strong></span> <span class='ocrx_word' id='word_1_753' title='bbox 684 4788 961 4845; x_wconf 91' lang='lat' dir='ltr'><strong>Stefanum</strong></span> <span class='ocrx_word' id='word_1_754' title='bbox 1028 4789 1213 4845; x_wconf 86' lang='lat' dir='ltr'><strong>Sixtus</strong></span> <span class='ocrx_word' id='word_1_755' title='bbox 1274 4804 1413 4860; x_wconf 84' lang='lat' dir='ltr'><strong>papa</strong></span> <span class='ocrx_word' id='word_1_756' title='bbox 1475 4791 1743 4846; x_wconf 90' lang='lat' dir='ltr'><strong>successit</strong></span> <span class='ocrx_word' id='word_1_757' title='bbox 1798 4791 1959 4846; x_wconf 91' lang='lat' dir='ltr'><strong>annis</strong></span> <span class='ocrx_word' id='word_1_758' title='bbox 2014 4789 2068 4846; x_wconf 88' lang='lat'><strong>2.</strong></span> <span class='ocrx_word' id='word_1_759' title='bbox 2155 4795 2261 4845; x_wconf 90' lang='lat' dir='ltr'><strong>tam</strong></span> <span class='ocrx_word' id='word_1_760' title='bbox 2301 4790 2392 4846; x_wconf 91' lang='lat' dir='ltr'><strong>hic</strong></span> <span class='ocrx_word' id='word_1_761' title='bbox 2422 4790 2636 4846; x_wconf 90' lang='lat' dir='ltr'><strong>medius</strong></span> <span class='ocrx_word' id='word_1_762' title='bbox 2666 4805 2924 4847; x_wconf 89' lang='lat' dir='ltr'><strong>numerus</strong></span> <span class='ocrx_word' id='word_1_763' title='bbox 2953 4790 3147 4848; x_wconf 77' lang='lat' dir='ltr'><strong>decet.</strong></span> <span class='ocrx_word' id='word_1_764' title='bbox 3172 4793 3292 4848; x_wconf 89' lang='lat' dir='ltr'><strong>Non</strong></span> <span class='ocrx_word' id='word_1_765' title='bbox 3341 4800 3459 4848; x_wconf 86' lang='lat' dir='ltr'><strong>erat</strong></span> <span class='ocrx_word' id='word_1_766' title='bbox 3505 4800 3660 4849; x_wconf 91' lang='lat' dir='ltr'><strong>tuum</strong></span> <span class='ocrx_word' id='word_1_767' title='bbox 3698 4792 3806 4848; x_wconf 91' lang='lat' dir='ltr'><strong>sub</strong></span> 
     </span>
    </p>
   </div>
   <div class='ocr_carea' id='block_1_69' title="bbox 416 4878 3805 4951">
    <p class='ocr_par' dir='ltr' id='par_1_69' title="bbox 416 4878 3805 4951">
     <span class='ocr_line' id='line_1_69' title="bbox 416 4878 3805 4951; baseline 0.001 -17"><span class='ocrx_word' id='word_1_768' title='bbox 416 4878 718 4935; x_wconf 90' lang='lat' dir='ltr'><strong>Decretalis</strong></span> <span class='ocrx_word' id='word_1_769' title='bbox 757 4879 991 4949; x_wconf 90' lang='lat' dir='ltr'><strong>epistola</strong></span> <span class='ocrx_word' id='word_1_770' title='bbox 1055 4880 1190 4935; x_wconf 84' lang='lat' dir='ltr'><strong>Sixti</strong></span> <span class='ocrx_word' id='word_1_771' title='bbox 1230 4893 1424 4950; x_wconf 68' lang='lat' dir='ltr'><strong>papae:</strong></span> <span class='ocrx_word' id='word_1_772' title='bbox 1468 4897 1496 4931; x_wconf 89' lang='grc'><strong>((</strong></span> <span class='ocrx_word' id='word_1_773' title='bbox 1536 4880 1720 4935; x_wconf 91' lang='lat' dir='ltr'><strong>Sixtus</strong></span> <span class='ocrx_word' id='word_1_774' title='bbox 1778 4881 2073 4951; x_wconf 91' lang='lat' dir='ltr'><strong>episcopus</strong></span> <span class='ocrx_word' id='word_1_775' title='bbox 2155 4880 2415 4950; x_wconf 89' lang='lat' dir='ltr'><strong>magistro</strong></span> <span class='ocrx_word' id='word_1_776' title='bbox 2454 4880 2697 4947; x_wconf 88' lang='lat' dir='ltr'><strong>vincere,</strong></span> <span class='ocrx_word' id='word_1_777' title='bbox 2765 4881 2920 4950; x_wconf 92' lang='lat' dir='ltr'><strong>quasi</strong></span> <span class='ocrx_word' id='word_1_778' title='bbox 2959 4880 3267 4950; x_wconf 90' lang='lat' dir='ltr'><strong>adjutorem</strong></span> <span class='ocrx_word' id='word_1_779' title='bbox 3333 4896 3620 4951; x_wconf 88' lang='lat' dir='ltr'><strong>quereres.</strong></span> <span class='ocrx_word' id='word_1_780' title='bbox 3659 4880 3805 4949; x_wconf 90' lang='lat' dir='ltr'><strong>Quid</strong></span> 
     </span>
    </p>
   </div>
   <div class='ocr_carea' id='block_1_70' title="bbox 417 4968 3809 5040">
    <p class='ocr_par' dir='ltr' id='par_1_70' title="bbox 417 4968 3809 5040">
     <span class='ocr_line' id='line_1_70' title="bbox 417 4968 3809 5040; baseline -0 -15"><span class='ocrx_word' id='word_1_781' title='bbox 417 4970 581 5025; x_wconf 88' lang='lat' dir='ltr'><strong>Grato</strong></span> <span class='ocrx_word' id='word_1_782' title='bbox 636 4968 972 5038; x_wconf 89' lang='lat' dir='ltr'><strong>coepiscopo</strong></span> <span class='ocrx_word' id='word_1_783' title='bbox 1019 4969 1270 5037; x_wconf 91' lang='lat' dir='ltr'><strong>salutem,</strong></span> <span class='ocrx_word' id='word_1_784' title='bbox 1322 4988 1351 5020; x_wconf 83' lang='lat'>»</span> <span class='ocrx_word' id='word_1_785' title='bbox 1395 4973 1451 5024; x_wconf 92' lang='lat' dir='ltr'><strong>et</strong></span> <span class='ocrx_word' id='word_1_786' title='bbox 1495 4969 1707 5039; x_wconf 91' lang='lat' dir='ltr'><strong>reliqua</strong></span> <span class='ocrx_word' id='word_1_787' title='bbox 1749 4969 1857 5040; x_wconf 92' lang='lat' dir='ltr'><strong>(ep.</strong></span> <span class='ocrx_word' id='word_1_788' title='bbox 1914 4969 1961 5036; x_wconf 95' lang='lat'><strong>1,</strong></span> <span class='ocrx_word' id='word_1_789' title='bbox 2014 4984 2067 5039; x_wconf 92' lang='lat' dir='ltr'><strong>p.</strong></span> <span class='ocrx_word' id='word_1_790' title='bbox 2155 4969 2494 5024; x_wconf 88' lang='lat' dir='ltr'><strong>consortium</strong></span> <span class='ocrx_word' id='word_1_791' title='bbox 2528 4970 2799 5039; x_wconf 91' lang='lat' dir='ltr'><strong>passionis</strong></span> <span class='ocrx_word' id='word_1_792' title='bbox 2836 4983 2971 5025; x_wconf 75' lang='lat' dir='ltr'><strong>mea:</strong></span> <span class='ocrx_word' id='word_1_793' title='bbox 3003 4969 3258 5039; x_wconf 86' lang='lat' dir='ltr'><strong>expetis?</strong></span> <span class='ocrx_word' id='word_1_794' title='bbox 3293 4970 3481 5026; x_wconf 89' lang='lat' dir='ltr'><strong>Totam</strong></span> <span class='ocrx_word' id='word_1_795' title='bbox 3512 4971 3618 5027; x_wconf 91' lang='lat' dir='ltr'><strong>tibi</strong></span> <span class='ocrx_word' id='word_1_796' title='bbox 3655 4970 3809 5026; x_wconf 58' lang='lat' dir='ltr'><strong>heri-</strong></span> 
     </span>
    </p>
   </div>
   <div class='ocr_carea' id='block_1_71' title="bbox 424 5056 3808 5131">
    <p class='ocr_par' dir='ltr' id='par_1_71' title="bbox 424 5056 3808 5131">
     <span class='ocr_line' id='line_1_71' title="bbox 424 5056 3808 5131; baseline 0.001 -20"><span class='ocrx_word' id='word_1_797' title='bbox 424 5056 580 5128; x_wconf 88' lang='lat'>179);</span> <span class='ocrx_word' id='word_1_798' title='bbox 613 5057 739 5114; x_wconf 90' lang='lat' dir='ltr'><strong>data</strong></span> <span class='ocrx_word' id='word_1_799' title='bbox 779 5058 897 5115; x_wconf 86' lang='lat' dir='ltr'><strong>Kal.</strong></span> <span class='ocrx_word' id='word_1_800' title='bbox 949 5059 1297 5129; x_wconf 85' lang='lat' dir='ltr'><strong>Septimbris,</strong></span> <span class='ocrx_word' id='word_1_801' title='bbox 1330 5059 1622 5115; x_wconf 90' lang='lat' dir='ltr'><strong>Valeriano</strong></span> <span class='ocrx_word' id='word_1_802' title='bbox 1663 5064 1719 5115; x_wconf 91' lang='lat' dir='ltr'><strong>et</strong></span> <span class='ocrx_word' id='word_1_803' title='bbox 1746 5061 1913 5115; x_wconf 89' lang='lat' dir='ltr'><strong>Decio</strong></span> <span class='ocrx_word' id='word_1_804' title='bbox 1943 5059 2075 5114; x_wconf 90' lang='lat' dir='ltr'><strong>viris</strong></span> <span class='ocrx_word' id='word_1_805' title='bbox 2156 5057 2381 5113; x_wconf 88' lang='lat' dir='ltr'><strong>ditatem</strong></span> <span class='ocrx_word' id='word_1_806' title='bbox 2447 5057 2685 5115; x_wconf 92' lang='lat' dir='ltr'><strong>dimitto.</strong></span> <span class='ocrx_word' id='word_1_807' title='bbox 2736 5058 2875 5126; x_wconf 92' lang='lat' dir='ltr'><strong>Quid</strong></span> <span class='ocrx_word' id='word_1_808' title='bbox 2933 5059 3263 5129; x_wconf 90' lang='lat' dir='ltr'><strong>presentiam</strong></span> <span class='ocrx_word' id='word_1_809' title='bbox 3330 5072 3505 5115; x_wconf 90' lang='lat' dir='ltr'><strong>meam</strong></span> <span class='ocrx_word' id='word_1_810' title='bbox 3564 5058 3808 5131; x_wconf 87' lang='lat' dir='ltr'><strong>requiris</strong></span> 
     </span>
    </p>
   </div>
   <div class='ocr_carea' id='block_1_72' title="bbox 415 5145 3807 5218">
    <p class='ocr_par' dir='ltr' id='par_1_72' title="bbox 415 5145 3807 5218">
     <span class='ocr_line' id='line_1_72' title="bbox 415 5145 3807 5218; baseline -0 -15"><span class='ocrx_word' id='word_1_811' title='bbox 415 5147 715 5204; x_wconf 90' lang='lat' dir='ltr'><strong>venerabil.</strong></span> <span class='ocrx_word' id='word_1_812' title='bbox 751 5147 821 5204; x_wconf 91' lang='lat' dir='ltr'><strong>cl.</strong></span> <span class='ocrx_word' id='word_1_813' title='bbox 863 5146 1077 5205; x_wconf 87' lang='lat' dir='ltr'><strong>consul.</strong></span> <span class='ocrx_word' id='word_1_814' title='bbox 1120 5149 1253 5204; x_wconf 88' lang='lat' dir='ltr'><strong>Item</strong></span> <span class='ocrx_word' id='word_1_815' title='bbox 1291 5146 1434 5203; x_wconf 88' lang='lat' dir='ltr'><strong>alia:</strong></span> <span class='ocrx_word' id='word_1_816' title='bbox 1478 5163 1508 5202; x_wconf 73' lang='grc' dir='ltr'><strong>ι(</strong></span> <span class='ocrx_word' id='word_1_817' title='bbox 1551 5148 1932 5205; x_wconf 87' lang='lat' dir='ltr'><strong>Dilectissimis</strong></span> <span class='ocrx_word' id='word_1_818' title='bbox 1968 5146 2076 5202; x_wconf 90' lang='lat' dir='ltr'><strong>fra-</strong></span> <span class='ocrx_word' id='word_1_819' title='bbox 2159 5146 2341 5202; x_wconf 81' lang='lat' dir='ltr'><strong>Helias</strong></span> <span class='ocrx_word' id='word_1_820' title='bbox 2397 5147 2673 5203; x_wconf 87' lang='lat' dir='ltr'><strong>Helesium</strong></span> <span class='ocrx_word' id='word_1_821' title='bbox 2721 5148 2945 5218; x_wconf 92' lang='lat' dir='ltr'><strong>reliquit</strong></span> <span class='ocrx_word' id='word_1_822' title='bbox 3001 5154 3054 5204; x_wconf 92' lang='lat' dir='ltr'><strong>et</strong></span> <span class='ocrx_word' id='word_1_823' title='bbox 3111 5149 3366 5204; x_wconf 91' lang='lat' dir='ltr'><strong>virtutem</strong></span> <span class='ocrx_word' id='word_1_824' title='bbox 3421 5161 3533 5205; x_wconf 91' lang='lat' dir='ltr'><strong>non</strong></span> <span class='ocrx_word' id='word_1_825' title='bbox 3575 5145 3807 5204; x_wconf 89' lang='lat' dir='ltr'><strong>abstulit</strong></span> 
     </span>
    </p>
   </div>
   <div class='ocr_carea' id='block_1_73' title="bbox 1771 5298 2435 5356">
    <p class='ocr_par' dir='ltr' id='par_1_73' title="bbox 1771 5298 2435 5356">
     <span class='ocr_line' id='line_1_73' title="bbox 1771 5298 2435 5356; baseline -0.005 0"><span class='ocrx_word' id='word_1_826' title='bbox 1771 5300 1996 5356; x_wconf 62' lang='lat' dir='ltr'><strong>VARIIE</strong></span> <span class='ocrx_word' id='word_1_827' title='bbox 2042 5298 2435 5355; x_wconf 86' lang='lat' dir='ltr'><strong>LECTIONES.</strong></span> 
     </span>
    </p>
   </div>
   <div class='ocr_carea' id='block_1_74' title="bbox 493 5426 3800 5505">
    <p class='ocr_par' dir='ltr' id='par_1_74' title="bbox 493 5426 3800 5505">
     <span class='ocr_line' id='line_1_74' title="bbox 493 5426 3800 5505; baseline 0 -20"><span class='ocrx_word' id='word_1_828' title='bbox 493 5426 642 5505; x_wconf 65' lang='lat' dir='ltr'><strong>met</strong></span> <span class='ocrx_word' id='word_1_829' title='bbox 674 5428 723 5505; x_wconf 91' lang='lat' dir='ltr'><strong>_l.</strong></span> <span class='ocrx_word' id='word_1_830' title='bbox 755 5502 766 5505; x_wconf 95' lang='lat'>_</span> <span class='ocrx_word' id='word_1_831' title='bbox 804 5430 866 5464; x_wconf 78' lang='grc'><strong>¹⁸⁸</strong></span> <span class='ocrx_word' id='word_1_832' title='bbox 893 5431 1041 5489; x_wconf 90' lang='lat' dir='ltr'><strong>dicta</strong></span> <span class='ocrx_word' id='word_1_833' title='bbox 1074 5433 1144 5505; x_wconf 14' lang='lat'><strong>1,?</strong></span> <span class='ocrx_word' id='word_1_834' title='bbox 1175 5504 1179 5505; x_wconf 16' lang='grc' dir='ltr'><em>ν</em></span> <span class='ocrx_word' id='word_1_835' title='bbox 1219 5432 1281 5468; x_wconf 80' lang='grc'><strong>¹⁸⁷</strong></span> <span class='ocrx_word' id='word_1_836' title='bbox 1317 5433 1667 5504; x_wconf 83' lang='lat' dir='ltr'><strong>superstione</strong></span> <span class='ocrx_word' id='word_1_837' title='bbox 1702 5434 1750 5490; x_wconf 92' lang='lat' dir='ltr'><strong>l.</strong></span> <span class='ocrx_word' id='word_1_838' title='bbox 1828 5430 2180 5505; x_wconf 45' lang='lat' dir='ltr'><strong>Il“[Hocloco</strong></span> <span class='ocrx_word' id='word_1_839' title='bbox 2215 5430 2371 5505; x_wconf 69' lang='lat' dir='ltr'><strong>plura</strong></span> <span class='ocrx_word' id='word_1_840' title='bbox 2398 5430 2578 5505; x_wconf 61' lang='lat' dir='ltr'><strong>perqu</strong></span> <span class='ocrx_word' id='word_1_841' title='bbox 2598 5447 2668 5487; x_wconf 74' lang='lat' dir='ltr'><strong>ea:</strong></span> <span class='ocrx_word' id='word_1_842' title='bbox 2703 5431 3067 5505; x_wconf 78' lang='lat' dir='ltr'><strong>martyrologii</strong></span> <span class='ocrx_word' id='word_1_843' title='bbox 3092 5432 3402 5505; x_wconf 75' lang='lat' dir='ltr'><strong>narratione</strong></span> <span class='ocrx_word' id='word_1_844' title='bbox 3428 5432 3800 5505; x_wconf 48' lang='lat' dir='ltr'><strong>carinarum,</strong></span> 
     </span>
    </p>
   </div>
   <div class='ocr_carea' id='block_1_75' title="bbox 453 5500 3800 5577">
    <p class='ocr_par' dir='ltr' id='par_1_75' title="bbox 453 5500 3800 5577">
     <span class='ocr_line' id='line_1_75' title="bbox 453 5500 3800 5577; baseline 0 -22"><span class='ocrx_word' id='word_1_845' title='bbox 453 5513 532 5577; x_wconf 57' lang='lat' dir='ltr'><strong>tta:</strong></span> <span class='ocrx_word' id='word_1_846' title='bbox 555 5500 636 5556; x_wconf 75' lang='lat' dir='ltr'><strong>ita</strong></span> <span class='ocrx_word' id='word_1_847' title='bbox 656 5500 930 5577; x_wconf 65' lang='lat' dir='ltr'><strong>desinunt:</strong></span> <span class='ocrx_word' id='word_1_848' title='bbox 952 5504 1280 5561; x_wconf 89' lang='lat' dir='ltr'><strong>sacriﬁcium</strong></span> <span class='ocrx_word' id='word_1_849' title='bbox 1304 5500 1421 5577; x_wconf 86' lang='lat' dir='ltr'><strong>Deo</strong></span> <span class='ocrx_word' id='word_1_850' title='bbox 1451 5505 1792 5563; x_wconf 90' lang='lat' dir='ltr'><strong>offerentem.</strong></span> <span class='ocrx_word' id='word_1_851' title='bbox 1869 5502 1933 5537; x_wconf 73' lang='lat'><strong>“’</strong></span> <span class='ocrx_word' id='word_1_852' title='bbox 1961 5503 2055 5560; x_wconf 90' lang='lat' dir='ltr'><strong>ubi</strong></span> <span class='ocrx_word' id='word_1_853' title='bbox 2080 5507 2201 5575; x_wconf 82' lang='lat' dir='ltr'><strong>post</strong></span> <span class='ocrx_word' id='word_1_854' title='bbox 2215 5500 2357 5560; x_wconf 69' lang='lat' dir='ltr'><strong>&#39;add.</strong></span> <span class='ocrx_word' id='word_1_855' title='bbox 2397 5503 2443 5560; x_wconf 92' lang='lat' dir='ltr'><strong>l.</strong></span> <span class='ocrx_word' id='word_1_856' title='bbox 2523 5502 2584 5537; x_wconf 82' lang='grc'><strong>¹⁹⁰</strong></span> <span class='ocrx_word' id='word_1_857' title='bbox 2611 5504 2730 5562; x_wconf 90' lang='lat' dir='ltr'><strong>sine</strong></span> <span class='ocrx_word' id='word_1_858' title='bbox 2761 5500 3029 5577; x_wconf 61' lang='lat' dir='ltr'><strong>postadd.</strong></span> <span class='ocrx_word' id='word_1_859' title='bbox 3077 5505 3125 5559; x_wconf 89' lang='lat' dir='ltr'><strong>l.</strong></span> <span class='ocrx_word' id='word_1_860' title='bbox 3206 5503 3263 5537; x_wconf 80' lang='grc'><strong>¹⁹¹</strong></span> <span class='ocrx_word' id='word_1_861' title='bbox 3296 5505 3395 5562; x_wconf 88' lang='lat' dir='ltr'><strong>Hic</strong></span> <span class='ocrx_word' id='word_1_862' title='bbox 3429 5502 3478 5557; x_wconf 94' lang='lat' dir='ltr'><strong>l.</strong></span> <span class='ocrx_word' id='word_1_863' title='bbox 3512 5501 3623 5573; x_wconf 78' lang='lat' dir='ltr'><strong>lege</strong></span> <span class='ocrx_word' id='word_1_864' title='bbox 3641 5501 3800 5557; x_wconf 89' lang='lat' dir='ltr'><strong>huic.</strong></span> 
     </span>
    </p>
   </div>
   <div class='ocr_carea' id='block_1_76' title="bbox 438 5568 3547 5643">
    <p class='ocr_par' dir='ltr' id='par_1_76' title="bbox 438 5568 3547 5643">
     <span class='ocr_line' id='line_1_76' title="bbox 438 5568 3547 5643; baseline -0.007 -13"><span class='ocrx_word' id='word_1_865' title='bbox 438 5568 481 5602; x_wconf 78' lang='lat'><strong>”</strong></span> <span class='ocrx_word' id='word_1_866' title='bbox 510 5585 674 5643; x_wconf 89' lang='lat' dir='ltr'><strong>quam</strong></span> <span class='ocrx_word' id='word_1_867' title='bbox 710 5572 826 5630; x_wconf 87' lang='lat' dir='ltr'><strong>suis</strong></span> <span class='ocrx_word' id='word_1_868' title='bbox 852 5574 999 5632; x_wconf 86' lang='lat' dir='ltr'><strong>vino.</strong></span> <span class='ocrx_word' id='word_1_869' title='bbox 1034 5578 1202 5635; x_wconf 83' lang='lat' dir='ltr'><strong>Mart.</strong></span> <span class='ocrx_word' id='word_1_870' title='bbox 1280 5576 1343 5610; x_wconf 81' lang='grc'><strong>¹⁹³</strong></span> <span class='ocrx_word' id='word_1_871' title='bbox 1367 5578 1587 5634; x_wconf 90' lang='lat' dir='ltr'><strong>trianno</strong></span> <span class='ocrx_word' id='word_1_872' title='bbox 1632 5576 1681 5633; x_wconf 88' lang='lat' dir='ltr'><strong>l.</strong></span> <span class='ocrx_word' id='word_1_873' title='bbox 2080 5568 2095 5575; x_wconf 84' lang='lat'>&#39;</span> <span class='ocrx_word' id='word_1_874' title='bbox 2761 5568 2781 5577; x_wconf 88' lang='grc'><strong>·</strong></span> <span class='ocrx_word' id='word_1_875' title='bbox 3542 5600 3547 5607; x_wconf 91' lang='grc'><em>.</em></span> 
     </span>
    </p>
   </div>
  </div>
