4000 6158
169 223 250 275 681

1414 213 1821 271 clmomcox.
1864 246 1934 254 -—
1974 213 2096 272 LIB.
2142 208 2231 272 m’.

3400 227 3507 281 682

152 349 210 406 Et
251 343 377 400 dixit
433 343 626 398 beatus
691 343 872 398 Sixtus
937 342 1008 398 ad
1081 342 1298 398 beatum
1355 343 1703 398 Laurentium
1747 345 1992 405 :Asunt
2029 343 2176 400 oculi
2233 343 2372 413 ejus.
2431 344 2545 400 IIoc
2594 343 2793 400 factum
2831 345 3121 405 audientes
3175 353 3331 410 multi
3387 357 3508 413 ceci

158 433 390 502 «Accipe
438 430 724 487 facultates
769 431 852 486 vel
900 435 1150 487 tesauros
1180 430 1468 496 :ecclesiaa,
1501 437 1556 486 et
1584 431 1766 486 divide
1849 435 2142 490 veniebant
2179 433 2248 489 ad
2305 433 2522 489 beatum
2565 436 2935 503 Laurentium,
2991 444 3048 494 et
3102 444 3346 510 ponebat
3385 463 3506 505 ma-

155 523 330 596 quibus
376 521 478 577 tibi
507 521 741 576 videtur.
776 542 805 569 »
835 523 1072 591 Accepta
1119 525 1410 590 potestate,
1445 521 1770 574 Laurentius

155 613 280 683 cepit
325 625 426 680 per
453 611 708 681 regiones
736 610 950 666 curiose
996 624 1249 680 querere,
1281 610 1595 679 ubicunque
1639 623 1770 664 san-

153 702 215 757 cti
244 699 426 756 clerici
455 698 538 753 vel
589 713 859 768 pauperes
906 704 1090 754 essent
1117 698 1424 761 abssconsi,
1456 705 1510 753 et
1548 704 1774 768 portans

156 797 390 846 tesauros
436 795 600 859 prout
638 788 936 858 unicuique
974 801 1112 858 opus
1151 794 1268 844 erat
1297 787 1597 843 distribuit.
1633 789 1774 856 Ergo

153 884 263 950 post
289 880 410 935 hazc
457 879 651 934 beatus
680 878 863 933 Sixtus
910 878 1278 934 reducebatur
1315 877 1370 932 in
1408 876 1686 932 Telludem
1718 883 1779 930 ut

153 970 442 1034 audiretur,
474 973 529 1024 et
571 981 694 1023 cum
741 981 808 1022 eo
839 967 1057 1022 diaconi
1089 966 1461 1022 Felicissimus
1490 971 1545 1021 et
1574 965 1778 1035 Agapi-

153 1067 259 1126 tus;
319 1064 378 1113 et
421 1057 650 1113 sedente
697 1057 863 1111 Decio
894 1061 949 1110 et
977 1055 1286 1121 Valeriano,
1321 1060 1666 1125 presentatus
1697 1059 1781 1109 est

150 1150 328 1206 beatus
359 1147 562 1203 Sixtus.
593 1145 674 1201 Ad
705 1159 865 1215 quem
895 1145 1093 1200 Decius
1121 1144 1407 1200 iracundia
1438 1144 1635 1213 plenus
1655 1143 1731 1198 ait
1764 1163 1776 1198 :

151 1259 174 1287 ι
203 1239 312 1293 Nos
329 1235 549 1307 quidem
570 1235 907 1291 consulimus
926 1234 1197 1290 senectuti
1219 1239 1349 1296 tuae,
1374 1232 1500 1287 audi
1523 1237 1784 1302 precepta

149 1333 328 1382 nostra
383 1331 438 1380 et
491 1323 758 1380 sacriﬁca.
817 1341 848 1375 »
904 1322 1211 1392 Respondit
1265 1323 1458 1378 beatus
1522 1321 1706 1376 Sixtus
1767 1338 1781 1375 :

148 1436 174 1467 «
202 1417 384 1482 Miser,
431 1420 490 1470 tu
521 1413 622 1469 tibi
653 1413 900 1480 consule,
933 1418 988 1468 et
1024 1412 1139 1467 noli
1170 1411 1513 1477 blasfemare,
1546 1411 1642 1466 sed
1683 1424 1782 1481 age

147 1504 499 1575 penitentiam
530 1502 598 1557 de
629 1501 894 1572 sanguine
942 1507 1256 1556 sanctorum
1296 1515 1456 1570 quem
1496 1506 1554 1555 tu
1585 1498 1784 1554 eﬁ‘udi-

1865 538 1993 578 num
2032 537 2200 593 super
2247 536 2434 578 eorum
2483 524 2675 579 oculos
2704 530 2759 580 et
2797 525 3263 589 illuminabantur.
3305 537 3510 595 Videns

1864 612 1970 668 hoc
2008 612 2240 681 lpolitus
2273 612 2566 682 [credidit],
2599 619 2762 683 atque
2785 615 3088 685 baptizatus
3117 626 3220 678 est.
3253 623 3331 678 Ex
3359 640 3512 682 man-

1865 701 1994 757 dato
2042 701 2241 756 ductus
2279 708 2362 757 est
2401 701 2593 758 beatus
2630 704 2955 762 Laurentius
2984 713 3110 765 ante
3149 721 3508 783 conspectum

1864 790 2158 846 Valeriani.
2205 792 2306 857 Qui
2337 791 2476 846 dixit
2505 792 2666 848 beato
2707 795 3000 854 Laurentio
3031 818 3043 853 :
3081 820 3107 848 α
3136 803 3251 857 1am
3291 804 3510 875 depone

1865 880 2242 949 pertinaciam,
2275 885 2330 935 et
2358 880 2427 934 da
2466 880 2773 949 thesauros,
2815 898 2955 956 quos
2985 889 3130 957 apud
3169 896 3224 946 te
3256 897 3513 965 cognovi-

1865 982 1986 1023 mus
2040 983 2161 1023 esse
2226 967 2565 1024 reconditos.
2629 989 2658 1022 »
2715 973 2814 1028 Cui
2862 981 3087 1032 sanctus
3133 981 3506 1041 Laurentius:

1869 1075 1896 1108 «
1935 1058 2011 1111 Da
2048 1057 2182 1112 mihi
2214 1057 2456 1112 indutias
2485 1058 2654 1115 biduo
2692 1061 2777 1116 vel
2808 1063 3014 1132 triduo,
3055 1073 3111 1122 et
3148 1069 3370 1138 profero
3411 1075 3513 1130 tibi

1865 1145 2174 1202 thesauros.
2217 1164 2246 1196 »
2276 1146 2357 1200 Ab
2397 1146 2589 1202 eadem
2629 1148 2718 1204 die
2739 1151 2964 1223 collegit
2993 1169 3176 1223 cecos,
3209 1159 3438 1219 claudos
3458 1163 3514 1221 et

1867 1232 2082 1288 debiles
2118 1247 2409 1303 pauperes,
2433 1239 2488 1289 et
2516 1235 2808 1294 abscondit
2835 1240 2891 1294 in
2923 1241 3090 1299 domu
3122 1247 3352 1316 Hipoliti
3393 1265 3509 1309 eos.

1867 1321 2187 1377 Valerianus
2232 1328 2411 1378 autem
2459 1324 2729 1381 nuntiavit
2784 1328 2973 1396 Decio,
3028 1334 3175 1401 quod
3235 1341 3517 1405 promissit

1869 1410 2012 1466 datis
2049 1411 2155 1466 sibi
2194 1411 2424 1467 indutiis
2471 1414 2797 1471 Laurentius
2844 1418 3154 1478 thesauros.
3214 1427 3517 1498 Completis

1871 1514 2002 1571 ergo
2033 1501 2212 1556 tribus
2240 1501 2456 1565 diebus,
2490 1505 2823 1572 presentavit
2878 1522 2938 1563 se
2995 1509 3172 1579 ipsum
3214 1514 3269 1569 in
3311 1518 3516 1586 palatio

144 1595 227 1649 sti.
268 1615 292 1642 ››
325 1595 481 1648 Tunc
511 1597 767 1647 monente
807 1589 1094 1646 Valeriano
1126 1591 1292 1660 jussit
1329 1590 1546 1655 Decius,
1588 1597 1648 1644 ut
1690 1588 1827 1674 du-i
1872 1590 2209 1656 Salustiano;
2253 1597 2306 1647 et
2345 1591 2483 1647 dixit
2521 1593 2570 1648 ei
2610 1595 2843 1650 Decius:
2882 1617 2907 1644 α
2949 1600 3051 1655 Ubi
3089 1609 3217 1658 sunt
3247 1605 3512 1674 thesauri,

145 1689 400 1739 cerentur
445 1680 512 1736 ad
543 1679 806 1750 templum
846 1679 1069 1745 Martis;
1123 1685 1178 1733 et
1223 1679 1270 1732 si
1319 1677 1531 1733 nollent
1578 1673 1847 1732 sacriﬁ-B
1873 1694 2014 1749 quos
2060 1680 2340 1749 pollicitus
2377 1695 2436 1736 es
2477 1685 2815 1751 presentari?
2862 1703 2890 1735 »
2932 1687 3129 1744 Beatus
3167 1673 3512 1762 Laurentius,

145 1787 283 1838 care,
349 1771 409 1826 in
467 1770 661 1826 eodem
719 1769 844 1824 loco
899 1769 1077 1838 capite
1132 1773 1540 1822 truncarentur.
1589 1767 1786 1822 Educti

142 1876 265 1918 vero
311 1861 465 1918 foras
498 1874 711 1916 murum
765 1864 940 1928 porta:
965 1858 1138 1929 Apim,
1181 1857 1318 1913 dixit
1366 1858 1558 1913 beatus
1605 1857 1789 1912 Sixtus

144 1951 206 2006 ad
247 1950 513 2022 templum
545 1949 776 2004 Martis:
826 1966 853 1998 «
911 1949 1168 2003 Destruet
1214 1953 1267 2002 te
1314 1947 1584 2013 Christus,
1642 1945 1790 2001 ﬁlius

141 2041 229 2096 Dei
283 2040 414 2095 vivi.
476 2057 504 2090 »
578 2039 710 2094 Cum
767 2036 1182 2107 respondissent
1253 2049 1444 2091 omnes
1500 2033 1789 2090 christiani

147 2150 168 2178 ι
190 2131 388 2185 Amen.
416 2149 441 2177 »
466 2127 650 2183 subito
672 2127 874 2182 cecidit
895 2125 1074 2196 aliqua
1098 2139 1226 2195 pars
1247 2124 1457 2194 templi.
1482 2125 1633 2180 Tunc
1653 2124 1788 2179 bea-

139 2225 224 2272 tus
245 2217 577 2274 Laurentius
597 2217 740 2286 cepit
769 2214 1005 2270 clamare
1038 2234 1050 2268 :
1087 2234 1114 2264 «
1145 2216 1264 2268 Non
1296 2227 1381 2269 me
1412 2212 1787 2282 derelinquas,

138 2313 296 2375 pater
326 2312 539 2372 sancte,
590 2305 686 2374 qui
723 2310 972 2360 tesauros
1008 2304 1117 2372 jam
1169 2301 1405 2372 expendi
1453 2316 1594 2371 quos
1621 2301 1792 2357 tradi-

135 2396 266 2451 disti
321 2395 480 2451 mihi.
526 2415 553 2444 ι
604 2393 802 2447 Milites
847 2399 1028 2447 autem
1076 2391 1364 2445 audientes
1421 2390 1488 2445 de
1535 2391 1790 2454 tesauris,

132 2488 451 2540 tenuerunt
497 2482 717 2536 beatum
768 2480 1119 2535 Laurentium
1155 2478 1624 2544 archidiaconum,
1670 2492 1795 2533 sau-

125 2580 291 2628 ctum
351 2583 483 2625 vero
546 2569 754 2624 Sixtum
813 2574 868 2624 et
928 2567 1324 2622 Felicissimum
1399 2573 1454 2622 et
1505 2566 1793 2636 Agapitum

129 2662 427 2717 duxerunt
461 2658 517 2712 in
566 2657 764 2714 clivum
820 2657 1006 2711 Martis
1064 2661 1189 2711 ante
1247 2655 1553 2725 templum:
1616 2661 1672 2710 et
1718 2655 1794 2710 ibi

133 2747 410 2805 decollati
457 2752 589 2802 sunt
617 2745 651 2798 8
688 2747 817 2800 Idus
861 2746 1111 2815 Augusti.
1162 2747 1337 2799 Noctu
1385 2750 1654 2799 venerunt
1686 2744 1796 2800 cle-

133 2839 233 2894 rici
298 2841 362 2892 et
409 2835 642 2892 maxima
692 2848 819 2904 pars
866 2833 1318 2896 christianorum,
1369 2839 1424 2887 et
1453 2831 1796 2902 collegerunt

134 2939 382 2998 corpora
430 2930 766 2989 sanctorum,
801 2927 856 2977 et
901 2921 1227 2991 sepilierunt
1257 2921 1466 2975 Sixtum
1514 2919 1569 2975 in
1619 2919 1794 2990 cripta

1871 1768 2101 1824 collecta
2140 1769 2490 1826 multitudine
2547 1786 2868 1842 pauperum,
2928 1775 3234 1834 introduxit
3272 1782 3327 1836 in
3369 1783 3518 1852 pala-

1870 1858 2026 1925 tium,
2059 1863 2114 1913 et
2142 1873 2276 1915 voce
2306 1874 2499 1931 magna
2537 1861 2676 1916 dixit
2703 1882 2715 1917 :
2762 1882 2788 1912 ι
2819 1864 2959 1920 Ecce
2998 1865 3087 1922 isti
3117 1874 3245 1924 sunt
3273 1871 3516 1930 thesauri

1872 1947 2084 2012 aeterni,
2141 1948 2236 2018 qui
2284 1962 2562 2019 nunquam
2629 1951 2950 2008 minuuntur
3005 1969 3108 2012 nec
3165 1958 3515 2027 decrescunt,

1871 2039 1965 2107 qui
2004 2039 2058 2093 in
2100 2038 2332 2109 singulis
2372 2045 2741 2111 asperguntur
2779 2047 2835 2097 et
2863 2043 2918 2098 in
2949 2047 3203 2103 omnibus
3231 2049 3518 2108 inveniun-

1871 2131 1980 2182 tur.
2022 2145 2052 2177 »
2083 2126 2405 2182 Valerianus
2443 2127 2720 2197 prefectus
2748 2129 2928 2186 dixit:
2965 2151 2993 2182 «
3041 2136 3178 2201 Quid
3211 2140 3388 2195 varias
3419 2157 3519 2212 per

1873 2214 2114 2269 multas?
2151 2215 2408 2270 Sacriﬁca
2455 2215 2563 2272 diis
2602 2221 2657 2271 et
2703 2218 3028 2275 obliviscere
3072 2230 3218 2279 artes
3257 2231 3516 2299 magicas,

1872 2303 1929 2357 in
1985 2303 2188 2372 quibus
2233 2303 2484 2359 conﬁdis.
2521 2324 2548 2355 ι)
2581 2305 2678 2360 Cui
2719 2321 2842 2362 cum
2880 2307 3108 2366 dixisset
3147 2313 3340 2369 beatus
3386 2319 3520 2372 Lau-

1874 2393 2126 2447 rentius:
2174 2411 2202 2442 «
2249 2395 2426 2460 Quare
2457 2407 2554 2450 vos
2584 2393 2837 2451 choortat
2877 2396 2938 2426 ¹⁹⁵
2968 2398 3241 2468 diabulus,
3285 2410 3345 2458 ut
3381 2405 3523 2461 chri-

1872 2481 2066 2536 stianis
2111 2481 2308 2537 dicatis
2353 2483 2664 2541 sacriﬁcare
2711 2485 2985 2555 demonis,
3009 2495 3033 2543 ?
3066 2508 3094 2540 »
3126 2491 3322 2547 Decius
3351 2493 3524 2550 iratus

1870 2570 2034 2638 jussit
2071 2585 2194 2626 eum
2238 2571 2503 2641 expoliari
2543 2579 2598 2628 et
2635 2573 2758 2630 cedi
2804 2591 2927 2632 cum
2973 2579 3381 2648 scorpionibus.
3419 2582 3522 2649 Qui

1876 2658 2004 2713 dum
2036 2659 2346 2726 cederetur,
2380 2660 2600 2717 dicebat
2632 2683 2644 2717 :
2699 2682 2726 2713 «
2777 2665 2890 2735 Ego
2927 2666 3150 2735 quidem
3186 2669 3391 2738 gratias
3417 2684 3522 2741 ago

1876 2747 1988 2802 Deo
2027 2761 2172 2814 meo,
2205 2748 2299 2816 qui
2329 2762 2414 2803 me
2441 2748 2698 2819 dignatus
2736 2757 2820 2806 est
2849 2755 3186 2824 conjungere
3217 2756 3364 2812 inter
3409 2773 3526 2813 ser-

1875 2847 1974 2889 vos
2010 2849 2161 2890 suos.
2210 2836 2288 2890 Tu
2336 2842 2540 2903 autem,
2573 2839 2759 2906 miser,
2801 2842 3154 2911 torqueberis
3182 2844 3394 2900 insania
3432 2852 3526 2901 tua

1877 2926 1932 2976 et
1960 2921 2016 2976 in
2047 2921 2233 2978 furore
2265 2928 2380 2978 tuo.
2415 2942 2443 2974 »
2468 2927 2617 2980 Tunc
2637 2929 2870 2984 Decius:
2903 2948 2931 2979 «
2964 2932 3158 2987 Levate
3179 2946 3300 2989 eum
3324 2939 3379 2989 et
3399 2935 3525 2992 date

134 3016 186 3071 in
218 3013 506 3071 cimiterio
536 3012 720 3068 Calisti
771 3012 826 3066 in
867 3011 1056 3066 eadem
1095 3010 1200 3064 via.
1257 3012 1486 3065 Sanctos
1532 3023 1664 3065 vero
1695 3011 1793 3064 Fe-
1814 2999 2038 3066 Comne
2067 3025 2242 3081 genus
2279 3017 2698 3080 tormentorum,
2726 3034 2754 3066 »
2787 3023 2842 3072 et
2879 3017 3058 3075 allatae
3088 3026 3216 3076 sunt
3253 3021 3524 3081 lammina:

135 3103 468 3161 licissimum
499 3108 554 3158 et
599 3100 886 3172 Agapitum
935 3105 1202 3170 martyres
1258 3098 1583 3168 sepilierunt
1630 3098 1686 3152 in
1717 3099 1791 3153 ci-

133 3194 359 3250 miterio
420 3191 740 3248 Pretextati.
801 3189 1066 3245 Decollati
1131 3191 1260 3243 sunt
1315 3202 1438 3242 cum
1477 3187 1558 3243 eis
1605 3193 1657 3243 et
1697 3188 1792 3243 alii

137 3289 402 3354 quatuor,
457 3286 518 3336 ut
561 3281 618 3336 in
648 3279 818 3351 gestis
856 3277 1288 3348 pontiﬁcialibus
1334 3277 1556 3348 legitur,
1587 3279 1790 3334 Janua-

134 3375 266 3439 rius,
312 3374 568 3443 Magnus,
609 3370 929 3425 Vincentius
975 3374 1031 3424 et
1078 3369 1388 3438 Stephanus
1442 3367 1791 3424 subdiaconi.

135 3462 334 3518 Passus
367 3468 460 3517 est
489 3474 616 3516 cum
644 3460 724 3515 eis
755 3464 810 3514 et
837 3458 1033 3513 beatus
1068 3459 1326 3524 Quartus,
1355 3463 1415 3511 ut
1433 3457 1628 3512 scribit
1657 3457 1797 3512 bea-

133 3558 218 3608 tus
270 3549 644 3624 [Cyprianus].
697 3549 797 3604 Hic
849 3549 1044 3603 beatus
1107 3547 1291 3602 Sixtus
1345 3546 1488 3614 apud
1555 3546 1796 3601 Athenas

131 3647 293 3697 natus
343 3648 403 3697 et
454 3640 652 3696 doctus
703 3636 926 3708 quidem
979 3635 1132 3705 prius
1178 3633 1561 3703 philosophus,
1605 3639 1796 3702 postea

131 3731 335 3786 Christi
380 3727 695 3798 discipulus
725 3725 847 3781 fuit.
881 3723 1034 3780 Sedit
1071 3727 1252 3779 autem
1296 3735 1441 3777 anno
1471 3735 1605 3787 uno,
1642 3735 1798 3776 men-

131 3820 283 3875 sibus
331 3819 421 3886 lO,
469 3817 664 3873 diebus
700 3813 790 3869 23.
837 3815 904 3868 Et
941 3812 988 3867 si
1045 3825 1178 3882 ergo
1224 3815 1449 3866 sanctus
1483 3809 1792 3879 Ciprianus,

133 3909 224 3978 qui
275 3914 419 3964 tunc
474 3919 703 3976 presens
733 3909 873 3964 erat,
903 3902 1024 3957 hac
1053 3900 1298 3970 scripsit,
1331 3899 1456 3970 quis
1488 3913 1551 3953 ea
1590 3903 1797 3970 negat?

133 3998 338 4054 Tentus
369 3997 566 4065 itaque
610 3994 803 4049 beatus
833 3991 1160 4046 Laurentius
1197 4004 1228 4044 a
1267 3988 1552 4053 militibus,
1585 3993 1641 4043 et
1679 3993 1794 4042 tra-

134 4087 279 4143 ditus
339 4083 648 4143 Parthenio
697 4081 943 4137 tribuno.
985 4079 1100 4149 (An.
1141 4077 1337 4148 Mart.)
1378 4078 1479 4145 Qui
1519 4077 1797 4133 nunciavit

135 4176 322 4242 Decio,
378 4173 539 4246 quod
585 4171 933 4235 Laurentius,
985 4169 1078 4238 qui
1118 4167 1348 4223 haberet
1386 4166 1675 4222 thesauros
1713 4181 1797 4223 re-

136 4266 420 4331 conditos,
458 4261 882 4318 archidiaconus
917 4255 1140 4320 Christi,
1182 4255 1238 4310 in
1283 4255 1533 4312 custodia
1573 4261 1794 4312 tenere-

1874 3099 2069 3156 ferrea:
2094 3100 2154 3130 ¹⁹⁶
2172 3106 2298 3156 ante
2319 3109 2678 3173 conspectum
2700 3107 2820 3176 ejus
2840 3111 2896 3162 et
2915 3107 3045 3164 lecti
3087 3114 3143 3164 et
3183 3110 3448 3180 plumbati
3470 3121 3526 3171 et

1875 3189 2046 3244 cardi.
2099 3191 2229 3245 Post
2279 3191 2496 3248 vinctus
2533 3195 2744 3250 catenis
2782 3194 2981 3252 ductus
3026 3203 3111 3254 est
3149 3199 3342 3258 beatus
3387 3205 3525 3259 Lau-

1876 3279 2087 3334 rentius
2117 3280 2174 3334 in
2221 3279 2479 3349 palatium
2527 3283 2755 3350 Tiberii,
2801 3291 2864 3340 ut
2901 3285 2975 3340 ibi
3016 3287 3188 3357 gestis
3216 3290 3521 3346 audiretur.

1874 3369 1940 3423 Et
1968 3369 2112 3424 sedit
2143 3383 2246 3438 pro
2285 3370 2547 3426 tribunali
2597 3372 2654 3426 in
2695 3372 2922 3428 basilica
2950 3375 3120 3429 Iovis.
3157 3379 3272 3445 (An.
3314 3378 3522 3446 Mart.)

1875 3459 1943 3513 Et
1972 3463 2288 3526 presentato
2329 3459 2646 3523 Laurentio,
2696 3474 2819 3514 cum
2869 3462 2919 3514 ei
2960 3461 3190 3518 dixisset
3223 3484 3235 3518 :
3290 3483 3319 3515 α
3350 3466 3526 3521 Sacri-

1877 3545 1978 3600 ﬁca
2009 3546 2117 3600 diis
2163 3551 2219 3601 et
2270 3545 2385 3600 noli
2438 3546 2718 3601 conﬁdere
2765 3547 2821 3600 in
2862 3548 3137 3604 thesauris
3175 3567 3316 3621 quos
3338 3553 3526 3626 .habes

1877 3633 2254 3698 absconditos,
2281 3653 2306 3681 ιο
2349 3633 2543 3690 beatus
2598 3635 2925 3690 Laurentius
2969 3636 3142 3694 libere
3187 3642 3522 3710 respondit:

1880 3740 1910 3774 α
1948 3724 2086 3777 Vere
2126 3721 2344 3778 conﬁdo
2391 3729 2447 3778 et
2493 3736 2722 3778 securus
2751 3737 2871 3779 sum
2909 3723 2965 3779 in
2997 3725 3272 3784 thesauris
3302 3730 3459 3786 meis.
3491 3750 3521 3783 »

1876 3811 2165 3868 Iracundia
2206 3811 2403 3881 plenus
2440 3811 2638 3867 Decius
2674 3813 2840 3882 jussit
2885 3828 3008 3869 eum
3039 3816 3246 3873 nudum
3275 3820 3526 3877 sentibus

1878 3901 2022 3958 cedi.
2081 3901 2181 3968 Qui
2242 3900 2369 3956 dum
2411 3900 2721 3969 cederetur,
2777 3901 3046 3958 clamabat
3092 3905 3159 3961 ad
3200 3921 3519 3966 cessarem:

1881 4015 1908 4042 α
1942 3994 2102 4057 Ecce,
2144 3991 2358 4057 misser,
2400 3991 2484 4046 vel
2530 3991 2695 4048 modo
2741 4005 3034 4064 cognosce,
3076 3995 3204 4064 quia
3242 3999 3522 4070 triumpho

1877 4081 1947 4137 de
1978 4080 2250 4136 thesauris
2307 4079 2508 4135 Christi
2547 4086 2603 4136 et
2649 4095 2761 4137 non
2807 4083 2988 4139 sentio
3027 4089 3298 4143 tormenta
3336 4093 3449 4144 tua.
3492 4109 3522 4142 »

1876 4171 1958 4226 Ad
2010 4171 2130 4226 hazc
2169 4168 2370 4225 Decius
2407 4167 2579 4225 fustes
2623 4171 2812 4240 augeri
2843 4177 2899 4226 et
2927 4171 3057 4227 dare
3097 4173 3165 4229 ad
3196 4174 3365 4230 latera
3404 4179 3525 4247 ejus

1878 4259 2163 4316 lamminas
2204 4257 2411 4316 ferreas
2449 4258 2706 4315 ardentes
2735 4261 2923 4328 jussit.
2964 4263 3161 4318 Beatus
3199 4265 3524 4321 Laurentius

138 4357 259 4421 tur;
303 4329 412 4423 qui»
464 4349 711 4421 gavissus
747 4346 880 4402 fecit
917 4358 1040 4400 eum
1089 4345 1394 4414 presentari
1435 4343 1562 4409 sibi,
1605 4351 1660 4399 et
1697 4329 2060 4403 au-Ddixit:
2114 4366 2142 4398 «
2189 4349 2416 4404 Domine
2445 4350 2573 4404 Jesu
2618 4349 2854 4413 Christe,
2894 4349 3039 4403 Deus
3083 4350 3150 4404 de
3184 4351 3319 4418 Deo,
3361 4354 3524 4409 mise-

134 4443 307 4499 ditum
350 4440 591 4498 tradidit
638 4451 761 4493 eum
800 4435 1088 4491 Valeriano
1129 4432 1395 4502 prefecto,
1444 4434 1539 4502 qui
1579 4439 1634 4489 et
1677 4435 1795 4504 ipse

135 4531 290 4586 dedit
350 4543 483 4587 eum
542 4528 597 4582 in
638 4525 889 4582 custodia
941 4522 1156 4578 cuidam
1195 4522 1417 4591 Ipolito,
1472 4529 1527 4576 et
1565 4523 1796 4591 lpolitus

136 4620 367 4676 reclusit
429 4631 556 4675 eum
595 4630 718 4672 cum
758 4613 964 4669 multis.
1005 4613 1133 4666 Erat
1193 4610 1269 4664 ibi
1328 4609 1514 4673 homo,
1556 4611 1796 4668 Lucillus

134 4712 382 4773 nomine,
417 4721 606 4773 cecus,
639 4704 706 4760 ad
739 4717 898 4773 quem
938 4705 1161 4756 sanctus
1190 4699 1515 4754 Laurentius
1544 4719 1556 4754 :
1590 4718 1617 4749 «
1657 4701 1794 4757 Cre-

136 4798 202 4855 de
242 4800 300 4854 in
344 4798 525 4853 ﬁlium
582 4795 676 4851 Dei
715 4793 995 4848 dominum
1041 4791 1222 4845 Iesum
1252 4789 1548 4854 Christum,
1590 4795 1646 4844 et
1698 4791 1794 4846 ba-

134 4889 371 4955 btizare,
419 4891 477 4942 et
517 4881 842 4940 illuminavit
881 4879 943 4910 ¹⁹³
991 4887 1062 4934 te.
1098 4897 1126 4929 »
1169 4877 1470 4947 Respondit
1512 4878 1791 4935 Lucillus:

139 4997 165 5028 «
206 4979 326 5049 Ego
350 4977 479 5046 ipse
505 4972 810 5030 desideravi
833 4967 1096 5026 babtizari
1133 4967 1188 5023 in
1214 4968 1436 5024 nomine
1458 4967 1667 5024 domini
1698 4983 1798 5026 no-

133 5069 231 5122 stri
261 5069 404 5122 Iesu
439 5063 662 5120 Christi.
699 5081 726 5110 ι
760 5062 909 5116 Tunc
937 5058 1132 5114 beatus
1173 5055 1500 5111 Laurentius
1538 5056 1800 5113 cataciza-

136 5158 212 5212 vit
271 5171 436 5222 eum,
499 5159 552 5209 et
607 5155 832 5222 accepta
887 5162 1027 5218 aqua
1068 5145 1357 5202 babtizavit
1397 5151 1451 5200 et
1490 5145 1798 5204 inluminati

1879 4451 2002 4492 rere
2033 4436 2167 4490 mihi
2214 4450 2372 4492 servo
2420 4442 2536 4504 tuo,
2571 4437 2665 4507 qui
2713 4440 3002 4492 accusatus
3047 4451 3156 4492 non
3206 4443 3259 4493 te
3309 4442 3520 4512 negavi,

1880 4526 2250 4596 interrogatus
2279 4531 2331 4580 te
2380 4527 2660 4582 dominum
2701 4526 2975 4582 Christum
3004 4525 3290 4584 confessus
3316 4544 3456 4584 sum.
3493 4552 3518 4580 ι

1880 4615 1946 4669 Et
1977 4615 2104 4669 dum
2154 4613 2459 4669 diutissime
2499 4629 2620 4669 cum
2653 4614 2948 4684 plumbatis
2989 4613 3301 4680 cederetur,
3342 4614 3521 4670 dixit:

1882 4721 1910 4755 «
1950 4703 2177 4759 Domine
2205 4706 2333 4759 Iesu
2379 4704 2616 4772 Christe,
2667 4703 2760 4774 qui
2809 4718 2909 4774 pro
2957 4709 3144 4759 nostra
3199 4703 3374 4759 salute
3433 4705 3524 4759 di-

1879 4799 2076 4863 gnatus
2133 4807 2192 4848 es
2241 4791 2467 4848 formam
2498 4793 2639 4848 servi
2669 4793 2944 4862 accipere,
2984 4797 3045 4847 ut
3092 4805 3194 4848 nos
3239 4807 3270 4847 a
3299 4793 3524 4850 servitio

1881 4882 2174 4937 demonum
2231 4881 2518 4949 liberares,
2567 4881 2757 4951 accipe
2815 4880 3070 4950 spiritum
3129 4895 3328 4936 meum.
3373 4902 3400 4934 »
3459 4883 3526 4938 Et

1881 4970 2067 5026 audita
2126 4976 2210 5025 est
2266 4984 2370 5028 vox
2422 4989 2436 5026 :
2501 4991 2526 5019 α
2595 4970 2788 5026 Adhuc
2843 4969 3011 5025 multa
3069 4971 3368 5026 certamina
3423 4971 3525 5026 tibi

1883 5059 2176 5115 debentur.
2221 5077 2249 5110 »
2303 5059 2570 5115 Extentus
2637 5059 2692 5113 in
2757 5063 2962 5113 catasta
3029 5062 3083 5113 et
3138 5057 3528 5128 scorpionibus

1883 5147 2199 5220 gravissime
2247 5162 2454 5216 cessus,
2512 5147 2806 5203 subridens
2843 5153 2898 5203 et
2934 5147 3136 5218 gratias
3164 5161 3333 5217 agens
3370 5147 3526 5205 dice-

1520 5315 1743 5372 VARLE
1779 5316 2163 5373 LECTIONES.

207 5473 271 5505 ηδ
307 5476 350 5530 i.
389 5489 446 5529 e.
480 5469 826 5530 illuminabit.
907 5463 1098 5535 "‘lege
1129 5470 1359 5522 coartat.
1439 5465 1499 5497 ¹⁹⁴
1527 5465 1670 5522 ferre
1716 5467 1764 5520 l.

321 5592 574 5647 PATROL.
604 5588 844 5648 CXLVII.

3249 5581 3320 5638 22
