4000 6158
434 208 541 267 683
1843 187 2090 248 ΜΑΒῙΑΕ

2174 187 2395 245 SCOTTI
2474 217 2485 225 ι
2917 228 2920 237 η
3705 185 3815 241 684

429 335 525 390 bat
557 353 569 387 :
603 350 633 382 ‹‹
664 327 996 387 Benedictus
1037 327 1193 397 pater
1221 320 1429 381 domini
1475 317 1651 378 nostri
1686 318 1813 373 Jesu
1849 309 2421 380 Christi,Amartiris,
2482 314 2539 368 et
2592 313 2862 366 venerunt
2916 309 2975 365 in
3024 308 3111 365 via
3147 309 3432 366 Tiburtina
3471 310 3528 367 in
3560 302 3819 382 prediun‘i

432 422 529 495 qui
580 420 744 478 nobis
789 417 1009 476 donasti
1057 411 1512 476 misericordiam,
1556 421 1718 478 quam
1756 405 1939 463 meriti
1970 417 2084 461 non
2166 408 2433 459 matrona:
2480 400 2659 457 viduae
2690 400 2940 464 Ciriacae,
2970 400 3028 457 in
3057 414 3189 472 agro
3224 403 3479 470 Verane;
3534 401 3606 458 ad
3651 414 3816 473 quam

434 490 643 579 sumus,
704 509 803 566 sed
860 514 941 573 tu,
984 506 1234 572 Domine,
1290 505 1518 572 propter
1546 503 1695 556 tuam
1723 498 1984 567 pietatem
2016 494 2086 549 da
2167 492 2285 562 ipse
2336 493 2531 549 beatus
2587 492 2780 548 martir
2836 491 3014 548 fuerat
3050 497 3240 559 noctu,
3298 490 3386 547 cui
3444 494 3502 546 ct
3556 490 3814 551 linthium

436 603 600 660 nobis
628 600 879 673 gratiam,
910 603 972 655 ut
1001 596 1337 666 cognoscant
1374 603 1565 647 omnes
1608 588 1816 645 circum
1854 587 2087 642 circum-
2169 582 2341 651 dedit,
2383 582 2530 638 unde
2589 582 2759 652 pedes
2787 588 3101 673 sanctorum
3152 582 3401 673 extersit.
3458 583 3524 637 Et
3573 580 3651 638 ibi
3702 582 3815 652 jam

438 671 700 757 astantes,
761 689 889 759 quia
937 692 998 742 tu
1052 681 1363 741 consolaris
1408 694 1598 737 servos
1643 686 1790 735 tuos.
1841 697 1868 726 ιο
1937 676 2086 731 Tunc
2168 673 2305 729 hora
2356 673 2667 743 vespertina
2713 672 3042 743 sepilierunt
3086 686 3208 728 eum
3240 672 3294 726 4.
3341 671 3425 730 Id.
3456 674 3708 743 August.,
3760 675 3817 727 et

438 795 583 839 unus
621 781 689 837 de
724 777 1010 843 militibus,
1053 773 1275 830 nomine
1307 773 1606 836 Romanus,
1639 765 1878 825 credidit
1915 764 2088 821 domi-
2164 765 2550 834 jejunaverunt
2575 769 2802 833 agentes
2836 762 3051 834 vigilias
3092 763 3273 819 noctis
3300 761 3488 817 triduo
3517 776 3642 817 cum
3680 761 3820 817 mulo

437 885 511 929 no
570 876 758 927 nostro
815 870 942 923 Jesu
987 864 1227 929 Christo,
1279 868 1337 916 et
1382 860 1522 917 dixit
1550 861 1712 915 beato
1744 855 2084 914 Laurentio:

443 984 465 1012 α
513 961 686 1017 Video
726 961 852 1014 ante
894 953 953 987 ‘97
998 959 1051 1010 te
1098 952 1375 1009 hominem
1418 947 1807 1020 pulcerrimum
1853 949 2087 1003 stantem

436 1065 559 1110 cum
598 1042 808 1105 lintheo
858 1051 912 1102 et
950 1047 1328 1114 extergentem
1357 1040 1599 1096 membra
1628 1044 1741 1095 tua.
1782 1036 1990 1106 Adjuro
2034 1040 2088 1090 te

436 1155 535 1212 per
563 1138 861 1200 Christum,
904 1133 1002 1204 qui
1050 1138 1104 1189 te
1152 1130 1333 1189 missit
1371 1130 1625 1200 angelum
1667 1142 1847 1194 suum,
1887 1140 1957 1182 ne
2002 1136 2089 1180 me

435 1227 810 1297 derelinquas.
836 1243 865 1276 »
897 1225 1131 1279 Levatus
1162 1234 1295 1292 ergo
1333 1220 1530 1275 beatus
1576 1219 1764 1275 martir
1792 1222 1848 1273 et
1876 1214 2090 1272 solutus

436 1318 504 1374 de
563 1319 792 1381 catasta,
852 1312 1103 1370 redditus
1160 1314 1245 1366 est
1288 1309 1534 1379 Hipolito
1592 1314 1707 1364 tum
1754 1308 1810 1363 in
1859 1304 2086 1377 palatio.

435 1407 673 1463 Veniens
728 1409 910 1461 autem
958 1404 1239 1458 Romanus
1290 1397 1527 1455 offerens
1583 1412 1801 1468 aquam,
1834 1396 1984 1451 misit
2029 1408 2089 1450 se

435 1500 503 1555 ad
554 1496 726 1568 pedes
767 1493 915 1550 beati
952 1490 1231 1549 Laurentii
1272 1494 1334 1545 ut
1362 1488 1749 1544 babtizaretur.
1790 1486 1891 1555 Qui
1920 1487 2088 1542 bene-

2171 855 2407 910 titudine
2481 854 2927 911 Christianorum.
3013 855 3213 909 Beatus
3298 856 3478 908 autem
3567 851 3819 910 Justinus

2171 946 2448 1016 prespiter
2493 944 2695 1001 obtulit
2750 944 3079 1001 sacriﬁcium
3132 943 3333 1007 laudis,
3390 947 3446 998 et
3502 942 3818 1013 participati

2171 1040 2299 1091 sunt
2343 1048 2534 1093 omnes
2581 1050 2649 1092 ex
2677 1049 2764 1093 eo.
2798 1034 3003 1092 Eodem
3034 1033 3128 1090 die
3158 1035 3349 1090 Romae
3385 1032 3616 1089 militum
3665 1046 3820 1089 sexao

2171 1127 2322 1197 ginta
2371 1126 2615 1198 quinque
2671 1130 2804 1181 tunc
2850 1124 2996 1194 passi
3045 1128 3194 1192 sunt,
3240 1121 3519 1191 Claudius,
3561 1123 3815 1187 Severus,

2171 1216 2522 1273 Crescentios
2568 1219 2624 1270 et
2667 1216 2968 1278 Romanus,
3016 1214 3142 1283 ipso
3188 1212 3279 1268 die
3327 1225 3439 1282 quo
3486 1212 3689 1269 beatus
3731 1209 3815 1279 "’,

2172 1311 2299 1376 post
2327 1305 2550 1361 tertium
2580 1304 2728 1360 diem
2756 1304 2934 1360 sancti
2962 1302 3119 1359 Sixti.
3168 1331 3243 1343 -—
3287 1302 3462 1358 Rome
3501 1300 3632 1357 ldus
3676 1303 3817 1373 Aug.

2171 1392 2370 1448 natalis
2413 1394 2589 1449 sancti
2636 1392 2821 1464 Ipoliti
2869 1392 3110 1448 martiris
3138 1391 3241 1448 sub
3278 1389 3446 1448 Decio
3484 1391 3819 1461 imperatore

2173 1488 2229 1538 et
2258 1483 2548 1540 Valeriano
2596 1482 2868 1552 prefecto.
2918 1484 3075 1539 Hunc
3117 1482 3336 1538 beatum
3379 1481 3637 1551 lpolitum
3668 1482 3819 1537 vica-

439 1588 587 1645 dicta
643 1599 786 1656 aqua
841 1581 1136 1639 babtizavit
1192 1593 1338 1635 eum.
1392 1578 1547 1646 Quod
1592 1577 1793 1633 factum
1857 1575 2146 1656 audiens_
2174 1574 2315 1628 rium
2363 1578 2586 1630 sanctus
2632 1572 2978 1641 Laurentius,
3029 1584 3149 1627 cum
3208 1571 3354 1643 apud
3405 1584 3530 1627 eum
3580 1571 3817 1627 essetin

438 1676 655 1742 Decius,
694 1649 866 1745 jussit
903 1686 1027 1729 eum
1056 1670 1164 1727 sibi
1195 1670 1443 1726 exhiberi
1493 1682 1616 1724 cum
1665 1667 1920 1724 fustibus.
1961 1668 2082 1722 Non
2102 1649 2155 1711 Β
2175 1663 2446 1732 custodia,
2478 1662 2791 1718 babtizavit.
2821 1662 2922 1730 Qui
2950 1662 3020 1718 de
3050 1663 3256 1718 sanctis
3285 1661 3542 1731 exsequis
3580 1660 3818 1716 martiris

440 1766 811 1836 interrogatus
867 1762 1103 1818 clamare
1151 1760 1343 1829 cepit:
1399 1776 1427 1809 (ι
1484 1756 1826 1814 Christianus
1882 1770 2087 1826 sum,»

440 1862 494 1912 et
520 1856 752 1925 iubente
781 1853 947 1910 Decio
987 1852 1220 1907 eductus
1258 1848 1406 1905 foras
1438 1861 1627 1903 muros
1655 1852 1831 1918 porte
1862 1846 2087 1903 Salariae

440 1945 747 2002 decollatus
794 1948 880 2001 est
932 1941 986 1995 5.
1036 1940 1118 1996 Id.
1167 1942 1395 2011 August.
1445 1940 1613 2009 Cujus
1660 1952 1862 2008 corpus
1920 1942 2089 1993 noctu

440 2035 664 2105 collegit
708 2034 955 2089 Justinus
1002 2030 1275 2101 prespiter
1318 2033 1375 2085 et
1402 2028 1655 2099 sepelivit
1698 2029 1755 2085 in
1795 2029 1990 2099 cripta,
2032 2028 2088 2083 in

439 2139 571 2198 agro
620 2127 855 2181 Verane.
895 2121 1095 2178 Decius
1142 2126 1324 2177 autem
1381 2133 1537 2176 cesar
1576 2120 1757 2191 pergit
1797 2124 1965 2175 noctu
2021 2116 2089 2174 ad

440 2222 641 2272 termas
673 2216 828 2284 juxta
883 2212 1144 2284 palatium
1182 2210 1426 2279 Salustii,
1476 2215 1531 2266 et
1580 2208 1859 2265 exhibitus
1899 2212 1982 2265 est
2039 2207 2090 2263 ei

440 2307 639 2362 iterum
697 2308 920 2360 sanctus
974 2301 1323 2366 Laurentius,
1377 2304 1433 2355 et
1503 2297 1666 2353 allata
1722 2303 1851 2353 sunt
1908 2297 2091 2354 omnia

441 2408 645 2465 genera
702 2395 1124 2453 tormentorum,
1182 2386 1472 2459 plumbati,
1532 2385 1732 2453 fustes,
1794 2386 2088 2451 lamminae,

443 2496 677 2555 ungues,
708 2481 918 2548 lectuli,
952 2478 1146 2535 batuli.
1173 2479 1242 2533 Et
1279 2477 1418 2533 dixit
1442 2477 1608 2532 beato
1632 2474 1843 2531 martiri
1871 2496 1883 2532 :
1921 2494 1950 2528 «
1975 2478 2090 2532 Jam

445 2570 661 2640 depone
720 2568 1005 2639 perﬁdiam
1063 2566 1199 2623 artis
1244 2566 1473 2637 magicae
1520 2569 1576 2621 et
1610 2565 1700 2621 dic
1729 2565 1891 2622 nobis
1919 2579 2092 2637 gene-

2172 1759 2300 1822 post
2348 1752 2417 1807 ad
2465 1751 2687 1808 domum
2737 1764 2891 1808 suam
2938 1751 3182 1820 rediens,
3213 1750 3369 1807 dedit
3414 1760 3610 1820 pacem
3656 1751 3815 1806 etiam

2173 1843 2431 1900 omnibus
2469 1843 2642 1899 servis
2679 1840 2795 1899 suis
2832 1847 2888 1899 et
2915 1842 3151 1909 ancillis,
3192 1845 3248 1898 et
3286 1840 3715 1898 communicavit
3749 1839 3815 1895 de

2174 1933 2447 1991 sacriﬁcio
2477 1933 2666 1989 altaris
2694 1933 2843 1989 beati
2885 1932 3165 1989 Laurentii
3210 1932 3471 1989 martiris.
3503 1932 3572 1987 Et
3610 1930 3815 2002 possita

2172 2036 2361 2081 mensa
2407 2025 2725 2095 priusquam
2774 2024 2955 2080 cibum
3008 2029 3270 2090 sumeret,
3306 2028 3579 2079 venerunt
3616 2022 3818 2078 milites

2174 2117 2230 2170 et
2275 2116 2573 2169 tenuerunt
2621 2126 2743 2169 eum
2786 2118 2841 2169 et
2886 2112 3263 2183 perduxerunt
3300 2108 3370 2167 ad
3407 2110 3655 2167 Decium.
3689 2111 3817 2179 Quae

2173 2203 2367 2258 videns
2385 2203 2584 2259 Decius
2618 2202 2912 2259 subridens
2941 2202 3079 2258 dixit
3109 2201 3160 2259 ei
3201 2223 3213 2258 :
3257 2218 3288 2255 «
3324 2199 3605 2273 Numquid
3653 2205 3711 2256 et
3763 2203 3818 2256 tu

2174 2308 2363 2365 magus
2412 2292 2621 2350 efectus
2660 2308 2739 2359 es,
2795 2292 2889 2364 qui
2938 2305 3139 2364 corpus
3189 2292 3471 2349 Laurentii
3526 2292 3817 2350 abstulisse

2176 2383 2423 2440 diceris?
2469 2403 2498 2436 »
2550 2385 2782 2439 Sanctus
2825 2383 3056 2453 ipolitus
3102 2381 3439 2454 respondit:
3481 2401 3509 2436 α
3542 2382 3665 2439 Hoc
3694 2382 3816 2451 feci,

2174 2486 2287 2530 non
2334 2473 2491 2545 quasi
2538 2487 2728 2544 magus
2774 2487 2913 2541 sum,
2957 2473 3114 2544 quasi
3158 2473 3511 2529 christianus.
3555 2489 3584 2526 υ
3626 2472 3819 2530 Decius

2176 2561 2364 2619 furore
2423 2566 2677 2635 arreptus
2727 2561 2891 2632 jussit
2947 2565 3008 2617 ut
3064 2574 3188 2618 cum
3251 2559 3529 2632 lapidibus
3587 2573 3655 2618 os
3710 2564 3820 2633 ejus

444 2660 755 2716 ressitatcm
807 2663 974 2714 tuam.
1027 2674 1056 2710 »
1106 2656 1204 2713 Cui
1254 2656 1448 2712 beatus
1480 2655 1806 2712 Laurentius
1838 2674 1853 2710 :
1889 2674 1914 2705 «
1947 2657 2094 2723 Quo-
2177 2652 2630 2709 contunderetur.
2679 2653 2746 2708 Et
2783 2650 3078 2722 expoliavit
3125 2663 3249 2708 eum
3284 2656 3456 2719 veste,
3488 2663 3599 2723 qua
3634 2651 3824 2708 indue-

444 2749 586 2805 niam
644 2763 818 2820 genus
882 2748 1158 2818 Hispanus
1224 2759 1364 2813 sum,
1436 2745 1686 2802 eruditus
1741 2750 1797 2801 et
1852 2744 2094 2801 nutritus
2178 2743 2341 2797 batur
2391 2741 2582 2798 habitu
2637 2740 2961 2809 christiano,
3014 2744 3070 2797 et
3120 2740 3259 2796 dixit
3306 2740 3358 2796 ei
3408 2758 3422 2797 :
3478 2757 3510 2792 «
3567 2740 3822 2798 Sacr-inca

440 2841 742 2908 Romanus,
774 2846 830 2894 et
877 2852 908 2894 a
965 2835 1255 2893 cunabulis
1302 2835 1656 2903 christianus,
1690 2848 1809 2891 sum
1845 2834 2095 2890 eruditus
2179 2830 2306 2899 diis,
2356 2834 2411 2888 et
2457 2832 2626 2901 vives,
2675 2831 2761 2886 sin
2808 2831 2987 2899 aliter,
3021 2832 3204 2901 peries
3250 2844 3351 2902 per
3377 2836 3657 2888 tormenta
3689 2830 3825 2888 sicut

442 2942 660 2985 omnem
699 2928 876 2999 legem
928 2931 1171 2982 sanctam
1232 2930 1287 2979 et
1338 2925 1599 2980 divinam.
1651 2938 1681 2975 η
1730 2925 1797 2979 Et
1843 2923 2042 2980 Decius
2077 2921 2526 2999 :_Laurentius.
2578 2942 2604 2972 ao
2655 2922 2888 2978 Sanctus
2934 2921 3166 2992 ipolitus
3194 2922 3383 2979 dixit:
3438 2938 3470 2976 «
3506 2923 3825 2995 Exemplum

444 2984 472 3071 (ξ
506 2984 787 3072 ίδεοῐίῐὶθξ
815 3016 944 3103 diis,
995 3028 1120 3070 nam
1151 3026 1265 3070 nox
1293 3012 1397 3068 ista
1426 3014 1481 3068 in
1512 3018 1568 3068 te
1599 3012 1941 3083 expendetur
1971 3026 2095 3069 cum
2114 2984 2160 3047 Ο
2181 3024 2395 3068 merear
2446 3009 2594 3068 beati
2644 3011 2924 3068 Laurentii
2960 2984 3228 3068 -martiris
3280 3010 3398 3068 ﬁeri
3428 3055 3445 3081 ,
3499 2984 3702 3083 quem-
3731 3019 3824 3085 tu,

442 3105 713 3177 supliciis.
746 3125 772 3155 ao
808 3122 837 3157 «
867 3099 1004 3169 Mea,
1037 3103 1240 3173 inquit,
1269 3115 1381 3159 nox
1428 3102 1725 3159 obscurum
1757 3116 1869 3159 non
1901 3103 2093 3168 habet,
2181 3102 2395 3169 misser,
2446 3113 2611 3158 ausus
2657 3099 2808 3157 fuisti
2840 3114 2937 3158 ore
2967 3101 3179 3172 polluto
3210 3103 3514 3159 nominare.
3550 3122 3580 3156 »
3623 3103 3828 3159 Exten-

443 3194 542 3251 sed
573 3194 754 3251 omnia
805 3193 864 3249 in
902 3192 1025 3249 luce
1075 3191 1352 3248 clarescit.
1387 3210 1417 3241 »
1450 3193 1671 3247 Etcum
1702 3191 1994 3248 cederetur
2021 3190 2099 3247 la-
2181 3206 2275 3249 sus
2330 3192 2499 3265 igitur
2543 3189 2781 3248 fustibus
2822 3196 2878 3248 et
2926 3190 3107 3249 cardis
3154 3192 3249 3249 diu
3289 3204 3476 3250 cessus
3505 3198 3612 3263 est,
3654 3193 3825 3251 donec

444 3285 689 3356 pidibus,
744 3296 810 3340 os
866 3284 986 3353 ejus
1041 3282 1279 3350 ridebat,
1327 3283 1382 3337 et
1423 3280 1840 3338 confortabatur
1868 3286 1923 3337 et
1952 3281 2096 3338 dice-
2181 3281 2445 3340 cedentes
2487 3279 2829 3338 defecerunt.
2881 3279 3014 3338 Inde
3070 3281 3281 3339 levatus
3335 3298 3367 3339 a
3423 3289 3613 3351 terra,
3669 3280 3825 3355 jussit

446 3376 575 3432 bat:
628 3391 657 3427 «
705 3373 920 3430 Gratias
945 3371 1046 3428 tibi
1077 3385 1202 3443 age,
1245 3371 1341 3442 qui
1370 3378 1430 3428 tu
1462 3385 1522 3428 es
1556 3371 1729 3443 [Deus]
1768 3372 2030 3428 omnium.
2067 3390 2097 3424 υ
2183 3386 2305 3430 eum
2354 3370 2553 3428 Decius
2598 3371 2787 3428 vestiri
2834 3372 3072 3429 militare
3101 3377 3272 3438 veste,
3306 3385 3413 3445 qua
3458 3372 3688 3446 gentilis
3715 3377 3825 3431 ute-

368 3524 373 3529 .
443 3465 653 3521 Allatus
707 3469 891 3520 autem
942 3468 1025 3519 est
1072 3462 1252 3518 lectus
1290 3474 1413 3518 cum
1458 3462 1637 3518 tribus
1684 3461 1874 3527 costis,
1907 3466 1962 3518 et
2011 3475 2101 3518 ex-
2181 3464 2363 3532 batur,
2405 3469 2460 3519 et
2485 3460 2623 3518 dixit
2661 3460 2711 3518 ei
2752 3483 2765 3518 :
2820 3476 2849 3515 cc
2896 3461 3099 3519 Recole
3130 3462 3385 3521 militiam
3416 3468 3588 3531 tuam,
3619 3468 3679 3521 et
3714 3469 3820 3522 esto

443 3555 684 3626 poliatus
713 3555 911 3610 beatus
937 3553 1265 3610 Laurentius
1293 3551 1636 3610 vestimentis
1665 3554 1800 3620 suis,
1844 3556 2100 3610 extentus
2181 3556 2373 3608 noster
2410 3551 2637 3618 amicus,
2662 3553 2717 3607 et
2745 3551 2803 3606 in
2833 3555 3135 3622 conspectu
3174 3557 3366 3610 nostro
3395 3556 3553 3610 utere
3586 3551 3652 3585 ¹⁹⁹
3682 3552 3820 3609 mili-

441 3650 526 3702 est
577 3645 636 3700 in
685 3650 893 3700 cratem
940 3641 1195 3711 ferream,
1255 3646 1311 3698 et
1363 3643 1513 3699 allati
1566 3645 1696 3697 sunt
1751 3640 1923 3698 batuli
1975 3656 2099 3699 cum

442 3735 655 3806 prunis.
717 3735 788 3789 Et
844 3732 1146 3788 misserunt
1203 3732 1307 3787 sub
1355 3736 1560 3788 cratem
1590 3731 1843 3788 ferream.
1878 3734 2100 3790 Etcum

441 3822 615 3878 furcis
641 3821 841 3878 ferreis
869 3827 1150 3877 coartatus
1179 3821 1439 3890 desuper,
1469 3821 1609 3877 dixit
1654 3823 1859 3879 Decio:
1902 3840 1932 3876 ‹‹
1957 3823 2099 3880 Ecce

2182 3642 2313 3698 tiam
2339 3641 2648 3712 pristinam,
2671 3654 2835 3712 quam
2864 3653 3085 3712 semper
3111 3640 3426 3700 habuisti.»
3469 3643 3604 3700 Cum
3636 3643 3818 3699 beatus

2184 3731 2378 3787 martir
2432 3730 2662 3787 dixisset
2708 3752 2721 3786 :
2786 3750 2811 3779 α
2869 3730 3059 3787 Militia
3107 3744 3229 3789 mea
3276 3731 3377 3788 hec
3424 3736 3528 3799 est,
3572 3730 3820 3791 christia-

2184 3834 2314 3877 num
2366 3818 2581 3877 ﬁrmum
2628 3820 2886 3889 militare,
2936 3821 3083 3881 unde
3130 3822 3294 3894 cupio
3337 3821 3405 3877 ad
3439 3822 3681 3879 celerem
3712 3821 3820 3893 pal-

444 3925 532 3966 me
561 3909 738 3966 obtuli
766 3910 1098 3966 sacriﬁcium
1132 3912 1244 3966 Deo
1271 3909 1328 3966 in
1359 3910 1587 3967 odorem
1630 3914 1934 3981 suavitatis,
1969 3914 2099 3984 quia
2182 3925 2325 3967 mam
2372 3924 2496 3967 cum
2543 3907 2725 3968 fructu
2754 3912 2962 3980 venire,
3005 3929 3034 3965 »
3076 3911 3361 3969 iracundia
3397 3912 3599 3983 plenus
3637 3912 3820 3969 Decius

445 3999 774 4056 sacriﬁcium
819 3999 932 4057 Deo
977 4003 1061 4055 est
1098 3999 1327 4071 spiritus
1373 4001 1792 4058 centribulatus.
1826 4020 1856 4054 »
1909 4003 2099 4058 Carni-
2182 4001 2321 4057 dixit
2367 3998 2656 4058 Valeriano
2694 4022 2706 4057 :
2763 4021 2789 4050 «
2829 4002 3031 4073 Accipe
3080 4012 3273 4060 omnes
3319 4001 3613 4060 facultates
3644 4003 3816 4076 [ejus],

444 4090 580 4146 fices
629 4097 811 4146 tamen
844 4095 1103 4162 urgentes
1145 4090 1530 4148 ministrabant
1580 4093 1849 4148 carbones
1878 4093 2100 4150 mitten-
2183 4097 2238 4147 et
2268 4090 2514 4147 interfice
2544 4104 2668 4148 eum
2716 4091 2927 4149 crudeli
2966 4091 3389 4151 examinatione.
3432 4115 3458 4143 ν
3508 4094 3821 4151 Valerianus
3861 4163 3865 4166 ~

444 4186 531 4236 tes
558 4180 661 4236 sub
699 4186 926 4249 cratem,
977 4186 1033 4237 et
1084 4180 1323 4253 desuper
1351 4180 1779 4252 cemprimentes
1818 4194 1942 4237 eum
1974 4195 2098 4238 cum
2183 4192 2378 4251 porro,
2439 4182 2722 4252 exquesita
2779 4191 2939 4239 omne
2996 4181 3252 4239 facultate
3312 4183 3459 4255 ejus,
3509 4183 3724 4244 invenit
3768 4181 3818 4239 in

444 4269 614 4327 furcis
668 4270 884 4327 ferreis.
943 4273 1177 4328 Sanetus
1222 4272 1549 4328 Laurentius
1598 4269 1780 4326 dixit:
1836 4289 1866 4325 ι(
1912 4270 2349 4345 Disce,,_domu
2406 4270 2591 4341 Ipoliti
2652 4282 2868 4329 omnem
2911 4271 3171 4329 familiam
3219 4272 3613 4343 christianam,
3668 4284 3817 4345 quam

443 4361 657 4428 misser,
694 4322 920 4432 ’ἑιὶιξίιῖὶε
944 4322 1550 4418 ῖέῖᾟῖηἶιζῖιῌὶιὶὶῐιῖ
1603 4322 1733 4416 ὖξῖ
1764 4322 1870 4416 insi
1895 4322 3575 4433 (si;Danastii...angustiae.Ense}:
3598 4322 3818 4422 tam

444 4452 712 4509 carbones
749 4452 831 4506 tui
889 4450 1025 4506 mihi
1082 4449 1417 4521 refrigirium
1456 4453 1741 4520 prestant;
1796 4449 1898 4507 tibi
1952 4452 2096 4510 enim
2179 4451 2437 4523 lpolitum
2480 4450 2627 4507 foras
2657 4466 2846 4509 muros
2882 4456 3058 4524 porta:
3088 4451 3391 4511 Tiburtinae
3448 4468 3574 4510 cum
3621 4450 3817 4511 familia

443 4546 710 4598 aeternum
756 4539 1112 4612 supplicium,
1150 4537 1281 4613 quia
1309 4538 1431 4609 ipse
1464 4539 1728 4597 Dominus
1757 4542 1932 4611 novit,
1969 4542 2097 4614 quia
2179 4540 2328 4598 duci.
2381 4542 2577 4597 Beatus
2620 4541 2852 4613 lpolitns
2910 4540 3257 4600 eonfortabat
3324 4557 3515 4601 omnes
3571 4542 3761 4603 dicens
3800 4562 3813 4598 :

440 4637 732 4689 accusatus
776 4642 889 4688 non
946 4627 1161 4701 negavi,
1218 4628 1591 4700 interrogatus
1629 4629 1905 4687 Christum
1954 4646 2093 4689 con-
2179 4649 2207 4684 «
2257 4632 2494 4701 Fratres,
2545 4630 2717 4688 nolite
2766 4635 3048 4701 metuere;
3103 4632 3233 4705 quia
3270 4647 3371 4706 ego
3421 4638 3477 4690 et
3514 4648 3616 4690 vos
3659 4646 3813 4690 unum

442 4721 619 4779 fessus
675 4730 816 4789 sum,
867 4723 1080 4776 assatus
1127 4716 1330 4789 gratias
1360 4730 1482 4790 ago.
1528 4737 1555 4771 υ
1590 4719 1655 4774 Et
1682 4719 1835 4776 vultu
1883 4720 2096 4792 pulcer—
2174 4718 2464 4779 Dominum
2512 4720 2795 4778 habemus.
2849 4740 2877 4774 »
2926 4721 2993 4778 Et
3040 4720 3301 4779 decollati
3346 4728 3476 4780 sunt
3524 4719 3814 4794 promiscui

443 4813 585 4867 rimo
639 4811 861 4867 dicebat
916 4824 931 4863 :
994 4826 1022 4860 ‹‹
1079 4808 1292 4864 Gratias
1351 4821 1454 4878 ago
1505 4808 1624 4876 tibi,
1687 4809 1907 4867 domine
1964 4812 2093 4867 Jesu
2174 4824 2339 4867 sexus
2387 4810 2472 4879 ’°°,
2520 4825 2749 4868 numero
2800 4806 2884 4867 19.
2934 4810 3132 4869 Beatus
3177 4826 3309 4870 vero
3342 4810 3599 4883 ipolitus,
3640 4811 3817 4885 ligatis

442 4900 678 4968 Christe,
710 4899 839 4971 quia
868 4898 1043 4955 merui
1085 4898 1282 4969 januas
1310 4902 1432 4954 tuas
1461 4896 1699 4970 ingredi.
1732 4914 1761 4953 »
1789 4901 1854 4955 Et
1884 4899 2093 4956 emissit

440 4990 714 5062 spiritum.
782 4990 935 5046 Mane
997 4992 1179 5045 autem
1255 4988 1430 5059 prima
1504 4986 1684 5045 adhuc
1764 4991 2091 5060 crepusculo

438 5083 621 5152 rapuit
650 5092 853 5153 corpus
891 5081 1010 5152 ejus
1038 5078 1291 5151 ipolitus,
1325 5083 1381 5135 et
1410 5076 1655 5135 condivit
1702 5093 1825 5135 cum
1868 5079 2092 5138 linthia-

438 5172 677 5229 minibus
734 5175 790 5228 et
845 5170 1218 5237 aromatibus;
1281 5173 1336 5225 et
1391 5167 1498 5225 hoc
1558 5167 1759 5225 factum
1817 5168 2092 5227 mandavit

435 5263 650 5319 iustine
680 5261 1013 5334 prespitero.
1068 5263 1219 5317 Tunc
1269 5259 1465 5315 beatus
1491 5259 1742 5315 Justinus
1772 5265 1827 5315 et
1857 5260 2092 5331 Ipolitus
2171 5264 2240 5320 ad
2270 5263 2415 5319 latus
2450 5264 2566 5334 agri
2594 5264 2813 5334 Verani,
2846 5264 2926 5321 Id.
2958 5266 3211 5337 Augusti.

438 5353 718 5423 plorantes
775 5358 830 5409 et
885 5351 1114 5426 multum
1158 5350 1347 5407 tristes
1393 5349 1659 5406 tullerunt
1699 5363 1902 5421 corpus
1941 5350 2089 5409 beati
2240 5355 2287 5408 A
2331 5352 2499 5410 Decio
2546 5352 2879 5425 imperatore
2931 5355 3219 5428 hucusque
3271 5370 3429 5429 papae
3486 5372 3591 5430 per
3641 5367 3803 5415 annos

514 5533 572 5565 ίοτ
603 5535 659 5589 in
693 5531 764 5588 1?
838 5531 900 5565 ¹⁹⁸
927 5530 1109 5604 supple
1139 5530 1487 5589 Laurentius.
1570 5530 1630 5563 ¹⁹⁰
1658 5536 1744 5588 tite
1778 5530 1827 5585 l.
1908 5532 1971 5564 ²⁰⁰
2007 5538 2194 5591 sextus
2230 5534 2275 5590 1.

2173 4899 2411 4973 pedibus
2438 4900 2508 4956 ad
2529 4897 2673 4956 colla
2699 4898 3096 4959 indomitorum
3126 4916 3413 4975 equorum,
3445 4903 3529 4959 sic
3560 4918 3655 4976 per
3692 4916 3812 4959 car-

2175 4991 2399 5048 duetum
2429 4993 2485 5047 et
2512 4989 2747 5047 tribulos
2784 4995 3012 5061 tractus,
3054 4990 3263 5051 emissit
3292 4994 3514 5049 beatum
3543 4993 3807 5065 spiritum.

2172 5084 2345 5140 Nocte
2373 5082 2523 5138 venit
2551 5083 2746 5140 beatus
2773 5082 3018 5141 Justinus
3046 5083 3322 5155 presbiter
3351 5090 3406 5142 et
3446 5082 3669 5157 collegit
3696 5097 3809 5141 cor-

2174 5188 2310 5244 pora
2347 5177 2403 5229 et
2448 5172 2702 5244 sepelivit
2748 5173 2806 5230 in
2846 5189 3038 5246 campo
3074 5174 3289 5246 eodem,
3315 5177 3471 5247 juxta
3516 5174 3804 5248 nimpham,
