4040 6170
190 274 304 334 685

1474 274 1883 334 CHRONICON.
1922 305 1995 319 —
2032 276 2159 333 LIB.
2202 280 2293 335 Ill.

3462 287 3567 343 686

191 409 323 462 octo
354 403 670 461 cathedram
719 405 1016 460 tenuerunt
1059 403 1214 474 juxta
1260 399 1537 459 cronicam
1576 398 2032 472 Eusebii;A.nus
2097 416 2220 460 cum
2274 402 2506 473 multis;
2566 404 2623 461 in
2679 404 2864 465 Sicilia
2930 404 3149 465 civitate
3195 408 3569 468 Catinensium

191 494 458 565 quamdiu
506 508 637 550 vero
683 493 985 550 secundum
1042 492 1477 564 martirologium
1542 493 1842 561 sederunt,

191 584 491 641 dicendum
541 590 642 641 est.
694 582 894 640 Decius
942 581 1190 654 regnavit
1233 580 1392 639 annis
1444 583 1526 637 16.
1577 582 1849 639 Fabianus

191 687 339 745 papa
386 687 581 745 passus
630 670 715 727 13.
776 672 895 730 Kal.
954 672 1277 741 Februarii,
1339 672 1395 728 in
1458 686 1603 729 anno
1668 672 1846 743 primo

189 762 367 820 Decii.
418 762 553 820 Inde
600 762 889 820 Cornelius
934 776 1073 833 papa
1112 761 1271 818 annis
1300 761 1536 831 duobus,
1569 761 1848 818 mensibus

192 858 367 922 octo,
426 866 621 925 passus
680 849 764 908 18.
825 852 943 909 Kal.
1002 852 1294 921 Octobris,
1364 851 1420 908 in
1478 865 1623 909 anno
1682 853 1848 909 tertio

192 944 370 1000 Decii.
438 943 571 1000 inde
628 943 828 999 Lucius
884 956 1022 1014 papa
1079 944 1238 999 annis
1292 943 1510 1012 tribus,
1570 942 1850 1002 mensibus

190 1033 483 1106 quinque,
532 1046 728 1104 passus
774 1032 877 1088 sub
914 1028 1204 1089 Valeriano
1252 1031 1537 1105 prefecto,
1591 1034 1649 1089 in
1706 1046 1850 1089 anno

189 1122 436 1195 septimo
473 1122 664 1190 Decii,
723 1120 778 1178 4.
835 1123 977 1178 Non.
1020 1121 1216 1178 Martii.
1257 1122 1488 1179 Zetanus
1525 1136 1666 1194 papa
1694 1120 1853 1178 annis

190 1220 438 1285 septem,
492 1212 773 1269 mensibus
832 1214 1113 1283 quinque,
1174 1227 1368 1283 passus
1422 1213 1524 1269 sub
1562 1212 1852 1271 Valeriano

189 1302 469 1376 prefecta,
517 1302 570 1367 4.
614 1303 758 1358 Non.
803 1302 1053 1374 Augusti,
1104 1301 1160 1358 in
1207 1314 1351 1360 anno
1391 1302 1606 1360 decimo
1656 1308 1852 1375 quarto

188 1391 372 1450 Decii.
434 1392 618 1450 Sixtus
672 1404 814 1462 papa
874 1391 1093 1448 duobus
1147 1391 1324 1461 annis,
1372 1405 1565 1462 passus
1611 1392 1663 1448 8.
1722 1392 1855 1449 ldus

190 1482 455 1555 Augusti,
503 1482 564 1538 in
612 1495 757 1539 anno
809 1481 892 1536 16.
941 1481 1113 1537 Decii.
1173 1478 1263 1547 (ct.
1319 1480 1481 1553 Rue.)
1531 1480 1857 1539 Laurentius

192 1584 423 1644 quoque
478 1576 535 1628 et
586 1568 887 1645 Agapitusf,
946 1568 1318 1627 Felicissimus
1381 1574 1547 1643 atque
1603 1572 1855 1643 lpolitus,

194 1664 348 1734 passi
389 1661 494 1719 sub
543 1659 733 1729 Decio,
778 1660 825 1718 si
864 1658 1098 1717 ecclesia
1145 1674 1257 1718 non
1309 1660 1534 1718 fallitur.
1594 1663 1858 1719 Damnum

1929 493 2136 565 Agatha
2187 495 2380 567 virgo;
2441 494 2497 551 in
2558 496 2783 553 Perside
2841 497 3205 554 Polocronius
3259 499 3571 570 Babyloniae

1929 580 2224 640 Tesifontis
2290 584 2627 656 episcopus;
2701 588 2913 659 Pergen
2980 586 3311 659 Pamphyliae
3376 591 3575 648 Nestor

1931 671 2265 744 episcopus;
2298 673 2353 730 in
2392 675 2646 732 Corduba
2685 677 2903 733 civitate
2946 677 3266 735 Parmenius
3303 680 3578 749 presbiter

1932 778 2055 819 cum
2113 764 2318 833 sociis;
2369 767 2516 836 apud
2554 767 2867 823 Circensem
2908 768 3182 824 coloniam
3222 770 3495 825 Marianus
3525 773 3579 825 et

1929 852 2198 920 Iacobus;
2253 853 2309 908 in
2358 853 2524 911 Thiro
2570 856 2821 913 Anatolia
2868 860 2923 913 et
2966 858 3195 926 Audax;
3239 860 3383 929 apud
3421 859 3581 916 Ali‘ri-

1934 957 2052 1000 cam
2102 942 2465 1001 Nemosianus
2508 948 2566 1001 et
2612 945 2783 1015 Felix,
2830 948 3167 1019 Rogatianus
3205 949 3479 1018 presbiter
3526 954 3582 1006 et

1933 1032 2303 1091 Felicissimus
2332 1037 2387 1090 et
2416 1033 2712 1092 Dioscorus
2759 1051 2882 1092 cum
2924 1036 3110 1094 sociis.
3154 1036 3347 1110 (Hiram)
3388 1040 3583 1097 Decius

1936 1135 2058 1178 cum
2102 1121 2215 1179 tilio
2263 1120 2539 1180 occiditur
2580 1123 2651 1195 [in
2699 1123 2762 1157 ²⁰³
2807 1125 3017 1183 Abruto
3072 1126 3320 1186 Thraciae
3366 1128 3512 1197 loco,
3554 1143 3584 1186 a

1934 1210 2127 1270 Gothis
2156 1212 2211 1267 in
2252 1211 2399 1270 bello
2431 1212 2679 1285 (Cass.)].

2008 1302 2358 1360 Romanorum
2394 1300 2483 1358 30.
2536 1302 2719 1361 Gallus
2768 1322 2882 1363 cum
2927 1302 3036 1380 ﬁlio
3077 1302 3359 1366 Volusiano
3388 1324 3585 1381 regna-

1937 1389 2010 1446 uit
2058 1392 2211 1447 annis
2258 1389 2313 1463 2,
2347 1390 2703 1467 mensibusque
2732 1393 2788 1464 4,
2830 1397 2937 1454 hoc
2984 1405 3067 1455 est
3113 1414 3291 1471 usque
3330 1399 3448 1458 Kal.
3485 1402 3588 1458 Se—

1939 1480 2197 1550 ptimbris
2225 1482 2282 1538 in
2312 1496 2457 1540 anno
2495 1480 2621 1540 234.
2674 1490 2800 1557 post
2850 1487 3181 1558 passionem.
3223 1488 3333 1547 Sub
3381 1504 3491 1561 quo
3531 1492 3589 1548 hi

1941 1570 2201 1627 consules
2232 1570 2474 1642 fuerunt,
2516 1576 2655 1630 teste
2694 1574 3045 1635 Cassiodoro.

2013 1656 2139 1716 267.
2197 1660 2243 1717 1.
2309 1658 2516 1734 [CCXLV]
2587 1663 2781 1737 (HN-lit.)
2840 1665 3124 1723 Volusenus
3188 1673 3237 1725 et
3301 1666 3589 1727 Maximus.

195 1766 336 1824 ergo
380 1765 649 1808 annorum
701 1749 785 1806 18.
836 1750 894 1807 in
932 1750 1173 1807 cronicis
1218 1751 1439 1808 Eusebii
1479 1757 1534 1809 et
1570 1751 1754 1820 Bedae,
1786 1742 2217 1808 abBPestilens
2280 1752 2504 1808 morbus
2566 1753 2765 1810 multas
2830 1756 3001 1812 totius
3066 1754 3219 1815 orbis
3282 1759 3595 1828 provincias

195 1854 349 1898 anno
414 1840 499 1895 15.
558 1839 789 1909 Tiberii,
830 1839 886 1897 in
944 1852 1089 1897 anno
1151 1834 1236 1894 10.
1295 1838 1478 1912 magni
1516 1840 1662 1910 cicii,
1707 1842 1861 1912 juxta

194 1928 488 1989 historiam
528 1931 671 1987 sacri
721 1929 990 2002 evangelii
1039 1930 1108 1986 ad
1158 1928 1357 1987 ciclum
1404 1929 1704 2000 Dionissii,
1752 1932 1860 1988 im-

196 2022 359 2095 plent
396 2022 488 2078 isti
528 2020 659 2077 anni
694 2018 759 2075 l6
788 2020 940 2078 Decii
971 2024 1027 2077 et
1062 2019 1098 2073 2
1143 2021 1272 2077 anni
1318 2019 1539 2090 Galerii,
1586 2023 1726 2077 teste
1755 2018 1861 2077 Isi-

200 2113 344 2171 doro
383 2112 670 2184 episcOpo,
704 2110 853 2183 quod
893 2109 1111 2167 duobus
1147 2109 1308 2167 annis
1344 2111 1613 2183 regnavit.
1654 2110 1862 2180 Quodsi

199 2210 386 2260 autem
441 2201 651 2274 aliquid
705 2200 795 2257 his
843 2200 1151 2258 rationibus
1197 2200 1458 2271 obsistit,
1508 2216 1638 2258 ecce
1695 2200 1862 2258 aliter

196 2295 668 2351 resurrectionem
738 2292 955 2349 Domini
1032 2294 1187 2363 juxta
1259 2288 1544 2348 historiam
1617 2291 1860 2363 inquiri-

200 2392 325 2440 mus
362 2382 446 2439 ³⁸⁸.

269 2475 630 2532 Romanorum
672 2468 764 2529 29.
815 2468 1006 2530 Decius
1045 2471 1327 2528 secundum
1370 2468 1612 2528 Orosium
1649 2486 1861 2538 regna-

193 2565 273 2621 uit
326 2563 482 2621 annis
534 2562 587 2632 3,
634 2561 892 2620 mensibus
936 2562 992 2632 3,
1032 2562 1195 2635 ,ἤπια
1238 2560 1519 2618 Eusebium
1564 2565 1613 2616 et
1660 2560 1861 2618 Bedam

193 2658 364 2727 atque
410 2652 776 2711 Cassiodorum
824 2668 960 2710 anno
1010 2650 1076 2708 ab
1112 2651 1249 2711 Urbe
1280 2651 1490 2707 condita
1525 2647 1681 2704 1004.
1730 2650 1860 2708 inci-

185 2742 370 2815 piens,
403 2736 577 2799 ethoc
605 2742 684 2799 est
718 2757 879 2814 usque
922 2744 1051 2798 Kal.
1100 2740 1257 2809 Maii,
1302 2742 1358 2795 in
1406 2756 1542 2796 anno
1572 2739 1700 2797 232.
1737 2744 1859 2812 post

186 2834 516 2905 passionem.
556 2831 671 2890 Sub
718 2847 817 2904 quo
864 2832 917 2889 hi
963 2829 1199 2887 consules
1241 2828 1472 2900 fuerunt,
1512 2832 1640 2886 teste
1676 2829 1860 2887 Casio-

190 2924 346 2980 doro.

524 3010 673 3085 [Cod.
720 3011 776 3067 in
822 3020 990 3082 marg.
1023 3029 1040 3065 :
1079 3007 1138 3065 7.
1176 3006 1531 3080 persecutio]

1943 1838 2270 1910 occupavit,
2329 1840 2670 1913 maximeque
2726 1843 3109 1902 Alexandriam
3177 1849 3231 1903 et
3294 1849 3590 1920 ngiptum,

1943 1931 2004 1984 ut
2032 1928 2226 1985 scribit
2245 1928 2552 1987 Dionissius
2582 1936 2637 1988 et
2666 1932 2956 2005 Ciprianus
2985 1934 3053 1992 de
3084 1935 3415 1995 mortalitate
3438 1939 3594 1996 testis

1945 2020 2029 2074 est
2076 2014 2236 2075 liber.
2284 2021 2545 2092 Novatus,
2597 2023 2873 2092 presbiter
2917 2026 3180 2095 Cipriani,
3230 2029 3459 2084 Romam
3503 2044 3594 2086 vc-

1944 2108 2123 2176 niens,
2162 2110 2520 2167 Novatianum
2551 2116 2606 2167 et
2635 2117 2853 2169 ceteros
2882 2114 3231 2172 confessores
3259 2117 3365 2173 sibi
3396 2119 3591 2186 sociat,

1946 2210 2012 2252 eo
2060 2197 2209 2268 quod
2257 2199 2546 2256 Cornelius
2583 2202 2896 2272 penitentes
2942 2210 3221 2275 apostatas
3269 2207 3589 2277 recepisset.

1942 2284 2248 2345 Antiochiae
2285 2286 2369 2343 14.
2402 2288 2759 2349 constituitur
2796 2290 3091 2364 episcopus
3118 2297 3449 2352 Demetrius.

2013 2375 2202 2432 Lucius
2230 2376 2321 2442 20,
2356 2394 2502 2452 papa
2546 2378 2716 2452 [annis
2746 2379 2809 2413 ὀδ
2837 2381 2887 2454 3]
2939 2383 3197 2440 mensibus
3243 2384 3300 2441 5.
3340 2388 3597 2442 Decreta-

1942 2463 2008 2522 lis
2062 2462 2286 2539 epistola
2341 2464 2489 2525 Lucii
2538 2486 2693 2544 papa:
2737 2493 2753 2527 :
2806 2491 2837 2526 «
2901 2472 3281 2531 Dilectissimis
3343 2474 3597 2533 omnibus

1940 2555 2204 2612 fratribus
2249 2555 2449 2614 Lucius
2487 2557 2782 2632 episcopus
2828 2561 3058 2619 salutem
3098 2561 3156 2617 in
3186 2562 3436 2632 Domino,
3472 2582 3502 2617 »
3543 2567 3600 2619 et

1945 2644 2158 2716 reliqua
2212 2640 2395 2718 (Cone.
2448 2663 2504 2719 p.
2560 2646 2728 2720 137);
2783 2654 2839 2706 et
2883 2655 3010 2721 post
3051 2673 3063 2707 :
3115 2669 3143 2703 «
3184 2653 3245 2707 In
3273 2652 3377 2709 hac
3406 2656 3598 2709 sancta

1940 2734 2072 2792 sede
2119 2734 2425 2808 apostolica
2480 2739 2889 2813 constituimus,
2929 2748 2990 2797 ut
3035 2743 3144 2799 duo
3198 2744 3490 2814 presbiteri
3540 2750 3596 2800 et

1939 2827 2053 2881 tres
2081 2825 2302 2882 diaconi
2341 2827 2399 2882 in
2435 2826 2584 2883 omni
2624 2828 2749 2886 loco
2789 2829 3109 2901 episcopum
3139 2844 3252 2889 non
3281 2833 3588 2901 desserant,

1940 2919 2169 2985 propter
2215 2917 2588 2974 testimonium
2641 2919 3110 2988 aecclesiasticum,
3154 2940 3182 2973 »
3233 2928 3290 2978 et
3334 2922 3585 2994 reliqua;

1940 3003 2066 3060 data
2095 3001 2217 3061 Kal.
2257 3006 2480 3077 Aprilis,
2512 3006 2671 3066 Gallo
2701 3013 2757 3065 et
2785 3009 3081 3066 Volusiano
3109 3011 3240 3068 viris
3269 3012 3590 3069 clarissimis

265 3102 397 3160 264.
470 3078 540 3158 1.-
595 3102 805 3174 [comi]
861 3078 1077 3173 (litem)
1152 3078 1337 3157 Gallus
1401 3105 1450 3155 et
1520 3078 1851 3155 Volusianus.
1875 3078 2064 3150 Cven.
2106 3094 2447 3153 consulibus.
2484 3096 2700 3169 [Lucius
2729 3114 2922 3170 passus
2951 3098 3005 3155 8.
3039 3099 3158 3157 Kal.
3189 3102 3340 3173 Sept.
3381 3117 3591 3160 secun-

182 3192 392 3252 Decius
429 3192 715 3250 Pannonia
752 3189 1014 3249 inferiore
1071 3190 1316 3247 Budaliae
1363 3194 1527 3247 natus
1583 3188 1708 3247 fuit.
1745 3191 1853 3245 De-

183 3282 313 3343 cius
340 3284 426 3353 ”,
470 3284 543 3341 ob
575 3282 763 3341 odium
794 3281 1196 3353 Philipporum,
1229 3294 1371 3351 quos
1408 3276 1634 3347 occidit,
1667 3293 1854 3350 perse-

186 3373 480 3432 cutionem
521 3373 948 3431 christianorum
986 3375 1187 3428 movet.
1235 3370 1508 3426 Fabianus
1545 3382 1685 3441 papa
1724 3383 1851 3439 pas-

183 3479 288 3521 sus
322 3464 412 3519 14.
446 3462 566 3521 Kal.
599 3462 884 3521 Februarii
919 3458 1167 3534 (Mart).

262 3552 539 3612 Cornelius
582 3552 665 3608 19.
712 3568 859 3625 papa
887 3552 1038 3608 annis
1066 3550 1121 3620 3,
1153 3544 1430 3607 mensibus.
1462 3544 1518 3605 5.
1567 3544 1852 3619 [Antonius

179 3644 499 3701 monachus
535 3642 731 3716 Egipto
771 3642 1004 3699 docetur
1032 3640 1295 3710 exortus]

257 3734 390 3790 265.
453 3735 507 3790 2.
580 3731 812 3806 [CCXLIII]
884 3726 1098 3805 (ΗΙΕΒ.)
1167 3730 1449 3801 Africanus
1513 3732 1561 3783 et
1625 3728 1838 3786 Decius.

172 3825 467 3882 Antonius
530 3822 832 3880 monachus
896 3820 952 3877 in
1011 3818 1229 3892 .Egipto
1304 3818 1569 3875 nascitur.
1646 3817 1852 3875 Paulus

173 3916 393 3972 Tebius
443 3913 649 3988 (Cass)
689 3911 854 3985 (125).
896 3911 994 3967 His
1031 3909 1353 3968 consulibus
1396 3907 1594 3965 Decius
1633 3907 1847 3964 lavacra

170 4004 411 4078 publica
488 4003 780 4062 aediﬁcavit
810 4046 826 4073 ,
912 4016 1035 4073 qua:
1106 4016 1208 4059 suo
1281 4000 1504 4058 nomine
1578 3997 1844 4070 appellari

165 4095 369 4167 jussit.

249 4184 385 4239 266.
429 4183 486 4239 3.
536 4180 761 4254 [cexuv]
823 4179 1037 4255 (ΗιΕιι.)
1089 4178 1359 4241 Maximus
1396 4182 1446 4235 et
1483 4178 1696 4235 Decius.
1736 4179 1844 4234 R0-

173 4289 293 4331 ma:
344 4274 771 4345 amphiteatrum
818 4273 1122 4328 incensum.
1170 4270 1480 4327 Alexandro
1526 4267 1842 4325 Hierosoli-

170 4376 409 4420 morum
462 4360 608 4435 apud
667 4363 980 4419 Cessaream
1038 4357 1330 4417 Palestina:
1394 4359 1466 4415 ob
1530 4357 1837 4415 martirium

164 4451 509 4523 interiecto,
544 4458 598 4510 et
626 4451 932 4511 Antiochia:
961 4449 1168 4517 Babila,
1198 4448 1518 4506 Mazabanus
1548 4453 1606 4505 et
1631 4448 1835 4505 Fabius

1940 3183 2069 3241 dum
2100 3186 2292 3257 gesta]

2007 3273 2131 3331 268.
2191 3272 2245 3329 2.
2311 3274 2530 3348 [ccnvr]
2595 3277 2809 3351 (1111211.)
2863 3276 3169 3337 Valerianus
3208 3286 3256 3337 et
3296 3280 3588 3339 Gallienus.

1941 3364 2055 3435 [liis
2085 3364 2411 3421 consulibus
2446 3367 2758 3437 Stephanus
2803 3382 2943 3438 papa
2980 3371 3248 3426 successit
3285 3372 3587 3427 secundum

1933 3458 2087 3525 gesta
2136 3454 2497 3525 pontiﬁcum]
2550 3456 2650 3512 His
2696 3454 3017 3513 consulibus
3053 3458 3382 3515 Cassiodoro
3420 3463 3586 3529 teste,

1932 3541 2117 3598 Gallus
2163 3546 2221 3599 et
2269 3540 2635 3611 Volusianus,
2691 3558 2815 3599 cum
2870 3545 3156 3601 adversum
3211 3547 3581 3617 IEmilianum,

1932 3630 2026 3702 qui
2074 3631 2131 3688 in
2178 3628 2347 3689 Mosia
2375 3647 2465 3690 res
2504 3646 2671 3689 novas
2699 3632 3048 3701 moliebatur,
3079 3649 3148 3690 ex
3174 3637 3317 3691 Urbe
3348 3635 3583 3706 profecti

1932 3725 2136 3788 essent,
2184 3719 2242 3776 in
2290 3722 2432 3778 Foro
2480 3720 2788 3791 Flammini,
2828 3720 2943 3779 sive
2972 3728 3033 3778 ut
3077 3723 3171 3779 alii
3208 3729 3401 3794 putant
3430 3727 3580 3784 Inte-

1930 3813 2184 3883 ramniae,
2244 3810 2522 3868 interfecti
2579 3816 2726 3867 sunt.
2777 3811 3099 3869 Emilianus
3160 3814 3327 3872 tertio
3391 3830 3581 3875 mense

1927 3905 2138 3962 invasse
2167 3902 2461 3961 tirannidis
2491 3902 2789 3958 extinctus.

1997 3998 2348 4052 Romanorum
2392 3991 2484 4049 31.
2528 3990 2863 4062 Emyliauus,
2910 4007 3024 4049 cum
3065 3991 3272 4050 Gallum
3318 3999 3369 4052 et
3414 3995 3579 4054 Volu-

1925 4085 2123 4141 lianum
2167 4083 2461 4149 occidisset,
2492 4079 2766 4152 imperauit
2794 4080 3052 4137 mensibus
3079 4081 3136 4137 3.
3185 4082 3406 4156 (Βεω.)
3446 4087 3577 4144 Ori-

1920 4188 2093 4245 genes
2136 4188 2280 4230 anno
2317 4172 2416 4226 70°
2468 4172 2644 4227 aetatis
2682 4186 2796 4227 suae
2845 4168 3016 4241 obiit,
3068 4176 3122 4229 et
3168 4173 3227 4229 in
3274 4176 3412 4232 urbe
3460 4177 3571 4234 Tiri

1921 4264 2191 4336 sepultus.
2266 4262 2360 4336 (li.
2417 4264 2508 4327 Β.)
2574 4260 2875 4317 Emilianus
2933 4267 3114 4317 autem
3179 4264 3569 4322 obscurissime

1920 4359 2083 4412 natus
2120 4356 2239 4411 erat
2278 4356 2444 4423 atque
2495 4350 2659 4407 etiam
2705 4349 2996 4407 obscurius
3039 4352 3364 4421 imperavit;
3393 4354 3568 4422 siqui-

1855 4416 1906 4478 D
1922 4446 2047 4502 dem
2094 4446 2311 4499 Maurus
2358 4445 2503 4508 erat,
2555 4446 2719 4511 atque
2766 4441 2932 4497 tertio
2986 4454 3170 4496 mense
3215 4442 3300 4497 sui
3347 4443 3565 4512 imperii

166 4544 451 4618 episcopi
486 4543 915 4602 constituuntur.
960 4539 1183 4615 (Mart)
1215 4540 1503 4598 Cornelius
1530 4552 1673 4610 papa
1702 4553 1834 4610 pas-
1917 4534 2191 4592 extinctus
2229 4536 2351 4601 est;
2410 4532 2517 4587 hoc
2565 4535 2650 4586 est
2687 4529 2843 4618 quasi
2895 4543 3083 4586 mense
3137 4530 3460 4598 Novimbre,
3504 4532 3562 4587 in

163 4617 278 4693 sus
340 4634 424 4689 18.
475 4634 593 4692 Kal.
633 4628 909 4693 Octobris.
944 4632 1123 4704 (Rem)
1153 4634 1343 4689 Romae
1381 4628 1527 4700 passi
1565 4629 1837 4685 Fabianus
1918 4625 2112 4683 eodem
2151 4635 2295 4679 anno
2326 4634 2439 4693 quo
2467 4619 2674 4676 occidit
2700 4617 2909 4675 Gallum
2938 4624 2995 4675 et
3016 4618 3389 4675 Volusianum.

164 4731 230 4783 et
276 4722 578 4782 Cornelius
627 4739 789 4795 papa,
828 4723 1070 4780 Victoria
1109 4723 1282 4793 virgo,
1323 4720 1611 4789 Miniates;
1650 4718 1837 4775 Antio-

1990 4717 2339 4770 Romanorum
2402 4710 2491 4765 32.
2563 4707 2869 4765 Valerianus
2933 4723 3048 4763 cum
3110 4706 3218 4779 ﬁlio
3286 4706 3562 4765 Galleiano

160 4816 313 4874 cbia
366 4814 603 4871 Babillas
650 4815 983 4886 episcopus;
1022 4810 1314 4883 Apollonia
1360 4808 1578 4865 civitate
1614 4808 1833 4873 Leatus,
1918 4804 2154 4875 regnavit
2199 4802 2352 4858 annis
2413 4799 2495 4863 15.
2548 4799 2654 4854 hoc
2711 4804 2795 4854 est
2840 4812 3013 4869 usque
3061 4797 3182 4853 Kal.
3223 4798 3562 4867 Decembris,

156 4906 381 4963 Tirsus
427 4906 484 4960 et
537 4902 873 4972 Callinicus;
942 4896 1306 4958 Hierosolima
1361 4898 1656 4969 episcopus
1710 4897 1837 4953 Ale-

153 4996 441 5065 xander;
492 4992 737 5052 Nazanzo
775 4988 1019 5065 Tripho;
1076 4993 1133 5048 in
1180 4990 1396 5063 zEgypti
1449 4988 1669 5045 civitate
1716 5001 1842 5059 qum

154 5087 400 5145 dicitur
437 5084 633 5142 Tinius
678 5082 897 5142 Phileas
943 5083 1257 5153 episcopus,
1300 5079 1630 5135 Philoronus
1669 5077 1843 5133 tribu-

1922 4896 1979 4951 in
2025 4906 2169 4949 anno
2197 4889 2325 4945 249.
2364 4892 2497 4945 Post
2550 4887 2883 4958 passionem.
2930 4887 3041 4942 Sub
3081 4902 3193 4958 quo
3220 4888 3277 4944 hi
3308 4887 3566 4945 consules

1921 4983 2164 5048 fuerunt,
2195 4984 2333 5036 teste
2364 4976 2713 5034 Cassiodoro.

1929 5074 2074 5146 [ϐοά.
2116 5071 2171 5125 in
2217 5082 2387 5138 marg.
2425 5088 2442 5122 :
2488 5066 2671 5123 Ciclus
2716 5063 2799 5119 14.
2841 5064 3076 5121 decenn.
3118 5066 3229 5122 inc.
3284 5066 3402 5123 ind.
3456 5065 3562 5137 10.]

1548 5177 1772 5235 VARLE
1809 5168 2198 5232 LECTIONES.

234 5287 316 5320 θοι
354 5285 475 5341 Hoc
500 5282 614 5342 loco
642 5297 712 5340 ea:
739 5283 918 5339 codice
950 5280 1004 5336 3.
1035 5281 1094 5337 in
1121 5280 1271 5353 editi.
1301 5277 1579 5353 leguntur:
1617 5277 1889 5353 Marianas
1908 5275 2114 5353 Scottis
2142 5266 2214 5325 22
2249 5263 2781 5353 εψῑθεγ,ρξῑξξὶξιᾼιξίξΔ
2793 5261 3567 5353 chronogfphishposuitqab

147 5336 1015 5426 ὼεειηᾙῑὶοῆἐνῡῦὼίἰιῖέάιιοε
1041 5336 1149 5409 sub
1174 5336 1558 5408 deﬁciéntibus
1586 5350 1809 5479 ragibus
1839 5345 2085 5417 collegit,
2117 5340 2397 5422 mensibus
2426 5336 2485 5394 et
2506 5336 2702 5393 diebus
2730 5336 2963 5408 integris
2994 5338 3153 5393 armis
3181 5336 3571 5408 superveniem

148 5434 368 5479 tibus.
438 5429 505 5462 ⁸⁸·
534 5431 593 5479 in
608 5428 843 5479 maiae
868 5428 1041 5479 prima
1069 5440 1244 5479 manu.
1318 5423 1382 5457 '°'
1410 5427 1527 5479 nos!
1554 5421 1625 5479 ad
1672 5423 1684 5434 '
1706 5437 1739 5478 a
1767 5420 1938 5479 prima
1966 5430 2143 5475 manu.
2217 5411 2282 5444 ¹⁰⁵
2311 5410 2473 5467 Illum
2502 5407 2673 5465 ἀϐιεία
2700 5413 2838 5464 sunt.

148 5434 368 5491 tibus.
438 5429 505 5462 "'
534 5431 593 5485 in
608 5428 843 5499 margine
868 5423 1041 5499 prima
1069 5440 1244 5482 manu.
1318 5423 1382 5457 '°'
1409 5437 1505 5497 pos

1706 5437 1739 5478 a
1761 5420 1938 5494 prima
1966 5407 2143 5475 manu.
2217 5411 2282 5444 ¹⁰⁵
2311 5410 2473 5467 litura
2502 5407 2673 5465 deleta
2700 5413 2838 5464 sunt.

1776 5520 1994 5578 NOTIE.

236 5628 412 5707 (125)
440 5630 538 5688 Est
566 5627 769 5687 Paulus
795 5627 1085 5699 Thebaeus,
1116 5623 1338 5685 Antonii
1367 5624 1717 5697 praeceptor;
1751 5619 1822 5677 cf.
1852 5618 1994 5677 infra
2023 5631 2075 5679 a.
2113 5613 2241 5672 371.
2280 5613 2623 5671 Gnorurnxn.
