4000 6158
447 270 554 324 687

1853 243 2131 302 MARIANI
2173 236 2404 299 SCOTTI

3721 222 3833 275 688

517 392 643 447 269.
696 391 743 445 1.
799 383 1050 459 [cchVII]
1105 379 1302 454 (Ηιειι.)
1358 376 1667 434 Valerianus
1702 374 1756 429 2.
1807 376 1857 428 et
1887 369 2090 429 Gallie-
2106 366 2399 439 AGothos.
2450 361 2635 431 Quade
2683 363 2739 415 et
2792 357 2855 388 ²⁰²³
2911 356 3173 411 Sarmata:
3226 348 3541 408 Pannonias
3599 360 3834 416 occupa-

447 499 564 541 nus.
622 479 678 536 2.
737 475 1060 535 Valerianus
1123 472 1180 527 in
1238 468 1395 526 Retia
1449 469 1712 538 angustus
1744 505 1759 530 ,
1826 460 2102 518 Gallienus
2181 459 2397 512 verunt.

450 577 623 631 Rome
679 584 711 625 a
765 569 958 624 senatu
1004 574 1190 619 cessar
1238 556 1564 629 appellatus.
1623 552 1737 624 [His
1783 549 2104 607 consulibus

452 661 764 732 Stephanus
790 668 929 727 papa
959 665 1151 723 passus
1188 647 1243 703 4.
1276 648 1420 703 Non.
1449 647 1585 715 Aug.
1617 641 1920 699 secundum
1950 641 2103 709 gesta

453 767 511 823 p.
544 752 612 807 n.
641 747 744 819 ποίη]

778 833 926 907 [σοά.
957 833 1031 887 in.
1062 844 1232 899 marg.
1268 849 1284 882 :
1324 825 1380 880 8.
1424 818 1785 895 persecutio.]

2640 538 2788 610 [Cod.
2819 537 2875 592 in
2904 549 3074 604 marg.
3101 553 3118 587 :
3145 528 3385 603 Cyclus.]

2254 633 2381 687 278.
2443 631 2527 685 10.
2588 627 2776 700 [CCLVI]
2829 623 3029 695 alma.)
3076 619 3348 680 Gallienus
3395 618 3453 674 6.
3496 621 3547 673 et
3594 615 3842 674 Saturni-

2183 738 2281 779 nus
2313 765 2329 791 ,
2395 719 2679 777 Germanis
2750 715 3010 786 Hispanis
3075 711 3140 744 ²¹⁹
3222 706 3604 781 optinentibus
3678 710 3839 761 terrai

2188 815 2523 882 expugnata.
2588 806 2775 864 Parthi
2839 801 3270 874 Misopotamiam
3327 802 3603 863 tenentes,
3652 794 3842 852 Siriam

528 929 654 984 270.
713 901 798 982 2.-
832 921 1098 996 [CCXLVIII]
1167 919 1291 990 (An.
1350 913 1546 985 Mart.)
1603 911 1873 969 Maximus
1935 907 1991 963 2.
2059 910 2109 996 et
2188 901 2631 996 inclinaverunt.

460 1017 678 1078 Gabrio.
712 1017 772 1072 In
803 1010 1182 1080 martirologio
1221 1007 1300 1063 sic
1345 1026 1358 1061 :
1403 1022 1431 1056 «
1463 1001 1728 1059 Nativitas
1754 997 1930 1055 sancti
1954 995 2108 1051 Lucii

2259 989 2389 1045 279.
2452 988 2536 1041 ll.
2603 983 2811 1058 [CCLVII]
2886 978 3103 1054 (Hum)
3173 976 3411 1034 Valerius
3473 981 3525 1032 et
3590 971 3841 1031 Lucilius.

459 1061 987 1181 Eé'ﬁéévét'maKy-{ié
1003 1061 1292 1156 ‘leouas
1321 1093 1538 1161 Martii;
1590 1090 1685 1162 qui
1722 1087 2110 1160 persecutione
2191 1075 2577 1181 Alexandriam
2625 1072 2862 1131 azclesiaa
2905 1069 2989 1126 l4.
3030 1069 3336 1159 episcopus
3364 1064 3662 1122 ordinatur
3690 1061 3845 1118 Maxi-

461 1163 732 1253 Valeriani
757 1198 813 1250 et
849 1163 1081 1248 Galliani
1112 1188 1183 1245 ob
1216 1186 1380 1242 ﬁdem
1408 1181 1611 1240 Christi
1639 1179 1805 1236 exilio
1825 1176 2109 1246 religatus,
2193 1181 2315 1224 mus
2345 1165 2505 1220 annis
2542 1163 2600 1253 9.

2264 1255 2391 1310 280.
2445 1253 2531 1309 12.
2587 1250 2818 1324 [CCLVIII]
2862 1250 3059 1319 (HIER.)
3108 1244 3378 1304 Gallienus
3414 1245 3471 1299 7.
3521 1245 3572 1300 et
3620 1238 3846 1299 Sabinii-

459 1329 795 1447 pe:missus,
863 1360 1170 1426 martirium
1236 1363 1435 1435 capitis
1484 1359 1909 1418 obtruncatione
1966 1368 2118 1412 com-
2195 1344 2295 1447 ίυθο
2343 1343 2639 1400 Ordinatus
2689 1341 2918 1398 decurio
2964 1338 3308 1396 Palmil‘enus
3335 1336 3421 1403 ²¹¹ο
3462 1336 3527 1390 ιιι
3561 1331 3629 1388 ad
3669 1329 3848 1387 Τεεδὶ-

459 1433 648 1537 plevit,
690 1433 934 1532 possitus
977 1457 1069 1513 Via
1112 1454 1250 1525 Apia
1296 1433 1366 1508 ad
1398 1453 1648 1508 sanctum
1690 1446 1921 1503 Sixtum.
1963 1442 2117 1501 Sedit
2197 1433 2403 1537 fontem
2442 1436 2624 1537 castra
2663 1435 2917 1537 poneret.

461 1555 517 1610 in
551 1553 875 1624 episcopatu
907 1547 1067 1603 annis
1103 1545 1158 1601 3.
1203 1542 1485 1600 mensibus
1512 1539 1569 1593 5.

534 1622 819 1713 Stefhanus
854 1651 1001 1710 papa
1046 1635 1137 1689 21.
1182 1637 1304 1705 post
1350 1634 1559 1687 Petrum
1596 1628 1748 1684 annis
1774 1626 1831 1695 3,
1863 1622 2120 1681 mensibus

461 1731 517 1787 5.
564 1729 678 1801 [His
707 1741 892 1785 conss.
923 1725 1108 1781 Sixtus
1132 1736 1272 1793 papa
1310 1716 1616 1788 successit.]

533 1800 661 1874 27].
701 1818 756 1874 3.
803 1813 1023 1888 [CCXLIX]
1071 1809 1286 1883 (Ηιειι.)
1347 1807 1665 1867 Valerianus
1709 1806 1764 1860 3.
1814 1808 1864 1860 et
1914 1800 2118 1860 Gallie-

466 1925 585 1966 nus.
626 1906 919 1978 Ciprianus
966 1902 1202 1973 primum
1240 1898 1452 1964 rethor,
1495 1894 1696 1952 deinde
1727 1892 2019 1965 presbiter,
2051 1889 2121 1946 ad

466 2002 768 2055 extremum
824 1989 1231 2062 Cartaginensis
1279 1988 1576 2058 episcopus
1598 2027 1614 2053 ,
1665 1982 1914 2040 martirio
1954 1991 2120 2036 coro-

466 2091 650 2143 natur.

537 2174 665 2230 272.
723 2172 779 2229 4.
845 2170 974 2242 [CCL]
1030 2167 1245 2243 (Hum)
1310 2170 1505 2224 Tuscus
1561 2168 1610 2220 et
1667 2164 1868 2218 Bassus
1933 2161 1993 2214 V.
2060 2158 2119 2214 0.

466 2264 787 2321 Valerianus
844 2260 1289 2332 persecutionem
1358 2256 1416 2311 in
1473 2252 1807 2311 christianos
1858 2248 2122 2314 mittens,

467 2353 653 2411 statim
696 2367 729 2407 a
778 2352 988 2421 Sapore
1036 2350 1323 2404 Persarum
1364 2359 1493 2415 rege
1542 2341 1758 2412 capitur
1785 2344 1842 2395 et
1881 2342 2123 2403 cecatur,

472 2443 661 2513 ibique
692 2441 956 2497 servitute
1001 2435 1344 2493 misserahile
1382 2429 1752 2488 consenescit.
1786 2427 1903 2498 [His
1939 2438 2123 2482 conss.

468 2534 654 2589 Sixtus
691 2544 833 2600 papa
871 2542 1067 2598 passus
1103 2523 1404 2581 secundum
1444 2525 1598 2593 gesta
1628 2516 1805 2589 pont.]

544 2618 672 2675 273.
720 2618 778 2672 5.
833 2614 986 2687 [CCLI]
1039 2610 1244 2686 (HlER.)
1291 2608 1588 2667 Emilianus
1616 2611 1665 2662 et
1700 2609 1921 2663 Bassus.
1955 2605 2130 2674 Sapor

470 2724 568 2767 rex
619 2710 907 2763 Persarum
962 2702 1179 2770 Siriam,
1220 2700 1487 2766 Ciliciam,
1537 2695 1899 2768 Capadociam
1957 2693 2129 2763 depo-

474 2798 718 2873 pulatur.
784 2791 1006 2866 (Mart)
1066 2791 1377 2862 Stephanus
1427 2801 1569 2860 papa
1626 2799 1820 2857 passus
1869 2783 1925 2840 4.
1982 2784 2124 2838 Non.

470 2885 700 2959 Augusti
743 2882 863 2956 (lib.
900 2879 1105 2955 pont.).

545 2957 733 3032 Sirius
777 2971 869 3025 22.
916 2985 1064 3042 papa
1102 2969 1254 3023 annis
1293 2967 1348 3023 2.
1403 2965 1517 3036 [His
1544 2963 1607 2995 ²⁰⁶
1655 2975 1813 3020 cons.
1850 2957 2130 3016 Dionisius

2270 1521 2399 1578 281.
2457 1520 2540 1576 13.
2604 1520 2797 1592 [CCLIx]
2854 1515 3047 1591 (Ηιεη.)
3088 1519 3361 1601 ¹Ριιιρενηιιιει
3406 1518 3457 1570 et
3505 1508 3849 1601 Archisilaus.

2202 1612 2688 1670 Hierosolimarum
2736 1598 3115 1680 episcopatum
3161 1610 3315 1661 tenet
3362 1603 3683 1659 Himeneus.
3741 1598 3853 1654 Dio-

2131 1705 2181 1764 B
2203 1702 2407 1759 nissius
2432 1714 2573 1772 papa
2610 1698 2750 1755 obiit
2778 1697 2832 1752 6.
2861 1696 2981 1753 Kal.
3012 1694 3277 1751 Januarii.
3322 1692 3534 1764 (Mart.)

2280 1788 2473 1861 (Rea)
2524 1786 2684 1845 Felix
2728 1785 2820 1842 24.
2863 1800 3011 1858 papa
3057 1784 3211 1840 annis
3256 1782 3313 1838 4.
3353 1811 3424 1823 —
3467 1782 3662 1838 Romae
3712 1775 3847 1850 passi

2203 1879 2456 1938 Stefanus
2500 1884 2555 1935 et
2583 1878 2768 1933 Sixtus
2796 1890 2975 1946 papae,
3008 1873 3381 1931 Felicissimus
3408 1864 3763 1942 et'Agapitus
3802 1873 3849 1924 et

2203 1970 2401 2026 beatus
2445 1966 2775 2025 Laurentius
2821 1964 3067 2031 diaconi,
3106 1963 3359 2034 lpolitus,
3399 1960 3646 2031 Eugenia
3682 1959 3845 2030 virgo,

2202 2060 2428 2116 Jovinus
2465 2064 2522 2114 et
2557 2056 2840 2122 Bassilius,
2871 2053 3119 2120 Bassilla,
3160 2052 3356 2109 Ruﬁna
3384 2058 3440 2107 et
3463 2049 3718 2106 Secunda
3755 2049 3849 2103 vir-

2206 2148 2395 2219 gines,
2449 2146 2852 2214 Tertullianus,
2897 2145 3130 2211 Protus,
3186 2142 3464 2207 Jacintus,
3515 2138 3847 2205 Valerianus,

2205 2218 2532 2307 Nemesius,
2591 2234 2977 2306 Simpronius,
3035 2237 3093 2289 et
3145 2231 3428 2303 Olympius
3481 2230 3541 2286 in
3601 2218 3849 2299 Hispania

2207 2328 2344 2384 urbe
2386 2328 2730 2391 Tarracona;
2781 2326 2997 2381 Verona
3042 2323 3227 2378 Zenon
3275 2320 3571 2390 episc0pus
3624 2325 3679 2374 et
3732 2330 3850 2372 con-

2207 2415 2405 2484 fessor,
2458 2417 2794 2471 Fructuosus
2841 2412 3157 2483 episcopus,
3196 2409 3468 2479 Augorius
3505 2412 3562 2463 et
3599 2406 3849 2477 Eulogius

2209 2504 2468 2570 diaconi;
2508 2506 2743 2560 Cesarea
2798 2501 3072 2557 Palestina
3116 2497 3392 2566 Marinus;
3432 2495 3579 2567 apud
3608 2494 3848 2552 Aﬁ‘ricam

2210 2596 2487 2652 civitatem
2534 2593 2831 2661 Turbuno;
2882 2589 3233 2647 Lucernariae
3280 2588 3538 2655 Maxima,
3585 2583 3848 2642 Donatilla

2210 2691 2267 2741 et
2303 2684 2553 2741 Secunda
2581 2684 2773 2754 virgo;
2808 2682 2865 2737 in
2894 2680 3177 2737 territorio
3207 2677 3530 2735 Cavillitano
3557 2676 3684 2732 vico
3714 2675 3849 2730 Mila-

2210 2774 2370 2831 nensi
2400 2773 2648 2828 Privatus
2678 2771 2994 2841 episcopus.

2282 2862 2408 2917 282.
2463 2861 2548 2917 l4.
2605 2859 2770 2932 [CCLx]
2821 2861 3023 2927 (HIER.)
3068 2860 3326 2914 Putemus
3372 2855 3430 2912 2.
3486 2860 3538 2911 et
3593 2856 3847 2911 Marinus.

2211 2952 2398 3010 Galliae
2427 2953 2744 3008 Postumum
2773 2956 2829 3006 et
2852 2949 3193 3006 Victorinum
3223 2952 3280 3005 et
3304 2946 3581 3005 Tetricum
3612 2945 3853 3002 civitates

475 3077 617 3135 papa
663 3034 935 3117 successit
988 3034 1075 3112 11.
1141 3055 1272 3111 Idus
1308 3034 1445 3124 Aug.
1505 3065 1681 3122 usque
1726 3051 1783 3105 7.
1842 3048 1961 3104 Kal.
2006 3034 2477 3135 Jan.Crecepta.

476 3148 705 3209 Claudio
771 3152 826 3203 et
891 3148 1129 3202 Paterno
1184 3142 1359 3212 cons.]
1425 3139 1743 3212 [Decretalis
1779 3138 1843 3171 ²⁰⁷
1899 3136 2136 3208 epistola

478 3237 711 3297 Dionisii
757 3249 914 3307 papa:
966 3237 1045 3304 (p.
1091 3230 1207 3302 183)
1240 3237 1325 3287 est
1359 3228 1415 3284 4.
1457 3231 1599 3285 Non.
1639 3228 1800 3285 Febr.
1833 3226 2135 3283 Emeliano

482 3334 538 3388 et
566 3330 734 3384 Basso
764 3326 872 3381 VV.
903 3324 1005 3380 CC.
1043 3320 1162 3391 SS.]

551 3417 679 3473 274.
747 3414 804 3471 6.
885 3411 1059 3484 [CCLII]
1143 3407 1361 3481 (Ηιειι.)
1432 3406 1704 3465 Secularis
1767 3410 1817 3461 et
1880 3407 2135 3462 Donatus.

2287 3128 2413 3185 283.
2478 3129 2561 3183 15.
2628 3127 2815 3199 [CCLXI]
2878 3126 2966 3201 (H.
3013 3129 3101 3197 R.)
3162 3126 3411 3184 Claudius
3466 3131 3518 3181 et
3582 3126 3852 3182 Putemus.

2223 3220 2416 3292 (Onos.
2440 3235 2538 3287 VII,
2558 3217 2668 3290 24.)
2699 3219 2794 3274 His
2824 3217 3164 3286 consulibus,
3194 3217 3527 3274 Cassiodoro
3556 3221 3726 3281 teste,
3747 3213 3855 3271 Gal-

2218 3308 2399 3365 lienus
2444 3307 2670 3365 Aureoli
2716 3308 2875 3364 ducis
2919 3307 3006 3363 sui
3034 3308 3096 3339 ²¹¹
3143 3312 3272 3378 post
3323 3307 3388 3361 15
3433 3319 3614 3362 annos
3650 3305 3736 3361 sui
3762 3305 3857 3360 im-

2220 3399 2382 3469 perii,
2415 3412 2530 3455 rem
2560 3397 2835 3470 puplicam
2873 3398 3136 3455 deserens
3164 3402 3219 3454 et
3255 3395 3583 3453 libidinibus
3603 3395 3855 3458 serviens,

481 3505 775 3563 Valeriano
826 3502 883 3557 in
930 3501 1126 3556 Persas
1163 3498 1352 3565 ducto,
1392 3496 1670 3553 Gallienus
1707 3494 1914 3552 nostris
1949 3506 2139 3565 pacem
2222 3487 2515 3544 occiditur.
2585 3486 2902 3558 [Decretalis
2964 3487 3029 3518 ³⁸³
3101 3486 3334 3557 epistola
3407 3486 3646 3542 Dionisii
3719 3494 3855 3555 papa

483 3594 729 3653 reddidit
762 3588 1011 3664 (manu).
1043 3587 1390 3653 Theodorus,
1420 3586 1517 3655 qui
1552 3590 1608 3641 et
1643 3584 1959 3656 Gregorius,
1998 3584 2142 3638 Neo-

2227 3576 2310 3648 (p.
2351 3575 2503 3648 184),
2534 3575 2661 3631 data
2691 3581 2777 3632 est
2811 3574 2868 3632 5.
2919 3575 3049 3632 Idus
3095 3577 3248 3647 Sept.
3289 3574 3520 3632 Claudio
3550 3581 3608 3631 et
3636 3576 3854 3629 Paterno

485 3682 726 3743 cesareae
776 3658 969 3737 Ponti
1010 3677 1307 3748 episcopus
1329 3718 1344 3743 ,
1412 3674 1561 3731 inter
1636 3679 1821 3730 cetera
1879 3673 2141 3728 virtutum
2222 3668 2332 3722 VV.
2363 3667 2466 3722 CC.
2501 3664 2612 3735 SS.]
2659 3664 2774 3736 [His
2810 3665 3133 3722 consulibus
3170 3664 3448 3721 Dionisius
3477 3678 3623 3735 papa
3652 3662 3786 3720 obiit
3808 3658 3853 3711 6.

487 3773 684 3847 gloria,
714 3773 778 3826 ut
827 3767 1094 3826 aecclesiae
1133 3765 1400 3821 faciendae
1440 3762 1598 3820 locus
1637 3761 1917 3819 sufﬁceret
1953 3758 2146 3831 [preci-

490 3863 637 3932 bus],
676 3865 920 3915 montem
944 3855 1134 3912 movit.

564 3949 693 4005 275.
743 3947 800 4001 7.
859 3944 1053 4017 [CCLIII]
1105 3943 1306 4014 (Hum)
1355 3940 1625 3999 Gallienus
1670 3940 1726 3995 4.
1767 3944 1816 3996 et
1846 3938 2143 3997 Gentienus.

2225 3756 2346 3812 Kal.
2395 3758 2517 3811 Jan.
2563 3754 2866 3811 secundum
2896 3761 3050 3826 gesta
3095 3754 3438 3825 pontiﬁcum.
3468 3754 3569 3811 Cui
3609 3750 3859 3810 successit

2226 3845 2378 3901 Felix
2407 3843 2587 3916 papa.]

2299 3938 2650 3991 Romanorum
2693 3932 2785 3990 33.
2836 3932 3086 3992 Claudius
3130 3934 3368 4005 regnauit
3395 3949 3532 3990 anno
3561 3949 3695 3998 uno,
3729 3948 3858 3988 men-

494 4036 802 4097 Antiochia:
856 4034 944 4089 15.
996 4031 1352 4090 constituitur
1389 4031 1685 4102 episc0pus
1722 4028 1924 4085 Paulus
1960 4030 2148 4084 Samo-
2227 4023 2372 4080 sibus
2400 4023 2456 4091 9,
2497 4023 2605 4079 hoc
2635 4027 2719 4079 est
2747 4037 2922 4094 usque
2950 4024 3071 4080 Kal.
3098 4024 3457 4094 Septembris,
3488 4023 3543 4079 in
3573 4037 3723 4080 anno
3750 4020 3858 4077 251.

497 4133 722 4185 satenus
802 4123 986 4178 Sixtus
1077 4134 1219 4191 papa
1303 4135 1498 4190 passus
1579 4119 1634 4174 8.

503 4214 729 4289 (Mart)

1721 4118 1851 4174 Idus
1920 4114 2148 4187 Augusti
2230 4120 2358 4184 post
2385 4113 2716 4183 passionem.
2767 4113 2878 4168 Sub
2926 4126 3037 4183 quo
3087 4113 3143 4169 hi
3181 4113 3439 4171 consules
3465 4112 3709 4179 fuerunt,
3739 4114 3864 4168 teste

2232 4201 2581 4258 Cassiodoro.

572 4304 843 4363 Dionisius
888 4301 979 4357 23.
1023 4316 1170 4373 papa
1208 4299 1360 4356 annis
1387 4299 1442 4355 6.
1473 4296 1733 4354 mensibus
1760 4295 1815 4351 5.
1847 4295 1949 4352 Hic
1976 4292 2217 4373 azccle-__‘
2306 4289 2432 4347 284.
2498 4291 2546 4346 l.
2602 4291 2809 4362 [CCLXII]
2874 4292 3071 4364 (Hum)
3128 4292 3500 4350 Antiochienus
3544 4298 3597 4348 et
3651 4291 3863 4351 Orbitas.

499 4397 611 4453 sias
664 4392 979 4467 prespeteris
1023 4364 1113 4446 et.
1132 4390 1411 4463 parrocias
1457 4388 1708 4445 diocessis
1755 4385 1897 4442 dedit
1941 4389 1992 4440 et
2029 4364 2299 4441 con-Dln
2349 4380 2676 4437 Alaxandria
2732 4381 3040 4467 Brachium,
3091 4382 3239 4452 quod
3297 4396 3398 4453 per
3451 4381 3660 4439 multos
3713 4392 3871 4437 annos

503 4484 691 4542 stituit.

577 4572 704 4629 276.
754 4572 807 4626 8.
872 4569 1060 4642 [CCLIV]
1124 4568 1327 4641 (Hm-zu.)
1386 4565 1656 4624 Gallienus
1709 4564 1766 4619 5.
1824 4568 1873 4620 et
1935 4563 2160 4621 Victori-

508 4681 626 4722 nus.
674 4663 922 4720 Gallieno
967 4661 1024 4716 in
1064 4673 1279 4717 omnem
1322 4657 1597 4714 lasciviam
1640 4655 1894 4712 desoluto
1917 4654 2002 4722 πθ,
2033 4655 2163 4710 Cer-

2242 4469 2421 4527 fuerat
2447 4469 2753 4537 obsessum,
2785 4464 3005 4527 tandem
3036 4470 3360 4529 destruitur.
3393 4471 3660 4528 Claudius
3685 4469 3873 4527 Gothos

2241 4558 2483 4617 Iliricum
2530 4562 2587 4615 et
2629 4558 3001 4630 Macedoniam
3046 4564 3323 4617 vastantes
3368 4564 3618 4631 superat,
3658 4561 3730 4617 ob
3766 4571 3873 4630 qua

2243 4650 2301 4706 in
2346 4649 2499 4705 curia
2541 4647 2792 4718 clippeus
2840 4649 2890 4705 ei
2938 4663 3139 4706 aureus
3181 4655 3238 4706 et
3284 4649 3343 4706 in
3389 4649 3669 4720 Capitolio
3714 4653 3873 4705 statua

510 4754 658 4813 mani
705 4754 1014 4809 Ravennam
1061 4763 1237 4821 usque
1282 4751 1567 4805 venerunt.
1616 4743 1902 4801 Alamanni
1938 4743 2163 4798 vastatis
2245 4754 2411 4796 aurea
2443 4738 2731 4795 conlocata
2761 4745 2864 4794 est.

511 4843 679 4902 Gallis
707 4842 763 4898 in
792 4840 1001 4897 Italiam
1030 4838 1318 4895 transiere.

585 4932 713 4988 277.
765 4929 822 4984 9.
874 4927 1040 5000 [CCLV]
1096 4924 1304 4999 (Hum)
1354 4924 1574 4981 Albinus
1620 4928 1669 4979 et
1697 4922 1985 4981 Maximus.
2033 4921 2164 4976 Gre-

2312 4827 2440 4884 285.
2480 4827 2534 4883 2.
2580 4827 2809 4898 [CCLXIII]
2852 4826 2944 4894 (cf.
2993 4827 3190 4901 Mart.)
3252 4828 3563 4886 Valerianus
3592 4835 3643 4885 et
3670 4831 3874 4885 Bassus.

2243 4917 2396 4974 Felix
2440 4929 2581 4987 papa
2627 4930 2821 4987 passus
2865 4916 2918 4972 3.
2967 4918 3085 4974 Kal.
3125 4918 3273 4975 Junii
3302 4918 3385 4987 ἰδ,
3420 4924 3562 4975 teste
3592 4918 3755 4975 Beda.
3784 4919 3879 4974 Iste

517 5022 604 5081 cia
627 5064 643 5091 ,
708 5018 1062 5086 Macedonia,
1130 5018 1376 5082 Pontus,
1443 5014 1599 5070 Assia
1664 5010 1999 5083 depopulata
2064 5023 2165 5078 per
2246 5007 2490 5064 decrevit
2553 5006 2747 5063 missas
2810 5006 3079 5064 celebrari
3140 5023 3307 5080 supra
3362 5009 3657 5066 memorias
3701 5006 3882 5063 marti-

1886 5135 2112 5191 VARUE
2147 5133 2431 5190 LECTION
2434 5132 2534 5187 ES.

524 5339 677 5397 dum.

594 5266 657 5299 ’θ’
686 5281 736 5337 g.
864 5264 930 5319 R.
971 5261 1154 5317 desunt
1194 5257 1245 5315 l.
1322 5256 1386 5289 ²⁰⁶
1414 5257 1470 5313 in
1496 5269 1664 5338 marg.
1696 5255 1882 5310 iterum
1909 5267 2016 5307 sec.
2058 5266 2215 5307 manu
2240 5250 2489 5332 scriptum
2514 5252 2591 5305 est
2611 5268 2628 5304 :
2672 5250 2770 5307 His
2815 5263 2970 5308 cons.
3011 5251 3292 5309 Dionisius
3332 5265 3470 5323 papa
3500 5266 3663 5309 suco.
3696 5262 3884 5308 secun-

594 5353 653 5367 ...η
754 5336 817 5367 ιτ
866 5334 973 5367 In...
1025 5334 1078 5367 ἐν.
1126 5330 1364 5367 δηίονὸηνὸ
1409 5341 1643 5367 mnrmnp.
1691 5326 1722 5367 Γ
1781 5325 1882 5367 125
1951 5325 2150 5367 scrinia
2195 5327 2315 5367 sunt
2359 5335 2473 5367 smn
2519 5322 2643 5367 anni
2689 5323 3029 5367 indic/itione-
3107 5323 3171 5355 ³⁸⁸
3218 5324 3469 5367 (iugulum
3515 5322 3557 5367 1.
3646 5322 3710 5355 ³⁸³
3746 5323 3792 5367 ἡ
3824 5320 3882 5367 l:

863 5334 973 5390 hac
1025 5334 1081 5388 in
1126 5330 1364 5403 inferiori
1409 5320 1643 5403 margine
1686 5326 1729 5397 f.
1780 5325 1902 5403 l25,
1951 5325 2150 5403 scripta
2190 5327 2315 5403 sunt
2342 5320 2473 5376 sine
2519 5322 2643 5403 anni
2689 5323 3030 5403 indicatione.
3069 5323 3171 5403 _'°°
3218 5320 3487 5403 deselu'tq
3515 5322 3565 5380 1.
3643 5322 3710 5403 ξη
3746 5323 3792 5377 ά
3824 5320 3882 5403 1,;

525 5389 750 5478 δῖ”ὶὲαε
795 5389 1090 5480 Hispanias.
1130 5389 1191 5480 o_.'
1234 5389 1703 5480 esp.A'l‘erfacoul
1779 5396 1839 5428 ²¹¹
1874 5389 2071 5480 supple
2120 5393 2353 5480 collecta
2381 5393 2702 5480 .agrestium
2726 5395 3023 5480 ‘manéumi‘ta
3069 5396 3263 5480 Persas
3291 5394 3534 5479 cecidit.
3616 5395 3683 5427 ’¹²
3719 5389 3886 5465 supple

527 5462 740 5538 fraude.
816 5462 961 5533 "“in
987 5474 1246 5547 superiori
1269 5462 1322 5544 ΓΞ
1348 5472 1487 5526 125’.
1517 5469 1752 5539 margine
1777 5462 2000 5540 scripta'
2012 5467 2126 5522 sine
2150 5465 2274 5525 anni
2302 5462 2657 5532 indicatione;
2688 5465 2757 5536 cf.
2785 5482 2839 5523 a.
2868 5464 2996 5520 273.
3071 5467 3136 5498 ἰδ
3161 5468 3578 5539 suprascriptum
3604 5481 3715 5523 sec,
3744 5462 3884 5521 uiuas

529 5554 752 5607 Ianuar.
