4000 6158
195 375 295 430 689

1457 377 1869 432 CHRONICON.
1911 407 1981 416 --
2021 378 2146 433 LIB.
2191 379 2280 434 ΙΙΙ.

3450 389 3558 445 690

193 514 322 557 rum.
354 496 443 564 (cf.
479 495 569 554 lib.
605 497 783 569 poni.)
820 499 993 554 Rome
1041 497 1187 569 passi
1233 497 1386 554 Felix
1423 515 1582 570 papa,
1625 502 1893 562 MariusA
1910 503 2237 559 Aurelianus
2288 518 2412 560 cum
2461 505 2746 562 adversum
2797 521 2900 564 nos
2956 511 3396 580 persecutionem
3446 529 3555 572 mo-

194 603 306 646 cum
343 587 551 642 Martha
594 601 694 642 sua
742 588 980 658 conjuge
1029 593 1082 643 et
1122 587 1268 654 ﬁliis,
1308 588 1380 640 47
1408 589 1610 645 milites
1647 591 1824 646 babti-

193 679 288 734 zati
329 692 358 732 a
402 691 541 747 papa
597 675 867 742 Dionisio,
923 676 1131 732 Cirillia
1187 678 1379 748 virgo;
1419 679 1476 733 in
1531 681 1823 736 Tarracina

193 767 476 837 Campania
506 766 726 821 civitate
766 765 917 821 Felix
947 767 1220 836 presbiter
1239 773 1294 822 et
1323 769 1609 824 Eusebius.
1645 771 1822 840 (ΠΕΟ.)

191 857 505 913 Valerianus
543 862 597 910 et
626 857 846 911 Bassus.
879 857 976 912 His
1005 857 1327 914 consulibus
1346 858 1604 915 Claudius
1640 861 1824 917 Sirmii

192 947 342 1014 obiit,
374 945 678 1002 Casiodoro
719 950 858 1000 teste
901 944 1139 1017 (sts.).

260 1037 341 1108 (H.
382 1035 469 1105 R.)
509 1037 857 1090 Romanorum
905 1033 994 1091 34.
1037 1035 1338 1103 Quintillius
1381 1039 1552 1107 frater
1595 1039 1824 1108 Claudii,

188 1141 252 1181 ea:
297 1139 550 1179 consensu
594 1122 814 1178 militum
869 1124 1152 1195 imperator
1185 1126 1357 1194 factus
1399 1132 1512 1193 est;
1573 1129 1658 1198 qui
1707 1145 1828 1184 con-

186 1230 339 1271 sensu
366 1215 522 1268 etiam
559 1217 772 1267 senatus
802 1212 1095 1284 appellatus
1141 1219 1216 1270 est
1264 1222 1532 1285 augustas.
1575 1220 1677 1273 Hic
1714 1226 1827 1277 erat

186 1305 264 1360 uir
292 1305 438 1358 unice
464 1301 836 1358 moderationis
875 1307 923 1358 et
961 1301 1245 1371 civilitatis,
1277 1307 1562 1376 equandus
1594 1307 1676 1363 vel
1708 1323 1829 1379 pre-

186 1393 444 1450 ferendus
472 1391 650 1448 fratri.

251 1482 594 1539 Eutichianus
639 1481 730 1537 25.
782 1498 928 1554 papa
966 1484 1119 1539 annis
1165 1483 1219 1540 6.
1258 1484 1356 1556 (cf.
1395 1484 1485 1541 lib.
1521 1489 1690 1560 poni.)
1728 1490 1828 1546 Hic

186 1572 491 1638 constituit,
535 1577 596 1626 ut
650 1569 834 1642 fruges
886 1585 1053 1640 super
1089 1572 1260 1628 altare
1317 1580 1522 1630 tantum
1584 1575 1716 1632 fava
1774 1585 1829 1634 et

184 1676 297 1717 uva
365 1659 851 1726 benedicerentur,
907 1667 961 1716 et
1010 1667 1070 1716 ut
1130 1661 1312 1716 nullus
1354 1670 1643 1734 martyrem
1709 1667 1828 1722 sine

186 1750 475 1806 dalmatica
513 1755 607 1804 aut
653 1747 868 1804 colovio
919 1757 1221 1818 purpurato
1262 1750 1370 1806 ulla
1419 1753 1631 1809 ratione
1660 1769 1826 1825 sepe-

1907 592 2095 659 visset,
2129 592 2332 649 fulmen
2372 596 2528 664 juxta
2575 611 2696 652 cum
2739 597 3078 669 comitesque
3109 602 3230 670 ejus
3260 602 3390 656 ruit.
3433 607 3553 668 (An.

1905 680 2088 750 Mart.)
2120 681 2436 738 Euticianus
2461 699 2601 754 papa
2640 699 2834 754 passus
2860 687 2920 742 6.
2953 688 3082 744 ldus
3121 689 3447 758 Decimbris,
3502 698 3559 747 et

1905 769 2156 839 sepultus
2195 772 2253 827 in
2285 772 2559 828 cimiterio
2599 774 2807 830 Calisti.
2843 775 3031 848 (Ri-16.)
3074 780 3246 834 Rome
3277 781 3422 849 passi
3454 781 3557 834 Eu.

1908 859 2183 915 ticbianus
2232 875 2390 930 papa,
2425 861 2736 931 Theodora,
2789 865 3102 930 Bassilides,
3155 868 3368 938 Tripos,
3410 870 3558 924 Man-

1908 948 2088 1015 dalia;
2134 949 2421 1020 Linguinis
2460 953 2606 1020 passi
2654 960 2782 1008 sunt
2829 958 3004 1011 sancti
3041 958 3290 1026 Gemini;
3350 958 3557 1014 Leonio

1909 1038 2127 1093 civitate
2161 1039 2396 1107 Conon;
2438 1040 2700 1096 Cessarea
2739 1043 3052 1112 Capidocia
3082 1047 3376 1114 Mammes;
3410 1047 3555 1118 apud

1908 1127 2274 1182 Prenistinam
2353 1128 2545 1184 urbem
2615 1130 2916 1200 Agapitus;
2968 1135 3025 1188 in
3084 1134 3304 1191 civitate
3361 1136 3558 1192 Salona

1905 1216 2262 1284 Anastasius;
2304 1219 2450 1286 apud
2491 1218 2932 1288 Augustidunum
2992 1221 3434 1291 Simfronianus,
3496 1226 3556 1280 in

1909 1305 2192 1362 territorio
2249 1305 2563 1362 Vivariense
2594 1307 2719 1364 loco
2777 1309 2871 1379 qui
2921 1309 3124 1367 dicitur
3151 1314 3414 1369 Gentibus
3449 1318 3558 1370 An-

1909 1394 2105 1450 deolus
2160 1395 2554 1462 subdiaconus,
2620 1395 2941 1453 Andochius
3007 1401 3303 1469 presbiter,
3371 1403 3559 1459 Tirsus

1910 1485 2179 1541 diaconus
2208 1490 2263 1540 et
2309 1485 2500 1553 Felix;
2553 1486 2610 1541 in
2658 1493 2840 1542 castro
2899 1490 3126 1546 Duvone
3159 1491 3228 1522 “‘
3285 1493 3561 1564 Benignus

1911 1574 2206 1644 presbiter.
2809 1637 2822 1647 ο

1982 1662 2110 1718 291.
2167 1663 2221 1716 6.
2271 1662 2494 1732 [CCLXIX]
2547 1662 2748 1719 Probus
2787 1664 2824 1718 2
2880 1671 2928 1721 et
2983 1669 3242 1724 Paternus
3278 1669 3333 1723 2.
3393 1670 3560 1739 [Euti-

1911 1753 2140 1807 cbianus
2169 1766 2309 1822 papa
2345 1752 2577 1822 passus]
2624 1753 2720 1823 [Ab
2751 1753 3078 1812 Eutichiano
3120 1771 3258 1827 papa
3285 1772 3460 1826 usque
3491 1759 3558 1814 ad

186 1840 326 1895 liret.
375 1837 586 1910 (Cass)
632 1837 948 1904 Quintillius
993 1838 1075 1892 17.
1137 1839 1225 1895 die
1284 1840 1369 1894 sui
1419 1841 1656 1911 imperii,
1690 1838 2016 1900 testeBhos
2051 1841 2308 1897 consules
2360 1842 2416 1896 in
2474 1855 2618 1898 anno
2666 1843 2720 1898 6.
2761 1845 3154 1915 scribendum]
3209 1846 3406 1917 (Cass)
3463 1849 3562 1902 llis

184 1929 534 1992 Cassiodoro,
567 1927 835 1997 Aquileia
885 1927 1181 1995 occiditur,
1223 1929 1331 1985 hoc
1370 1937 1454 1985 est
1493 1946 1666 2002 usque
1705 1933 1823 1988 Kal.

182 2018 460 2083 Octobris,
494 2016 550 2070 in
581 2015 776 2071 eodem
801 2029 945 2072 anno
977 2031 1087 2086 quo
1127 2016 1386 2074 Claudius
1415 2020 1573 2076 obiit.

248 2111 601 2164 Romanorum
624 2104 715 2162 35.
747 2105 1066 2162 Aurelianus
1109 2109 1346 2178 regnauit
1393 2111 1546 2165 annis
1590 2111 1647 2178 5,
1688 2127 1828 2166 men-

181 2196 322 2252 sibus
372 2195 428 2264 6,
476 2196 582 2252 hoc
639 2202 722 2252 est
781 2211 953 2266 usque
995 2196 1112 2251 Kal.
1153 2198 1358 2268 Aprilis
1416 2199 1473 2254 in
1513 2213 1658 2256 anno
1697 2200 1824 2254 256.

181 2293 307 2356 post
338 2286 671 2356 passionem.
705 2285 816 2340 Sub
865 2299 977 2356 quo
1027 2285 1084 2340 hi
1118 2286 1375 2343 consules
1403 2287 1646 2356 fuerunt,
1687 2295 1827 2345 teste

179 2375 536 2432 Cassiodoro.

249 2461 386 2516 286.
433 2461 481 2512 1.
541 2460 762 2530 [CCLxlv]
827 2461 1024 2530 (Ηιειι.)
1065 2461 1279 2528 Quietus
1327 2467 1375 2517 et
1440 2462 1829 2520 Voldumianus.

175 2548 496 2606 Antiochia
537 2549 802 2604 acclesia
830 2548 913 2604 17.
939 2549 1228 2606 ordinatur
1250 2552 1547 2622 episcopus
1574 2553 1831 2608 Timaus.

177 2637 538 2705 Aurelianus,
570 2637 788 2693 Tetrico
837 2638 983 2707 apud
1021 2638 1348 2696 Catalaunos
1377 2639 1648 2710 prodente
1679 2656 1836 2698 exer-

183 2729 358 2784 citum
391 2740 570 2792 suum,
602 2726 802 2781 Callias
827 2727 1056 2796 recepit.

253 2814 387 2869 287.
428 2814 484 2868 2.
547 2815 747 2885 [CCva]
807 2815 1025 2886 (HIER.)
1103 2818 1311 2872 Tacitus
1366 2822 1416 2874 et
1470 2818 1831 2875 Placidianus.

186 2903 428 2961 Zenobia
467 2903 611 2973 apud
642 2903 883 2958 Himmas
920 2903 1052 2960 haut
1099 2905 1262 2976 longe
1299 2907 1368 2962 ab
1396 2908 1686 2964 Antiochia
1722 2909 1838 2964 vin-

186 2994 366 3060 citur;
423 3006 546 3062 qua
596 2993 814 3049 occisso
862 2993 1126 3049 Ordinato
1193 2995 1412 3060 marito,
1459 2995 1699 3052 Orientis
1761 3002 1838 3052 te-

184 3083 348 3139 nebat
383 3081 711 3152 imperium;
745 3081 801 3136 in
849 3095 956 3152 qua
1008 3096 1188 3152 pugna
1226 3083 1605 3140 strenuissime
1645 3084 1838 3140 adver-

181 3186 296 3227 sum
359 3184 480 3226 eam
538 3170 818 3225 dimicavit
868 3171 1233 3241 Pompeianus
1288 3171 1399 3228 dux
1463 3156 1895 3244 cognomentoC

186 3261 466 3325 Francus;
518 3260 677 3329 cujus
712 3256 916 3313 familia
974 3258 1139 3315 hodie
1187 3273 1408 3331 quoque
1447 3263 1592 3332 apud
1628 3263 1827 3318 Antio-

187 3347 362 3404 chiam
397 3352 750 3416 perseverat;
801 3361 868 3402 ex
905 3348 1064 3416 cujus
1110 3347 1396 3418 Euagrius,
1440 3349 1714 3419 presbiter
1744 3365 1834 3406 ca-

188 3437 437 3492 rissimus
467 3436 646 3503 nobis,
679 3435 851 3505 stirpe
891 3435 1186 3492 discendit.

258 3525 410 3596 [Cod.
441 3525 497 3579 in
524 3539 692 3593 marg.
729 3545 743 3578 :
777 3524 959 3580 Ciclus
987 3523 1068 3578 15.
1092 3525 1325 3581 decenn.
1351 3526 1462 3583 inc.
1495 3528 1613 3583 ind.
1652 3529 1754 3600 14.]

255 3612 389 3668 288.
427 3612 481 3667 3.
527 3612 746 3684 [cuxvr]
802 3613 998 3682 (illam)
1057 3613 1374 3668 Aurelianus
1403 3620 1452 3670 et
1490 3618 1833 3688 Capitolinus.

191 3703 462 3759 Eusebius
525 3702 868 3758 Laodicenus
933 3702 1228 3772 episcopus
1283 3702 1514 3773 insignis
1579 3705 1834 3762 habetur.

192 3793 537 3850 Aurelianum
568 3794 755 3848 Roma
789 3791 1215 3861 triumphantem
1235 3792 1487 3848 Tetricus
1515 3800 1571 3849 et
1599 3796 1839 3852 Zenobia

194 3887 579 3952 precesserunt
625 3880 924 3952 equitibus.
983 3879 1232 3936 Tetricus
1297 3889 1584 3938 corrector
1648 3890 1838 3954 postea

197 3971 448 4028 Lucania
495 3971 620 4037 fuit,
671 3976 726 4026 et
781 3969 1021 4024 Zenobia
1078 3969 1135 4024 in
1193 3969 1328 4024 urbe
1375 3984 1587 4028 summo
1626 3972 1838 4029 honore

197 4060 524 4127 consenuit;
557 4074 588 4114 a
617 4073 725 4129 qua
762 4057 1042 4128 hodieque
1089 4059 1278 4114 Roma
1325 4058 1580 4116 Zenobia
1619 4059 1839 4118 familia

195 4154 599 4220 nuncupantur.
673 4147 785 4218 [His
849 4146 1169 4202 consulibus
1225 4145 1377 4203 Felix
1445 4163 1586 4220 papa
1648 4164 1842 4220 passus

195 4239 495 4294 secundum
534 4242 687 4308 gesta
726 4235 1048 4306 pontificum
1077 4237 1138 4289 3.
1177 4236 1294 4292 Kal.
1334 4238 1476 4309 Jan.]

261 4327 391 4383 289.
459 4327 493 4380 4
544 4326 786 4398 [CCvau]
851 4324 1049 4396 (Hum)
1119 4325 1442 4382 Aurelianus
1495 4328 1531 4382 2
1585 4335 1634 4386 et
1689 4333 1843 4388 Mar-

200 4416 374 4473 cellus.
420 4417 535 4488 [llis
573 4415 896 4472 consulibus
933 4415 1202 4470 successit
1229 4416 1548 4472 Euticianus
1587 4433 1726 4489 papa
1754 4435 1842 4476 se-

203 4507 434 4562 cundum
473 4511 627 4576 gesta
666 4503 1028 4575 pontiﬁcum]
1060 4503 1385 4559 Aurelianus
1428 4507 1688 4576 templum
1727 4509 1840 4565 Soli

204 4595 454 4661 adificat,
477 4600 533 4651 et
573 4596 800 4650 Romam
830 4592 1166 4648 ﬁrmioribus
1193 4593 1365 4648 muris
1402 4593 1586 4650 vallat.
1629 4597 1842 4654 Primus

203 4697 232 4738 a
258 4684 502 4740 consulis
520 4683 584 4715 ²¹⁸
613 4684 682 4739 ab
725 4683 1007 4740 Auriliano
1055 4681 1360 4738 institutus.
1411 4684 1699 4741 Decretum
1737 4679 1844 4744 Eu-

207 4773 441 4842 tychiani
492 4788 695 4844 papa:
737 4793 763 4822 α
821 4772 1136 4828 Karissimis
1191 4771 1454 4828 fratribus
1509 4773 1746 4830 Johanni
1787 4783 1842 4832 et

207 4864 456 4919 omnibus
492 4877 592 4932 per
629 4863 866 4918 Beticam
897 4861 1235 4932 provinciam
1274 4862 1591 4918 constitutis
1619 4865 1842 4934 episco-

1909 1930 2256 1998 consulibus,
2298 1931 2629 1988 Cassiodoro
2671 1939 2833 1999 teste,
2892 1935 3221 1990 Aurelianus
3252 1936 3314 1991 in
3344 1937 3562 1991 itineris

1909 2019 2092 2075 medio
2123 2020 2270 2074 inter
2297 2021 2828 2091 Constantinapolim
2858 2028 2913 2078 et
2943 2024 3270 2092 Heracliam,
3304 2024 3359 2078 in
3381 2027 3556 2080 Ceno-

1910 2107 2086 2164 frurio
2117 2110 2218 2165 via
2248 2110 2450 2164 veteris
2479 2110 2771 2166 occiditur.

1983 2199 2068 2266 (ll.
2119 2197 2204 2265 Β.)
2257 2199 2607 2252 Romanorum
2653 2196 2744 2253 36.
2799 2199 3006 2254 Tacitus
3067 2205 3182 2269 post
3228 2200 3561 2257 Aurilianum

1911 2286 2129 2357 adeptus
2159 2291 2234 2341 est
2274 2287 2544 2358 imperium
2581 2286 2838 2343 mensibus
2885 2303 3002 2344 sex.
3043 2289 3154 2344 Sub
3184 2303 3294 2359 quo
3335 2291 3392 2346 hi
3422 2304 3563 2345 con-

1912 2375 2061 2431 sules
2081 2373 2323 2443 fuerunt,
2357 2383 2496 2432 teste
2527 2376 2878 2433 Cassiodoro.

1986 2464 2188 2520 Probus
2216 2464 2250 2519 3
2297 2470 2346 2522 et
2411 2467 2668 2521 Putemus
2729 2465 2785 2520 3.
2845 2464 3056 2538 (Bnnx.)
3122 2466 3397 2522 Anitolius
3457 2481 3561 2522 na-

1918 2554 2067 2609 tione
2105 2554 2525 2622 Alexandrinus,
2561 2555 2845 2611 Laodicea
2883 2555 3037 2610 Siria
3072 2556 3388 2626 episcopus,
3448 2556 3565 2612 ﬁlo-

1915 2641 2214 2697 sobhorum
2273 2643 2583 2713 disciplinis
2647 2643 2936 2711 eruditus,
3007 2644 3244 2713 plurimo
3309 2658 3564 2700 sermone

1917 2729 2249 2785 celebratur.
2277 2732 2446 2800 Cujus
2486 2732 2693 2801 ingenii
2733 2731 3052 2802 magnitudo
3091 2732 3160 2786 de
3212 2732 3356 2788 libro
3399 2746 3564 2802 quem

1917 2832 2085 2888 supra
2123 2833 2285 2888 pasca
2328 2821 2669 2889 compossuit
2699 2828 2753 2876 et
2784 2820 2852 2876 de
2892 2819 3082 2876 decem
3113 2820 3272 2875 libris
3308 2821 3566 2876 arithme-

1919 2906 2082 2960 tbica
2131 2907 2498 2962 institutionis
2536 2909 2881 2978 apertissime
2933 2914 3114 2978 potest
3157 2910 3438 2978 cognosci.
3483 2911 3566 2965 1n-

1918 2994 2072 3049 sania
2111 2995 2486 3050 Manchiorum
2524 2995 2752 3051 herissis
2792 2997 3061 3052 exoritur.

1994 3083 2158 3138 Gaius
2183 3081 2273 3138 26.
2301 3099 2447 3155 papa
2478 3089 2600 3156 post
2637 3087 2867 3141 Petrum.

1991 3170 2072 3242 (Η.
2129 3171 2219 3242 Ρι.)
2261 3171 2356 3226 His
2400 3172 2741 3239 consulibus,
2786 3173 3122 3230 Cassiodoro
3174 3179 3337 3242 teste,
3378 3177 3566 3232 Tacci-

1915 3265 2002 3315 tus
2030 3273 2218 3314 mense
2256 3266 2412 3316 sexto
2450 3260 2536 3316 sui
2565 3261 2789 3331 imperii
2829 3261 2975 3331 apud
3033 3264 3268 3318 Pontum
3317 3265 3564 3321 occissus

1914 3357 2018 3416 est,
2061 3349 2170 3405 hoc
2217 3355 2301 3405 est
2329 3351 2514 3420 quassi
2554 3365 2740 3406 mense
2781 3352 3110 3420 Septimbre.

1983 3441 2333 3492 Romanorum
2379 3437 2470 3493 37.
2523 3437 2837 3502 Florianus,
2890 3453 3038 3491 omne
3108 3444 3238 3493 teste
3291 3439 3563 3508 historico,

1910 3529 2030 3597 post
2081 3526 2344 3580 Tuccitum
2390 3525 2609 3580 obtinuit
2656 3525 2927 3594 imperium
2951 3566 2965 3589 ,
3030 3525 3117 3594 qui
3155 3527 3306 3581 tertio
3363 3527 3567 3583 demum

1916 3628 2089 3668 mense
2125 3613 2208 3668 sui
2256 3613 2459 3684 imperii
2507 3612 2647 3683 apud
2689 3614 2911 3668 Tarsum
2957 3612 3256 3682 interfectus
3304 3619 3381 3669 est
3398 3636 3419 3680 ,-
3470 3616 3570 3672 hoc

1918 3708 1995 3758 est
2026 3717 2186 3773 usque
2235 3702 2306 3757 ad
2350 3700 2626 3757 Kalendas
2673 3699 2916 3757 Januarii
2964 3700 3018 3754 in
3065 3701 3245 3756 eodem
3283 3717 3420 3758 anno
3468 3720 3569 3775 quo

1918 3791 2228 3852 Aurilianus
2284 3792 2513 3847 occissus
2541 3795 2638 3846 est.
2681 3790 2780 3846 Hic
2811 3803 2913 3845 nec
2945 3791 3238 3861 quicquam
3287 3795 3569 3852 memoria

1921 3887 2146 3957 dignum
2194 3883 2324 3953 egit,
2380 3885 2591 3937 tantum
2658 3879 2922 3950 temporis
2990 3879 3258 3938 brevitate
3333 3884 3418 3940 sui
3475 3885 3572 3940 im-

1922 3990 2083 4046 peru.

1993 4062 2082 4134 (H.
2121 4060 2219 4133 R.)
2259 4063 2609 4117 Romanorum
2645 4057 2736 4114 38.
2784 4057 2985 4114 Probus
3029 4063 3264 4129 regnauit
3311 4065 3464 4120 annis
3508 4064 3566 4122 6.

1922 4151 2179 4208 mensibus
2227 4150 2283 4220 4,
2329 4151 2427 4207 hoc
2457 4154 2533 4205 est
2583 4163 2754 4218 usque
2795 4147 3068 4204 Kalendas
3108 4151 3254 4219 Maii,
3296 4153 3354 4208 in
3420 4167 3567 4210 anno

1921 4242 2054 4298 264.
2130 4249 2256 4312 post
2312 4239 2644 4310 passionem.
2685 4238 2796 4294 Sub
2845 4251 2955 4307 quo
3008 4237 3066 4292 hi
3126 4243 3384 4298 consules
3453 4242 3567 4298 fue-

1925 4336 2073 4398 runt,
2105 4336 2245 4385 teste
2274 4329 2624 4386 Cassiodoro.

1994 4419 2120 4474 292.
2166 4420 2212 4472 1.
2270 4418 2471 4488 [ccxxx]
2517 4418 2714 4490 (Ηιειι.)
2743 4418 2979 4476 Messala
3042 4425 3091 4474 et
3147 4421 3341 4475 Gratus
3398 4421 3456 4474 V.
3503 4421 3564 4476 Ο.

1926 4509 2138 4564 Probus
2167 4507 2366 4562 Gallias
2402 4507 2470 4562 ab
2501 4507 2728 4564 Arbaris
2755 4507 2817 4538 ¹¹⁷
2867 4513 3163 4577 occupatas
3209 4506 3433 4576 ingente
3462 4506 3567 4562 vir-

1926 4604 2041 4653 tute
2070 4596 2330 4652 restituit.

1995 4685 2122 4741 293.
2171 4684 2226 4740 2.
2274 4684 2498 4756 [CCLxxr]
2547 4686 2746 4756 (Iliam)
2791 4684 2992 4741 Probus
3036 4684 3092 4741 4.
3141 4689 3190 4740 et
3241 4683 3570 4740 Tiberianus.

1927 4776 2180 4832 Secundo
2219 4789 2364 4830 anno
2421 4775 2586 4830 Probi
2622 4777 2777 4844 juxta
2822 4774 3197 4830 Antiochenos
3225 4773 3356 4832 325.
3395 4787 3574 4829 annus

1927 4864 2049 4932 fuit,
2085 4866 2242 4936 juxta
2286 4863 2466 4919 'l‘irius
2505 4862 2632 4931 400,
2668 4865 2823 4932 juxta
2870 4861 3214 4918 Laodicenos
3255 4860 3380 4929 324,
3415 4863 3574 4931 juxta

208 4952 307 5020 pis,
331 4953 704 5008 -Eutichianus
742 4953 1038 5022 episcopus
1066 4951 1123 5006 in
1162 4952 1394 5008 Domino
1433 4952 1686 5021 salutem,
1721 4974 1748 5004 ι»
1789 4962 1846 5012 et
1926 4954 2235 5010 Edessenos
2279 4951 2405 5022 589,
2449 4954 2604 5022 juxta
2639 4951 2987 5008 Ascolonitas
3039 4951 3167 5006 380.
3213 4951 3449 5022 [Initium
3477 4950 3570 5008 86.

207 5041 412 5111 reliqua
442 5046 517 5112 (p.
558 5040 731 5112 205);
782 5041 909 5096 data
936 5041 992 5095 2.
1032 5040 1160 5096 ldus
1187 5041 1410 5110 Aprilis,
1455 5042 1750 5101 Aureliano
1788 5050 1845 5101 et

208 5128 455 5186 Marcello
486 5131 618 5186 viris
646 5130 968 5186 clarissimis
996 5128 1338 5184 consulibus.

491 5219 634 5292 [Cod.
675 5220 731 5274 in
757 5233 927 5288 marg.
959 5237 976 5273 :
1007 5220 1162 5274 Nona
1203 5220 1554 5292 persecutio.]

275 5307 398 5363 290.
445 5309 499 5365 5.
547 5308 808 5381 [comm]
838 5305 1054 5380 ("ll-2R.)
1077 5306 1278 5364 Probus
1305 5313 1354 5364 et
1383 5309 1650 5367 Paulimus
1690 5313 1749 5367 V.
1781 5314 1842 5370 0.

1921 5043 2129 5115 jobelei
2166 5042 2469 5099 secundum
2512 5041 2764 5110 Ebreos;
2801 5040 2952 5110 jobel
2978 5049 3160 5097 autem
3188 5039 3334 5111 apud
3363 5040 3573 5096 Ebreos

1928 5131 2434 5202 quinquagenarius
2470 5143 2647 5185 annus
2679 5130 3013 5186 nominatur.
3059 5131 3248 5200 Itaque
3268 5127 3572 5184 secundum

1926 5222 2376 5292 supputationem
2426 5220 2752 5287 Ebreorum,
2807 5219 2951 5275 sicut
2998 5219 3134 5274 dicit
3192 5217 3466 5274 Eusebius
3511 5218 3570 5274 in

1927 5311 2169 5369 cronicis
2223 5311 2358 5379 suis,
2389 5309 2458 5366 ab
2504 5308 2676 5367 Adam
2722 5322 2895 5381 usque
2941 5315 3276 5380 presentem,
3296 5307 3354 5364 id
3379 5313 3463 5365 est
3488 5322 3572 5364 se-

1555 5490 1778 5546 VARL‘E
1829 5491 2214 5548 LECTIONES.

280 5635 345 5665 ἠ
373 5633 480 5706 lege
506 5650 648 5708 agon
676 5636 840 5694 Solis.
915 5636 978 5668 ³¹⁶
1007 5635 1117 5705 lege
1146 5635 1371 5694 Divone.
1447 5636 1508 5666 ’⁸⁷
1538 5635 1650 5707 lege
1677 5653 1710 5694 a
1737 5639 2005 5698 barbaris.
