  <div class='ocr_page' id='page_1' title='image "/cluster/home/n/w/nwhite01/storage/ocr_20150623/147/hvd.32044073505281/351.png"; bbox 0 0 4000 6158; ppageno 0'>
   <div class='ocr_carea' id='block_1_1' title="bbox 1851 282 2099 349">
    <p class='ocr_par' dir='ltr' id='par_1_1' title="bbox 1851 292 2099 349">
     <span class='ocr_line' id='line_1_1' title="bbox 1851 292 2099 349; baseline 0 0"><span class='ocrx_word' id='word_1_1' title='bbox 1851 292 2099 349; x_wconf 65' lang='grc' dir='ltr'><strong>ΜΑΒΙΑΝ</strong></span> 
     </span>
    </p>
   </div>
   <div class='ocr_carea' id='block_1_2' title="bbox 2198 282 3818 349">
    <p class='ocr_par' dir='ltr' id='par_1_2' title="bbox 2198 282 3818 348">
     <span class='ocr_line' id='line_1_2' title="bbox 2198 282 3818 348; baseline -0.004 -1"><span class='ocrx_word' id='word_1_2' title='bbox 2198 288 2401 348; x_wconf 68' lang='grc' dir='ltr'><strong>ΚΖΟΤΤΙ</strong></span> <span class='ocrx_word' id='word_1_3' title='bbox 3713 282 3818 341; x_wconf 75' lang='grc'>692</span> 
     </span>
    </p>
   </div>
   <div class='ocr_carea' id='block_1_3' title="bbox 442 293 619 361">
    <p class='ocr_par' dir='ltr' id='par_1_3' title="bbox 442 293 619 361">
     <span class='ocr_line' id='line_1_3' title="bbox 442 293 619 361; baseline -0.011 0"><span class='ocrx_word' id='word_1_4' title='bbox 442 305 543 361; x_wconf 88' lang='lat'><strong>691</strong></span> <span class='ocrx_word' id='word_1_5' title='bbox 606 293 619 305; x_wconf 80' lang='grc'><strong>’</strong></span> 
     </span>
    </p>
   </div>
   <div class='ocr_carea' id='block_1_4' title="bbox 447 406 3817 491">
    <p class='ocr_par' dir='ltr' id='par_1_4' title="bbox 447 406 3817 491">
     <span class='ocr_line' id='line_1_4' title="bbox 447 406 3817 491; baseline -0.008 -1"><span class='ocrx_word' id='word_1_6' title='bbox 447 429 688 490; x_wconf 88' lang='lat' dir='ltr'><strong>cundum</strong></span> <span class='ocrx_word' id='word_1_7' title='bbox 734 440 938 484; x_wconf 90' lang='lat' dir='ltr'><strong>annum</strong></span> <span class='ocrx_word' id='word_1_8' title='bbox 975 422 1141 481; x_wconf 82' lang='lat' dir='ltr'>Probi</span> <span class='ocrx_word' id='word_1_9' title='bbox 1164 464 1179 491; x_wconf 86' lang='lat'><strong>,</strong></span> <span class='ocrx_word' id='word_1_10' title='bbox 1212 421 1349 477; x_wconf 89' lang='lat' dir='ltr'><strong>ﬁunt</strong></span> <span class='ocrx_word' id='word_1_11' title='bbox 1380 418 1524 473; x_wconf 87' lang='lat'><strong>4200</strong></span> <span class='ocrx_word' id='word_1_12' title='bbox 1560 418 1709 487; x_wconf 91' lang='lat' dir='ltr'><strong>anni,</strong></span> <span class='ocrx_word' id='word_1_13' title='bbox 1743 417 1799 476; x_wconf 91' lang='lat' dir='ltr'><strong>id</strong></span> <span class='ocrx_word' id='word_1_14' title='bbox 1828 422 1913 476; x_wconf 91' lang='lat' dir='ltr'><strong>est</strong></span> <span class='ocrx_word' id='word_1_15' title='bbox 1939 419 1975 473; x_wconf 90' lang='lat'><strong>4</strong></span> <span class='ocrx_word' id='word_1_16' title='bbox 1998 421 2083 490; x_wconf 88' lang='lat' dir='ltr'><strong>jo-</strong></span> <span class='ocrx_word' id='word_1_17' title='bbox 2097 423 2153 486; x_wconf 82' lang='grc' dir='ltr'><strong>Α,</strong></span> <span class='ocrx_word' id='word_1_18' title='bbox 2241 418 2589 474; x_wconf 85' lang='lat' dir='ltr'><strong>Romanorum</strong></span> <span class='ocrx_word' id='word_1_19' title='bbox 2629 411 2701 467; x_wconf 87' lang='lat'><strong>40</strong></span> <span class='ocrx_word' id='word_1_20' title='bbox 2729 455 2747 479; x_wconf 92' lang='lat'><strong>,</strong></span> <span class='ocrx_word' id='word_1_21' title='bbox 2814 406 3180 467; x_wconf 74' lang='lat' dir='ltr'><strong>Diocletianus</strong></span> <span class='ocrx_word' id='word_1_22' title='bbox 3233 410 3473 479; x_wconf 79' lang='lat' dir='ltr'><strong>regnauit</strong></span> <span class='ocrx_word' id='word_1_23' title='bbox 3533 409 3688 465; x_wconf 86' lang='lat' dir='ltr'><strong>annis</strong></span> <span class='ocrx_word' id='word_1_24' title='bbox 3726 408 3817 480; x_wconf 88' lang='grc'>20,</span> 
     </span>
    </p>
   </div>
   <div class='ocr_carea' id='block_1_5' title="bbox 444 497 3818 587">
    <p class='ocr_par' dir='ltr' id='par_1_5' title="bbox 444 497 3818 587">
     <span class='ocr_line' id='line_1_5' title="bbox 444 497 3818 587; baseline -0.007 -9"><span class='ocrx_word' id='word_1_25' title='bbox 444 520 612 587; x_wconf 90' lang='lat' dir='ltr'><strong>belei,</strong></span> <span class='ocrx_word' id='word_1_26' title='bbox 646 523 701 575; x_wconf 89' lang='lat' dir='ltr'><strong>et</strong></span> <span class='ocrx_word' id='word_1_27' title='bbox 738 516 809 572; x_wconf 93' lang='grc'><strong>50</strong></span> <span class='ocrx_word' id='word_1_28' title='bbox 846 514 974 572; x_wconf 90' lang='lat' dir='ltr'><strong>anni</strong></span> <span class='ocrx_word' id='word_1_29' title='bbox 1005 514 1061 569; x_wconf 88' lang='lat' dir='ltr'><strong>id</strong></span> <span class='ocrx_word' id='word_1_30' title='bbox 1093 517 1177 569; x_wconf 90' lang='lat' dir='ltr'><strong>est</strong></span> <span class='ocrx_word' id='word_1_31' title='bbox 1207 524 1347 569; x_wconf 91' lang='lat' dir='ltr'><strong>unus</strong></span> <span class='ocrx_word' id='word_1_32' title='bbox 1385 508 1658 580; x_wconf 91' lang='lat' dir='ltr'><strong>jobelcus.</strong></span> <span class='ocrx_word' id='word_1_33' title='bbox 1691 506 1763 562; x_wconf 87' lang='lat'><strong>40</strong></span> <span class='ocrx_word' id='word_1_34' title='bbox 1785 509 1991 579; x_wconf 88' lang='lat' dir='ltr'><strong>jobelei</strong></span> <span class='ocrx_word' id='word_1_35' title='bbox 2020 510 2088 565; x_wconf 86' lang='lat' dir='ltr'><strong>ab</strong></span> <span class='ocrx_word' id='word_1_36' title='bbox 2170 506 2267 562; x_wconf 91' lang='lat' dir='ltr'><strong>hoc</strong></span> <span class='ocrx_word' id='word_1_37' title='bbox 2295 509 2371 560; x_wconf 80' lang='lat' dir='ltr'><strong>est</strong></span> <span class='ocrx_word' id='word_1_38' title='bbox 2399 518 2562 575; x_wconf 87' lang='lat' dir='ltr'><strong>usque</strong></span> <span class='ocrx_word' id='word_1_39' title='bbox 2590 499 2866 558; x_wconf 81' lang='lat' dir='ltr'><strong>Kalendas</strong></span> <span class='ocrx_word' id='word_1_40' title='bbox 2906 497 3056 567; x_wconf 83' lang='lat' dir='ltr'><strong>Julii,</strong></span> <span class='ocrx_word' id='word_1_41' title='bbox 3087 500 3144 556; x_wconf 88' lang='lat' dir='ltr'><strong>in</strong></span> <span class='ocrx_word' id='word_1_42' title='bbox 3190 515 3325 556; x_wconf 89' lang='lat' dir='ltr'><strong>anno</strong></span> <span class='ocrx_word' id='word_1_43' title='bbox 3367 498 3515 568; x_wconf 83' lang='lat'><strong>287,</strong></span> <span class='ocrx_word' id='word_1_44' title='bbox 3551 504 3671 573; x_wconf 80' lang='lat' dir='ltr'><strong>post</strong></span> <span class='ocrx_word' id='word_1_45' title='bbox 3694 516 3818 573; x_wconf 82' lang='lat' dir='ltr'><strong>pas-</strong></span> 
     </span>
    </p>
   </div>
   <div class='ocr_carea' id='block_1_6' title="bbox 444 587 3815 670">
    <p class='ocr_par' dir='ltr' id='par_1_6' title="bbox 444 587 3815 670">
     <span class='ocr_line' id='line_1_6' title="bbox 444 587 3815 670; baseline -0.007 -1"><span class='ocrx_word' id='word_1_46' title='bbox 444 612 616 670; x_wconf 84' lang='lat' dir='ltr'><strong>Adam</strong></span> <span class='ocrx_word' id='word_1_47' title='bbox 644 608 714 665; x_wconf 89' lang='lat' dir='ltr'><strong>ad</strong></span> <span class='ocrx_word' id='word_1_48' title='bbox 738 620 940 663; x_wconf 90' lang='lat' dir='ltr'><strong>annum</strong></span> <span class='ocrx_word' id='word_1_49' title='bbox 968 602 1057 657; x_wconf 87' lang='lat'><strong>50.</strong></span> <span class='ocrx_word' id='word_1_50' title='bbox 1097 600 1370 667; x_wconf 83' lang='lat' dir='ltr'><strong>Abrahae;</strong></span> <span class='ocrx_word' id='word_1_51' title='bbox 1412 603 1468 656; x_wconf 91' lang='lat' dir='ltr'><strong>et</strong></span> <span class='ocrx_word' id='word_1_52' title='bbox 1494 599 1563 654; x_wconf 91' lang='lat' dir='ltr'><strong>ab</strong></span> <span class='ocrx_word' id='word_1_53' title='bbox 1599 598 1770 657; x_wconf 84' lang='lat' dir='ltr'><strong>Adam</strong></span> <span class='ocrx_word' id='word_1_54' title='bbox 1808 613 1983 670; x_wconf 89' lang='lat' dir='ltr'><strong>usque</strong></span> <span class='ocrx_word' id='word_1_55' title='bbox 2021 599 2090 656; x_wconf 89' lang='lat' dir='ltr'><strong>ad</strong></span> <span class='ocrx_word' id='word_1_56' title='bbox 2171 596 2386 652; x_wconf 84' lang='lat' dir='ltr'><strong>sionem.</strong></span> <span class='ocrx_word' id='word_1_57' title='bbox 2423 593 2535 650; x_wconf 89' lang='lat' dir='ltr'><strong>Sub</strong></span> <span class='ocrx_word' id='word_1_58' title='bbox 2569 605 2680 662; x_wconf 88' lang='lat' dir='ltr'><strong>quo</strong></span> <span class='ocrx_word' id='word_1_59' title='bbox 2728 588 2786 646; x_wconf 85' lang='lat' dir='ltr'><strong>hi</strong></span> <span class='ocrx_word' id='word_1_60' title='bbox 2835 588 3094 646; x_wconf 85' lang='lat' dir='ltr'><strong>consules</strong></span> <span class='ocrx_word' id='word_1_61' title='bbox 3141 587 3382 660; x_wconf 89' lang='lat' dir='ltr'><strong>fuerunt,</strong></span> <span class='ocrx_word' id='word_1_62' title='bbox 3416 594 3561 647; x_wconf 89' lang='lat' dir='ltr'><strong>teste</strong></span> <span class='ocrx_word' id='word_1_63' title='bbox 3608 589 3815 645; x_wconf 73' lang='lat' dir='ltr'><strong>Cassio~</strong></span> 
     </span>
    </p>
   </div>
   <div class='ocr_carea' id='block_1_7' title="bbox 447 683 2333 761">
    <p class='ocr_par' dir='ltr' id='par_1_7' title="bbox 447 683 2333 761">
     <span class='ocr_line' id='line_1_7' title="bbox 447 683 2333 761; baseline -0.009 -3"><span class='ocrx_word' id='word_1_64' title='bbox 447 714 649 758; x_wconf 91' lang='lat' dir='ltr'><strong>annum</strong></span> <span class='ocrx_word' id='word_1_65' title='bbox 691 697 775 753; x_wconf 93' lang='lat'><strong>16.</strong></span> <span class='ocrx_word' id='word_1_66' title='bbox 809 693 1012 752; x_wconf 82' lang='lat' dir='ltr'><strong>Tiberii</strong></span> <span class='ocrx_word' id='word_1_67' title='bbox 1051 690 1121 745; x_wconf 92' lang='lat'><strong>80</strong></span> <span class='ocrx_word' id='word_1_68' title='bbox 1145 688 1411 761; x_wconf 90' lang='lat' dir='ltr'><strong>jobelei.]</strong></span> <span class='ocrx_word' id='word_1_69' title='bbox 2174 683 2333 741; x_wconf 90' lang='lat' dir='ltr'><strong>doro.</strong></span> 
     </span>
    </p>
   </div>
   <div class='ocr_carea' id='block_1_8' title="bbox 520 777 1673 856">
    <p class='ocr_par' dir='ltr' id='par_1_8' title="bbox 520 777 1673 856">
     <span class='ocr_line' id='line_1_8' title="bbox 520 777 1673 856; baseline -0.01 -10"><span class='ocrx_word' id='word_1_70' title='bbox 520 789 684 846; x_wconf 86' lang='lat' dir='ltr'><strong>Gaius</strong></span> <span class='ocrx_word' id='word_1_71' title='bbox 711 785 800 842; x_wconf 92' lang='lat'><strong>26.</strong></span> <span class='ocrx_word' id='word_1_72' title='bbox 828 798 971 856; x_wconf 83' lang='lat' dir='ltr'><strong>papa</strong></span> <span class='ocrx_word' id='word_1_73' title='bbox 1000 781 1151 837; x_wconf 88' lang='lat' dir='ltr'><strong>annis</strong></span> <span class='ocrx_word' id='word_1_74' title='bbox 1186 777 1271 847; x_wconf 92' lang='lat'><strong>15,</strong></span> <span class='ocrx_word' id='word_1_75' title='bbox 1302 777 1560 834; x_wconf 77' lang='lat' dir='ltr'><strong>mensibus</strong></span> <span class='ocrx_word' id='word_1_76' title='bbox 1587 779 1643 835; x_wconf 89' lang='lat'><strong>4.</strong></span> <span class='ocrx_word' id='word_1_77' title='bbox 1668 810 1673 817; x_wconf 70' lang='grc' dir='ltr'><em>ι</em></span> 
     </span>
    </p>
   </div>
   <div class='ocr_carea' id='block_1_9' title="bbox 518 866 2090 944">
    <p class='ocr_par' dir='ltr' id='par_1_9' title="bbox 518 866 2090 944">
     <span class='ocr_line' id='line_1_9' title="bbox 518 866 2090 944; baseline -0.004 -11"><span class='ocrx_word' id='word_1_78' title='bbox 518 878 644 933; x_wconf 86' lang='grc'>294.</span> <span class='ocrx_word' id='word_1_79' title='bbox 685 875 738 930; x_wconf 91' lang='lat'><strong>3.</strong></span> <span class='ocrx_word' id='word_1_80' title='bbox 793 871 1033 944; x_wconf 67' lang='lat' dir='ltr'><strong>[ccexxn]</strong></span> <span class='ocrx_word' id='word_1_81' title='bbox 1079 868 1280 941; x_wconf 73' lang='grc' dir='ltr'><strong>(Ηιειι.)</strong></span> <span class='ocrx_word' id='word_1_82' title='bbox 1320 866 1521 925; x_wconf 87' lang='lat' dir='ltr'><strong>Probus</strong></span> <span class='ocrx_word' id='word_1_83' title='bbox 1575 868 1631 924; x_wconf 87' lang='grc'><strong>5.</strong></span> <span class='ocrx_word' id='word_1_84' title='bbox 1680 873 1729 926; x_wconf 88' lang='lat' dir='ltr'><strong>et</strong></span> <span class='ocrx_word' id='word_1_85' title='bbox 1777 869 2090 926; x_wconf 71' lang='lat' dir='ltr'><strong>Victorinus.</strong></span> 
     </span>
    </p>
   </div>
   <div class='ocr_carea' id='block_1_10' title="bbox 450 957 2089 1029">
    <p class='ocr_par' dir='ltr' id='par_1_10' title="bbox 450 957 2089 1029">
     <span class='ocr_line' id='line_1_10' title="bbox 450 957 2089 1029; baseline -0.007 -3"><span class='ocrx_word' id='word_1_86' title='bbox 450 968 661 1026; x_wconf 89' lang='lat' dir='ltr'><strong>Probus</strong></span> <span class='ocrx_word' id='word_1_87' title='bbox 687 963 871 1021; x_wconf 85' lang='lat' dir='ltr'><strong>Gallos</strong></span> <span class='ocrx_word' id='word_1_88' title='bbox 905 966 962 1018; x_wconf 90' lang='lat' dir='ltr'><strong>et</strong></span> <span class='ocrx_word' id='word_1_89' title='bbox 999 958 1313 1016; x_wconf 90' lang='lat' dir='ltr'><strong>Pannonios</strong></span> <span class='ocrx_word' id='word_1_90' title='bbox 1342 958 1529 1015; x_wconf 89' lang='lat' dir='ltr'><strong>vineas</strong></span> <span class='ocrx_word' id='word_1_91' title='bbox 1556 957 1761 1016; x_wconf 90' lang='lat' dir='ltr'><strong>habere</strong></span> <span class='ocrx_word' id='word_1_92' title='bbox 1792 959 2089 1029; x_wconf 88' lang='lat' dir='ltr'><strong>permissit,</strong></span> 
     </span>
    </p>
   </div>
   <div class='ocr_carea' id='block_1_11' title="bbox 449 1048 2092 1125">
    <p class='ocr_par' dir='ltr' id='par_1_11' title="bbox 449 1048 2092 1125">
     <span class='ocr_line' id='line_1_11' title="bbox 449 1048 2092 1125; baseline -0.006 -10"><span class='ocrx_word' id='word_1_93' title='bbox 449 1058 767 1125; x_wconf 89' lang='lat' dir='ltr'><strong>Almamque</strong></span> <span class='ocrx_word' id='word_1_94' title='bbox 805 1058 859 1109; x_wconf 89' lang='lat' dir='ltr'><strong>et</strong></span> <span class='ocrx_word' id='word_1_95' title='bbox 885 1054 1112 1108; x_wconf 89' lang='lat' dir='ltr'><strong>Ameum</strong></span> <span class='ocrx_word' id='word_1_96' title='bbox 1149 1054 1390 1106; x_wconf 79' lang='lat' dir='ltr'><strong>montem</strong></span> <span class='ocrx_word' id='word_1_97' title='bbox 1439 1048 1661 1105; x_wconf 80' lang='lat' dir='ltr'><strong>militari</strong></span> <span class='ocrx_word' id='word_1_98' title='bbox 1710 1062 1872 1105; x_wconf 87' lang='lat' dir='ltr'><strong>manu</strong></span> <span class='ocrx_word' id='word_1_99' title='bbox 1903 1050 2092 1106; x_wconf 86' lang='lat' dir='ltr'><strong>consi-</strong></span> 
     </span>
    </p>
   </div>
   <div class='ocr_carea' id='block_1_12' title="bbox 451 1136 1499 1216">
    <p class='ocr_par' dir='ltr' id='par_1_12' title="bbox 451 1136 1499 1216">
     <span class='ocr_line' id='line_1_12' title="bbox 451 1136 1499 1216; baseline -0.011 -13"><span class='ocrx_word' id='word_1_100' title='bbox 451 1154 541 1204; x_wconf 75' lang='lat' dir='ltr'><strong>tos</strong></span> <span class='ocrx_word' id='word_1_101' title='bbox 567 1140 997 1216; x_wconf 80' lang='lat' dir='ltr'><strong>provincialibus</strong></span> <span class='ocrx_word' id='word_1_102' title='bbox 1024 1138 1289 1197; x_wconf 88' lang='lat' dir='ltr'><strong>colendos</strong></span> <span class='ocrx_word' id='word_1_103' title='bbox 1326 1136 1499 1193; x_wconf 85' lang='lat' dir='ltr'><strong>dedit.</strong></span> 
     </span>
    </p>
   </div>
   <div class='ocr_carea' id='block_1_13' title="bbox 520 1225 2096 1303">
    <p class='ocr_par' dir='ltr' id='par_1_13' title="bbox 520 1225 2096 1303">
     <span class='ocr_line' id='line_1_13' title="bbox 520 1225 2096 1303; baseline -0.004 -13"><span class='ocrx_word' id='word_1_104' title='bbox 520 1234 648 1290; x_wconf 86' lang='lat'><strong>295.</strong></span> <span class='ocrx_word' id='word_1_105' title='bbox 706 1232 761 1288; x_wconf 87' lang='lat'><strong>4.</strong></span> <span class='ocrx_word' id='word_1_106' title='bbox 806 1229 1069 1303; x_wconf 69' lang='lat' dir='ltr'><strong>[ccnxxm]</strong></span> <span class='ocrx_word' id='word_1_107' title='bbox 1134 1225 1345 1301; x_wconf 68' lang='lat'><strong>(111123.)</strong></span> <span class='ocrx_word' id='word_1_108' title='bbox 1400 1228 1566 1283; x_wconf 84' lang='lat' dir='ltr'><strong>Carus</strong></span> <span class='ocrx_word' id='word_1_109' title='bbox 1602 1231 1652 1283; x_wconf 91' lang='lat' dir='ltr'><strong>et</strong></span> <span class='ocrx_word' id='word_1_110' title='bbox 1689 1227 1930 1284; x_wconf 70' lang='lat' dir='ltr'><strong>Cm‘inus.</strong></span> <span class='ocrx_word' id='word_1_111' title='bbox 1978 1230 2096 1283; x_wconf 82' lang='lat' dir='ltr'><strong>An—</strong></span> 
     </span>
    </p>
   </div>
   <div class='ocr_carea' id='block_1_14' title="bbox 452 1316 2097 1388">
    <p class='ocr_par' dir='ltr' id='par_1_14' title="bbox 452 1316 2097 1388">
     <span class='ocr_line' id='line_1_14' title="bbox 452 1316 2097 1388; baseline -0.005 -5"><span class='ocrx_word' id='word_1_112' title='bbox 452 1324 675 1382; x_wconf 66' lang='lat' dir='ltr'><strong>tiochia:</strong></span> <span class='ocrx_word' id='word_1_113' title='bbox 710 1322 794 1379; x_wconf 89' lang='lat'><strong>18.</strong></span> <span class='ocrx_word' id='word_1_114' title='bbox 827 1319 1183 1379; x_wconf 72' lang='lat' dir='ltr'><strong>constituitur</strong></span> <span class='ocrx_word' id='word_1_115' title='bbox 1228 1318 1523 1388; x_wconf 87' lang='lat' dir='ltr'><strong>episcopus</strong></span> <span class='ocrx_word' id='word_1_116' title='bbox 1572 1316 1852 1385; x_wconf 89' lang='lat' dir='ltr'><strong>Quirillus.</strong></span> <span class='ocrx_word' id='word_1_117' title='bbox 1908 1318 2097 1374; x_wconf 87' lang='lat' dir='ltr'><strong>Satur-</strong></span> 
     </span>
    </p>
   </div>
   <div class='ocr_carea' id='block_1_15' title="bbox 454 1406 2095 1483">
    <p class='ocr_par' dir='ltr' id='par_1_15' title="bbox 454 1406 2095 1483">
     <span class='ocr_line' id='line_1_15' title="bbox 454 1406 2095 1483; baseline -0.004 -12"><span class='ocrx_word' id='word_1_118' title='bbox 454 1415 619 1472; x_wconf 90' lang='lat' dir='ltr'><strong>ninus</strong></span> <span class='ocrx_word' id='word_1_119' title='bbox 645 1412 906 1483; x_wconf 84' lang='lat' dir='ltr'><strong>magister</strong></span> <span class='ocrx_word' id='word_1_120' title='bbox 934 1409 1211 1466; x_wconf 89' lang='lat' dir='ltr'><strong>exercitus</strong></span> <span class='ocrx_word' id='word_1_121' title='bbox 1240 1421 1436 1465; x_wconf 90' lang='lat' dir='ltr'><strong>novam</strong></span> <span class='ocrx_word' id='word_1_122' title='bbox 1474 1406 1752 1463; x_wconf 89' lang='lat' dir='ltr'><strong>civitatem</strong></span> <span class='ocrx_word' id='word_1_123' title='bbox 1787 1407 2095 1465; x_wconf 66' lang='lat' dir='ltr'><strong>Antiochiae</strong></span> 
     </span>
    </p>
   </div>
   <div class='ocr_carea' id='block_1_16' title="bbox 456 1495 2098 1569">
    <p class='ocr_par' dir='ltr' id='par_1_16' title="bbox 456 1495 2098 1569">
     <span class='ocr_line' id='line_1_16' title="bbox 456 1495 2098 1569; baseline -0.005 -9"><span class='ocrx_word' id='word_1_124' title='bbox 456 1518 615 1560; x_wconf 89' lang='lat' dir='ltr'><strong>orsus</strong></span> <span class='ocrx_word' id='word_1_125' title='bbox 644 1501 922 1567; x_wconf 89' lang='lat' dir='ltr'><strong>condere;</strong></span> <span class='ocrx_word' id='word_1_126' title='bbox 973 1499 1068 1569; x_wconf 88' lang='lat' dir='ltr'><strong>qui</strong></span> <span class='ocrx_word' id='word_1_127' title='bbox 1117 1501 1309 1567; x_wconf 88' lang='lat' dir='ltr'><strong>postea</strong></span> <span class='ocrx_word' id='word_1_128' title='bbox 1356 1497 1648 1566; x_wconf 88' lang='lat' dir='ltr'><strong>imperium</strong></span> <span class='ocrx_word' id='word_1_129' title='bbox 1699 1496 1922 1554; x_wconf 85' lang='lat' dir='ltr'><strong>molitus</strong></span> <span class='ocrx_word' id='word_1_130' title='bbox 1948 1495 2098 1553; x_wconf 91' lang='lat' dir='ltr'><strong>inva-</strong></span> 
     </span>
    </p>
   </div>
   <div class='ocr_carea' id='block_1_17' title="bbox 456 1585 2101 1662">
    <p class='ocr_par' dir='ltr' id='par_1_17' title="bbox 456 1585 2101 1662">
     <span class='ocr_line' id='line_1_17' title="bbox 456 1585 2101 1662; baseline -0.005 -12"><span class='ocrx_word' id='word_1_131' title='bbox 456 1594 608 1661; x_wconf 91' lang='lat' dir='ltr'><strong>dere,</strong></span> <span class='ocrx_word' id='word_1_132' title='bbox 656 1591 897 1662; x_wconf 68' lang='lat' dir='ltr'><strong>Apamia:</strong></span> <span class='ocrx_word' id='word_1_133' title='bbox 962 1587 1255 1645; x_wconf 86' lang='lat' dir='ltr'><strong>occiditur.</strong></span> <span class='ocrx_word' id='word_1_134' title='bbox 1312 1585 1613 1643; x_wconf 88' lang='lat' dir='ltr'><strong>Decretalis</strong></span> <span class='ocrx_word' id='word_1_135' title='bbox 1668 1586 1902 1657; x_wconf 88' lang='lat' dir='ltr'><strong>epistola</strong></span> <span class='ocrx_word' id='word_1_136' title='bbox 1951 1586 2101 1643; x_wconf 88' lang='lat' dir='ltr'><strong>Euti-</strong></span> 
     </span>
    </p>
   </div>
   <div class='ocr_carea' id='block_1_18' title="bbox 455 1674 2100 1751">
    <p class='ocr_par' dir='ltr' id='par_1_18' title="bbox 455 1674 2100 1751">
     <span class='ocr_line' id='line_1_18' title="bbox 455 1674 2100 1751; baseline -0.004 -12"><span class='ocrx_word' id='word_1_137' title='bbox 455 1682 600 1739; x_wconf 90' lang='lat' dir='ltr'><strong>ciani</strong></span> <span class='ocrx_word' id='word_1_138' title='bbox 638 1695 795 1751; x_wconf 61' lang='lat' dir='ltr'><strong>papa:</strong></span> <span class='ocrx_word' id='word_1_139' title='bbox 829 1700 842 1735; x_wconf 89' lang='lat'><strong>:</strong></span> <span class='ocrx_word' id='word_1_140' title='bbox 881 1698 907 1728; x_wconf 74' lang='grc' dir='ltr'>α</span> <span class='ocrx_word' id='word_1_141' title='bbox 946 1676 1326 1734; x_wconf 87' lang='lat' dir='ltr'><strong>Dilectissimis</strong></span> <span class='ocrx_word' id='word_1_142' title='bbox 1372 1674 1633 1732; x_wconf 79' lang='lat' dir='ltr'><strong>fratribus</strong></span> <span class='ocrx_word' id='word_1_143' title='bbox 1678 1676 1955 1747; x_wconf 85' lang='lat' dir='ltr'><strong>episcopis</strong></span> <span class='ocrx_word' id='word_1_144' title='bbox 2001 1692 2100 1747; x_wconf 90' lang='lat' dir='ltr'><strong>per</strong></span> 
     </span>
    </p>
   </div>
   <div class='ocr_carea' id='block_1_19' title="bbox 2244 767 3818 842">
    <p class='ocr_par' dir='ltr' id='par_1_19' title="bbox 2244 767 3818 842">
     <span class='ocr_line' id='line_1_19' title="bbox 2244 767 3818 842; baseline -0.002 -14"><span class='ocrx_word' id='word_1_145' title='bbox 2244 772 2369 828; x_wconf 88' lang='lat'><strong>301.</strong></span> <span class='ocrx_word' id='word_1_146' title='bbox 2433 771 2482 829; x_wconf 89' lang='lat'><strong>1.</strong></span> <span class='ocrx_word' id='word_1_147' title='bbox 2546 769 2810 842; x_wconf 71' lang='lat' dir='ltr'><strong>[cecxxrx]</strong></span> <span class='ocrx_word' id='word_1_148' title='bbox 2875 767 3079 841; x_wconf 73' lang='grc' dir='ltr'><strong>(ΙΙιειι.)</strong></span> <span class='ocrx_word' id='word_1_149' title='bbox 3106 768 3469 825; x_wconf 73' lang='lat' dir='ltr'><strong>Maximianus</strong></span> <span class='ocrx_word' id='word_1_150' title='bbox 3514 767 3573 825; x_wconf 88' lang='lat'><strong><em>2.</em></strong></span> <span class='ocrx_word' id='word_1_151' title='bbox 3622 772 3675 824; x_wconf 87' lang='lat' dir='ltr'><strong>et</strong></span> <span class='ocrx_word' id='word_1_152' title='bbox 3729 772 3818 828; x_wconf 80' lang='lat' dir='ltr'><strong>Ja-</strong></span> 
     </span>
    </p>
   </div>
   <div class='ocr_carea' id='block_1_20' title="bbox 2175 857 3818 928">
    <p class='ocr_par' dir='ltr' id='par_1_20' title="bbox 2175 857 3818 928">
     <span class='ocr_line' id='line_1_20' title="bbox 2175 857 3818 928; baseline -0.002 -9"><span class='ocrx_word' id='word_1_153' title='bbox 2175 863 2415 919; x_wconf 84' lang='lat' dir='ltr'><strong>nuarius.</strong></span> <span class='ocrx_word' id='word_1_154' title='bbox 2458 859 2856 927; x_wconf 86' lang='lat' dir='ltr'><strong>Diocletianus,</strong></span> <span class='ocrx_word' id='word_1_155' title='bbox 2888 858 3150 914; x_wconf 74' lang='lat' dir='ltr'><strong>Dalmata:</strong></span> <span class='ocrx_word' id='word_1_156' title='bbox 3195 857 3394 915; x_wconf 74' lang='lat' dir='ltr'><strong>scribae</strong></span> <span class='ocrx_word' id='word_1_157' title='bbox 3425 858 3591 927; x_wconf 91' lang='lat' dir='ltr'><strong>ﬁlius,</strong></span> <span class='ocrx_word' id='word_1_158' title='bbox 3640 858 3818 928; x_wconf 80' lang='lat' dir='ltr'><strong>impe-</strong></span> 
     </span>
    </p>
   </div>
   <div class='ocr_carea' id='block_1_21' title="bbox 2175 946 3815 1019">
    <p class='ocr_par' dir='ltr' id='par_1_21' title="bbox 2175 946 3815 1019">
     <span class='ocr_line' id='line_1_21' title="bbox 2175 946 3815 1019; baseline -0.004 -10"><span class='ocrx_word' id='word_1_159' title='bbox 2175 958 2327 1010; x_wconf 89' lang='lat' dir='ltr'><strong>rator</strong></span> <span class='ocrx_word' id='word_1_160' title='bbox 2375 951 2605 1018; x_wconf 91' lang='lat' dir='ltr'><strong>electus,</strong></span> <span class='ocrx_word' id='word_1_161' title='bbox 2654 949 2839 1006; x_wconf 86' lang='lat' dir='ltr'><strong>statim</strong></span> <span class='ocrx_word' id='word_1_162' title='bbox 2893 951 3100 1019; x_wconf 85' lang='lat' dir='ltr'><strong>Aprum</strong></span> <span class='ocrx_word' id='word_1_163' title='bbox 3155 948 3215 1005; x_wconf 88' lang='lat' dir='ltr'><strong>in</strong></span> <span class='ocrx_word' id='word_1_164' title='bbox 3270 946 3503 1004; x_wconf 88' lang='lat' dir='ltr'><strong>militum</strong></span> <span class='ocrx_word' id='word_1_165' title='bbox 3560 949 3815 1004; x_wconf 88' lang='lat' dir='ltr'><strong>contione</strong></span> 
     </span>
    </p>
   </div>
   <div class='ocr_carea' id='block_1_22' title="bbox 2173 1036 3817 1113">
    <p class='ocr_par' dir='ltr' id='par_1_22' title="bbox 2173 1036 3817 1113">
     <span class='ocr_line' id='line_1_22' title="bbox 2173 1036 3817 1113; baseline -0.002 -15"><span class='ocrx_word' id='word_1_166' title='bbox 2173 1040 2469 1113; x_wconf 87' lang='lat' dir='ltr'><strong>percussit,</strong></span> <span class='ocrx_word' id='word_1_167' title='bbox 2497 1041 2691 1110; x_wconf 88' lang='lat' dir='ltr'><strong>jurans</strong></span> <span class='ocrx_word' id='word_1_168' title='bbox 2739 1039 2861 1096; x_wconf 86' lang='lat' dir='ltr'><strong>sine</strong></span> <span class='ocrx_word' id='word_1_169' title='bbox 2908 1052 3010 1096; x_wconf 90' lang='lat' dir='ltr'><strong>suo</strong></span> <span class='ocrx_word' id='word_1_170' title='bbox 3056 1037 3268 1095; x_wconf 88' lang='lat' dir='ltr'><strong>scelere</strong></span> <span class='ocrx_word' id='word_1_171' title='bbox 3315 1036 3712 1097; x_wconf 85' lang='lat' dir='ltr'><strong>Numerianum</strong></span> <span class='ocrx_word' id='word_1_172' title='bbox 3739 1038 3817 1095; x_wconf 87' lang='lat' dir='ltr'><strong>iu-</strong></span> 
     </span>
    </p>
   </div>
   <div class='ocr_carea' id='block_1_23' title="bbox 2176 1130 2483 1189">
    <p class='ocr_par' dir='ltr' id='par_1_23' title="bbox 2176 1130 2483 1189">
     <span class='ocr_line' id='line_1_23' title="bbox 2176 1130 2483 1189; baseline -0.013 0"><span class='ocrx_word' id='word_1_173' title='bbox 2176 1130 2483 1189; x_wconf 88' lang='lat' dir='ltr'><strong>terfectum.</strong></span> 
     </span>
    </p>
   </div>
   <div class='ocr_carea' id='block_1_24' title="bbox 2429 1216 3567 1293">
    <p class='ocr_par' dir='ltr' id='par_1_24' title="bbox 2429 1216 3567 1293">
     <span class='ocr_line' id='line_1_24' title="bbox 2429 1216 3567 1293; baseline -0.006 -15"><span class='ocrx_word' id='word_1_174' title='bbox 2429 1221 2575 1293; x_wconf 85' lang='lat' dir='ltr'><strong>[Cod.</strong></span> <span class='ocrx_word' id='word_1_175' title='bbox 2606 1220 2661 1275; x_wconf 87' lang='lat' dir='ltr'><strong>in</strong></span> <span class='ocrx_word' id='word_1_176' title='bbox 2690 1234 2857 1291; x_wconf 81' lang='lat' dir='ltr'><strong>marg.</strong></span> <span class='ocrx_word' id='word_1_177' title='bbox 2892 1239 2908 1273; x_wconf 92' lang='lat'><strong><em>:</em></strong></span> <span class='ocrx_word' id='word_1_178' title='bbox 2940 1217 3123 1275; x_wconf 88' lang='lat' dir='ltr'><strong>Ciclus</strong></span> <span class='ocrx_word' id='word_1_179' title='bbox 3158 1216 3294 1275; x_wconf 87' lang='lat' dir='ltr'><strong>solis</strong></span> <span class='ocrx_word' id='word_1_180' title='bbox 3329 1216 3567 1287; x_wconf 88' lang='lat' dir='ltr'><strong>incipit.]</strong></span> 
     </span>
    </p>
   </div>
   <div class='ocr_carea' id='block_1_25' title="bbox 2245 1307 3815 1381">
    <p class='ocr_par' dir='ltr' id='par_1_25' title="bbox 2245 1307 3815 1381">
     <span class='ocr_line' id='line_1_25' title="bbox 2245 1307 3815 1381; baseline -0.002 -15"><span class='ocrx_word' id='word_1_181' title='bbox 2245 1310 2372 1366; x_wconf 88' lang='lat'><strong>302.</strong></span> <span class='ocrx_word' id='word_1_182' title='bbox 2431 1311 2489 1366; x_wconf 90' lang='lat'><strong>2.</strong></span> <span class='ocrx_word' id='word_1_183' title='bbox 2550 1309 2793 1381; x_wconf 81' lang='lat' dir='ltr'><strong>[CCLxxx)</strong></span> <span class='ocrx_word' id='word_1_184' title='bbox 2864 1307 3066 1380; x_wconf 80' lang='lat' dir='ltr'><strong>(HIER.)</strong></span> <span class='ocrx_word' id='word_1_185' title='bbox 3131 1310 3328 1363; x_wconf 79' lang='lat' dir='ltr'><strong>Bassus</strong></span> <span class='ocrx_word' id='word_1_186' title='bbox 3377 1312 3429 1363; x_wconf 87' lang='lat' dir='ltr'><strong>et</strong></span> <span class='ocrx_word' id='word_1_187' title='bbox 3485 1307 3815 1375; x_wconf 78' lang='lat' dir='ltr'><strong>Quintianus.</strong></span> 
     </span>
    </p>
   </div>
   <div class='ocr_carea' id='block_1_26' title="bbox 2177 1395 3819 1469">
    <p class='ocr_par' dir='ltr' id='par_1_26' title="bbox 2177 1395 3819 1469">
     <span class='ocr_line' id='line_1_26' title="bbox 2177 1395 3819 1469; baseline -0.004 -11"><span class='ocrx_word' id='word_1_188' title='bbox 2177 1400 2551 1458; x_wconf 89' lang='lat' dir='ltr'><strong>Diocletianus</strong></span> <span class='ocrx_word' id='word_1_189' title='bbox 2604 1400 2663 1455; x_wconf 94' lang='lat' dir='ltr'><strong>in</strong></span> <span class='ocrx_word' id='word_1_190' title='bbox 2725 1399 3064 1457; x_wconf 88' lang='lat' dir='ltr'><strong>consortium</strong></span> <span class='ocrx_word' id='word_1_191' title='bbox 3110 1398 3266 1469; x_wconf 79' lang='lat' dir='ltr'><strong>regni</strong></span> <span class='ocrx_word' id='word_1_192' title='bbox 3312 1397 3631 1453; x_wconf 81' lang='lat' dir='ltr'><strong>Herculium</strong></span> <span class='ocrx_word' id='word_1_193' title='bbox 3658 1395 3819 1452; x_wconf 77' lang='lat' dir='ltr'><strong>Maxi-</strong></span> 
     </span>
    </p>
   </div>
   <div class='ocr_carea' id='block_1_27' title="bbox 2179 1485 3816 1560">
    <p class='ocr_par' dir='ltr' id='par_1_27' title="bbox 2179 1485 3816 1560">
     <span class='ocr_line' id='line_1_27' title="bbox 2179 1485 3816 1560; baseline -0.001 -13"><span class='ocrx_word' id='word_1_194' title='bbox 2179 1492 2419 1548; x_wconf 90' lang='lat' dir='ltr'><strong>mianum</strong></span> <span class='ocrx_word' id='word_1_195' title='bbox 2465 1488 2789 1560; x_wconf 87' lang='lat' dir='ltr'><strong>adsumpsit,</strong></span> <span class='ocrx_word' id='word_1_196' title='bbox 2822 1489 2917 1560; x_wconf 90' lang='lat' dir='ltr'><strong>qui</strong></span> <span class='ocrx_word' id='word_1_197' title='bbox 2955 1485 3305 1545; x_wconf 89' lang='lat' dir='ltr'><strong>multitudine</strong></span> <span class='ocrx_word' id='word_1_198' title='bbox 3356 1488 3693 1544; x_wconf 88' lang='lat' dir='ltr'><strong>rusticorum</strong></span> <span class='ocrx_word' id='word_1_199' title='bbox 3731 1502 3816 1559; x_wconf 83' lang='lat' dir='ltr'><strong>0p-</strong></span> 
     </span>
    </p>
   </div>
   <div class='ocr_carea' id='block_1_28' title="bbox 2181 1576 3814 1653">
    <p class='ocr_par' dir='ltr' id='par_1_28' title="bbox 2181 1576 3814 1653">
     <span class='ocr_line' id='line_1_28' title="bbox 2181 1576 3814 1653; baseline -0.001 -16"><span class='ocrx_word' id='word_1_200' title='bbox 2181 1595 2389 1653; x_wconf 89' lang='lat' dir='ltr'><strong>pressa,</strong></span> <span class='ocrx_word' id='word_1_201' title='bbox 2421 1594 2546 1652; x_wconf 66' lang='lat' dir='ltr'><strong>quae</strong></span> <span class='ocrx_word' id='word_1_202' title='bbox 2574 1578 2814 1635; x_wconf 83' lang='lat' dir='ltr'><strong>factione</strong></span> <span class='ocrx_word' id='word_1_203' title='bbox 2860 1592 2975 1635; x_wconf 67' lang='lat' dir='ltr'><strong>sua:</strong></span> <span class='ocrx_word' id='word_1_204' title='bbox 3022 1576 3393 1636; x_wconf 87' lang='lat' dir='ltr'><strong>Bacaudarum</strong></span> <span class='ocrx_word' id='word_1_205' title='bbox 3433 1577 3659 1635; x_wconf 87' lang='lat' dir='ltr'><strong>nomine</strong></span> <span class='ocrx_word' id='word_1_206' title='bbox 3686 1578 3814 1636; x_wconf 49' lang='lat' dir='ltr'><strong>indi.</strong></span> 
     </span>
    </p>
   </div>
   <div class='ocr_carea' id='block_1_29' title="bbox 2181 1668 3065 1742">
    <p class='ocr_par' dir='ltr' id='par_1_29' title="bbox 2181 1668 3065 1742">
     <span class='ocr_line' id='line_1_29' title="bbox 2181 1668 3065 1742; baseline -0.006 -15"><span class='ocrx_word' id='word_1_207' title='bbox 2181 1671 2357 1738; x_wconf 86' lang='lat' dir='ltr'><strong>derat,</strong></span> <span class='ocrx_word' id='word_1_208' title='bbox 2390 1684 2581 1742; x_wconf 90' lang='lat' dir='ltr'><strong>pacem</strong></span> <span class='ocrx_word' id='word_1_209' title='bbox 2610 1668 2774 1725; x_wconf 86' lang='lat' dir='ltr'><strong>Gallis</strong></span> <span class='ocrx_word' id='word_1_210' title='bbox 2802 1668 3065 1725; x_wconf 88' lang='lat' dir='ltr'><strong>reddidit.</strong></span> 
     </span>
    </p>
   </div>
   <div class='ocr_carea' id='block_1_30' title="bbox 454 1755 3815 1835">
    <p class='ocr_par' dir='ltr' id='par_1_30' title="bbox 454 1755 3815 1835">
     <span class='ocr_line' id='line_1_30' title="bbox 454 1755 3815 1835; baseline -0.004 -7"><span class='ocrx_word' id='word_1_211' title='bbox 454 1772 697 1829; x_wconf 85' lang='lat' dir='ltr'><strong>Siciliam</strong></span> <span class='ocrx_word' id='word_1_212' title='bbox 726 1768 1043 1826; x_wconf 91' lang='lat' dir='ltr'><strong>constitutis</strong></span> <span class='ocrx_word' id='word_1_213' title='bbox 1089 1766 1408 1823; x_wconf 88' lang='lat' dir='ltr'><strong>Euticianus</strong></span> <span class='ocrx_word' id='word_1_214' title='bbox 1437 1766 1732 1835; x_wconf 89' lang='lat' dir='ltr'><strong>episcopus</strong></span> <span class='ocrx_word' id='word_1_215' title='bbox 1767 1766 2021 1833; x_wconf 89' lang='lat' dir='ltr'><strong>salutem,</strong></span> <span class='ocrx_word' id='word_1_216' title='bbox 2064 1784 2092 1819; x_wconf 83' lang='lat'><strong>»</strong></span> <span class='ocrx_word' id='word_1_217' title='bbox 2113 1763 2162 1823; x_wconf 89' lang='grc' dir='ltr'>Β</span> <span class='ocrx_word' id='word_1_218' title='bbox 2248 1760 2375 1817; x_wconf 89' lang='grc'><strong>303.</strong></span> <span class='ocrx_word' id='word_1_219' title='bbox 2430 1760 2484 1817; x_wconf 88' lang='lat'><strong>3.</strong></span> <span class='ocrx_word' id='word_1_220' title='bbox 2543 1759 2802 1832; x_wconf 77' lang='lat' dir='ltr'><strong>[CCLXXXI]</strong></span> <span class='ocrx_word' id='word_1_221' title='bbox 2860 1757 3062 1829; x_wconf 63' lang='lat'><strong>(1111211.)</strong></span> <span class='ocrx_word' id='word_1_222' title='bbox 3097 1756 3453 1814; x_wconf 76' lang='lat' dir='ltr'><strong>Diocletianus</strong></span> <span class='ocrx_word' id='word_1_223' title='bbox 3479 1755 3540 1813; x_wconf 87' lang='lat'><strong>3.</strong></span> <span class='ocrx_word' id='word_1_224' title='bbox 3571 1763 3625 1813; x_wconf 87' lang='lat' dir='ltr'><strong>et</strong></span> <span class='ocrx_word' id='word_1_225' title='bbox 3649 1760 3815 1815; x_wconf 68' lang='lat' dir='ltr'><strong>Masi-</strong></span> 
     </span>
    </p>
   </div>
   <div class='ocr_carea' id='block_1_31' title="bbox 456 1853 2093 1931">
    <p class='ocr_par' dir='ltr' id='par_1_31' title="bbox 456 1853 2093 1931">
     <span class='ocr_line' id='line_1_31' title="bbox 456 1853 2093 1931; baseline -0.005 -12"><span class='ocrx_word' id='word_1_226' title='bbox 456 1867 511 1919; x_wconf 90' lang='lat' dir='ltr'><strong>et</strong></span> <span class='ocrx_word' id='word_1_227' title='bbox 541 1861 752 1931; x_wconf 88' lang='lat' dir='ltr'><strong>reliqua</strong></span> <span class='ocrx_word' id='word_1_228' title='bbox 784 1859 901 1930; x_wconf 84' lang='lat' dir='ltr'><strong>(Ep.</strong></span> <span class='ocrx_word' id='word_1_229' title='bbox 932 1856 988 1927; x_wconf 91' lang='lat'><strong>2,</strong></span> <span class='ocrx_word' id='word_1_230' title='bbox 1023 1871 1078 1927; x_wconf 92' lang='lat' dir='ltr'><strong>p.</strong></span> <span class='ocrx_word' id='word_1_231' title='bbox 1108 1855 1255 1926; x_wconf 92' lang='lat'><strong>207).</strong></span> <span class='ocrx_word' id='word_1_232' title='bbox 1281 1857 1416 1911; x_wconf 87' lang='lat' dir='ltr'><strong>Data</strong></span> <span class='ocrx_word' id='word_1_233' title='bbox 1448 1853 1530 1909; x_wconf 92' lang='grc'>13.</span> <span class='ocrx_word' id='word_1_234' title='bbox 1566 1855 1683 1911; x_wconf 91' lang='lat' dir='ltr'><strong>Kal.</strong></span> <span class='ocrx_word' id='word_1_235' title='bbox 1715 1857 1837 1911; x_wconf 92' lang='lat' dir='ltr'><strong>Oct.</strong></span> <span class='ocrx_word' id='word_1_236' title='bbox 1876 1856 2014 1912; x_wconf 90' lang='lat' dir='ltr'><strong>Caro</strong></span> <span class='ocrx_word' id='word_1_237' title='bbox 2038 1856 2093 1924; x_wconf 89' lang='lat'><strong>2,</strong></span> 
     </span>
    </p>
   </div>
   <div class='ocr_carea' id='block_1_32' title="bbox 456 1944 2094 2015">
    <p class='ocr_par' dir='ltr' id='par_1_32' title="bbox 456 1944 2094 2015">
     <span class='ocr_line' id='line_1_32' title="bbox 456 1944 2094 2015; baseline -0.005 -7"><span class='ocrx_word' id='word_1_238' title='bbox 456 1960 512 2008; x_wconf 91' lang='lat' dir='ltr'><strong>et</strong></span> <span class='ocrx_word' id='word_1_239' title='bbox 548 1950 746 2007; x_wconf 90' lang='lat' dir='ltr'><strong>Carino</strong></span> <span class='ocrx_word' id='word_1_240' title='bbox 794 1949 927 2005; x_wconf 86' lang='lat' dir='ltr'><strong>viris</strong></span> <span class='ocrx_word' id='word_1_241' title='bbox 971 1946 1042 2002; x_wconf 92' lang='lat' dir='ltr'><strong>cl.</strong></span> <span class='ocrx_word' id='word_1_242' title='bbox 1095 1961 1145 2001; x_wconf 93' lang='lat' dir='ltr'><strong>c.</strong></span> <span class='ocrx_word' id='word_1_243' title='bbox 1200 1950 1340 2001; x_wconf 88' lang='lat' dir='ltr'><strong>teste</strong></span> <span class='ocrx_word' id='word_1_244' title='bbox 1389 1944 1741 2001; x_wconf 89' lang='lat' dir='ltr'><strong>Cassiodoro.</strong></span> <span class='ocrx_word' id='word_1_245' title='bbox 1787 1945 1902 2015; x_wconf 83' lang='lat' dir='ltr'><strong>[llis</strong></span> <span class='ocrx_word' id='word_1_246' title='bbox 1939 1959 2094 2002; x_wconf 90' lang='lat' dir='ltr'><strong>cons.</strong></span> 
     </span>
    </p>
   </div>
   <div class='ocr_carea' id='block_1_33' title="bbox 455 2033 2099 2108">
    <p class='ocr_par' dir='ltr' id='par_1_33' title="bbox 455 2033 2099 2108">
     <span class='ocr_line' id='line_1_33' title="bbox 455 2033 2099 2108; baseline -0.004 -12"><span class='ocrx_word' id='word_1_247' title='bbox 455 2040 773 2096; x_wconf 89' lang='lat' dir='ltr'><strong>Euticianus</strong></span> <span class='ocrx_word' id='word_1_248' title='bbox 802 2051 942 2108; x_wconf 90' lang='lat' dir='ltr'><strong>papa</strong></span> <span class='ocrx_word' id='word_1_249' title='bbox 982 2049 1175 2105; x_wconf 89' lang='lat' dir='ltr'><strong>passus</strong></span> <span class='ocrx_word' id='word_1_250' title='bbox 1203 2034 1255 2089; x_wconf 92' lang='lat'><strong>8.</strong></span> <span class='ocrx_word' id='word_1_251' title='bbox 1298 2033 1416 2090; x_wconf 89' lang='lat' dir='ltr'><strong>Kal.</strong></span> <span class='ocrx_word' id='word_1_252' title='bbox 1466 2036 1566 2104; x_wconf 88' lang='lat' dir='ltr'><strong>Ag.</strong></span> <span class='ocrx_word' id='word_1_253' title='bbox 1606 2034 1907 2090; x_wconf 90' lang='lat' dir='ltr'><strong>secundum</strong></span> <span class='ocrx_word' id='word_1_254' title='bbox 1944 2040 2099 2105; x_wconf 87' lang='lat' dir='ltr'><strong>gesta</strong></span> 
     </span>
    </p>
   </div>
   <div class='ocr_carea' id='block_1_34' title="bbox 456 2122 2094 2200">
    <p class='ocr_par' dir='ltr' id='par_1_34' title="bbox 456 2122 2094 2200">
     <span class='ocr_line' id='line_1_34' title="bbox 456 2122 2094 2200; baseline -0.005 -14"><span class='ocrx_word' id='word_1_255' title='bbox 456 2129 798 2200; x_wconf 89' lang='lat' dir='ltr'><strong>pontiﬁcum.</strong></span> <span class='ocrx_word' id='word_1_256' title='bbox 848 2127 947 2182; x_wconf 85' lang='lat' dir='ltr'><strong>His</strong></span> <span class='ocrx_word' id='word_1_257' title='bbox 993 2137 1149 2181; x_wconf 90' lang='lat' dir='ltr'><strong>cons.</strong></span> <span class='ocrx_word' id='word_1_258' title='bbox 1188 2123 1352 2180; x_wconf 85' lang='lat' dir='ltr'><strong>Gaius</strong></span> <span class='ocrx_word' id='word_1_259' title='bbox 1382 2136 1522 2194; x_wconf 90' lang='lat' dir='ltr'><strong>papa</strong></span> <span class='ocrx_word' id='word_1_260' title='bbox 1549 2123 1818 2180; x_wconf 86' lang='lat' dir='ltr'><strong>successit</strong></span> <span class='ocrx_word' id='word_1_261' title='bbox 1850 2122 1931 2178; x_wconf 93' lang='lat'><strong>16.</strong></span> <span class='ocrx_word' id='word_1_262' title='bbox 1975 2123 2094 2180; x_wconf 89' lang='lat' dir='ltr'><strong>Kal.</strong></span> 
     </span>
    </p>
   </div>
   <div class='ocr_carea' id='block_1_35' title="bbox 453 2217 739 2287">
    <p class='ocr_par' dir='ltr' id='par_1_35' title="bbox 453 2217 739 2287">
     <span class='ocr_line' id='line_1_35' title="bbox 453 2217 739 2287; baseline -0.007 -13"><span class='ocrx_word' id='word_1_263' title='bbox 453 2217 739 2287; x_wconf 85' lang='lat' dir='ltr'><strong>Januarii.]</strong></span> 
     </span>
    </p>
   </div>
   <div class='ocr_carea' id='block_1_36' title="bbox 525 2302 2101 2375">
    <p class='ocr_par' dir='ltr' id='par_1_36' title="bbox 525 2302 2101 2375">
     <span class='ocr_line' id='line_1_36' title="bbox 525 2302 2101 2375; baseline -0.001 -14"><span class='ocrx_word' id='word_1_264' title='bbox 525 2306 652 2362; x_wconf 91' lang='lat'><strong>296.</strong></span> <span class='ocrx_word' id='word_1_265' title='bbox 710 2304 764 2359; x_wconf 97' lang='lat'><strong>5.</strong></span> <span class='ocrx_word' id='word_1_266' title='bbox 828 2304 1084 2375; x_wconf 78' lang='lat' dir='ltr'><strong>[CCLxxw]</strong></span> <span class='ocrx_word' id='word_1_267' title='bbox 1146 2302 1354 2375; x_wconf 76' lang='lat' dir='ltr'><strong>(BEDA.)</strong></span> <span class='ocrx_word' id='word_1_268' title='bbox 1400 2304 1568 2359; x_wconf 87' lang='lat' dir='ltr'><strong>Carus</strong></span> <span class='ocrx_word' id='word_1_269' title='bbox 1604 2302 1659 2358; x_wconf 91' lang='lat'><strong>2.</strong></span> <span class='ocrx_word' id='word_1_270' title='bbox 1711 2307 1761 2358; x_wconf 83' lang='lat' dir='ltr'><strong>et</strong></span> <span class='ocrx_word' id='word_1_271' title='bbox 1818 2303 2101 2360; x_wconf 81' lang='lat' dir='ltr'><strong>Numeria-</strong></span> 
     </span>
    </p>
   </div>
   <div class='ocr_carea' id='block_1_37' title="bbox 454 2392 2100 2463">
    <p class='ocr_par' dir='ltr' id='par_1_37' title="bbox 454 2392 2100 2463">
     <span class='ocr_line' id='line_1_37' title="bbox 454 2392 2100 2463; baseline -0.004 -10"><span class='ocrx_word' id='word_1_272' title='bbox 454 2414 571 2454; x_wconf 85' lang='lat' dir='ltr'><strong>nus.</strong></span> <span class='ocrx_word' id='word_1_273' title='bbox 602 2395 892 2454; x_wconf 84' lang='lat' dir='ltr'><strong>Archilaus</strong></span> <span class='ocrx_word' id='word_1_274' title='bbox 947 2392 1355 2463; x_wconf 65' lang='lat' dir='ltr'><strong>Mesopotamiae</strong></span> <span class='ocrx_word' id='word_1_275' title='bbox 1403 2392 1698 2461; x_wconf 89' lang='lat' dir='ltr'><strong>episcopus</strong></span> <span class='ocrx_word' id='word_1_276' title='bbox 1745 2392 1947 2449; x_wconf 89' lang='lat' dir='ltr'><strong>librum</strong></span> <span class='ocrx_word' id='word_1_277' title='bbox 1986 2392 2100 2449; x_wconf 91' lang='lat' dir='ltr'><strong>dis-</strong></span> 
     </span>
    </p>
   </div>
   <div class='ocr_carea' id='block_1_38' title="bbox 460 2481 2100 2559">
    <p class='ocr_par' dir='ltr' id='par_1_38' title="bbox 460 2481 2100 2559">
     <span class='ocr_line' id='line_1_38' title="bbox 460 2481 2100 2559; baseline -0.002 -16"><span class='ocrx_word' id='word_1_278' title='bbox 460 2486 761 2559; x_wconf 87' lang='lat' dir='ltr'><strong>putationis</strong></span> <span class='ocrx_word' id='word_1_279' title='bbox 840 2498 953 2539; x_wconf 70' lang='lat' dir='ltr'><strong>suaa</strong></span> <span class='ocrx_word' id='word_1_280' title='bbox 1027 2496 1190 2553; x_wconf 90' lang='lat' dir='ltr'><strong>quam</strong></span> <span class='ocrx_word' id='word_1_281' title='bbox 1269 2481 1462 2537; x_wconf 91' lang='lat' dir='ltr'><strong>habuit</strong></span> <span class='ocrx_word' id='word_1_282' title='bbox 1532 2486 1728 2538; x_wconf 91' lang='lat' dir='ltr'><strong>contra</strong></span> <span class='ocrx_word' id='word_1_283' title='bbox 1792 2482 2100 2539; x_wconf 88' lang='lat' dir='ltr'><strong>Manchium</strong></span> 
     </span>
    </p>
   </div>
   <div class='ocr_carea' id='block_1_39' title="bbox 460 2572 2100 2644">
    <p class='ocr_par' dir='ltr' id='par_1_39' title="bbox 460 2572 2100 2644">
     <span class='ocr_line' id='line_1_39' title="bbox 460 2572 2100 2644; baseline -0.002 -11"><span class='ocrx_word' id='word_1_284' title='bbox 460 2580 749 2633; x_wconf 82' lang='lat' dir='ltr'><strong>exeuntem</strong></span> <span class='ocrx_word' id='word_1_285' title='bbox 779 2574 847 2629; x_wconf 89' lang='lat' dir='ltr'><strong>de</strong></span> <span class='ocrx_word' id='word_1_286' title='bbox 878 2572 1125 2640; x_wconf 86' lang='lat' dir='ltr'><strong>Perside,</strong></span> <span class='ocrx_word' id='word_1_287' title='bbox 1156 2572 1279 2627; x_wconf 89' lang='lat' dir='ltr'><strong>Siro</strong></span> <span class='ocrx_word' id='word_1_288' title='bbox 1309 2585 1564 2627; x_wconf 87' lang='lat' dir='ltr'><strong>sermone</strong></span> <span class='ocrx_word' id='word_1_289' title='bbox 1592 2573 1972 2643; x_wconf 88' lang='lat' dir='ltr'><strong>compossuit;</strong></span> <span class='ocrx_word' id='word_1_290' title='bbox 2004 2574 2100 2644; x_wconf 90' lang='lat' dir='ltr'><strong>qui</strong></span> 
     </span>
    </p>
   </div>
   <div class='ocr_carea' id='block_1_40' title="bbox 463 2661 1588 2723">
    <p class='ocr_par' dir='ltr' id='par_1_40' title="bbox 463 2661 1588 2723">
     <span class='ocr_line' id='line_1_40' title="bbox 463 2661 1588 2723; baseline -0.004 -1"><span class='ocrx_word' id='word_1_291' title='bbox 463 2664 759 2723; x_wconf 88' lang='lat' dir='ltr'><strong>translatus</strong></span> <span class='ocrx_word' id='word_1_292' title='bbox 786 2677 817 2718; x_wconf 93' lang='lat' dir='ltr'><strong>a</strong></span> <span class='ocrx_word' id='word_1_293' title='bbox 844 2662 1033 2719; x_wconf 91' lang='lat' dir='ltr'><strong>Grecis</strong></span> <span class='ocrx_word' id='word_1_294' title='bbox 1061 2661 1295 2717; x_wconf 87' lang='lat' dir='ltr'><strong>habetur</strong></span> <span class='ocrx_word' id='word_1_295' title='bbox 1321 2675 1353 2716; x_wconf 93' lang='lat' dir='ltr'><strong>a</strong></span> <span class='ocrx_word' id='word_1_296' title='bbox 1381 2661 1588 2718; x_wconf 89' lang='lat' dir='ltr'><strong>multis.</strong></span> 
     </span>
    </p>
   </div>
   <div class='ocr_carea' id='block_1_41' title="bbox 528 2749 2101 2823">
    <p class='ocr_par' dir='ltr' id='par_1_41' title="bbox 528 2749 2101 2823">
     <span class='ocr_line' id='line_1_41' title="bbox 528 2749 2101 2823; baseline -0.001 -15"><span class='ocrx_word' id='word_1_297' title='bbox 528 2753 653 2809; x_wconf 88' lang='lat'><strong>297.</strong></span> <span class='ocrx_word' id='word_1_298' title='bbox 714 2754 767 2809; x_wconf 90' lang='lat'><strong>6.</strong></span> <span class='ocrx_word' id='word_1_299' title='bbox 830 2750 1067 2823; x_wconf 80' lang='lat' dir='ltr'><strong>[CCLxxv]</strong></span> <span class='ocrx_word' id='word_1_300' title='bbox 1112 2750 1307 2821; x_wconf 68' lang='grc' dir='ltr'><strong>(Πιειι.)</strong></span> <span class='ocrx_word' id='word_1_301' title='bbox 1347 2749 1703 2808; x_wconf 81' lang='lat' dir='ltr'><strong>Diocletianus</strong></span> <span class='ocrx_word' id='word_1_302' title='bbox 1760 2754 1818 2809; x_wconf 87' lang='lat' dir='ltr'><strong>V.</strong></span> <span class='ocrx_word' id='word_1_303' title='bbox 1869 2753 1929 2809; x_wconf 84' lang='lat'><strong>0.</strong></span> <span class='ocrx_word' id='word_1_304' title='bbox 1979 2766 2101 2807; x_wconf 66' lang='lat' dir='ltr'><strong>cort-</strong></span> 
     </span>
    </p>
   </div>
   <div class='ocr_carea' id='block_1_42' title="bbox 459 2838 2102 2913">
    <p class='ocr_par' dir='ltr' id='par_1_42' title="bbox 459 2838 2102 2913">
     <span class='ocr_line' id='line_1_42' title="bbox 459 2838 2102 2913; baseline -0.002 -11"><span class='ocrx_word' id='word_1_305' title='bbox 459 2844 563 2902; x_wconf 83' lang='lat' dir='ltr'><strong>sul.</strong></span> <span class='ocrx_word' id='word_1_306' title='bbox 639 2841 985 2901; x_wconf 71' lang='lat' dir='ltr'><strong>Alexandria:</strong></span> <span class='ocrx_word' id='word_1_307' title='bbox 1069 2838 1155 2901; x_wconf 84' lang='lat'><strong>15.</strong></span> <span class='ocrx_word' id='word_1_308' title='bbox 1221 2840 1519 2913; x_wconf 89' lang='lat' dir='ltr'><strong>episcopus</strong></span> <span class='ocrx_word' id='word_1_309' title='bbox 1582 2840 1787 2911; x_wconf 83' lang='lat' dir='ltr'><strong>prefuit</strong></span> <span class='ocrx_word' id='word_1_310' title='bbox 1851 2841 2102 2898; x_wconf 88' lang='lat' dir='ltr'><strong>Theonas</strong></span> 
     </span>
    </p>
   </div>
   <div class='ocr_carea' id='block_1_43' title="bbox 461 2933 737 2989">
    <p class='ocr_par' dir='ltr' id='par_1_43' title="bbox 461 2933 737 2989">
     <span class='ocr_line' id='line_1_43' title="bbox 461 2933 737 2989; baseline -0.004 0"><span class='ocrx_word' id='word_1_311' title='bbox 461 2934 621 2989; x_wconf 91' lang='lat' dir='ltr'><strong>annis</strong></span> <span class='ocrx_word' id='word_1_312' title='bbox 652 2933 737 2988; x_wconf 90' lang='lat'><strong>19.</strong></span> 
     </span>
    </p>
   </div>
   <div class='ocr_carea' id='block_1_44' title="bbox 532 3017 2099 3090">
    <p class='ocr_par' dir='ltr' id='par_1_44' title="bbox 532 3017 2099 3090">
     <span class='ocr_line' id='line_1_44' title="bbox 532 3017 2099 3090; baseline -0.001 -14"><span class='ocrx_word' id='word_1_313' title='bbox 532 3020 660 3076; x_wconf 89' lang='lat'><strong>298.</strong></span> <span class='ocrx_word' id='word_1_314' title='bbox 716 3020 773 3074; x_wconf 88' lang='lat'><strong>7.</strong></span> <span class='ocrx_word' id='word_1_315' title='bbox 820 3019 1077 3090; x_wconf 77' lang='lat' dir='ltr'><strong>[CCLXXVI]</strong></span> <span class='ocrx_word' id='word_1_316' title='bbox 1123 3018 1320 3090; x_wconf 68' lang='lat'><strong>(111311.)</strong></span> <span class='ocrx_word' id='word_1_317' title='bbox 1358 3017 1690 3076; x_wconf 75' lang='lat' dir='ltr'><strong>Aristobolus</strong></span> <span class='ocrx_word' id='word_1_318' title='bbox 1740 3022 1799 3076; x_wconf 85' lang='lat' dir='ltr'><strong>V.</strong></span> <span class='ocrx_word' id='word_1_319' title='bbox 1849 3021 1909 3077; x_wconf 82' lang='lat'><strong>0.</strong></span> <span class='ocrx_word' id='word_1_320' title='bbox 1955 3034 2099 3076; x_wconf 89' lang='lat' dir='ltr'><strong>cons.</strong></span> 
     </span>
    </p>
   </div>
   <div class='ocr_carea' id='block_1_45' title="bbox 2179 1849 3815 1921">
    <p class='ocr_par' dir='ltr' id='par_1_45' title="bbox 2179 1849 3815 1921">
     <span class='ocr_line' id='line_1_45' title="bbox 2179 1849 3815 1921; baseline -0.001 -13"><span class='ocrx_word' id='word_1_321' title='bbox 2179 1852 2382 1908; x_wconf 87' lang='lat' dir='ltr'><strong>mianus</strong></span> <span class='ocrx_word' id='word_1_322' title='bbox 2419 1851 2472 1907; x_wconf 90' lang='lat'><strong>3.</strong></span> <span class='ocrx_word' id='word_1_323' title='bbox 2519 1852 2690 1907; x_wconf 86' lang='lat' dir='ltr'><strong>Carus</strong></span> <span class='ocrx_word' id='word_1_324' title='bbox 2708 1850 2771 1881; x_wconf 78' lang='grc'>²¹⁹</span> <span class='ocrx_word' id='word_1_325' title='bbox 2823 1856 3038 1921; x_wconf 91' lang='lat' dir='ltr'><strong>sumpta</strong></span> <span class='ocrx_word' id='word_1_326' title='bbox 3084 1863 3329 1921; x_wconf 89' lang='lat' dir='ltr'><strong>purpura</strong></span> <span class='ocrx_word' id='word_1_327' title='bbox 3378 1849 3682 1907; x_wconf 86' lang='lat' dir='ltr'><strong>Brittanias</strong></span> <span class='ocrx_word' id='word_1_328' title='bbox 3730 1864 3815 1907; x_wconf 64' lang='lat' dir='ltr'><strong>oc.</strong></span> 
     </span>
    </p>
   </div>
   <div class='ocr_carea' id='block_1_46' title="bbox 2180 1942 2418 2012">
    <p class='ocr_par' dir='ltr' id='par_1_46' title="bbox 2180 1942 2418 2012">
     <span class='ocr_line' id='line_1_46' title="bbox 2180 1942 2418 2012; baseline -0.004 -15"><span class='ocrx_word' id='word_1_329' title='bbox 2180 1956 2245 1997; x_wconf 92' lang='lat' dir='ltr'><strong>cu</strong></span> <span class='ocrx_word' id='word_1_330' title='bbox 2252 1942 2418 2012; x_wconf 88' lang='lat' dir='ltr'><strong>pavit.</strong></span> 
     </span>
    </p>
   </div>
   <div class='ocr_carea' id='block_1_47' title="bbox 2249 2028 3815 2103">
    <p class='ocr_par' dir='ltr' id='par_1_47' title="bbox 2249 2028 3815 2103">
     <span class='ocr_line' id='line_1_47' title="bbox 2249 2028 3815 2103; baseline -0.001 -17"><span class='ocrx_word' id='word_1_331' title='bbox 2249 2030 2377 2087; x_wconf 83' lang='lat'><strong>304.</strong></span> <span class='ocrx_word' id='word_1_332' title='bbox 2416 2032 2471 2089; x_wconf 91' lang='lat'><strong>4.</strong></span> <span class='ocrx_word' id='word_1_333' title='bbox 2516 2030 3036 2103; x_wconf 77' lang='lat' dir='ltr'><strong>[CCLxxxn](H1sa.)</strong></span> <span class='ocrx_word' id='word_1_334' title='bbox 3086 2028 3391 2086; x_wconf 80' lang='lat' dir='ltr'><strong>Tiberianus</strong></span> <span class='ocrx_word' id='word_1_335' title='bbox 3437 2034 3488 2085; x_wconf 86' lang='lat' dir='ltr'><strong>et</strong></span> <span class='ocrx_word' id='word_1_336' title='bbox 3515 2030 3636 2087; x_wconf 84' lang='lat' dir='ltr'><strong>Dio.</strong></span> <span class='ocrx_word' id='word_1_337' title='bbox 3690 2032 3815 2086; x_wconf 78' lang='lat' dir='ltr'><strong>Nar-</strong></span> 
     </span>
    </p>
   </div>
   <div class='ocr_carea' id='block_1_48' title="bbox 2180 2119 3813 2191">
    <p class='ocr_par' dir='ltr' id='par_1_48' title="bbox 2180 2119 3813 2191">
     <span class='ocr_line' id='line_1_48' title="bbox 2180 2119 3813 2191; baseline -0.001 -12"><span class='ocrx_word' id='word_1_338' title='bbox 2180 2136 2308 2179; x_wconf 88' lang='lat' dir='ltr'><strong>seus</strong></span> <span class='ocrx_word' id='word_1_339' title='bbox 2353 2120 2554 2178; x_wconf 89' lang='lat' dir='ltr'><strong>orienti</strong></span> <span class='ocrx_word' id='word_1_340' title='bbox 2607 2121 2809 2178; x_wconf 91' lang='lat' dir='ltr'><strong>bellum</strong></span> <span class='ocrx_word' id='word_1_341' title='bbox 2855 2120 3060 2178; x_wconf 90' lang='lat' dir='ltr'><strong>intulit.</strong></span> <span class='ocrx_word' id='word_1_342' title='bbox 3116 2120 3616 2191; x_wconf 83' lang='lat' dir='ltr'><strong>Quinquegentiani</strong></span> <span class='ocrx_word' id='word_1_343' title='bbox 3659 2119 3813 2177; x_wconf 61' lang='grc' dir='ltr'><strong>Αἰτί-</strong></span> 
     </span>
    </p>
   </div>
   <div class='ocr_carea' id='block_1_49' title="bbox 2180 2210 2749 2270">
    <p class='ocr_par' dir='ltr' id='par_1_49' title="bbox 2180 2210 2749 2270">
     <span class='ocr_line' id='line_1_49' title="bbox 2180 2210 2749 2270; baseline -0.004 -1"><span class='ocrx_word' id='word_1_344' title='bbox 2180 2225 2299 2269; x_wconf 87' lang='lat' dir='ltr'><strong>cam</strong></span> <span class='ocrx_word' id='word_1_345' title='bbox 2330 2210 2749 2270; x_wconf 81' lang='lat' dir='ltr'><strong>infestaverunt.</strong></span> 
     </span>
    </p>
   </div>
   <div class='ocr_carea' id='block_1_50' title="bbox 2252 2298 3813 2373">
    <p class='ocr_par' dir='ltr' id='par_1_50' title="bbox 2252 2298 3813 2373">
     <span class='ocr_line' id='line_1_50' title="bbox 2252 2298 3813 2373; baseline -0.001 -17"><span class='ocrx_word' id='word_1_346' title='bbox 2252 2301 2375 2357; x_wconf 90' lang='lat'><strong>305.</strong></span> <span class='ocrx_word' id='word_1_347' title='bbox 2416 2301 2473 2357; x_wconf 88' lang='lat'><strong>5.</strong></span> <span class='ocrx_word' id='word_1_348' title='bbox 2518 2302 2820 2373; x_wconf 81' lang='lat' dir='ltr'><strong>[CCLxxxnl]</strong></span> <span class='ocrx_word' id='word_1_349' title='bbox 2891 2299 3109 2372; x_wconf 65' lang='lat' dir='ltr'><strong>(illam)</strong></span> <span class='ocrx_word' id='word_1_350' title='bbox 3176 2298 3582 2356; x_wconf 80' lang='lat' dir='ltr'><strong>Anniballianus</strong></span> <span class='ocrx_word' id='word_1_351' title='bbox 3624 2306 3675 2357; x_wconf 80' lang='lat' dir='ltr'><strong>et</strong></span> <span class='ocrx_word' id='word_1_352' title='bbox 3713 2302 3813 2356; x_wconf 78' lang='lat' dir='ltr'><strong>As-</strong></span> 
     </span>
    </p>
   </div>
   <div class='ocr_carea' id='block_1_51' title="bbox 2181 2388 3812 2463">
    <p class='ocr_par' dir='ltr' id='par_1_51' title="bbox 2181 2388 3812 2463">
     <span class='ocr_line' id='line_1_51' title="bbox 2181 2388 3812 2463; baseline -0.001 -17"><span class='ocrx_word' id='word_1_353' title='bbox 2181 2388 2523 2463; x_wconf 84' lang='lat' dir='ltr'><strong>clepiodatus.</strong></span> <span class='ocrx_word' id='word_1_354' title='bbox 2579 2392 2856 2463; x_wconf 65' lang='lat' dir='ltr'><strong>Egiptum</strong></span> <span class='ocrx_word' id='word_1_355' title='bbox 2911 2389 3191 2447; x_wconf 85' lang='lat' dir='ltr'><strong>Achilleus</strong></span> <span class='ocrx_word' id='word_1_356' title='bbox 3236 2390 3514 2460; x_wconf 82' lang='lat' dir='ltr'><strong>Optinuit;</strong></span> <span class='ocrx_word' id='word_1_357' title='bbox 3569 2389 3642 2449; x_wconf 91' lang='lat' dir='ltr'><strong>ob</strong></span> <span class='ocrx_word' id='word_1_358' title='bbox 3696 2403 3812 2460; x_wconf 70' lang='lat' dir='ltr'><strong>qua:</strong></span> 
     </span>
    </p>
   </div>
   <div class='ocr_carea' id='block_1_52' title="bbox 2182 2478 3815 2538">
    <p class='ocr_par' dir='ltr' id='par_1_52' title="bbox 2182 2478 3815 2538">
     <span class='ocr_line' id='line_1_52' title="bbox 2182 2478 3815 2538; baseline 0 -2"><span class='ocrx_word' id='word_1_359' title='bbox 2182 2481 2535 2538; x_wconf 82' lang='lat' dir='ltr'><strong>Constantius</strong></span> <span class='ocrx_word' id='word_1_360' title='bbox 2578 2480 2824 2536; x_wconf 88' lang='lat' dir='ltr'><strong>Galerius</strong></span> <span class='ocrx_word' id='word_1_361' title='bbox 2861 2485 2918 2536; x_wconf 91' lang='lat' dir='ltr'><strong>et</strong></span> <span class='ocrx_word' id='word_1_362' title='bbox 2962 2480 3318 2537; x_wconf 75' lang='lat' dir='ltr'><strong>Maximianus</strong></span> <span class='ocrx_word' id='word_1_363' title='bbox 3372 2493 3624 2537; x_wconf 85' lang='lat' dir='ltr'><strong>cessares</strong></span> <span class='ocrx_word' id='word_1_364' title='bbox 3669 2478 3815 2536; x_wconf 83' lang='lat' dir='ltr'><strong>adsu.</strong></span> 
     </span>
    </p>
   </div>
   <div class='ocr_carea' id='block_1_53' title="bbox 2182 2568 3815 2641">
    <p class='ocr_par' dir='ltr' id='par_1_53' title="bbox 2182 2568 3815 2641">
     <span class='ocr_line' id='line_1_53' title="bbox 2182 2568 3815 2641; baseline -0.002 -16"><span class='ocrx_word' id='word_1_365' title='bbox 2182 2574 2406 2626; x_wconf 91' lang='lat' dir='ltr'><strong>muntur</strong></span> <span class='ocrx_word' id='word_1_366' title='bbox 2440 2571 2499 2626; x_wconf 91' lang='lat' dir='ltr'><strong>in</strong></span> <span class='ocrx_word' id='word_1_367' title='bbox 2551 2583 2800 2641; x_wconf 82' lang='lat' dir='ltr'><strong>regnum.</strong></span> <span class='ocrx_word' id='word_1_368' title='bbox 2840 2571 3082 2637; x_wconf 88' lang='lat' dir='ltr'><strong>Quorum</strong></span> <span class='ocrx_word' id='word_1_369' title='bbox 3127 2570 3481 2626; x_wconf 84' lang='lat' dir='ltr'><strong>Constantius</strong></span> <span class='ocrx_word' id='word_1_370' title='bbox 3517 2568 3715 2625; x_wconf 85' lang='lat' dir='ltr'><strong>Claudi</strong></span> <span class='ocrx_word' id='word_1_371' title='bbox 3757 2582 3815 2624; x_wconf 82' lang='lat' dir='ltr'><strong>ex</strong></span> 
     </span>
    </p>
   </div>
   <div class='ocr_carea' id='block_1_54' title="bbox 2183 2657 3817 2730">
    <p class='ocr_par' dir='ltr' id='par_1_54' title="bbox 2183 2657 3817 2730">
     <span class='ocr_line' id='line_1_54' title="bbox 2183 2657 3817 2730; baseline -0.001 -16"><span class='ocrx_word' id='word_1_372' title='bbox 2183 2659 2294 2714; x_wconf 86' lang='lat' dir='ltr'><strong>ﬁlia</strong></span> <span class='ocrx_word' id='word_1_373' title='bbox 2321 2672 2496 2730; x_wconf 90' lang='lat' dir='ltr'><strong>nepos</strong></span> <span class='ocrx_word' id='word_1_374' title='bbox 2524 2657 2645 2726; x_wconf 88' lang='lat' dir='ltr'><strong>fuit,</strong></span> <span class='ocrx_word' id='word_1_375' title='bbox 2679 2659 3063 2730; x_wconf 84' lang='lat' dir='ltr'><strong>[Maximianus]</strong></span> <span class='ocrx_word' id='word_1_376' title='bbox 3112 2658 3359 2717; x_wconf 87' lang='lat' dir='ltr'><strong>Galerius</strong></span> <span class='ocrx_word' id='word_1_377' title='bbox 3406 2658 3463 2715; x_wconf 92' lang='lat' dir='ltr'><strong>in</strong></span> <span class='ocrx_word' id='word_1_378' title='bbox 3501 2659 3671 2715; x_wconf 84' lang='lat' dir='ltr'><strong>Dacia</strong></span> <span class='ocrx_word' id='word_1_379' title='bbox 3698 2657 3817 2715; x_wconf 78' lang='lat' dir='ltr'><strong>haut</strong></span> 
     </span>
    </p>
   </div>
   <div class='ocr_carea' id='block_1_55' title="bbox 2182 2737 2970 2826">
    <p class='ocr_par' dir='ltr' id='par_1_55' title="bbox 2182 2737 2970 2826">
     <span class='ocr_line' id='line_1_55' title="bbox 2182 2737 2970 2826; baseline -0.001 -21"><span class='ocrx_word' id='word_1_380' title='bbox 2182 2749 2345 2826; x_wconf 85' lang='lat' dir='ltr'><strong>longe</strong></span> <span class='ocrx_word' id='word_1_381' title='bbox 2374 2763 2407 2805; x_wconf 90' lang='lat' dir='ltr'><strong>a</strong></span> <span class='ocrx_word' id='word_1_382' title='bbox 2433 2749 2660 2806; x_wconf 89' lang='lat' dir='ltr'><strong>Serdica</strong></span> <span class='ocrx_word' id='word_1_383' title='bbox 2679 2737 2839 2805; x_wconf 82' lang='lat' dir='ltr'><strong>natus</strong></span> <span class='ocrx_word' id='word_1_384' title='bbox 2867 2754 2970 2806; x_wconf 91' lang='lat' dir='ltr'><strong>est.</strong></span> 
     </span>
    </p>
   </div>
   <div class='ocr_carea' id='block_1_56' title="bbox 2253 2838 3821 2911">
    <p class='ocr_par' dir='ltr' id='par_1_56' title="bbox 2253 2838 3821 2911">
     <span class='ocr_line' id='line_1_56' title="bbox 2253 2838 3821 2911; baseline 0.003 -17"><span class='ocrx_word' id='word_1_385' title='bbox 2253 2838 2380 2895; x_wconf 87' lang='lat'><strong>306.</strong></span> <span class='ocrx_word' id='word_1_386' title='bbox 2420 2840 2477 2895; x_wconf 90' lang='lat'><strong>6.</strong></span> <span class='ocrx_word' id='word_1_387' title='bbox 2521 2839 2813 2911; x_wconf 79' lang='lat' dir='ltr'><strong>[CCLxmv]</strong></span> <span class='ocrx_word' id='word_1_388' title='bbox 2870 2838 3081 2911; x_wconf 65' lang='lat'><strong>(11133.)</strong></span> <span class='ocrx_word' id='word_1_389' title='bbox 3113 2838 3461 2896; x_wconf 75' lang='lat' dir='ltr'><strong>Diocletianus</strong></span> <span class='ocrx_word' id='word_1_390' title='bbox 3486 2839 3546 2895; x_wconf 82' lang='lat'><strong>4.</strong></span> <span class='ocrx_word' id='word_1_391' title='bbox 3567 2844 3621 2896; x_wconf 83' lang='lat' dir='ltr'><strong>et</strong></span> <span class='ocrx_word' id='word_1_392' title='bbox 3648 2841 3821 2898; x_wconf 70' lang='lat' dir='ltr'><strong>Matri-</strong></span> 
     </span>
    </p>
   </div>
   <div class='ocr_carea' id='block_1_57' title="bbox 2182 2927 3820 3001">
    <p class='ocr_par' dir='ltr' id='par_1_57' title="bbox 2182 2927 3820 3001">
     <span class='ocr_line' id='line_1_57' title="bbox 2182 2927 3820 3001; baseline 0.001 -16"><span class='ocrx_word' id='word_1_393' title='bbox 2182 2930 2387 2985; x_wconf 84' lang='lat' dir='ltr'><strong>mianus</strong></span> <span class='ocrx_word' id='word_1_394' title='bbox 2413 2927 2470 2986; x_wconf 89' lang='lat'><strong>4.</strong></span> <span class='ocrx_word' id='word_1_395' title='bbox 2507 2929 2881 2987; x_wconf 89' lang='lat' dir='ltr'><strong>Diocletianus</strong></span> <span class='ocrx_word' id='word_1_396' title='bbox 2918 2930 2979 2962; x_wconf 75' lang='grc'><strong>⁸⁸⁸</strong></span> <span class='ocrx_word' id='word_1_397' title='bbox 3028 2929 3191 2986; x_wconf 90' lang='lat' dir='ltr'><strong>etiam</strong></span> <span class='ocrx_word' id='word_1_398' title='bbox 3223 2930 3315 3001; x_wconf 84' lang='lat' dir='ltr'><strong>[ut]</strong></span> <span class='ocrx_word' id='word_1_399' title='bbox 3366 2928 3649 2987; x_wconf 86' lang='lat' dir='ltr'><strong>adﬁnitate</strong></span> <span class='ocrx_word' id='word_1_400' title='bbox 3692 2928 3820 3001; x_wconf 83' lang='lat' dir='ltr'><strong>[eos]</strong></span> 
     </span>
    </p>
   </div>
   <div class='ocr_carea' id='block_1_58' title="bbox 2184 3018 3819 3091">
    <p class='ocr_par' dir='ltr' id='par_1_58' title="bbox 2184 3018 3819 3091">
     <span class='ocr_line' id='line_1_58' title="bbox 2184 3018 3819 3091; baseline 0.002 -18"><span class='ocrx_word' id='word_1_401' title='bbox 2184 3020 2564 3090; x_wconf 69' lang='lat' dir='ltr'><strong>coniungeret,</strong></span> <span class='ocrx_word' id='word_1_402' title='bbox 2623 3018 2976 3077; x_wconf 89' lang='lat' dir='ltr'><strong>Constantius</strong></span> <span class='ocrx_word' id='word_1_403' title='bbox 3022 3020 3325 3091; x_wconf 86' lang='lat' dir='ltr'><strong>privignam</strong></span> <span class='ocrx_word' id='word_1_404' title='bbox 3380 3018 3606 3076; x_wconf 85' lang='lat' dir='ltr'><strong>Herculi</strong></span> <span class='ocrx_word' id='word_1_405' title='bbox 3650 3020 3819 3076; x_wconf 83' lang='lat' dir='ltr'><strong>Theo-</strong></span> 
     </span>
    </p>
   </div>
   <div class='ocr_carea' id='block_1_59' title="bbox 462 3092 3815 3180">
    <p class='ocr_par' dir='ltr' id='par_1_59' title="bbox 462 3092 3815 3180">
     <span class='ocr_line' id='line_1_59' title="bbox 462 3092 3815 3180; baseline 0 -13"><span class='ocrx_word' id='word_1_406' title='bbox 462 3110 560 3167; x_wconf 85' lang='lat' dir='ltr'><strong>His</strong></span> <span class='ocrx_word' id='word_1_407' title='bbox 608 3107 929 3164; x_wconf 89' lang='lat' dir='ltr'><strong>consulibus</strong></span> <span class='ocrx_word' id='word_1_408' title='bbox 983 3108 1195 3163; x_wconf 92' lang='lat' dir='ltr'><strong>Probus</strong></span> <span class='ocrx_word' id='word_1_409' title='bbox 1241 3107 1478 3164; x_wconf 88' lang='lat' dir='ltr'><strong>tumultu</strong></span> <span class='ocrx_word' id='word_1_410' title='bbox 1524 3108 1749 3165; x_wconf 85' lang='lat' dir='ltr'><strong>militari</strong></span> <span class='ocrx_word' id='word_1_411' title='bbox 1795 3109 1941 3180; x_wconf 89' lang='lat' dir='ltr'><strong>apud</strong></span> <span class='ocrx_word' id='word_1_412' title='bbox 1988 3092 2374 3166; x_wconf 61' lang='lat' dir='ltr'><strong>Sir-adorem</strong></span> <span class='ocrx_word' id='word_1_413' title='bbox 2419 3109 2670 3179; x_wconf 89' lang='lat' dir='ltr'><strong>accepit;</strong></span> <span class='ocrx_word' id='word_1_414' title='bbox 2705 3123 2774 3165; x_wconf 90' lang='lat' dir='ltr'><strong>ex</strong></span> <span class='ocrx_word' id='word_1_415' title='bbox 2818 3123 2926 3179; x_wconf 91' lang='lat' dir='ltr'><strong>qua</strong></span> <span class='ocrx_word' id='word_1_416' title='bbox 2964 3110 3129 3166; x_wconf 90' lang='lat' dir='ltr'><strong>etiam</strong></span> <span class='ocrx_word' id='word_1_417' title='bbox 3182 3109 3407 3180; x_wconf 87' lang='lat' dir='ltr'><strong>[postea]</strong></span> <span class='ocrx_word' id='word_1_418' title='bbox 3457 3124 3559 3166; x_wconf 81' lang='lat' dir='ltr'><strong>sex</strong></span> <span class='ocrx_word' id='word_1_419' title='bbox 3594 3109 3815 3178; x_wconf 82' lang='lat' dir='ltr'><strong>liberos,</strong></span> 
     </span>
    </p>
   </div>
   <div class='ocr_carea' id='block_1_60' title="bbox 462 3197 1857 3268">
    <p class='ocr_par' dir='ltr' id='par_1_60' title="bbox 462 3197 1857 3268">
     <span class='ocr_line' id='line_1_60' title="bbox 462 3197 1857 3268; baseline -0.001 -12"><span class='ocrx_word' id='word_1_420' title='bbox 462 3199 631 3256; x_wconf 90' lang='lat' dir='ltr'><strong>mium</strong></span> <span class='ocrx_word' id='word_1_421' title='bbox 658 3198 716 3254; x_wconf 91' lang='lat' dir='ltr'><strong>in</strong></span> <span class='ocrx_word' id='word_1_422' title='bbox 745 3197 883 3254; x_wconf 90' lang='lat' dir='ltr'><strong>turri</strong></span> <span class='ocrx_word' id='word_1_423' title='bbox 907 3211 1031 3268; x_wconf 58' lang='lat' dir='ltr'><strong>quae</strong></span> <span class='ocrx_word' id='word_1_424' title='bbox 1060 3200 1288 3253; x_wconf 88' lang='lat' dir='ltr'><strong>vocatur</strong></span> <span class='ocrx_word' id='word_1_425' title='bbox 1314 3198 1536 3253; x_wconf 70' lang='lat' dir='ltr'><strong>Fet-rata</strong></span> <span class='ocrx_word' id='word_1_426' title='bbox 1564 3198 1857 3255; x_wconf 88' lang='lat' dir='ltr'><strong>occiditur.</strong></span> 
     </span>
    </p>
   </div>
   <div class='ocr_carea' id='block_1_61' title="bbox 534 3283 2101 3357">
    <p class='ocr_par' dir='ltr' id='par_1_61' title="bbox 534 3283 2101 3357">
     <span class='ocr_line' id='line_1_61' title="bbox 534 3283 2101 3357; baseline 0 -13"><span class='ocrx_word' id='word_1_427' title='bbox 534 3291 880 3344; x_wconf 88' lang='lat' dir='ltr'><strong>Romanorum</strong></span> <span class='ocrx_word' id='word_1_428' title='bbox 944 3283 1034 3341; x_wconf 89' lang='lat'><strong>39.</strong></span> <span class='ocrx_word' id='word_1_429' title='bbox 1095 3286 1263 3342; x_wconf 86' lang='lat' dir='ltr'><strong>Carus</strong></span> <span class='ocrx_word' id='word_1_430' title='bbox 1318 3300 1434 3342; x_wconf 79' lang='lat' dir='ltr'><strong>cum</strong></span> <span class='ocrx_word' id='word_1_431' title='bbox 1484 3285 1607 3357; x_wconf 79' lang='lat' dir='ltr'><strong>ﬁliis</strong></span> <span class='ocrx_word' id='word_1_432' title='bbox 1661 3288 1771 3343; x_wconf 78' lang='lat' dir='ltr'><strong>suis</strong></span> <span class='ocrx_word' id='word_1_433' title='bbox 1819 3288 2011 3344; x_wconf 85' lang='lat' dir='ltr'><strong>Carino</strong></span> <span class='ocrx_word' id='word_1_434' title='bbox 2051 3292 2101 3344; x_wconf 85' lang='lat' dir='ltr'><strong>et</strong></span> 
     </span>
    </p>
   </div>
   <div class='ocr_carea' id='block_1_62' title="bbox 462 3375 2101 3447">
    <p class='ocr_par' dir='ltr' id='par_1_62' title="bbox 462 3375 2101 3447">
     <span class='ocr_line' id='line_1_62' title="bbox 462 3375 2101 3447; baseline -0.001 -12"><span class='ocrx_word' id='word_1_435' title='bbox 462 3377 784 3436; x_wconf 81' lang='lat' dir='ltr'><strong>Numeriano</strong></span> <span class='ocrx_word' id='word_1_436' title='bbox 840 3375 1087 3447; x_wconf 86' lang='lat' dir='ltr'><strong>regnavit</strong></span> <span class='ocrx_word' id='word_1_437' title='bbox 1140 3375 1299 3431; x_wconf 90' lang='lat' dir='ltr'><strong>annis</strong></span> <span class='ocrx_word' id='word_1_438' title='bbox 1354 3375 1592 3444; x_wconf 87' lang='lat' dir='ltr'><strong>duobus,</strong></span> <span class='ocrx_word' id='word_1_439' title='bbox 1634 3377 1915 3434; x_wconf 85' lang='lat' dir='ltr'><strong>mensibus</strong></span> <span class='ocrx_word' id='word_1_440' title='bbox 1968 3377 2101 3433; x_wconf 91' lang='lat' dir='ltr'><strong>item</strong></span> 
     </span>
    </p>
   </div>
   <div class='ocr_carea' id='block_1_63' title="bbox 460 3466 2102 3539">
    <p class='ocr_par' dir='ltr' id='par_1_63' title="bbox 460 3466 2102 3539">
     <span class='ocr_line' id='line_1_63' title="bbox 460 3466 2102 3539; baseline -0.001 -12"><span class='ocrx_word' id='word_1_441' title='bbox 460 3469 681 3526; x_wconf 87' lang='lat' dir='ltr'><strong>duobus</strong></span> <span class='ocrx_word' id='word_1_442' title='bbox 720 3468 878 3537; x_wconf 80' lang='lat' dir='ltr'><strong>juxta</strong></span> <span class='ocrx_word' id='word_1_443' title='bbox 926 3466 1214 3523; x_wconf 87' lang='lat' dir='ltr'><strong>historiam</strong></span> <span class='ocrx_word' id='word_1_444' title='bbox 1267 3467 1589 3536; x_wconf 82' lang='lat' dir='ltr'><strong>Romanam,</strong></span> <span class='ocrx_word' id='word_1_445' title='bbox 1638 3467 1746 3524; x_wconf 90' lang='lat' dir='ltr'><strong>hoc</strong></span> <span class='ocrx_word' id='word_1_446' title='bbox 1797 3472 1882 3525; x_wconf 91' lang='lat' dir='ltr'><strong>est</strong></span> <span class='ocrx_word' id='word_1_447' title='bbox 1926 3482 2102 3539; x_wconf 89' lang='lat' dir='ltr'><strong>usque</strong></span> 
     </span>
    </p>
   </div>
   <div class='ocr_carea' id='block_1_64' title="bbox 459 3556 2102 3629">
    <p class='ocr_par' dir='ltr' id='par_1_64' title="bbox 459 3556 2102 3629">
     <span class='ocr_line' id='line_1_64' title="bbox 459 3556 2102 3629; baseline 0 -14"><span class='ocrx_word' id='word_1_448' title='bbox 459 3558 581 3616; x_wconf 86' lang='lat' dir='ltr'><strong>Kal.</strong></span> <span class='ocrx_word' id='word_1_449' title='bbox 611 3557 763 3625; x_wconf 86' lang='lat' dir='ltr'><strong>Julii,</strong></span> <span class='ocrx_word' id='word_1_450' title='bbox 802 3558 861 3614; x_wconf 90' lang='lat' dir='ltr'><strong>in</strong></span> <span class='ocrx_word' id='word_1_451' title='bbox 890 3571 1035 3613; x_wconf 89' lang='lat' dir='ltr'><strong>anno</strong></span> <span class='ocrx_word' id='word_1_452' title='bbox 1065 3556 1192 3612; x_wconf 88' lang='lat'><strong>266.</strong></span> <span class='ocrx_word' id='word_1_453' title='bbox 1225 3561 1351 3627; x_wconf 89' lang='lat' dir='ltr'><strong>post</strong></span> <span class='ocrx_word' id='word_1_454' title='bbox 1389 3557 1720 3627; x_wconf 89' lang='lat' dir='ltr'><strong>passionem.</strong></span> <span class='ocrx_word' id='word_1_455' title='bbox 1763 3559 1873 3615; x_wconf 91' lang='lat' dir='ltr'><strong>Sub</strong></span> <span class='ocrx_word' id='word_1_456' title='bbox 1904 3572 2014 3629; x_wconf 89' lang='lat' dir='ltr'><strong>quo</strong></span> <span class='ocrx_word' id='word_1_457' title='bbox 2043 3559 2102 3615; x_wconf 88' lang='lat' dir='ltr'><strong>hi</strong></span> 
     </span>
    </p>
   </div>
   <div class='ocr_carea' id='block_1_65' title="bbox 459 3647 1513 3715">
    <p class='ocr_par' dir='ltr' id='par_1_65' title="bbox 459 3647 1513 3715">
     <span class='ocr_line' id='line_1_65' title="bbox 459 3647 1513 3715; baseline -0.004 -9"><span class='ocrx_word' id='word_1_458' title='bbox 459 3648 717 3707; x_wconf 89' lang='lat' dir='ltr'><strong>consules</strong></span> <span class='ocrx_word' id='word_1_459' title='bbox 744 3647 984 3715; x_wconf 86' lang='lat' dir='ltr'><strong>fuerunt,</strong></span> <span class='ocrx_word' id='word_1_460' title='bbox 1019 3651 1159 3704; x_wconf 88' lang='lat' dir='ltr'><strong>teste</strong></span> <span class='ocrx_word' id='word_1_461' title='bbox 1188 3647 1513 3704; x_wconf 87' lang='lat' dir='ltr'><strong>Casiodoro.</strong></span> 
     </span>
    </p>
   </div>
   <div class='ocr_carea' id='block_1_66' title="bbox 530 3736 2099 3811">
    <p class='ocr_par' dir='ltr' id='par_1_66' title="bbox 530 3736 2099 3811">
     <span class='ocr_line' id='line_1_66' title="bbox 530 3736 2099 3811; baseline 0.002 -18"><span class='ocrx_word' id='word_1_462' title='bbox 530 3738 657 3793; x_wconf 85' lang='lat'><strong>299.</strong></span> <span class='ocrx_word' id='word_1_463' title='bbox 705 3740 752 3793; x_wconf 94' lang='lat' dir='ltr'><strong>l.</strong></span> <span class='ocrx_word' id='word_1_464' title='bbox 797 3737 1077 3807; x_wconf 67' lang='lat' dir='ltr'><strong>[ccnxxvn]</strong></span> <span class='ocrx_word' id='word_1_465' title='bbox 1126 3736 1333 3808; x_wconf 65' lang='lat'><strong>(11133.)</strong></span> <span class='ocrx_word' id='word_1_466' title='bbox 1371 3738 1645 3796; x_wconf 74' lang='lat' dir='ltr'><strong>Maximus</strong></span> <span class='ocrx_word' id='word_1_467' title='bbox 1699 3743 1749 3794; x_wconf 91' lang='lat' dir='ltr'><strong>et</strong></span> <span class='ocrx_word' id='word_1_468' title='bbox 1802 3738 2099 3811; x_wconf 84' lang='lat' dir='ltr'><strong>Aquilinus.</strong></span> 
     </span>
    </p>
   </div>
   <div class='ocr_carea' id='block_1_67' title="bbox 461 3825 2102 3900">
    <p class='ocr_par' dir='ltr' id='par_1_67' title="bbox 461 3825 2102 3900">
     <span class='ocr_line' id='line_1_67' title="bbox 461 3825 2102 3900; baseline 0.002 -18"><span class='ocrx_word' id='word_1_469' title='bbox 461 3828 632 3882; x_wconf 90' lang='lat' dir='ltr'><strong>Carus</strong></span> <span class='ocrx_word' id='word_1_470' title='bbox 678 3825 1052 3881; x_wconf 86' lang='lat' dir='ltr'><strong>Narbonensis</strong></span> <span class='ocrx_word' id='word_1_471' title='bbox 1107 3840 1250 3892; x_wconf 91' lang='lat' dir='ltr'><strong>cum,</strong></span> <span class='ocrx_word' id='word_1_472' title='bbox 1307 3828 1456 3882; x_wconf 91' lang='lat' dir='ltr'><strong>omni</strong></span> <span class='ocrx_word' id='word_1_473' title='bbox 1503 3827 1828 3884; x_wconf 86' lang='lat' dir='ltr'><strong>Parthorum</strong></span> <span class='ocrx_word' id='word_1_474' title='bbox 1875 3829 2102 3900; x_wconf 87' lang='lat' dir='ltr'><strong>regione</strong></span> 
     </span>
    </p>
   </div>
   <div class='ocr_carea' id='block_1_68' title="bbox 462 3913 2104 3984">
    <p class='ocr_par' dir='ltr' id='par_1_68' title="bbox 462 3913 2104 3984">
     <span class='ocr_line' id='line_1_68' title="bbox 462 3913 2104 3984; baseline 0.003 -14"><span class='ocrx_word' id='word_1_475' title='bbox 462 3918 690 3984; x_wconf 87' lang='lat' dir='ltr'><strong>vastata,</strong></span> <span class='ocrx_word' id='word_1_476' title='bbox 731 3915 969 3970; x_wconf 90' lang='lat' dir='ltr'><strong>Cochem</strong></span> <span class='ocrx_word' id='word_1_477' title='bbox 1017 3918 1073 3969; x_wconf 90' lang='lat' dir='ltr'><strong>et</strong></span> <span class='ocrx_word' id='word_1_478' title='bbox 1120 3913 1530 3983; x_wconf 89' lang='lat' dir='ltr'><strong>Thesifontem,</strong></span> <span class='ocrx_word' id='word_1_479' title='bbox 1590 3917 1959 3974; x_wconf 87' lang='lat' dir='ltr'><strong>nobilissimas</strong></span> <span class='ocrx_word' id='word_1_480' title='bbox 2004 3918 2104 3975; x_wconf 89' lang='lat' dir='ltr'><strong>ho-</strong></span> 
     </span>
    </p>
   </div>
   <div class='ocr_carea' id='block_1_69' title="bbox 464 4003 2104 4079">
    <p class='ocr_par' dir='ltr' id='par_1_69' title="bbox 464 4003 2104 4079">
     <span class='ocr_line' id='line_1_69' title="bbox 464 4003 2104 4079; baseline 0.003 -20"><span class='ocrx_word' id='word_1_481' title='bbox 464 4003 629 4060; x_wconf 86' lang='lat' dir='ltr'><strong>stium</strong></span> <span class='ocrx_word' id='word_1_482' title='bbox 676 4003 844 4059; x_wconf 87' lang='lat' dir='ltr'><strong>urbes</strong></span> <span class='ocrx_word' id='word_1_483' title='bbox 894 4003 1172 4073; x_wconf 74' lang='lat' dir='ltr'><strong>coepisset,</strong></span> <span class='ocrx_word' id='word_1_484' title='bbox 1225 4015 1394 4073; x_wconf 86' lang='lat' dir='ltr'><strong>super</strong></span> <span class='ocrx_word' id='word_1_485' title='bbox 1438 4005 1714 4077; x_wconf 81' lang='lat' dir='ltr'><strong>Tigridem</strong></span> <span class='ocrx_word' id='word_1_486' title='bbox 1771 4010 1951 4063; x_wconf 85' lang='lat' dir='ltr'><strong>castra</strong></span> <span class='ocrx_word' id='word_1_487' title='bbox 1996 4020 2104 4079; x_wconf 92' lang='lat' dir='ltr'><strong>po-</strong></span> 
     </span>
    </p>
   </div>
   <div class='ocr_carea' id='block_1_70' title="bbox 463 4090 1303 4159">
    <p class='ocr_par' dir='ltr' id='par_1_70' title="bbox 463 4090 1303 4159">
     <span class='ocr_line' id='line_1_70' title="bbox 463 4090 1303 4159; baseline 0 -11"><span class='ocrx_word' id='word_1_488' title='bbox 463 4106 623 4159; x_wconf 90' lang='lat' dir='ltr'><strong>nens,</strong></span> <span class='ocrx_word' id='word_1_489' title='bbox 655 4090 899 4148; x_wconf 86' lang='lat' dir='ltr'><strong>fulminis</strong></span> <span class='ocrx_word' id='word_1_490' title='bbox 925 4092 1042 4147; x_wconf 91' lang='lat' dir='ltr'><strong>ictu</strong></span> <span class='ocrx_word' id='word_1_491' title='bbox 1072 4091 1303 4148; x_wconf 89' lang='lat' dir='ltr'><strong>interiit.</strong></span> 
     </span>
    </p>
   </div>
   <div class='ocr_carea' id='block_1_71' title="bbox 533 4180 2107 4253">
    <p class='ocr_par' dir='ltr' id='par_1_71' title="bbox 533 4180 2107 4253">
     <span class='ocr_line' id='line_1_71' title="bbox 533 4180 2107 4253; baseline 0.006 -17"><span class='ocrx_word' id='word_1_492' title='bbox 533 4180 661 4237; x_wconf 90' lang='lat'><strong>300.</strong></span> <span class='ocrx_word' id='word_1_493' title='bbox 721 4182 776 4237; x_wconf 91' lang='lat'><strong>2.</strong></span> <span class='ocrx_word' id='word_1_494' title='bbox 850 4181 1148 4253; x_wconf 72' lang='grc' dir='ltr'><strong>[ροωιχγιιι]</strong></span> <span class='ocrx_word' id='word_1_495' title='bbox 1238 4182 1435 4253; x_wconf 58' lang='lat' dir='ltr'><strong>(Hum)</strong></span> <span class='ocrx_word' id='word_1_496' title='bbox 1515 4184 1873 4243; x_wconf 80' lang='lat' dir='ltr'><strong>Diocletianus</strong></span> <span class='ocrx_word' id='word_1_497' title='bbox 1936 4188 1991 4245; x_wconf 91' lang='lat'><strong>2.</strong></span> <span class='ocrx_word' id='word_1_498' title='bbox 2057 4192 2107 4245; x_wconf 89' lang='lat' dir='ltr'><strong>et</strong></span> 
     </span>
    </p>
   </div>
   <div class='ocr_carea' id='block_1_72' title="bbox 463 4272 2107 4335">
    <p class='ocr_par' dir='ltr' id='par_1_72' title="bbox 463 4272 2107 4335">
     <span class='ocr_line' id='line_1_72' title="bbox 463 4272 2107 4335; baseline 0.005 -8"><span class='ocrx_word' id='word_1_499' title='bbox 463 4272 840 4327; x_wconf 69' lang='lat' dir='ltr'><strong>Maximianus.</strong></span> <span class='ocrx_word' id='word_1_500' title='bbox 892 4272 1253 4328; x_wconf 88' lang='lat' dir='ltr'><strong>Numerianus</strong></span> <span class='ocrx_word' id='word_1_501' title='bbox 1299 4288 1423 4329; x_wconf 90' lang='lat' dir='ltr'><strong>cum</strong></span> <span class='ocrx_word' id='word_1_502' title='bbox 1479 4273 1551 4330; x_wconf 92' lang='lat' dir='ltr'><strong>ob</strong></span> <span class='ocrx_word' id='word_1_503' title='bbox 1607 4275 1893 4333; x_wconf 90' lang='lat' dir='ltr'><strong>oculorum</strong></span> <span class='ocrx_word' id='word_1_504' title='bbox 1949 4277 2107 4335; x_wconf 89' lang='lat' dir='ltr'><strong>dolo-</strong></span> 
     </span>
    </p>
   </div>
   <div class='ocr_carea' id='block_1_73' title="bbox 2181 3197 3005 3266">
    <p class='ocr_par' dir='ltr' id='par_1_73' title="bbox 2181 3197 3005 3266">
     <span class='ocr_line' id='line_1_73' title="bbox 2181 3197 3005 3266; baseline 0 -12"><span class='ocrx_word' id='word_1_505' title='bbox 2181 3198 2525 3255; x_wconf 88' lang='lat' dir='ltr'><strong>Constantini</strong></span> <span class='ocrx_word' id='word_1_506' title='bbox 2545 3197 2763 3266; x_wconf 84' lang='lat' dir='ltr'><strong>fratres,</strong></span> <span class='ocrx_word' id='word_1_507' title='bbox 2790 3198 3005 3255; x_wconf 89' lang='lat' dir='ltr'><strong>habuit.</strong></span> 
     </span>
    </p>
   </div>
   <div class='ocr_carea' id='block_1_74' title="bbox 2470 3287 3539 3360">
    <p class='ocr_par' dir='ltr' id='par_1_74' title="bbox 2470 3287 3539 3360">
     <span class='ocr_line' id='line_1_74' title="bbox 2470 3287 3539 3360; baseline 0.001 -15"><span class='ocrx_word' id='word_1_508' title='bbox 2470 3288 2617 3359; x_wconf 77' lang='grc' dir='ltr'><strong>[ϐοά.</strong></span> <span class='ocrx_word' id='word_1_509' title='bbox 2648 3289 2704 3343; x_wconf 88' lang='lat' dir='ltr'><strong>in</strong></span> <span class='ocrx_word' id='word_1_510' title='bbox 2724 3303 2895 3358; x_wconf 86' lang='lat' dir='ltr'><strong>marg.</strong></span> <span class='ocrx_word' id='word_1_511' title='bbox 2929 3308 2945 3343; x_wconf 91' lang='lat'><strong><em>:</em></strong></span> <span class='ocrx_word' id='word_1_512' title='bbox 2974 3287 3159 3345; x_wconf 88' lang='lat' dir='ltr'><strong>Ciclus</strong></span> <span class='ocrx_word' id='word_1_513' title='bbox 3189 3289 3273 3344; x_wconf 88' lang='grc'>17.</span> <span class='ocrx_word' id='word_1_514' title='bbox 3314 3288 3431 3345; x_wconf 89' lang='lat' dir='ltr'><strong>ind.</strong></span> <span class='ocrx_word' id='word_1_515' title='bbox 3462 3287 3539 3360; x_wconf 86' lang='lat'><strong>3.]</strong></span> 
     </span>
    </p>
   </div>
   <div class='ocr_carea' id='block_1_75' title="bbox 2254 3376 3817 3451">
    <p class='ocr_par' dir='ltr' id='par_1_75' title="bbox 2254 3376 3817 3451">
     <span class='ocr_line' id='line_1_75' title="bbox 2254 3376 3817 3451; baseline 0.003 -20"><span class='ocrx_word' id='word_1_516' title='bbox 2254 3376 2379 3433; x_wconf 89' lang='lat'><strong>307.</strong></span> <span class='ocrx_word' id='word_1_517' title='bbox 2419 3377 2477 3434; x_wconf 91' lang='lat'><strong>7.</strong></span> <span class='ocrx_word' id='word_1_518' title='bbox 2522 3379 2791 3449; x_wconf 81' lang='lat' dir='ltr'><strong>[CCLxxxv]</strong></span> <span class='ocrx_word' id='word_1_519' title='bbox 2840 3378 3043 3451; x_wconf 68' lang='lat' dir='ltr'><strong>(11mm)</strong></span> <span class='ocrx_word' id='word_1_520' title='bbox 3086 3379 3417 3436; x_wconf 79' lang='lat' dir='ltr'><strong>Constantius</strong></span> <span class='ocrx_word' id='word_1_521' title='bbox 3445 3378 3511 3410; x_wconf 78' lang='lat'><strong>”°</strong></span> <span class='ocrx_word' id='word_1_522' title='bbox 3556 3385 3608 3435; x_wconf 84' lang='lat' dir='ltr'><strong>et</strong></span> <span class='ocrx_word' id='word_1_523' title='bbox 3652 3380 3817 3436; x_wconf 69' lang='lat' dir='ltr'><strong>Hui-</strong></span> 
     </span>
    </p>
   </div>
   <div class='ocr_carea' id='block_1_76' title="bbox 2183 3468 3815 3527">
    <p class='ocr_par' dir='ltr' id='par_1_76' title="bbox 2183 3468 3815 3527">
     <span class='ocr_line' id='line_1_76' title="bbox 2183 3468 3815 3527; baseline 0.001 -3"><span class='ocrx_word' id='word_1_524' title='bbox 2183 3482 2315 3525; x_wconf 87' lang='lat' dir='ltr'><strong>mus.</strong></span> <span class='ocrx_word' id='word_1_525' title='bbox 2365 3468 2613 3525; x_wconf 90' lang='lat' dir='ltr'><strong>Galerius</strong></span> <span class='ocrx_word' id='word_1_526' title='bbox 2639 3470 2699 3502; x_wconf 79' lang='grc'><strong>³²¹</strong></span> <span class='ocrx_word' id='word_1_527' title='bbox 2741 3469 2906 3526; x_wconf 88' lang='lat' dir='ltr'><strong>ﬁliam</strong></span> <span class='ocrx_word' id='word_1_528' title='bbox 2943 3470 3270 3526; x_wconf 88' lang='lat' dir='ltr'><strong>Diocletiani</strong></span> <span class='ocrx_word' id='word_1_529' title='bbox 3318 3470 3609 3527; x_wconf 85' lang='lat' dir='ltr'><strong>Valeriam.</strong></span> <span class='ocrx_word' id='word_1_530' title='bbox 3658 3471 3815 3527; x_wconf 79' lang='lat' dir='ltr'><strong>Ambo</strong></span> 
     </span>
    </p>
   </div>
   <div class='ocr_carea' id='block_1_77' title="bbox 2185 3558 3688 3631">
    <p class='ocr_par' dir='ltr' id='par_1_77' title="bbox 2185 3558 3688 3631">
     <span class='ocr_line' id='line_1_77' title="bbox 2185 3558 3688 3631; baseline 0.001 -17"><span class='ocrx_word' id='word_1_531' title='bbox 2185 3570 2385 3614; x_wconf 86' lang='lat' dir='ltr'><strong>uxores</strong></span> <span class='ocrx_word' id='word_1_532' title='bbox 2415 3571 2551 3628; x_wconf 90' lang='lat' dir='ltr'><strong>quas</strong></span> <span class='ocrx_word' id='word_1_533' title='bbox 2589 3558 2894 3615; x_wconf 88' lang='lat' dir='ltr'><strong>habuerant</strong></span> <span class='ocrx_word' id='word_1_534' title='bbox 2924 3561 3215 3631; x_wconf 89' lang='lat' dir='ltr'><strong>repudiare</strong></span> <span class='ocrx_word' id='word_1_535' title='bbox 3235 3559 3507 3630; x_wconf 87' lang='lat' dir='ltr'><strong>compulsi</strong></span> <span class='ocrx_word' id='word_1_536' title='bbox 3534 3565 3688 3616; x_wconf 89' lang='lat' dir='ltr'><strong>sunt.</strong></span> 
     </span>
    </p>
   </div>
   <div class='ocr_carea' id='block_1_78' title="bbox 2252 3644 3815 3721">
    <p class='ocr_par' dir='ltr' id='par_1_78' title="bbox 2252 3644 3815 3721">
     <span class='ocr_line' id='line_1_78' title="bbox 2252 3644 3815 3721; baseline 0.002 -21"><span class='ocrx_word' id='word_1_537' title='bbox 2252 3644 2379 3703; x_wconf 91' lang='lat'><strong>308.</strong></span> <span class='ocrx_word' id='word_1_538' title='bbox 2456 3647 2509 3702; x_wconf 92' lang='lat'><strong>8.</strong></span> <span class='ocrx_word' id='word_1_539' title='bbox 2560 3648 2857 3719; x_wconf 80' lang='lat' dir='ltr'><strong>(CCLxxxvr)</strong></span> <span class='ocrx_word' id='word_1_540' title='bbox 2932 3649 3138 3721; x_wconf 65' lang='lat' dir='ltr'><strong>(illam)</strong></span> <span class='ocrx_word' id='word_1_541' title='bbox 3210 3652 3405 3705; x_wconf 69' lang='lat' dir='ltr'><strong>Tuscus</strong></span> <span class='ocrx_word' id='word_1_542' title='bbox 3455 3654 3505 3706; x_wconf 86' lang='lat' dir='ltr'><strong>et</strong></span> <span class='ocrx_word' id='word_1_543' title='bbox 3546 3648 3815 3705; x_wconf 75' lang='lat' dir='ltr'><strong>Anulim.</strong></span> 
     </span>
    </p>
   </div>
   <div class='ocr_carea' id='block_1_79' title="bbox 2185 3736 3814 3808">
    <p class='ocr_par' dir='ltr' id='par_1_79' title="bbox 2185 3736 3814 3808">
     <span class='ocr_line' id='line_1_79' title="bbox 2185 3736 3814 3808; baseline 0.002 -17"><span class='ocrx_word' id='word_1_544' title='bbox 2185 3736 2392 3792; x_wconf 89' lang='lat' dir='ltr'><strong>Busiris</strong></span> <span class='ocrx_word' id='word_1_545' title='bbox 2411 3738 2475 3769; x_wconf 65' lang='grc' dir='ltr'>ω</span> <span class='ocrx_word' id='word_1_546' title='bbox 2520 3742 2577 3792; x_wconf 90' lang='lat' dir='ltr'><strong>et</strong></span> <span class='ocrx_word' id='word_1_547' title='bbox 2631 3740 2839 3808; x_wconf 88' lang='lat' dir='ltr'><strong>Coptus</strong></span> <span class='ocrx_word' id='word_1_548' title='bbox 2896 3744 3088 3796; x_wconf 88' lang='lat' dir='ltr'><strong>contra</strong></span> <span class='ocrx_word' id='word_1_549' title='bbox 3146 3740 3426 3796; x_wconf 84' lang='lat' dir='ltr'><strong>Romanos</strong></span> <span class='ocrx_word' id='word_1_550' title='bbox 3473 3739 3814 3805; x_wconf 76' lang='lat' dir='ltr'><strong>rebellantes,</strong></span> 
     </span>
    </p>
   </div>
   <div class='ocr_carea' id='block_1_80' title="bbox 2184 3825 3115 3897">
    <p class='ocr_par' dir='ltr' id='par_1_80' title="bbox 2184 3825 3115 3897">
     <span class='ocr_line' id='line_1_80' title="bbox 2184 3825 3115 3897; baseline 0.001 -16"><span class='ocrx_word' id='word_1_551' title='bbox 2184 3825 2254 3881; x_wconf 90' lang='lat' dir='ltr'><strong>ad</strong></span> <span class='ocrx_word' id='word_1_552' title='bbox 2279 3825 2460 3882; x_wconf 90' lang='lat' dir='ltr'><strong>solum</strong></span> <span class='ocrx_word' id='word_1_553' title='bbox 2498 3839 2675 3897; x_wconf 89' lang='lat' dir='ltr'><strong>usque</strong></span> <span class='ocrx_word' id='word_1_554' title='bbox 2701 3841 2936 3884; x_wconf 69' lang='lat' dir='ltr'><strong>reversa:</strong></span> <span class='ocrx_word' id='word_1_555' title='bbox 2964 3834 3115 3884; x_wconf 90' lang='lat' dir='ltr'><strong>sunt.</strong></span> 
     </span>
    </p>
   </div>
   <div class='ocr_carea' id='block_1_81' title="bbox 2254 3915 3819 3990">
    <p class='ocr_par' dir='ltr' id='par_1_81' title="bbox 2254 3915 3819 3990">
     <span class='ocr_line' id='line_1_81' title="bbox 2254 3915 3819 3990; baseline 0.001 -21"><span class='ocrx_word' id='word_1_556' title='bbox 2254 3915 2381 3970; x_wconf 87' lang='lat'><strong>309.</strong></span> <span class='ocrx_word' id='word_1_557' title='bbox 2423 3916 2476 3972; x_wconf 92' lang='lat'><strong>9.</strong></span> <span class='ocrx_word' id='word_1_558' title='bbox 2525 3917 2838 3988; x_wconf 70' lang='lat' dir='ltr'><strong>[cccxxxvu]</strong></span> <span class='ocrx_word' id='word_1_559' title='bbox 2883 3916 3077 3990; x_wconf 70' lang='lat'><strong>(&quot;1311.)</strong></span> <span class='ocrx_word' id='word_1_560' title='bbox 3108 3917 3467 3975; x_wconf 79' lang='lat' dir='ltr'><strong>Diocletianus</strong></span> <span class='ocrx_word' id='word_1_561' title='bbox 3508 3920 3565 3976; x_wconf 90' lang='grc'><strong>5.</strong></span> <span class='ocrx_word' id='word_1_562' title='bbox 3607 3924 3658 3975; x_wconf 84' lang='lat' dir='ltr'><strong>et</strong></span> <span class='ocrx_word' id='word_1_563' title='bbox 3704 3921 3819 3976; x_wconf 69' lang='lat' dir='ltr'><strong>Cos-</strong></span> 
     </span>
    </p>
   </div>
   <div class='ocr_carea' id='block_1_82' title="bbox 2184 4004 3823 4080">
    <p class='ocr_par' dir='ltr' id='par_1_82' title="bbox 2184 4004 3823 4080">
     <span class='ocr_line' id='line_1_82' title="bbox 2184 4004 3823 4080; baseline 0.001 -20"><span class='ocrx_word' id='word_1_564' title='bbox 2184 4005 2406 4062; x_wconf 85' lang='lat' dir='ltr'><strong>stantius</strong></span> <span class='ocrx_word' id='word_1_565' title='bbox 2441 4004 2496 4063; x_wconf 90' lang='lat'><strong>2.</strong></span> <span class='ocrx_word' id='word_1_566' title='bbox 2538 4008 2838 4078; x_wconf 89' lang='lat' dir='ltr'><strong>Carporum</strong></span> <span class='ocrx_word' id='word_1_567' title='bbox 2884 4014 2940 4063; x_wconf 92' lang='lat' dir='ltr'><strong>et</strong></span> <span class='ocrx_word' id='word_1_568' title='bbox 2985 4010 3370 4065; x_wconf 89' lang='lat' dir='ltr'><strong>Basternorum</strong></span> <span class='ocrx_word' id='word_1_569' title='bbox 3407 4014 3603 4080; x_wconf 82' lang='lat' dir='ltr'><strong>gentes</strong></span> <span class='ocrx_word' id='word_1_570' title='bbox 3639 4010 3696 4066; x_wconf 90' lang='lat' dir='ltr'><strong>in</strong></span> <span class='ocrx_word' id='word_1_571' title='bbox 3724 4010 3823 4064; x_wconf 81' lang='lat' dir='ltr'><strong>Ro-</strong></span> 
     </span>
    </p>
   </div>
   <div class='ocr_carea' id='block_1_83' title="bbox 2186 4096 3818 4171">
    <p class='ocr_par' dir='ltr' id='par_1_83' title="bbox 2186 4096 3818 4171">
     <span class='ocr_line' id='line_1_83' title="bbox 2186 4096 3818 4171; baseline -0.001 -18"><span class='ocrx_word' id='word_1_572' title='bbox 2186 4108 2406 4153; x_wconf 90' lang='lat' dir='ltr'><strong>manum</strong></span> <span class='ocrx_word' id='word_1_573' title='bbox 2452 4096 2632 4153; x_wconf 89' lang='lat' dir='ltr'><strong>solum</strong></span> <span class='ocrx_word' id='word_1_574' title='bbox 2681 4097 2979 4155; x_wconf 65' lang='lat' dir='ltr'><strong>translatae.</strong></span> <span class='ocrx_word' id='word_1_575' title='bbox 3047 4096 3347 4155; x_wconf 86' lang='lat' dir='ltr'><strong>Decretalis</strong></span> <span class='ocrx_word' id='word_1_576' title='bbox 3414 4099 3655 4171; x_wconf 75' lang='lat' dir='ltr'><strong>epistola</strong></span> <span class='ocrx_word' id='word_1_577' title='bbox 3710 4096 3818 4154; x_wconf 86' lang='lat' dir='ltr'><strong>Gali</strong></span> 
     </span>
    </p>
   </div>
   <div class='ocr_carea' id='block_1_84' title="bbox 2188 4186 3820 4261">
    <p class='ocr_par' dir='ltr' id='par_1_84' title="bbox 2188 4186 3820 4261">
     <span class='ocr_line' id='line_1_84' title="bbox 2188 4186 3820 4261; baseline 0 -19"><span class='ocrx_word' id='word_1_578' title='bbox 2188 4200 2345 4258; x_wconf 66' lang='lat' dir='ltr'><strong>papa:</strong></span> <span class='ocrx_word' id='word_1_579' title='bbox 2380 4206 2393 4241; x_wconf 88' lang='lat'><strong>:</strong></span> <span class='ocrx_word' id='word_1_580' title='bbox 2430 4204 2458 4238; x_wconf 89' lang='lat'>«</span> <span class='ocrx_word' id='word_1_581' title='bbox 2497 4186 2867 4243; x_wconf 87' lang='lat' dir='ltr'><strong>Dilectissimo</strong></span> <span class='ocrx_word' id='word_1_582' title='bbox 2922 4187 3078 4245; x_wconf 79' lang='lat' dir='ltr'><strong>fratri</strong></span> <span class='ocrx_word' id='word_1_583' title='bbox 3125 4189 3305 4245; x_wconf 89' lang='lat' dir='ltr'><strong>Felice</strong></span> <span class='ocrx_word' id='word_1_584' title='bbox 3358 4190 3628 4261; x_wconf 89' lang='lat' dir='ltr'><strong>episcopo</strong></span> <span class='ocrx_word' id='word_1_585' title='bbox 3673 4188 3820 4245; x_wconf 81' lang='lat' dir='ltr'><strong>Gaius</strong></span> 
     </span>
    </p>
   </div>
   <div class='ocr_carea' id='block_1_85' title="bbox 2187 4273 3815 4350">
    <p class='ocr_par' dir='ltr' id='par_1_85' title="bbox 2187 4273 3815 4350">
     <span class='ocr_line' id='line_1_85' title="bbox 2187 4273 3815 4350; baseline -0.001 -19"><span class='ocrx_word' id='word_1_586' title='bbox 2187 4275 2437 4343; x_wconf 91' lang='lat' dir='ltr'><strong>salutem,</strong></span> <span class='ocrx_word' id='word_1_587' title='bbox 2472 4292 2499 4327; x_wconf 73' lang='grc' dir='ltr'><strong>ι</strong></span> <span class='ocrx_word' id='word_1_588' title='bbox 2534 4280 2591 4331; x_wconf 90' lang='lat' dir='ltr'><strong>et</strong></span> <span class='ocrx_word' id='word_1_589' title='bbox 2612 4273 2825 4347; x_wconf 88' lang='lat' dir='ltr'><strong>reliqua</strong></span> <span class='ocrx_word' id='word_1_590' title='bbox 2851 4276 2910 4349; x_wconf 93' lang='lat'><strong>(1.</strong></span> <span class='ocrx_word' id='word_1_591' title='bbox 2941 4276 3004 4346; x_wconf 89' lang='lat'><strong>1.,</strong></span> <span class='ocrx_word' id='word_1_592' title='bbox 3037 4291 3093 4348; x_wconf 92' lang='lat' dir='ltr'><strong>p.</strong></span> <span class='ocrx_word' id='word_1_593' title='bbox 3115 4275 3249 4350; x_wconf 86' lang='grc'>209)</span> <span class='ocrx_word' id='word_1_594' title='bbox 3276 4299 3290 4347; x_wconf 88' lang='grc'><strong>;</strong></span> <span class='ocrx_word' id='word_1_595' title='bbox 3322 4278 3451 4334; x_wconf 88' lang='lat' dir='ltr'><strong>data</strong></span> <span class='ocrx_word' id='word_1_596' title='bbox 3478 4279 3602 4334; x_wconf 85' lang='lat' dir='ltr'><strong>Kal.</strong></span> <span class='ocrx_word' id='word_1_597' title='bbox 3632 4276 3815 4341; x_wconf 78' lang='lat' dir='ltr'><strong>Martii,</strong></span> 
     </span>
    </p>
   </div>
   <div class='ocr_carea' id='block_1_86' title="bbox 463 4361 3820 4437">
    <p class='ocr_par' dir='ltr' id='par_1_86' title="bbox 463 4361 3820 4437">
     <span class='ocr_line' id='line_1_86' title="bbox 463 4361 3820 4437; baseline 0.001 -19"><span class='ocrx_word' id='word_1_598' title='bbox 463 4374 579 4418; x_wconf 90' lang='lat' dir='ltr'><strong>rem</strong></span> <span class='ocrx_word' id='word_1_599' title='bbox 635 4361 890 4419; x_wconf 84' lang='lat' dir='ltr'><strong>lecticula</strong></span> <span class='ocrx_word' id='word_1_600' title='bbox 944 4361 1255 4430; x_wconf 85' lang='lat' dir='ltr'><strong>veheretur,</strong></span> <span class='ocrx_word' id='word_1_601' title='bbox 1313 4362 1532 4419; x_wconf 89' lang='lat' dir='ltr'><strong>insidiis</strong></span> <span class='ocrx_word' id='word_1_602' title='bbox 1586 4366 1720 4435; x_wconf 85' lang='lat' dir='ltr'><strong>Apri</strong></span> <span class='ocrx_word' id='word_1_603' title='bbox 1766 4368 1976 4423; x_wconf 89' lang='lat' dir='ltr'><strong>soceris</strong></span> <span class='ocrx_word' id='word_1_604' title='bbox 2019 4370 2105 4424; x_wconf 91' lang='lat' dir='ltr'><strong>sui</strong></span> <span class='ocrx_word' id='word_1_605' title='bbox 2190 4365 2532 4422; x_wconf 88' lang='lat' dir='ltr'><strong>Diocletiano</strong></span> <span class='ocrx_word' id='word_1_606' title='bbox 2579 4364 2633 4422; x_wconf 85' lang='lat'><strong>5.</strong></span> <span class='ocrx_word' id='word_1_607' title='bbox 2684 4373 2741 4423; x_wconf 91' lang='lat' dir='ltr'><strong>et</strong></span> <span class='ocrx_word' id='word_1_608' title='bbox 2792 4367 3119 4437; x_wconf 36' lang='lat' dir='ltr'><strong>Constantio,</strong></span> <span class='ocrx_word' id='word_1_609' title='bbox 3159 4367 3214 4424; x_wconf 90' lang='lat'><strong>2.</strong></span> <span class='ocrx_word' id='word_1_610' title='bbox 3261 4369 3324 4424; x_wconf 85' lang='lat' dir='ltr'><strong>V.</strong></span> <span class='ocrx_word' id='word_1_611' title='bbox 3378 4368 3460 4425; x_wconf 91' lang='lat' dir='ltr'><strong>Cl.</strong></span> <span class='ocrx_word' id='word_1_612' title='bbox 3509 4366 3820 4424; x_wconf 84' lang='lat' dir='ltr'><strong>consulibus</strong></span> 
     </span>
    </p>
   </div>
   <div class='ocr_carea' id='block_1_87' title="bbox 464 4438 3819 4529">
    <p class='ocr_par' dir='ltr' id='par_1_87' title="bbox 464 4438 3819 4529">
     <span class='ocr_line' id='line_1_87' title="bbox 464 4438 3819 4529; baseline 0 -20"><span class='ocrx_word' id='word_1_613' title='bbox 464 4452 711 4509; x_wconf 89' lang='lat' dir='ltr'><strong>occissus</strong></span> <span class='ocrx_word' id='word_1_614' title='bbox 739 4456 858 4521; x_wconf 88' lang='lat' dir='ltr'><strong>est,</strong></span> <span class='ocrx_word' id='word_1_615' title='bbox 908 4452 996 4507; x_wconf 86' lang='lat' dir='ltr'><strong>vix</strong></span> <span class='ocrx_word' id='word_1_616' title='bbox 1032 4451 1248 4508; x_wconf 88' lang='lat' dir='ltr'><strong>fetbore</strong></span> <span class='ocrx_word' id='word_1_617' title='bbox 1289 4454 1572 4511; x_wconf 90' lang='lat' dir='ltr'><strong>cadaveris</strong></span> <span class='ocrx_word' id='word_1_618' title='bbox 1600 4460 1727 4526; x_wconf 91' lang='lat' dir='ltr'><strong>post</strong></span> <span class='ocrx_word' id='word_1_619' title='bbox 1753 4456 1967 4529; x_wconf 88' lang='lat' dir='ltr'><strong>aliquot</strong></span> <span class='ocrx_word' id='word_1_620' title='bbox 1986 4438 2285 4529; x_wconf 83' lang='lat' dir='ltr'><strong>diesD(ef.</strong></span> <span class='ocrx_word' id='word_1_621' title='bbox 2319 4454 2410 4511; x_wconf 84' lang='lat' dir='ltr'><strong>lib.</strong></span> <span class='ocrx_word' id='word_1_622' title='bbox 2457 4455 2649 4527; x_wconf 82' lang='lat' dir='ltr'><strong>pont.).</strong></span> <span class='ocrx_word' id='word_1_623' title='bbox 2698 4456 2861 4513; x_wconf 88' lang='lat' dir='ltr'><strong>Gaius</strong></span> <span class='ocrx_word' id='word_1_624' title='bbox 2898 4458 2957 4513; x_wconf 91' lang='lat' dir='ltr'><strong>in</strong></span> <span class='ocrx_word' id='word_1_625' title='bbox 2991 4457 3094 4514; x_wconf 90' lang='lat' dir='ltr'><strong>hac</strong></span> <span class='ocrx_word' id='word_1_626' title='bbox 3140 4458 3377 4529; x_wconf 90' lang='lat' dir='ltr'><strong>epistola</strong></span> <span class='ocrx_word' id='word_1_627' title='bbox 3417 4458 3725 4526; x_wconf 84' lang='lat' dir='ltr'><strong>constituit,</strong></span> <span class='ocrx_word' id='word_1_628' title='bbox 3768 4461 3819 4512; x_wconf 87' lang='lat' dir='ltr'><strong>ut</strong></span> 
     </span>
    </p>
   </div>
   <div class='ocr_carea' id='block_1_88' title="bbox 462 4541 2106 4615">
    <p class='ocr_par' dir='ltr' id='par_1_88' title="bbox 462 4541 2106 4615">
     <span class='ocr_line' id='line_1_88' title="bbox 462 4541 2106 4615; baseline 0.005 -17"><span class='ocrx_word' id='word_1_629' title='bbox 462 4542 672 4599; x_wconf 89' lang='lat' dir='ltr'><strong>scelere</strong></span> <span class='ocrx_word' id='word_1_630' title='bbox 726 4546 1029 4612; x_wconf 87' lang='lat' dir='ltr'><strong>comperto.</strong></span> <span class='ocrx_word' id='word_1_631' title='bbox 1085 4541 1268 4614; x_wconf 66' lang='grc' dir='ltr'><strong>(ΠΕΟ.)</strong></span> <span class='ocrx_word' id='word_1_632' title='bbox 1318 4545 1491 4600; x_wconf 87' lang='lat' dir='ltr'><strong>Rome</strong></span> <span class='ocrx_word' id='word_1_633' title='bbox 1537 4547 1683 4615; x_wconf 90' lang='lat' dir='ltr'><strong>passi</strong></span> <span class='ocrx_word' id='word_1_634' title='bbox 1729 4546 2012 4605; x_wconf 88' lang='lat' dir='ltr'><strong>Crisantus</strong></span> <span class='ocrx_word' id='word_1_635' title='bbox 2050 4555 2106 4606; x_wconf 90' lang='lat' dir='ltr'><strong>et</strong></span> 
     </span>
    </p>
   </div>
   <div class='ocr_carea' id='block_1_89' title="bbox 462 4631 2107 4699">
    <p class='ocr_par' dir='ltr' id='par_1_89' title="bbox 462 4631 2107 4699">
     <span class='ocr_line' id='line_1_89' title="bbox 462 4631 2107 4699; baseline 0.007 -13"><span class='ocrx_word' id='word_1_636' title='bbox 462 4632 645 4699; x_wconf 82' lang='lat' dir='ltr'><strong>Daris,</strong></span> <span class='ocrx_word' id='word_1_637' title='bbox 672 4631 932 4687; x_wconf 90' lang='lat' dir='ltr'><strong>Claudius</strong></span> <span class='ocrx_word' id='word_1_638' title='bbox 960 4645 1084 4687; x_wconf 90' lang='lat' dir='ltr'><strong>cum</strong></span> <span class='ocrx_word' id='word_1_639' title='bbox 1115 4645 1285 4689; x_wconf 87' lang='lat' dir='ltr'><strong>uxore</strong></span> <span class='ocrx_word' id='word_1_640' title='bbox 1331 4633 1539 4691; x_wconf 88' lang='lat' dir='ltr'><strong>Hilaria</strong></span> <span class='ocrx_word' id='word_1_641' title='bbox 1568 4644 1624 4692; x_wconf 90' lang='lat' dir='ltr'><strong>et</strong></span> <span class='ocrx_word' id='word_1_642' title='bbox 1652 4635 1779 4693; x_wconf 88' lang='lat' dir='ltr'><strong>ﬁliis</strong></span> <span class='ocrx_word' id='word_1_643' title='bbox 1823 4640 2021 4696; x_wconf 82' lang='lat' dir='ltr'><strong>Jasone</strong></span> <span class='ocrx_word' id='word_1_644' title='bbox 2051 4647 2107 4697; x_wconf 90' lang='lat' dir='ltr'><strong>et</strong></span> 
     </span>
    </p>
   </div>
   <div class='ocr_carea' id='block_1_90' title="bbox 464 4720 2108 4797">
    <p class='ocr_par' dir='ltr' id='par_1_90' title="bbox 464 4720 2108 4797">
     <span class='ocr_line' id='line_1_90' title="bbox 464 4720 2108 4797; baseline 0.006 -20"><span class='ocrx_word' id='word_1_645' title='bbox 464 4722 670 4789; x_wconf 84' lang='lat' dir='ltr'><strong>Mauro,</strong></span> <span class='ocrx_word' id='word_1_646' title='bbox 704 4726 759 4777; x_wconf 91' lang='lat' dir='ltr'><strong>et</strong></span> <span class='ocrx_word' id='word_1_647' title='bbox 781 4722 853 4775; x_wconf 92' lang='lat'><strong>70</strong></span> <span class='ocrx_word' id='word_1_648' title='bbox 881 4720 1081 4778; x_wconf 89' lang='lat' dir='ltr'><strong>milites</strong></span> <span class='ocrx_word' id='word_1_649' title='bbox 1128 4726 1185 4778; x_wconf 89' lang='lat' dir='ltr'><strong>et</strong></span> <span class='ocrx_word' id='word_1_650' title='bbox 1231 4723 1465 4795; x_wconf 90' lang='lat' dir='ltr'><strong>reliqua.</strong></span> <span class='ocrx_word' id='word_1_651' title='bbox 1502 4726 1700 4797; x_wconf 64' lang='lat' dir='ltr'><strong>(liram)</strong></span> <span class='ocrx_word' id='word_1_652' title='bbox 1740 4728 1837 4784; x_wconf 84' lang='lat' dir='ltr'><strong>His</strong></span> <span class='ocrx_word' id='word_1_653' title='bbox 1866 4729 2108 4787; x_wconf 87' lang='lat' dir='ltr'><strong>consuli-</strong></span> 
     </span>
    </p>
   </div>
   <div class='ocr_carea' id='block_1_91' title="bbox 464 4810 2102 4889">
    <p class='ocr_par' dir='ltr' id='par_1_91' title="bbox 464 4810 2102 4889">
     <span class='ocr_line' id='line_1_91' title="bbox 464 4810 2102 4889; baseline 0.007 -23"><span class='ocrx_word' id='word_1_654' title='bbox 464 4810 570 4867; x_wconf 89' lang='lat' dir='ltr'><strong>bus</strong></span> <span class='ocrx_word' id='word_1_655' title='bbox 605 4811 834 4867; x_wconf 89' lang='lat' dir='ltr'><strong>Carinus</strong></span> <span class='ocrx_word' id='word_1_656' title='bbox 879 4810 1055 4882; x_wconf 89' lang='lat' dir='ltr'><strong>prelio</strong></span> <span class='ocrx_word' id='word_1_657' title='bbox 1098 4812 1294 4881; x_wconf 87' lang='lat' dir='ltr'><strong>victus,</strong></span> <span class='ocrx_word' id='word_1_658' title='bbox 1336 4815 1479 4885; x_wconf 92' lang='lat' dir='ltr'><strong>apud</strong></span> <span class='ocrx_word' id='word_1_659' title='bbox 1520 4817 1760 4888; x_wconf 76' lang='lat' dir='ltr'><strong>Mergum</strong></span> <span class='ocrx_word' id='word_1_660' title='bbox 1807 4820 2102 4889; x_wconf 90' lang='lat' dir='ltr'><strong>occiditur,</strong></span> 
     </span>
    </p>
   </div>
   <div class='ocr_carea' id='block_1_92' title="bbox 465 4899 2101 4982">
    <p class='ocr_par' dir='ltr' id='par_1_92' title="bbox 465 4899 2101 4982">
     <span class='ocr_line' id='line_1_92' title="bbox 465 4899 2101 4982; baseline 0.005 -27"><span class='ocrx_word' id='word_1_661' title='bbox 465 4900 784 4971; x_wconf 80' lang='lat' dir='ltr'><strong>[Decretalis</strong></span> <span class='ocrx_word' id='word_1_662' title='bbox 812 4899 874 4931; x_wconf 74' lang='grc'><strong>²¹⁸</strong></span> <span class='ocrx_word' id='word_1_663' title='bbox 903 4901 1137 4970; x_wconf 88' lang='lat' dir='ltr'><strong>epistola</strong></span> <span class='ocrx_word' id='word_1_664' title='bbox 1176 4902 1293 4958; x_wconf 88' lang='lat' dir='ltr'><strong>Gaii</strong></span> <span class='ocrx_word' id='word_1_665' title='bbox 1336 4916 1495 4974; x_wconf 63' lang='lat' dir='ltr'><strong>papae</strong></span> <span class='ocrx_word' id='word_1_666' title='bbox 1519 4905 1579 4972; x_wconf 92' lang='lat'><strong>(1.</strong></span> <span class='ocrx_word' id='word_1_667' title='bbox 1612 4905 1675 4973; x_wconf 91' lang='lat'><strong>1.,</strong></span> <span class='ocrx_word' id='word_1_668' title='bbox 1709 4921 1764 4977; x_wconf 94' lang='lat' dir='ltr'><strong>p.</strong></span> <span class='ocrx_word' id='word_1_669' title='bbox 1796 4908 1903 4963; x_wconf 85' lang='lat'><strong>209</strong></span> <span class='ocrx_word' id='word_1_670' title='bbox 1940 4909 2101 4982; x_wconf 82' lang='grc'>(126)]</span> 
     </span>
    </p>
   </div>
   <div class='ocr_carea' id='block_1_93' title="bbox 462 4990 2102 5057">
    <p class='ocr_par' dir='ltr' id='par_1_93' title="bbox 462 4990 2102 5057">
     <span class='ocr_line' id='line_1_93' title="bbox 462 4990 2102 5057; baseline 0.007 -11"><span class='ocrx_word' id='word_1_671' title='bbox 462 4991 590 5046; x_wconf 90' lang='lat' dir='ltr'><strong>data</strong></span> <span class='ocrx_word' id='word_1_672' title='bbox 638 4990 758 5045; x_wconf 86' lang='lat' dir='ltr'><strong>Kal.</strong></span> <span class='ocrx_word' id='word_1_673' title='bbox 807 4991 985 5046; x_wconf 86' lang='lat' dir='ltr'><strong>Martii</strong></span> <span class='ocrx_word' id='word_1_674' title='bbox 1020 4990 1361 5049; x_wconf 91' lang='lat' dir='ltr'><strong>Diocletiano</strong></span> <span class='ocrx_word' id='word_1_675' title='bbox 1413 4993 1472 5052; x_wconf 88' lang='lat'><strong>2.</strong></span> <span class='ocrx_word' id='word_1_676' title='bbox 1532 5000 1587 5050; x_wconf 91' lang='lat' dir='ltr'><strong>et</strong></span> <span class='ocrx_word' id='word_1_677' title='bbox 1634 4996 1958 5055; x_wconf 85' lang='lat' dir='ltr'><strong>Maximiano</strong></span> <span class='ocrx_word' id='word_1_678' title='bbox 1995 5001 2102 5057; x_wconf 85' lang='lat' dir='ltr'><strong>VV.</strong></span> 
     </span>
    </p>
   </div>
   <div class='ocr_carea' id='block_1_94' title="bbox 2188 4547 3817 4621">
    <p class='ocr_par' dir='ltr' id='par_1_94' title="bbox 2188 4547 3817 4621">
     <span class='ocr_line' id='line_1_94' title="bbox 2188 4547 3817 4621; baseline -0.002 -15"><span class='ocrx_word' id='word_1_679' title='bbox 2188 4564 2288 4621; x_wconf 87' lang='lat' dir='ltr'><strong>per</strong></span> <span class='ocrx_word' id='word_1_680' title='bbox 2352 4562 2544 4605; x_wconf 91' lang='lat' dir='ltr'><strong>omnes</strong></span> <span class='ocrx_word' id='word_1_681' title='bbox 2587 4548 2792 4618; x_wconf 87' lang='lat' dir='ltr'><strong>gradus</strong></span> <span class='ocrx_word' id='word_1_682' title='bbox 2838 4547 3248 4617; x_wconf 70' lang='lat' dir='ltr'><strong>melesiasticos,</strong></span> <span class='ocrx_word' id='word_1_683' title='bbox 3281 4549 3338 4605; x_wconf 91' lang='lat' dir='ltr'><strong>id</strong></span> <span class='ocrx_word' id='word_1_684' title='bbox 3387 4555 3473 4606; x_wconf 90' lang='lat' dir='ltr'><strong>est</strong></span> <span class='ocrx_word' id='word_1_685' title='bbox 3531 4548 3817 4614; x_wconf 85' lang='lat' dir='ltr'><strong>acholitus,</strong></span> 
     </span>
    </p>
   </div>
   <div class='ocr_carea' id='block_1_95' title="bbox 2187 4638 3818 4709">
    <p class='ocr_par' dir='ltr' id='par_1_95' title="bbox 2187 4638 3818 4709">
     <span class='ocr_line' id='line_1_95' title="bbox 2187 4638 3818 4709; baseline 0.002 -12"><span class='ocrx_word' id='word_1_686' title='bbox 2187 4639 2507 4709; x_wconf 86' lang='lat' dir='ltr'><strong>hostiarius,</strong></span> <span class='ocrx_word' id='word_1_687' title='bbox 2538 4638 2733 4707; x_wconf 89' lang='lat' dir='ltr'><strong>lector,</strong></span> <span class='ocrx_word' id='word_1_688' title='bbox 2765 4639 3058 4709; x_wconf 82' lang='lat' dir='ltr'><strong>exorcista,</strong></span> <span class='ocrx_word' id='word_1_689' title='bbox 3102 4638 3496 4708; x_wconf 83' lang='lat' dir='ltr'><strong>subdiaconus,</strong></span> <span class='ocrx_word' id='word_1_690' title='bbox 3542 4639 3818 4701; x_wconf 80' lang='lat' dir='ltr'><strong>diaconus.</strong></span> 
     </span>
    </p>
   </div>
   <div class='ocr_carea' id='block_1_96' title="bbox 2189 4728 3821 4803">
    <p class='ocr_par' dir='ltr' id='par_1_96' title="bbox 2189 4728 3821 4803">
     <span class='ocr_line' id='line_1_96' title="bbox 2189 4728 3821 4803; baseline -0.001 -16"><span class='ocrx_word' id='word_1_691' title='bbox 2189 4731 2482 4803; x_wconf 88' lang='lat' dir='ltr'><strong>presbiter,</strong></span> <span class='ocrx_word' id='word_1_692' title='bbox 2566 4728 2802 4800; x_wconf 89' lang='lat' dir='ltr'><strong>primum</strong></span> <span class='ocrx_word' id='word_1_693' title='bbox 2862 4729 3206 4801; x_wconf 89' lang='lat' dir='ltr'><strong>ascenderet,</strong></span> <span class='ocrx_word' id='word_1_694' title='bbox 3271 4731 3318 4786; x_wconf 90' lang='lat' dir='ltr'><strong>si</strong></span> <span class='ocrx_word' id='word_1_695' title='bbox 3361 4731 3487 4802; x_wconf 87' lang='lat' dir='ltr'><strong>quis</strong></span> <span class='ocrx_word' id='word_1_696' title='bbox 3538 4732 3821 4802; x_wconf 79' lang='lat' dir='ltr'><strong>episcopus</strong></span> 
     </span>
    </p>
   </div>
   <div class='ocr_carea' id='block_1_97' title="bbox 2189 4818 3817 4893">
    <p class='ocr_par' dir='ltr' id='par_1_97' title="bbox 2189 4818 3817 4893">
     <span class='ocr_line' id='line_1_97' title="bbox 2189 4818 3817 4893; baseline -0.004 -16"><span class='ocrx_word' id='word_1_697' title='bbox 2189 4821 2365 4877; x_wconf 86' lang='lat' dir='ltr'><strong>ﬁeret.</strong></span> <span class='ocrx_word' id='word_1_698' title='bbox 2410 4820 2527 4893; x_wconf 84' lang='lat' dir='ltr'><strong>(An.</strong></span> <span class='ocrx_word' id='word_1_699' title='bbox 2571 4821 2758 4891; x_wconf 83' lang='lat' dir='ltr'><strong>Mart.)</strong></span> <span class='ocrx_word' id='word_1_700' title='bbox 2783 4819 2948 4877; x_wconf 88' lang='lat' dir='ltr'><strong>Gaius</strong></span> <span class='ocrx_word' id='word_1_701' title='bbox 2991 4834 3132 4892; x_wconf 90' lang='lat' dir='ltr'><strong>papa</strong></span> <span class='ocrx_word' id='word_1_702' title='bbox 3170 4833 3363 4892; x_wconf 89' lang='lat' dir='ltr'><strong>passus</strong></span> <span class='ocrx_word' id='word_1_703' title='bbox 3417 4820 3481 4875; x_wconf 93' lang='lat'><strong>10</strong></span> <span class='ocrx_word' id='word_1_704' title='bbox 3517 4820 3640 4876; x_wconf 85' lang='lat' dir='ltr'><strong>Kal.</strong></span> <span class='ocrx_word' id='word_1_705' title='bbox 3683 4818 3817 4883; x_wconf 83' lang='lat' dir='ltr'><strong>Maii,</strong></span> 
     </span>
    </p>
   </div>
   <div class='ocr_carea' id='block_1_98' title="bbox 2188 4910 3822 4983">
    <p class='ocr_par' dir='ltr' id='par_1_98' title="bbox 2188 4910 3822 4983">
     <span class='ocr_line' id='line_1_98' title="bbox 2188 4910 3822 4983; baseline -0.002 -15"><span class='ocrx_word' id='word_1_706' title='bbox 2188 4917 2245 4968; x_wconf 90' lang='lat' dir='ltr'><strong>et</strong></span> <span class='ocrx_word' id='word_1_707' title='bbox 2290 4911 2539 4983; x_wconf 89' lang='lat' dir='ltr'><strong>sepultus</strong></span> <span class='ocrx_word' id='word_1_708' title='bbox 2583 4911 2641 4967; x_wconf 91' lang='lat' dir='ltr'><strong>in</strong></span> <span class='ocrx_word' id='word_1_709' title='bbox 2677 4910 2949 4967; x_wconf 88' lang='lat' dir='ltr'><strong>cimiterio</strong></span> <span class='ocrx_word' id='word_1_710' title='bbox 2996 4911 3185 4967; x_wconf 90' lang='lat' dir='ltr'><strong>Callsti</strong></span> <span class='ocrx_word' id='word_1_711' title='bbox 3246 4910 3591 4983; x_wconf 84' lang='lat' dir='ltr'><strong>[prescriptis</strong></span> <span class='ocrx_word' id='word_1_712' title='bbox 3638 4921 3822 4968; x_wconf 82' lang='lat' dir='ltr'><strong>consu-</strong></span> 
     </span>
    </p>
   </div>
   <div class='ocr_carea' id='block_1_99' title="bbox 2189 5001 3652 5077">
    <p class='ocr_par' dir='ltr' id='par_1_99' title="bbox 2189 5001 3652 5077">
     <span class='ocr_line' id='line_1_99' title="bbox 2189 5001 3652 5077; baseline 0.001 -19"><span class='ocrx_word' id='word_1_713' title='bbox 2189 5003 2355 5070; x_wconf 90' lang='lat' dir='ltr'><strong>libus,</strong></span> <span class='ocrx_word' id='word_1_714' title='bbox 2387 5003 2443 5059; x_wconf 92' lang='lat' dir='ltr'><strong>id</strong></span> <span class='ocrx_word' id='word_1_715' title='bbox 2491 5007 2575 5058; x_wconf 88' lang='lat' dir='ltr'><strong>est</strong></span> <span class='ocrx_word' id='word_1_716' title='bbox 2612 5001 2952 5058; x_wconf 90' lang='lat' dir='ltr'><strong>Diocletiano</strong></span> <span class='ocrx_word' id='word_1_717' title='bbox 2990 5001 3050 5060; x_wconf 87' lang='lat'><strong>5.</strong></span> <span class='ocrx_word' id='word_1_718' title='bbox 3098 5007 3154 5059; x_wconf 88' lang='lat' dir='ltr'><strong>et</strong></span> <span class='ocrx_word' id='word_1_719' title='bbox 3190 5003 3513 5060; x_wconf 88' lang='lat' dir='ltr'><strong>Constantio</strong></span> <span class='ocrx_word' id='word_1_720' title='bbox 3549 5002 3652 5077; x_wconf 84' lang='lat'><strong>2.].</strong></span> 
     </span>
    </p>
   </div>
   <div class='ocr_carea' id='block_1_100' title="bbox 2260 5090 3189 5164">
    <p class='ocr_par' dir='ltr' id='par_1_100' title="bbox 2260 5090 3189 5164">
     <span class='ocr_line' id='line_1_100' title="bbox 2260 5090 3189 5164; baseline -0.001 -14"><span class='ocrx_word' id='word_1_721' title='bbox 2260 5091 2601 5150; x_wconf 83' lang='lat' dir='ltr'><strong>Marcellinus</strong></span> <span class='ocrx_word' id='word_1_722' title='bbox 2647 5090 2738 5147; x_wconf 85' lang='lat'><strong>27.</strong></span> <span class='ocrx_word' id='word_1_723' title='bbox 2764 5106 2909 5164; x_wconf 84' lang='lat' dir='ltr'><strong>papa</strong></span> <span class='ocrx_word' id='word_1_724' title='bbox 2945 5092 3097 5148; x_wconf 83' lang='lat' dir='ltr'><strong>annis</strong></span> <span class='ocrx_word' id='word_1_725' title='bbox 3133 5091 3189 5149; x_wconf 89' lang='lat'><strong>8.</strong></span> 
     </span>
    </p>
   </div>
   <div class='ocr_carea' id='block_1_101' title="bbox 1826 5212 2472 5275">
    <p class='ocr_par' dir='ltr' id='par_1_101' title="bbox 1826 5212 2472 5275">
     <span class='ocr_line' id='line_1_101' title="bbox 1826 5212 2472 5275; baseline 0.008 -7"><span class='ocrx_word' id='word_1_726' title='bbox 1826 5212 2049 5271; x_wconf 72' lang='lat' dir='ltr'><strong>VARUE</strong></span> <span class='ocrx_word' id='word_1_727' title='bbox 2087 5217 2472 5275; x_wconf 83' lang='lat' dir='ltr'><strong>LECTIONES.</strong></span> 
     </span>
    </p>
   </div>
   <div class='ocr_carea' id='block_1_102' title="bbox 467 5302 3822 5433">
    <p class='ocr_par' dir='ltr' id='par_1_102' title="bbox 467 5302 3822 5433">
     <span class='ocr_line' id='line_1_102' title="bbox 538 5302 3822 5433; baseline 0.003 -72"><span class='ocrx_word' id='word_1_728' title='bbox 538 5303 1092 5433; x_wconf 54' lang='lat' dir='ltr'><strong>&quot;°ininfe1‘i01&#39;i£lii</strong></span> <span class='ocrx_word' id='word_1_729' title='bbox 1128 5302 1247 5389; x_wconf 78' lang='lat'><strong>127.</strong></span> <span class='ocrx_word' id='word_1_730' title='bbox 1288 5306 1521 5377; x_wconf 83' lang='lat' dir='ltr'><strong>margine</strong></span> <span class='ocrx_word' id='word_1_731' title='bbox 1568 5304 1681 5366; x_wconf 86' lang='lat' dir='ltr'><strong>sine</strong></span> <span class='ocrx_word' id='word_1_732' title='bbox 1729 5308 1855 5367; x_wconf 87' lang='lat' dir='ltr'><strong>anni</strong></span> <span class='ocrx_word' id='word_1_733' title='bbox 1898 5314 2220 5373; x_wconf 84' lang='lat' dir='ltr'><strong>indicatione</strong></span> <span class='ocrx_word' id='word_1_734' title='bbox 2264 5317 2464 5390; x_wconf 84' lang='lat' dir='ltr'><strong>scripta</strong></span> <span class='ocrx_word' id='word_1_735' title='bbox 2502 5322 2641 5374; x_wconf 88' lang='lat' dir='ltr'><strong>sunt.</strong></span> <span class='ocrx_word' id='word_1_736' title='bbox 2719 5316 2783 5350; x_wconf 77' lang='grc'><strong>²¹⁹</strong></span> <span class='ocrx_word' id='word_1_737' title='bbox 2814 5316 2926 5389; x_wconf 83' lang='lat' dir='ltr'><strong>lege</strong></span> <span class='ocrx_word' id='word_1_738' title='bbox 2954 5318 3265 5377; x_wconf 89' lang='lat' dir='ltr'><strong>Carausius.</strong></span> <span class='ocrx_word' id='word_1_739' title='bbox 3344 5319 3406 5351; x_wconf 78' lang='grc'><strong>²²⁰</strong></span> <span class='ocrx_word' id='word_1_740' title='bbox 3444 5319 3744 5376; x_wconf 90' lang='lat' dir='ltr'><strong>constatius</strong></span> <span class='ocrx_word' id='word_1_741' title='bbox 3775 5316 3822 5371; x_wconf 92' lang='lat' dir='ltr'><strong>l.</strong></span> 
     </span>
     <span class='ocr_line' id='line_1_103' title="bbox 467 5377 2094 5433; baseline 0.001 -1"><span class='ocrx_word' id='word_1_742' title='bbox 467 5379 526 5409; x_wconf 77' lang='lat'>”‘</span> <span class='ocrx_word' id='word_1_743' title='bbox 560 5378 667 5433; x_wconf 75' lang='lat' dir='ltr'><strong>lucc</strong></span> <span class='ocrx_word' id='word_1_744' title='bbox 696 5394 808 5433; x_wconf 88' lang='lat' dir='ltr'><strong>cum</strong></span> <span class='ocrx_word' id='word_1_745' title='bbox 838 5394 893 5433; x_wconf 81' lang='grc' dir='ltr'><strong>α.</strong></span> <span class='ocrx_word' id='word_1_746' title='bbox 923 5377 958 5432; x_wconf 88' lang='grc'>3</span> <span class='ocrx_word' id='word_1_747' title='bbox 997 5379 1050 5433; x_wconf 73' lang='grc'><strong>’⁷.</strong></span> <span class='ocrx_word' id='word_1_748' title='bbox 1083 5381 1443 5433; x_wconf 85' lang='lat' dir='ltr'><strong>conmnaenda</strong></span> <span class='ocrx_word' id='word_1_749' title='bbox 1468 5386 1606 5433; x_wconf 88' lang='lat' dir='ltr'><strong>sunt.</strong></span> <span class='ocrx_word' id='word_1_750' title='bbox 1685 5383 1747 5413; x_wconf 82' lang='grc'>²²¹</span> <span class='ocrx_word' id='word_1_751' title='bbox 1777 5384 1983 5433; x_wconf 81' lang='lat' dir='ltr'><strong>hustris</strong></span> <span class='ocrx_word' id='word_1_752' title='bbox 2018 5386 2038 5433; x_wconf 91' lang='lat'><strong>1</strong></span> <span class='ocrx_word' id='word_1_753' title='bbox 2071 5393 2094 5433; x_wconf 68' lang='grc' dir='ltr'><strong>ν</strong></span> 
     </span>
    </p>
   </div>
   <div class='ocr_carea' id='block_1_103' title="bbox 1083 5379 2094 5450">
    <p class='ocr_par' dir='ltr' id='par_1_103' title="bbox 1083 5379 2094 5450">
     <span class='ocr_line' id='line_1_104' title="bbox 1083 5379 2094 5450; baseline 0.011 -18"><span class='ocrx_word' id='word_1_754' title='bbox 1083 5379 1443 5450; x_wconf 81' lang='lat' dir='ltr'><strong>conjungenda</strong></span> <span class='ocrx_word' id='word_1_755' title='bbox 1468 5386 1606 5437; x_wconf 88' lang='lat' dir='ltr'><strong>sunt.</strong></span> <span class='ocrx_word' id='word_1_756' title='bbox 1685 5383 1747 5413; x_wconf 84' lang='grc'>²²¹</span> <span class='ocrx_word' id='word_1_757' title='bbox 1776 5384 1983 5442; x_wconf 87' lang='lat' dir='ltr'><strong>bustris</strong></span> <span class='ocrx_word' id='word_1_758' title='bbox 2018 5386 2039 5440; x_wconf 89' lang='lat'><strong>1</strong></span> <span class='ocrx_word' id='word_1_759' title='bbox 2071 5393 2094 5443; x_wconf 86' lang='lat'><strong>?</strong></span> 
     </span>
    </p>
   </div>
   <div class='ocr_carea' id='block_1_104' title="bbox 2031 5515 2247 5570">
    <p class='ocr_par' dir='ltr' id='par_1_104' title="bbox 2031 5515 2247 5570">
     <span class='ocr_line' id='line_1_105' title="bbox 2031 5515 2247 5570; baseline 0.005 -1"><span class='ocrx_word' id='word_1_760' title='bbox 2031 5515 2247 5570; x_wconf 71' lang='lat' dir='ltr'><strong>NOTAE.</strong></span> 
     </span>
    </p>
   </div>
   <div class='ocr_carea' id='block_1_105' title="bbox 543 5601 2326 5682">
    <p class='ocr_par' dir='ltr' id='par_1_105' title="bbox 543 5601 2326 5682">
     <span class='ocr_line' id='line_1_106' title="bbox 543 5601 2326 5682; baseline 0.007 -28"><span class='ocrx_word' id='word_1_761' title='bbox 543 5601 702 5673; x_wconf 86' lang='lat'><strong>(126)</strong></span> <span class='ocrx_word' id='word_1_762' title='bbox 738 5604 810 5656; x_wconf 91' lang='lat' dir='ltr'><strong>De</strong></span> <span class='ocrx_word' id='word_1_763' title='bbox 842 5603 1032 5659; x_wconf 90' lang='lat' dir='ltr'><strong>eadem</strong></span> <span class='ocrx_word' id='word_1_764' title='bbox 1069 5618 1251 5661; x_wconf 90' lang='lat' dir='ltr'><strong>sermo</strong></span> <span class='ocrx_word' id='word_1_765' title='bbox 1281 5610 1364 5662; x_wconf 89' lang='lat' dir='ltr'><strong>est</strong></span> <span class='ocrx_word' id='word_1_766' title='bbox 1395 5622 1519 5677; x_wconf 84' lang='lat' dir='ltr'><strong>quae</strong></span> <span class='ocrx_word' id='word_1_767' title='bbox 1550 5609 1757 5667; x_wconf 90' lang='lat' dir='ltr'><strong>rectius</strong></span> <span class='ocrx_word' id='word_1_768' title='bbox 1787 5624 1837 5666; x_wconf 92' lang='lat' dir='ltr'><strong>a.</strong></span> <span class='ocrx_word' id='word_1_769' title='bbox 1869 5609 1996 5682; x_wconf 89' lang='lat'><strong>309,</strong></span> <span class='ocrx_word' id='word_1_770' title='bbox 2028 5608 2326 5671; x_wconf 85' lang='lat' dir='ltr'><strong>indicatur.</strong></span> 
     </span>
    </p>
   </div>
  </div>
