4000 6158
159 400 256 459 693

1407 401 1816 465 CHRONICON.
1858 434 1930 448 --
1966 406 2094 463 LIB.
2136 406 2228 461 III.

3398 408 3508 466 694

214 524 331 584 310.
392 522 477 582 10.
540 522 877 594 [CCLXXXVIII]
941 522 1148 595 (Ηιειι.)
1205 527 1432 584 Faustus
1468 532 1521 584 et
1559 528 1763 587 Gallus.
1784 535 2048 596 Aeorum
2102 531 2293 589 Narsei
2333 532 2587 602 conjuge,
2635 529 2941 598 sororibus,
2988 529 3203 600 liberis,
3253 535 3309 589 et
3355 534 3508 591 omni

156 616 348 677 Primus
369 611 744 671 Diocletianus
772 613 993 671 adorari
1040 629 1099 672 se
1148 619 1209 671 ut
1251 617 1423 673 Deum
1474 618 1660 689 jussit,
1720 626 1776 679 et

153 718 371 780 gemmas
398 704 644 762 vestibus
671 702 1169 776 calceamentisque
1207 706 1398 763 inseri.

212 795 327 851 311.
379 794 464 851 11.
533 795 828 866 [ccuxxrx]
902 794 1116 867 (Ηιιςιι.)
1185 796 1540 854 Diocletianus
1602 801 1658 857 6.
1726 805 1775 857 et

151 886 492 947 Maximinum
517 885 572 941 6.
614 887 746 941 Cum
777 885 842 917 ³³³
870 890 997 941 ante
1028 900 1153 942 eum
1192 900 1385 943 omnes
1412 888 1775 960 imperatores

150 979 202 1035 in
219 977 432 1034 modum
466 975 715 1046 judicum
745 974 1137 1044 salutarentur,
1159 982 1216 1033 et
1245 977 1534 1036 clamidem
1563 985 1775 1037 tantum

150 1080 462 1139 purpuream
499 1080 532 1121 a
569 1064 781 1135 privato
810 1065 1001 1121 habitu
1030 1065 1155 1136 plus
1178 1066 1466 1125 haberent.
1504 1070 1617 1139 [His
1645 1084 1777 1127 con-

145 1157 344 1213 sulibus
370 1155 720 1212 Marcellinus
760 1169 899 1226 papa
927 1156 1195 1212 successit
1222 1156 1276 1212 3.
1305 1157 1424 1213 Kal.
1456 1158 1629 1230 Julii.]

208 1246 329 1302 312.
402 1246 487 1299 12.
561 1245 730 1315 [ccxc]
799 1244 887 1316 (cf.
954 1247 1144 1317 BEDA.)
1210 1248 1541 1304 Constantius
1603 1247 1658 1305 3.
1728 1254 1779 1306 et

144 1337 400 1395 Maximus
433 1335 489 1391 3.
527 1335 640 1405 [His
676 1335 1129 1406 persecutoribus
1164 1336 1311 1392 intra
1346 1336 1419 1391 30
1466 1338 1587 1394 dies
1631 1337 1777 1393 7000

144 1426 279 1497 passi
300 1424 471 1494 sunt.]

206 1512 327 1571 313.
402 1512 490 1568 13.
564 1514 756 1585 [ροισι]
828 1515 1026 1586 (liram)
1097 1516 1333 1573 Titianus
1397 1520 1448 1574 et
1513 1519 1776 1590 Nepotia-

141 1620 246 1661 nus.
294 1604 629 1661 Alexandria
677 1618 801 1661 cum
850 1606 1001 1661 omni
1049 1608 1279 1678 IEgypto
1329 1622 1429 1678 per
1472 1608 1778 1665 Achilleum

143 1694 324 1752 ducem
354 1696 423 1728 ἰδ
462 1708 494 1750 a
532 1696 777 1752 Romana
837 1698 1111 1766 potestate
1170 1696 1484 1766 discedens,
1522 1697 1577 1766 8,
1621 1699 1778 1755 obsi-

141 1785 316 1841 dionis
343 1797 534 1842 mense
564 1794 595 1840 a
624 1785 965 1842 Diocletiano
995 1792 1154 1856 capta
1192 1793 1296 1842 est.

202 1873 325 1930 314.
410 1873 495 1931 14.
588 1874 801 1945 [ccxcn]

141 1965 401 2021 Maximus
428 1964 483 2020 4.
517 1966 706 2034 itaque
736 1964 957 2035 plurimi
988 1977 1089 2034 per
1115 1968 1286 2021 totam
1322 1967 1612 2037 Egyptum
1650 1980 1781 2037 gra-

139 2051 287 2108 vibus
344 2053 850 2124 proscriptionibus
901 2052 1169 2124 exilisque
1224 2055 1423 2123 vexati,
1474 2054 1782 2111 interfectis

139 2144 226 2212 qui
255 2149 516 2200 auctores
555 2143 952 2214 perduellionis
990 2144 1303 2200 extiterant.

197 2231 325 2289 315.
368 2233 452 2290 15.
489 2234 719 2305 [ccxcm]
760 2232 975 2305 (HIER.)
1008 2232 1364 2290 Diocletianus
1398 2236 1455 2289 7.
1505 2239 1554 2290 et
1592 2235 1781 2291 Mami-

132 2322 335 2379 mianus
382 2322 441 2378 7.
508 2322 759 2379 AEcIesiae
806 2322 1292 2379 Hierosolimarum
1343 2324 1434 2380 37.
1494 2324 1784 2381 ordinatur

128 2412 435 2482 episcopus
479 2411 707 2466 Zabdas.
758 2413 890 2467 Post
934 2411 997 2464 10
1044 2424 1217 2467 annos
1265 2425 1364 2481 per
1409 2413 1783 2483 Asclepiotum

125 2502 445 2570 prefectum
475 2500 720 2569 pretorio
740 2498 1023 2555 Brittania:
1043 2505 1304 2569 receptae.
1331 2503 1491 2558 Juxta
1511 2503 1785 2573 Lingonas

117 2603 147 2645 a
188 2589 567 2647 Constantino
596 2602 784 2646 cesare
810 2588 1233 2647 Alamannorum
1261 2604 1405 2646 cesa.

414 2732 544 2804 [Cod
571 2734 627 2788 in
654 2748 823 2803 marg.
850 2755 866 2787 :
898 2734 1118 2790 Decima
1146 2734 1502 2805 persecutio.)

190 2857 323 2913 316.
407 2858 489 2913 16.
565 2859 792 2929 [δαισιν]
872 2860 1066 2931 (NIHIL)
1124 2859 1482 2917 Diocletianus
1562 2860 1597 2913 8
1630 2904 1644 2927 ,
1738 2866 1787 2916 et

130 2948 501 3007 Maximianus
525 2948 581 3005 8.
612 2949 861 3005 Galerius
890 2949 1266 3018 Maximianus,
1288 2951 1468 3007 victus
1496 2964 1526 3006 a
1554 2952 1781 3018 Narseo,

130 3047 251 3097 aute
319 3043 649 3110 carpentum
722 3039 1048 3096 Diocletiani
1115 3046 1451 3111 purpuratus
1515 3040 1780 3095 cucurrit.

1858 623 2029 694 preda
2056 637 2163 693 qua
2203 621 2432 677 Parthos
2459 620 2852 691 spoliaverunt.
2901 622 3068 678 Terre
3116 625 3270 678 motu
3318 622 3505 680 horri-

1856 713 1954 768 bili
2000 712 2146 783 apud
2194 712 2377 767 Tirum
2427 716 2482 767 et
2537 712 2795 767 Sidonem
2844 711 3013 767 multa
3061 725 3233 783 opera
3277 725 3504 769 corrue-

1855 808 1986 859 runt
2024 808 2078 858 et
2127 801 2364 873 populus
2401 800 2819 858 innumerabilis
2865 813 3183 871 oppressus.
3243 800 3309 855 19
3356 815 3502 859 anno

1855 892 2203 959 Diocletiani,
2236 905 2421 947 mense
2451 892 2665 959 Martio,
2716 892 2774 947 in
2822 891 3020 947 diebus
3062 890 3303 963 paschae,
3345 892 3504 948 secie-

1854 983 1953 1039 sim
1982 981 2259 1037 subversae
2289 986 2454 1049 sunt;
2497 985 2694 1051 quarto
2742 986 2926 1037 autem
2972 994 3118 1037 anno
3166 982 3505 1052 persecutio-

1854 1071 1942 1127 nis
1969 1071 2360 1127 Constantinus
2389 1084 2619 1141 regnare
2650 1084 2830 1127 orsus.

1926 1159 2053 1217 320.
2086 1159 2177 1216 20.
2206 1160 2476 1231 [ccxcvru]
2507 1159 2721 1232 (Ηιιςῃ.)
2748 1160 3104 1244 Diocletianus
3135 1160 3218 1216 10.
3253 1166 3302 1217 et
3333 1163 3504 1219 Maxi-

1855 1264 1969 1305 mus
2017 1250 2075 1305 7.
2118 1250 2214 1306 His
2269 1250 2609 1318 consulibus,
2652 1250 2980 1307 Cassiodoro
3038 1255 3201 1318 teste,
3261 1252 3507 1308 secundo

1860 1340 2262 1409 persecutionis
2316 1352 2461 1395 anno
2516 1340 2892 1397 Diocletianus
2935 1341 3297 1410 Nicomediae,
3347 1341 3510 1397 Maxi-

1860 1428 2074 1485 mianus
2109 1429 2422 1497 Mediolani,
2454 1443 2754 1500 purpuram
2791 1430 3220 1500 depossuerunt.

1932 1521 2281 1575 Romanorum
2329 1518 2422 1572 41.
2480 1518 2725 1575 Galerius
2784 1519 3111 1576 Maximinus
3176 1534 3313 1575 anno
3380 1535 3507 1586 uno,

1860 1607 1957 1663 hoc
1984 1613 2061 1663 est
2089 1622 2265 1679 usque
2296 1607 2415 1664 Kal.
2455 1608 2605 1677 Julii,
2646 1608 2704 1664 in
2751 1621 2896 1665 anno
2944 1608 3072 1677 288,
3124 1613 3252 1680 post
3298 1610 3508 1681 passio-

1860 1710 2009 1754 nem.

1932 1788 2233 1845 Decretalis
2264 1787 2533 1858 epistola:
2579 1806 2607 1839 «
2639 1787 2926 1843 Marcellus
2963 1801 3104 1858 papa
3133 1786 3511 1843 dilectissimis

899 1874 1102 1946 (Ηιειι.)
1181 1877 1514 1932 Constantius
1593 1877 1648 1932 4.
1725 1873 2123 1934 ethratribus
2179 1878 2453 1935 universis
2506 1878 2784 1948 episcopis
2844 1892 2945 1948 per
2992 1877 3340 1934 Antiochiam
3380 1892 3513 1935 con-

1864 1969 2073 2025 stitutis
2109 1969 2361 2037 salutem,
2396 1984 2425 2020 ))
2468 1973 2524 2025 et
2551 1968 2766 2039 reliqua
2809 1967 2915 2039 (ep.
2962 1967 3010 2037 1,
3063 1982 3118 2038 p.
3167 1967 3333 2035 221);
3384 1968 3513 2024 data

1864 2059 1983 2114 Kal.
2014 2059 2217 2129 Aprilis
2245 2060 2519 2115 Maxentio
2549 2063 2605 2114 et
2633 2058 2958 2114 Maximiano
2986 2059 3050 2113 V.
3072 2058 3133 2114 C.
3166 2056 3509 2114 consulibus.

1863 2148 1980 2205 Alia
2028 2149 2366 2214 ,decretalis:
2421 2169 2447 2198 ‹‹
2499 2146 2788 2203 Marcellus
2835 2148 3131 2217 episcopus
3179 2151 3384 2204 sancta:
3423 2162 3514 2203 ca-

1864 2237 2088 2293 tholicae
2127 2243 2183 2293 et
2212 2236 2535 2307 apostolicae
2576 2235 2811 2291 aaclesite
2841 2236 2997 2290 urbis
3036 2238 3225 2292 Romae
3276 2236 3515 2292 Maxien-

1867 2326 1965 2394 tio,
2001 2346 2028 2379 »
2061 2330 2118 2383 et
2146 2326 2359 2397 reliqua
2390 2324 2512 2398 (Ep.
2544 2324 2600 2392 2,
2633 2338 2688 2394 p.
2721 2322 2842 2394 223)
2871 2328 2963 2391 ;et
2994 2330 3156 2394 post:
3185 2342 3213 2375 «
3242 2325 3322 2379 Tu
3360 2339 3513 2395 ergo,

1867 2417 1962 2487 qui
2000 2416 2200 2473 suades
2238 2416 2445 2473 cultum
2485 2414 2765 2471 dimittere
2799 2413 3045 2469 divinum
3076 2418 3131 2469 et
3160 2427 3192 2469 a
3229 2418 3380 2470 recta
3408 2414 3516 2469 ﬁde

1867 2507 2130 2563 recedere
2168 2505 2386 2577 diisque
2425 2503 2732 2569 immolare,
2781 2521 2811 2557 »
2858 2508 2914 2559 et
2962 2503 3216 2575 reliqua;
3259 2504 3386 2560 data
3428 2502 3514 2558 16.

1870 2595 1987 2651 Kal.
2042 2595 2328 2651 Februarii
2365 2593 2638 2650 Maxentio
2687 2597 2743 2649 et
2789 2592 3081 2649 Maximino
3128 2594 3189 2649 ν.
3240 2592 3321 2650 Cl.
3376 2605 3516 2649 con-

1869 2684 2083 2739 sulibus
2151 2683 2266 2754 (An.
2334 2683 2546 2753 Mart).
2596 2682 2908 2752 Marcellus,
2960 2682 3190 2753 jubente
3222 2682 3513 2740 Maximino

1868 2775 2222 2844 imperatore,
2264 2773 2442 2842 primo
2488 2770 2726 2827 fustibus
2774 2785 2964 2827 cessus
3021 2778 3077 2827 et
3123 2786 3155 2826 a
3206 2772 3345 2827 facie
3394 2772 3515 2842 ejus

1869 2863 2150 2933 expulsus.
2182 2861 2391 2918 Deinde
2429 2861 2662 2917 audiens
2710 2860 2859 2931 quod
2890 2860 3112 2916 domum
3159 2864 3363 2916 sanctae
3412 2863 3515 2917 Lu-

1867 2953 2028 3020 cium,
2089 2965 2253 3022 quam
2308 2952 2427 3021 ipse
2478 2950 2887 3020 proscriptione
2935 2950 3304 3017 damnaverat,
3356 2949 3515 3007 zecle-

1865 3040 2001 3097 siam
2040 3039 2248 3097 faceret
2287 3045 2342 3096 et
2389 3040 2447 3095 in
2498 3053 2562 3095 ea
2608 3039 2803 3095 missas
2849 3039 3175 3106 celebraret,
3225 3041 3283 3095 in
3335 3040 3515 3097 media

136 3128 226 3203 (cf.
260 3127 332 3185 lib
368 3129 541 3203 poni.)
593 3129 850 3185 Veturius
886 3129 1145 3201 magister
1191 3130 1404 3186 militiae
1448 3125 1781 3185 christianos
1810 3200 1819 3203 ι
1867 3130 2085 3189 civitate
2109 3131 2276 3202 jussit
2312 3130 2370 3185 in
2400 3130 2593 3186 eadem
2624 3127 2825 3185 eclesia
2855 3128 3067 3202 planias
3104 3130 3276 3186 sterni
3306 3130 3373 3185 ad
3404 3130 3519 3187 ani-

132 3200 327 3277 milites
368 3200 755 3291 persequitur,
823 3218 1083 3289 paulatim
1122 3233 1189 3274 ex
1234 3218 1331 3274 illo
1375 3219 1487 3289 jam
1531 3200 2029 3287 temporecmalia
2067 3200 2327 3288 catabuli,
2370 3225 2426 3276 et
2456 3218 2704 3291 ejusdem
2733 3218 2797 3250 ⁸¹⁵
2834 3200 3037 3275 stabuli
3087 3221 3408 3291 episcopum
3448 3221 3518 3277 ad

131 3308 520 3378 persecutione
569 3308 858 3364 adversum
908 3322 1010 3366 nos
1060 3308 1383 3379 incipiente,
1432 3308 1534 3379 [his
1572 3321 1779 3363 consu-

132 3398 284 3470 libus]
326 3398 687 3456 Marcellinus
725 3412 865 3469 papa
894 3398 962 3454 ad
1001 3397 1420 3455 sacriﬁcandum
1458 3397 1659 3454 ductus
1688 3413 1783 3454 sa-

131 3488 424 3556 criﬁcavit;
501 3488 599 3544 sed
666 3493 858 3557 postea
923 3487 1248 3559 poenitentia
1313 3487 1532 3555 ductus,
1602 3488 1781 3557 capite

130 3582 409 3635 truncatus
442 3581 531 3634 est
566 3577 622 3644 6,
666 3577 784 3632 Kal.
817 3577 941 3632 Maii
991 3579 1106 3647 (An.
1156 3575 1342 3648 Mart.)
1391 3590 1516 3632 cum
1553 3575 1781 3631 Claudio

130 3669 179 3720 et
205 3667 437 3734 Quirino
470 3671 634 3737 atque
663 3667 965 3734 Antonino,
999 3671 1054 3721 et
1084 3665 1336 3735 sepultus
1364 3672 1448 3720 est
1486 3670 1614 3735 post
1660 3664 1782 3720 dies

128 3754 192 3809 35
224 3756 280 3813 in
310 3756 604 3825 cubiculo,
634 3758 721 3813 via
760 3754 987 3825 Salaria,
1019 3768 1051 3811 a
1076 3753 1333 3811 Marcello
1371 3759 1696 3826 prespetero
1727 3760 1782 3810 et

132 3843 460 3904 diaconibus
490 3859 613 3902 cum
651 3846 837 3903 imnis.

193 3936 490 3994 Marcellus
513 3951 658 4009 papa
684 3934 776 3990 28.
809 3939 931 4008 post
958 3936 1167 3991 Petrum
1204 3933 1355 3989 annis
1392 3931 1446 3990 5.

193 4023 315 4084 317.
363 4028 463 4084 1'7.
516 4026 723 4097 [ccxcv]
780 4025 985 4097 (1111211.)
1044 4024 1375 4082 Constantius
1430 4021 1485 4079 5.
1545 4026 1595 4078 et
1648 4024 1777 4080 Ma-

131 4114 290 4172 rimus
334 4117 393 4177 5.
440 4115 693 4173 Galerius
740 4116 1114 4183 Maximianus,
1155 4122 1415 4186 superato
1454 4114 1681 4181 Narseo,
1724 4119 1779 4170 et

133 4206 387 4264 uxoribus
440 4220 511 4263 ac
558 4205 750 4262 liberis
786 4204 1182 4276 sororibusque
1212 4205 1333 4275 ejus
1362 4203 1558 4273 captis,
1591 4201 1775 4258 aDio-

136 4292 359 4354 cletiano
411 4295 635 4368 ingenti
687 4297 899 4352 honore
936 4294 1257 4365 suscipitur.
1301 4294 1549 4349 Thcrma:
1588 4294 1777 4349 Romae

133 4378 486 4444 Diocletianum
523 4385 683 4442 facta:
713 4390 768 4442 et
797 4383 1133 4441 Maximinum
1164 4384 1460 4455 Cartagini.

193 4473 445 4533 318.18.
505 4475 734 4548 [ccxcvr]
796 4474 992 4547 (liram)
1042 4474 1373 4531 Constantius
1413 4472 1468 4527 6.
1520 4472 1779 4529 61111αωί-

131 4578 231 4620 mus
284 4565 341 4623 6.
401 4565 648 4623 :Eclisiae
714 4563 1202 4621 Ilierosolimarum
1261 4561 1351 4617 38.
1418 4562 1776 4617 constituitur

132 4651 417 4713 Thermon.
453 4655 762 4712 Antiochiae
805 4654 888 4711 19.
921 4652 1125 4726 prefuit
1158 4653 1453 4723 episcopus
1481 4651 1773 4707 Tirannus.

132 4743 513 4803 Alexandrinae
546 4745 815 4802 aecclesize
848 4744 933 4801 16.
990 4750 1116 4815 post
1152 4742 1430 4799 Theonam
1480 4741 1776 4813 episcopus

133 4834 416 4893 ordinatur
481 4837 705 4904 Petrus,
767 4835 861 4906 qui
919 4840 1112 4905 postea
1166 4847 1315 4890 nono
1373 4830 1777 4903 persecutionis

132 4936 266 4981 anno
294 4926 702 4998 gloriosissime
733 4924 1036 4980 martirium
1067 4924 1423 4995 perpetravit.

134 5011 270 5083 iCod.
300 5016 359 5071 in
388 5030 593 5086 marg.:
625 5019 827 5087 Aperta
856 5015 1167 5086 persecutio
1198 5027 1298 5084 per
1344 5011 1582 5068 edictum
1621 5011 1770 5084 (Pri-

194 5118 315 5162 mus
354 5120 536 5162 annus
564 5103 966 5177 persecutionis
992 5102 1319 5160 Diocletiani
1348 5100 1626 5173 tyranni).]

194 5192 321 5251 319.
359 5194 451 5253 19.
505 5196 755 5268 [ccxcvu]
797 5193 1007 5267 (illam)
1050 5191 1409 5249 Diocletianus
1456 5193 1510 5249 9.
1553 5198 1601 5249 et
1639 5194 1773 5250 Con-

129 5284 365 5341 stantius.
398 5284 776 5343 Diocletianus
814 5290 869 5342 et
897 5283 1250 5339 Maximianus
1294 5283 1512 5355 augusti
1570 5282 1773 5355 insigni

132 5385 325 5446 pompa
382 5376 575 5433 Romae
632 5372 1005 5443 triumi‘arunt,
1055 5372 1512 5430 antecedentibus
1551 5386 1773 5430 currum

1862 3312 2156 3369 servitium
2185 3308 2470 3382 deputavit
2499 3325 2623 3367 cum
2654 3309 2905 3366 custodia
2944 3309 3185 3379 publica,
3215 3310 3307 3364 ubi
3356 3312 3521 3365 etiam

1863 3406 1989 3473 post
2017 3402 2221 3457 multos
2250 3399 2542 3456 serviendo
2596 3399 2822 3453 indutus
2866 3397 3073 3464 cilicio,
3104 3398 3244 3453 obiit
3278 3395 3361 3452 17.
3396 3397 3517 3453 Kal.

1862 3489 2171 3557 Februarii,
2235 3494 2290 3543 et
2348 3487 2608 3543 conditus
2663 3485 3001 3541 aromatibus
3039 3498 3070 3539 a
3106 3483 3355 3539 Iohanne
3395 3497 3523 3552 pre-

1861 3579 2072 3633 sbitero
2104 3583 2160 3633 et
2189 3576 2351 3632 beata
2379 3574 2609 3643 Lucina,
2660 3573 2912 3645 sepultus
2960 3577 3045 3629 est
3089 3573 3177 3628 via
3215 3570 3423 3626 Salaria
3463 3571 3520 3626 in

1862 3666 2135 3724 cimiterio
2164 3666 2456 3722 Priscillae.

1932 3755 2192 3817 Eusebius
2248 3755 2339 3811 28.
2391 3769 2533 3827 papa
2564 3757 2687 3827 post
2723 3755 2933 3810 Petrum
2971 3751 3263 3819 ordinatur,
3304 3750 3391 3823 qui
3436 3765 3518 3806 se-

1862 3847 1937 3904 dit
1966 3844 2226 3903 mensibus
2251 3845 2284 3898 8
2318 3844 2475 3917 [obiit
2503 3843 2557 3900 6.
2589 3846 2733 3900 Non.
2765 3841 3038 3913 0ctobr.].

1934 3937 2113 4008 (Ριιῖα.)
2147 3936 2257 3992 Sub
2287 3935 2451 4007 hujus
2476 3940 2725 4005 tempore
2765 3933 2988 3989 inventa
3018 3937 3103 3989 est
3132 3947 3269 3989 crux
3297 3932 3515 3990 Domini

1858 4028 1961 4085 sub
2026 4025 2372 4093 Constantio,
2440 4028 2597 4096 patre
2661 4018 3010 4080 Constantini
3071 4024 3284 4095 Magni,
3344 4028 3403 4079 ut
3456 4022 3515 4078 in

1858 4118 2028 4190 gestis
2104 4114 2425 4187 pontiﬁcum
2498 4115 2872 4171 Romanorum
2944 4114 3022 4169 ita
3085 4112 3323 4169 habetur
3392 4111 3512 4185 (lib.

1850 4206 2071 4279 pont.):
2119 4226 2144 4255 «
2186 4206 2296 4261 Sub
2328 4204 2416 4260 his
2443 4204 2790 4274 temporibus
2843 4202 3063 4259 inventa
3114 4208 3199 4258 est
3237 4216 3371 4258 crux
3408 4202 3514 4257 Do-

1858 4298 1992 4353 mini
2032 4296 2087 4351 5.
2120 4297 2242 4353 Non
2282 4295 2428 4364 Maii,
2461 4300 2518 4351 et
2544 4293 2852 4364 baptizatus
2882 4296 2966 4347 est
3002 4291 3170 4347 ludas
3199 4290 3293 4362 qui
3334 4295 3389 4346 et
3423 4291 3515 4345 Ci-

1856 4386 2038 4442 riacus
2077 4384 2298 4441 dicitur.
2336 4403 2364 4436 »

1932 4472 2239 4531 Mazlciadcs
2289 4487 2435 4544 papa
2480 4471 2570 4526 30.
2622 4472 2745 4543 post
2809 4469 3018 4524 Petrum
3085 4467 3361 4523 ordinatur
3424 4468 3514 4537 qui

1788 4530 1996 4619 Dsedit
2025 4562 2176 4617 annis
2214 4561 2269 4616 4.
2289 4530 2411 4616 ‘Iste
2443 4530 2689 4615 decrevit
2728 4561 2788 4613 ut
2834 4556 2924 4612 die
2970 4554 3249 4612 dominico
3296 4554 3382 4611 vel
3422 4530 3510 4610 ie-

1857 4653 1939 4709 ria
1965 4653 2020 4707 2.
2062 4650 2247 4707 nullus
2297 4648 2478 4705 ﬁdelis
2521 4649 2757 4718 jejunet,
2799 4646 3059 4717 quoniam
3107 4645 3210 4701 hos
3258 4644 3378 4702 dies
3415 4659 3511 4717 pa-

1858 4742 1983 4815 gani
2014 4742 2171 4813 quasi
2196 4740 2409 4812 jejunio
2450 4752 2607 4795 sacro
2648 4737 2949 4793 celebrant.

1927 4831 2053 4887 321.
2107 4832 2157 4886 1.
2225 4828 2454 4901 [ccxcrx]
2509 4828 2717 4898 (Beas)
2764 4826 3035 4885 Maximus
3084 4830 3133 4881 et
3170 4826 3396 4883 Severus
3446 4826 3503 4881 V.

1859 4924 1917 4980 Ο.
1956 4920 2142 4977 Tertio
2199 4916 2611 4990 persequtionis
2667 4927 2833 4981 anno,
2890 4928 3000 4986 quo
3057 4921 3112 4971 et
3154 4914 3506 4972 Constantius

1856 5011 2089 5069 Eburaci
2120 5008 2277 5076 obiit,
2322 5008 2644 5063 Maximinus
2692 5011 2747 5062 et
2795 5006 3028 5061 Severus
3074 5018 3106 5060 a
3143 5003 3358 5061 Galerio
3397 5005 3506 5060 Ma-

1852 5101 2093 5158 ximiano
2131 5100 2464 5170 imperatore
2514 5109 2760 5153 cessares
2809 5093 2939 5151 facti
2988 5098 3155 5162 sunt;
3199 5109 3265 5150 ex
3304 5094 3506 5164 quibus

1855 5190 2176 5249 Maximinus
2233 5186 2500 5244 maleﬁcia
2568 5190 2623 5241 et
2674 5190 2865 5256 stupra
2923 5197 3021 5240 sua
3078 5182 3505 5239 Christianorum

1857 5277 2343 5353 pcrsequtionibus
2417 5273 2745 5331 accumulat.
2816 5275 3013 5329 Passus
3087 5277 3171 5328 est
3245 5286 3308 5329 ea
3370 5277 3507 5328 tem-

1857 5374 2068 5443 pestate
2098 5370 2295 5424 Petrus
2332 5363 2679 5422 Alexandria:
2727 5361 3023 5433 episcopus
3080 5373 3203 5416 cum
3255 5359 3507 5431 pluribus

1484 5526 1706 5582 VARle
1762 5525 1930 5582 LECT
1934 5523 2044 5579 ΙοΝ
2050 5521 2149 5577 ES.

193 5652 257 5686 ²¹³
278 5670 401 5711 cum
433 5671 493 5713 α.
521 5654 649 5714 310.
672 5652 1030 5726 coniungenda
1055 5658 1197 5712 sunt.
1283 5652 1347 5684 m
1374 5653 1428 5707 in
1457 5654 1603 5707 textu
1630 5650 1817 5719 legitur
1842 5652 1889 5707 X
1911 5671 1925 5719 ;
1948 5646 2359 5720 suprascriptum
2387 5644 2464 5703 est
2492 5657 2649 5701 manu
2671 5640 2957 5700 recentiore
2986 5640 3199 5700 ducem.
3277 5642 3340 5675 ²²⁸
3361 5643 3505 5714 ejus-

121 5723 239 5783 dum
276 5725 327 5783 1.
