4000 6158
481 371 590 427 695

1893 372 2180 426 MARIANI
2219 370 2444 425 SCOTTI

3757 366 3856 418 696

483 499 700 570 Egypti
750 498 1046 569 episcopis,
1088 497 1358 552 Lucianus
1405 509 1626 566 quoque
1676 496 1760 553 vir
1806 497 2008 554 nobilis
2063 498 2502 567 etApcstquam
2552 509 2651 566 per
2687 508 2861 551 annos
2923 492 2988 548 10
3016 493 3164 549 omni
3204 505 3405 563 genere
3443 491 3730 548 hominum
3772 507 3856 548 ex-

487 589 845 645 continentim
896 594 951 642 et
1002 586 1315 641 eruditione
1370 585 1618 640 moribus
1667 586 1988 656 precipuus,
2027 590 2137 642 An-

489 677 783 733 tiochenus
847 676 1122 745 presbiter
1181 679 1237 729 et
1291 673 1608 729 Timotheus
1661 675 1834 729 Rome
1895 673 1980 729 lO.
2032 676 2136 730 Ka-

490 765 641 822 lend.
682 764 788 820 Jul.
832 765 1020 833 (Onos.
1065 778 1162 828 vn,
1203 760 1315 831 25.)
1374 763 1590 817 Interea
1645 761 2023 818 Diocletianus
2079 765 2134 818 in

489 856 732 920 Oriente,
775 853 1128 908 Maximianus
1165 850 1455 907 Herculius
1503 851 1559 906 in
1598 851 1895 908 Occidente
1933 853 2134 908 vastari

492 943 775 1009 :eclesias,
842 940 1007 1011 afﬂigi
1077 938 1424 1010 interﬁcique
1480 940 1849 1008 christianos,
1919 941 2132 997 decimo

491 1036 616 1100 post
653 1033 923 1085 Neronem
981 1029 1127 1094 loco,
1189 1035 1576 1098 preceperunt.
1634 1030 1765 1096 Quae
1822 1029 2133 1098 persecutio

491 1119 744 1174 omnibus
782 1116 896 1173 fere
935 1117 1073 1172 actis
1103 1117 1167 1147 ’³⁸
1205 1116 1520 1172 diuturnior
1566 1121 1622 1172 et
1660 1117 1950 1172 immanior
1987 1116 2129 1185 fuit;

488 1221 610 1262 nam
650 1221 750 1276 per
793 1205 858 1260 10
904 1220 1079 1262 annos
1136 1206 1408 1261 incendiis
1465 1205 1825 1269 melesiarum,
1885 1206 2132 1276 proscri-

488 1297 772 1367 ptionibus
817 1297 1217 1364 innocentium,
1258 1296 1489 1352 cedihus
1544 1295 1826 1351 martirum
1891 1297 2131 1350 incessa-

488 1387 676 1441 biliter
713 1392 833 1441 acta
883 1392 985 1441 est.
1044 1385 1297 1440 Secundo
1366 1385 1768 1455 persecutionis
1823 1398 1968 1439 anno
2007 1385 2134 1440 Dio-

489 1475 758 1531 cletianus
831 1475 900 1530 ab
959 1475 1130 1530 invito
1171 1475 1352 1544 exegit
1416 1473 1760 1540 Maximiano,
1837 1480 1898 1529 ut
1971 1474 2132 1528 simul

489 1578 786 1634 purpuram
844 1564 1243 1634 imperiumque
1301 1563 1661 1633 deponerent,
1704 1577 1768 1618 ac
1819 1563 2134 1632 junioribus

491 1655 545 1708 in
604 1667 717 1708 rem
767 1653 1040 1723 puplicam
1097 1652 1428 1719 substitutis,
1489 1651 1594 1720 ipsi
1652 1653 1708 1706 in
1765 1652 1976 1721 privato
2016 1653 2130 1709 otio

491 1749 972 1796 consenescercnt.
1006 1740 1215 1812 (Benx.)
1259 1743 1448 1810 Itaque
1495 1741 1596 1796 sub
1636 1755 1742 1796 una
1781 1741 1870 1796 die
1910 1741 2132 1796 Diocle-

2220 585 2405 640 hausit
2449 585 2780 655 provincias,
2842 582 3136 653 putrifacto
3189 582 3487 637 introrsum
3544 586 3771 651 pectore
3808 589 3853 637 et

2218 675 2476 730 vitalibus
2540 674 2817 740 disolutis,
2887 687 3010 729 cum
3068 671 3212 727 ultra
3265 671 3553 727 horrorem
3612 670 3852 727 humane

2218 764 2484 819 misseria:
2552 764 2713 819 etiam
2753 777 2965 818 vermes
3031 765 3392 826 eructaverat,
3436 773 3618 828 neque
3667 758 3854 813 medici

2219 852 2362 907 ultra
2395 855 2507 922 jam
2555 851 2785 908 fetorem
2841 850 3081 907 ferentes
3135 849 3332 905 crebro
3386 849 3512 916 jusu
3552 848 3675 916 ejus
3712 847 3852 901 occi-

2218 942 2502 1008 derentur,
2543 946 2598 997 et
2636 956 2666 996 a
2714 940 2951 1011 quodam
2991 939 3208 995 medico
3257 938 3306 992 ei
3345 937 3551 992 dicitur
3598 936 3734 990 iram
3769 937 3852 991 Dei

2218 1045 2337 1085 esse
2370 1044 2564 1100 penam
2595 1044 2746 1086 suam
2785 1036 2840 1084 et
2879 1029 3005 1084 ideo
3058 1029 3377 1083 incuratus:
3420 1025 3621 1080 edictis
3670 1023 3854 1080 latissi-

2218 1119 2320 1174 mis
2350 1119 2680 1174 christianos
2707 1119 2776 1174 de
2803 1117 2960 1174 exilis
2998 1116 3310 1182 revocavit;
3360 1115 3478 1184 ipse
3526 1127 3658 1169 vero
3706 1113 3849 1168 obiit.

2216 1206 2609 1261 Constantinus
2640 1220 2830 1276 pacem
2853 1204 3103 1260 ecclesiis
3134 1209 3259 1273 post
3280 1203 3470 1258 decem
3499 1214 3679 1256 annos
3705 1214 3849 1269 quam

2217 1309 2249 1349 a
2288 1295 2738 1364 persecutoribus
2802 1294 3143 1349 vexabantur
3199 1291 3450 1348 indulsit.
3492 1290 3699 1345 Deinde
3739 1297 3850 1344 orto

2217 1382 2363 1439 bello
2395 1383 2574 1438 civille
2614 1383 2759 1438 inter
2787 1382 3204 1438 Constantinum
3235 1387 3290 1435 et
3327 1379 3674 1444 Maxentium,
3714 1376 3853 1446 apud

2219 1479 2442 1542 pontem
2509 1471 2765 1528 Mulvium
2804 1473 2980 1527 victus
3040 1470 3344 1525 Maxentius
3400 1468 3697 1524 occiditur.
3737 1467 3853 1522 Ilaec

2215 1562 2460 1617 Orosius.
2501 1563 2642 1618 Anni
2690 1567 2872 1616 autem
2920 1558 3325 1630 persecutionis
3380 1563 3510 1612 sunt
3565 1555 3850 1610 secundum

2216 1651 2494 1707 cronicam
2548 1651 2768 1707 Eusebii
2827 1657 2882 1706 et
2945 1650 3147 1706 Bedam
3205 1662 3379 1718 usque
3443 1646 3514 1702 ad
3553 1659 3754 1700 annum
3801 1645 3849 1698 7.

2215 1742 2598 1797 Constantini:
2643 1742 2748 1798 hoc
2788 1747 2872 1796 est
2919 1753 3095 1795 annus
3141 1737 3223 1794 19.
3273 1744 3328 1792 et
3377 1735 3468 1791 20.
3518 1734 3849 1800 Diocletiani,

492 1831 674 1886 tianus
728 1831 1065 1897 Nicomedia,
1131 1831 1484 1886 Maximianus
1540 1830 1831 1886 Mediolani
1892 1835 2404 1900 potesta-Bannus
2449 1831 2627 1886 Galeri
2667 1838 2722 1886 et
2777 1831 2832 1884 6.
2875 1828 3258 1895 Constantini;
3316 1826 3541 1881 tertium
3598 1824 3744 1880 enim
3777 1834 3854 1878 an‘

492 1928 604 1975 tem
643 1920 859 1990 imperii
890 1920 1161 1990 simulque
1193 1920 1399 1976 cultum
1430 1920 1853 1989 depossuerunt.
1886 1921 2139 1977 Secundo

493 2009 898 2078 persecutionis
961 2022 1105 2064 anno
1164 2009 1537 2064 Diocletianus
1593 2009 1932 2075 Nicomedia,
1975 2009 2140 2064 Maxi-

494 2097 708 2152 mianus
764 2096 1054 2152 Mediolani
1122 2111 1418 2168 purpuram
1487 2097 1910 2166 depossuerunt.
1973 2097 2136 2152 Beda.

493 2191 744 2240 Attamen
775 2193 934 2256 cepta
964 2185 1133 2241 semel
1174 2187 1486 2255 persecutio
1527 2200 1701 2256 usque
1741 2186 1810 2241 ad
1849 2187 2138 2256 septimum

493 2275 841 2332 Constantini
897 2289 1099 2330 annum
1156 2273 1366 2330 fervere
1423 2289 1535 2331 non
1575 2282 1773 2331 cessat.
1815 2276 2042 2331 Orosius
2079 2275 2141 2306 "7

498 2365 564 2436 (l.
597 2364 707 2435 1.):
751 2364 996 2420 Galerius
1034 2371 1089 2420 et
1127 2366 1480 2420 Constantius
1507 2365 1722 2435 augusti
1753 2365 1988 2434 primum
2025 2366 2140 2420 Ro-

497 2467 782 2509 manorum
830 2454 1120 2523 imperium
1159 2455 1306 2509 inter
1351 2469 1410 2509 se
1467 2454 1838 2509 divisserunt:
1896 2453 2144 2509 Galerius

497 2543 854 2598 Maximianus
892 2543 1155 2608 lliricum,
1196 2541 1406 2598 Assiam
1454 2549 1508 2598 et
1537 2542 1836 2599 Orientem.
1879 2544 2146 2598 Constan-

497 2632 608 2686 tius
655 2631 884 2698 ltaliam,
915 2631 1166 2686 Aﬁ‘ricam
1207 2637 1263 2686 et
1319 2631 1518 2687 Gallias
1557 2633 1816 2688 obtinuit.
1859 2632 1964 2689 Sed
2004 2634 2146 2688 Con-

497 2721 733 2777 stantius
797 2722 881 2776 vir
944 2720 1431 2790 tranquillissimus
1476 2721 1648 2776 Gallia
1696 2727 1905 2777 tantum
1954 2722 2148 2792 Ilispa-

500 2811 700 2880 niaque
759 2815 1074 2877 contentus,
1133 2809 1348 2866 Galerio
1405 2811 1624 2866 caeteris
1671 2811 1920 2880 partibus
1958 2810 2145 2865 cessit.

497 2899 744 2955 Galerius
799 2899 940 2954 duos
1005 2912 1250 2954 cessares
1318 2898 1506 2969 elegit,
1562 2900 1850 2953 Maximum
1889 2912 2051 2968 quem
2091 2899 2148 2952 in

498 2988 721 3042 Oriente
762 2987 1070 3049 constituit,
1102 2990 1156 3040 et
1193 2987 1473 3052 Severum,
1508 2986 1596 3041 cui
1628 2986 1876 3055 permisit
1905 2986 2144 3054 Italiam;

2223 1933 2350 1974 num
2404 1919 2828 1989 persecutionis,
2886 1933 2996 1988 quo
3057 1926 3112 1973 et
3148 1915 3500 1972 Constantius
3539 1920 3698 1983 pater
3732 1915 3852 1968 Con-

2223 2009 2448 2064 stantini
2488 2009 2720 2064 Eboraci
2761 2008 2919 2074 obiit,
2957 2007 3102 2062 Beda
3140 2010 3421 2075 computat
3469 2005 3616 2058 inter
3658 2001 3851 2057 Diocle-

2223 2099 2428 2154 tianum
2496 2105 2552 2154 et
2615 2097 3031 2154 Constantinum
3064 2139 3078 2163 ,
3146 2100 3399 2165 quartum
3474 2106 3598 2148 vero
3664 2101 3852 2146 annum

2225 2187 2630 2256 persecutionis
2659 2187 2760 2242 sub
2798 2185 3014 2241 Galerio
3048 2191 3102 2240 et
3147 2185 3349 2240 Severo
3400 2190 3457 2238 et
3495 2181 3761 2237 Maxentio
3805 2181 3850 2234 in

2225 2278 2416 2341 Roma,
2485 2277 2845 2332 Constantino
2902 2275 3123 2330 interim
3174 2274 3232 2328 in
3285 2272 3457 2328 Gallia
3524 2273 3847 2340 imperante,

2226 2380 2348 2421 cum
2382 2365 2715 2436 precedente
2751 2365 2916 2420 tertio
2955 2377 3100 2419 anno
3151 2360 3556 2433 persecutionis
3600 2359 3852 2415 lssidorus

2227 2456 2523 2525 episcopus
2585 2454 2799 2510 Galerio
2867 2453 3221 2523 computavit.
3283 2450 3460 2522 (1150.)
3500 2451 3667 2505 Rome
3724 2447 3850 2518 passi

2226 2545 2390 2599 Gaius
2446 2549 2500 2599 et
2557 2543 2842 2599 Marcellus
2899 2556 3058 2612 papa,
3119 2541 3364 2596 Ciriacus
3420 2539 3710 2604 diaconus,
3746 2538 3851 2591 Lar-

2227 2648 2348 2704 gus,
2417 2633 2766 2703 Smaragdus,
2833 2633 3201 2702 Apronianus,
3254 2629 3450 2700 Papias
3505 2637 3563 2684 et
3617 2629 3847 2691 Maurus,

2228 2722 2466 2777 Claudus
2495 2728 2550 2778 et
2587 2722 2934 2792 Propedigna
2985 2735 3110 2776 cum
3160 2718 3307 2785 filiis,
3356 2718 3620 2773 Gabinius
3667 2715 3851 2786 presbi-

2231 2818 2335 2879 ter,
2368 2812 2640 2877 Castulus,
2691 2812 3030 2877 Pancratius,
3079 2809 3394 2865 Arthemius
3438 2821 3564 2863 cum
3611 2820 3775 2862 uxore
3808 2811 3852 2858 et

2232 2900 2362 2968 filia,
2404 2900 2776 2968 Sebastianus,
2818 2901 3030 2954 Marcus
3068 2903 3124 2953 et
3160 2896 3562 2963 Marcellianus,
3613 2893 3856 2950 Marcelli-

2233 3004 2336 3044 nus
2385 2990 2678 3060 presbiter,
2739 2991 2934 3044 Petrus
2989 2987 3260 3054 exorciza,
3319 2985 3748 3056 Trauquillinns,
3785 2983 3857 3038 Ni-

499 3075 618 3143 ipse
649 3075 704 3128 in
735 3073 939 3128 lllirico
978 3074 1330 3129 constitutus.
1373 3074 1555 3129 Beda:
1608 3076 1792 3131 Tertio
1831 3088 1976 3130 anno
2016 3089 2152 3146 per—
2233 3085 2507 3135 costratus
2563 3093 2686 3134 cum
2743 3090 2915 3132 uxore
2973 3078 3101 3143 Zoe,
3168 3075 3383 3131 Primus
3429 3081 3484 3130 et
3531 3074 3852 3138 Felicianus,

500 3161 822 3226 secutionis,
864 3173 974 3230 quo
1013 3167 1068 3215 et
1097 3161 1448 3216 Constantius
1482 3160 1564 3216 16.
1608 3162 1694 3217 sui
1732 3176 1876 3218 anno
1915 3153 2216 3222 EboraciG
2239 3168 2497 3224 Claudius
2520 3211 2535 3236 ,
2602 3166 2882 3223 Castorius
2915 3208 2930 3232 ,
2997 3165 3312 3221 Victorinus
3343 3206 3358 3230 ,
3421 3162 3852 3232 Simpronianus,

501 3251 558 3306 in
615 3250 881 3304 Brittania
940 3249 1100 3316 obiit,
1140 3251 1403 3304 Maximus
1460 3256 1516 3306 et
1553 3252 1787 3308 Severus
1849 3267 1880 3307 a
1934 3253 2148 3310 Galerio
2235 3257 2556 3323 Basiliscus,
2625 3256 2914 3311 Faustinus
2971 3260 3025 3310 et
3088 3253 3324 3319 Beatrix,
3383 3251 3672 3308 Tiburtius
3736 3250 3855 3305 ﬁlius

500 3339 825 3395 Maximiano
881 3352 1101 3394 cesares
1135 3338 1266 3394 facti
1305 3346 1451 3394 sunt.
1493 3341 1757 3396 Orosius:
1800 3343 2152 3399 Constantius
2233 3345 2554 3411 Chromatii,
2621 3344 2956 3414 Simplicius,
3019 3344 3261 3398 Susanna
3317 3341 3494 3410 virgo,
3562 3341 3853 3405 Johannes,

497 3430 558 3485 in
591 3428 856 3485 Brittania
896 3427 1056 3493 obiit,
1107 3433 1163 3483 et
1221 3429 1640 3484 Constantinum
1679 3429 1872 3496 filium,
1913 3445 1980 3486 ex
2020 3446 2153 3488 con-
2234 3437 2477 3505 Crispus,
2517 3437 2814 3502 Ceneseus,
2855 3433 3005 3488 Felix
3036 3439 3090 3487 et
3121 3431 3398 3487 Audactus
3443 3430 3507 3461 ⁸³³
3555 3431 3738 3496 Lucia,
3780 3430 3856 3483 Ge-

495 3519 701 3576 cubina
738 3517 935 3572 Helina
973 3522 1238 3584 creatum,
1289 3517 1678 3587 imperatorem
1733 3519 2026 3575 Galliarum
2067 3535 2153 3576 re-
2235 3525 2527 3591 minianus,
2589 3524 2810 3594 Sergius
2867 3529 2922 3577 et
2970 3521 3201 3588 Bachus,
3251 3520 3648 3590 Chrisogonus,
3695 3522 3854 3574 Satur-

503 3608 668 3679 liquit
707 3613 826 3675 (vn,
883 3605 996 3672 28).
1052 3606 1412 3663 Constantino
1469 3621 1600 3662 vero
1657 3608 1712 3664 in
1767 3607 1934 3664 Gallis
1973 3614 2153 3666 stren-
2236 3615 2400 3669 ninus
2457 3619 2514 3668 et
2564 3611 2818 3678 Sisinius,
2878 3616 3116 3680 quatuor
3179 3610 3462 3676 Coronati,
3522 3608 3849 3670 Theodoms,

499 3698 766 3754 nuissime
840 3710 955 3751 rem
1031 3695 1306 3765 puplicam
1389 3703 1722 3766 procurante
1756 3740 1772 3764 ,
1849 3700 2151 3767 pretoriani
2236 3702 2558 3770 Pontianus,
2628 3703 2976 3756 Pretextatus
3033 3698 3096 3730 ²³⁰
3153 3704 3208 3754 et
3236 3699 3482 3764 Tharso;
3517 3698 3693 3764 (REG.)
3731 3695 3849 3765 apud

503 3789 706 3845 milites
762 3789 952 3844 Romae
1017 3787 1367 3854 Maxentium,
1425 3787 1596 3843 filium
1653 3789 1961 3844 Maximiani
2021 3793 2154 3846 Her-
2235 3791 2517 3862 Spoletum
2571 3791 2867 3861 Gregorius
2924 3789 3217 3858 presbiter,
3265 3789 3500 3843 Sabinus
3547 3788 3849 3858 episcopus,

500 3878 670 3945 culei,
703 3879 798 3947 qui
829 3877 1072 3947 privatus
1109 3878 1166 3931 in
1205 3877 1444 3932 Lucania
1483 3878 1821 3946 morabatur,
1862 3888 2152 3951 augustum
2237 3881 2672 3951 Exuperantivus
2723 3887 2779 3935 et
2829 3879 3118 3934 Marcellus
3173 3877 3433 3946 diaconi;
3489 3877 3636 3947 apud
3676 3874 3851 3930 insulas

504 3967 808 4022 nominant.
876 3964 1124 4020 Galerius
1205 3971 1470 4036 augustus
1547 3969 1806 4023 Severum
1881 3983 2153 4025 cessarem
2237 3971 2541 4028 Parmarias
2577 3969 2881 4036 Anastasia,
2932 3968 3268 4038 Pamphilius
3313 3967 3608 4038 presbiter,
3662 3962 3850 4021 Eusebii

504 4055 791 4111 adversum
839 4055 1165 4109 Maxentium
1211 4055 1439 4111 Romam
1487 4070 1610 4112 cum
1669 4058 1913 4114 exercitu
1955 4060 2150 4116 missit.
2236 4060 2573 4117 Cesariensis
2639 4059 2886 4129 episcopi
2942 4058 3306 4124 necessarius,
3366 4059 3526 4127 cujus
3571 4056 3725 4111 vitam
3753 4055 3850 4122 ipse

504 4147 738 4200 Severus
802 4157 926 4199 cum
992 4143 1184 4198 urbem
1249 4144 1554 4212 obsideret,
1632 4146 1864 4203 militum
1929 4161 2153 4204 suorum
2236 4151 2414 4206 tribus
2469 4148 2627 4204 libris
2682 4147 3134 4218 comprehendit;
3197 4145 3485 4202 Antiochia
3539 4145 3770 4200 Julianus
3809 4146 3855 4195 et

499 4234 714 4291 scelere
758 4233 1012 4288 desertus
1059 4239 1114 4288 et
1152 4233 1406 4302 proditus
1442 4241 1497 4289 et
1546 4249 1613 4290 ex
1659 4249 1726 4291 eo
1773 4235 2007 4306 fugiens,
2049 4238 2156 4293 Ra-
2237 4238 2530 4306 Basilissa;
2571 4239 2628 4292 in
2668 4237 2924 4308 Hispanis
2961 4236 3275 4291 civitatibus
3321 4237 3713 4305 Cesaraugusta
3747 4231 3853 4286 \‘in-

501 4338 679 4381 venne
745 4323 992 4379 occissus
1056 4322 1148 4377 sit.
1205 4323 1496 4378 Herculius
1560 4324 1914 4380 Maximianus
1971 4341 2154 4396 perse-
2237 4329 2452 4384 centius
2481 4327 2769 4392 diaconus,
2811 4327 2868 4380 in
2901 4325 3266 4380 Barchibonia
3311 4324 3370 4354 ²⁸¹
3422 4323 3635 4379 Eulalia
3678 4322 3849 4390 virgo,

507 4421 686 4481 cutor,
751 4427 818 4468 ex
881 4416 1112 4482 augusto
1165 4411 1436 4479 tirannus,
1493 4413 1872 4469 confirmatum
1905 4416 2019 4483 jam
2057 4417 2203 4484 im-_
2236 4413 2489 4481 Cucufas,
2530 4414 2677 4484 apud
2715 4411 3046 4468 Gerundiam
3104 4411 3290 4476 Felix;
3340 4411 3396 4465 in
3445 4410 3632 4466 Cumis
3674 4407 3854 4462 Julian:

505 4504 664 4576 perio
685 4503 854 4558 lilium
880 4507 1031 4556 veste
1061 4514 1125 4555 ac
1151 4506 1421 4571 potestate
1451 4503 1602 4572 regia
1630 4503 1869 4572 spoliare
1900 4482 2425 4576 conatus,Dvirgo;
2485 4482 2633 4573 apud
2684 4503 2868 4557 Tirum
2923 4500 3203 4567 Tirannio,
3253 4500 3523 4564 Silvanus,
3579 4499 3770 4553 Plenus
3791 4500 3856 4547 at-

505 4592 774 4650 conviciis
811 4597 992 4646 autem
1057 4605 1121 4645 ac
1160 4590 1487 4646 tumultibus
1538 4592 1772 4648 militum
1810 4594 1989 4663 palam
2027 4609 2159 4650 con—
2239 4609 2346 4665 que
2421 4594 2590 4648 Linus
2645 4591 2892 4662 episcopi
2959 4603 3080 4644 cum
3147 4589 3433 4643 innumera
3493 4585 3854 4646 multitudine;

504 4683 753 4750 territus,
812 4682 870 4736 in
925 4679 1149 4735 Galliam
1189 4677 1469 4750 profectus
1527 4687 1630 4748 est,
1685 4689 1744 4736 ut
1795 4684 2154 4742 Constantino
2237 4681 2382 4753 apud
2413 4681 2666 4737 Sirmium
2697 4680 2958 4746 Sirenus;
3000 4676 3318 4732 Nicomedia
3349 4681 3541 4732 Petrus
3586 4682 3640 4730 et
3688 4672 3856 4729 Luci:-

504 4785 714 4842 genero
752 4784 853 4826 suo
884 4783 1026 4840 eque
1064 4768 1209 4824 dolis
1248 4771 1494 4838 junctus,
1539 4769 1780 4826 auferret
1827 4773 2152 4842 imperium;
2240 4787 2343 4828 nus
2370 4771 2433 4802 ²³¹
2463 4769 2738 4840 presbiter
2782 4768 3137 4831 Antiocenus,
3188 4764 3438 4820 Antimus
3467 4764 3758 4833 episcopus
3785 4759 3855 4822 ⁸³³,

505 4862 604 4918 sed
646 4875 745 4931 per
782 4862 1033 4915 Faustam
1072 4857 1236 4914 filiam
1294 4858 1545 4915 detectus
1600 4868 1656 4916 et
1694 4861 1966 4930 proditus,
2008 4863 2155 4933 quod
2239 4860 2535 4918 Pantaleon
2567 4900 2583 4926 ,
2651 4857 2928 4913 Johannes
2989 4854 3260 4910 Adrianus
3292 4895 3307 4921 ,
3365 4853 3643 4909 Dortheus
3701 4849 3763 4880 ”‘
3816 4854 3859 4901 ει

507 4949 696 5006 dolum
761 4947 1120 5004 Constantino
1187 4948 1305 5003 viro
1362 4947 1426 4978 ³⁵³⁸
1479 4962 1580 5004 suo
1627 4957 1866 5018 pararet,
1907 4951 2158 5008 Massiliae
2238 4950 2584 5021 Gorgonius,
2650 4945 2997 5012 Eleuterius;
3055 4944 3266 4999 Smirne
3334 4942 3557 4998 civitate
3621 4941 3859 4996 Hineneus

507 5038 726 5110 fugiens
783 5037 1076 5095 occiditur.
1130 5036 1328 5109 (Hum)
1387 5038 1560 5093 Porro
1615 5037 1881 5105 Galerius,
1943 5042 2158 5098 occisso
2242 5041 2575 5110 episcopus;
2609 5037 2664 5091 in
2691 5035 2962 5090 Palestina
3001 5034 3219 5089 civitate
3263 5034 3398 5087 Gaza
3446 5030 3732 5095 Silvanus;
3776 5027 3860 5080 Me-

509 5121 732 5194 SeVero,
775 5127 1042 5183 Licinium
1080 5127 1470 5195 imperatorem
1518 5128 1744 5183 creavit.
1797 5130 1983 5192 (Onos.
2027 5130 2064 5186 l.
2098 5130 2158 5198 l.)
2243 5129 2479 5185 diolanis
2524 5126 2589 5157 ³³⁵
2638 5126 2863 5192 Victor;
2911 5123 3054 5193 apud
3104 5121 3347 5178 Iliricum
3403 5120 3681 5175 civitatem
3716 5113 3860 5172 Siscia

508 5220 754 5288 Cumque
786 5216 1227 5288 persecutionem
1275 5229 1308 5270 a
1353 5215 1692 5271 Diocletiano
1741 5225 1796 5272 et
1835 5219 2159 5276 Maximiano
2241 5219 2501 5287 Quirinus
2566 5215 2900 5285 episcopus;
2981 5212 3128 5282 apud
3194 5211 3458 5266 Tharsum
3537 5207 3858 5268 Bonifatius,

512 5309 731 5364 missam
797 5307 917 5377 ipse
977 5305 1260 5363 atrocibus
1323 5304 1520 5361 edictis
1581 5306 2032 5364 accumulavisset
2095 5323 2159 5365 ac
2241 5309 2388 5378 apud
2451 5306 2757 5376 Aquileiam
2822 5303 2973 5359 Felix
3029 5308 3084 5358 et
3148 5302 3525 5368 Fortunatus;
3581 5298 3721 5370 apud
3757 5292 3862 5350 Cili-

1905 5410 2128 5464 VARLE
2184 5407 2466 5466 LECTION
2472 5406 2572 5460 ES.

585 5505 651 5536 ³⁸⁸
686 5513 828 5581 ante
837 5507 982 5581 actis
1008 5507 1164 5581 oras.
1242 5505 1305 5581 ²ξ⁷
1347 5506 1692 5581 inﬂzqrgine
1716 5507 1782 5581 _1.
1848 5507 1922 5581 ξ²⁸
1959 5507 2038 5581 bis
2063 5510 2316 5581 scriptum
2347 5507 2395 5581 _1.
2471 5503 2535 5534 ”’
2561 5503 2846 5581 Adauctus
2883 5501 2942 5581 ἓ..
3003 5499 3079 5581 ι²³⁰
3111 5505 3429 5581 pretexatus
3461 5498 3524 5581 λε
3593 5491 3863 5581 "ﬁliani?!-

513 5577 757 5701 101]ιεῖῃῇΞὶ
760 5577 894 5702 n33;
919 5578 1223 5633 educianus
1275 5577 1345 5632 1?
1415 5577 1479 5610 ⁸³³
1515 5563 1589 5635 2Ϊ
1622 5577 1749 5634 add.
1784 5599 1800 5631 :
1845 5563 2132 5636 Ermolaus
2155 5563 2450 5651 presbiter
2495 5589 2618 5632 cum
2667 5574 2812 5630 aliis.
2887 5573 2953 5604 ’³³
2982 5563 3290 5628 dorotheus
3329 5570 3386 5625 2.
3461 5570 3526 5601 ³³⁵
3557 5566 3795 5625 mediolis
3822 5563 3866 5615 ι.

517 5662 604 5702 me
901 5689 916 5702 .

517 5662 832 5704 111801013110
860 5662 916 5704 Ζ.
