4000 6158
244 371 349 425 697

1524 369 1933 425 CHRONICON.

1976 396 2044 407 ——
2083 368 2210 424 LIB.
2257 368 2348 422 III.
3514 369 3622 423 698

242 498 381 555 ciam
409 494 474 527 ³³⁸
510 494 666 551 Vitus
711 499 768 550 et
820 494 1100 551 Modestus
1156 506 1280 549 cum
1333 493 1670 561 Crescentia,
1716 492 2226 553 LuciaAmoritur.
2273 489 2572 548 Maltiades
2619 503 2760 561 papa
2788 487 2928 546 obiit
2962 487 3021 545 4.
3067 487 3198 546 ldus
3240 491 3484 549 Januarii
3527 491 3622 565 (cf.

241 586 435 657 virgo;
502 586 560 641 in
624 584 866 640 Britania
927 584 1170 640 Albanus
1197 582 1308 652 ²³⁷;

241 676 467 742 Victor;
517 674 664 744 apud
712 676 1008 744 Augustam
1062 672 1190 729 Afra
1237 674 1294 729 in
1349 671 1507 728 Retia
1564 672 1882 742 provincia;

240 765 409 821 Nicea
455 763 710 819 Bithinia
757 763 1041 819 Theodota
1070 777 1191 818 cum
1223 762 1386 829 ﬁliis;
1428 762 1485 817 in
1525 763 1784 832 Hispanis
1813 762 1891 817 ci-

240 855 407 910 vitate
452 852 743 923 Compluto
788 853 1037 907 Justinus
1067 859 1122 908 et
1150 853 1345 908 Pastor
1373 850 1605 917 fratres;
1656 851 1714 906 in
1745 850 1889 906 Sici-

239 943 315 998 lia
361 942 582 997 civitate
616 943 782 997 Caten
813 940 1107 1011 Epulus’”8
1150 940 1456 1008 diaconus;
1507 940 1651 1011 apud
1699 940 1888 995 urbem

241 1031 415 1087 Italia
464 1030 741 1101 Pergamis
786 1029 1130 1098 Alexander;
1189 1030 1245 1085 in
1277 1031 1497 1086 civitate
1545 1028 1890 1086 Calcedonia

240 1119 527 1188 Eufemia;
581 1120 637 1174 in
683 1118 967 1189 Neapolim
1014 1118 1324 1188 Campania
1377 1117 1667 1174 Januarius
1714 1120 1891 1173 Bene-

239 1216 491 1266 ventana
530 1208 845 1279 episcOpus,
886 1208 1075 1265 Sosius
1119 1208 1421 1274 diaconus;
1475 1208 1533 1263 in
1580 1208 1893 1263 Meseutana

240 1299 464 1355 civitate
512 1300 745 1354 Faustus
774 1304 829 1353 et
867 1297 1220 1365 Desiderius;
1271 1298 1329 1352 in
1376 1296 1651 1353 Palestina
1697 1295 1893 1352 Peleus

236 1393 295 1444 et
338 1386 495 1443 Nilus
522 1388 855 1457 episcopus;
906 1388 961 1442 in
1011 1387 1191 1443 Cizico
1228 1388 1425 1442 Fausta
1463 1393 1519 1441 et
1554 1385 1890 1453 Evilassius;

234 1480 466 1547 Agauno
522 1476 816 1531 Mauricius
864 1490 989 1531 cum
1035 1475 1203 1531 sociis
1248 1475 1403 1543 suis;
1460 1474 1752 1530 Antiochia
1796 1475 1891 1528 Ci-

236 1566 472 1636 prianus
517 1564 815 1635 episcopus
843 1578 969 1620 cum
1013 1564 1265 1631 Justina;
1322 1564 1468 1634 apud
1516 1565 1715 1633 Egeam
1754 1562 1892 1618 civi-

234 1660 411 1710 tatem
454 1654 685 1710 Cosmus
721 1659 777 1709 et
815 1653 1148 1717 Damianus;
1191 1652 1249 1707 in
1294 1652 1462 1709 Gallis
1513 1657 1695 1708 castro
1737 1652 1894 1709 Solo-

235 1744 405 1812 doro,
459 1742 608 1814 quod
662 1750 747 1799 est
800 1757 969 1813 super
1020 1742 1238 1798 Arolam
1296 1742 1538 1807 ﬂuvium,
1597 1743 1786 1798 Victor
1838 1749 1894 1798 et

1377 583 1521 653 apud
1597 582 1889 639 Massiliam
1968 583 2160 654 Mart.)

2044 672 2299 730 Silvester
2326 671 2416 728 31.
2442 686 2590 743 papa
2618 670 2771 726 annis
2794 667 2885 724 20.

2144 763 2290 833 [Cod.
2322 763 2376 817 in
2403 776 2606 831 marg.:
2640 759 2823 815 Ciclus
2852 758 3047 815 decen.
3079 757 3189 815 inc.
3222 758 3341 814 ind.
3370 759 3448 831 7.]

2040 852 2167 906 326.
2197 850 2251 906 5.
2290 849 2481 922 [cccxv]
2511 848 2717 921 (Βεω.)
2748 848 3115 905 Constantinus
3142 846 3196 903 3.
3229 852 3277 903 et
3306 848 3539 905 Licinius
3562 849 3619 905 3.

1972 943 2173 1007 (ΗΙΕΒ.)
2218 940 2428 1011 [Petrus
2464 937 2849 994 Alexandrina
2893 937 3127 994 aclesia
3157 937 3453 1009 episcOpus
3490 953 3623 1010 pas-

1972 1029 2104 1099 sus.]
2156 1027 2538 1084 Alexandrina
2586 1025 2821 1083 aclesia
2875 1026 2959 1080 l7.
3001 1026 3290 1082 ordinatur
3328 1028 3625 1099 episcopus

1971 1117 2237 1176 Achillus.

2044 1205 2169 1261 327.
2228 1204 2283 1260 6.
2344 1203 2514 1275 [cccv]
2574 1203 2775 1275 (HIBR,)
2850 1202 3161 1261 Volusianus
3221 1210 3271 1261 et
3321 1207 3622 1263 Annianus.

1973 1294 2275 1350 Maxentius
2314 1294 2470 1363 juxta
2511 1299 2736 1363 pontem
2778 1291 3031 1348 Molvium
3071 1306 3103 1348 a
3136 1294 3499 1351 Constantino
3536 1310 3626 1352 su-

1975 1389 2198 1454 peratus
2227 1381 2521 1438 occiditur.

2044 1472 2172 1527 328.
2220 1472 2276 1528 7.
2330 1471 2521 1542 [CCCVI]
2573 1472 2771 1542 (111153.)
2814 1473 3183 1529 Constantinus
3203 1471 3263 1503 ἐί
3295 1471 3350 1526 4.
3392 1478 3441 1529 et
3478 1474 3629 1529 Lici-

1972 1564 2091 1619 nius
2125 1563 2180 1617 4.
2232 1560 2443 1617 Bellum
2489 1560 2777 1616 Cibalense
2828 1560 3118 1617 adversum
3172 1561 3467 1618 Licinium.
3515 1564 3627 1619 Pax

1974 1656 2163 1708 nostra
2191 1666 2224 1707 a
2250 1650 2611 1707 Constantino
2641 1649 2858 1705 reddita
2897 1657 3023 1720 post
3061 1650 3253 1705 decem
3295 1664 3471 1707 annos
3500 1666 3628 1721 per-

1975 1742 2298 1798 secutionis.
2354 1741 2728 1811 [Constantino
2758 1754 2791 1795 a
2828 1754 2968 1810 papa
3014 1739 3276 1795 Silvestro
3325 1740 3624 1810 baptizato,

237 1836 419 1901 Urso;
452 1833 599 1904 apud
627 1832 911 1889 Coloniam
940 1832 1255 1904 Agripinam
1284 1834 1498 1888 Gereon
1529 1846 1653 1887 cum
1682 1833 1851 1888 sociis
1873 1854 1888 1901 ;
1910 1827 1958 1886 B
1979 1830 2202 1901 scripsit
2232 1830 2300 1886 de
2330 1830 2571 1885 Britania
2607 1829 2714 1884 sibi
2742 1842 2839 1884 sua
2864 1834 3040 1884 mater
3062 1827 3251 1895 Elena,
3284 1833 3345 1883 ut
3373 1830 3627 1899 negando

235 1923 390 1994 apud
436 1923 701 1979 Tharsum
748 1921 1094 1990 Tracuus’”,
1144 1922 1359 1978 Probus
1402 1929 1458 1977 et
1502 1922 1889 1988 Andronicus;

234 2014 296 2070 in
328 2013 567 2068 Venusia
615 2012 835 2068 civitate
877 2011 1091 2082 Apulia
1138 2011 1289 2067 Felix
1336 2011 1652 2082 episcopus,
1702 2011 1894 2066 Audax

235 2110 294 2159 et
323 2102 616 2158 Ianuarius
661 2102 988 2172 presbyter;
1038 2101 1350 2157 Suessionis
1378 2100 1571 2157 civitas
1608 2100 1895 2170 Crispinus

235 2200 296 2249 et
320 2192 739 2263 Crispinianus;
789 2190 938 2261 apud
968 2190 1230 2247 Sidonem
1258 2190 1533 2247 Zenobius
1562 2190 1891 2260 presbyter;

230 2283 295 2337 in
344 2279 627 2336 territorio
678 2279 951 2349 Aganensi
1004 2278 1276 2345 Tiberius,
1343 2278 1624 2335 Modestus
1669 2283 1725 2333 et
1774 2278 1897 2333 Flo-

233 2370 459 2436 rentia;
501 2370 560 2423 in
590 2366 797 2422 Scithia
833 2367 1126 2436 metrapoli
1164 2366 1344 2436 Frigia
1382 2366 1593 2422 Salaria
1630 2368 1892 2435 Mennas;

229 2456 536 2514 Antiochia
573 2456 893 2522 Romanus;
950 2453 1281 2510 Alexandria
1322 2456 1518 2509 Petrus
1554 2454 1891 2525 episcopus;

234 2547 302 2601 in
330 2542 515 2599 Africa
552 2541 771 2598 civitate
818 2541 1048 2599 Colonia
1093 2542 1344 2613 Crispina
1371 2542 1568 2613 virgo;
1617 2542 1675 2597 in
1703 2542 1896 2598 Tuscia

229 2630 479 2685 Barbara
516 2630 708 2700 virgo;
758 2629 818 2685 in
867 2629 1126 2699 Hispanis
1162 2630 1435 2685 Leocadia
1482 2636 1537 2685 et
1593 2631 1784 2685 Merita
1821 2630 1898 2686 ci-

228 2718 411 2773 vitate
459 2717 668 2773 Eulalia
712 2724 769 2774 et
811 2717 959 2773 Julia
986 2718 1249 2789 virgines.
1302 2718 1506 2789 (ΒΕυΑ.)
1553 2720 1704 2774 Tunc
1754 2719 1899 2775 intra

228 2820 411 2863 unum
440 2820 684 2863 mensem
718 2807 783 2860 l7
812 2805 964 2862 milia
1011 2813 1313 2878 martyrum
1351 2820 1452 2878 pro
1490 2807 1710 2864 Christo
1750 2808 1898 2877 passi

231 2901 393 2953 sunt.

310 2988 666 3042 Romanorum
718 2984 809 3039 42.
873 2987 1242 3042 Constantinus
1296 2987 1544 3054 Magnus,
1603 2988 1899 3043 Constantii

232 3075 385 3147 ﬁlius
426 3088 495 3129 ea:
541 3073 827 3129 concubina
875 3074 1092 3142 Heliua,
1123 3075 1191 3129 ab
1234 3088 1379 3130 anno
1407 3074 1461 3127 4.
1496 3075 1898 3143 persecutionis

1974 1920 2251 1976 Christum
2300 1919 2512 1975 Judeos
2558 1926 2904 1989 sequeretur.
2955 1919 3107 1974 Tunc
3163 1918 3524 1973 Constantino
3569 1917 3625 1974 4.

1976 2014 2032 2064 et
2078 2008 2291 2064 Licinio
2334 2007 2389 2063 4.
2440 2006 2781 2074 consulibus,
2822 2006 2913 2061 die
2942 2006 3070 2061 Idus
3096 2005 3347 2076 Augusti,
3397 2018 3630 2076 congre-
3678 2062 3687 2073 ,

1976 2099 2087 2170 gati
2125 2103 2255 2153 sunt
2292 2111 2417 2152 cum
2452 2097 2624 2152 Elena
2661 2096 2717 2151 in
2756 2098 2928 2152 Roma
2971 2094 3071 2149 120
3121 2094 3488 2164 sapientiores
3536 2096 3631 2150 Ju-

1978 2186 2230 2252 deorum,
2266 2199 2390 2241 cum
2428 2189 2660 2255 augusto
2698 2183 3058 2239 Constantino
3089 2190 3145 2239 et
3185 2183 3448 2239 Silvestro
3487 2197 3627 2253 papa

1976 2275 2048 2331 24
2073 2273 2342 2345 episcopi,
2374 2278 2430 2329 et
2457 2272 2702 2343 superati
2731 2277 2861 2327 sunt
2887 2271 3047 2327 Judei
3075 2273 3134 2327 in
3165 2271 3315 2327 omni
3352 2272 3628 2341 scriptura

1978 2364 2181 2421 divina.

2048 2451 2175 2506 329.
2207 2450 2261 2508 8.
2300 2450 2517 2523 [cccvu]
2557 2448 2750 2521 (111311.)
2774 2448 3007 2507 Sabinus
3034 2452 3084 2504 et
3107 2447 3342 2518 Ruﬁnus.
3374 2448 3630 2505 Hieruso-

1978 2540 2236 2598 limorum
2263 2539 2355 2596 39.
2389 2540 2747 2597 constituitur
2774 2538 3083 2595 Macharius
3112 2538 3430 2609 episc0pus.

2253 2628 2399 2701 [Cod.
2430 2630 2487 2685 in
2512 2644 2711 2698 marg.:
2742 2628 2927 2685 Ciclus
2954 2626 3090 2684 solis
3118 2626 3354 2699 incipit.]

2050 2716 2176 2773 330.
2235 2718 2290 2773 9.
2355 2719 2591 2790 [cccvm]
2664 2718 2864 2787 (Ηιειι.)
2926 2716 3232 2775 Gallicanus
3295 2722 3345 2772 et
3408 2718 3630 2772 Bassus.

1978 2805 2351 2862 Diocletianus
2398 2806 2531 2863 haut
2574 2806 2770 2877 procul
2819 2820 2853 2862 a
2895 2805 3115 2862 Solonis
3150 2805 3209 2860 in
3238 2803 3367 2861 villa
3394 2818 3494 2861 sua
3542 2817 3636 2874 pa-

1978 2895 2113 2952 latio
2160 2897 2414 2964 moritur,
2449 2902 2505 2953 et
2550 2896 2705 2953 solus
2748 2895 2992 2953 omnium
3031 2895 3178 2951 inter
3210 2893 3348 2951 deos
3391 2893 3637 2964 privatus

1981 2982 2240 3041 refertur.

2047 3071 2174 3129 331.
2237 3073 2320 3130 10.
2381 3073 2572 3145 [ccc1x]
2635 3071 2839 3144 (111311.)
2894 3073 3129 3127 Licinius
3182 3072 3237 3128 5.
3289 3076 3340 3129 et
3394 3071 3631 3143 Crispus.

233 3163 542 3233 incipiens,
573 3162 881 3219 indictione
917 3161 973 3229 2,
1007 3164 1254 3235 regnavit
1292 3163 1451 3218 annis
1487 3161 1578 3228 30,
1619 3148 2204 3232 mensibusCCrispus
2232 3168 2288 3219 et
2315 3163 2731 3231 Constantinus,
2762 3162 2860 3217 ﬁlii
2889 3162 3258 3218 Constantini.

238 3251 336 3321 10,
369 3252 476 3308 hoc
506 3258 590 3308 est
617 3252 675 3307 in
702 3265 848 3308 anno
877 3251 1004 3306 318.
1036 3258 1163 3323 post
1189 3253 1524 3323 passionem.
1558 3252 1668 3308 Sub
1699 3266 1810 3324 quo
1840 3252 1897 3308 hi

233 3340 505 3399 consules
531 3340 774 3409 fuerunt,
807 3345 947 3398 teste
977 3342 1299 3400 Casiodoro.

313 3429 446 3487 322.
498 3432 552 3485 1.
606 3430 741 3502 [ccc]
781 3430 977 3501 [Hum]
1029 3433 1133 3487 Pro
1191 3430 1390 3488 consul.
1449 3430 1765 3487 Diocletiani
1811 3431 1898 3485 ll.

236 3527 286 3578 et
323 3521 556 3578 Maximi
582 3520 639 3574 9.
689 3521 1012 3588 Maxentius,
1044 3521 1290 3578 Herculii
1327 3521 1636 3577 Maximiani
1673 3520 1838 3588 ﬁlius,
1870 3535 1901 3576 a

238 3610 583 3682 pretorianis
619 3610 888 3667 militibus
914 3612 1105 3667 Roma
1144 3616 1408 3681 angustus
1436 3610 1763 3680 appellatur.
1806 3610 1904 3665 Se-

240 3715 412 3756 verus
448 3713 635 3756 cessar
662 3713 694 3754 a
722 3698 941 3755 Galerio
979 3698 1306 3767 Maximiano
1345 3704 1537 3754 contra
1574 3699 1902 3753 Maxentium

240 3790 470 3856 missus,
501 3790 777 3845 Ravenna
817 3787 1169 3843 interﬁcitur.
1225 3787 1339 3858 [His
1384 3800 1539 3842 cons.
1590 3785 1904 3843 Mellciades

244 3893 395 3949 papa
423 3878 690 3934 successit
716 3878 859 3933 Non.
890 3875 1019 3947 Jul.]

320 3966 450 4023 323.
490 3967 545 4021 2.
590 3966 745 4038 [cccr]
792 3968 892 4022 Pro
949 3964 1131 4021 consul
1183 3963 1498 4020 Diocletiani
1552 3963 1635 4021 12.
1687 3969 1736 4020 et
1783 3966 1906 4022 Μα-

244 4058 385 4113 ximi
418 4055 500 4113 10.
533 4055 778 4112 Licinius
806 4071 838 4112 a
865 4055 1082 4112 Galerio
1112 4054 1337 4111 Carnuti
1374 4054 1679 4125 imperator
1706 4052 1902 4110 factus.

244 4144 546 4201 Herculius
590 4144 945 4200 Maximianus
972 4158 1003 4199 a
1038 4143 1149 4199 ﬁlia
1196 4145 1394 4199 Fausta
1440 4142 1712 4210 detectus,
1755 4143 1904 4213 quod

246 4235 444 4291 dolum
471 4234 589 4290 viro
627 4248 729 4291 suo
768 4238 1007 4304 pararet,
1048 4233 1299 4289 Massilia
1346 4231 1562 4304 fugiens
1608 4232 1901 4289 occiditur.

246 4324 514 4392 Quirinus
560 4323 857 4393 episcOpus
912 4322 1190 4378 Siscianus
1236 4321 1507 4392 gloriosse
1549 4336 1648 4393 pro
1686 4321 1905 4378 Christo

249 4411 602 4468 interﬁcitur.
668 4412 805 4477 Nam
868 4410 1105 4466 manuali
1173 4411 1317 4466 mola
1382 4411 1451 4465 ad
1516 4410 1719 4467 collum
1788 4412 1908 4480 ejus

253 4499 445 4570 ligata,
494 4506 549 4555 et
599 4507 767 4570 ponte
816 4499 1177 4569 precipitatus
1224 4498 1281 4552 in
1328 4497 1552 4565 ﬁumen,
1601 4499 1909 4555 diutissime

252 4588 672 4658 supernatavit;
741 4594 797 4645 et
854 4585 1344 4658 conspectantibus
1412 4586 1778 4657 [collocutus],
1840 4601 1909 4643 ne

254 4678 343 4733 sui
390 4682 733 4734 terrerentur
751 4676 814 4709 ¹⁵⁰
860 4676 1131 4747 exemplo,
1163 4677 1252 4731 vix
1281 4688 1446 4732 orans
1475 4681 1536 4731 ut
1573 4681 1914 4747 mergeretur

258 4767 521 4823 obunuﬂ.
1906 4816 1913 4817 ,

329 4855 459 4911 324.
480 4855 537 4913 3.
567 4856 744 4927 [cccn]
779 4856 972 4927 (Ηιειι.)
1003 4856 1272 4913 Maximus
1301 4854 1355 4909 8.
1380 4859 1430 4910 et
1449 4854 1680 4909 Licinius
1708 4853 1912 4924 (0305.)

257 4944 509 5001 Galerius
564 4945 919 5001 Maximianus
976 4951 1301 5016 persecutor
1356 4942 1592 5000 aclesia
1637 4943 1916 4999 vermibus

261 5036 514 5091 moritur.

331 5122 459 5178 325.
490 5122 546 5179 4.
593 5122 791 5194 [CCCIII]
846 5123 1044 5194 (HIER.)
1093 5122 1462 5181 Constantinus
1481 5121 1540 5154 ²⁴¹
1580 5121 1635 5177 2.
1684 5121 1916 5177 Licinius

261 5211 317 5268 2.
369 5212 767 5279 Maximianus,
826 5213 1212 5283 persecutione
1260 5212 1318 5267 in
1364 5211 1695 5268 christianos
1748 5209 1913 5280 facta,

264 5315 389 5357 cum
431 5303 542 5372 jam
573 5315 605 5357 a
644 5301 857 5358 Licinio
906 5301 1221 5372 puniendus
1268 5307 1414 5357 esset
1459 5300 1604 5372 apud
1651 5300 1916 5356 Tharsum

2048 3250 2173 3319 332.
2230 3252 2316 3307 11.
2366 3252 2541 3323 ]cccx]
2593 3251 2962 3309 Constantinus
3009 3250 3065 3306 5.
3106 3255 3155 3305 et
3189 3249 3439 3306 Licinius.
3481 3255 3538 3306 et
3567 3248 3632 3280 '“

1980 3341 2223 3398 Licinius
2251 3341 2598 3407 adulescens,
2619 3340 2797 3395 Licini
2845 3339 3063 3410 augusti
3089 3337 3256 3405 ﬁlius,
3286 3336 3633 3394 Constantini

1982 3444 2049 3485 ex
2072 3444 2265 3486 sorore
2301 3443 2496 3499 nepos,
2533 3441 2752 3483 cesares
2779 3425 3166 3495 appellantur;

2052 3516 2179 3572 333.
2219 3516 2303 3570 l2.
2340 3516 2529 3587 [cccxx]
2572 3514 2940 3571 Constantinus
2968 3513 3025 3565 6.
3056 3516 3105 3567 et
3137 3513 3471 3568 Constantius
3501 3523 3636 3579 quo-

1984 3619 2104 3661 rum
2141 3604 2204 3636 ’⁸³
2259 3604 2512 3673 Crispum
2568 3600 2738 3657 ﬁlium
2790 3598 3108 3656 Lactantius
3171 3599 3378 3653 Latinis
3433 3597 3635 3653 litteris

1985 3694 2241 3760 erudivit,
2273 3693 2357 3749 vir
2393 3691 2637 3748 omnium
2683 3703 2783 3745 suo
2831 3696 3080 3757 tempore
3128 3686 3631 3757 eloquentissimus.

2057 3783 2182 3840 334.
2218 3781 2303 3837 13.
2342 3779 2554 3853 [cccxii]
2596 3779 2812 3851 Cﬁspus
2838 3776 2894 3833 2.
2924 3781 2975 3833 et
3005 3776 3337 3853 Constantius
3363 3774 3419 3831 2.
3451 3774 3549 3831 sed
3571 3775 3635 3806 ’δ’

1986 3874 2125 3931 adeo
2154 3873 2213 3928 in
2241 3872 2345 3927 hac
2372 3871 2484 3926 vita
2517 3882 2748 3940 pauper,
2782 3874 2841 3923 ut
2880 3866 3204 3938 plerumque
3242 3865 3406 3921 etiam
3435 3877 3635 3921 neces-

1985 3962 2125 4018 saris
2152 3960 2475 4031 indiguerit.

2057 4049 2184 4105 335.
2246 4048 2333 4103 14.
2398 4046 2631 4119 [cccxm]
2693 4043 2891 4118 (Ηιειι.)
2956 4043 3214 4100 Probi-nus
3269 4048 3319 4099 et
3371 4041 3635 4100 Julianus.

1988 4140 2231 4197 Licinius
2268 4138 2603 4195 christianos
2649 4136 2717 4192 de
2748 4135 2952 4206 palatio
2999 4148 3101 4191 suo
3149 4132 3324 4205 pellit.
3366 4132 3640 4189 Bassileus

1986 4230 2217 4286 Amasia
2264 4226 2426 4284 Ponti
2486 4226 2781 4297 episcopus
2826 4224 2929 4280 sub
2987 4222 3200 4279 Licinio
3256 4222 3505 4279 martirio
3551 4234 3643 4277 co-

1988 4328 2303 4465 rogeltris.
2333 4407 2561 4479 [cccxrv]
2600 4401 2792 4477 (HIER.)
2818 4403 3046 4458 Severus
3074 4404 3123 4455 et
3146 4399 3381 4470 Ruﬁnus.
3412 4397 3642 4454 Alexan-

1927 4481 2167 4556 Ddrina
2205 4497 2440 4553 aclesia
2476 4496 2559 4550 18.
2593 4492 2880 4550 ordinatur
2917 4488 3215 4559 episcopus
3250 4486 3580 4556 Alexander,
3610 4501 3644 4543 a

1992 4600 2103 4659 quo
2131 4586 2322 4641 Arrius
2361 4584 2647 4654 presbyter
2686 4579 2755 4635 de
2793 4577 3013 4635 aclesia
3046 4577 3255 4646 ejectus
3292 4574 3495 4631 multos
3526 4589 3642 4631 sua

1992 4676 2263 4748 impietati
2309 4675 2504 4741 sociat,
2535 4671 2603 4726 ad
2642 4683 2874 4740 quorum
2924 4665 3209 4737 perﬁdiam
3237 4663 3641 4735 coarguendam
3717 4662 3723 4668 ’

1992 4764 2225 4820 sinodus
2271 4761 2378 4816 318
2426 4761 2812 4830 episcoporum
2858 4757 2917 4812 in
2971 4756 3151 4811 Necea
3197 4754 3335 4809 urbe
3384 4753 3641 4809 Bithinia

1992 4856 2343 4925 congregata,
2402 4862 2594 4906 omnes
2651 4847 3022 4902 hereticorum
3073 4842 3352 4899 machinas
3407 4842 3643 4898 omousii

1994 4942 2337 5014 opossitione
2367 4938 2590 4995 delevit.

2065 5030 2192 5087 337.
2229 5028 2313 5083 16.
2351 5026 2558 5100 [cccxv]
2592 5027 2778 5092 (Onos.
2808 5040 2905 5092 vn,
2935 5021 3049 5089 22.)
3081 5022 3294 5094 Crispus
3320 5020 3376 5078 3.
3413 5025 3462 5077 et
3490 5022 3644 5077 Cons-

1994 5121 2188 5177 tantius
2215 5119 2272 5173 3.
2311 5116 2703 5175 Constantinus
2750 5113 3036 5185 prohibuit
3069 5111 3402 5168 christianos
3438 5110 3642 5179 occidi,

1996 5221 2444 5281 paganorumque
2470 5205 2674 5275 templa
2698 5204 2865 5275 jussit
2889 5202 3091 5259 claudi.
3129 5199 3217 5272 [cf.
3252 5200 3368 5255 Vita
3387 5200 3442 5256 S.
3465 5199 3640 5272 Mart.)

2002 5299 2252 5371 [Sanctus
2277 5295 2543 5353 Martinus
2570 5292 2769 5363 natus.]
2810 5292 3057 5363 [Sanctus
3074 5289 3139 5321 ’⁸³
3176 5289 3438 5345 Martinus
3466 5289 3647 5345 nasci-

1618 5456 1845 5512 VARIAB
1902 5455 2287 5512 LECTIONES.

349 5579 413 5611 ³³⁵
448 5580 631 5636 ciliam
688 5581 736 5638 l.
787 5580 1029 5638 Siciliam
1074 5577 1131 5634 2.
1206 5576 1271 5608 ’³⁷
1300 5577 1510 5632 abanus
1560 5575 1609 5632 l.
1686 5576 1751 5609 ³⁸⁸
1795 5577 2005 5647 Euplus
2039 5576 2096 5633 2.
2168 5575 2233 5608 ²³⁹
2276 5575 2358 5633 uel
2394 5575 2638 5631 Trachus
2670 5574 2719 5647 _l.
2795 5574 3032 5629 Taracus
3057 5570 3113 5626 2.
3188 5570 3254 5602 m
3280 5573 3561 5629 terrentur
3592 5565 3644 5621 l.

272 5653 332 5686 ²⁴¹
374 5652 718 5710 constantius
760 5652 809 5708 1.
886 5650 951 5684 ’“
979 5666 1094 5707 cum
1122 5665 1177 5707 α.
1208 5646 1308 5704 331
1343 5647 1702 5717 conjungenda
1727 5643 1896 5703 sunt.“
1944 5646 2009 5678 ’⁸³
2036 5647 2142 5703 alio
2170 5647 2282 5704 loco
2310 5649 2368 5703 in
2404 5647 2637 5716 margine
2664 5643 2923 5715 leguntur.
