4000 6158
366 314 475 370 699

1779 302 2062 363 MARIANI
2101 301 2330 361 SCOTTI

3632 310 3743 369 700

367 447 461 499 tur
495 438 735 498 Sabariae
768 436 1172 497 Pannoniarum
1208 435 1434 507 oppido,
1468 433 1565 491 sed
1610 432 1754 491 intra
1795 428 2360 493 ItaliamAcathoiica
2398 431 2654 501 credidit,
2700 432 2873 503 judex
2907 436 3100 491 noster
3146 434 3221 492 sit
3266 439 3412 493 Deus
3447 435 3540 495 hic
3580 444 3638 496 et
3682 441 3740 499 in

366 532 541 588 Ticini
571 531 714 587 altus
749 530 871 600 est.]

439 621 566 676 338.
624 621 708 674 17.
774 620 1013 691 [cccxvlj'
1073 615 1277 690 (Βεω.)
1337 615 1588 672 Paulinus
1644 618 1693 669 et
1746 614 2007 670 Julianus.

366 712 531 768 Fides
560 709 833 768 chatolica
871 712 1137 764 tractatur
1165 707 1221 761 in
1251 706 1447 762 sinodo
1476 705 1583 759 318
1625 705 2010 775 episcoporum

366 801 423 857 in
455 800 673 858 Nechea
702 800 837 856 urbe
868 796 1120 853 Bithiniaa
1158 797 1487 866 congregata
1530 798 1722 851 contra
1752 793 2012 850 Arrienos

366 891 457 949 die
504 890 706 947 mensis
753 887 1055 943 secundum
1085 888 1289 942 Grecos
1336 884 1481 940 Desii
1526 884 1636 951 19°,
1669 884 1776 940 hoc
1807 889 1890 939 est
1925 883 2007 940 17.

369 979 735 1037 Kalendarum
785 977 1070 1046 Juliarum,
1121 974 1409 1032 consulatu
1447 972 1660 1031 Paulini
1700 978 1755 1029 et
1786 973 2008 1041 Iuliani,

364 1075 503 1126 teste
534 1068 696 1124 Beda.
738 1066 1040 1123 Decretalis
1079 1065 1311 1137 epistola
1341 1064 1516 1119 sancti
1554 1062 1800 1118 Silvestri
1830 1076 2006 1132 papas.

363 1156 451 1220 (cf.
493 1156 607 1213 Lib.
652 1156 821 1229 poni.)
869 1154 1231 1226 Temporibus
1276 1152 1523 1209 Silvestri
1570 1166 1727 1223 papae
1758 1157 1813 1207 et
1840 1153 2009 1208 Cons-

362 1245 559 1304 tantini
609 1245 843 1317 piissimi
897 1243 1112 1315 augusti
1171 1242 1372 1299 factum
1430 1248 1513 1298 est
1569 1254 1822 1312 magnum
1878 1254 2010 1297 con-

363 1338 548 1393 cilium
597 1337 654 1391 iu
702 1337 841 1392 urbe
888 1336 1053 1390 Nicea
1097 1333 1373 1403 Bithinias,
1414 1338 1469 1388 et
1516 1330 1833 1404 congregati
1882 1336 2010 1386 sunt

362 1426 602 1498 regulari
633 1425 874 1496 ejusdem
897 1423 1143 1480 Silvestri
1172 1438 1328 1493 papae
1349 1422 1636 1478 vocatione
1665 1422 1722 1477 in
1742 1422 1798 1477 id
1831 1418 2009 1491 ipsum

361 1515 467 1570 318
498 1515 746 1586 episcopi
777 1513 1096 1579 chatholici,
1146 1513 1239 1584 qui
1288 1518 1689 1583 expossuerunt
1726 1511 1887 1568 ﬁdem
1926 1512 2011 1566 in-

363 1611 593 1677 tegram,
644 1604 991 1672 catholicam,
1040 1602 1459 1667 immaculatam,
1511 1608 1565 1659 et
1617 1602 2011 1658 damnaverunt

363 1693 579 1750 Arrium
644 1698 699 1749 et
762 1693 1055 1749 Photinum
1138 1692 1544 1762 Sabelliumque
1619 1697 1675 1747 et
1744 1706 2011 1762 sequaces

2092 521 2297 579 futuro.
2332 541 2361 575 »
2393 524 2788 581 Constantinus
2824 529 3007 581 autem
3045 526 3149 582 etsi
3186 525 3316 583 inde
3363 528 3613 598 gavissns
3646 531 3737 599 sit,

2094 614 2275 668 tamen
2324 627 2448 669 eum
2493 613 2744 685 aliosque
2792 615 3072 671 hereticos
3116 613 3180 648 ""
3228 619 3637 676 commonicare
3685 621 3741 677 in

2095 702 2311 758 aeciesia
2349 716 2463 760 non
2510 703 2806 774 permissit,
2850 705 3028 761 donec
3075 706 3460 777 episcoporum
3500 707 3569 765 de
3608 710 3745 781 ipsis

2088 791 2355 861 judicium
2419 793 2593 850 ﬁeret.
2655 797 2755 861 (ιιι,
2802 792 2911 860 10.)
2969 796 3361 852 Constantinus
3424 804 3607 855 autem
3666 800 3745 856 in-

2095 882 2241 937 tirim
2306 883 2513 938 malens
2567 884 2784 939 Arrium
2842 885 3099 953 probare,
3162 886 3319 942 duxit
3374 902 3498 944 eum
3537 889 3607 944 ad
3648 904 3740 961 pa-

2093 972 2302 1039 latium,
2340 973 2702 1043 jurejurando
2740 973 3092 1045 interrogans
3138 975 3206 1030 de
3261 976 3467 1033 Neceni
3515 978 3741 1036 concilii

2093 1062 2353 1118 decretis.
2391 1063 2472 1119 Ad
2501 1064 2619 1133 ipse
2659 1063 2784 1119 ﬁcte
2822 1076 2975 1119 suam
3023 1066 3229 1120 sectam
3267 1066 3372 1122 sub
3407 1066 3495 1123 ala
3532 1068 3740 1125 habens

2091 1156 2147 1207 et
2206 1153 2287 1208 sic
2320 1153 2541 1222 juravit.
2590 1153 2857 1221 Quoniam
2913 1167 3044 1210 vero
3102 1154 3222 1225 ipse
3279 1155 3401 1211 dies
3454 1156 3739 1215 sabbatum

2092 1245 2229 1309 erat,
2291 1244 2540 1313 precepit
2595 1244 2987 1300 Constantinus
3042 1245 3285 1302 crastino
3333 1245 3426 1302 die
3464 1247 3740 1306 dominico

2090 1331 2305 1387 Arrium
2348 1330 2416 1386 ad
2456 1334 2895 1389 commonionem
2942 1334 3215 1404 accipere.
3256 1335 3407 1392 Tunc
3446 1336 3503 1392 in
3549 1337 3671 1394 auia
3708 1353 3741 1396 a

2092 1420 2357 1476 militibus
2393 1420 2616 1477 Eusebii
2662 1422 2910 1492 episcopi
2948 1422 3113 1478 etiam
3159 1423 3377 1481 Arriani
3414 1424 3739 1498 honoratus,

2092 1514 2147 1565 et
2185 1524 2286 1579 per
2313 1509 2547 1566 mediam
2586 1511 2862 1567 civitatem
2899 1511 3304 1568 honorabiliter
3332 1518 3387 1569 et
3415 1514 3745 1586 perspicuus

2092 1599 2437 1668 conductus;
2480 1614 2603 1656 cum
2658 1615 2791 1656 vero
2837 1600 2987 1656 venit
3034 1601 3103 1656 ad
3143 1598 3319 1657 forum
3369 1604 3736 1675 Constantini,

2092 1689 2187 1743 ubi
2226 1703 2354 1760 pars
2410 1690 2503 1745 illa
2542 1690 2723 1745 crucis
2768 1694 2906 1758 erat,
2947 1689 3301 1747 tremefactus
3346 1696 3402 1749 et
3449 1694 3739 1752 confussus

365 1795 573 1839 eorum.
644 1780 731 1851 (cf.
790 1785 888 1837 An.
948 1783 1134 1853 Mart.)
1198 1780 1404 1837 Eodem
1459 1794 1680 1851 quoque
1736 1775 2177 1851 tempore,Best
2213 1780 2422 1836 Arrius.
2464 1781 2531 1835 Et
2580 1793 2703 1836 cum
2750 1779 3121 1837 necessarium
3167 1781 3441 1853 quesslset
3479 1790 3737 1852 meatum,

371 1872 454 1927 13.
508 1871 874 1929 Kalendarum
920 1871 1183 1926 Juliarum
1232 1871 1342 1939 die,
1392 1870 1613 1941 quando
1652 1876 2010 1928 memoratum

366 1975 619 2033 magnum
673 1961 968 2018 concilium
1015 1961 1072 2016 in
1129 1961 1296 2016 Nicea
1348 1964 1738 2032 congregatum
1788 1966 1871 2016 est
1917 1959 2009 2027 (cf.

367 2052 456 2108 tib.
502 2051 670 2125 pont.)
724 2049 989 2109 canonica
1038 2051 1151 2121 jam
1202 2047 1491 2106 vocatione
1550 2050 1607 2105 in
1661 2049 1797 2106 urbe
1840 2052 2012 2107 Roma

366 2142 717 2213 congregavit
757 2148 811 2197 et
857 2141 975 2211 ipse
1014 2141 1275 2197 Silvester
1312 2154 1436 2196 cum
1474 2139 1707 2197 consilio
1752 2142 2012 2198 Constan-

365 2234 469 2289 tini
496 2232 602 2286 277
633 2232 945 2302 episcopos,
979 2234 1034 2287 et
1062 2230 1338 2286 damnavit
1366 2228 1648 2301 predictos
1693 2228 2009 2301 hereticos;

369 2325 424 2378 et
472 2323 898 2389 constituerunt,
939 2325 1001 2376 ut
1048 2322 1323 2391 presbiter
1369 2322 1632 2376 Arrianus
1680 2322 2013 2391 resipiscens

369 2425 482 2468 non
529 2414 924 2482 susciperetur,
958 2411 1066 2466 nisi
1113 2412 1407 2482 episcopus
1454 2410 1699 2481 ejusdem
1747 2406 1854 2467 ioci
1890 2426 2013 2467 eum

372 2499 777 2567 reconciliaret,
828 2505 885 2555 et
930 2504 1284 2555 sacrosancto
1343 2499 1596 2555 crismate
1651 2513 1750 2569 per
1800 2498 2015 2571 episco-

372 2591 512 2661 palis
559 2603 752 2645 manus
807 2588 1242 2660 impossitionem
1293 2590 1470 2645 sancti
1528 2588 1763 2659 Spiritus
1816 2591 2010 2662 gratia,

370 2695 493 2754 quae
521 2682 589 2737 ab
619 2681 881 2738 bereticis
911 2680 1030 2738 dari
1059 2694 1169 2738 non
1200 2684 1403 2752 potest,
1456 2681 1907 2750 conﬁrmaretur;
1954 2682 2012 2738 in

368 2785 475 2845 qua
504 2772 667 2830 etiam
716 2782 989 2828 consensu
1039 2776 1093 2828 et
1139 2772 1547 2842 subscriptione
1596 2772 1839 2828 omnium
1873 2785 2010 2828 con-

364 2860 614 2917 stitutum
646 2866 749 2928 est,
782 2866 843 2917 ut
871 2861 1055 2917 nullus
1092 2860 1266 2918 laicus
1295 2862 1503 2917 crimen
1535 2861 1738 2916 clerico
1770 2874 1873 2916 nec
1902 2860 2015 2918 cle-

364 2948 512 3006 ricus
540 2948 820 3005 inferioris
863 2951 1067 3021 gradus
1104 2950 1173 3005 ad
1219 2950 1564 3021 superiorem
1592 2950 1649 3005 id
1676 2954 1760 3005 est
1787 2949 2015 3019 presbe-

2093 1884 2217 1926 cum
2256 1870 2595 1926 stercoribus
2645 1874 2701 1925 et
2765 1870 3071 1927 visceribus
3118 1870 3384 1941 eﬁ'udens,
3425 1874 3539 1931 cito
3579 1875 3736 1933 obiit.

2162 1958 2289 2015 342.
2328 1959 2418 2016 21.
2475 1960 2680 2031 [cccxx]
2733 1959 2931 2034 (HIER.)
2978 1962 3345 2018 Constantinus
3395 1961 3433 2016 8
3487 1968 3536 2019 et
3597 1967 3737 2023 Con-

2092 2050 2315 2105 stantius
2371 2050 2425 2104 6.
2466 2049 2741 2105 Arbonius
2779 2049 2970 2106 rethor
3024 2050 3083 2106 in
3119 2048 3319 2107 Affrica
3357 2050 3534 2108 clarus
3570 2051 3737 2108 babe-

2095 2143 2183 2194 tur
2210 2160 2224 2207 ;
2256 2138 2351 2210 qui
2381 2152 2504 2195 cum
2542 2137 2715 2196 Siccae
2746 2138 2814 2195 ad
2845 2138 3262 2196 declamandum
3295 2142 3528 2211 juvenes
3555 2142 3738 2199 erudi-

2094 2233 2198 2293 ret,
2232 2232 2287 2284 et
2333 2229 2512 2285 adhuc
2560 2228 2814 2285 ethnicus
2861 2228 2930 2284 ad
2974 2226 3359 2286 credulitatem
3409 2230 3642 2288 somniis
3675 2231 3739 2264 ‘“

2094 2318 2539 2389 compelleretur,
2580 2332 2759 2389 neque
2789 2320 2857 2375 ab
2891 2319 3154 2390 episcopo
3197 2316 3518 2390 impetraret
3556 2321 3734 2390 ﬁdem,

2094 2421 2257 2478 quam
2295 2422 2513 2479 semper
2565 2408 2996 2481 impugnaverat,
3056 2408 3398 2467 elucubravit
3455 2410 3738 2468 adversum

2096 2499 2381 2567 pristinam
2420 2497 2743 2571 religionem
2781 2498 3247 2557 luculentissimos
3284 2500 3480 2570 libros,
3531 2507 3590 2558 et
3626 2506 3744 2559 tan-

2096 2586 2220 2643 dem
2248 2587 2416 2644 veluti
2455 2586 2781 2660 quibusdam
2831 2589 3119 2646 obsidibus
3165 2590 3388 2660 pietatis
3436 2589 3647 2648 imdum
3682 2590 3741 2624 ’⁸⁷

2093 2677 2422 2748 impetravit.
2466 2679 2769 2749 Drepanam
2798 2678 3051 2735 Bithiniae
3082 2680 3354 2736 civitatem
3384 2680 3441 2737 in
3472 2681 3738 2739 honorem

2094 2766 2334 2822 martiris
2371 2767 2596 2823 Luciani
2649 2766 2727 2823 ibi
2783 2767 3034 2824 condidit
3087 2770 3481 2826 Constantinus
3535 2772 3739 2828 instau-

2094 2872 2242 2926 rans,
2272 2873 2339 2913 ex
2366 2858 2633 2915 vocabulo
2664 2859 2853 2914 matris
2881 2873 2996 2914 suae
3033 2859 3417 2931 Helenopolim
3460 2875 3739 2933 nuncupa-

2093 2947 2190 3003 vit.
2220 2949 2281 3003 In
2329 2948 2619 3004 Antiochia
2666 2947 3000 3005 dominicum
3038 2950 3187 3021 quod
3237 2956 3466 3007 vocatur
3501 2954 3736 3009 Aureum

365 3043 484 3094 tero
532 3039 795 3107 episcopo
843 3037 1109 3105 inferret;
1163 3043 1218 3094 et
1265 3043 1330 3093 ut
1375 3040 1432 3094 in
1476 3050 1616 3109 puro
1658 3038 1776 3096 lino
1807 3054 2010 3110 corpus
2040 3104 2068 3110 Α,
2096 3038 2369 3093 aediﬁcare
2401 3043 2661 3110 emptum.

362 3104 581 3182 Christi
612 3104 893 3195 oﬁ‘eratur,
944 3132 999 3184 et
1036 3127 1234 3183 crisma
1272 3127 1340 3182 ab
1386 3104 1650 3199 episcopo
1700 3104 1924 3197 conﬁci,
1952 3104 2072 3187 etC
2160 3126 2286 3183 343.
2345 3126 2434 3183 22.
2489 3104 2735 3199 icccxm]
2797 3127 2996 3201 (Ηιιιιι.)
3053 3130 3386 3187 Constantius
3419 3131 3460 3184 7
3494 3136 3548 3188 et
3594 3132 3736 3191 Sim-

362 3221 421 3271 ut
458 3215 790 3287 baptizatum
829 3215 988 3272 linlat
1016 3216 1309 3287 presbiter,
1345 3220 1399 3271 et
1430 3215 1737 3273 dalmaticis
1762 3219 1818 3273 in
1849 3218 2009 3274 aeole-

360 3306 441 3363 sia
471 3306 572 3375 uti,
618 3311 674 3363 et
719 3311 779 3362 ut
826 3306 994 3377 pallio
1044 3305 1328 3363 iinostimo
1376 3306 1496 3363 leva
1541 3307 2008 3366 subdiaconorum

359 3402 639 3468 tegeretur
676 3402 733 3454 et
768 3396 981 3468 reliqua
1019 3395 1207 3453 multa.

428 3485 553 3543 339.
594 3487 676 3541 18.
713 3487 961 3560 [cccxvn]
998 3485 1193 3559 (Ηιειι.)
1222 3487 1590 3544 Constantinus
1617 3488 1653 3541 7
1676 3492 1726 3545 et
1755 3492 2008 3546 Constan-

359 3575 461 3633 tius
488 3576 541 3633 4.
575 3578 985 3645 Constantinus,
1020 3576 1164 3633 ﬁlius
1210 3578 1576 3648 Constantini,
1610 3592 1767 3635 cesar
1807 3579 2002 3637 factus.

356 3666 600 3725 Licinius
627 3666 1032 3724 Thessalonica:
1062 3673 1253 3726 contra
1286 3669 1377 3739 jus
1405 3670 1730 3726 sacramenti
1762 3672 2007 3741 privatus

358 3756 648 3813 occiditur.

427 3843 552 3901 340.
594 3845 676 3901 19.
732 3846 1002 3916 [cccxvm]
1056 3846 1251 3917 (Hunc)
1300 3846 1632 3903 Constantius
1668 3847 1704 3901 5
1731 3850 1781 3904 et
1826 3849 2004 3907 Maxi-

356 3950 488 3989 mus.
516 3935 779 3990 Nazarius
798 3935 995 3991 rethor
1017 3934 1252 4006 insignis
1278 3935 1533 3991 habetur.
1576 3937 1820 4008 Crispus,
1862 3939 2006 3996 ﬁlius

355 4023 720 4092 Constantini,
753 4022 998 4080 Licinius
1038 4023 1248 4095 junior,
1300 4026 1633 4082 Constantina
1656 4029 2002 4086 Constantini

354 4112 565 4168 sororis
600 4118 668 4168 ‘et
717 4110 892 4169 Licini
940 4111 1105 4178 ﬁlius,
1157 4111 1534 4169 crudelissime
1573 4114 1998 4174 interﬁciuntur.

424 4198 549 4257 341.
600 4200 690 4256 20.
741 4202 973 4273 [cccxrx]
1030 4200 1233 4273 (liram)
1277 4202 1565 4259 Ianuarius
1593 4206 1865 4261 etJustus.
1906 4207 2000 4262 Vi-

352 4291 602 4348 cennalia
666 4292 1011 4348 Constantini
1074 4292 1395 4348 Nicomedia
1451 4298 1573 4349 acta
1633 4299 1688 4351 et
1745 4299 1999 4367 sequenti

351 4395 496 4438 anno
531 4381 719 4439 Romae
755 4382 924 4438 edita.
974 4382 1253 4454 Hucusque
1299 4382 1571 4439 historiam
1614 4384 1795 4442 scribit
1832 4386 1994 4442 Euse-

2089 3216 2321 3271 machus.
2388 3218 2779 3273 Constantinus
2852 3230 3079 3274 uxorem
3152 3232 3304 3276 suam
3371 3222 3624 3278 Pausiam
3679 3221 3738 3253 ⁸³⁸

2088 3306 2369 3362 interﬁcit.
2428 3308 2671 3363 Donatus
2728 3307 3064 3378 agnoscitur,
3106 3321 3138 3363 a
3190 3323 3302 3379 quo
3358 3323 3459 3382 per
3487 3310 3733 3369 Aﬁ'ricam

2087 3395 2395 3453 Donatiani.
2462 3396 2769 3453 Antiochia
2836 3402 2960 3467 post
3015 3396 3349 3455 Thirannum
3385 3399 3478 3455 20.
3518 3400 3736 3457 ordina-

2087 3490 2179 3542 tur
2225 3487 2519 3557 episcopus
2566 3484 2793 3553 Vitalis;
2847 3492 2973 3557 post
3019 3499 3181 3558 quem
3229 3487 3320 3545 21.
3380 3489 3730 3561 Fiiogonius;

2088 3576 2177 3631 cui
2206 3575 2473 3632 successit
2502 3575 2590 3632 22.
2643 3574 2941 3645 Paulinus;
2992 3582 3118 3647 post
3159 3590 3323 3647 quem
3364 3576 3457 3635 23.
3509 3578 3734 3635 Eustha-

2087 3664 2255 3721 thius.
2296 3668 2413 3734 Quo
2442 3666 2500 3722 in
2540 3665 2762 3722 exilium
2800 3666 2872 3722 ob
2909 3664 3072 3722 ﬁdem
3114 3673 3291 3736 truso,
3324 3682 3500 3741 usque
3531 3670 3591 3725 in
3623 3682 3731 3740 pre-

2086 3762 2296 3812 sentem
2328 3755 2491 3812 diem.

2155 3845 2281 3901 344.
2324 3844 2416 3903 23.
2471 3845 2718 3915 [cccxxn]
2773 3847 2972 3901 Bassus
3016 3850 3065 3901 et
3110 3842 3384 3904 Ablabius.
3433 3842 3729 3905 Arriani’u

2087 3933 2358 3992 aaclesiam
2422 3934 2802 4005 optinuerunt,
2857 3934 2913 3990 id
2970 3940 3055 3991 est
3110 3935 3373 4005 Eulalius,
3440 3937 3727 4005 Eusebius,

2083 4023 2398 4093 Eufronius,
2454 4022 2732 4092 Placillus,
2792 4021 3064 4092 Stei‘anus,
3120 4025 3366 4096 Lentius,
3425 4024 3722 4094 Eudoxius,

2082 4114 2338 4184 Melitius,
2380 4115 2635 4184 Euzotus,
2675 4114 3007 4183 Dorotheus,
3040 4127 3230 4172 rursus
3266 4114 3544 4184 Melitius;
3595 4128 3725 4187 quo-

2081 4218 2201 4261 rum
2247 4203 2461 4262 idcirco
2511 4211 2759 4275 tempora
2806 4218 2919 4262 non
2948 4205 3152 4278 digessi
3200 4205 3348 4278 quod
3399 4218 3497 4263 eos
3543 4202 3727 4264 hostes

2081 4297 2266 4367 potius
2301 4295 2503 4351 Christi
2537 4310 2701 4366 quam
2740 4295 3033 4367 episcopos
3070 4294 3335 4367 judicem.

2160 4386 2303 4458 [Cod.
2336 4386 2391 4441 in
2419 4400 2611 4456 marg.:
2643 4384 2825 4442 Cicius
2853 4386 3087 4443 decenn.
3118 4386 3317 4457 incipit
3344 4386 3462 4442 ind.
3502 4385 3610 4458 11.]

351 4470 487 4537 bius,
534 4468 795 4545 Pamphili
837 4474 1087 4544 martyris
1142 4446 1562 4542 contubernalis;
1623 4475 1704 4530 cui
1750 4490 1845 4532 nos
1889 4446 2059 4531 istan
2150 4446 2275 4531 345.
2308 4474 2399 4531 24.
2436 4446 2933 4548 [cccxx111](ii1sn.)
2965 4446 3285 4531 Pacatianus
3314 4479 3363 4531 et
3391 4446 3721 4533 Hilarianus.

351 4560 660 4632 subjecimus
711 4561 804 4633 [id.
859 4566 943 4618 est
998 4561 1364 4632 Hieronimus]
1395 4561 1476 4618 '“.
1526 4595 1598 4603 —
1652 4565 1712 4620 In
1760 4581 1867 4637 qua
1912 4565 1995 4622 hi-

350 4650 524 4710 storia
554 4666 678 4723 qua:
725 4651 1020 4722 Tripertita
1068 4651 1271 4708 dicitur
1311 4652 1386 4708 ita
1434 4650 1669 4711 habetur
1717 4654 1803 4727 (ιι,
1859 4654 1990 4728 18):

351 4740 559 4800 Ilelena
589 4756 808 4798 crucem
845 4741 1052 4798 invenit
1091 4740 1337 4814 duasque
1368 4744 1487 4815 ejus
1515 4750 1699 4815 partes
1744 4760 1845 4802 suo
1882 4744 1993 4802 ﬁlio

353 4831 549 4888 missit.
578 4833 815 4899 Quarum
840 4846 948 4887 una
976 4832 1033 4887 in
1071 4836 1249 4888 statua
1277 4832 1334 4888 in
1368 4832 1489 4890 foro
1527 4835 1869 4891 Constantini
1908 4852 1995 4892 su-

351 4936 454 4994 per
499 4921 807 4978 columnam
857 4922 1270 4992 pirphireticam
1323 4923 1536 4995 possuit
1581 4924 1992 4997 Constantinus,

348 5010 574 5068 alteram
623 5025 753 5068 vero
811 5016 1070 5083 argentea
1132 5011 1291 5067 theca
1347 5011 1585 5068 clausam
1651 5014 1708 5070 in
1775 5012 1994 5074 civitate

345 5099 641 5159 custodivit
674 5100 783 5175 (ιιι,
815 5100 900 5173 6).
934 5101 1126 5158 Arrius
1153 5116 1284 5158 vero
1316 5100 1495 5159 ﬁctam
1525 5103 1689 5161 ﬁdem
1717 5104 1991 5178 scribens,

343 5188 412 5250 de
451 5189 616 5249 exilio
663 5190 877 5249 vocavit
926 5205 1049 5247 eum
1099 5192 1511 5263 Constantinus,
1565 5194 1660 5266 qui
1710 5202 1993 5256 revertens

346 5280 427 5337 sic
481 5280 841 5337 Constantino
900 5280 1103 5351 juravit
1137 5302 1149 5336 :
1187 5299 1215 5335 «
1254 5282 1308 5338 Si
1376 5297 1486 5339 non
1548 5284 1821 5343 credimus
1887 5291 1992 5345 Pa-

350 5375 488 5426 trem
530 5376 584 5425 et
620 5370 814 5427 Filium
854 5375 909 5427 et
950 5371 1211 5441 Spiritum
1259 5379 1528 5442 sanctum,
1570 5374 1713 5432 sicut
1759 5378 1993 5436 ecclesia

2076 4567 2347 4623 iuvencus
2411 4564 2721 4636 presbiter,
2769 4565 3012 4633 fnatione
3072 4565 3383 4636 Hispanus,
3443 4567 3722 4639 evangelia

2079 4657 2319 4714 heroicis
2354 4656 2603 4712 versibus
2640 4655 2896 4725 explicat.
2934 4654 3134 4727 (Cass)
3176 4654 3524 4726 Porphirius,
3558 4657 3722 4714 misso

2077 4749 2147 4804 ad
2194 4746 2607 4805 Constantinum
2654 4746 2857 4818 insigni
2894 4745 3191 4814 volumine,
3223 4746 3391 4802 exilio
3434 4745 3718 4804 liberatur.

2083 4838 2196 4910 [liis
2243 4836 2563 4894 consulibus
2610 4834 2800 4891 civitas
2846 4850 2969 4907 quae
3017 4834 3171 4906 prius
3218 4836 3533 4909 Byzantium
3583 4836 3721 4893 dicta

2079 4934 2181 4996 est,
2214 4934 2423 4985 mutato
2472 4925 2715 4994 nomine,
2748 4940 2779 4981 a
2825 4926 3187 4983 Constantino
3217 4926 3723 5000 Constantinopolis

2077 5017 2430 5088 nominatur.]

2147 5106 2271 5163 346.
2308 5106 2398 5163 25.
2435 5104 2697 5179 [cccxx1v]
2733 5103 2930 5176 (HIER.)
2977 5102 3274 5161 Dalmatius
3302 5107 3353 5162 et
3379 5102 3720 5180 Zenophilus.

2074 5197 2417 5256 Alexandria:
2452 5194 2535 5250 19.
2569 5195 2856 5253 ordinatur
2899 5193 3197 5265 episcopus
3242 5194 3594 5252 Athanasius.
3630 5197 3722 5251 De-

2076 5288 2293 5344 dicatur
2321 5283 2828 5355 Constantinopolis
2857 5284 3101 5341 omnium
3135 5297 3277 5354 pene
3307 5284 3527 5341 urbium
3560 5283 3724 5341 nudi-

2075 5384 2207 5435 tate.
2242 5378 2512 5433 Metrorus
2543 5374 2906 5445 phiIOSOphus
2935 5373 3274 5443 agnoscitur.

1708 5477 1933 5534 VARle
1971 5477 2359 5535 LECTIONES.

430 5563 494 5595 '“
536 5569 657 5641 post
704 5563 812 5641 haec
849 5565 1069 5641 quinque
1115 5566 1271 5641 tineis
1308 5585 1478 5627 erasae
1513 5577 1651 5629 sunt.
1730 5574 1794 5606 ³⁸³
1832 5575 2010 5634 hereti
2045 5577 2092 5633 l.
2170 5576 2235 5608 N
2272 5572 2447 5631 sontis
2482 5572 2531 5626 ι.
2607 5570 2669 5603 ³⁵⁷
2698 5569 2846 5641 tege:
2883 5565 3080 5627 iustius.
3159 5566 3224 5603 ’³⁸
3260 5566 3411 5641 lege:
3450 5568 3716 5628 Faustam.

358 5635 421 5668 ’δ’
451 5634 808 5704 coniungenda
836 5640 953 5690 sunt
972 5650 1084 5690 cum
1112 5653 1145 5691 a
1166 5637 1289 5695 343.
