4000 6158
217 349 307 407 701

1518 343 1930 405 CHRONICON.
1968 371 2043 385 —
2078 344 2206 400 LIB.
2248 345 2341 403 III.

3473 349 3585 408 702

275 473 400 531 347.
429 472 523 529 26.
575 472 815 547 {cccxxv}
868 472 1066 546 (Hum)
1098 474 1321 546 Optaius
1350 478 1400 531 et
1443 472 1680 531 Paiinus.
1712 472 1848 529 Edi-
1868 471 2131 540 Aomnes
2157 471 2261 529 sub
2288 470 2623 531 sacerdotali
2652 474 2710 528 et
2736 470 3040 533 christiano
3064 473 3287 533 nomine
3317 475 3586 549 degentes

214 568 294 623 cto
348 557 698 619 Constantini
754 559 1044 630 gentilium
1091 560 1294 633 templa
1353 561 1631 632 [subversa
1677 560 1844 632 sunt].

209 654 298 728 (V.
338 653 402 709 S.
446 652 638 715 Mart.)
691 650 939 721 [Sanctus
983 652 1247 709 Martinus
1296 665 1418 707 cum
1464 657 1611 708 esset
1658 651 1849 708 decem

209 755 493 809 annorum,
544 739 733 796 invitis
776 741 1119 811 parentibus,
1170 746 1362 811 utpote
1409 740 1729 812 gentilibus,
1777 741 1848 797 ad

211 832 458 891 eclesiam
489 828 735 901 confugit
772 844 944 901 seque
983 831 1386 889 catecuminum
1410 830 1472 863 ²³⁰
1508 830 1630 887 ﬁeri
1660 836 1850 903 postu-

207 924 343 982 lavit.
356 927 378 989 ]

269 1008 522 1069 348.27.
568 1009 829 1082 [cccxxvr]
873 1008 1081 1083 (HIER.)
1132 1010 1464 1068 Constantius
1509 1018 1560 1067 et
1605 1009 1846 1067 Albinus.

204 1104 491 1167 Constans,
525 1098 671 1155 ﬁlius
716 1098 1082 1168 Constantini,
1124 1100 1452 1170 provehitur
1488 1099 1558 1156 ad
1597 1113 1846 1172 regnum.

201 1188 520 1248 Pestilentia
550 1194 607 1244 et
633 1187 776 1246 fame
814 1187 1233 1249 innumerabilis
1279 1188 1576 1246 multitudo
1614 1189 1672 1245 in
1708 1189 1851 1249 Siria

203 1282 501 1353 Ciliciaque
525 1279 586 1311 ³³¹
617 1279 803 1351 periit.

270 1370 400 1431 349.
440 1370 531 1427 28.
580 1369 868 1442 [comm]
922 1368 1039 1443 (An.
1072 1368 1257 1441 Mart.)
1299 1370 1630 1442 Nepotianus
1666 1376 1717 1428 et
1753 1372 1851 1426 Fe-

200 1462 417 1519 cundam.
442 1462 502 1518 In
523 1459 902 1533 martirelegie
926 1480 940 1517 :
967 1459 1150 1516 Pridie
1181 1458 1454 1517 Kalendas
1482 1459 1726 1516 Januarii
1754 1473 1850 1516 na-

198 1552 319 1609 talis
347 1550 599 1608 Silvestri
630 1565 811 1621 papae,
833 1551 931 1621 qui
959 1549 1105 1605 sedit
1131 1547 1203 1603 23
1230 1550 1410 1617 annis,
1444 1551 1728 1606 mensibus
1762 1548 1846 1619 10,

195 1643 395 1700 diebus
420 1640 505 1698 11.
537 1641 691 1699 Sedit
709 1646 893 1699 autem
921 1656 990 1698 ex
1010 1641 1102 1697 die
1130 1640 1252 1698 Kal.
1273 1641 1559 1699 Februarii
1590 1655 1764 1711 usque
1790 1641 1847 1695 2.

198 1733 313 1789 Kal.
346 1731 633 1798 Januarii;
673 1736 730 1787 et
756 1730 1008 1801 sepultus
1037 1736 1122 1788 est
1148 1731 1206 1786 in
1245 1729 1519 1787 cimiterio
1559 1730 1846 1797 Priscillae,

1934 575 2041 618 una
2077 561 2216 618 ﬁdes
2244 566 2301 619 et
2330 576 2439 618 una
2482 561 2850 621 saCerdotalis
2891 568 3059 634 atque
3107 562 3388 625 clericalis
3433 582 3591 640 rege-

1930 656 2018 707 ret
2048 665 2262 720 norma,
2311 666 2417 711 nec
2446 653 2738 724 quicquam
2768 668 2800 710 a
2829 668 2931 710 sue
2979 653 3329 712 discerdaret
3376 656 3580 727 capite.

1931 741 2086 796 Nunc
2133 755 2287 813 ergo,
2332 741 2450 813 qui,
2492 746 2553 797 ut
2603 742 2914 813 predictum
2961 755 3066 813 est,
3116 743 3328 802 inimici
3375 751 3581 804 sancta:
3683 810 3689 819 ,

1927 830 2026 885 Dei
2076 831 2328 889 ecclesia:
2352 876 2368 903 ,
2420 834 2653 890 maxime
2700 833 2986 901 Arrianis,
3038 848 3070 889 a
3118 834 3320 904 quibus
3364 835 3585 894 cedidie

1929 919 2160 976 terimur
2199 926 2257 978 et
2294 936 2672 994 expugnamur
2717 928 2774 979 et
2822 922 3205 994 opprimimur,
3247 923 3458 995 prefata
3510 925 3583 980 70

1929 1008 2121 1065 Niceni
2152 1011 2375 1068 concilii
2415 1012 2675 1082 capitula,
2704 1026 2832 1082 quae
2861 1012 2931 1069 de
2969 1012 3181 1084 prefata
3236 1013 3457 1082 sinodo,
3484 1016 3581 1085 ju-

1929 1098 2097 1157 bente
2129 1102 2243 1172 jam
2271 1101 2385 1158 fate
2415 1102 2641 1160 domine
2680 1117 2802 1159 meo
2831 1103 3165 1173 Alexandro,
3200 1103 3427 1163 decreto
3456 1119 3578 1162 em-

1931 1190 2080 1247 nium
2127 1192 2519 1262 episcoporum
2564 1191 2744 1260 attuli,
2794 1207 2920 1263 quin
2970 1195 3137 1250 etiam
3174 1207 3359 1251 ceram
3395 1194 3580 1252 omni-

1929 1280 2035 1337 bus
2082 1282 2309 1339 recitavi
2355 1286 2523 1352 atque
2575 1283 2920 1355 transcripsi,
2945 1288 3075 1339 sunt
3104 1284 3230 1355 igne
3261 1284 3577 1341 combusta:

1931 1371 2203 1440 ebtamus,
2236 1377 2355 1429 uta
2384 1376 2583 1429 vestrae
2629 1378 2836 1429 sanctae
2882 1373 3035 1429 sedis
3069 1373 3303 1430 meleslae
3342 1375 3583 1432 auctori-

1932 1467 2045 1516 tate
2084 1462 2374 1532 percipere
2412 1476 2514 1531 per
2552 1467 2839 1532 presentes
2868 1461 3067 1532 ligatos
3104 1476 3430 1532 mereamur,
3463 1481 3493 1517 »
3525 1469 3583 1520 et

1930 1550 2144 1622 reliqua
2195 1552 2378 1624 (Ceno.
2410 1553 2453 1621 Ι,
2487 1567 2545 1623 p.
2575 1550 2734 1623 553).
2776 1580 2851 1594 --
2889 1570 2919 1604 ι(
2955 1553 3221 1609 Omnibus
3256 1553 3581 1613 venerabili-

1929 1640 2034 1697 bus
2087 1641 2352 1699 fratribus
2404 1641 2703 1700 Athanasio
2764 1647 2821 1698 et
2888 1642 3161 1699 universis
3215 1643 3581 1715 Egiptierum

1929 1731 2228 1802 episcopis,
2276 1734 2488 1789 Marcus
2525 1738 2731 1789 sanctae
2780 1733 3043 1789 Romana:
3080 1731 3400 1802 apostolicae
3430 1731 3580 1788 sedis

195 1823 275 1878 via
320 1821 552 1889 Salaria,
601 1819 839 1877 miliario
879 1819 933 1875 3.
977 1820 1046 1875 ab
1091 1819 1226 1875 urbe
1264 1821 1459 1888 Roma,
1489 1819 1544 1877 2.
1589 1819 1707 1876 Kal.
1745 1822 1987 1880 Ja-Bet
2041 1821 2369 1879 universalis
2425 1822 2659 1879 ecclesiae
2717 1822 3012 1891 episcopus
3061 1820 3314 1877 salutem.
3380 1819 3574 1887 Doleo,

194 1912 398 1980 nuarii,
435 1910 776 1982 [Constantio
807 1914 863 1966 et
892 1908 1190 1966 Volusiano
1228 1909 1591 1979 consulibus],
1624 1915 1681 1966 et
1717 1922 1843 1964 ces-

192 2001 332 2056 savit
362 2001 715 2071 episcopatus
744 1998 942 2055 diebus
976 1998 1059 2055 15.
1089 2000 1231 2055 Nota
1258 1998 1401 2055 duos
1430 2012 1649 2055 menses
1678 2011 1841 2054 vaca—
1870 1989 1880 1997 ’

193 2090 364 2148 tionis
384 2091 741 2162 episcopatus
760 2103 792 2145 a
810 2088 865 2145 4.
889 2088 1020 2145 ldus
1047 2089 1387 2157 Decembris,
1414 2102 1525 2159 quo
1544 2087 1846 2144 Miliciades

190 2194 334 2251 papa
364 2179 523 2251 obiit,
558 2193 732 2250 usque
764 2179 880 2235 Kal.
915 2178 1228 2247 Februarii,
1253 2193 1364 2249 quo
1394 2177 1658 2235 Silvester
1676 2176 1841 2243 sedit,

188 2275 246 2326 et
278 2269 348 2325 15
377 2269 497 2327 dies
527 2272 740 2339 postea,
775 2268 927 2338 quod
958 2272 1177 2337 tempus
1205 2268 1563 2338 pontiﬁcibus
1592 2279 1704 2322 non
1734 2266 1844 2321 im-

188 2364 439 2429 putatur.
486 2360 543 2414 Si
574 2371 706 2427 ergo
736 2358 813 2413 ita
855 2358 1123 2428 temporis
1167 2358 1489 2427 pontiﬁcum
1516 2355 1725 2428 aliquid
1755 2355 1845 2410 di-

182 2447 352 2517 fecit,
404 2460 640 2519 quorum
685 2445 865 2502 natale
923 2445 1206 2501 annuatim
1262 2446 1600 2515 celebratur,
1660 2458 1845 2502 nonne

182 2537 375 2593 multo
407 2536 578 2605 magis
607 2540 825 2603 tempus
852 2534 1295 2605 imperatorum?

260 2627 487 2681 Marcus
524 2623 596 2678 32
634 2639 781 2695 papa
823 2628 943 2695 post
985 2625 1196 2679 Petrum
1240 2623 1540 2693 ordinatur,
1572 2625 1663 2695 qui
1706 2624 1847 2680 sedit

179 2713 455 2770 inermibus
483 2712 536 2781 8,
570 2712 868 2782 [predictis
905 2712 1228 2769 consulibus
1272 2712 1437 2781 sedit,
1469 2713 1526 2768 id
1557 2719 1641 2769 est
1667 2715 1849 2783 Nepe-

183 2806 345 2862 tiane
375 2808 432 2859 et
469 2802 749 2870 Fecunde,
779 2801 1053 2858 successit
1091 2801 1211 2857 Kal.
1251 2802 1459 2872 Febr.].
1492 2804 1553 2858 In
1592 2803 1843 2858 decret.:

188 2912 216 2944 «
264 2892 502 2948 Domine
550 2896 742 2947 sancte
800 2895 856 2946 et
902 2889 1199 2960 apostolici
1266 2890 1522 2947 culminis
1576 2892 1845 2961 dignitate

185 2979 509 3039 venerande
541 2980 721 3036 Marco
751 2984 961 3035 sanctae
1007 2980 1270 3035 Romanis
1312 2983 1369 3036 et
1404 2979 1729 3049 apostolica:
1758 2994 1845 3035 se-

1924 1908 2165 1981 fratres,
2224 1919 2281 1969 et
2337 1911 2564 1968 nimium
2627 1911 2932 1969 contristor
2988 1922 3158 1981 super
3220 1908 3576 1966 amictionem

1925 2007 2160 2057 vestram
2192 2019 2219 2052 »
2247 2005 2303 2057 et
2329 2001 2542 2072 reliqua
2596 2001 2779 2072 (Cone.
2811 2002 2855 2067 Ι,
2889 2015 2945 2072 p.
2977 1999 3134 2072 555).
3189 2017 3218 2054 ‹‹
3248 2000 3325 2056 De
3355 1998 3577 2069 capitu-

1929 2089 2107 2147 lorum
2173 2096 2481 2147 vestrorum
2519 2091 2585 2125 ’⁸³
2647 2092 2842 2148 Niceni
2900 2090 3148 2157 concilii,
3214 2089 3416 2160 quibus
3476 2102 3577 2146 vos

1922 2179 2242 2237 interfuisse
2293 2180 2495 2236 litteris
2538 2186 2735 2236 vestrae
2792 2179 3154 2235 fraternitatis
3203 2177 3576 2249 signiﬁcastis,

1927 2282 1958 2323 a
1988 2269 2214 2335 nostris,
2247 2268 2344 2338 qui
2384 2281 2495 2325 una
2522 2268 2807 2325 vobiscum
2842 2267 3233 2334 interfuerunt,
3267 2267 3580 2337 diligentio-

1926 2357 2083 2413 ribus
2128 2357 2549 2428 requissivimus
2604 2357 3091 2423 cellucatienibus,
3133 2356 3230 2426 qui
3268 2355 3367 2423 ita,
3397 2360 3460 2410 ut
3485 2368 3579 2411 ve-

1926 2452 2055 2505 strae
2079 2451 2290 2504 testata:
2313 2453 2443 2504 sunt
2470 2447 2917 2517 litterae,emnem
2950 2446 3114 2503 nobis
3134 2444 3387 2501 ordinem
3408 2455 3577 2513 expe-

1924 2542 2155 2594 suerunt
2191 2542 2247 2594 et
2272 2543 2511 2595 vestram
2548 2535 2849 2608 epistolam
2886 2550 2986 2607 per
3013 2536 3201 2594 omnia
3232 2547 3415 2591 veram
3455 2547 3576 2589 esse

1926 2626 2204 2682 testiﬁcati
2233 2632 2400 2696 sunt;
2445 2640 2556 2684 non
2590 2634 2651 2684 ut
2686 2641 2790 2684 nos
2828 2626 3038 2697 aliquid
3075 2626 3361 2682 sinistrum
3393 2627 3576 2680 vestra

1928 2727 1998 2771 ex
2044 2721 2199 2784 parte
2245 2716 2662 2785 arbitraremur,
2691 2717 2792 2773 sed
2820 2729 2924 2773 nes
2952 2720 3008 2772 et
3036 2729 3134 2772 vos
3175 2714 3414 2785 illosque
3450 2712 3577 2768 abs-

1929 2816 2036 2872 que
2103 2803 2215 2858 ulla
2273 2804 2330 2859 in
2396 2809 2682 2874 posterum
2748 2804 3079 2860 titubatiene
3134 2816 3304 2859 unum
3367 2800 3575 2856 sentire

1927 2893 2262 2960 obtaremus,
2301 2898 2360 2950 et
2405 2901 2612 2951 sanctas
2670 2896 2915 2951 Romana
2971 2892 3227 2959 ecclesia,
3268 2904 3392 2962 quas
3434 2903 3578 2946 sem-

1926 2996 2027 3051 per
2066 2982 2449 3039 immacculata
2493 2984 2694 3040 mansit
2741 2989 2798 3040 et
2850 2984 3086 3040 Domine
3139 2983 3370 3053 iubente
3399 2979 3465 3015 '“
3519 2983 3576 3035 et

184 3072 272 3127 dis
302 3068 637 3127 universalis
675 3068 897 3126 eclesias
943 3082 1121 3139 papae,
1152 3067 1484 3125 Athanasius
1512 3073 1569 3124 et
1600 3067 1843 3127 universi
1922 3072 2088 3129 beate
2135 3075 2299 3131 Petro
2347 3087 2511 3144 opem
2556 3073 2770 3131 ferente
2816 3074 2874 3129 in
2923 3073 3109 3130 future
3158 3072 3422 3139 manebit,
3451 3071 3574 3127 sine

185 3160 535 3231 Egiptierum
585 3158 853 3229 episcopi.
896 3158 977 3213 Ad
1006 3172 1105 3214 vos
1134 3158 1450 3227 pervenisse
1482 3172 1592 3214 non
1622 3148 2037 3218 dubita-Culla
2094 3162 2467 3220 hereticorum
2532 3162 2892 3220 insultatione
2952 3164 3107 3219 tlrma
3163 3168 3220 3219 et
3276 3160 3575 3218 immobilis

185 3265 326 3319 mus,
366 3254 572 3321 quanta
619 3256 675 3305 et
724 3248 907 3319 qualia
953 3248 1023 3304 ab
1070 3248 1333 3304 hereticis
1380 3252 1435 3304 et
1482 3248 1713 3306 maxime
1771 3249 1839 3304 ab
1925 3253 2076 3309 omni
2118 3258 2365 3325 tempore
2414 3254 2695 3325 persistet.
2745 3255 2844 3310 His
2889 3255 2967 3311 ita
3005 3252 3245 3324 peractis
3278 3253 3575 3323 diligenter

182 3341 439 3398 Arrianis
487 3338 695 3396 cotidie
742 3338 1001 3408 patimur,
1049 3344 1111 3394 ut
1156 3337 1320 3394 etiam
1363 3338 1547 3395 vivere
1587 3340 1699 3409 jam
1738 3351 1842 3395 nes

184 3431 362 3489 tedet.
415 3431 476 3486 ln
525 3434 733 3485 tantum
785 3428 949 3484 etiam
996 3432 1187 3483 nostra
1229 3432 1595 3496 vastaverunt,
1630 3432 1690 3484 ut
1738 3441 1841 3484 nec

185 3520 294 3578 ulla
359 3519 650 3577 ustensilia
705 3518 869 3574 nobis
935 3517 1331 3585 dimisserunt,
1391 3517 1567 3574 libros
1617 3524 1842 3575 nostros

184 3625 369 3682 usque
399 3610 467 3667 ad
514 3610 799 3666 minimum
828 3607 1216 3663 incenderunt.
1264 3609 1611 3677 Quaprepter
1641 3620 1843 3676 preca—

186 3716 328 3770 mur,
399 3707 554 3773 pater
602 3700 941 3766 beatissime,
992 3698 1122 3768 quia
1178 3710 1288 3754 non
1335 3697 1649 3754 dubitamus
1693 3696 1840 3767 apud

185 3805 281 3847 ves
326 3791 583 3863 plenaria
621 3802 742 3846 esse
788 3786 984 3844 Niceni
1015 3785 1238 3843 concilii
1277 3786 1628 3857 exemplaria,
1660 3790 1721 3842 ut
1748 3785 1843 3841 illa

184 3881 375 3948 nobis,
409 3894 532 3950 quae.
578 3884 786 3935 sancta)
833 3875 1240 3934 recordationis
1296 3876 1710 3946 predecessoris
1749 3890 1842 3931 ve-

182 3971 284 4026 stri
340 3969 593 4026 Silvestri
638 3966 885 4036 fuerunt,
917 3966 1021 4023 sub
1052 3970 1170 4022 tuta
1198 3965 1431 4022 mittatis
1458 3966 1836 4036 stipulatione.

185 4061 316 4117 Nam
354 4059 577 4131 quando
618 4058 884 4129 predicte:
930 4055 1131 4112 sinodo
1171 4070 1295 4112 cum
1332 4056 1509 4112 beatae
1538 4056 1602 4087 ’δ’
1640 4067 1844 4112 meme-

1922 3343 2291 3413 requirentes,
2333 3345 2390 3399 in
2437 3350 2628 3399 sancte
2668 3349 2875 3399 nostrae
2914 3348 2971 3399 et
3006 3342 3328 3412 apostolicae
3364 3340 3572 3395 scrinio

1921 3433 2113 3488 eadem
2142 3446 2267 3503 quae
2309 3438 2500 3488 sancta
2546 3430 2954 3488 recordationis
3002 3426 3409 3500 predecessorii
3448 3439 3573 3481 meo

1920 3521 2183 3577 Silvestre
2240 3529 2370 3576 sunt
2424 3521 2655 3588 directa,
2711 3519 3098 3589 septuaginta,
3166 3516 3312 3572 sicut
3360 3512 3575 3585 signiti-

1922 3610 2110 3675 castis,
2160 3608 2402 3679 capitula
2448 3608 2625 3664 inlesa
2669 3607 2999 3664 invenimus.
3054 3607 3178 3674 Ipsa
3226 3604 3372 3660 enim
3414 3600 3573 3659 vobis

1923 3705 2152 3768 prepter
2216 3697 2605 3753 auctoritatem
2661 3700 2718 3751 et
2781 3693 3143 3764 scriptionem
3171 3692 3236 3726 ⁸⁸⁵
3292 3696 3573 3748 tantorum

1925 3794 2139 3858 patrum
2191 3793 2245 3844 et
2301 3788 2422 3856 ejus
2465 3786 2648 3857 magni
2697 3784 2922 3842 concilii
2977 3784 3203 3840 minime
3252 3783 3567 3848 missimus;

1920 3877 2019 3933 sed
2066 3892 2166 3947 per
2210 3877 2403 3933 eadem
2449 3888 2635 3933 ceram
2681 3872 3037 3946 apecrisiaris
3085 3873 3287 3931 vestris
3336 3870 3444 3930 alia
3488 3872 3568 3929 si-

1919 3967 2093 4036 milia,
2152 3968 2390 4050 eundem
2452 3977 2742 4022 numerum
2806 3961 3110 4037 eademque
3146 3962 3212 3996 ⁸⁸⁸
3278 3968 3334 4020 et
3396 3964 3572 4034 ipsam

1919 4057 2387 4129 subscriptionem
2443 4055 2809 4124 continentia,
2858 4055 3017 4112 vobis
3072 4054 3319 4111 scribere
3366 4058 3423 4110 et
3466 4054 3570 4110 sub

186 4150 283 4207 ria
330 4148 674 4219 Alexandre,
724 4147 893 4218 digne
943 4148 1055 4202 Dee
1103 4145 1365 4215 pontiﬁce
1412 4150 1626 4214 nostro,
1656 4145 1713 4202 id
1758 4149 1842 4202 est
1923 4154 2073 4205 certa
2126 4147 2484 4220 stipulatione
2541 4147 2759 4203 mittere
2815 4146 3124 4203 curavimus
3152 4148 3199 4198 »‘
3234 4149 3290 4201 et
3334 4143 3567 4215 reliqua.

185 4239 575 4297 Alexandrina:
625 4236 864 4295 civitatis
919 4236 1204 4306 episcopo,
1252 4236 1311 4292 in
1368 4235 1693 4293 diaconatus
1749 4235 1843 4291 in-
1921 4240 2057 4294 Data
2087 4244 2172 4294 est
2218 4237 2272 4294 9.
2308 4236 2425 4292 Kal.
2458 4235 2803 4301 Novembris,
2849 4235 3159 4305 Nepotiane
3208 4238 3264 4289 et
3310 4234 3570 4289 Fecunda

186 4330 483 4385 terfuimus
528 4326 734 4395 ofﬁcio,
766 4326 868 4382 sub
908 4331 1114 4382 nostrae
1160 4326 1454 4397 presentius
1492 4325 1837 4392 testimonio,
1922 4328 2055 4384 viris
2088 4325 2499 4383 venerabilibus
2538 4323 2858 4380 clarissimis
2886 4320 3226 4378 consulibus.
3258 4351 3331 4362 --
3358 4322 3572 4376 Marcus

188 4433 286 4488 per
329 4420 529 4475 beatos
571 4417 724 4474 vires
762 4416 1040 4473 Victorem
1085 4418 1141 4470 et
1187 4416 1529 4472 Vincentium
1575 4415 1875 4488 presbite-_
1924 4418 2064 4474 obiit
2107 4418 2248 4472 Non.
2280 4414 2596 4480 Octimbris,
2627 4417 2685 4469 et
2728 4411 2981 4482 sepultus
3025 4411 3084 4465 in
3130 4410 3403 4465 cimiterio
3451 4405 3573 4463 Bal-

187 4486 300 4577 res,
356 4507 680 4579 apostolicae
736 4504 1152 4576 apecrisiaries,
1191 4505 1357 4560 missa
1407 4510 1537 4560 sunt
1583 4486 2091 4575 predictoninaa,
2122 4505 2210 4561 via
2234 4503 2533 4572 Adriatica,
2554 4501 2705 4574 quod
2741 4501 2861 4573 ipse
2886 4499 3151 4556 insistens
3181 4496 3331 4554 fecit.
3371 4498 3569 4569 (Anon.

188 4612 346 4669 papae
386 4597 670 4664 Silvestre,
705 4609 827 4652 cum
877 4593 1268 4664 astipulatiene
1311 4592 1565 4660 subnixa,
1599 4593 1839 4663 capitula

186 4686 274 4745 70.
302 4690 447 4744 Sane
484 4685 838 4757 presentibus
878 4684 1042 4740 nobis
1068 4681 1142 4737 80
1168 4683 1226 4739 in
1264 4686 1565 4739 memorata
1594 4681 1839 4753 capitula

188 4780 424 4834 trnctata
473 4782 604 4832 sunt
653 4775 876 4842 sinodo,
930 4773 1148 4829 scilicet
1201 4771 1274 4827 4O
1324 4788 1357 4829 a
1400 4770 1610 4839 Grecis,
1667 4774 1840 4828 Greca

189 4866 339 4923 edita
386 4867 553 4938 linga,
595 4870 651 4921 et
688 4864 761 4918 40
808 4878 840 4919 a
879 4862 1107 4930 Latinis,
1157 4862 1307 4918 edita
1354 4863 1566 4918 Latine.
1614 4861 1721 4917 Sed
1752 4862 1843 4918 Vi-

190 4970 311 5011 sum
357 4962 443 5012 est
490 4955 597 5010 318
653 4954 908 5025 patribus
962 4954 1022 5008 in
1074 4952 1327 5023 predicte
1381 4953 1591 5023 Spiritu
1647 4956 1842 5010 sancte

191 5046 423 5116 repletis
468 5045 706 5102 concilio
758 5043 1127 5115 congregatis,
1181 5047 1236 5098 et
1283 5042 1516 5097 maxime
1550 5043 1663 5112 jam
1693 5042 1843 5099 dicto

193 5135 504 5192 Alexandre
562 5139 617 5190 et
671 5133 994 5204 apostolicae
1060 5132 1418 5202 apecrisiaris
1448 5175 1464 5200 ,
1535 5137 1596 5187 ut
1652 5133 1844 5189 decem

192 5226 451 5295 capitqu
497 5224 871 5280 adunarentur
919 5221 1043 5277 aliis
1089 5226 1254 5291 atque
1304 5222 1567 5293 congruis
1606 5224 1665 5278 in
1708 5224 1846 5280 locis

194 5315 597 5379 insererentur,
628 5319 682 5369 et
711 5313 780 5369 ad
827 5311 1059 5368 formam
1103 5308 1176 5362 70
1219 5308 1618 5382 discipulorum
1661 5312 1746 5371 vel
1775 5313 1848 5367 7O

193 5403 465 5477 lingarum
484 5403 627 5460 tanti
650 5408 706 5459 et
731 5406 843 5458 tam
864 5396 1188 5457 excellentis
1218 5396 1440 5457 concilii
1470 5400 1667 5459 ﬁerent
1697 5403 1848 5474 capi-

193 5492 335 5559 tula,
358 5508 477 5563 quae
499 5505 717 5549 omnem
738 5489 1169 5548 christianerum
1196 5485 1559 5548 informarent
1581 5492 1771 5550 orbem
1794 5498 1850 5551 et

2203 4696 2349 4756 papa
2395 4681 2487 4737 33.
2532 4686 2654 4755 post
2702 4683 2913 4737 Petrum
2962 4675 3258 4745 ordinatur,
3303 4675 3393 4748 qui
3436 4674 3571 4731 sedit

1922 4776 2074 4833 annis
2109 4774 2197 4843 16,
2227 4772 2487 4829 mensibus
2513 4772 2569 4828 9.
2606 4770 2890 4843 [Feiiciano
2920 4765 3168 4837 consule].

1994 4863 2120 4920 350.
2151 4863 2242 4919 29.
2283 4861 2587 4935 [cccxxvin]
2640 4858 2838 4928 (HIER.)
2887 4856 3186 4914 Feiicianus
3224 4859 3273 4910 et
3314 4853 3570 4910 Titianus.

1923 4956 2242 5014 Callecerus
2285 4952 2343 5008 in
2385 4954 2564 5023 Cypro
2612 4963 2704 5005 res
2740 4962 2911 5004 novas
2941 4945 3185 5013 molitus,
3218 4943 3569 5015 opprimitur.

1925 5043 2319 5103 Constantinus
2348 5055 2470 5098 cum
2502 5039 2693 5095 liberis
2739 5037 2855 5093 suis
2903 5035 3238 5092 heneriﬁcas
3282 5033 3351 5089 ad
3393 5034 3572 5089 Ante-

1926 5134 2079 5193 nium
2108 5132 2327 5189 litteras
2355 5130 2542 5186 mittit.

1999 5222 2124 5279 351.
2192 5220 2283 5276 30.
2356 5221 2624 5291 [cccxxix]
2694 5216 2896 5288 (HIER.)
2960 5216 3124 5269 Ursus
3183 5218 3233 5268 et
3291 5211 3571 5269 Polemius.

1928 5311 2348 5371 Tricennalibus
2393 5305 2742 5365 Constantini
2788 5301 3085 5361 Dalmatius
3133 5315 3289 5359 cesar
3334 5301 3575 5374 appella-

1932 5410 2043 5463 tur.
2090 5404 2255 5458 Pater
2282 5396 2476 5458 rethor
2503 5398 2674 5455 Bome
2712 5392 3107 5466 gloriosissime
3152 5388 3333 5449 decet.
3382 5390 3574 5450 Nazari

1933 5491 2177 5551 retheris
2204 5486 2316 5547 ﬁlia
2342 5486 2401 5548 in
2434 5486 2753 5558 eloquentia
2790 5484 2934 5557 patri
2963 5486 3300 5555 coaequatur.
3332 5482 3574 5540 Tiberia-

1557 5583 1783 5638 VARLE
1835 5582 2222 5641 LECTIONES.

241 5629 335 5685 "5°
364 5654 748 5711 catecuminu?
781 5653 828 5709 1.
906 5652 966 5683 ¹⁵¹
997 5650 1242 5723 Ciliaque
1279 5652 1325 5720 l,
1402 5650 1465 5683 ’δ’
1504 5629 1755 5709 διδῶ-δῖ

196 5726 261 5758 ’³⁸
300 5726 517 5799 supple:
550 5726 734 5784 verba.

1831 5655 1896 5689 ’⁵³
1935 5656 2045 5723 iege
2066 5673 2083 5709 ε
2128 5652 2378 5710 veritate.

2456 5648 2520 5681 ’δ”
2552 5650 2776 5719 juvante
2822 5647 2876 5704 2.
2955 5646 3019 5678 ’⁸³
3064 5645 3527 5717 subscriptionem
3553 5648 3577 5697 τ
