4000 6158
402 335 509 390 703

1809 332 2090 386 MARIANI
2130 331 2333 387 SCOTT
2341 333 2355 384 l

3669 329 3773 383 704

405 475 529 528 nus,
561 460 644 515 vir
682 459 943 527 disertus,
989 456 1264 528 prefectus
1310 456 1576 528 pretorio,
1625 455 1832 512 Gallias
1879 456 2246 527 regit.Atans
2291 456 2346 512 2.
2398 454 2790 512 Constantinus
2847 452 3051 508 bellum
3105 451 3264 508 fratri
3309 450 3578 520 inferens,
3621 454 3777 521 juxta

407 549 726 606 Eustathius
781 547 1418 617 Constantinopolitanus
1473 546 1828 616 agnoscitur;
1890 548 2047 616 cujus
2126 547 2470 618 Aquilegiam
2520 543 2812 600 occiditur.
2845 543 3006 598 Vario
3050 547 3247 597 eventu
3282 542 3573 598 adversum
3614 545 3781 598 Fran-

413 638 685 696 industria
723 636 1103 693 Hierusolimis
1131 636 1433 690 martirium
1465 641 1840 692 constructum
1871 641 1973 691 est.

2129 649 2226 691 cos
2272 651 2304 690 a
2354 637 2652 691 Constante
2701 630 3116 703 pugnantur'“.

3171 631 3347 701 (SULP.
3399 633 3548 697 Sav.)
3596 631 3778 688 Multa

483 727 610 783 352.
661 725 750 782 31.
808 725 1046 796 [cccxxx]
1107 725 1289 795 (SULP.
1341 723 1483 794 δεῖν.)
1542 726 1873 780 Constantius
1919 723 1955 776 2
2000 728 2049 778 et
2131 725 2362 780 orientis
2420 725 2588 779 urbes
2644 729 2788 778 terre
2854 727 3006 777 motu
3071 720 3327 776 horribili
3393 720 3782 777 conciderunt.

415 820 689 874 Constans.
744 814 897 886 (Vita
942 815 1006 870 S.
1055 813 1249 884 Mart.)
1307 813 1556 884 [Sanctus
1609 814 1871 870 Martinus
1927 827 2049 868 cum

2138 815 2385 884 [Sanctus
2427 813 2486 844 ²⁶¹
2536 813 2818 878 Martinus,
2869 824 2993 865 cum
3053 816 3197 865 esset
3253 824 3521 866 annorum
3571 811 3785 867 duode-

417 913 564 962 esset
609 918 877 960 annorum
911 901 996 968 15,
1029 906 1218 972 raptus
1255 910 1310 958 et
1350 909 1654 969 catenatus,
1695 903 2052 958 sacramentis
2132 903 2345 974 viginti,
2395 903 2700 972 baptizatus
2747 907 2851 968 est,
2899 905 2954 955 et
3011 903 3289 954 transacto
3329 900 3646 955 tribunatus
3693 900 3782 955 sui

415 996 743 1052 militaribus
781 992 1093 1062 implicatus
1123 998 1224 1059 est,
1258 1007 1367 1048 uno
1396 999 1606 1048 tantum
1637 1007 1796 1049 servo
1827 992 2047 1049 comite.

418 1085 487 1156 (c.
518 1085 592 1153 2.)
640 1084 771 1138 Cum
802 1082 947 1137 enim
997 1086 1144 1136 esset
1187 1081 1424 1136 edictum
1458 1096 1488 1136 a
1531 1081 1774 1151 regibus,
1807 1086 1867 1136 ut
1901 1087 2053 1136 vete-

415 1185 674 1229 ranorum
721 1171 818 1226 filii
867 1170 936 1225 ad
993 1169 1242 1225 militiam
1290 1171 1761 1237 describerentur,
1810 1169 2056 1240 prodidit

414 1262 701 1318 Martinum
750 1265 906 1330 pater
946 1274 1100 1324 suus,
1131 1260 1225 1329 qui
1273 1258 1526 1315 felicibus
1575 1259 1672 1314 ﬁlii
1719 1260 1934 1315 actibus
1973 1261 2058 1315 in-

415 1350 654 1408 videbat.
714 1348 1029 1405 Triennium
1072 1347 1187 1404 fere
1236 1354 1362 1404 ante
1411 1349 1738 1418 baptismum
1787 1351 1844 1404 in
1892 1350 2059 1404 armis

416 1440 541 1506 fuit,
590 1439 688 1495 sed
736 1439 1004 1494 innocens
1051 1453 1082 1494 a
1127 1439 1296 1494 vitiis.
1332 1438 1403 1510 (c.
1435 1437 1518 1508 3.)
1563 1440 1710 1493 Intra
1758 1452 1898 1509 quos
1946 1445 2058 1494 tres

417 1541 592 1584 annos
621 1527 862 1583 dimedio
894 1526 1125 1584 clamide
1154 1527 1337 1582 induit
1373 1527 1672 1583 Christum.
1705 1532 1776 1596 (c.
1809 1527 1889 1598 2.)
1935 1530 2057 1599 Ipse

416 1623 676 1674 armatam
743 1617 991 1672 militiam
1047 1617 1115 1672 ab
1175 1616 1548 1672 adolescentia
1612 1618 1757 1672 inter
1820 1616 2062 1673 scolares

419 1707 534 1763 alas
580 1707 682 1762 sub
735 1721 863 1776 rege
912 1707 1255 1773 Constantio,
1305 1706 1434 1761 dein
1481 1707 1582 1763 sub
1616 1706 1833 1762 Juliano
1874 1721 2061 1763 cesare

2135 1001 2404 1062 tempore,
2437 989 2876 1047 renuntiaturum
2906 1003 2966 1044 se
3003 987 3202 1044 seculo
3224 989 3513 1059 promisit;
3557 996 3613 1044 et
3643 1002 3783 1059 pene

2136 1083 2417 1137 biennium
2451 1081 2759 1152 baptizatus
2788 1080 3009 1134 nomine
3041 1083 3253 1133 tantum
3292 1077 3558 1148 militavit]
3602 1078 3674 1148 (c.
3703 1077 3782 1148 3.)

2137 1172 2198 1225 In
2245 1169 2509 1226 decretali
2559 1168 2792 1239 epistola
2841 1167 2988 1223 beati
3016 1166 3145 1222 Julii
3183 1180 3341 1237 papa
3389 1167 3465 1222 ita
3508 1167 3782 1222 habetur:

2140 1278 2169 1311 «
2199 1262 2258 1315 In
2293 1260 2511 1315 nomine
2545 1259 2754 1314 domini
2784 1257 2881 1313 Dei
2913 1256 3203 1312 salvatoris
3251 1257 3428 1312 nostri
3470 1258 3599 1312 Jesu
3630 1257 3789 1312 Chri-

2139 1349 2230 1416 sti,
2263 1349 2664 1419 imperantibus
2707 1361 2928 1417 quoque
2975 1346 3337 1402 Constantino
3387 1352 3442 1402 et
3489 1348 3792 1402 Constante

2141 1439 2386 1508 angustis
2422 1452 2567 1493 anno
2597 1437 2651 1504 4,
2685 1437 2788 1492 sub
2818 1437 2907 1491 die
2946 1435 3000 1489 8.
3037 1434 3404 1490 Kalendarum
3445 1435 3791 1503 Octobrium,

2141 1527 2444 1583 indictione
2492 1533 2666 1594 sexta,
2719 1525 3036 1596 presidente
3092 1530 3286 1580 sancto
3343 1538 3407 1580 ac
3467 1524 3789 1580 beatissimo

2141 1616 2285 1672 Julio
2317 1631 2458 1687 papa
2487 1616 2637 1671 sedis
2675 1615 2996 1685 apostolica
3034 1613 3189 1669 urbis
3216 1615 3426 1677 Roma,
3461 1613 3791 1684 propossitis

2144 1707 2510 1761 sacrosanctis
2557 1713 2612 1761 et
2657 1704 3065 1760 venerabilibus
3115 1703 3431 1773 evangeliis,
3473 1704 3532 1758 in
3577 1703 3791 1759 aclesia

419 1793 712 1866 militavit.]
749 1794 942 1865 (Ηιειι.)
976 1796 1367 1850 Constantinus
1390 1794 1473 1862 ³⁵⁷,
1516 1801 1760 1851 extremo
1789 1796 1914 1851 vita
1944 1811 2058 1852 sua
2081 1783 2128 1840 Β
2148 1796 2356 1852 domini
2385 1797 2482 1852 Dei
2511 1796 2796 1851 salvatoris
2825 1795 3000 1851 nostri
3029 1795 3159 1849 Jesu
3179 1792 3382 1848 Christi
3411 1806 3539 1862 qua
3571 1799 3794 1848 vocatur

423 1890 671 1952 tempore
701 1883 769 1938 ab
811 1883 1048 1938 Eusebio
1086 1883 1460 1938 Nicomidensi
1500 1884 1764 1953 episcopo
1803 1884 2066 1954 baptista-

425 1978 534 2039 tns,
567 1972 624 2026 in
665 1972 954 2028 Arrianum
993 1972 1191 2044 dogma
1234 1972 1496 2028 declinat.
1536 1974 1763 2045 Quoque
1797 1988 1970 2043 usque
2009 1975 2065 2028 in

424 2074 652 2130 presens
681 2067 898 2131 tempus
928 2061 1267 2116 aclesiarum
1290 2062 1498 2132 rapina
1529 2067 1585 2117 et
1613 2063 1784 2118 totius
1804 2063 1956 2118 orbis
1984 2070 2067 2118 est

421 2156 611 2206 secuta
658 2149 955 2206 discordia.
988 2152 1380 2206 Constantinus
1429 2166 1553 2206 cum
1590 2151 1797 2207 bellum
1847 2160 2070 2222 pareret

405 2239 480 2294 in
507 2240 718 2306 Persas,
741 2239 798 2293 in
819 2240 1078 2309 Acirone,
1100 2239 1228 2296 villa
1255 2239 1473 2310 publica
1497 2242 1651 2310 juxta
1671 2241 2066 2310 Nicomediam,

421 2329 675 2383 moritur.
721 2328 1046 2385 Theodorus
1083 2329 1382 2399 episcopus
1429 2329 1487 2384 in
1525 2330 1802 2399 tripertita
1839 2330 2070 2387 historia

421 2416 591 2472 sic*:
626 2418 1020 2474 Constantinus
1047 2418 1462 2487 Nicomediam,
1504 2420 1561 2474 in
1605 2419 1882 2475 Achirone
1921 2420 2067 2488 villa,

424 2509 714 2576 postquam
772 2506 1079 2563 babtizatus
1134 2508 1207 2563 sit
1263 2509 1331 2562 ab
1387 2509 1623 2564 Eusebio
1674 2509 2071 2566 Nicomedense

426 2594 688 2664 episcopo
737 2596 989 2664 Arriano,
1044 2596 1209 2652 etiam
1248 2596 1406 2652 obiit.
1440 2595 1531 2662 (cf.
1569 2613 1648 2664 ιιι,
1688 2595 1802 2667 13.)
1855 2598 1982 2654 Obit
2009 2597 2073 2629 ³³⁸

425 2688 608 2738 autem
655 2696 800 2739 anno
847 2685 937 2739 66.
972 2686 1173 2754 atatis,
1207 2686 1426 2756 imperii
1472 2685 1565 2753 31,
1615 2686 1704 2743 die
1747 2685 1836 2742 25.
1870 2688 2074 2743 mensis

428 2770 572 2838 Maii,
601 2770 688 2827 his
717 2771 1059 2830 consulibus.

505 2859 767 2931 [Ouosms
795 2862 915 2932 sic.]
963 2865 1312 2919 Romanorum
1349 2863 1438 2920 43.
1473 2865 1807 2920 Constantius
1844 2867 2075 2936 impera-

431 2954 515 3005 tor
543 2965 679 3005 anno
710 2951 776 3005 ab
819 2951 958 3006 Urbe
1011 2951 1165 3007 1091.
1211 2967 1334 3008 cum
1380 2953 1742 3009 Constantino
1801 2960 1856 3009 et
1905 2955 2076 3010 Cons-

432 3043 584 3094 tante
631 3038 893 3096 fratribus
941 3040 1056 3096 suis
1101 3041 1334 3111 adeptus
1363 3048 1447 3097 est
1475 3042 1786 3112 imperium,
1820 3044 1968 3113 quod
2005 3044 2076 3096 27

2149 1886 2525 1952 Constantina,
2568 1884 2952 1940 resedentibus
3000 1883 3162 1938 etiam
3210 1881 3344 1936 viris
3389 1881 3796 1937 venerabilibus

2148 1975 2464 2045 pariterque
2494 1988 2617 2030 cum
2657 1987 2723 2029 eo
2755 1971 3127 2038 audientibus,
3159 1969 3459 2026 Benedicto
3492 1970 3798 2040 Aquiliensi

2150 2065 2432 2135 episcopo,
2465 2063 2605 2120 Rufo
2635 2062 2952 2118 sanctisimo
2984 2060 3313 2116 Fartaniano
3346 2060 3628 2129 episcopo,
3659 2064 3798 2130 Aga-

2152 2155 2268 2223 pito
2296 2155 2627 2210 Ravennatis
2665 2152 2899 2209 aclesia
2942 2151 3228 2221 episcopo,
3263 2148 3411 2205 Julio
3452 2148 3801 2205 Medolaneu-

2151 2244 2227 2299 sis
2253 2243 2486 2299 aclesia
2526 2244 2818 2312 episcopo,
2851 2241 3092 2296 Luciano
3132 2238 3508 2295 Maurianense
3540 2239 3800 2309 episcopo

2153 2339 2207 2389 et
2233 2333 2462 2403 reliquis
2490 2347 2612 2388 cum
2636 2333 2718 2388 eis
2747 2337 2968 2387 centum
2997 2344 3061 2384 ac
3085 2329 3280 2384 decem
3309 2334 3365 2384 et
3384 2343 3482 2383 sex
3502 2328 3799 2398 episcopis,

2151 2421 2327 2477 Julius
2370 2422 2653 2491 predictus
2681 2418 3060 2476 sanctissimus
3101 2417 3257 2471 urbis
3287 2416 3478 2472 Roma
3505 2416 3797 2486 episcopus

2155 2511 2376 2579 dixit,»
2427 2517 2483 2566 et
2530 2510 2743 2580 reliqua
2797 2510 2970 2580 (Coac.
3010 2507 3055 2573 Ι,
3098 2520 3152 2576 p.
3183 2504 3331 2575 567).
3381 2507 3576 2560 Annus
3624 2504 3800 2574 itaque

2155 2607 2384 2671 quartus
2410 2599 2757 2657 Constantini
2786 2596 3139 2668 imperatoris
3167 2600 3320 2650 sexta
3341 2602 3460 2649 erat
3479 2593 3801 2661 indictione,

2155 2691 2251 2762 qui
2281 2697 2366 2747 est
2393 2703 2569 2746 annus
2596 2689 2688 2743 28.
2729 2686 2906 2756 Magni
2934 2683 3301 2750 Constantini,
3328 2684 3488 2753 juxta
3529 2682 3804 2738 cronicam

2155 2780 2377 2836 Eusebii
2423 2778 2508 2834 vel
2565 2776 2747 2844 Beda,
2809 2773 3207 2831 incarnationis
3261 2778 3446 2828 autem
3499 2771 3801 2827 secundum

2157 2868 2489 2925 Dionissium
2523 2865 2648 2921 333.

2229 2957 2354 3013 356.
2387 2957 2441 3014 4.
2481 2953 2780 3028 [cccxxxiv]
2838 2952 3053 3025 (l-ltEn.)
3089 2951 3336 3008 Placidus
3357 2950 3422 2982 ’⁸⁸
3459 2955 3508 3006 et
3539 2949 3803 3006 Romulus.

2160 3047 2382 3103 Audeus
2417 3047 2475 3102 in
2505 3045 2661 3117 Syria
2691 3042 2828 3099 cale
2860 3041 3041 3098 clarus
3069 3041 3340 3109 habetur;
3379 3055 3411 3096 a
3449 3053 3561 3112 quo
3600 3039 3807 3096 heresis

435 3125 594 3181 anuis
624 3129 819 3194 tenuit,
849 3128 955 3183 hoc
984 3134 1069 3184 est
1097 3143 1270 3198 usque
1317 3129 1374 3183 in
1422 3110 2072 3200 mensemlNove—mbrem,
2096 3110 2426 3193 CAudiena.

437 3214 495 3269 in
525 3227 670 3270 anno
709 3213 834 3269 345.
886 3219 1015 3286 post
1060 3216 1392 3287 passionem,
1440 3217 1530 3273 his
1575 3220 1913 3290 consulibus,
1955 3223 2082 3277 Cas-

436 3303 664 3360 siodoro
695 3307 856 3360 teste.

506 3390 634 3446 353.
692 3393 740 3446 1.
803 3393 1067 3465 [cccxxxi]
1113 3394 1307 3466 (Ηιειι.)
1362 3396 1665 3467 Acyndinus
1711 3402 1762 3454 et
1805 3398 2079 3456 Proculus.

436 3481 700 3539 Ablabius
729 3483 1006 3554 prefectus
1031 3485 1280 3555 pretorio
1305 3491 1360 3541 et
1389 3486 1544 3542 multi
1571 3488 1838 3544 nobilium
1859 3490 2079 3546 occissi.

437 3575 614 3644 Sapor
646 3587 744 3629 rex
790 3576 1103 3643 Persarum,
1149 3578 1544 3647 Mesopotomia
1592 3585 1817 3647 vastata,
1867 3581 2084 3637 duobus

437 3661 608 3718 ferme
657 3665 938 3720 mensibus
982 3665 1196 3721 Nisibin
1245 3667 1483 3723 obsedit.
1532 3668 1830 3725 Dalmatius
1877 3685 2082 3738 cessar,

439 3764 603 3820 quem
661 3757 891 3822 patruus
945 3753 1338 3810 Constantinus
1394 3762 1709 3812 consortem
1767 3760 1922 3829 regni
1979 3759 2088 3814 filis

441 3839 832 3908 dereliquerat,
867 3839 1105 3896 factione
1135 3843 1439 3899 Constantii
1471 3845 1735 3912 patruelis
1766 3855 1822 3903 et
1851 3849 2087 3905 tumultu

443 3926 665 3983 militari
731 3929 1085 3984 interimitur.
1143 3931 1382 3986 Iacobus
1444 3932 1739 4017 Nisibenus
1795 3937 2088 4008 episcopus

442 4015 797 4084 agnoscitur;
846 4016 916 4072 ad
966 4017 1122 4086 cujus
1169 4033 1365 4087 preces
1410 4033 1542 4090 sepe
1592 4015 1724 4077 urbs
1770 4023 2086 4082 discrimine

444 4101 676 4158 liberata
707 4109 811 4160 est.

515 4191 641 4248 354.
691 4192 745 4248 2.
804 4193 1089 4265 [cccxxxn]
1146 4194 1360 4268 (ΗΙΕΒ.)
1411 4197 1754 4254 Marcellinus
1809 4206 1858 4257 et
1906 4204 2091 4262 Probi-

444 4297 567 4337 nus.
619 4283 696 4338 Ex
729 4282 837 4339 hoc
866 4283 990 4340 loco
1029 4285 1284 4355 impietas
1324 4287 1560 4356 Arriani,
1592 4290 1897 4348 Constantii
1945 4297 2091 4366 regis

445 4368 580 4426 fulta
628 4371 895 4441 presidio,
945 4373 1143 4440 exiliis,
1192 4375 1508 4430 carceribus
1545 4383 1600 4432 et
1637 4379 1801 4435 variis
1839 4380 2091 4440 afﬂictio-

2232 3225 2357 3282 357.
2405 3224 2460 3278 5.
2511 3223 2782 3295 [cccxxxv]
2840 3220 3055 3292 (HlER.)
3118 3220 3363 3276 Leontius
3419 3223 3468 3273 et
3519 3219 3804 3276 Salustius.

2164 3316 2419 3371 Francia
2460 3315 2756 3370 Constante
2804 3316 2932 3367 sunt
2975 3308 3290 3380 perdomiti,
3331 3313 3387 3363 et
3434 3321 3542 3376 pax
3583 3322 3706 3363 cum
3736 3307 3809 3362 eis

2163 3403 2326 3460 facta.
2359 3404 2731 3473 Hermogenes
2775 3399 3036 3469 magister
3083 3397 3292 3452 militia
3331 3393 3808 3464 Constantinopoli

2165 3499 2373 3549 tractus
2409 3507 2441 3548 a
2477 3491 2703 3563 populo,
2737 3489 2808 3546 ob
2839 3488 3161 3559 episcopum
3191 3485 3440 3553 Paulum,
3472 3499 3640 3555 quem
3671 3485 3809 3554 regis

2165 3582 2398 3652 imperio
2430 3588 2485 3637 et
2512 3581 2866 3636 Arrianorum
2911 3576 3148 3633 factione
3197 3574 3459 3644 pellebat.
3506 3573 3808 3630 Antiochia

2167 3671 2502 3728 dominicum
2529 3673 2766 3726 Aureum
2797 3654 3104 3723 dedicatur.

2438 3759 2583 3831 [ϐοά.
2615 3758 2669 3813 in
2698 3771 2866 3825 marg.
2890 3774 2909 3810 .·
2941 3755 3125 3811 Ciclus
3153 3753 3289 3811 solis
3316 3752 3557 3823 incipit.]

2241 3849 2364 3904 358.
2416 3849 2470 3904 6.
2528 3845 2829 3918 [cccxxxvt]
2893 3842 3092 3915 (1111211.)
3141 3843 3476 3900 Constantius
3515 3841 3554 3894 4
3601 3846 3652 3896 et
3695 3843 3812 3898 Cou-

2168 3946 2314 3997 stans
2345 3938 2399 3994 3.
2432 3937 2784 3994 Macedonius
2813 3935 2948 3989 artis
2990 3933 3238 4003 plurima
3269 3932 3326 3987 in
3357 3931 3538 3987 locum
3569 3930 3725 3986 Pauli
3752 3931 3812 3986 ab

2169 4029 2414 4086 Arrianis
2443 4027 2738 4097 episcopus
2766 4023 3124 4094 subrogatur;
3167 4036 3198 4076 a
3230 4033 3341 4090 quo
3373 4020 3616 4075 heressis
3647 4022 3814 4076 Mace-

2102 4135 2107 4140 ‘
2172 4119 2430 4175 doniana.
2462 4116 2661 4171 Paulus
2691 4113 3016 4170 crudelitate
3048 4108 3365 4181 prefecti'“
3411 4109 3650 4179 Philippi
3691 4123 3814 4164 nam

2173 4208 2354 4265 fautor
2381 4205 2685 4263 Macedonii
2726 4203 2963 4274 partium
2993 4205 3110 4258 erat
3149 4229 3218 4241 —
3258 4204 3313 4256 et
3345 4199 3706 4255 Arrianorum
3742 4199 3816 4253 in-

2172 4298 2330 4354 sidiis
2358 4294 2750 4366 strangulatur.

2243 4386 2368 4441 359.
2419 4385 2473 4440 7.
2530 4381 2850 4455 [cccxxxvn]
2908 4378 3118 4452 (HIER.)
3169 4378 3446 4434 Amantius
3483 4382 3534 4432 et
3580 4377 3815 4433 Albinus.

447 4473 576 4515 num
626 4461 828 4517 modiis
846 4460 910 4492 ²⁸⁹
947 4463 1184 4532 primum
1231 4463 1605 4534 Athanasium,
1659 4466 1861 4525 deinde
1899 4448 2494 4534 omnesDMaximinus
2527 4448 2819 4543 episcopus
2836 4448 3195 4526 'Triverorum
3229 4468 3411 4524 clarus
3435 4467 3677 4522 habetur
3699 4470 3758 4534 *;
3789 4480 3818 4520 a

448 4562 560 4606 non
591 4565 706 4606 sua
755 4552 925 4620 partis
972 4553 1266 4622 episcopos
1314 4563 1602 4624 persecuta
1631 4563 1734 4613 est.
1791 4560 2089 4634 [Iuliusque

449 4651 590 4708 papa
630 4637 734 4694 fuit
762 4639 819 4694 in
849 4640 1014 4696 exilio
1044 4655 1261 4698 menses
1290 4643 1519 4713 decem;
1569 4646 1667 4701 sed
1706 4655 1830 4716 post
1858 4658 2089 4708 mortem

447 4728 754 4785 Constantii
804 4729 872 4786 ad
925 4729 1112 4787 sedem
1169 4745 1292 4788 cum
1348 4733 1524 4804 gloria
1581 4737 1914 4810 revertitur].
1976 4739 2090 4810 (lib.

441 4820 614 4887 poni.)

518 4895 644 4964 355.
678 4907 732 4963 3.
787 4908 1090 4981 [cccxxxui]
1149 4911 1355 4984 (1111511.)
1403 4915 1736 4971 Constantius
1773 4916 1808 4971 3
1846 4923 1895 4974 et
1934 4922 2094 4978 Cons-

2171 4580 2280 4637 quo
2301 4563 2628 4621 Athanasius
2657 4559 3002 4616 Alexandria
3025 4558 3340 4627 episcopus,
3365 4570 3488 4611 cum
3510 4571 3543 4611 a
3562 4557 3818 4612 Constan-

2170 4656 2250 4711 tio
2297 4659 2622 4724 quereretur
2650 4649 2718 4704 ad
2767 4662 2983 4718 penam,
3016 4646 3321 4702 honoriﬁce
3364 4653 3663 4714 susceptus
3707 4652 3821 4699 est-

2172 4746 2347 4814 Sapor
2400 4744 2688 4797 Persarum
2745 4751 2841 4793 rex
2894 4735 3228 4792 christianos
3285 4733 3663 4803 persequitur.
3719 4734 3822 4788 Ne'

2174 4828 2497 4889 cessaria'“
2551 4828 2608 4882 in
2664 4827 2842 4882 Ponto
2890 4824 3171 4890 subversa,
3217 4825 3446 4891 excepta
3501 4821 3717 4878 aclesia
3767 4827 3822 4875 et

2177 4921 2441 4992 episcopo
2471 4917 2783 4986 ceterisque
2814 4913 2908 4985 qui
2939 4911 3145 4968 ibidem
3173 4910 3380 4982 reperti
3406 4916 3560 4966 sunt.

1817 5093 2043 5152 VARUE
2080 5095 2468 5153 LECTIONES.

521 5250 583 5281 281

613 5251 928 5333 aliamanu,
960 5256 1142 5333 eadem
1180 5271 1294 5333 qua:
1320 5259 1756 5333 continuationem
1787 5279 1840 5319 a.
1879 5264 2016 5320 1126
2049 5295 2114 5306 -
2156 5265 2311 5321 1128.
2343 5265 2573 5333 scripsit,
2605 5263 2820 5320 additur
2843 5283 2860 5317 :
2891 5259 3244 5333 Hieronimus
3273 5258 3354 5313 sic
3382 5256 3544 5333 dicit.
3620 5255 3687 5286 ³⁵⁸
3703 5255 3828 5333 Qbit

451 5350 524 5360 —
550 5325 878 5405 consulibus
906 5332 1035 5405 post
1064 5325 1298 5405 moritur
1337 5332 1555 5405 scripta,
1585 5339 1772 5404 postea
1845 5336 1943 5392 huc
1977 5343 2096 5393 sunt
2131 5337 2321 5394 relata.
2397 5325 2463 5368 ’5‘
2489 5338 2526 5391 i.
2558 5325 2608 5392 ὲ.
2641 5336 2838 5391 modis.
2915 5331 2978 5363 ²⁶⁰
3008 5333 3122 5387 Hoc
3158 5329 3271 5405 loco
3309 5329 3524 5405 nomina
3559 5327 3823 5405 consulum

455 5399 716 5480 sequentis
754 5399 954 5480 anni-et
981 5403 1036 5454 ut
1064 5400 1266 5455 videtur
1280 5399 1837 5480 etiam'nota'Audeus
1863 5439 1935 5480 —;
1953 5409 2199 5464 Audiena
2226 5411 2424 5480 scripta
2453 5413 2622 5477 erant,
2653 5407 2750 5480 sed
2775 5420 2932 5480 erasa
2957 5401 3274 5480 etsecunda
3313 5415 3476 5480 manu
3505 5400 3563 5454 in
3590 5400 3822 5480 margine

455 5465 694 5547 suppleta
711 5477 849 5524 sunt.
873 5472 960 5551 Ita
990 5485 1109 5526 vero
1139 5487 1253 5541 qua:
1279 5479 1561 5544 sequuntur
1589 5475 1710 5531 olim
1729 5479 1799 5532 ad
1821 5495 1874 5534 a.
1897 5479 2004 5534 356
2016 5465 2364 5582 pertinebant,
2392 5495 2528 5535 nunc
2556 5465 2628 5534 ad
2654 5477 2781 5533 355.
2856 5474 2915 5506 ²⁶¹
2946 5476 3002 5529 in
3029 5473 3276 5544 iii/etiam
3305 5472 3543 5540 margine
3574 5472 3691 5525 sine
3707 5465 3827 5524 anni

460 5535 777 5582 aridae-anime
795 5546 992 5582 ΩΙἭΏΙΙΙ
1019 5547 1138 5582 sunt
1164 5545 1391 5582 Ωρηιιηήη
1418 5560 1572 5582 ann-1m
1597 5568 1609 5579 ο
1643 5548 1704 5582 nr
1745 5565 1776 5582 η
1820 5548 1927 5582 ’ὶκο
2045 5551 2086 5581 6:
2124 5552 2283 5582 Πηληι-
2315 5551 2434 5582 mm;
2462 5555 2586 5582 mnu.
2618 5550 2719 5582 inm
2754 5546 2976 5582 annoran
3007 5560 3161 5582 manu
3202 5543 3394 5582 errinln
3424 5548 3532 5582 mrt-
3574 5543 3677 5582 m'rL
3712 5554 3823 5582 mar-

460 5535 777 5618 iridicaliozte
795 5542 993 5618 scripta
1019 5535 1391 5618 sunt'secund'a
1418 5560 1576 5618 manu
1589 5568 1609 5612 ;
1642 5548 1712 5618 cf.
1743 5565 1797 5604 a.
1820 5548 1946 5604 352.

2045 5551 2086 5581 θ’
2114 5552 2283 5622 Hujus
2311 5543 2436 5608 anni
2462 5555 2588 5606 nota
2608 5550 2723 5620 jam
2749 5546 2978 5605 secunda
3007 5543 3162 5601 manu
3197 5543 3394 5614 scripta
3424 5548 3532 5608 est;
3574 5543 3681 5597 vid.
3712 5554 3824 5594 var.

478 5603 596 5660 lect.
625 5605 733 5658 260
749 5603 1006 5678 superius,
1083 5611 1146 5642 ’⁸³
1169 5613 1401 5682 prefecit
1436 5615 1482 5672 1.
1559 5603 1623 5650 ἐδ
1651 5603 1688 5674 ἰί
1725 5603 1772 5675 e.
1814 5603 2192 5679 Neocasarea.
