4000 6158
211 223 314 276 705

1509 226 1917 282 CIIRONICON.
1957 255 2030 266 —
2070 227 2197 282 LIB.
2240 228 2332 282 Ill.

3471 235 3578 288 ’ῖΟὸ

414 345 442 428 f
473 349 528 399 et
555 345 823 428 Martinus
847 346 1196 428 Mogu_nt_inus
1236 347 1566 428 episcopus,
1609 363 1841 428 quorum
1868 349 2050 408 Atilio
2079 349 2444 416 Constantini,
2477 349 2756 406 mensibus
2790 349 2856 404 10
2892 355 3172 422 projectus
3201 355 3292 423 sit,
3323 357 3419 413 sed
3454 365 3578 428 post

418 420 668 486 tempore
704 417 939 490 _Eufra_tu
986 418 1192 474 Colone
1235 419 1302 490 [n]
1327 420 1403 475 sis
1431 417 1670 476 creticus
1699 422 1846 475 dam-

418 496 622 564 pnatur
649 488 797 564 add._
838 488 947 564 alia
985 505 1162 557 manu,
1221 488 1403 546 eadem
1456 507 1570 563 qua:
1620 493 1849 564 primam

421 560 632 631 scripsit
661 560 1118 616 continuationem.

275 700 402 755 360.
433 701 488 757 8.
548 701 886 773 [cccxxxvm]
939 703 1138 774 (mea)
1190 707 1317 760 Post
1362 705 1561 761 consul.
1622 706 1856 762 Amantii

209 795 255 845 et
278 789 482 845 Albini.
513 791 759 848 Titianus
787 793 870 848 vir
908 793 1174 864 eloquens
1213 794 1576 865 prefecturam
1623 796 1686 827 ’⁸⁵
1725 811 1858 867 pre-

207 881 348 936 torio
389 881 534 952 apud
574 881 775 937 Gallias
819 883 1184 940 administrat.
1236 885 1563 942 Athanasius
1608 886 1676 942 ad
1715 889 1856 944 Con-

203 970 400 1024 stantis
429 970 619 1026 literas
646 970 1029 1028 Alexandriam
1061 973 1354 1045 redigitur.

271 1057 400 1114 361.
459 1059 514 1113 9.
562 1060 860 1131 [cccxxxrx]
928 1062 1143 1134 (11mm)
1206 1064 1420 1135 Ruﬁnus
1471 1069 1520 1120 et
1576 1065 1852 1121 Eusebius.

204 1147 548 1204 Dirrachium
581 1153 728 1205 terre
760 1159 910 1207 motu
961 1153 1192 1218 corruit,
1229 1158 1284 1208 et
1327 1153 1507 1209 tribus
1553 1155 1747 1211 diebus
1793 1170 1857 1210 ac

207 1238 467 1294 noctibus
518 1240 690 1295 Roma
750 1241 960 1297 nutavit
1007 1242 1090 1298 ’6“.
1133 1243 1498 1314 Plurimaque
1547 1246 1857 1315 Campania

202 1327 374 1383 urbes
401 1335 630 1385 vexata.

269 1415 403 1470 362.
459 1417 542 1472 lO.
573 1418 801 1490 ﬂcccu]
860 1419 1092 1496 (1115s.)
1133 1421 1402 1494 Philippus
1430 1428 1479 1478 et
1508 1423 1702 1480 Sallia.
1737 1426 1852 1479 Ma-

205 1506 328 1575 gnis
359 1507 443 1562 rei
483 1508 722 1577 publica
761 1512 1017 1580 expensis
1063 1512 1119 1566 in
1165 1513 1413 1568 Seleucia
1460 1515 1616 1570 Siria
1664 1520 1857 1583 portus

202 1593 465 1651 efﬁcitur.
499 1598 710 1653 Rursus
740 1600 916 1669 Sapor
945 1599 1124 1656 tribus
1152 1601 1434 1657 mensibus
1462 1602 1680 1658 obsidet
1715 1603 1859 1658 Nisi-

1937 440 2056 508 ejus
2085 446 2312 494 mortem
2344 440 2412 494 ad
2443 454 2592 494 suam
2632 439 2816 495 sedem
2847 455 3118 498 reversus.

2009 528 2248 583 Liberius
2277 527 2366 583 34.
2389 544 2532 600 papa
2567 535 2686 600 post
2715 531 2921 584 Petrum
2967 532 3260 599 ordinatur,
3311 536 3399 604 qui
3443 539 3576 593 sedit

1937 617 2088 671 annis
2125 617 2206 672 18.

2008 704 2133 761 367.
2175 704 2257 762 15.
2312 707 2548 776 [cccxxx]
2607 707 2808 779 (1111311.)
2861 709 3191 766 Constantius
3237 712 3292 766 6.
3341 721 3389 768 et
3437 715 3576 770 Con-

1937 798 2084 849 stans
2114 795 2165 850 2.
2200 795 2384 852 Gallus
2427 798 2671 864 Judaos,
2723 799 2817 869 qui
2868 800 3172 857 interfectis
3215 817 3314 872 per
3360 810 3577 860 noctem

1940 883 2206 939 militibus
2243 899 2391 940 arma
2435 887 2503 941 ad
2549 886 2863 943 bellandum
2912 889 3271 956 invasserant,
3320 893 3578 962 opressit,

1940 973 2098 1029 casis
2145 974 2209 1004 ’⁷³
2255 974 2442 1030 multis
2489 975 2770 1032 hominum
2819 977 3041 1033 milibus
3085 979 3150 1009 ’⁷⁸
3188 993 3362 1050 usque
3391 982 3458 1037 ad
3491 983 3580 1037 in-

1940 1063 2154 1117 noxiam
2213 1069 2468 1128 atatem,
2529 1070 2585 1118 et
2641 1065 2892 1121 civitates
2942 1081 3132 1122 eorum
3191 1068 3579 1137 Diocesariam,

1939 1152 2279 1208 Tiberiadem
2343 1158 2398 1207 et
2452 1153 2753 1223 Diospolim
2810 1160 2866 1210 et
2922 1155 3155 1224 plurima
3211 1158 3415 1228 oppida
3470 1159 3582 1230 igni

1940 1241 2188 1298 tradidit.
2221 1241 2482 1298 Nonnulli
2526 1242 2792 1299 nobilium
2829 1245 3138 1301 Antiochia:
3166 1261 3196 1300 a
3225 1247 3378 1304 Gallo
3407 1247 3585 1304 inter-

1939 1330 2091 1388 fecti.

2010 1421 2134 1476 368.
2223 1421 2308 1476 16.
2392 1422 2653 1492 [cccxm't]
2736 1423 2934 1492 tilica.)
3009 1426 3341 1481 Constantius
3403 1427 3461 1480 7.
3535 1432 3585 1483 et

1941 1513 2196 1568 Constans
2231 1510 2286 1566 3.
2329 1512 2670 1582 Magnentius
2709 1512 2957 1582 Lugdoni
3005 1513 3061 1568 in
3111 1514 3314 1584 palatio
3363 1517 3586 1586 propria

1940 1615 2000 1656 se
2031 1614 2193 1656 manu
2223 1599 2504 1667 interficit,
2546 1606 2602 1656 et
2648 1601 2964 1666 Decentius,
3022 1600 3191 1657 frater
3239 1605 3378 1672 ejus,
3420 1619 3583 1673 quem

200 1684 314 1740 bin.
362 1686 637 1742 Eusebius
666 1688 1003 1758 Emissenus,
1042 1692 1258 1746 Ariana
1297 1690 1525 1763 signifer
1570 1691 1845 1760 factionis,
1867 1681 1916 1740 B
1938 1689 2006 1744 ad
2039 1688 2270 1744 tuendas
2297 1688 2361 1719 ’⁷⁸
2388 1688 2587 1744 Gallias
2618 1702 2860 1744 cesarem
2914 1689 3186 1756 misserat,
3220 1691 3365 1760 apud
3405 1693 3588 1749 Seno-

198 1774 376 1830 multa
406 1777 730 1832 conscribit.

265 1862 400 1918 363.
451 1863 534 1920 11.
591 1865 815 1936 [cccxu]
872 1867 1074 1938 (Hum)
1129 1869 1387 1924 Limenius
1449 1875 1498 1925 et
1557 1871 1850 1926 Catulinus.

195 1953 340 2008 Solis
383 1953 522 2010 facta
553 1961 638 2011 est
668 1955 926 2014 defectio.
961 1958 1168 2014 Bellum
1200 1959 1479 2015 Persicum
1519 1966 1850 2016 nocturnum

195 2043 343 2112 apud
378 2043 683 2115 Singaram,
716 2046 772 2101 in
813 2061 923 2117 quo
955 2047 1087 2104 haut
1125 2048 1348 2104 dubiam
1378 2050 1660 2106 victoriam
1701 2051 1851 2105 mili-

195 2135 312 2186 tum
343 2133 648 2190 stoliditate
675 2136 1036 2205 perdidimus.
1068 2140 1257 2208 Neque
1283 2152 1412 2194 vero
1434 2139 1587 2195 illum
1619 2139 1682 2170 ’⁸⁷
1712 2141 1856 2195 Con-

196 2221 409 2278 stantio
440 2238 506 2279 ex
532 2237 725 2280 novem
765 2228 945 2296 gravis
974 2228 1165 2298 pralis
1195 2234 1389 2284 contra
1417 2231 1612 2284 Persas
1650 2229 1853 2284 bellum

199 2308 327 2366 fuit.
372 2314 505 2367 Nam
536 2320 596 2368 ut
635 2313 738 2368 alia
770 2315 1077 2383 obmittam,
1107 2318 1314 2372 Nisibis
1343 2318 1590 2384 obsessa,
1623 2317 1854 2373 Bizabde

196 2406 254 2454 et
297 2401 495 2455 Amida
526 2406 701 2469 capta
730 2409 878 2457 sunt.
909 2404 1001 2458 40.
1024 2406 1359 2461 Maxaminus
1379 2412 1506 2476 post
1523 2407 1854 2462 Macharium

195 2488 693 2544 Hierosolimarum
723 2492 1019 2562 episcopus
1055 2495 1306 2549 moritur.
1339 2496 1470 2550 Post
1507 2510 1668 2564 quem
1699 2495 1858 2551 acle-

193 2575 344 2630 siam
375 2577 591 2632 Arriani
620 2577 903 2648 invadunt,
928 2581 982 2636 id
1011 2587 1094 2637 est
1122 2582 1343 2638 Cirillus
1380 2584 1688 2650 Eutichius,
1726 2598 1853 2638 rur-

197 2679 300 2720 sus
332 2664 556 2722 Cirillus
584 2667 876 2736 Hireneus,
909 2672 1075 2728 tertio
1113 2672 1336 2728 Cirillus
1364 2673 1629 2740 Hilarius,
1661 2679 1858 2743 quarto

199 2752 464 2820 Cirillus;
535 2769 768 2825 quorum
833 2758 1075 2826 Cirillus,
1131 2775 1253 2816 cum
1309 2776 1340 2816 a
1378 2763 1611 2817 Maximo
1668 2761 1861 2816 fuisset

204 2841 489 2912 presbiter
521 2844 829 2914 ordinatus,
861 2853 916 2902 et
964 2854 1091 2916 post
1138 2855 1368 2905 mortem
1418 2852 1538 2919 ejus
1588 2851 1636 2905 ei
1681 2849 1746 2880 ³⁸⁸
1791 2849 1860 2904 ab

1935 1793 2034 1833 nas
2062 1778 2261 1847 laqueo
2290 1777 2453 1832 vitam
2499 1777 2704 1847 explet.
2752 1777 3066 1832 Gennadius
3115 1779 3354 1834 forensis
3396 1785 3586 1835 orator

1936 1867 2170 1938 insignis
2234 1866 2488 1922 habetur.
2551 1867 2844 1922 Minervius
2908 1867 3339 1938 Burdigallensis
3399 1869 3588 1924 rethor

1934 1955 2321 2013 ﬂorentissime
2351 1956 2538 2012 docet.
3254 1973 3263 1978 ’

2005 2046 2130 2101 369.
2189 2046 2272 2101 l7.
2312 2046 2592 2116 [cccnvn]
2641 2045 2846 2116 (illam)
2899 2047 3132 2102 Arbitrio
3191 2052 3238 2102 et
3294 2047 3584 2104 Lollianus.

1934 2136 2118 2191 Gallus
2147 2149 2322 2201 cesar,
2354 2134 2687 2190 sollicitatus
2731 2150 2760 2190 a
2789 2135 3152 2192 Constantino
3204 2137 3464 2205 patrueli,
3498 2137 3586 2193 cui

1936 2224 1992 2279 in
2023 2223 2395 2293 suspicionem
2425 2225 2498 2279 ob
2528 2223 2802 2294 egregiam
2833 2223 3074 2280 indolem
3098 2230 3342 2290 venerat,
3367 2226 3586 2280 Histria

1935 2313 2227 2369 occiditur.
2269 2311 2517 2367 Silvanus
2543 2312 2744 2368 Gallias
2772 2326 2862 2367 res
2901 2325 3071 2367 novas
3104 2311 3350 2378 molitus,
3392 2313 3464 2366 28
3494 2313 3586 2368 die

1939 2404 2213 2459 extinctus
2257 2407 2359 2458 est.
2410 2401 2724 2457 Victorinus
2783 2401 2974 2458 rethor
3011 2407 3067 2456 et
3115 2403 3358 2456 Donatus
3402 2415 3590 2472 gram-

1940 2492 2190 2559 maticus,
2248 2498 2544 2562 preceptor
2600 2505 2754 2546 meus
2805 2491 2860 2561 [i.
2909 2507 2958 2546 θ.
3011 2490 3357 2560 Hieronimi],
3399 2492 3587 2547 Roma

1939 2580 2184 2650 insignes
2237 2582 2548 2648 habentur;
2608 2595 2638 2637 e
2697 2581 2900 2650 quibus
2957 2580 3273 2636 Victorinus
3328 2580 3491 2636 etiam
3530 2580 3587 2635 in

1939 2667 2061 2724 foro
2085 2671 2316 2739 Trajano
2347 2672 2567 2725 meruit.
2601 2670 2861 2724 Paulinus
2890 2675 2945 2725 et
2982 2669 3246 2726 Rodanus
3292 2669 3586 2726 Galliarum

1941 2758 2188 2828 episcopi
2218 2759 2274 2814 in
2305 2759 2526 2814 exilium
2556 2759 2628 2814 ob
2659 2758 2820 2813 fidem
2851 2757 3010 2812 trusi.

2012 2846 2140 2900 370.
2214 2847 2296 2902 l8.

2370 2847 2672 2918 [cccxrvm]
2750 2846 2943 2917 (111511.)
3014 2847 3347 2902 Constantius
3420 2847 3474 2900 8.
3541 2853 3590 2903 et

208 2931 416 2986 Acacio
465 2933 728 3003 episcopo
775 2936 1083 2993 Cesariensi
1131 2944 1186 2994 et
1233 2939 1435 2994 ceteris
1462 2939 1707 2993 Arrianis
1735 2938 1858 3008 epi-
1894 2935 2202 3008 _Julianus.
2235 2937 2540 2992 Alchimius
2591 2943 2645 2991 et
2676 2935 2938 2992 Deltidius
2975 2935 3228 2992 rethores
3266 2935 3321 2990 in
3359 2937 3590 3006 Aquita-

208 3026 476 3091 scopatus
541 3024 995 3094 promitteretur,
1063 3027 1110 3082 si
1175 3027 1578 3084 ordinationem
1646 3004 1861 3083 Maximi
1884 3004 2065 3080 C'nica
2093 3025 2479 3081 florentissime
2519 3025 2744 3081 docent.
2785 3027 3050 3092 Donatus,
3083 3039 3113 3079 a
3145 3039 3255 3095 quo
3283 3039 3450 3095 supra
3479 3027 3592 3081 Do-

207 3110 553 3180 repudiaret,
586 3112 852 3169 diaconus
881 3115 937 3169 in
970 3115 1188 3171 aclesia
1216 3116 1563 3181 ministravit,
1598 3117 1670 3172 ob
1700 3130 1862 3186 quam
1945 3115 2198 3170 natianos
2259 3115 2314 3169 in
2379 3115 2577 3170 Ali‘rica
2627 3115 2737 3169 dici
2804 3115 3244 3182 memoravimus,
3303 3115 3591 3186 Cartagine

207 3199 552 3269 impietatem
580 3203 876 3258 sacerdotii
907 3204 1162 3260 mercede
1201 3212 1483 3275 pensatus,
1526 3205 1860 3270 I-Ieraclium,
1946 3203 2189 3273 pellitur.
2223 3204 2452 3272 Quidam
2484 3210 2792 3260 sectatores
2814 3206 2933 3273 ejus
2962 3205 3276 3260 Montenses
3303 3210 3590 3274 vocantur,

209 3301 374 3359 quem
406 3289 654 3345 moriens
680 3291 944 3347 Maximus
972 3292 1027 3347 in
1057 3307 1214 3348 suum
1245 3292 1426 3350 locum
1473 3295 1856 3360 substituerat,
1944 3307 2013 3348 eo
2044 3293 2193 3362 quod
2241 3293 2514 3349 aclesiam
2552 3295 2740 3349 Roma
2775 3294 3003 3361 primam
3053 3293 3108 3346 in
3158 3299 3342 3348 monte
3390 3293 3593 3348 habere

210 3376 357 3431 varia
408 3375 602 3434 fraude
631 3379 958 3448 sollicitans,
1000 3380 1069 3437 de
1100 3382 1363 3453 episcopo
1402 3383 1459 3438 in
1496 3383 1864 3452 presbiterum
1947 3382 2236 3450 caperint.
2279 3382 2548 3436 Eusebius
2576 3380 2944 3436 Vercellensis
2973 3380 3267 3449 episcOpus
3297 3385 3352 3434 et
3379 3379 3598 3435 Lucifer

209 3466 543 3537 regradavit.
1948 3484 2012 3525 ac
2076 3469 2357 3525 Dionisius
2414 3468 2736 3523 Caralitana
2787 3473 2842 3522 et
2889 3467 3315 3522 Mediolanensis
3362 3467 3595 3524 aclesia

285 3555 440 3625 [Cod.
472 3555 545 3610 in.
585 3570 796 3625 marg.:
844 3557 1028 3613 Ciclus
1058 3557 1292 3614 decenn.
1331 3558 1418 3612 19.
1459 3559 1569 3614 inc.
1604 3558 1720 3614 ind.
1759 3557 1863 3628 15.]
1951 3557 2222 3626 episcopi,
2261 3555 2584 3611 Pancratius
2631 3568 2853 3624 quoque
2904 3557 3183 3609 Romanus
3230 3555 3505 3624 presbiter
3542 3561 3598 3612 et

281 3643 414 3698 364.
463 3642 548 3696 l2.
585 3644 829 3715 [ccchu]
880 3645 1083 3716 (1115s.)
1135 3648 1355 3716 Sergius
1398 3651 1447 3702 et
1498 3647 1867 3717 Nigridianus.
1951 3645 2192 3700 Hilarius
2222 3645 2510 3712 diaconus,
2543 3643 2876 3699 distantibus
2913 3643 2971 3698 in
3006 3643 3122 3712 [ter]
3157 3658 3216 3698 se
3246 3644 3314 3697 ab
3350 3644 3596 3701 Arrianis

216 3732 530 3803 Magnentio
559 3733 704 3803 apud
739 3735 1207 3805 Augustodurium
1256 3736 1525 3806 aripiente
1556 3735 1867 3806 imperium,
1953 3741 2008 3791 et
2035 3734 2358 3791 Constantio
2389 3734 2718 3789 damnantur
2752 3731 2952 3788 exiliis.
3001 3762 3075 3771 —
3111 3731 3378 3800 Julianus,
3425 3731 3596 3789 frater

216 3823 490 3877 Constans
519 3821 650 3877 haut
679 3821 842 3894 longe
871 3824 940 3878 ab
979 3824 1259 3894 Hispania,
1303 3825 1359 3879 in
1409 3831 1589 3881 castro
1637 3825 1726 3880 cui
1766 3826 1872 3880 He-
1951 3824 2108 3890 Galli,
2149 3824 2440 3880 Mediolani
2471 3837 2628 3879 cesar
2655 3822 2982 3892 appellatur.

219 3910 355 3968 lena
398 3923 602 3967 nomen
634 3918 737 3979 est,
776 3913 1125 3982 interficitur,
1158 3927 1303 3970 anno
1351 3916 1530 3970 atatis
1557 3914 1647 3970 30.
1678 3916 1874 3982 Quam—
2023 3913 2149 3968 371.
2198 3913 2280 3969 19.
2336 3912 2592 3984 [ccchIx]
2645 3910 2850 3982 (Ηιειι.)
2913 3911 3246 3968 Constantius
3299 3913 3354 3969 9.
3405 3918 3452 3969 et
3499 3917 3594 3970 Ju-

222 4001 412 4057 obrem
446 4001 662 4056 turbata
712 4003 1020 4072 repuplica,
1052 4005 1312 4059 Vetranio
1342 4003 1406 4034 ³⁸⁸
1434 4005 1650 4070 Mursa,
1683 4005 1871 4073 Nepo-
1954 4003 2126 4059 tianus
2179 4003 2233 4058 2.
2283 4004 2554 4059 Antonius
2601 4001 2904 4058 monachus
2963 4001 3082 4058 105.
3125 4003 3303 4059 atatis
3338 4017 3484 4060 anno
3541 4003 3597 4060 in

222 4090 404 4146 tianus
461 4091 649 4146 Roma
687 4091 1051 4161 imperatores
1095 4091 1225 4148 facti
1273 4093 1356 4161 ²⁷⁰,
1408 4095 1596 4149 Roma
1635 4093 1875 4163 populus
1956 4093 2166 4150 herimo
2205 4093 2458 4159 moritur,
2499 4090 2698 4147 solitus
2742 4090 2930 4146 multis
2958 4091 3026 4147 ad
3056 4106 3115 4147 se
3143 4093 3492 4150 venientibus
3529 4093 3599 4150 de

224 4179 489 4235 adversus
543 4181 951 4250 Magnentiacos
1031 4181 1330 4248 rebellans,
1406 4185 1474 4238 ab
1550 4181 1874 4239 Heracliada
1955 4183 2124 4239 Paulo
2199 4183 2436 4252 quodam
2510 4181 2752 4247 Thebeo,
2812 4181 2965 4236 mira
3032 4181 3392 4237 beatitudinis
3455 4183 3594 4250 viro,

225 4274 482 4324 senatore
513 4269 787 4338 proditur.
827 4270 1118 4340 Nepotiani
1149 4276 1313 4341 caput
1352 4271 1505 4341 philo
1544 4273 1602 4302 ²⁷¹
1637 4287 1736 4342 per
1773 4287 1872 4327 ur-
1891 4272 2163 4342 “referre
2189 4293 2203 4340 ;
2235 4274 2392 4342 cujus
2420 4284 2522 4326 nos
2551 4271 2756 4326 exitum
2786 4269 2938 4323 brevi
2969 4268 3156 4324 libello
3189 4269 3598 4338 explicavimus.

226 4356 346 4412 hem
377 4356 780 4425 circumlatum,
814 4358 1110 4430 multaque
1139 4360 1576 4430 proscriptiones
1605 4361 1871 4417 nobilium

231 4451 286 4500 et
313 4446 478 4502 cedes
507 4445 691 4503 facta.

296 4535 425 4590 365.
473 4534 554 4590 13.
611 4537 880 4607 [cccxun]
936 4538 1137 4608 (Hum)
1189 4541 1312 4594 Post
1365 4537 1565 4593 consul.
1623 4540 1780 4608 Sergi
1831 4544 1879 4594 et

230 4625 555 4695 Nigridiani.
607 4627 924 4683 Vetranioni
971 4628 1118 4697 apud
1175 4629 1441 4683 Naussum
1490 4643 1521 4683 a
1559 4629 1879 4684 Constantio

232 4730 420 4786 regum
450 4714 665 4787 insigne
697 4716 999 4773 decretum.
1034 4718 1376 4790 Magnentius
1422 4720 1618 4774 Mursa
1661 4719 1875 4786 victus;

235 4803 288 4860 in
355 4818 469 4876 quo
528 4805 705 4875 prelio
761 4807 1024 4862 Romana
1062 4807 1210 4863 vires
1240 4808 1628 4864 conciderunt.
1659 4808 1876 4875 Gallus,

1961 4361 2201 4416 Hilarius
2257 4361 2552 4430 episcopus
2609 4355 2958 4414 Pectavensis
3028 4355 3266 4411 factione
3323 4356 3600 4413 Saturnini

1960 4451 2294 4506 Arelatensis
2321 4449 2570 4519 episcopi
2598 4445 3049 4515 reliquorumque
3071 4443 3164 4513 qui
3196 4458 3318 4498 cum
3348 4457 3414 4500 eo
3445 4451 3604 4500 erant

1960 4539 2312 4596 Arrianorum
2343 4544 2469 4593 ante
2499 4536 2796 4592 triennium
2827 4534 2883 4588 in
2915 4532 3146 4603 Frigiam
3180 4532 3390 4600 pulsus,
3428 4532 3602 4589 libros

1963 4630 2032 4684 de
2062 4633 2249 4684 nostra
2294 4626 2561 4697 religione
2607 4624 2912 4694 componit.
2961 4621 3228 4690 Reliquia
3258 4620 3322 4651 ³⁷⁸
3367 4623 3604 4691 apostoli

1962 4718 2232 4774 Timothei
2287 4714 2804 4786 ConstantinOpolin
2869 4712 3120 4768 invecta.
3175 4711 3440 4778 Sarmata,
3497 4715 3604 4767 Ar-

1963 4814 2109 4864 mato
2146 4812 2202 4864 et
2238 4807 2561 4870 Macharius,
2611 4801 2870 4872 discipuli
2926 4801 3148 4865 Antoni,
3209 4799 3453 4870 insignes
3508 4799 3604 4855 ha-

235 4893 539 4950 Constantii
571 4895 856 4964 patruelis,
893 4910 1048 4951 cesar
1085 4896 1282 4952 factus.
1965 4899 2183 4954 bentur.

303 4982 430 5038 366.
468 4982 552 5039 14.
589 4984 849 5055 [ccchtv]
913 4987 1028 5056 (An.
1087 4986 1282 5056 Mart.)
1337 4988 1667 5043 Constantius
1721 4987 1775 5042 5.
1835 4993 1883 5044 et
2037 4987 2289 5042 Liberius
2315 5000 2454 5056 papa
2483 4987 2741 5041 Romana
2781 4979 3034 5037 ecclesia
3072 4978 3127 5033 in
3167 4977 3390 5034 exilium
3437 4978 3605 5034 mitti-

237 5074 490 5128 Constans
519 5087 640 5128 cars.
663 5075 840 5130 Julius
870 5089 1010 5145 papa
1040 5075 1180 5131 obiit
1213 5077 1391 5146 pridie
1421 5077 1550 5132 Idus
1573 5077 1797 5148 Aprilis,
1830 5083 1885 5133 et
1967 5085 2076 5134 tur.
2113 5077 2243 5147 [Quo
2273 5076 2327 5131 in
2359 5074 2582 5130 exilium
2620 5074 2691 5129 ob
2739 5072 2902 5127 fidem
2948 5075 3124 5136 truso,
3175 5081 3368 5124 omnes
3414 5067 3604 5124 clerici

237 5163 484 5232 sepultus
521 5168 605 5219 est
649 5163 733 5218 via
778 5165 998 5220 Aurelia
1045 5165 1280 5221 miliario
1329 5167 1393 5196 ’π
1450 5167 1518 5222 ab
1551 5168 1693 5223 Urbe
1731 5166 1784 5222 3.
1827 5168 1882 5222 in
1960 5168 2302 5236 juraverunt,
2369 5171 2429 5218 ut
2488 5161 2696 5217 nullum
2761 5160 2926 5214 alium
2980 5156 3344 5226 susciperent.
3407 5157 3606 5211 Verum

239 5251 510 5308 cimiterio
564 5253 867 5324 Calepodii.
917 5255 1019 5321 Qui
1066 5255 1169 5310 sub
1218 5257 1576 5312 Constantino
1628 5257 1882 5323 Arriano,
1967 5269 2090 5310 cum
2119 5252 2270 5308 Felix
2299 5251 2368 5306 ab
2394 5250 2641 5307 Arrianis
2669 5247 2861 5303 fuisset
2891 5248 2947 5302 in
2993 5244 3363 5301 sacerdotium
3403 5244 3608 5301 substi-

1599 5347 1824 5400 VARl/E
1863 5342 2250 5402 LECTIONES.

306 5420 375 5500 ²⁶⁵Α
410 5420 684 5500 prefectus
703 5437 794 5478 an.
821 5422 843 5476 1
869 5430 892 5478 ?
923 5494 938 5500 _
965 5422 1261 5500 ’ἥδ-ηειδγῇ
1295 5421 1343 5479 1.
1384 5423 1482 5500 f"
1503 5422 1650 5500 lege:
1684 5424 2146 5500 tillumegmvius
2167 5421 2288 5500 fuit.
2312 5415 2963 5500 ullttm-Tgravibusplus
2983 5413 3525 5500 prosper_um.c..‘P..f.

329 5497 384 5546 et
411 5485 484 5548 '1?
523 5566 531 5568 4
557 5494 620 5568 ’θῗ
648 5494 1075 5568 νθῑιξξὶηῐονιτγιιέσ
1103 5500 1152 5568 et
1175 5496 1334 5568 infra.
1367 5485 1668 5568 Sapissime
1688 5504 1709 5552 t
1724 5512 1822 5568 pro
1850 5499 1866 5553 i
1895 5485 2154 5568 scriptum
2172 5499 2267 5549 est.
2343 5494 2406 5523 ²⁷⁰
2431 5485 2638 5546 faciti.
2713 5489 2773 5522 ἠ
2805 5485 2852 5541 ἐξ
2879 5487 3082 5558 e.pilo.
3161 5487 3224 5517 ²⁷²
3256 5486 3514 5542 militario
3550 5485 3599 5541 1.

241 5561 306 5591 ’⁷³
333 5566 565 5620 cessaris
601 5565 648 5620 1.
724 5567 788 5597 ³⁷⁸
818 5567 1084 5621 militibus
1117 5566 1167 5620 1.
1229 5561 1308 5596 ’³⁷⁵
1347 5561 1605 5621 tutendas
1641 5570 1685 5621 1.
1724 5561 1739 5568 ’
1762 5568 1824 5598 ’⁷⁸
1856 5561 2102 5637 Reliqua
2141 5565 2186 5618 1.
