4040 6170
363 260 470 316 707

1780 240 2063 300 MARIANI
2104 241 2335 299 SCOTTI

3639 244 3752 301 708

364 384 536 452 tutus,
594 377 816 453 plurimi
874 377 1312 449 periuraverunt,
1361 376 1416 427 et
1459 372 1585 440 post
1631 380 1832 424 annum
1882 370 2080 429 cumA
2164 367 2524 423 Romanorum
2550 365 2640 422 44.
2673 366 2915 423 Julianus
2959 365 3243 425 secundum
3279 378 3453 423 omnes
3500 372 3754 437 regnavit

365 473 547 529 Felice
578 472 741 543 ejecti
767 472 935 536 sunt;
970 466 1099 538 quia
1118 463 1370 522 Liberius
1399 460 1550 517 tedio
1579 458 1757 514 victus
1786 455 1936 513 exilii
1958 461 2015 512 et

366 562 424 619 in
490 562 738 619 heretica
802 555 1068 630 pravitate
1133 551 1506 619 subscribens,
1565 549 1792 605 Romam
1857 546 2013 617 quasi

367 651 547 709 victor
583 652 902 707 intraverat.
937 646 1050 717 (An.
1081 646 1270 707 Mart.)
1304 640 1453 697 Felix
1495 643 1676 695 autem
1728 635 2015 707 depositus

368 740 439 797 de
489 741 810 813 episcopatu
858 748 980 803 suo,
1031 731 1294 789 habitavit
1350 730 1407 785 in
1466 727 1720 799 prediolo
1762 740 1884 794 suo,
1929 724 2015 779 via

370 830 683 896 Portuensi,
725 826 819 884 ubi
849 825 988 882 obiit
1017 822 1071 878 4.
1107 820 1226 877 Kal.
1258 818 1528 891 Augusti.]
1564 816 1762 891 (Hier)
1808 818 2014 887 Magnae

371 918 793 977 Alamannorum
852 913 1029 986 copiae
1076 909 1221 982 apud
1273 913 1693 981 Argentoratum
1751 905 2015 979 oppidum

370 1009 557 1067 Galliae
595 1024 627 1066 a
666 1020 881 1065 cessare
909 1003 1126 1060 Iuliano
1158 1015 1460 1072 oppressae.

439 1097 569 1155 372.
601 1097 691 1154 20.
749 1093 914 1168 [CCCL]
957 1092 1154 1160 (Hum)
1216 1089 1450 1147 Titianus
1503 1090 1553 1141 et
1608 1085 1863 1143 Cerealis.
1924 1084 2019 1139 Sa-

372 1189 559 1245 raceni
590 1187 647 1243 in
695 1182 1089 1243 monasterium
1136 1180 1284 1237 beati
1322 1177 1523 1234 Antoni
1561 1177 1857 1243 irruentes,
1897 1175 2019 1229 Sar-

372 1283 571 1336 matam
626 1275 691 1308 ¹τ⁷
738 1275 1095 1339 interficiunt.
1156 1268 1476 1327 Constantio
1542 1268 1766 1323 Romam
1806 1264 2018 1337 ingres-

369 1370 453 1425 sio
499 1366 585 1436 ³⁷⁸,
617 1380 743 1423 ossa
787 1365 1022 1421 Andreae
1078 1360 1315 1432 apostoli
1355 1366 1410 1415 et
1437 1360 1599 1414 Lucae
1631 1356 1957 1427 evangelizae
1987 1368 2019 1411 a

368 1452 997 1526 Constantinopolitanls
1026 1452 1166 1508 miro
1196 1449 1379 1507 favore
1417 1453 1693 1519 suscepta.

442 1547 603 1605 Felix
650 1561 799 1619 papa
844 1543 935 1600 35.
985 1547 1102 1615 post
1146 1543 1357 1597 Petrum
1403 1539 1699 1609 ordinatur,
1751 1536 1839 1610 qui
1885 1535 2020 1593 sedit

370 1650 508 1695 anno
536 1651 639 1692 uno
649 1679 661 1692 .

2096 455 2249 512 annis
2277 456 2335 525 2,
2374 455 2632 513 mensibus
2662 456 2718 526 8,
2749 456 2847 512 hoc
2883 458 2962 515 est
2990 470 3151 530 usque
3180 454 3300 512 Kal.
3334 454 3487 526 Julii,
3517 458 3574 515 in
3603 472 3753 516 anno

2095 543 2220 598 348.
2254 552 2381 615 post
2411 547 2745 616 passionem.
2786 546 2897 603 Sub
2945 559 3058 616 quo
3105 545 3163 602 hi
3211 545 3469 604 consules
3487 547 3751 617 .fuerunt,

2097 638 2237 689 teste
2267 634 2618 693 Cassiodoro.

2166 722 2293 780 380.
2333 723 2379 781 1.
2414 725 2684 796 [CCCLvm]
2723 724 2928 798 (Hiram)
2960 724 3203 781 Julianus
3231 724 3286 780 4.
3335 728 3396 782 ν.
3429 729 3488 784 0.
3519 729 3755 787 consent.

2094 812 2310 870 Juliano
2342 813 2410 870 ad
2440 814 2714 872 idolorum
2746 816 2897 872 cultu
2936 828 3203 873 converso
3237 815 3439 873 blanda
3476 832 3753 891 persecu-

2097 903 2176 959 tio
2210 902 2333 971 fuit,
2366 903 2605 961 illiciens
2643 905 2815 977 magis
2854 918 3016 975 quam
3065 904 3305 975 implens
3332 904 3396 937 ’θ’
3425 905 3491 961 ad
3532 907 3759 965 sacriﬁ-

2098 993 2374 1062 candum;
2410 995 2467 1050 in
2506 1009 2613 1065 qua
2643 994 2801 1050 multi
2840 1007 2907 1051 ex
2953 993 3162 1051 nostris
3206 994 3486 1052 voluntate
3524 997 3761 1068 propria

2099 1089 2449 1149 corruerunt.
2491 1084 2727 1157 Georgio
2762 1099 2863 1156 per
2900 1085 3231 1142 seditionem
3271 1086 3462 1158 populi
3498 1087 3758 1154 incenso,

2102 1175 2197 1245 qui
2232 1175 2288 1230 in
2318 1173 2498 1232 locum
2528 1174 2819 1233 Athanassi
2849 1176 2916 1232 ab
2954 1177 3198 1232 Arrianis
3228 1175 3408 1233 fuerat
3440 1177 3757 1242 ordinatus,

2098 1263 2426 1321 Athanasius
2506 1256 2892 1323 Alexandriam
2974 1268 3292 1325 revertitur.
3361 1269 3628 1325 Eusebius
3693 1271 3758 1325 et

2100 1354 2318 1411 Lucifer
2374 1356 2443 1411 de
2482 1356 2648 1412 exilio
2688 1358 3100 1428 regrediuntur.
3154 1359 3198 1415 E
3253 1358 3456 1431 quibus
3509 1356 3758 1428 Lucifer,

2100 1444 2328 1501 adscitis
2357 1444 2574 1502 duobus
2602 1446 2727 1502 aliis
2756 1446 3189 1517 confessoribus,
3221 1446 3531 1518 Paulinum,
3560 1450 3767 1506 Eusta-

2101 1534 2191 1592 chi
2221 1532 2469 1607 episcOpi
2501 1536 2890 1608 presbiterum,
2933 1537 3028 1610 qui
3065 1554 3124 1595 se
3175 1551 3457 1611 nunquam
3484 1540 3765 1597 heretico-

2100 1639 2221 1685 rum
2260 1628 2645 1684 communione
2684 1627 2979 1699 polluerat,
3022 1628 3079 1684 in
3116 1631 3274 1701 parte
3322 1628 3599 1687 chatolica
3638 1632 3757 1686 An-

441 1724 566 1781 3’73.
599 1723 692 1785 2i.
729 1720 915 1794 [CCCLI]
961 1720 1162 1794 (illum)
1217 1717 1467 1775 Eusebius
1511 1722 1562 1774 et
1606 1714 1870 1788 Ilipatius.
1921 1712 2327 1775 Ni-Btiochiae
2367 1718 2688 1789 episcopum
2716 1717 2867 1775 facit.

366 1812 617 1872 comedia
654 1816 817 1869 terra:
857 1817 1009 1867 motu
1038 1809 1286 1866 funditus
1312 1822 1520 1875 eversa,
1543 1806 1744 1863 vicinis
1786 1803 2019 1862 urbibus

372 1917 440 1961 ex
468 1908 625 1975 parte
661 1900 890 1959 vexatis.
924 1898 1184 1956 Paulinus
1230 1898 1292 1929 ’⁷⁸
1338 1897 1685 1953 Triverorum
1724 1896 2020 1967 episcopus

370 1993 428 2048 in
490 1991 671 2062 Frigia
726 1989 954 2046 exulans
1002 1989 1256 2046 moritur.
1318 1986 1409 2060 (cf.
1460 1991 1670 2056 supra.)
1721 1985 2020 2042 Evanthius

374 2080 782 2138 eruditissimus
819 2079 1299 2152 grammaticorum
1328 2073 1844 2146 Constantinopolin
1875 2075 2019 2131 diem

371 2171 532 2240 obiit,
566 2172 623 2227 in
656 2172 813 2241 cujus
843 2169 1025 2226 locum
1065 2181 1131 2225 ex
1176 2167 1357 2223 Africa
1405 2166 1668 2223 Chrestus
1704 2162 2017 2222 adducitur.

366 2291 436 2301 —
466 2259 718 2316 Liberius
755 2271 897 2330 papa
926 2257 995 2314 de
1035 2254 1202 2313 exilio
1233 2254 1550 2313 revertitur.

438 2346 566 2403 374.
628 2348 718 2403 22.
792 2344 1000 2418 [eccm]
1063 2344 1264 2415 alma.)
1324 2342 1656 2401 Constantius
1716 2342 1804 2397 10.
1854 2342 1913 2397 ν.
1957 2342 2017 2399 0.

368 2451 539 2494 conss.
572 2435 811 2493 Sinodus
834 2434 979 2506 apud
1017 2434 1322 2490 Ariminum
1362 2437 1416 2488 et
1462 2431 1766 2488 Seleuciam
1812 2431 2019 2487 Isauria

368 2526 532 2595 facta,
577 2526 636 2581 in
685 2537 792 2597 qua
841 2523 1067 2597 antiqua
1114 2528 1331 2594 patrum
1378 2520 1514 2577 fides
1553 2520 1744 2577 decem
1782 2520 2019 2591 primum

368 2617 700 2687 legatorum,
760 2612 978 2685 [dehinc
1027 2613 1270 2669 omnium
1310 2610 1552 2682 proditio
1592 2610 1845 2666 damnata
1894 2610 2015 2680 est].

368 2703 683 2761 Honoratus
748 2717 816 2758 ex
879 2699 1125 2773 preiecto
1167 2696 1413 2772 pretorio
1452 2699 1744 2755 Galliarum
1812 2698 2021 2769 primus

368 2791 849 2862 Constantinopoli
880 2789 1159 2863 prefectus
1187 2789 1311 2846 urbi
1355 2787 1551 2846 factus.
1584 2788 1893 2854 Gratianus,
1926 2787 2019 2858 qui

368 2894 516 2939 nunc
583 2883 913 2953 imperator,
991 2881 1256 2937 nascitur.
1336 2878 1577 2935 Hilarius
1649 2876 2023 2948 [Pictaviensis

370 2970 685 3042 episcopus]
739 2984 862 3026 cum
906 2971 1050 3039 apud
1091 2965 1626 3037 Constantinopolim
1678 2966 1877 3021 librum
1919 2976 2019 3035 pro

2170 1806 2296 1863 381.
2338 1808 2393 1861 2.
2462 1809 2683 1879 [αρσια]
2741 1808 2955 1889 (litum)
3009 1807 3277 1867 Salustius
3338 1811 3400 1866 V.
3463 1808 3523 1872 0.
3579 1825 3755 1868 conss.

2100 1892 2489 1952 Proheressius
2516 1896 2703 1953 soﬂsta
2741 1896 3114 1966 Atheniensis,
3154 1897 3275 1970 lege
3314 1899 3443 1954 data
3490 1913 3559 1957 ne
3609 1898 3761 1955 chri-

2100 1982 2263 2039 stiani
2320 1983 2632 2040 liberalium
2669 1984 2867 2043 artium
2920 1986 3182 2043 doctores
3229 1993 3435 2056 essent,
3485 2002 3609 2044 cum
3646 1986 3758 2043 sibi

2102 2072 2419 2143 specialiter
2443 2073 2692 2130 Julianus
2734 2073 3069 2132 concederet
3106 2076 3167 2132 ut
3204 2075 3541 2134 Christianus
3587 2077 3724 2133 doce

2102 2168 2214 2230 ret,
2280 2163 2485 2220 scolam
2538 2168 2736 2233 sponte
2802 2162 3065 2222 deseruit.
3134 2165 3457 2222 IEmilianus
3495 2167 3568 2223 ob
3631 2181 3764 2224 ara-

2101 2252 2241 2309 rium
2290 2250 2355 2283 ²⁸³
2402 2253 2818 2310 subversionem
2855 2252 3186 2312 Dorosthori
3233 2270 3267 2310 a
3301 2254 3507 2312 vicario
3564 2252 3759 2313 incen-

2101 2341 2267 2398 ditur.
2335 2342 2586 2399 [Eclesize
2650 2342 2957 2403 Antiochia:
3025 2343 3266 2416 clausae,
3325 2352 3382 2402 et
3436 2346 3761 2419 gravissima

2102 2430 2440 2487 imminentis
2505 2430 2910 2504 persecutionis
2994 2431 3237 2507 procella
3311 2432 3408 2491 Dei
3477 2433 3761 2493 voluntate

2101 2522 2282 2591 sopita
2321 2527 2424 2577 est.

2170 2609 2297 2666 382.
2349 2610 2405 2668 3.
2467 2610 2674 2683 [CCCLX]
2734 2608 2902 2685 (lsm.)
2940 2608 3182 2671 Julianus
3236 2612 3291 2669 5.
3351 2615 3412 2670 V.
3464 2614 3525 2672 0.
3585 2632 3757 2675 conss.

2099 2697 2347 2755 Julianus
2385 2699 2441 2755 in
2473 2698 2661 2757 odium
2700 2701 2904 2757 Christi
2948 2704 3211 2775 templum
3246 2704 3633 2762 Hierosolimis
3667 2706 3762 2761 Iu-

2103 2788 2221 2844 deis
2251 2802 2507 2858 reparare
2549 2790 2847 2861 permissit,
2882 2797 3048 2863 atque
3079 2806 3146 2848 ex
3187 2793 3441 2850 omnibus
3481 2792 3762 2864 provincis

2099 2875 2258 2933 Judei
2296 2878 2516 2934 collecti
2555 2892 2695 2935 nova
2725 2879 2915 2951 templi
2954 2878 3309 2939 fundamenta
3333 2882 3624 2953 jecerent;
3656 2881 3759 2939 sed

2102 2965 2285 3023 subito
2344 2971 2507 3024 nocte
2566 2968 2762 3027 aborto
2825 2968 3136 3041 terrimotu,
3196 2984 3324 3027 saxa
3382 2972 3450 3027 ab
3490 2971 3597 3029 ima
3633 2970 3761 3028 fun-

367 3075 427 3116 se
466 3057 787 3116 Constantio
836 3058 1194 3128 porrexisset,
1227 3057 1296 3112 ad
1342 3056 1543 3111 Gallias
1571 3053 1734 3111 redit.
1767 3046 2482 3113 Macedo-Cdamentorum
2548 3071 2797 3127 excussa,
2857 3058 3022 3131 longe
3080 3058 3301 3132 lateque
3359 3074 3548 3132 sparsa
3603 3064 3756 3129 sunt,

368 3150 495 3207 nius
531 3147 1011 3219 Constantinopoli
1040 3147 1284 3219 pellitur.
1326 3148 1524 3203 Omnes
1554 3160 1695 3217 pene
1733 3151 1850 3202 toto
1882 3145 2017 3203 orbe

372 3239 609 3296 ecclesiae
654 3237 757 3294 sub
797 3238 1020 3294 nomine
1052 3236 1204 3309 pacis
1234 3241 1289 3293 et
1317 3234 1464 3310 regis
1500 3236 1854 3293 Arrianorum
1885 3248 2019 3293 con-

368 3328 542 3387 sortio
581 3327 883 3402 poliuntur.

435 3416 563 3473 375.
616 3418 709 3475 23.
775 3414 1004 3491 [cccmn]
1046 3414 1250 3489 (litem)
1313 3414 1557 3473 Julianus
1628 3414 1689 3473 V.
1721 3418 1780 3474 0.
1840 3428 2012 3472 conss.

365 3507 847 3581 ConstantinOpoll
894 3507 1234 3565 aeclesiarum
1281 3508 1514 3563 maxima
1554 3505 1863 3564 dedicatur.
1904 3509 2014 3563 Me-

363 3598 530 3656 letius
558 3600 823 3656 Sebastiae
858 3597 1244 3657 Armeniorum
1292 3596 1358 3629 ’⁸ο
1402 3596 1471 3653 ab
1519 3595 1710 3653 Acatio
1750 3600 1806 3652 et
1841 3596 2018 3653 Geor-

365 3687 455 3760 gio
501 3688 781 3760 episcopis
836 3686 1082 3744 Arrianis
1147 3684 1495 3745 Antiochiam
1562 3685 1907 3744 transfertur.
1950 3686 2017 3740 Et

367 3784 494 3850 post
532 3790 644 3834 non
673 3776 880 3848 grande
912 3776 1181 3848 temporis
1218 3774 1587 3844 intervallum,
1633 3788 1756 3833 cum
1805 3775 2018 3847 presbi-

367 3873 520 3925 teros
550 3868 644 3938 qui
684 3867 752 3921 ab
792 3866 1041 3922 Eudoxio
1080 3867 1432 3922 antecessore
1472 3876 1573 3922 suo
1604 3865 1871 3937 depossiti
1900 3865 2017 3921 fue-

365 3962 490 4013 rant
527 3957 885 4028 suscepisset,
943 3952 1093 4011 exilii
1145 3954 1503 4025 justissimam
1560 3969 1777 4012 causam
1833 3954 2017 4011 subita

367 4046 497 4102 ﬁdei
526 4044 829 4103 mutatione
860 4043 1085 4101 delusit.

432 4133 560 4191 376.
625 4132 718 4192 24.
790 4133 1015 4207 [eccm]
1058 4131 1268 4206 (HIER.)
1340 4133 1549 4192 Faurus
1623 4134 1683 4191 ν.
1750 4134 1809 4191 0.
1867 4147 2010 4191 cons.

369 4224 553 4296 [Gallia
629 4234 730 4297 per
802 4223 1067 4283 Hilarium
1142 4222 1482 4283 Arminensis
1546 4223 1792 4298 perfidiae
1856 4223 2015 4281 dolos

361 4313 625 4388 damnat.]

2099 3145 2405 3219 igneusque
2436 3147 2633 3219 globus
2673 3149 2740 3204 ab
2791 3146 3059 3207 interiore
3101 3148 3204 3207 ede
3254 3151 3445 3221 templi
3485 3149 3761 3222 plurimos

2100 3248 2292 3293 eorum
2330 3251 2430 3293 suo
2471 3237 2769 3309 prostravit
2812 3237 3097 3297 incendio.
3137 3239 3254 3309 Quo
3294 3245 3508 3297 terrore
3556 3238 3760 3312 reliqui

2099 3322 2390 3395 pavefacti,
2420 3326 2696 3383 Christum
2736 3326 3146 3384 conﬁtebantur
3182 3326 3359 3385 inviti.
3412 3327 3478 3386 Et
3528 3343 3598 3386 ne
3648 3328 3759 3386 hoc

2098 3428 2257 3472 cassu
2286 3414 2581 3474 crederent
2615 3416 2840 3486 factum,
2883 3419 3138 3489 sequenti
3174 3420 3338 3475 nocte
3368 3419 3425 3474 in
3456 3420 3758 3477 vestimen-

2100 3506 2170 3563 tis
2207 3512 2533 3565 cunctorum
2570 3508 2825 3579 apparuit
2856 3508 3039 3565 crucis
3067 3508 3303 3581 signum.
3340 3508 3528 3581 (Ριεα.)
3563 3510 3754 3566 Romae

2098 3597 2245 3665 passi
2282 3596 2473 3655 Piscus
2511 3598 2805 3668 presbiter,
2846 3595 3223 3668 Priscilianus,
3266 3598 3565 3657 Benedicta
3601 3597 3757 3656 femi-

2097 3698 2187 3755 na,
2229 3683 2508 3744 Pimenius
2535 3688 2831 3759 presbiter,
2880 3687 3209 3757 Gordianus,
3258 3688 3534 3745 Demetria
3570 3690 3752 3762 virgo,

2095 3774 2374 3833 Iohannes
2405 3774 2699 3847 presbiter,
2733 3776 2864 3833 item
2892 3774 3172 3832 Johannes
3192 3778 3248 3832 et
3274 3775 3495 3845 Paulus,
3521 3778 3757 3835 Faustus

2098 3868 2154 3920 et
2202 3862 2465 3936 Dafrosa;
2534 3864 2591 3921 in
2657 3865 2849 3923 Hostia
2906 3862 3219 3924 Hilarianus
3256 3866 3747 3926 Hieresolimorum

2098 3954 2411 4026 episcopus,
2452 3955 2740 4024 Quiriacus
2778 3959 2834 4012 et
2874 3955 3079 4024 Judas;
3128 3955 3476 4014 Alexandriae
3514 3958 3749 4015 Gallica-

2097 4060 2238 4117 nus;
2297 4045 2563 4102 Vercellis
2610 4042 2882 4104 Eusebius
2925 4047 3262 4120 episcopus;
3300 4048 3490 4105 Aretia
3528 4049 3747 4107 civitate

2094 4138 2340 4193 Donatus
2367 4133 2692 4208 episcopus;
2725 4134 3019 4194 Antiochia
3039 4134 3417 4195 Theudoricus
3444 4139 3742 4209 presbiter.

2099 4224 2299 4294 (illam)
2337 4224 2586 4283 Julianus
2631 4228 2691 4283 in
2728 4226 2924 4283 Persas
2981 4225 3285 4299 profectus,
3326 4232 3579 4286 nostrum
3623 4235 3745 4301 post

2093 4315 2379 4372 victoriam
2432 4316 2542 4372 diis
2596 4317 2879 4389 sanginem
2934 4322 3197 4385 voverat;
3258 4317 3354 4374 ubi
3408 4310 3456 4374 'a
3506 4320 3748 4390 quodam

431 4404 557 4462 377.
609 4379 715 4461 '25.
787 4403 989 4477 [CCCLv]
1054 4404 1223 4477 (lsrn.)
1277 4400 1573 4461 Florentius
1638 4402 1696 4460 ν.
1758 4405 1815 4460 0.
1840 4379 2001 4461 cons.
2025 4392 2351 4461 Dsimulato
2391 4405 2617 4478 perfuga
2647 4379 2727 4463 ad
2755 4406 2972 4463 deserta
3002 4379 3323 4477 perductus,
3357 4422 3483 4464 cum
3519 4379 3666 4466 fame
3693 4413 3750 4465 et

364 4493 603 4581 [Heresis
629 4491 1275 4566 AutrOpomorphitaram
1314 4490 1371 4547 in
1411 4491 1563 4565 Syria
1602 4496 1657 4547 et
1694 4492 2013 4551 Macedonia

359 4580 416 4640 et
444 4581 923 4655 ConstantinOpoli
961 4580 1177 4652 oritur.]

428 4669 554 4729 3'78.
586 4668 676 4729 26.
710 4670 959 4744 [CCCLvI].
1001 4670 1345 4731 Mamertinus
1392 4672 1451 4725 ν.
1484 4668 1543 4728 0.
1796 4716 1808 4727 .

428 4760 676 4819 379.27.
723 4759 991 4833 [CCCLvn].
1041 4758 1260 4817 Nevitta
1308 4760 1367 4817 V.
1400 4760 1459 4816 0.
1505 4754 1843 4832 [Theodorus
1896 4760 2009 4833 epi-

358 4862 563 4922 sc0pus
590 4849 648 4907 in
682 4850 953 4921 tripartita
993 4849 1351 4906 aeclesiastica
1381 4849 1611 4905 historia
1634 4857 1729 4918 (1v,
1762 4850 1857 4923 50)
1893 4850 2002 4909 sic:

358 4942 751 5001 Constantinus
798 4941 858 4972 ²⁸¹
909 4940 1250 5010 Mopscrenis
1278 4940 1425 4995 inter
1452 4938 1695 4994 Ciliciam
1725 4941 2007 5011 Cappado-

354 5031 607 5104 ciamque
646 5026 897 5099 moritur,
929 5040 1072 5085 anno
1106 5029 1284 5086 aetatis
1321 5026 1431 5100 45.]
1473 5028 2001 5101 Constantin0polim

288 5172 299 5180 .
356 5120 602 5194 veniens,
634 5116 799 5179 tertia
827 5119 918 5179 die
946 5118 1151 5177 mensis
1179 5115 1490 5176 Novimbris
1519 5118 1676 5176 obiit.

2093 4494 2185 4550 siti
2223 4500 2528 4566 apostatam
2568 4496 2900 4567 perdidisset
2938 4498 3240 4554 exercitum
3280 4503 3336 4553 et
3374 4497 3747 4555 inconsultius

2091 4598 2123 4639 a
2186 4597 2412 4641 suorum
2480 4590 2693 4642 erraret
2757 4584 3087 4658 agminibus,
3154 4586 3223 4642 ab
3289 4586 3411 4643 ovio
3469 4584 3537 4617 ’3‘
3600 4585 3749 4644 forte

2090 4672 2331 4730 hostium
2388 4675 2574 4746 equite
2632 4680 2797 4731 conto
2846 4674 2941 4731 ilia
2988 4672 3272 4745 perfossus
3312 4674 3548 4744 interiit,
3598 4691 3744 4734 anno

2091 4760 2270 4819 aetatis
2299 4760 2389 4819 32.
2435 4761 2523 4834 (cf.
2565 4765 2633 4819 H.
2667 4758 2840 4837 Trip.)
2871 4764 2937 4821 Et
2968 4779 3090 4820 cum
3130 4764 3398 4822 mississet
3425 4779 3648 4823 manum
3688 4765 3744 4823 in

2088 4851 2334 4919 vulnere,
2368 4855 2423 4907 et
2457 4850 2812 4924 [sanguinem]
2854 4860 3172 4925 aspergeret
3218 4853 3279 4909 in
3325 4868 3533 4922 aerem,
3563 4854 3741 4911 dixit:

2090 4960 2117 4989 α
2150 4941 2359 5008 Vicisti,
2391 4941 2617 5011 Galilee,
2650 4962 2678 4995 »
2709 4940 2767 4999 id
2797 4947 2882 4999 est
2908 4940 3145 4999 Christe.
3184 4938 3284 5015 (v1,
3319 4941 3435 5014 47.)
3469 4944 3559 5000 Sic
3597 4945 3741 5001 enim

2087 5029 2251 5086 etiam
2290 5029 2621 5089 christianos
2667 5046 2884 5102 semper
2936 5032 3178 5103 appellat
3242 5030 3541 5104 [Galileos].
3591 5033 3743 5091 Obiit

2085 5125 2267 5178 autem
2305 5118 2394 5176 die
2443 5121 2479 5177 6
2508 5122 2628 5180 Kal.
2667 5120 2817 5181 Julii.
2861 5119 3061 5195 (Hum)
3100 5122 3168 5180 Et
3213 5122 3474 5194 sequenti
3512 5122 3606 5180 die
3640 5125 3739 5181 Jo-

1721 5288 1945 5347 VARl/E
1983 5291 2370 5353 LECTIONES.

428 5442 491 5480 ⁸⁷⁷
517 5447 861 5503 sarmatatam
896 5441 944 5500 l.
1020 5436 1086 5473 ³⁷⁸
1115 5438 1260 5511 tege:
1294 5434 1567 5513 ingresso.
1643 5433 1707 5467 '7”
1735 5435 1997 5513 Paulinus
2017 5440 2355 5513 emoritur
2379 5439 2489 5498 alia
2519 5454 2676 5498 manu
2701 5441 2889 5501 iterum
2916 5438 3467 5513 tnmarginescﬁpta.
3522 5441 3609 5513 7"
3637 5457 3728 5499 ar-

356 5520 665 5577 mentorum
697 5517 751 5576 l.
782 5516 931 5585 tege:
959 5508 1341 5571 Armeniorum
1364 5508 1684 5580 episcopus.
1762 5508 1825 5542 ⁸⁸⁸
1861 5509 1972 5566 haec
2006 5511 2064 5567 in
2098 5511 2212 5570 loco
2236 5527 2360 5571 raso
2399 5526 2556 5572 manu
2582 5529 2690 5572 sec.
2767 5514 2831 5548 ’⁸³
2882 5514 3028 5586 tege:
3080 5508 3393 5585 impellens.
3468 5512 3535 5546 ’⁸³
3580 5514 3723 5586 tege:

355 5605 592 5651 ararum.
667 5589 732 5623 ’⁸⁵⁵
759 5589 798 5646 i.
816 5603 879 5644 -e.
914 5586 1097 5645 obvio.
