4000 6158
236 164 330 221 709

1492 168 1898 227 CHRONICON.
1939 198 2010 213 ---
2047 171 2175 225 LIB.
2219 169 2310 225 ΙΙΙ.

3483 174 3593 230 710

231 292 409 348 vianus
438 304 508 349 ex
535 290 854 361 primicerio
882 291 1310 350 domesticorum
1348 294 1649 365 imperator
1686 295 1861 353 factus
1879 295 2181 367 AFrigiam
2228 295 2530 352 Salutarem
2596 293 2891 361 extinctus,
2951 296 3010 349 et
3063 294 3287 365 plurimi
3354 300 3587 359 Proca-

233 382 307 436 est
354 378 512 449 [teste
565 378 858 437 Theodoro
906 380 1170 452 episcopo
1224 383 1340 452 (vn,
1394 383 1443 456 1)
1501 390 1556 440 et
1594 386 1863 455 Eutropio

230 474 351 525 tunc
396 467 654 538 vivente].
688 468 706 540 (
720 470 837 525 Vita
882 471 937 524 S.
991 470 1142 543 Elii.)
1194 473 1441 542 [Sanctus
1469 472 1532 505 ³³³
1565 472 1703 545 (127)
1744 475 1861 529 Eii-

230 557 341 625 ﬂus,
393 563 687 629 postquam
726 567 985 628 presente
1020 561 1239 618 Iuliano
1296 576 1501 619 caesare
1557 563 1864 619 decollatus

228 653 320 715 est,
353 648 483 719 quia
511 648 653 705 deos
698 649 934 706 adorare
972 651 1171 718 noluit,
1222 653 1482 723 surrexit,
1516 658 1571 709 et
1598 653 1864 709 ambabus

226 736 469 794 manibus
533 752 634 807 per
680 752 851 796 unum
886 740 1101 797 miliare
1132 743 1372 811 portavit
1408 748 1575 812 caput
1617 756 1775 799 suum
1805 742 1863 798 in

225 832 459 885 montem
488 826 804 897 excelsum;
838 829 1002 899 eique
1030 831 1188 901 rupis
1223 831 1383 888 albus
1408 832 1678 903 gremium
1705 846 1864 888 suum

224 915 494 987 aperiens,
526 930 827 973 concavum
854 923 1155 990 aptumque
1202 920 1386 978 locum
1426 920 1582 977 dedit
1608 936 1775 992 super
1804 936 1864 978 se

222 1004 454 1065 sedenti.
485 1007 643 1063 Mons
671 1013 855 1064 autem
907 1008 1115 1065 dicitur
1160 1023 1322 1067 mons
1376 1012 1553 1067 sancti
1593 1011 1757 1080 Elitii,
1807 1012 1865 1068 in

222 1108 325 1167 quo
350 1097 510 1166 juxta
539 1097 850 1166 predictum
882 1097 1121 1169 lapidem
1163 1115 1333 1171 super
1360 1101 1715 1171 sepulchrum
1745 1104 1867 1173 ejus

222 1186 521 1244 oratorium
575 1192 958 1245 constructum
1006 1196 1111 1259 est,
1174 1190 1320 1247 inter
1356 1194 1771 1249 Frumentosam
1810 1197 1868 1248 et

220 1274 474 1334 Grandim
520 1277 757 1345 medius,
807 1279 876 1334 ab
934 1282 1167 1350 utraque
1215 1280 1521 1337 miliaribus
1576 1283 1745 1347 senis,
1795 1281 1865 1336 ab

219 1365 478 1436 aquilone
521 1367 833 1425 Tullensem
881 1370 1074 1425 urbem
1115 1370 1346 1439 habens,
1388 1372 1458 1426 ab
1506 1377 1694 1428 austro
1732 1384 1865 1427 vero

219 1456 479 1511 Grandim
510 1460 727 1513 tenens.
757 1459 959 1515 Passus
1005 1464 1091 1515 est
1126 1465 1306 1515 autem
1357 1461 1412 1515 in
1462 1466 1621 1531 prato
1670 1474 1866 1517 ameno

219 1546 271 1601 in
302 1547 426 1616 ripa
455 1547 698 1603 ﬂuminis
725 1549 950 1604 nomine
978 1550 1118 1604 Vera
1153 1549 1237 1602 l7.
1268 1549 1385 1605 Kal.
1418 1550 1574 1620 Nov.]

1944 386 2123 457 pianae
2179 384 2353 456 partis
2397 385 2508 441 cesi
2558 390 2724 454 atque
2766 382 3085 454 proscripti.
3145 384 3397 443 Liberius
3442 403 3586 461 papa

1946 477 2086 533 obiit
2113 476 2166 531 8.
2198 475 2431 531 Kalend.
2469 474 2593 530 Maii
2622 473 2711 544 (cf.
2742 474 2859 530 Lib.
2889 475 3089 540 Pont.).

2014 566 2278 620 Damasus
2322 564 2413 618 36.
2462 578 2609 635 papa
2650 569 2771 634 post
2820 565 3031 619 Petrum
3077 578 3204 619 ann.
3240 562 3323 620 19.
3361 563 3581 639 (Ηιειι.)

1944 656 2015 710 Et
2058 660 2175 725 post
2221 671 2325 711 non
2380 654 2591 710 multum
2647 659 2845 726 tempus
2915 656 3139 710 Ursinus
3190 671 3225 710 a
3282 655 3591 726 quibusdam

1945 744 2218 815 episcopus
2274 744 2598 813 constitutus,
2658 743 2944 809 [Sicinium
2999 759 3122 799 cum
3178 745 3295 802 suis
3357 746 3585 815 invadit,

1946 846 2058 902 quo
2088 835 2423 891 Damasianze
2456 834 2627 904 partis
2674 833 2881 904 populo
2928 834 3262 903 conﬂuente,
3313 836 3590 892 crudelis-

1945 923 2099 978 simae
2127 922 2545 979 interfectiones
2582 923 2786 980 diversi
2816 936 2980 979 sexus
3008 929 3361 995 perpetratae.
3391 926 3593 982 Valens

1947 1013 2015 1068 ab
2044 1013 2294 1069 Eudoxio
2321 1013 2675 1069 Arrianorum
2716 1012 2980 1083 episcopo
3008 1013 3337 1084 baptizatus,
3368 1021 3591 1072 nostros

1948 1101 2341 1172 persequitur].
2375 1101 2506 1172 (Lib.
2533 1102 2705 1173 poni.)
2740 1102 2815 1171 [In
2855 1102 3027 1171 gestis
3074 1103 3397 1172 pontiﬁcum
3445 1105 3526 1159 sic
3572 1123 3587 1162 :

1947 1190 2119 1258 Felix,
2149 1190 2374 1246 natione
2410 1192 2709 1257 Romanus,
2761 1204 2829 1245 ex
2881 1194 3037 1259 patre
3073 1192 3384 1259 Anastasio,
3447 1191 3593 1248 sedit

1947 1293 2092 1336 anno
2121 1280 2170 1346 l,
2200 1280 2482 1335 mensibus
2512 1278 2567 1347 3,
2600 1284 2657 1334 et
2692 1279 2925 1349 reliqua.
2970 1280 3073 1335 Hic
3102 1281 3403 1337 declaravit
3439 1282 3589 1338 Con-

1947 1371 2268 1437 stantinum,
2301 1368 2474 1424 ﬁlium
2503 1369 2869 1436 Constantini,
2902 1368 3229 1437 hereticum,
3263 1377 3318 1426 et
3347 1370 3592 1426 secundo

1948 1459 2343 1528 rebaptizatum
2400 1458 2471 1513 ab
2527 1457 2765 1513 Eusebio
2822 1457 3243 1513 Nicomediense
3304 1458 3589 1529 episcopo,

1943 1549 2099 1618 juxta
2135 1547 2508 1604 Nicomediam
2539 1547 2597 1601 in
2625 1546 2898 1616 Aquilone
2925 1546 3092 1613 villa;
3135 1554 3190 1603 et
3220 1560 3321 1617 pro
3358 1548 3466 1604 hoc
3496 1549 3595 1605 de-

286 1639 639 1691 liomanorum
665 1636 758 1692 45.
795 1637 1104 1693 Iovinianus
1132 1638 1412 1694 secundum
1449 1654 1625 1695 omnes
1651 1625 1929 1709 νεσηιι--Β
1952 1637 2160 1694 clarato
2188 1637 2257 1692 ab
2287 1637 2485 1693 eodem
2523 1636 2883 1692 Constantino
2924 1641 3140 1706 agusto,
3171 1635 3285 1692 ﬁlio
3316 1638 3590 1693 Constan-

218 1725 285 1780 uit
311 1725 576 1781 mensibus
613 1724 668 1794 8,
704 1726 803 1781 hoc
830 1730 909 1782 est
936 1740 1111 1798 usque
1141 1729 1209 1784 ad
1240 1727 1360 1784 Kal.
1394 1729 1592 1797 Martii,
1634 1731 1691 1786 in
1720 1743 1867 1787 anno

214 1813 338 1870 349.
395 1818 522 1885 post
574 1816 909 1886 passionem.
949 1818 1061 1873 Sub
1101 1831 1212 1888 quo
1240 1818 1297 1875 bi
1328 1819 1585 1877 consules
1621 1819 1863 1889 fuerunt,

217 1908 360 1960 teste
393 1905 743 1962 Cassiodoro.

219 1992 370 2063 [Cod.
402 1995 460 2049 in
487 2009 655 2065 marg.
682 2012 700 2049 :
721 1994 904 2052 Ciclus
930 1993 1019 2051 20.
1054 1995 1288 2054 deccnn.
1331 1998 1442 2055 inc.
1477 1998 1593 2056 ind.
1626 1999 1864 2069 quarta]

283 2081 414 2137 383.
471 2082 523 2138 1.
572 2084 797 2155 [CCCLxr]
838 2084 1033 2156 (liram)
1078 2087 1331 2143 Iovianus
1378 2093 1427 2143 et
1483 2090 1861 2144 Varronianus.

213 2170 542 2229 Jovinianus
578 2188 762 2230 rerum
808 2175 1142 2231 necessitate
1188 2176 1526 2246 compulsus,
1556 2177 1770 2233 Nisibin
1810 2182 1865 2231 et

215 2270 470 2333 magnam
525 2264 937 2332 Mesopotamiae
1016 2269 1228 2332 partem
1300 2267 1495 2335 Sapori
1576 2268 1865 2324 Persarum

211 2352 336 2422 regi
378 2352 626 2409 tradidit.
650 2352 890 2407 Sinodus
916 2352 1222 2408 Antiochiae
1241 2353 1458 2409 Melltus
1478 2359 1534 2410 et
1556 2356 1671 2411 suis
1698 2355 1862 2425 facta,

206 2439 268 2493 in
333 2453 447 2508 qua
500 2440 833 2497 homousion
889 2454 1180 2513 ommoque
1218 2442 1283 2477 ’⁸ο
1321 2444 1564 2513 rejectis,
1623 2445 1863 2502 medium

207 2529 375 2584 inter
417 2530 523 2586 hoc
556 2531 934 2588 omoeoeusion
981 2533 1432 2590 Macedonianum
1489 2535 1685 2607 dogma
1739 2536 1865 2592 vin-

203 2618 562 2676 dicaverunt.
629 2620 985 2692 [Homousion
1055 2623 1203 2680 Patri
1252 2622 1460 2681 dicitur
1495 2625 1745 2682 Christus
1790 2626 1864 2682 ob

200 2708 481 2764 unitatem
528 2710 851 2767 substantia:
909 2711 1110 2768 divinae
1148 2726 1272 2769 cum
1328 2716 1491 2770 Patre
1549 2720 1604 2771 et
1654 2715 1861 2785 Spiritu

199 2802 449 2863 sancto.]
480 2798 571 2864 (H.
603 2800 692 2865 Β.)
727 2800 1049 2857 Jovinianus
1087 2802 1414 2859 crudelitate
1445 2803 1509 2837 ’³⁷
1544 2804 1658 2860 sive
1689 2804 1863 2861 odore

1948 1726 2051 1782 tini
2080 1726 2281 1797 agusti,
2342 1726 2521 1796 capite
2568 1729 2857 1781 truncatur
2900 1725 2955 1781 3.
2994 1725 3124 1781 ldus
3157 1725 3502 1794 Novembris,
3533 1726 3593 1782 in

1949 1817 2169 1873 civitate
2226 1819 2478 1883 Corana;
2530 1822 2586 1871 et
2631 1815 2829 1871 exinde
2877 1814 3065 1871 clerici
3116 1828 3241 1871 eum
3288 1815 3590 1885 rapientes,

1947 1906 2287 1977 sepelierunt
2334 1906 2392 1961 in
2448 1904 2678 1961 basilica
2725 1919 2843 1973 sua,
2909 1919 3072 1974 quam
3124 1904 3255 1960 iccit
3282 1919 3408 1960 cum
3446 1910 3596 1962 esset

1948 1996 2243 2066 presbiter,
2318 1995 2402 2051 12.
2446 1994 2676 2050 Kalend.
2723 1994 3063 2062 Decembris,
3123 1994 3210 2050 via
3259 1994 3501 2063 Aurelia,
3533 1995 3593 2050 in

1947 2085 2184 2140 miliario
2214 2084 2501 2148 secundo;
2535 2090 2591 2139 et
2637 2084 2843 2139 cesavit
2880 2084 3234 2153 episcopatus
3273 2084 3470 2140 diebus
3496 2083 3587 2140 38.

1948 2175 2050 2229 Hic
2080 2174 2211 2229 emit
2257 2188 2448 2245 agrum
2505 2174 2653 2228 circa
2719 2173 2947 2228 eandem
3009 2172 3312 2240 basilicam,
3342 2179 3399 2229 et
3438 2173 3594 2229 dedit

1947 2263 2126 2319 eidem
2158 2263 2414 2330 aaclesiae,
2448 2276 2611 2332 quam
2656 2260 2789 2317 fecit
2835 2263 2893 2317 in
2934 2261 3020 2316 via
3046 2262 3288 2316 Aurelia.
3319 2263 3471 2317 Fecit
3500 2274 3592 2317 or-

1946 2352 2260 2409 dinationes
2289 2351 2345 2407 in
2373 2352 2512 2408 urbe
2554 2352 2749 2418 Roma,
2794 2365 2895 2421 per
2922 2364 3167 2406 mensem
3210 2350 3588 2417 Decembrem,

1946 2442 2285 2512 presbiteros
2330 2441 2419 2510 21,
2469 2440 2735 2498 diaconos
2774 2439 2831 2509 5,
2888 2440 3186 2512 episcopos
3233 2454 3333 2512 per
3369 2440 3586 2496 diversa

1944 2529 2067 2585 loca
2099 2530 2203 2601 19.]

2197 2620 2343 2690 [Cod.
2373 2620 2433 2675 in
2460 2634 2630 2690 marg.
2662 2637 2680 2675 :
2711 2620 2895 2676 Ciclus
2922 2619 3061 2676 solis
3086 2620 3334 2691 incipit.)

2013 2708 2138 2765 386.
2187 2709 2242 2765 3.
2296 2709 2555 2781 [CCCLxrv]
2612 2708 2825 2781 (Iliam)
2886 2710 3164 2765 Lubicinus
3232 2714 3284 2765 et
3343 2709 3580 2766 Iovinus.

1941 2800 2249 2866 Gratianus,
2317 2799 2685 2855 Valentiniani
2742 2798 2907 2867 ﬂlius,
2958 2798 3237 2857 Ambianis
3284 2799 3585 2870 imperator

198 2900 526 2957 prunarum,
577 2900 715 2958 quas
761 2889 959 2945 nimias
1014 2890 1224 2947 adoleri
1269 2892 1530 2962 iusserat,
1581 2898 1637 2949 et
1675 2895 1857 2951 nitore
1940 2885 2137 2954 factus,
2202 2889 2309 2959 [his
2365 2888 2708 2955 Consulibus.
2788 2892 2930 2945 ῐθῦιθ
2985 2888 3365 2955 CaSSiOGOI'OJo
3412 2890 3583 2945 Tanta

199 2977 481 3045 parietum
510 2979 723 3034 recenti
772 2982 1010 3047 textura,
1060 2980 1210 3051 quod
1247 2996 1411 3052 grave
1440 2962 1917 3052 quiescentibusG
1936 2977 2471 3048 Constantinopolim
2519 2984 2603 3033 est
2659 2982 2781 3033 orta
2808 2982 3126 3048 tempestas,
3160 2984 3221 3034 ut
3270 2980 3427 3035 mirae
3461 2992 3583 3035 ma-

198 3064 322 3132 iuit,
356 3066 596 3123 Dedaste
626 3068 787 3137 obiit,
819 3080 965 3126 anno
996 3070 1175 3126 aetatis
1219 3068 1309 3126 34.
1357 3071 1505 3127 Obiit
1549 3075 1731 3128 autem
1768 3072 1851 3126 14.

198 3153 317 3209 Kal.
352 3156 560 3225 Martii,
593 3160 653 3211 ut
681 3156 738 3212 in
778 3158 1027 3227 predicta
1056 3158 1414 3216 teciesiastica
1442 3160 1677 3218 historia
1707 3160 1853 3233 legi-

198 3250 288 3299 tur
333 3243 457 3314 (vn,
505 3244 583 3315 6).
626 3247 758 3303 Post
804 3260 990 3318 quem,
1023 3260 1146 3304 cum
1196 3250 1472 3306 exercitus
1517 3250 1759 3307 venisset
1795 3251 1853 3308 in

196 3333 436 3389 Neceam
483 3334 760 3405 Bithiniar,
792 3334 883 3391 25.
926 3337 1016 3394 die
1063 3339 1269 3395 mensis
1315 3339 1622 3409 Februarii,
1650 3341 1854 3397 Valen-

199 3423 433 3492 tiauum,
469 3424 751 3482 tribunum
808 3427 1197 3497 scutariorum,
1246 3442 1276 3484 e
1333 3430 1639 3497 Pannonia,
1696 3431 1856 3486 Ciba-

198 3510 408 3582 lensis,‘
449 3514 748 3585 appellavit
805 3520 1115 3587 augustum,
1166 3518 1260 3588 qui
1300 3515 1524 3574 fratrem
1571 3518 1854 3575 Valentem

204 3600 784 3676 [Constantinopolim]
815 3618 1004 3663 secum
1034 3620 1226 3679 regere
1256 3606 1390 3663 fecit
1416 3607 1638 3679 (Hum).

264 3695 627 3749 Romanorum
690 3695 781 3748 46.
852 3695 1287 3766 Valenti[ni]anus
1349 3712 1463 3751 cunt
1526 3697 1696 3767 fratre
1761 3697 1858 3753 Va-

196 3777 331 3837 lente
376 3785 625 3853 rcgnavit
680 3784 831 3840 annis
889 3784 971 3853 ll,
1012 3786 1274 3841 mensibus
1316 3786 1371 3854 5,
1421 3787 1528 3842 hcc
1567 3792 1856 3857 estusque

200 3870 317 3928 Kal.
352 3872 692 3943 Octimbres,
744 3874 802 3930 in
849 3886 994 3931 anno
1039 3874 1166 3931 360.
1221 3881 1347 3949 post
1400 3875 1713 3947 passionem
1750 3878 1856 3933 Do-

200 3960 354 4019 mini.
406 3963 526 4021 Sub
574 3976 684 4035 quo
730 3963 790 4020 hi
837 3965 1096 4022 consules
1143 3965 1385 4035 fuerunt,
1437 3971 1577 4023 teste
1634 3967 1857 4024 Cassio-

201 4047 359 4109 doro.

266 4139 397 4197 384.
450 4141 502 4198 1.
540 4140 787 4214 [cccun]
826 4142 1029 4216 (Hum)
1088 4141 1482 4201 Valentinianus
1538 4149 1587 4201 et
1643 4144 1851 4203 Valens.

202 4229 623 4289 Valentinianus
650 4234 904 4305 egregius
951 4234 1088 4290 alias
1132 4234 1435 4306 imperator
1463 4240 1520 4291 et
1552 4236 1848 4293 Aureliano

1935 3068 2241 3138 gnitudinis
2282 3066 2549 3124 decidens
2595 3068 2808 3139 grando
2846 3069 3146 3125 nonnullos
3175 3068 3459 3125 hominum
3498 3070 3584 3124 in-

1935 3157 2236 3214 terfecerit.
2271 3158 2429 3229 Apud
2460 3158 2749 3215 Atrebatas
2794 3158 2920 3215 lana
2950 3174 2983 3215 e
3010 3160 3155 3215 caelo
3184 3160 3383 3230 pluviae
3413 3160 3581 3215 mixta

1935 3248 2184 3305 deﬂuxit.

2007 3337 2131 3392 387.
2173 3337 2228 3392 4.
2274 3337 2508 3407 [eccm]
2561 3339 2761 3408 (illam)
2823 3335 3221 3393 Valentinianus
3263 3336 3318 3391 2.
3379 3339 3429 3392 et
3485 3336 3586 3391 Vae
3686 3360 3691 3363 η

1937 3424 2048 3479 lens
2078 3424 2135 3477 2.
2168 3423 2410 3480 Hilarius
2446 3426 2744 3495 episcopus
2789 3426 3042 3480 Pectavis
3089 3424 3341 3481 meritus.
3392 3425 3581 3491 Nicea,

1938 3528 2062 3585 quae
2110 3528 2260 3585 saepe
2316 3520 2478 3571 antea
2533 3521 2841 3583 corruerat,
2895 3517 3061 3571 terrae
3126 3519 3280 3570 motu
3334 3513 3584 3570 funditus

1938 3616 2146 3661 eversa.
2204 3604 2467 3661 Libanius
2523 3604 2900 3661 Antiochenus
2948 3603 3141 3660 rethor
3175 3602 3411 3675 insignis
3465 3602 3586 3659 ha-

1937 3694 2220 3838 be13:18.5.
2257 3781 2518 3853 [CCCvar]
2576 3780 2795 3852 (liram)
2859 3779 3254 3838 Valentinianus
3304 3780 3380 3839 Ν.
3428 3783 3490 3839 Ρ.
3534 3787 3582 3838 et

1948 3873 2142 3929 Victor.
2192 3872 2236 3929 A
2276 3872 2717 3941 Costantinopoli
2745 3871 2809 3903 ’⁸⁸
2855 3886 2886 3927 a
2933 3872 3161 3929 Valente
3190 3872 3424 3929 reditur.
3456 3873 3584 3929 Hei-

1938 3963 2214 4018 tanaricus
2261 3974 2357 4018 rex
2412 3961 2714 4017 Gothorum
2776 3959 3130 4029 christianos,
3192 3963 3581 4033 persecutione

1938 4057 2230 4120 commota,
2286 4050 2553 4122 plurimos
2598 4050 2896 4120 interfecit,
2939 4055 2996 4108 et
3030 4052 3101 4108 de
3132 4054 3379 4124 propriis
3427 4053 3582 4110 sedi-

1936 4142 2040 4198 bus
2066 4143 2125 4198 in
2171 4142 2477 4199 Romanum
2523 4140 2745 4212 expellit
2794 4140 2992 4197 solum.
3031 4141 3302 4198 Eusebius
3338 4143 3584 4199 Vercel-

1936 4230 2105 4286 lensis
2134 4230 2430 4300 episcOpus
2456 4229 2709 4285 moritur.

199 4320 457 4377 moribus
484 4299 712 4390 similis:
750 4299 857 4379 nisi
894 4324 1042 4394 quod
1092 4299 1438 4380 severitatem
1467 4323 1588 4394 ejus
1624 4326 1847 4381 nimiam
1870 4299 1919 4357 D
2005 4320 2131 4373 389-
2162 4299 2217 4374 δυ
2255 4299 2535 4390 [ϐέϐιῐνη]
2575 4315 2792 4389 (Ηιεῐιι)
2844 4314 3237 4370 ναίσηίῖηὶαηῑιε
3273 4315 3329 4370 3-
3378 4321 3428 4372 εί
3484 4316 3585 4372 Var

199 4408 665 4480 interpretantur.
722 4412 1057 4483 Apollinaris
1125 4413 1473 4469 Laodicenus
1550 4412 1852 4485 episcopus

200 4501 531 4559 multimoda
558 4506 764 4560 nostrae
796 4500 1082 4574 religionis
1118 4503 1325 4573 scripta
1364 4504 1665 4573 componit.

270 4590 402 4654 385.
466 4591 521 4649 2.
599 4594 881 4659 [CCCLxm]
945 4590 1163 4664 (Ηηειι.)
1224 4595 1513 4650 Gratianus
1568 4599 1618 4649 et
1674 4594 1854 4662 Daga-

202 4677 384 4751 laifus.
447 4681 631 4739 Terrae
679 4687 833 4739 motu
884 4693 987 4753 per
1028 4685 1200 4740 totam
1248 4683 1441 4739 orbem
1485 4680 1652 4751 facto,
1706 4695 1853 4739 mare

204 4767 336 4827 litus
375 4771 684 4843 egreditur.
736 4772 804 4827 Et
848 4771 1049 4827 Siciliae
1096 4772 1498 4842 multarumque
1547 4770 1851 4828 insularum

202 4859 371 4916 urbes
432 4860 865 4917 innumerabiles
937 4874 1285 4933 Oppressere.
1364 4861 1688 4932 Procopius,
1755 4864 1851 4933 qui

1935 4410 2045 4464 iens
2072 4409 2126 4463 3.
2168 4407 2646 4478 Constantinopoli
2683 4405 3059 4477 apostolorum
3117 4402 3428 4460 martirium
3478 4404 3583 4461 de-

1936 4497 2169 4553 dicatur.
2219 4496 2409 4567 Magna
2437 4494 2608 4551 fames
2653 4496 2711 4551 in
2748 4493 2949 4565 Frigia,
2985 4491 3205 4549 Lucifer
3231 4492 3584 4549 Caralitanus

1935 4588 2230 4660 episcopus
2258 4586 2510 4653 moritur,
2543 4587 2638 4656 qui
2685 4599 2809 4643 cum
2849 4584 3112 4656 Gregorio
3150 4583 3420 4654 episcopo
3449 4584 3582 4639 llis-

1934 4678 2219 4749 paniarum
2268 4681 2323 4732 et
2366 4674 2613 4733 Pbilonaa
2662 4677 2848 4747 Libyte
2896 4686 3177 4746 nunquam
3218 4687 3280 4730 se
3329 4673 3583 4730 Arrianae

1938 4768 2160 4825 miscuit
2184 4767 2463 4838 pravitati.

2003 4858 2131 4914 390.
2176 4858 2233 4915 7.
2270 4857 2574 4930 [CCCLXVIII]
2617 4856 2816 4927 (Ηιειι.)
2850 4855 3138 4911 Gratianus
3183 4854 3237 4910 2.
3272 4858 3321 4910 et
3359 4853 3581 4910 Probas.

199 4949 348 5019 apud
395 4950 939 5022 ConstantinOpoiim
986 4952 1319 5009 tirannidem
1365 4951 1663 5022 invaserat,
1702 4954 1848 5023 apud
1930 4949 2255 5013 Maximinus
2304 4946 2585 5020 prefectus
2632 4957 2874 5002 annona:
2931 4943 3212 5001 maleﬁcos
3249 4943 3318 4999 ab
3343 4942 3586 5017 impera-

1566 5068 1792 5124 νΑΒιΑε]
1830 5068 2116 5125 LECTION
2118 5062 2218 5122 ES.

267 5162 335 5195 ⁸⁸⁸
372 5165 509 5220 Haec
534 5165 646 5238 sine
664 5165 797 5238 anni
834 5164 1149 5221 indicatione
1175 5164 1230 5220 in
1257 5166 1491 5235 margine
1518 5182 1675 5223 manu
1707 5168 1940 5224 secunda
1977 5167 2175 5238 scripta
2205 5169 2344 5221 sunt.
2407 5162 2485 5238 fe“
2511 5174 2817 5238 omocoque
2853 5161 2876 5215 l
2904 5167 2929 5217 ‘2
2974 5159 3085 5231 lege
3114 5179 3128 5218 :
3162 5158 3413 5218 omousio
3443 5173 3584 5218 ano-

200 5247 490 5307 mosoque.
563 5237 628 5269 ’⁸⁷
655 5237 766 5308 iege
794 5238 1090 5296 cruditate.
1165 5237 1230 5270 ’⁸⁸
1253 5239 1665 5310 constantinopi
1700 5241 1747 5297 l.
1777 5244 1933 5312 Agon
1963 5236 2445 5309 Constantinopoli
2472 5237 2623 5293 Hier.

1791 5341 2008 5397 NOTAE.

273 5429 439 5505 (127)
476 5431 554 5494 Cf.
592 5434 769 5496 Vitam
817 5453 848 5495 a
894 5436 1140 5511 Ruperto
1187 5431 1454 5497 Tuitiensi
1505 5439 1768 5511 scriptam
1813 5452 1904 5511 ap.
1953 5440 2192 5511 Surium,
2251 5440 2314 5509 V,
2368 5452 2426 5509 p.
2474 5432 2601 5493 246.
2650 5435 2753 5505 Qui
2799 5433 3170 5509 antiquiorem
3217 5436 3444 5496 secutus
3498 5440 3585 5493 est

209 5511 525 5563 auctorem.
