4040 6170
407 225 508 278 711

1767 274 1770 276 .
1821 225 2079 279 MARIAN
2085 228 2102 281 1
2146 229 2373 284 SCOTTI

3673 239 3784 292 712-

408 356 528 406 tore
576 347 907 418 investigare
958 347 1166 417 jussus,
1227 347 1493 418 plurimos
1539 348 1726 403 Roma
1780 349 2046 405 nobilium
2071 352 2313 423 Ascopo
2355 353 2674 422 Athanasio,
2724 362 2784 411 ut
2839 356 2907 411 ab
2965 357 3174 413 herimo
3228 372 3412 414 secum
3468 362 3679 417 veniret
3719 366 3788 419 ad

408 438 601 496 ocidit.
651 437 974 493 Valentinus
1031 437 1088 492 in
1147 435 1445 504 Britannia,
1504 441 1796 506 antequam
1851 437 2052 509 [tyran-

408 526 610 596 nidem]
663 526 970 591 invaderet,
1022 539 1340 596 oppressus.
1381 524 1661 580 Presbiter
1708 525 2052 596 iniquissime

411 616 738 683 decollatur,
791 615 938 686 quod
970 615 1320 670 Octavianum
1352 629 1418 671 ex
1449 615 1780 685 proconsule
1809 618 1953 687 apud
1993 633 2053 674 se

409 707 713 765 latitantem
742 705 978 776 perdere
1010 704 1304 761 noluisset.

481 796 607 852 391.
660 795 714 850 8.
769 795 1032 866 [CCCLXIX]
1071 793 1285 866 (Hii-zu.)
1337 793 1606 849 Modestus
1643 799 1692 849 et
1746 795 2048 851 Arintheus.

411 886 658 944 Didimus
684 884 1084 941 Alexandrinus
1114 883 1282 938 multa
1331 883 1400 938 de
1431 890 1621 939 nostro
1663 884 1916 955 dogmate
1955 899 2054 954 per

411 976 660 1034 notarios
707 981 1128 1040 commentatur,
1162 973 1255 1043 qui
1307 977 1432 1042 post
1470 973 1720 1042 quintum
1751 972 2052 1028 nativitatis

411 1081 525 1124 sua
564 1079 764 1121 annum
822 1063 1123 1118 luminibus
1171 1062 1419 1129 orbatur,
1471 1062 1867 1118 elementorum
1907 1077 2053 1133 quo-

412 1170 519 1228 que
548 1155 770 1226 ignarus
799 1151 922 1208 fuit.
963 1153 1200 1207 Illiricus
1231 1150 1293 1182 ²⁸⁹
1324 1151 1577 1220 Equitius
1605 1165 1791 1208 comes
1820 1152 2054 1222 iniquis-

408 1247 580 1302 simus
643 1243 706 1275 ’³ο
779 1243 1113 1298 tributorum
1173 1241 1552 1297 exactionibus
1627 1248 1752 1297 ante
1810 1243 2053 1312 provin—

409 1335 543 1403 cias,
603 1348 740 1404 quas
803 1333 1050 1403 regebat,
1110 1346 1271 1402 quam
1330 1345 1361 1386 a
1402 1330 1652 1386 barbaris
1680 1336 2048 1401 vastarentur,

408 1423 576 1481 erasit
603 1422 686 1478 '9‘.

476 1512 605 1569 392.
635 1511 690 1567 9.
738 1511 974 1582 [CCCLxx]
1024 1509 1236 1582 (Hum)
1299 1509 1690 1564 Valentinianus
1738 1509 1793 1565 4.
1844 1516 1893 1566 et
1951 1513 2053 1566 Va-

407 1603 516 1658 lens
546 1601 600 1657 4.
643 1603 964 1668 Eunomius,
1022 1599 1310 1670 discipulis
1355 1599 1519 1666 Aetii,
1570 1601 2049 1671 Constantinopoli

2131 442 2534 510 Alexandriam,
2596 445 2742 500 flevit
2803 444 2892 510 [de
2953 445 3166 516 ornatu]
3232 447 3496 504 mulieris.
3564 452 3779 507 Macha-

2133 531 2248 585 rius
2327 531 2617 601 Egiptius,
2705 533 3010 588 Macharius
3080 535 3274 605 [que]
3352 536 3777 595 Alexandrinus.

2133 619 2414 675 mmonitis
2469 634 2593 676 cum
2648 621 2947 677 Athanasio
3004 623 3218 677 veniret
3264 625 3512 692 Romam,
3573 627 3784 684 nullum

2134 708 2208 763 ibi
2264 708 2419 775 vidit,
2487 709 2594 764 nisi
2649 709 2933 766 basilicam
2991 711 3139 767 Petri
3197 717 3252 767 et
3307 713 3498 780 Pauli;
3560 716 3654 786 qui
3707 719 3778 773 ad

2135 799 2513 868 episcOpatum
2584 804 2810 865 tractus,
2889 814 2958 856 ne
3043 801 3337 871 episc0pus
3392 812 3557 870 esset,
3626 820 3782 862 suam

2133 888 2369 944 abscidit
2426 903 2633 944 aurem.
2673 890 2952 946 Iohannes
2982 898 3137 960 pater
3188 893 3352 947 trium
3408 894 3617 950 milium
3655 911 3783 952 mo-

2134 978 2456 1033 nachorum.
2507 978 2771 1048 Serapion
2819 984 2976 1048 pater
3014 978 3076 1032 10
3105 979 3314 1036 milium
3357 982 3782 1039 monachorum.

2133 1067 2430 1124 Dioscoros
2476 1073 2635 1137 pater
2688 1067 2788 1121 100
2843 1069 3258 1137 monachorum,
3311 1071 3406 1140 qui
3463 1079 3589 1128 ante
3640 1088 3792 1130 com-

2134 1155 2448 1212 munionem
2497 1157 2843 1213 conscentias
2907 1157 3249 1229 singulorum
3298 1157 3527 1215 fratrum
3576 1162 3790 1232 pende-

2133 1245 2244 1300 bat.
2278 1245 2498 1302 Theona
2540 1245 2611 1299 35
2647 1246 2807 1301 annis
2845 1247 3033 1302 tacuit.
3087 1247 3267 1302 Hellin
3316 1248 3496 1319 ignem
3555 1250 3613 1306 in
3663 1252 3791 1307 sinu

2134 1334 2406 1404 portabat.
2441 1334 2625 1390 Helias
2675 1333 2775 1388 110
2818 1336 3120 1391 monachus
3149 1337 3423 1406 presbiter
3461 1338 3518 1393 in
3548 1338 3790 1410 herimo,

2133 1423 2284 1479 solus
2341 1424 2499 1478 annis
2552 1423 2645 1476 70.
2698 1423 2905 1494 Apellis
2958 1424 3111 1479 faber
3176 1424 3381 1481 ferrum
3439 1441 3506 1483 ex
3553 1427 3789 1485 fornace

2134 1512 2358 1567 crudem
2426 1512 2650 1568 trahens
2743 1526 2926 1579 manu,
3014 1518 3178 1569 nocte
3235 1513 3428 1570 faciem
3504 1515 3764 1573 demonis

2136 1601 2394 1671 ﬁngentis
2449 1615 2508 1656 se
2566 1601 2622 1655 in
2681 1599 2855 1656 forma
2920 1601 3167 1658 mulieris
3234 1603 3444 1673 pulcre,
3487 1607 3784 1674 percussit.

407 1691 747 1763 agnoscitur,
789 1706 820 1745 a
849 1703 958 1760 quo
998 1690 1210 1745 heresis
1239 1689 1595 1745 Eunomiana.
1638 1691 1882 1746 Saxones
1911 1690 2384 1749 cessiBlsidorus
2440 1704 2597 1746 suum
2654 1690 2851 1746 clausit
2907 1692 3321 1760 monasterium,
3379 1693 3528 1749 intus
3575 1694 3789 1751 habens

408 1782 702 1836 Dehusone
731 1779 794 1811 ’θ’
843 1781 898 1834 in
947 1780 1172 1850 regione
1221 1781 1576 1835 Francorum.
1609 1780 2048 1850 Burgundiorum

407 1869 480 1924 8O
529 1868 698 1925 ferme
749 1868 920 1936 milia,
970 1867 1117 1938 quod
1166 1881 1442 1938 nunquam
1495 1874 1676 1934 antea,
1726 1869 1794 1924 ad
1842 1870 2052 1924 Renum

407 1958 838 2015 descenderunt.
890 1957 1185 2013 Clearchus
1234 1957 1511 2028 prefectus
1566 1957 1692 2012 urbi
1747 1959 2049 2013 Constanti-

409 2048 603 2118 nopoli
634 2048 972 2120 agnoscitur,
1003 2062 1032 2102 a
1065 2061 1173 2117 quo
1207 2048 1490 2103 necesaria
1529 2051 1585 2102 et
1614 2046 1710 2102 diu
1739 2051 2053 2117 exspectata

407 2138 554 2194 votis
583 2151 724 2209 aqua
772 2137 980 2192 civitati
1035 2137 1335 2193 inducitur.
1391 2135 1735 2192 Alexandria
1783 2137 1853 2190 20
1883 2137 2056 2192 ordi-

406 2233 568 2282 natus
598 2226 895 2296 episcopus
942 2229 1154 2293 Petrus,
1197 2227 1292 2297 qui
1341 2232 1467 2296 post
1493 2225 1737 2282 Valentis
1772 2226 2054 2282 interitum

407 2320 516 2370 tam
546 2314 610 2347 ’⁸³
648 2314 825 2371 facilis
855 2315 911 2371 in
955 2316 1291 2385 recipiendis
1320 2315 1582 2371 hereticis
1626 2315 1749 2380 fuit,
1798 2322 1859 2370 ut
1895 2329 2056 2372 non--

408 2403 555 2460 nulis
591 2404 963 2474 suspicionem
1016 2411 1259 2474 accepta
1307 2404 1556 2474 pecunia
1604 2404 1854 2459 intulerit
1905 2405 2054 2474 [San-

407 2498 530 2548 ctus
586 2493 849 2548 Martinus
897 2507 1042 2548 anno
1093 2491 1164 2546 56
1213 2507 1325 2548 sua
1365 2492 1563 2560 atatis,
1615 2492 1892 2548 dominico
1939 2493 2049 2561 die,

408 2585 606 2651 quarto
651 2582 837 2636 Nonas
882 2580 1032 2648 Julii,
1088 2579 1144 2634 in
1192 2580 1724 2651 archiepiscopatum
1775 2583 2052 2638 Turonum

403 2670 589 2727 Gallia
639 2671 876 2726 civitatis
925 2675 1302 2737 consecratur,
1336 2672 1393 2726 in
1451 2685 1560 2742 quo
1607 2671 1678 2724 26
1724 2672 1883 2728 annis
1919 2687 2054 2728 san-

403 2759 647 2816 ctissime
679 2759 832 2816 vixit.
889 2759 970 2831 (S.
1023 2761 1144 2815 SEV.
1196 2759 1326 2816 dial.
1375 2777 1436 2816 Π.
1483 2775 1532 2816 c.
1565 2760 1650 2832 5.)
1684 2762 1951 2832 Tempore
1988 2761 2053 2793 ³³³⁵

402 2861 512 2920 quo
557 2849 766 2920 primus
823 2849 1119 2920 episcopus
1179 2848 1340 2905 datus
1386 2853 1470 2905 est
1525 2855 1748 2906 sanctus
1786 2851 2053 2906 Martinus

403 2939 819 2995 Valentinianus
856 2945 973 2994 tum
1021 2941 1197 3008 major
1251 2955 1434 2996 rerum
1492 2941 1824 3009 potiebatur.
1865 2940 2054 2996 Noluit

2137 1779 2468 1834 necessaria.
2525 1779 2721 1849 Apollo
2789 1779 2948 1835 annis
3003 1779 3076 1834 4O
3140 1781 3195 1835 in
3257 1780 3556 1838 solitudine
3615 1789 3789 1839 exte—

2136 1869 2304 1923 riore.
2382 1868 2675 1933 Dorthcus,
2749 1869 2909 1938 cujus
2983 1869 3141 1924 cibus
3207 1876 3326 1924 erat
3382 1871 3540 1939 panis
3595 1871 3634 1924 6
3691 1887 3786 1927 un-

2136 1957 2343 2012 ciarum
2383 1962 2438 2012 et
2477 1971 2618 2012 unus
2673 1957 2969 2012 fasciculus
3014 1957 3225 2013 holeris
3271 1964 3327 2014 et
3365 1973 3526 2029 aqua.
3561 1961 3788 2018 Piamon

2138 2046 2430 2114 presbiter,
2499 2045 2586 2100 cui
2653 2045 2949 2115 aliquando
2998 2045 3250 2102 offerenti
3311 2060 3512 2118 corpus
3570 2064 3783 2106 sacrum

2136 2133 2363 2204 angelus
2419 2134 2565 2189 circa
2620 2133 2790 2190 altare
2865 2135 3141 2205 apparuit,
3201 2137 3423 2191 nomina
3473 2138 3786 2194 absentium

2138 2223 2329 2279 delens
2367 2221 2704 2293 fratrumque
2750 2224 3085 2293 presentium
3116 2223 3385 2280 scribens.
3427 2227 3665 2293 Marcus,
3699 2227 3784 2282 cui

2136 2313 2364 2384 angelus
2400 2313 2534 2368 hora
2565 2313 2968 2369 communionis
3017 2312 3220 2368 Christi
3277 2328 3478 2384 corpus
3533 2316 3776 2385 prebuit.

2134 2401 2333 2457 Moises
2368 2415 2552 2456 vassas
2581 2400 2805 2456 fratrum
2844 2407 3007 2456 nocte
3063 2415 3206 2471 aqua
3262 2402 3524 2472 implebat
3585 2419 3686 2474 per
3722 2403 3784 2456 10

2134 2490 2344 2546 stadios
2381 2490 2464 2545 vel
2495 2489 2567 2543 2O
2593 2496 2687 2545 aut
2714 2489 2786 2543 3O
2832 2490 3075 2558 trahens,
3129 2491 3222 2561 qui
3273 2496 3509 2562 quatuor
3536 2491 3783 2548 latrones

2134 2594 2292 2634 suum
2348 2579 2647 2650 hospitium
2697 2580 3031 2635 invastantes
3073 2579 3281 2650 ligavit,
3340 2582 3583 2638 crastino
3615 2582 3782 2640 dorso

2135 2682 2232 2724 eos
2287 2669 2342 2723 in
2392 2681 2680 2724 commune
2718 2667 2944 2724 fratrum
2995 2674 3329 2738 portaturus.
3381 2669 3581 2726 Paulus
3627 2678 3782 2741 pater

2132 2758 2206 2813 5O
2235 2759 2649 2815 monachorum.
2704 2759 3012 2828 Stephanus
3053 2774 3154 2829 per
3197 2774 3372 2816 annos
3417 2760 3488 2814 40
3517 2761 3784 2830 probatus

2135 2855 2190 2904 et
2227 2863 2423 2920 magno
2465 2847 2702 2904 Antonio
2738 2848 3078 2911 notissimus,
3112 2849 3312 2905 deinde
3359 2850 3434 2905 ita
3464 2850 3780 2916 tribulatus,

2137 2942 2198 2992 ut
2227 2938 2470 2993 membra
2508 2938 2626 3006 ejus
2673 2937 3111 2993 absciderentur.
3143 2939 3390 2994 Julianus
3422 2942 3785 3009 Accepsemas

405 3042 630 3098 surgere
661 3033 788 3083 ante
825 3027 1138 3093 Mar-tinum,
1191 3028 1366 3084 donec
1411 3027 1599 3083 sellam
1631 3029 1834 3099 regiam
1876 3033 1931 3084 et
1960 3017 2238 3097 na-Cper
2264 3027 2336 3080 7O
2374 3040 2547 3082 annos
2584 3025 2640 3080 in
2681 3026 2819 3081 cella
2870 3027 3118 3082 reclusus
3176 3041 3277 3083 nec
3322 3029 3497 3084 vissus
3542 3043 3650 3084 nec
3707 3029 3785 3085 lo-

401 3120 484 3172 tes
513 3116 661 3185 regis
700 3114 846 3186 ignis
875 3115 1236 3181 incendisset,
1271 3121 1326 3171 et
1355 3116 1436 3170 sic
1466 3116 1607 3171 solio
1651 3131 1753 3172 suo
1783 3119 2055 3187 superbus

397 3218 494 3259 rex
523 3203 816 3268 excutitur,
847 3208 901 3258 et
931 3203 1162 3258 Martino
1195 3204 1399 3260 invitus
1418 3205 1694 3275 assurgit.]

471 3291 598 3346 393.
639 3291 723 3344 10.
762 3290 1020 3362 [CCCLXXI]
1060 3291 1258 3363 (I-Imu.)
1301 3293 1586 3347 Gratianus
1614 3292 1668 3348 3.
1710 3298 1758 3348 et
1787 3295 2049 3365 Equiti-us.

401 3379 710 3448 Melantius,
788 3381 1136 3438 nobilissima
1203 3381 1491 3438 mulierum
1561 3384 1931 3438 Romanorum
1997 3389 2053 3439 et

399 3470 699 3530 Marcellini
747 3471 1025 3541 quondam
1073 3471 1318 3527 consulis
1357 3471 1488 3539 tilia,
1540 3472 1694 3528 unito
1735 3471 1799 3502 ³³⁸
1830 3479 2050 3542 pretore

400 3566 532 3618 tunc
561 3561 772 3617 urbano
803 3560 915 3617 ﬁlio
954 3560 1246 3627 derelicto,
1289 3560 1707 3617 Hierosolimam
1737 3561 2046 3632 navigavit;

401 3650 496 3706 ubi
527 3656 680 3706 tanto
709 3650 972 3706 virtutum
1003 3650 1374 3721 precipueque
1413 3650 1738 3706 humilitatis
1783 3651 2048 3707 miraculo

400 3739 524 3806 fuit,
552 3743 613 3795 ut
642 3739 818 3794 Tecla
850 3753 1049 3794 nomen
1081 3740 1379 3809 acceperit.

470 3826 596 3882 394.
635 3825 720 3881 ll.
758 3827 1039 3896 [CCCLxxn]
1098 3827 1312 3899 (IIII-zu.)
1363 3831 1466 3884 Pro
1512 3845 1559 3884 c.
1611 3831 1855 3886 Gratiani
1902 3830 1958 3883 4.
1998 3835 2047 3885 et

400 3917 619 3987 Equitii.
678 3916 809 3970 Post
866 3915 1124 3970 Auxentii
1199 3931 1376 3972 seram
1460 3922 1691 3974 mortem
1752 3919 2044 3975 Mediolani

398 4003 688 4060 Ambrosio
727 4003 990 4073 episcopo
1041 4006 1362 4074 constituto,
1413 4007 1590 4063 omnis
1637 4006 1706 4062 ad
1744 4005 1906 4062 fidem
1961 4022 2046 4063 re-

399 4097 542 4149 ctam
609 4091 764 4148 Italia
819 4094 1178 4150 convertitur.
1243 4095 1591 4165 Aquilienses
1641 4095 1828 4150 clerici
1888 4098 2043 4165 quasi

399 4183 603 4238 chorus
667 4181 953 4238 beatorum
1020 4183 1311 4240 habentur.
1372 4185 1508 4252 Quia
1565 4183 1840 4254 superiori
1898 4199 2042 4242 anno

398 4276 657 4329 Sarmata
687 4274 997 4329 Pannonias
1042 4279 1411 4344 vastaverunt,
1461 4274 1606 4331 idem
1637 4273 1893 4329 consules
1922 4289 2043 4344 per-

2138 3121 2298 3171 cutus
2353 3115 2565 3170 tandiu.
2620 3114 2868 3184 [Sanctus
2909 3113 3052 3187 (128)
3111 3116 3379 3172 Patricius
3433 3118 3683 3172 nascitur
3728 3118 3782 3172 in

2137 3205 2376 3260 Britania
2424 3203 2603 3258 insula
2640 3219 2705 3259 ex
2735 3210 2892 3274 patre
2923 3205 3145 3260 nomine
3193 3205 3476 3276 Calpuirn,
3510 3207 3786 3276 presbiter

2134 3292 2237 3348 fuit
2267 3293 2384 3362 ipse
2441 3292 2699 3362 Calpuirn
2754 3292 2819 3323 ²⁹⁶
2877 3293 3022 3348 ﬁlius
3051 3293 3269 3350 diaconi
3328 3295 3550 3350 nomine
3602 3296 3779 3351 Fotid.

2133 3382 2305 3436 Mater
2359 3387 2540 3436 autem
2580 3385 2698 3436 erat
2753 3381 2975 3436 Patricii
3031 3382 3331 3451 Conchess,
3389 3396 3551 3439 soror
3599 3383 3780 3448 sancti

2134 3471 2350 3526 Martini
2390 3470 2460 3526 de
2497 3469 2689 3526 Gallia.
2735 3471 2901 3526 Sucat
2948 3483 3146 3527 nomen
3195 3472 3251 3526 in
3299 3472 3650 3541 baptismate.
3680 3475 3780 3528 Co-

2134 3560 2339 3631 thrage
2371 3559 2511 3628 (129)
2569 3559 2802 3615 diamba
2833 3559 3048 3631 icfogna
3096 3559 3261 3617 docet
3307 3561 3551 3616 hartreb.
3599 3564 3776 3632 Mago-

2132 3648 2256 3703 nius
2285 3663 2315 3703 a
2343 3650 2632 3714 Germano,
2656 3649 2944 3715 Patricius,
2969 3648 3022 3703 id
3055 3654 3139 3704 est
3159 3655 3314 3719 pater
3343 3649 3544 3705 civium
3577 3665 3607 3705 a
3635 3664 3770 3720 papa

2129 3737 2447 3806 Celestino.]
2856 3796 2859 3799 _

2200 3825 2326 3880 395.
2367 3825 2448 3880 l2.
2503 3826 2802 3897 [CCCLxxm]
2849 3826 2911 3898 (H
2950 3827 3098 3898 Trip.
3142 3845 3261 3895 VIII,
3318 3829 3421 3899 ll.)
3482 3828 3672 3885 Valens
3717 3829 3766 3884 5.

2128 3921 2178 3969 et
2237 3913 2648 3972 Valentinianus.
2699 3916 2894 3987 (ΗιΕιι.)
2949 3918 3046 3972 His
3093 3917 3414 3973 consulibus
3440 3917 3771 3974 Valentinia-

2127 4018 2232 4060 nus
2269 4009 2462 4060 contra
2500 4005 2698 4076 ligatos
2757 4007 3198 4062 Sauromatarum
3265 4007 3574 4062 vehementi
3633 4022 3768 4063 com-

2127 4099 2309 4150 motus
2370 4093 2575 4160 furore,
2649 4095 2941 4165 eruptione
3024 4110 3305 4162 venarum,
3383 4096 3534 4166 quod
3603 4100 3767 4152 Grece

2125 4183 2448 4252 appoplexis
2493 4189 2740 4250 vocatur,
2793 4185 2939 4240 ﬂuxu
2987 4185 3233 4255 sanginis
3296 4185 3378 4240 l7.
3429 4185 3521 4241 die
3569 4185 3768 4241 mensis

2125 4272 2480 4342 Septembris,
2531 4273 2709 4328 atatis
2783 4287 2928 4330 anno
2991 4273 3082 4341 54,
3137 4274 3352 4344 imperii
3425 4281 3610 4330 autem
3685 4274 3760 4340 ll,

397 4377 667 4419 mansere.
725 4362 1048 4420 Theodorus
1090 4364 1170 4420 sic
1229 4363 1366 4434 (VIII,
1415 4364 1505 4432 l):
1555 4365 1681 4419 Pior
1737 4359 2308 4421 monachustense
2337 4361 2394 4429 5,
2425 4361 2725 4432 Brigitione
2756 4363 2914 4418 obiit.

394 4451 726 4508 ambulando
783 4452 1001 4521 edebat,
1043 4467 1110 4509 ne
1159 4468 1257 4509 sua
1306 4453 1458 4508 carni
1506 4452 1769 4522 placeret.
1804 4453 2038 4510 Pambus

398 4541 576 4598 noluit
605 4543 729 4611 plus
774 4555 884 4598 uno
933 4556 1114 4608 versu,
1165 4542 1220 4597 id
1253 4547 1337 4598 est
1377 4560 1404 4592 «
1436 4541 1548 4596 dixi
1588 4541 1892 4598 custodiam
1921 4542 2036 4598 vias

393 4644 543 4686 meas
573 4645 602 4684 »
634 4629 868 4697 discere,
901 4629 1029 4684 dum
1077 4631 1252 4699 ipsum
1303 4629 1622 4700 compleret.
1664 4630 2034 4697 Qui-interro-

392 4719 543 4790 ganti
597 4733 657 4775 se
705 4718 772 4774 de
817 4719 1010 4775 eodem
1057 4734 1218 4775 versu
1265 4720 1345 4776 sic
1393 4718 1725 4790 respondit:
1764 4739 1788 4767 ‹‹
1822 4720 1922 4774 Vix
1963 4719 2035 4772 49

391 4810 551 4864 annis
596 4808 774 4879 ipsum
822 4808 1050 4879 implere
1101 4822 1344 4880 possum.
1397 4832 1423 4861 »
1479 4809 1580 4878 Qui
1636 4815 1864 4880 rogante
1921 4810 2034 4879 epi-

2193 4452 2540 4506 Romanorum
2595 4452 2686 4520 47.
2759 4451 2946 4508 Valens
2993 4467 3107 4507 cum
3155 4452 3410 4508 Gratiano
3466 4458 3514 4507 et
3584 4452 3762 4507 Valen-

2119 4541 2282 4607 tiano,
2333 4540 2440 4610 ﬁlio
2495 4541 2684 4612 fratris
2730 4543 2835 4608 sui,
2893 4542 3192 4598 secundum
3253 4555 3443 4615 omnes
3503 4544 3664 4597 annis
3705 4541 3754 4605 4,

2118 4630 2224 4686 hoc
2273 4635 2356 4685 est
2412 4645 2585 4700 usque
2634 4630 2752 4685 Kal.
2811 4631 3085 4698 Octobris,
3154 4631 3211 4686 in
3267 4644 3412 4686 anno
3458 4629 3590 4683 364.
3642 4636 3758 4701 post

2117 4720 2447 4790 passionem.
2517 4721 2626 4777 Sub
2701 4735 2812 4791 quo
2891 4723 2946 4777 hi
3006 4721 3262 4778 consules
3319 4719 3562 4787 fuerunt,
3623 4725 3754 4775 teste

2115 4809 2462 4865 Cassiodoro.

1749 4931 1972 4986 νΑΒΙΑς
2009 4930 2396 4986 LECTIONES.

461 5031 524 5063 ’⁸³
556 5031 796 5102 ignarus.
829 5031 954 5088 Fuit
980 5031 1262 5088 illiriricus
1297 5032 1342 5085 ι.
1418 5031 1482 5062 ¹⁹⁰
1509 5030 1654 5100 lege:
1688 5028 2068 5100 iniquissimis.
2099 5029 2576 5102 _7._7iniquissimus
2604 5045 2789 5087 comes
2816 5031 2870 5088 2.
2949 5033 3008 5063 ²⁹¹
3042 5032 3212 5088 evasit
3245 5031 3268 5086 l
3295 5038 3318 5088 ?
3391 5032 3455 5064 ’θ’
3478 5031 3546 5087 de
3578 5027 3754 5086 hassia

387 5101 444 5158 2.
475 5100 617 5173 lege:
661 5105 932 5160 Deusone.
1009 5103 1073 5135 '9’
1095 5106 1206 5175 jam
1243 5103 1289 5156 l.
1365 5102 1429 5134 ³⁸⁵
1450 5103 1642 5158 hacin
1668 5102 1902 5171 margine
1924 5106 2044 5172 post
2081 5100 2265 5155 addita
2300 5100 2348 5157 1.

2424 5101 2488 5132 ’9’
2517 5101 2664 5172 lege:
2694 5104 2878 5159 unico.
2959 5104 3021 5136 ³⁸⁸
3051 5103 3165 5160 Cal.
3205 5105 3252 5160 1.

1969 5208 2189 5263 NOT/E.

465 5305 624 5379 (128)
684 5310 814 5377 Qua
871 5307 939 5365 de
983 5314 1172 5365 sancto
1238 5309 1475 5379 Patricio
1533 5308 1676 5378 apud
1727 5305 2027 5379 Marianum

392 5378 669 5450 leguntur,
694 5381 937 5451 quamvis
965 5395 1088 5437 cum
1109 5380 1232 5436 aliis
1249 5378 1494 5437 fontibus
1517 5381 1649 5436 satis
1672 5378 2024 5444 conveniant,

391 5451 461 5506 ad
483 5455 701 5522 certum
731 5458 1009 5509 auctorem
1040 5452 1244 5508 referre
1275 5465 1511 5522 nequeo.

466 5520 623 5594 (129)
665 5524 993 5594 Cothraighe
1039 5524 1260 5579 Patricii
1309 5520 1410 5580 fuit
1455 5536 1774 5590 nomen;v.
1806 5533 2024 5578 carmen

2108 5304 2463 5362 Hibernicum
2526 5308 2671 5378 apud
2727 5309 3011 5366 O’Connor
3068 5310 3197 5365 Rer.
3257 5309 3382 5364 Hib.
3441 5309 3540 5364 SS.
3604 5305 3750 5378 I,7__1.

2110 5389 2166 5452 p.
2203 5377 2316 5452 _XC.
2366 5375 2596 5452 Reliqua
2634 5393 2744 5452 non
2791 5381 3061 5452 intelligo.
3110 5380 3214 5436 Sed
3263 5381 3321 5435 in
3377 5378 3620 5435 carmine
3649 5375 3749 5452 illo

2108 5445 2310 5524 legitur
2343 5468 2355 5503 :
2389 5445 2617 5524 Ceaihar
2645 5451 2820 5524 treblw
2867 5453 2957 5509 dia
2973 5445 3183 5524 Toguad
3219 5451 3260 5507 i.
3292 5465 3343 5506 e.
3385 5457 3624 5521 quatuor
3650 5447 3752 5502 tri-

2109 5519 2288 5575 bubus
2317 5521 2445 5590 quia
2468 5521 2734 5578 inserviit.
