4040 6170
225 277 328 332 713

1491 281 1898 337 CHRONICON.
1941 309 2011 318 ——
2048 282 2174 336 LIB.
2218 285 2306 338 111.

3473 299 3578 350 714

289 401 414 458 396.
483 403 531 458 1.
601 405 894 476 [CCCLXXIV]
957 406 1135 474 (Bene)
1191 407 1478 463 Gratianus
1505 406 1561 458 4.
1600 412 1649 461 et
1685 404 1987 494 Mero-Ah
2015 403 2140 460 401.
2181 405 2235 461 3.
2287 408 2602 494 [CCCLxXIX]
2641 413 2851 482 (Pace)
2891 413 3132 482 Siagrius
3178 424 3226 473 et
3273 421 3577 476 Eucherius.

219 489 435 546 baudes.
495 492 714 557 Valens,
766 493 886 563 lege
936 494 1059 548 data
1117 501 1177 549 ut
1233 494 1486 550 monachi
1536 494 1852 559 militarent,

223 579 476 635 nolentes
524 580 764 638 fustibus
801 584 967 652 jussit
1014 584 1270 638 interﬁci.
1320 585 1627 639 Thedosius
1675 583 1842 637 Theo-

223 669 371 724 dossi
405 678 600 738 postea
633 672 981 740 imperatoris
1022 679 1197 742 pater,
1239 680 1293 728 et
1325 673 1543 743 plurimi
1587 673 1852 728 nobilium

219 758 441 812 occissi.
480 758 694 829 (11mm)
729 762 956 816 Fotinus
997 762 1054 816 in
1100 761 1305 817 Galatia
1355 764 1604 828 moritur,
1659 777 1688 816 a
1746 775 1855 832 quo

218 847 670 904 Footinianorum
719 849 914 920 dogma
956 850 1234 919 judaicum
1256 851 1338 906 '9’.
1373 853 1632 907 Bassilius
1668 853 1856 906 Cessa-

217 935 420 990 riensis
477 937 772 1008 episcopus
830 939 1154 1008 Capadocia:
1212 941 1394 996 clarus
1449 941 1701 1006 habetur,
1761 939 1856 1009 qui

218 1027 393 1081 multa
444 1028 807 1082 continentiae
857 1035 913 1083 et
958 1029 1165 1100 ingenii
1214 1030 1357 1085 bona
1416 1045 1525 1086 uno
1581 1030 1855 1100 superbize

215 1113 363 1170 malo
396 1115 656 1184 perdidit.

292 1202 418 1258 397.
457 1205 509 1257 2.
555 1204 850 1275 [CCCLxxv.]
891 1206 1104 1277 (lin-zu.)
1148 1207 1336 1263 Valens
1371 1210 1425 1264 6.
1481 1212 1541 1264 V.
1583 1212 1640 1265 C.
1682 1224 1852 1264 conss.

215 1291 625 1348 Alamoinorum
675 1293 747 1346 30
799 1294 1022 1350 circiter
1068 1296 1216 1351 milia
1276 1299 1417 1368 apud
1474 1300 1855 1368 Argentarium

213 1382 484 1451 oppidum
557 1383 850 1438 Galliarum
925 1385 994 1439 ab
1061 1387 1306 1442 exercitu
1364 1389 1605 1443 Gratiani
1664 1395 1852 1453 strata,

216 1470 593 1537 Florentinus,
645 1473 893 1528 Bonosus
939 1481 995 1529 et
1040 1475 1268 1530 Ruﬁnus
1312 1476 1556 1547 insignes
1603 1477 1856 1533 monachi

214 1559 516 1615 habentur.
560 1561 602 1614 Ε
651 1561 854 1629 quibus
901 1561 1251 1619 Florentinus
1281 1571 1387 1620 tam
1419 1567 1762 1623 missericors
1801 1568 1855 1622 in

1941 492 2208 549 Martinus
2237 496 2534 566 episcopus
2564 492 2922 556 Turrinorum
2945 503 3002 534 ³⁰¹
3028 506 3171 573 apud
3202 507 3584 566 Constantino-

1940 581 2107 649 polim
2157 586 2566 653 quintadecima
2613 588 2703 642 die
2755 605 2862 658 qua
2909 591 3087 647 fuerat
3141 606 3432 666 susceptus
3486 613 3580 654 oc-

1939 671 2161 726 ciditur.
2226 675 2421 746 (Cass)
2467 676 2579 745 [His
2627 680 2986 746 consulibus,
3037 689 3176 738 teste
3224 687 3616 755 Cassiodoro,-

1939 767 2162 815 sanctus
2217 763 2480 819 Martinus
2526 767 2816 822 Turonicze
2871 769 3109 826 civitatis
3164 777 3464 846 episcopus
3519 778 3574 832 in

1937 848 2104 902 Callia
2136 851 2314 906 clarus
2344 853 2615 926 habetur]

1943 937 2073 1006 [cod.
2107 939 2163 992 in
2188 955 2378 1009 marg.,
2411 944 2618 999 Ciclnm
2669 944 2756 999 21.
2800 946 3032 1003 decenn.
3068 951 3178 1005 inc.
3211 952 3325 1009 ind.
3360 961 3569 1012 octava.

2010 1025 2134 1079 402.
2176 1027 2231 1080 4.
2278 1029 2550 1101 [CCCLXXX]
2603 1035 2883 1090 Antoricus
2930 1041 2978 1091 et
3018 1039 3282 1108 Siagrius.
3342 1045 3574 1102 Sanctus

1939 1114 2238 1183 Teophilus
2265 1119 2609 1177 Alexandriae
2659 1125 2955 1194 episcopus
2999 1137 3313 1198 computum
3352 1143 3570 1189 centum

1938 1215 2206 1260 annorum
2255 1222 2418 1263 cursu
2469 1211 2801 1277 Theodosio,
2839 1213 2985 1284 [ﬁlio]
3031 1219 3310 1284 Gratiani,
3351 1221 3574 1277 dedica-

1939 1292 2035 1358 vit,
2073 1292 2376 1362 [consulatu
2424 1299 2624 1353 Antoni
2672 1307 2726 1355 et
2765 1302 2938 1373 Siagri
2971 1305 3308 1378 incipiente].
3348 1309 3569 1380 (Bnm.)

1939 1381 2176 1437 Sinodus
2224 1393 2441 1440 centum
2500 1389 2897 1460 quinquaginta
2955 1399 3167 1461 patrum
3227 1397 3280 1451 in
3333 1403 3572 1470 Augusta

1942 1471 2076 1524 urbe
2133 1481 2324 1536 contra
2392 1478 2744 1533 Macedonum
2780 1523 2794 1545 ,
2853 1482 2955 1536 sub
3015 1485 3272 1542 Damasso
3325 1502 3465 1557 papa
3520 1495 3576 1544 et

1938 1561 2218 1618 Gratiano.
2278 1563 2369 1635 (cf.
2412 1570 2509 1621 An.
2553 1569 2746 1640 Mart.)
2792 1571 2960 1626 Roma
3009 1574 3206 1630 natalis
3253 1577 3426 1632 sancti
3476 1579 3577 1632 Da-

214 1655 444 1718 egentes
472 1647 613 1716 fuit,
674 1657 733 1705 ut
779 1650 940 1720 vulgo
994 1658 1149 1721 pater
1199 1668 1496 1723 pauperum
1545 1656 1858 1711 nominatus
1941 1650 2103 1703 massi
2135 1666 2291 1722 papae
2321 1653 2372 1707 3.
2417 1657 2544 1711 ldus
2574 1658 2880 1725 Decembr.,
2913 1661 2996 1715 via
3027 1663 3328 1730 Ardiatina,
3382 1665 3437 1720 in
3483 1667 3575 1721 ba-

214 1737 310 1792 δίι,
342 1739 486 1792 Gens
516 1738 798 1792 Hunorum
829 1740 1034 1795 Gothos
1071 1748 1279 1805 vastat;
1333 1743 1456 1812 quia
1503 1744 1557 1798 in
1598 1733 2092 1800 RomanisBsilica
2150 1756 2268 1808 sua,
2301 1745 2396 1812 qui
2451 1746 2596 1800 sedit
2653 1748 2811 1802 annis
2861 1748 2941 1803 18.
2995 1748 3085 1820 (cf.
3138 1751 3226 1806 lib.
3268 1753 3431 1822 poni.)
3475 1756 3574 1811 ilic

213 1828 336 1881 sine
366 1841 640 1882 armorum
682 1828 1057 1896 depossitione
1095 1833 1376 1902 suscepti,
1427 1847 1526 1902 per
1575 1835 1854 1888 avaritiam

213 1916 431 1970 Maximi
463 1915 620 1971 ducis
649 1914 788 1971 fame
835 1917 902 1972 ad
952 1918 1321 1975 rebellandam
1361 1921 1538 1975 coacti
1567 1929 1713 1976 sunt.
1747 1923 1852 1976 Sn-

214 2005 427 2072 peratis
473 2005 529 2059 in
579 2008 970 2076 congressione
1018 2009 1296 2076 Romanis,
1345 2010 1506 2064 Gothi
1553 2009 1856 2066 funduntur

213 2093 269 2146 in
306 2093 521 2148 Tracia.

282 2179 414 2236 398.
453 2180 508 2236 3.
547 2183 836 2254 [CCCLXXVI]
874 2184 1088 2256 (Hum)
1133 2185 1521 2242 Valentinianus
1558 2187 1640 2243 ll.
1693 2189 1750 2242 V.
1795 2189 1852 2243 0.

212 2271 418 2326 Valens
465 2271 534 2326 de
578 2274 867 2328 Antiochia
916 2275 1064 2330 exire
1121 2276 1474 2345 compulsus.
1524 2290 1648 2332 sera
1694 2276 1855 2344 peni-

212 2361 392 2415 tentia
424 2367 646 2416 nostros
675 2362 742 2416 de
775 2363 934 2418 exilis
963 2373 1182 2420 revocat
1202 2364 1284 2418 ³⁸³⁸.

294 2448 508 2517 (Ηιειι.)
560 2451 920 2506 Lacrimabile
969 2452 1171 2508 bellum
1218 2455 1274 2508 in
1320 2453 1570 2520 Trachia,
1619 2454 1676 2508 in
1723 2466 1854 2522 quo,

176 2537 520 2604 ,deserente
566 2540 812 2609 equitum
873 2542 1154 2610 presidio,
1210 2545 1470 2599 Romanae
1527 2542 1773 2613 legiones
1825 2557 1856 2597 a

212 2627 378 2682 Gotis
407 2627 626 2694 cinctae,
677 2643 852 2698 usque
898 2631 964 2686 ad
1019 2631 1439 2687 internicionem
1479 2646 1649 2687 cessae
1706 2638 1851 2687 sunt.

208 2715 343 2783 Ipse
375 2715 677 2786 imperator
705 2719 924 2784 Valens,
965 2735 1087 2775 cum
1135 2721 1332 2790 sagitta
1378 2720 1598 2776 saucius
1642 2718 1856 2790 fugeret

1939 1830 2228 1885 constituit
2259 1833 2498 1901 psalmos
2546 1835 2637 1890 die
2687 1843 2967 1907 noctuque
3032 1854 3133 1908 per
3179 1855 3372 1896 omnes
3417 1844 3578 1900 aecle-

1938 1914 2048 1968 sias
2079 1917 2380 1976 decantari.
3491 1945 3494 1948 ’

2019 2008 2144 2064 403.
2186 2010 2241 2063 5.
2289 2011 2581 2080 [CCCLXXXI]
2630 2012 2865 2082 (Paosa)
2906 2016 3257 2072 Merobaudes
3293 2018 3328 2071 2
3372 2025 3420 2075 et
3466 2020 3572 2075 Sa-

1939 2101 2194 2156 turninus.
2235 2099 2440 2169 (Cass)
2497 2101 2801 2166 Arcadius,
2852 2103 3174 2160 Theodossii
3229 2107 3579 2177 imperatoris

1939 2187 2119 2253 ﬁlius,
2170 2187 2480 2254 appellatur
2533 2194 2816 2258 angustus.
2868 2192 3099 2246 Sanctus
3146 2195 3406 2251 Martinus
3461 2197 3579 2266 epi-

1938 2289 2140 2343 scopus
2174 2276 2449 2329 Turonum
2489 2275 2674 2330 Galliae
2707 2276 2944 2332 civitatis
2975 2279 3175 2336 clarus.

2007 2363 2134 2417 404.
2195 2362 2248 2418 6.
2315 2362 2629 2433 [CCCLXXXII]
2701 2365 2936 2436 (Paose.)
2995 2368 3232 2424 Ricomer
3284 2375 3334 2426 et
3390 2369 3577 2426 Glear-

1939 2452 2083 2507 chus.
2138 2453 2434 2517 Honorius,
2483 2453 2785 2510 Theodossi
2830 2455 3010 2522 ﬁlius,
3060 2459 3322 2514 nascitur.

2011 2540 2249 2610 (Pnosr.)
2297 2541 2534 2607 Ursinus,
2595 2543 2683 2612 qui
2730 2547 2780 2597 et
2835 2545 3084 2610 Siricius,
3139 2545 3230 2600 37.
3287 2563 3429 2619 papa
3481 2564 3576 2604 an-

1935 2631 2018 2685 nis
2072 2629 2136 2681 15
2172 2630 2256 2683 ³⁰².

2010 2719 2105 2772 His
2153 2719 2474 2773 consulibus
2529 2719 2582 2772 in
2637 2721 2872 2775 Britania
2915 2721 3191 2778 seditione
3247 2723 3312 2756 ³⁸³³
3341 2725 3569 2781 militum

208 2810 264 2858 et
309 2804 383 2859 ob
432 2805 680 2861 dolorem
729 2822 859 2876 sepe
907 2822 1050 2877 equo
1099 2808 1398 2873 laberetur,
1449 2809 1515 2863 ad
1570 2809 1852 2877 cujusdam
1936 2807 2196 2861 Maximus
2227 2807 2528 2875 imperator
2555 2814 2640 2862 est
2671 2807 2883 2875 factus;
2936 2811 3029 2879 qui
3081 2825 3207 2867 mox
3255 2813 3322 2867 ad
3369 2813 3569 2870 Gallias

205 2893 420 2948 villulae
476 2909 682 2950 cassam
740 2896 1063 2965 deportatus
1118 2895 1481 2968 est;(HIna.)
1505 2911 1616 2966 quo
1667 2911 1852 2967 perse-
1933 2893 2342 2959 transiretante,
2400 2896 2688 2951 Gratianus
2747 2897 2945 2951 Parisis
3009 2899 3335 2954 Merobaude
3396 2902 3570 2971 magi-

202 2982 512 3050 quentibus
547 2997 668 3038 eum
699 2984 948 3040 barbaris
971 3027 985 3051 ,
1031 2993 1086 3040 et
1131 2986 1356 3041 incensa
1403 2985 1566 3041 domo
1591 3027 1606 3051 ,
1655 2986 1837 3054 sepul-

201 3076 330 3124 tura
381 3085 604 3140 quoque
662 3073 859 3127 caruit.
907 3075 1186 3144 Hucusque
1229 3074 1581 3129 Hieronimus.
1627 3073 1839 3144 (Cass)

205 3156 597 3227 [Cassiodorus
625 3161 706 3214 sic
739 3179 752 3214 :
786 3161 888 3215 Cui
934 3163 1203 3217 successit
1249 3163 1306 3216 in
1335 3164 1557 3218 Oriente
1587 3163 1844 3219 Theodo-

195 3245 317 3300 sius
341 3288 358 3312 ,
407 3247 702 3303 Theodosii
735 3249 878 3304 ﬁlius
900 3293 915 3316 ,
957 3264 1118 3320 quem
1163 3251 1269 3306 sibi
1302 3251 1356 3305 in
1382 3254 1721 3307 consortium
1751 3267 1842 3308 re-
1869 3320 1878 3328 .

194 3334 293 3404 gni
325 3335 618 3391 Gratianus
644 3337 856 3392 ascivit.
897 3339 1185 3394 Gratianus
1215 3340 1400 3408 itaque
1428 3354 1551 3395 cum
1576 3346 1844 3409 quatuor-

197 3422 395 3478 decem
427 3432 684 3494 regnaret
729 3426 910 3493 annis,
941 3441 1064 3482 cum
1103 3427 1412 3483 Theodosio
1458 3434 1651 3499 regnat
1687 3429 1846 3484 annis

197 3511 253 3564 6.
298 3513 415 3568 Sub
445 3528 558 3583 quo
587 3514 644 3570 hi
691 3515 950 3571 consules
994 3515 1168 3572 fuere.
1217 3517 1358 3572 Anni
1405 3531 1537 3588 ergo
1582 3525 1845 3586 quatuor-

197 3599 398 3657 decem
429 3608 581 3670 sunt,
615 3611 754 3659 teste
801 3605 1170 3672 Cassiodoro.
1220 3606 1288 3660 ab
1333 3618 1480 3660 anno
1536 3605 1701 3660 tertio
1749 3607 1845 3660 Va-

199 3689 538 3756 lentiniani,
590 3693 647 3747 in
697 3707 807 3761 quo
854 3695 1143 3750 Gratianus
1189 3694 1490 3763 imperator
1525 3692 1701 3748 factus
1730 3699 1841 3760 est,

201 3777 502 3835 Lubicinio
525 3778 588 3809 ²⁹⁹
618 3786 674 3836 et
699 3781 894 3856 Jovino
924 3781 1244 3838 consulibus
1267 3823 1282 3848 ,
1324 3796 1496 3851 usque
1526 3783 1581 3836 in
1612 3789 1843 3836 mortem

199 3863 453 3920 Valentis
482 3873 536 3922 et
567 3881 740 3937 usque
770 3869 1059 3938 imperium
1087 3867 1389 3924 secundum
1417 3866 1698 3936 Gratiani.]

276 3953 542 4025 (Pansa)
574 3958 921 4012 Romanorum
948 3957 1038 4010 48.
1072 3958 1356 4013 Gratianus
1391 3971 1505 4010 cum
1529 3956 1698 4026 fratre
1739 3957 1845 4011 Va-

201 4039 495 4099 lentiniano
537 4045 774 4113 regnavit
819 4060 966 4100 omne
1013 4051 1208 4115 tempus
1257 4046 1407 4100 annis
1432 4059 1532 4099 sea:
1561 4086 1576 4110 ,
1618 4043 1724 4099 hoc
1761 4050 1845 4099 est

200 4144 383 4200 usque
435 4131 554 4188 Kal.
594 4133 850 4189 Octobris
873 4176 886 4200 ,
939 4133 993 4187 in
1033 4147 1178 4188 anno
1215 4132 1322 4187 370
1358 4138 1481 4203 post
1513 4132 1841 4202 passionem.

200 4219 318 4274 Sub
349 4234 462 4288 quo
501 4220 558 4275 hi
588 4221 846 4276 consules
874 4220 1116 4288 fuerunt,
1147 4226 1287 4276 teste
1315 4221 1663 4276 Cassiodoro.

277 4307 407 4362 399.
454 4307 504 4364 1.
549 4309 862 4380 [CCCLxXVII]
906 4308 1140 4380 (Paosr.)
1189 4311 1450 4364 Ausonius
1495 4315 1544 4365 et
1590 4307 1838 4365 Olibrius.

203 4396 502 4453 Gratianus
549 4407 674 4467 post
703 4406 933 4454 mortem
966 4399 1146 4467 patrui
1176 4397 1616 4462 Theothossium,
1657 4398 1841 4452 Theo-

204 4483 365 4539 dossi
432 4487 642 4554 ﬁlium,
704 4487 760 4542 in
827 4488 1165 4543 consortium
1223 4486 1515 4555 adscripsit
1584 4485 1846 4555 imperii;

205 4577 375 4647 eique
422 4593 653 4649 regnum
711 4579 879 4634 tradit
933 4578 1192 4634 Orientis.
1243 4579 1316 4632 Ea
1364 4583 1686 4645 tempestate
1733 4575 1848 4630 Pri-

205 4665 499 4721 scillianus
545 4668 840 4737 episcopus
896 4667 964 4722 de
1011 4666 1178 4721 Gallis
1225 4680 1291 4720 ex
1338 4664 1740 4719 Manicbeorum
1795 4668 1849 4717 et

204 4755 599 4811 Gnosticorum
649 4755 905 4826 dogmate
953 4755 1218 4811 heressim
1277 4753 1514 4835 nominis
1568 4753 1653 4808 sui
1709 4765 1848 4807 con-

203 4843 370 4898 didit.

277 4929 407 4986 400.
469 4931 523 4984 2.
569 4932 900 5003 [CCCLXXVIII]
936 4930 1182 5003 (Pnosr.)
1226 4931 1510 4986 Gratianus
1540 4931 1570 4984 ὅ
1600 4933 1648 4984 et
1682 4929 1852 4984 Theo-

205 5018 414 5075 dosius.
492 5021 814 5076 Ambrosius
882 5020 1179 5090 episcopus
1235 5031 1335 5089 pro
1401 5017 1669 5073 chatolica
1744 5019 1850 5074 ﬁde

205 5109 381 5164 multa
456 5109 768 5166 sublimiter
831 5109 1136 5180 rescripsit.
1199 5107 1551 5179 [Ambrosius
1578 5107 1641 5138 ³⁰⁰
1669 5107 1851 5164 clarus

202 5197 293 5252 bis
325 5197 670 5255 consulibus.
693 5198 706 5267 ]

1859 4356 1909 4412 D

1933 2991 2048 3038 stro
2079 2983 2309 3037 militum
2359 2983 2671 3052 proditione
2714 2991 3023 3053 superatus,
3054 2986 3268 3057 fugiens
3315 2990 3563 3060 Lugduni

1928 3078 2121 3141 captus
2169 3077 2332 3140 atque
2381 3072 2629 3127 occissus
2669 3078 2771 3128 est.
2824 3075 3046 3146 (Bene)
3090 3077 3352 3134 Maximus
3380 3079 3560 3136 Victo-
3607 3120 3610 3123 -

1924 3175 2038 3216 rem
2087 3159 2257 3215 ﬁlium
2285 3174 2442 3216 suum
2473 3169 2784 3216 consortem
2815 3163 2967 3232 regni
2998 3161 3147 3220 facit.

1998 3252 2344 3304 Romanorum
2401 3249 2490 3302 49.
2550 3249 2866 3304 Theodosius
2888 3294 2902 3316 ,
2959 3251 3098 3322 ﬁlius
3149 3255 3396 3310 Gratiani
3450 3273 3563 3311 cum

1937 3336 2298 3392 Valentiniano
2347 3345 2543 3406 patruo
2591 3351 2692 3393 suo
2735 3340 2983 3408 regnavit
3027 3343 3187 3395 annis
3242 3343 3323 3406 11,
3365 3346 3566 3398 mensi-

1927 3423 2030 3478 bus
2067 3425 2122 3488 4,
2175 3425 2279 3480 hoc
2323 3429 2406 3478 est
2455 3439 2628 3493 usque
2662 3425 2762 3494 [ad]
2798 3426 2915 3479 Kal.
2960 3428 3269 3493 Februarii,
3321 3430 3376 3484 in
3419 3445 3564 3486 anno

1925 3511 2050 3566 382.
2088 3519 2211 3580 post
2242 3513 2572 3580 passionem.
2617 3512 2726 3567 Sub
2757 3527 2866 3580 quo
2915 3513 2968 3567 hi
3018 3515 3275 3570 consules
3322 3516 3564 3585 fuerunt,

1926 3604 2066 3654 teste
2095 3599 2443 3654 Cassiodoro.

1996 3686 2122 3742 405.
2171 3686 2216 3741 l.
2265 3685 2598 3756 [CCCLXXXIII]
2665 3687 2906 3758 (Pnosr.)
2962 3689 3224 3744 Arcadius
3282 3696 3338 3746 et
3396 3694 3566 3748 Bauto

1935 3778 1994 3831 V.
2037 3777 2092 3832 0.
2137 3775 2489 3830 Hieronimus
2519 3775 2794 3844 presbiter
2840 3776 2945 3832 hoc
2991 3782 3240 3847 tempore
3288 3779 3342 3833 in
3389 3780 3568 3836 Betlc-

1926 3864 2050 3919 hem
2082 3870 2199 3919 toto
2230 3865 2340 3932 jam
2372 3863 2575 3918 mundo
2607 3863 2789 3918 clarus
2816 3864 3082 3920 habitavit
3106 3908 3119 3930 ,
3153 3869 3376 3938 egregio
3414 3869 3566 3938 inge-

1926 3954 2020 4009 nio
2059 3959 2114 4008 et
2143 3953 2328 4008 studio
2369 3952 2640 4007 universae
2689 3953 2922 4009 ecclesiae
2979 3956 3243 4010 serviens.

1998 4041 2122 4097 406.
2183 4040 2237 4095 2.
2284 4040 2608 4111 [CCCLXXXIV]
2655 4041 2848 4110 (111nm)
2903 4044 3168 4098 Honorius
3214 4049 3262 4099 et
3308 4044 3564 4100 Euodius.

1925 4131 2282 4186 Priscilianus
2328 4130 2384 4184 in
2429 4129 2627 4184 sinodo
2677 4131 3054 4201 Burdigalensi
3095 4133 3460 4189 damnandum
3507 4147 3566 4188 se

1927 4221 2277 4291 intelligens,
2328 4219 2395 4274 ad
2463 4219 2847 4288 imperatorem
2902 4221 3186 4276 Maximum
3246 4222 3564 4290 pervolavit,

1930 4309 2258 4377 auditusque
2315 4308 2554 4364 Triveris
2599 4307 2667 4361 ab
2715 4307 2927 4362 Ebodio
2986 4309 3232 4376 prefecto
3282 4312 3559 4378 pretorio,

1930 4397 2112 4467 gladio
2165 4397 2418 4452 addictus
2458 4401 2566 4462 est,
2609 4409 2728 4450 cum
2762 4396 3039 4460 Entrotia,
3080 4397 3210 4450 Delﬁ
3233 4396 3296 4427 ³⁰⁴
3335 4399 3568 4452 rectoris

1931 4487 2203 4555 conjuge,
2243 4491 2297 4538 et
2337 4485 2628 4538 Latretano
2660 4483 2892 4552 aliisque
2939 4484 3146 4538 erroris
3193 4485 3564 4540 consortibus.

2001 4573 2127 4627 407.
2196 4572 2249 4626 3.
2323 4571 2626 4641 [CCCLxxxv]
2701 4570 2893 4641 [Han
2972 4571 3358 4627 Valentinianus
3406 4572 3461 4626 3.
3520 4579 3570 4628 et

1931 4662 2235 4733 Eutropius.
2299 4661 2638 4731 Burdigalem
2703 4661 2952 4728 quiedam
3025 4661 3352 4717 Priscilliani
3405 4662 3571 4717 disci-

1933 4751 2096 4821 pula,
2158 4750 2378 4806 nomine
2447 4749 2673 4814 Urbita,
2733 4750 2806 4804 ob
2869 4749 3167 4818 impietatis
3223 4750 3568 4818 pertinatiam

1932 4855 2032 4911 per
2078 4839 2406 4895 seditionem
2438 4837 2579 4908 vulgi
2622 4838 2898 4907 lapidibus
2937 4838 3177 4892 extincta
3215 4845 3317 4894 est.

2001 4929 2127 4984 408.
2169 4928 2224 4981 4.
2277 4927 2604 4998 [CCCLXXXVI)
2637 4927 2838 4995 (Ηιιζιι.)
2882 4927 3195 4982 Theodosius
3237 4928 3290 4980 2.
3332 4933 3380 4982 et
3411 4929 3572 4998 Cyne-

1933 5019 2065 5086 gius.
2107 5017 2369 5071 Maximus
2418 5017 2666 5070 tirannus
2695 5030 2723 5070 a
2756 5015 3138 5069 Valentiniano
3177 5023 3232 5070 et
3261 5015 3574 5071 Theodosio

1931 5105 2376 5176 imperatoribus,
2401 5104 2455 5158 in
2488 5105 2653 5160 tertio
2684 5104 2751 5159 ab
2782 5104 3032 5173 Aquileia
3071 5104 3274 5173 lapide,
3307 5105 3574 5174 spoliatus

1930 5194 2265 5251 indumentis
2298 5193 2484 5262 regiis,
2517 5194 2732 5248 sistitur
2761 5201 2816 5248 et
2847 5195 3027 5262 capite
3059 5192 3384 5261 damnatur;
3419 5195 3577 5265 cujus

1563 5294 1781 5349 VARME
1839 5294 2120 5351 LECTION
2129 5294 2227 5350 ES.

280 5391 347 5424 ’π
371 5393 563 5469 ju_daic
598 5393 646 5449 1.
682 5393 832 5462 lege:
886 5393 1189 5469 inductum.
1245 5387 1330 5469 ,ω
1365 5389 1482 5469 Hoc
1527 5386 1640 5469 loco
1685 5391 1769 5469 inm
1790 5391 1971 5469 codice
2012 5405 2125 5469 esse
2167 5389 2428 5469 lacunaru_
2456 5389 2654 5469 notauit
2703 5387 3053 5469 Giesebrecltt.
3131 5387 3194 5469 ”_°
3224 5389 3493 5469 Liiliicini’
3523 5396 3577 5444 et

207 5459 390 5519 Jovin‘
436 5463 485 5517 1.
561 5465 625 5495 ³⁰⁰
653 5465 708 5520 in
733 5459 970 5533 inargine
1004 5463 1050 5517 1.
1127 5460 1187 5533 ὀξ
1227 5461 1409 5533 desunt
1438 5460 1693 5529 quadam.
1725 5462 2009 5533 Sequenda
2038 5461 2109 5515 ad
2132 5475 2311 5533 regent
2339 5465 2387 5533 ,1
2390 5459 2730 5533 thanaricum
2750 5460 3030 5533 referenda
3062 5466 3200 5514 sunt.
3279 5460 3341 5491 ³⁰²
3383 5462 3575 5515 Dama-

211 5549 310 5591 sus
341 5549 483 5605 papa
514 5535 653 5590 obiit
683 5535 737 5588 4.
772 5527 872 5589 ldf
885 5537 1012 5589 Dec.
1044 5533 1141 5588 hoc
1168 5531 1282 5586 loco
1311 5527 1484 5585 deleta
1518 5535 1656 5586 sunt.
1732 5527 2093 5588 “seditione
2131 5532 2178 5586 1.
2201 5527 2215 5530 θ
2253 5529 2318 5562 ⁸⁰⁴
2348 5530 2564 5585 Eutroti
2594 5529 2772 5585 Adulﬁ
2811 5527 2867 5583 '1.

431 5633 667 5690 Parnm.
707 5634 950 5690 CXLVII.

3263 5627 3338 5682 23
