4000 6158
551 370 656 420 719

1954 362 2229 416 MARIANI
2271 366 2498 418 SCOTTI

3834 364 3927 413 720

547 493 606 546 in
640 491 890 545 Latinum
919 491 1086 544 vertit
1122 487 1421 556 eloquium,
1469 492 1525 540 et
1560 485 1772 553 adjecta
1811 484 2046 553 epistola
2073 499 2192 552 sua,
2214 491 2376 562 Aqui
2407 485 2720 544 babtizandi
2747 485 2991 550 fuerunt,
3025 491 3394 541 recesserunt.
3437 486 3507 541 Ut
3533 498 3675 556 ergo
3702 485 3926 540 breviter

551 595 650 649 per
697 581 947 636 Orosium
996 575 1354 632 orientalibus
1398 573 1550 629 dedit
1581 572 1786 643 (Rana).
1826 572 1928 639 Qui
1965 574 2192 629 Orosius

551 669 618 724 ad
657 668 778 724 loca
809 674 995 722 sancta
1035 663 1374 719 Hierusalem
1421 662 1765 731 perveniens,
1797 675 1907 730 quo
1936 674 2059 716 eum
2085 665 2192 716 Au-

550 757 802 826 gustinus
831 755 899 809 ad
932 753 1303 808 Hieronimum
1336 763 1436 820 pro
1463 750 1726 805 discenda
1755 750 1950 805 anima:
1979 750 2191 804 ratione

552 847 796 911 miserat,
828 843 1091 912 reliquias
1119 840 1295 896 sancti
1324 839 1587 909 Stephani
1619 839 1853 908 accepit,
1881 845 1936 893 et
1962 839 2189 907 patriam

552 948 824 997 reversus,
865 932 1074 1002 primus
1113 929 1300 982 intulit
1337 928 1632 983 occidenti.
1677 928 1939 999 (Puosr.)
1981 927 2192 997 [Attha—

552 1022 639 1076 lus
684 1035 714 1076 a
761 1020 952 1075 Gothis
983 1017 1050 1072 ad
1101 1015 1392 1084 Hispanias
1429 1015 1790 1085 migrantibus
1828 1014 2110 1084 neglectus
2137 1022 2193 1070 et

551 1109 792 1179 presidio
837 1119 1035 1163 carens
1083 1106 1316 1174 capitur.
1358 1103 1627 1169 Ataulfus,
1675 1117 1708 1158 a
1745 1103 1980 1172 quodam
2027 1117 2191 1158 socru

549 1198 884 1262 vulneratus,
918 1195 1088 1257 obiit,
1133 1205 1472 1262 regnumque
1520 1194 1640 1261 ejus
1667 1191 1900 1258 Wanlia,
1933 1192 2194 1260 peremtis

549 1286 642 1356 qui
682 1285 826 1340 idem
873 1297 1075 1352 cupere
1126 1281 1605 1350 intellegebantur,
1639 1280 1854 1335 invasit.
1889 1281 2194 1351 Pelagianis

546 1374 609 1404 ³¹⁷
648 1389 678 1429 a
727 1388 866 1444 papa
903 1369 1224 1427 Innocentio
1271 1370 1643 1439 predamnatis
1697 1368 1948 1425 Afrorum
2005 1369 2192 1439 vigore

546 1471 604 1520 et
659 1465 890 1518 maxime
938 1459 1226 1530 Augustini
1282 1458 1528 1528 episcopi
1585 1457 1855 1513 industria
1901 1459 2194 1514 resisteba-

545 1561 637 1608 tur
666 1551 750 1604 ³η,

618 1640 745 1694 438.
789 1639 842 1694 8.
897 1636 1154 1708 [ccccxvr]
1205 1634 1444 1705 (Pnosr.)
1495 1635 1811 1690 Theodosius
1846 1636 1902 1688 7.
1943 1640 1992 1691 et
2030 1634 2191 1691 Palli-

545 1731 662 1785 dus.
717 1728 1012 1793 Placidam,
1058 1725 1352 1780 Theodosii
1391 1723 1740 1792 imperatoris
1784 1724 1979 1792 ﬁliam,
2031 1739 2192 1794 quam

2274 591 2514 642 narrem,
2564 575 2658 630 illa
2703 580 2891 637 nocte.
2939 587 3064 642 quae
3101 572 3404 628 luciscebat
3441 573 3498 628 in
3538 573 3634 628 die
3662 573 3923 630 doinica

2281 669 2363 721 10.
2397 667 2486 722 die
2517 664 2636 720 Kal.
2668 663 2814 728 Maii,
2847 659 2970 717 fons
2998 675 3156 717 sacer
3203 661 3338 717 hora
3376 663 3723 731 competenti
3753 663 3918 732 reple-

2272 764 2362 811 tus
2410 760 2515 809 est.
2565 751 2816 808 Evidenti
2865 763 2995 820 ergo
3043 749 3310 804 miraculo
3362 751 3566 805 claruit
3615 751 3920 806 occidente.

2274 846 2404 900 lium
2455 843 2688 912 partium
2734 839 2902 894 fuisse
2950 853 3215 895 errorem.
3276 840 3390 894 Hec
3435 848 3603 908 prout
3653 843 3813 908 potui
3850 843 3916 894 vel

2274 932 2589 1004 epistolaris
2637 928 2878 984 brevitas
2925 942 3083 997 passa
3140 933 3262 994 est,
3309 927 3544 996 jubente
3597 928 3916 998 [apostolatu

2272 1031 2486 1088 vestro,
2523 1017 2825 1088 rescripsi].
2860 1036 2889 1068 »

2278 1112 2424 1183 (Cod.
2455 1111 2510 1164 in
2537 1123 2703 1177 marg.
2735 1106 2920 1161 Ciclus
2946 1104 3037 1159 23.
3069 1105 3306 1161 decenn.
3337 1105 3447 1161 inc.
3480 1106 3680 1161 indict.
3713 1107 3911 1176 prima.)

2345 1197 2471 1253 440.
2551 1196 2631 1249 lO.
2695 1193 3006 1265 ’[ccccxvm]
3078 1193 3322 1262 (Puosr.)
3389 1195 3662 1250 Honorius
3733 1195 3814 1249 l2.
3877 1203 3915 1249 et

2279 1287 2599 1344 Theodosius
2635 1284 2690 1338 8.
2722 1285 2840 1339 Hoc
2871 1291 3119 1352 tempore
3149 1283 3522 1349 Constantius,
3553 1297 3754 1338 servus
3781 1285 3914 1339 Chri-

2274 1377 2367 1444 sti,
2391 1391 2456 1432 ex
2493 1373 2699 1430 vicario
2738 1373 2926 1427 Romae
2957 1371 3230 1438 habitans,
3262 1379 3319 1427 et
3356 1385 3457 1442 pro
3487 1373 3666 1443 gratia
3703 1373 3806 1427 Dei
3834 1372 3913 1427 de-

2274 1466 2556 1521 votissime
2609 1461 2917 1532 Pelagianis
2973 1460 3258 1526 resistens,
3319 1459 3555 1516 factione
3621 1461 3913 1517 eorundem

2274 1554 2442 1610 multa
2491 1551 2738 1622 pertulit,
2779 1563 2904 1618 quae
2952 1548 3105 1603 illum
3152 1549 3358 1604 sanctis
3386 1547 3806 1604 confessoribus
3831 1563 3913 1604 so~

2275 1644 2581 1698 ciaverunt.
2630 1638 2879 1695 Concilio
2927 1635 3073 1706 apud
3111 1637 3455 1706 Cartaginem
3483 1637 3673 1693 habito
3704 1637 3816 1690 214
3843 1639 3912 1693 vel

2275 1732 2509 1800 amplius
2558 1729 2975 1798 episcoporum,
3033 1725 3102 1780 ad
3161 1739 3353 1794 papam
3411 1724 3678 1780 Zosimum
3740 1727 3912 1781 sinodi

547 1820 719 1873 Rome
757 1816 916 1871 Gothi
964 1820 1258 1883 ceperant,
1311 1826 1582 1882 quamque
1610 1812 1857 1868 Ataulfus
1903 1809 2503 1884 conjugedeecreta
2551 1817 2760 1888 perlata
2806 1821 2972 1882 sunt;
3023 1813 3226 1884 quibus
3272 1813 3550 1882 probatis,
3601 1828 3702 1884 per
3752 1823 3909 1869 totum

547 1907 833 1971 habuerat,
868 1903 1130 1958 Wanliam
1164 1915 1352 1971 pacem
1383 1901 1628 1956 Honorio
1672 1909 1954 1971 expetens,
1987 1903 2190 1970 reddit,

549 1997 780 2064 ejusque
810 1993 1030 2062 nuptias
1059 1992 1413 2046 Constantius
1442 1999 1804 2059 promeretur.
1844 1990 1935 2061 (cf.
1959 1990 1996 2046 ι.
2022 1994 2191 2062 poni.)

547 2083 908 2139 Innocentius
937 2094 1076 2150 papa
1105 2081 1245 2136 obiit
1272 2081 1325 2134 4.
1359 2080 1478 2134 Kal.
1505 2081 1756 2149 Augusti.

620 2173 866 2228 Zosimus
888 2186 1035 2241 papa
1063 2170 1492 2240 quadragesimus
1534 2174 1653 2238 post
1687 2171 1899 2224 Petrum
1934 2173 2070 2224 tenet
2107 2184 2194 2224 ca-

547 2261 785 2315 thedram
814 2259 966 2314 annis
988 2260 1043 2313 4.

617 2349 742 2404 439.
783 2350 838 2405 9.
883 2347 1167 2417 [ccccxvn]
1225 2346 1480 2418 (Pnosr.)
1531 2348 1800 2402 Honorius
1844 2346 1925 2402 ll.
1973 2352 2022 2402 et
2059 2348 2194 2403 Con-

543 2441 771 2495 stantius
815 2439 870 2492 2.
930 2438 1206 2493 Honorius
1251 2438 1477 2492 Romam
1526 2436 1804 2505 triumpho
1861 2435 2189 2506 ingreditur,

551 2534 816 2596 preeunte
867 2540 1086 2581 currum
1125 2526 1246 2594 ejus
1271 2524 1473 2590 Attalo,
1523 2539 1686 2594 quem
1733 2524 1906 2579 libare
1935 2523 1998 2554 ⁸¹⁹
2028 2522 2187 2594 (132)

551 2617 731 2670 vivere
764 2615 928 2685 jussit
972 2613 1206 2668 exulem.
1255 2641 1326 2651 —
1375 2613 1666 2682 (Pascnas.
1732 2611 1913 2682 epist.)
1962 2611 2193 2666 Dimidia

501 2741 510 2751 ι
550 2704 826 2775 posterior
856 2717 982 2773 pars
1021 2700 1270 2771 epistolae
1297 2701 1602 2756 Pascassini
1633 2701 1880 2771 episcopi
1903 2701 1969 2756 ad
1997 2713 2191 2770 papam

552 2794 790 2848 Leonem
833 2812 844 2847 :
901 2810 928 2842 «
966 2793 1086 2846 Non
1127 2804 1259 2860 ergo
1298 2803 1402 2845 nos
1439 2790 1560 2845 dies
1589 2803 1696 2845 una
1739 2790 1958 2860 longius
1987 2789 2192 2859 possita

552 2890 778 2949 terreat,
820 2895 889 2936 ne
938 2895 1060 2936 cum
1109 2880 1216 2936 hoc
1252 2881 1485 2935 vitamus
1530 2880 1876 2934 incurramus
1921 2893 2185 2934 errorem.

545 2973 698 3026 Sicut
734 2977 982 3038 tempore
1028 2968 1203 3022 beatae
1247 2967 1650 3022 recordationis
1691 2967 1897 3022 domini
1928 2967 2034 3021 mei
2066 2981 2192 3036 pre-

547 3059 858 3113 decessoris
910 3057 1079 3111 vestri
1135 3055 1332 3110 Zosimi
1383 3068 1530 3110 anno
1588 3056 1906 3110 consulatus
1960 3057 2188 3111 Honorii

2276 1909 2537 1964 mundum
2587 1905 2827 1961 heressis
2883 1903 3172 1972 Pelagiana
3219 1902 3470 1957 damnata
3513 1908 3618 1958 est.
3652 1904 3912 1958 Valentia-

2275 2011 2399 2063 nus,
2441 1995 2724 2052 Constanti
2772 1998 2828 2048 et
2873 1991 3131 2047 Placidia:
3169 1990 3316 2045 ﬁlius
3337 2034 3351 2057 ,
3384 1991 3628 2046 nascitur
3652 1991 3710 2045 5.
3743 1993 3912 2047 Nonas

2273 2085 2463 2140 Julias.
2513 2083 2798 2153 Carthagis
2843 2080 3136 2137 concilium
3185 2086 3376 2135 contra
3425 2080 3752 2148 Pelagianos
3827 2080 3906 2152 (cf.

2274 2174 2312 2228 ι.
2353 2174 2525 2244 poni.)
2555 2172 2802 2228 Zosimus
2833 2183 2974 2238 papa
3001 2168 3144 2224 obiit
3168 2168 3224 2223 7.
3258 2167 3374 2223 Kal.
3405 2169 3666 2225 Januarii.

2345 2261 2472 2315 441.
2537 2259 2622 2315 11.
2686 2257 2941 2329 [ccccxxx]
2999 2256 3240 2324 (Pnosr.)
3297 2257 3581 2313 Monaxius
3626 2261 3672 2310 et
3724 2256 3908 2312 Plinio.

2273 2350 2626 2408 Constantius
2672 2361 2861 2418 pacem
2907 2347 3087 2402 ﬁrmat
3114 2360 3236 2400 cum
3287 2345 3520 2412 Wanlia,
3566 2346 3692 2401 data
3743 2347 3908 2402 eidem

2273 2440 2342 2496 ad
2398 2438 2812 2495 inhabitandum
2870 2435 3112 2492 secunda
3157 2435 3447 2504 Aquitania
3493 2442 3548 2490 et
3593 2435 3911 2504 quibusdam

2275 2531 2586 2585 civitatibus
2615 2527 2908 2584 conﬁnium
2941 2525 3367 2595 provinciarum.

2345 2618 2641 2687 Bonifatius
2664 2631 2809 2688 papa
2837 2613 2926 2667 41.
2955 2618 3075 2685 post
3106 2615 3316 2668 Petrum
3342 2613 3633 2679 ordinatur,
3665 2615 3763 2684 qui
3794 2614 3912 2667 sedit

2274 2721 2399 2761 ann.
2431 2705 2484 2760 4.

2591 2791 2735 2862 [Cod
2767 2793 2824 2845 in
2849 2805 3045 2859 marg.,
3076 2788 3258 2844 Ciclus
3286 2789 3438 2845 solus
3467 2787 3598 2861 inc.]

2344 2882 2468 2938 442.
2528 2880 2610 2936 l2.
2657 2879 2890 2950 [ccccxx]
2945 2880 3195 2950 (Paosr.)
3246 2878 3559 2934 Theodosius
3599 2877 3650 2932 9.
3688 2884 3748 2933 et
3799 2880 3918 2935 Con-

2271 2974 2495 3029 stantius
2523 2969 2577 3023 3.
2609 2970 2961 3025 Constantius
2989 2968 3057 3023 ab
3089 2967 3332 3024 Honorio
3370 2967 3427 3022 in
3457 2969 3806 3022 consortium
3838 2983 3916 3022 re-

2272 3062 2365 3131 gni
2404 3059 2727 3115 adsumitur.
2784 3057 3136 3112 Hieronimus
3164 3055 3439 3125 presbiter
3484 3055 3745 3120 moritur,
3780 3068 3916 3110 anno

549 3146 763 3216 augusti
799 3143 883 3198 ll.
933 3151 989 3198 et
1035 3143 1338 3198 Constantii
1385 3143 1463 3211 2.,
1514 3151 1645 3198 tunc
1683 3144 1827 3198 enim
1867 3158 1988 3198 cum
2019 3132 2250 3200 decli-C
2272 3151 2452 3205 anatis
2476 3162 2590 3204 suae
2621 3147 2975 3216 nonagesimo
3007 3146 3204 3215 primo.
3241 3144 3324 3198 11.
3358 3143 3474 3198 Kal.
3513 3143 3802 3199 Octobris.

547 3241 771 3289 naretur
801 3247 870 3288 ne
907 3232 989 3286 10.
1023 3231 1142 3286 Kal.
1183 3231 1307 3285 Maii
1336 3231 1426 3286 die
1466 3231 1668 3300 pascha
1706 3237 2012 3298 teneretur,
2049 3232 2191 3287 cele-

547 3324 760 3379 bratum
791 3330 876 3377 est
910 3320 964 3373 8.
998 3321 1086 3375 die
1126 3319 1243 3374 Kal.
1283 3319 1480 3389 April.,
1522 3321 1576 3375 id
1607 3327 1690 3376 est
1719 3334 1819 3390 pro
1845 3321 2188 3378 embolisimo

546 3412 853 3467 communis
881 3417 965 3466 est
993 3423 1170 3464 annus
1198 3417 1402 3476 tentus,
1435 3417 1491 3463 et
1533 3423 1691 3464 error
1726 3409 2078 3480 gravissimus
2107 3417 2189 3465 est

548 3510 722 3568 ortus,
766 3500 821 3554 in
861 3505 1069 3554 tantum
1101 3505 1161 3553 ut
1189 3486 1436 3553 miSterio
1467 3504 1642 3565 certo,
1674 3499 1802 3567 quia
1839 3498 1988 3553 dono
2017 3499 2191 3568 Spiri-

544 3600 633 3646 tus
661 3589 837 3643 sancti
869 3587 1242 3653 ministratur,‘
1261 3586 1381 3642 haec
1408 3586 1612 3641 veritas
1642 3587 2006 3655 probaretur;
2039 3587 2186 3656 quod

543 3685 837 3749 propterea
866 3677 1078 3732 credidi
1109 3675 1514 3746 exponendum,
1542 3676 1671 3744 quia
1699 3675 1854 3731 locus
1877 3676 1996 3745 ipse
2025 3677 2188 3731 etiam

543 3775 735 3822 sancto
775 3774 939 3835 atque
987 3780 1019 3819 a
1069 3779 1154 3820 me
1201 3764 1516 3819 venerando
1572 3764 1726 3819 fratri
1783 3779 1905 3820 meo
1953 3765 2187 3822 diacono

545 3856 752 3910 Libano
811 3854 1129 3908 notissimus
1184 3860 1289 3908 est.
1348 3855 1515 3922 Cujus
1571 3852 1800 3907 misterii
1866 3853 2186 3908 miraculum

545 3943 654 3997 tale
683 3950 785 3996 est.
818 3940 1073 4006 Quaedam
1104 3940 1362 3995 vilissima
1411 3941 1685 4009 possessio
1715 3941 1964 3995 Meltinas
1991 3942 2186 4011 appel-

546 4031 690 4085 latur
731 4031 788 4084 in
835 4029 1114 4083 montibus
1159 4028 1346 4083 arduis
1384 4036 1440 4083 et
1477 4028 1630 4084 silvis
1675 4029 2018 4084 densissimis
2045 4029 2188 4086 con-

544 4119 777 4184 stituta;
837 4117 951 4170 illic
997 4130 1261 4185 perparva
1309 4122 1473 4185 atque
1519 4116 1612 4171 vili
1671 4131 1840 4185 opera
1887 4118 2184 4174 constituta

544 4207 761 4263 teclesia
810 4213 913 4260 est.
965 4205 1025 4259 ln
1074 4207 1230 4274 cujus
1275 4205 1574 4260 babtizerio
1627 4212 1789 4260 nocte
1835 4215 2183 4263 sacrosancta

544 4295 786 4366 paschali
835 4294 1145 4348 babtizandi
1186 4294 1320 4349 hora
1367 4308 1489 4349 cum
1536 4293 1721 4349 nullus
1765 4295 1991 4361 canalis,
2035 4297 2181 4351 nulla

542 4386 616 4440 sit
654 4383 854 4451 ﬁstula,
887 4397 988 4438 nec
1034 4397 1174 4453 aqua
1221 4383 1444 4438 omnino
1469 4382 1666 4453 vicina,
1697 4381 1820 4437 fons
1849 4398 1916 4438 ex
1944 4398 2065 4438 sese
2095 4399 2181 4440 re-

2340 3237 2466 3291 443.
2522 3235 2605 3289 13.
2660 3234 2921 3305 [ccccxxx]
2957 3233 3191 3301 (Puosr.)
3223 3230 3472 3300 Agricola
3502 3235 3550 3285 et
3579 3232 3911 3286 Eustochia.

2271 3327 2664 3383 Constantinus
2702 3324 3005 3392 imperator
3043 3321 3202 3376 obiit.
3246 3319 3344 3392 (cf.
3390 3319 3427 3374 ι.
3472 3320 3650 3392 post.)
3708 3319 3913 3376 Bonifa-

2271 3415 2382 3471 tius
2429 3427 2567 3484 papa
2615 3411 2860 3468 decrevit
2905 3424 3120 3466 servum
3174 3409 3433 3465 clericum
3487 3424 3598 3465 non
3645 3409 3774 3465 ﬁeri
3823 3423 3910 3464 nec

2273 3503 2572 3558 obnoxium
2604 3502 2774 3556 curia;
2803 3500 2887 3556 vel
2927 3499 3222 3569 cujuslibet
3253 3499 3353 3554 rei.

2342 3590 2467 3645 444.
2516 3591 2598 3645 l4.
2644 3587 2921 3660 [ccccxxu]
2978 3589 3220 3658 (Puosr.)
3261 3589 3527 3642 Honorius
3561 3586 3645 3640 13.
3676 3592 3730 3642 et
3767 3586 3905 3642 πω

2271 3679 2448 3734 dosius
2500 3678 2582 3731 10.
2634 3679 2749 3733 Hoc
2781 3685 3028 3748 tempore
3059 3676 3332 3731 exercitus
3359 3675 3426 3730 ad
3459 3676 3758 3745 Hispanias
3792 3690 3908 3732 con-

2271 3775 2354 3822 tra
2378 3767 2676 3823 Wandalos
2722 3767 2919 3822 missus
2948 3771 3052 3832 est,
3087 3765 3178 3820 cui
3224 3765 3477 3820 Castinus
3505 3765 3621 3820 dux
3648 3764 3788 3831 fuit;
3823 3765 3906 3834 qui

2270 3855 2630 3922 Bonifacium,
2660 3857 2835 3911 virum
2867 3855 3084 3910 bellicis
3113 3854 3324 3910 artibus
3353 3853 3688 3924 preclarum,
3730 3855 3905 3922 inepto

2270 3951 2326 4000 et
2371 3945 2639 4015 injurioso
2687 3945 2920 4014 imperio
2959 3944 3027 3999 ab
3073 3943 3442 4013 expeditionis
3488 3957 3606 3999 suae
3652 3945 3906 3998 societate

2268 4037 2484 4090 avertit.
2537 4035 2670 4088 Nam
2718 4033 2812 4088 ille
2851 4032 3219 4102 periculosum
3258 4032 3366 4087 sibi
3413 4038 3578 4102 atque
3627 4031 3906 4102 indignum

2268 4133 2420 4179 ratus
2463 4137 2586 4179 eum
2625 4123 2782 4192 sequi
2831 4137 2994 4192 quem
3041 4121 3354 4178 discordem
3391 4122 3906 4191 superbientemque

2266 4221 2525 4282 expertus
2570 4219 2736 4278 esset,
2785 4211 3042 4266 celeriter
3082 4226 3141 4266 se
3189 4211 3257 4266 ad
3308 4217 3528 4280 portum
3555 4210 3718 4266 Urbis
3746 4217 3907 4280 atque

2264 4303 2393 4358 inde
2423 4302 2490 4356 ad
2520 4300 2771 4356 Aﬁ‘ricam
2802 4301 3093 4371 proripuit.
3124 4300 3295 4370 quue
3324 4301 3404 4355 rei
3435 4300 3680 4370 puplica:
3716 4299 3906 4354 multo-

2275 4405 2395 4446 rum
2445 4388 2726 4460 [laborum]
2777 4389 2992 4444 initium
3039 4387 3159 4444 fuit.
3201 4387 3294 4459 (cf.
3334 4386 3373 4443 ι.
3411 4391 3586 4459 parit.)
3617 4387 3907 4444 Bonifatius

543 4474 746 4545 pletur.
796 4473 1098 4541 Paucisque
1123 4471 1187 4502 ³³⁰
1231 4473 1326 4541 qui
1365 4470 1588 4527 fuerunt
1633 4474 1972 4528 consecratis
1995 4515 2010 4540 ,
2061 4489 2185 4529 cum
2205 4455 2410 4548 1)papa
2439 4455 2579 4533 obiit
2616 4477 2670 4532 8.
2703 4455 2822 4532 Kal.
2853 4476 3181 4532 Novimbris.

547 4562 932 4618 deductorium
970 4561 1178 4616 nullum
1231 4560 1486 4631 [habeat],
1527 4565 1587 4616 ut
1623 4575 1762 4630 aqua
1794 4568 2034 4630 venerat,
2076 4563 2189 4617 dis—

2337 4567 2462 4622 445.
2521 4566 2603 4622 15.
2658 4565 2958 4636 [ccccxxm]
2994 4564 3238 4634 (Pnosr.)
3266 4565 3611 4622 Marim'anus
3648 4572 3695 4622 et
3731 4565 3906 4620 Ast-Je-

543 4653 750 4708 cendit.
801 4653 952 4706 Tunc
990 4664 1122 4721 ergo
1148 4693 1162 4718 ,
1216 4657 1276 4704 ut
1307 4650 1619 4720 supradixi,
1671 4651 1773 4704 sub
1821 4658 2027 4706 sancta:
2074 4665 2188 4706 me-
2261 4656 2530 4726 piodatus.
2574 4654 2815 4710 Placidia
2860 4662 3111 4723 augusta,
3151 4669 3182 4708 a
3219 4652 3388 4709 fratre
3438 4655 3690 4710 Honorio
3738 4654 3906 4723 pulsa,

546 4742 740 4798 moriaa
779 4741 1006 4797 domino
1044 4738 1320 4809 quondam
1369 4753 1493 4795 meo
1558 4753 1622 4794 ac
1666 4739 1982 4795 beatissimo
2048 4754 2185 4809 papa

540 4831 777 4897 Zosimo,
820 4843 940 4884 cum
989 4828 1134 4898 apud
1174 4827 1547 4884 occidentales
1583 4841 1741 4883 error
1778 4835 1933 4883 ortus
1968 4827 2181 4895 fuisset,

540 4919 821 4973 consuetis
848 4917 1180 4972 lectionibus
1209 4925 1370 4973 nocte
1400 4931 1554 4972 sacra
1574 4916 1858 4984 discussis,
1881 4931 2002 4972 cum
2033 4931 2186 4986 pres-

543 5007 686 5062 biter
713 5005 1014 5061 secundum
1045 5019 1251 5062 morem
1290 5006 1602 5076 baptizandi
1632 5005 1824 5060 horam
1853 5005 2180 5074 requireret,

543 5111 716 5166 usque
747 5096 815 5151 ad
857 5095 1036 5150 lucem
1064 5109 1206 5165 aqua
1244 5109 1355 5152 non
1385 5096 1660 5160 veniente,
1691 5108 1802 5151 non
1850 5097 2180 5164 consecrati,

2267 4744 2336 4799 ad
2387 4744 2663 4800 Orientem
2719 4757 2843 4798 cum
2893 4743 3137 4799 Honorio
3184 4748 3240 4798 et
3287 4742 3616 4800 Valentiano
3668 4743 3913 4813 proﬁcis-

2269 4831 2413 4886 citur
2445 4833 2680 4902 (Pnosr).

2337 4919 2621 4975 Celestinus
2656 4918 2747 4974 42.
2783 4934 2928 4990 papa
2949 4925 3070 4991 post
3107 4921 3314 4975 Petram
3351 4921 3506 4976 annis
3531 4921 3590 4976 9.

2337 5010 2614 5064 Honorius
2651 5009 2874 5064 Romam
2915 5009 3074 5074 obiit,
3115 5015 3170 5064 et
3215 5021 3440 5080 regnum
3481 5011 3605 5080 ejus
3637 5011 3918 5066 Iohannes

2263 5098 2478 5168 accepit
2506 5097 2588 5152 ³³⁸.

1904 5223 2124 5278 νΑΒΙιΕ
2170 5224 2554 5280 LECTIONES.

612 5338 674 5370 ³⁸⁷
706 5337 1025 5408 pelagianus
1057 5335 1104 5389 1.
1182 5335 1246 5367 ³⁸⁸
1276 5336 1607 5392 resitebatur
1639 5334 1686 5388 1.

539 5410 681 5466 Beda
712 5410 864 5465 dicit.

1770 5335 1835 5367 ³³⁵
1862 5337 1901 5392 i.
1935 5353 1982 5392 ε.
2016 5339 2209 5396 libere.

2303 5339 2370 5370 ³¹⁰
2400 5339 2662 5409 pacisque
2709 5337 2755 5393 l.
2849 5337 2909 5370 ³¹¹¹
2940 5337 3038 5394 hoc
3074 5337 3186 5395 loco
3213 5339 3269 5394 in
3300 5354 3469 5408 marg.
3500 5357 3606 5398 sec.
3637 5355 3829 5396 mana.
3862 5353 3914 5395 ιιι

2111 5507 2326 5563 NOTAE.

615 5602 770 5670 (132)
806 5603 867 5654 ν.
909 5600 1048 5654 infra
1078 5616 1152 5655 a..
1185 5602 1310 5656 466.
