4000 6158
155 211 247 264 721

1409 211 1814 268 CHRONICON.
1855 239 1930 251 —
1968 213 2092 266 LIB.
2135 213 2224 266 Ill.

3391 217 3499 272 722

217 337 557 390 Romanorum
599 332 691 389 52.
736 333 1055 390 Theodosius
1100 334 1289 402 minor,
1323 334 1576 391 Archadii
1611 333 1964 405 ﬁlius,Aniaa
2010 335 2282 407 dogma-tis
2334 337 2419 393 sui
2483 337 2853 394 insinuatione
2928 341 3212 410 corrupit;
3272 344 3369 398 sed
3428 344 3494 399 ad

153 425 292 481 omnis
313 421 403 489 27,
434 422 541 478 hoc
571 427 655 477 est
682 435 858 492 usque
889 422 1006 479 Kal.
1048 422 1193 488 Maii,
1225 424 1281 478 in
1309 437 1456 479 anno
1487 423 1613 480 438.
1647 431 1772 495 post

153 513 468 586 passionem.
501 513 612 567 Sub
640 525 752 582 quo
778 511 834 568 hi
865 511 1122 568 consules
1151 511 1391 570 fuerunt.

213 602 332 660 446.
399 602 447 655 l.
515 601 808 672 [ccccxm]
864 601 1110 674 (Pnosr.)
1151 603 1392 660 Castinus
1451 609 1500 658 et
1581 602 1776 662 Victor.

148 690 479 748 Theodosius
524 690 982 758 Valentinianum,
1023 691 1204 748 amitte
1250 707 1365 748 sua:
1412 691 1603 759 ﬁlium,
1651 707 1778 750 ccs-

146 793 311 836 sarem
359 778 511 846 facit,
553 785 760 836 etcum
808 787 1038 851 augusta
1086 787 1258 836 matre
1300 781 1368 836 ad
1400 781 1776 851 recipiendum

146 867 533 926 occidentalem
553 867 721 923 mittit
740 867 1050 938 imperium.
1073 870 1192 936 Quo
1212 875 1462 940 tempore
1479 870 1776 935 Iohannes,

145 957 262 1014 dum
290 957 567 1024 Aﬁ'ricam,
599 971 762 1028 quam
812 956 1116 1014 Bonifatius
1153 959 1461 1026 obtinebat,
1494 959 1641 1016 bello
1682 973 1776 1015 re-

147 1048 335 1118 poscit,
369 1047 439 1102 ad
459 1045 836 1102 defensionem
865 1047 950 1103 sui
988 1047 1258 1104 inﬁrmior
1287 1048 1462 1104 iactus
1492 1055 1597 1104 est.

208 1133 331 1190 447.
371 1136 430 1191 2.
473 1134 747 1206 [ccccxxv]
781 1134 1027 1206 \Pnosr.)
1073 1135 1394 1192 Theodosius
1437 1135 1519 1193 ll.
1571 1143 1621 1194 et
1677 1140 1778 1194 Va-

141 1223 467 1280 lentinianus.
535 1223 776 1280 Placidia
813 1231 1041 1296 augusta
1097 1229 1154 1280 et
1211 1225 1567 1282 Valentianus
1620 1241 1778 1282 cesar

136 1313 262 1370 mira
285 1312 551 1370 felicitate
577 1313 881 1370 Iohannem
910 1314 1185 1370 tirannum
1215 1315 1556 1385 opprimunt,
1597 1321 1653 1372 et
1689 1331 1777 1372 re-

131 1418 286 1475 gnum
315 1403 562 1460 victores
587 1403 882 1473 recipiunt,
924 1403 1051 1459 data
1089 1404 1247 1460 venia
1292 1405 1472 1472 Aetio,
1517 1419 1585 1461 eo
1623 1405 1774 1476 quod

136 1493 248 1559 Uni,
298 1507 446 1564 quos
492 1506 593 1564 per
640 1493 818 1563 ipsum
848 1494 1128 1550 Iohannes
1174 1501 1485 1564 acceperat,
1527 1495 1773 1563 ejusdem

131 1581 309 1638 studio
351 1581 424 1637 ad
481 1582 704 1653 propria
751 1581 958 1637 reversi
1015 1588 1164 1638 sunt.
1203 1583 1458 1638 Castinus
1504 1590 1684 1639 autem
1714 1584 1770 1639 in

1860 426 2134 482 actionem
2172 425 2378 482 Palladi
2419 427 2638 482 diaconi
2669 441 2808 497 papa
2836 427 3145 484 Celestinus
3171 430 3492 487 Germanum

1857 515 2348 572 Antisidiorensem
2429 516 2750 585 episcopum
2834 516 2950 572 vice
3031 531 3130 572 sua
3187 517 3374 583 mittit,
3441 526 3496 575 et

1860 603 2197 660 desturbatis
2224 605 2506 670 hereticis,
2540 605 2827 660 Britannos
2868 604 2935 660 ad
2965 605 3290 661 catholicam
3335 606 3494 662 ﬁdem

1861 693 2082 764 redigit.
2118 692 2218 764 (cf.
2259 694 2295 749 ι.
2347 693 2522 766 poni.)
2557 695 2866 750 Celestinus
2921 709 3059 764 papa
3088 695 3395 760 constituit,
3436 702 3496 750 ut

1863 781 2055 852 psalmi
2110 783 2276 839 David
2325 783 2611 839 centesimi
2650 784 3084 855 quinquagesimi
3130 791 3255 839 ante
3283 783 3494 839 sacriﬁ-

1860 871 2004 926 cium
2061 871 2461 941 antiphonatim
2519 872 2984 940 decantarentur;
3018 886 3141 928 nam
3191 878 3350 928 antea
3379 873 3496 943 epi-

1859 959 1999 1015 stola
2029 966 2085 1016 et
2111 967 2360 1016 sanctum
2399 961 2735 1031 evangelium
2765 962 3148 1018 recitarentur.

1929 1047 2054 1104 452.
2085 1048 2140 1104 7.
2174 1049 2451 1118 [ccccm]
2496 1051 2734 1118 (Pnosr.)
2781 1050 3099 1106 Theodosius
3155 1049 3235 1105 l3.
3286 1055 3335 1105 et
3403 1052 3498 1105 Va-

1859 1135 2172 1193 lentinianus
2207 1135 2263 1192 3.
2294 1137 2484 1193 Aetius
2521 1152 2644 1193 cum
2702 1138 2938 1194 Felicem
2995 1153 3116 1193 cum
3165 1151 3336 1194 uxore
3368 1141 3497 1192 Pan-

1858 1225 2044 1282 dussia
2073 1234 2129 1282 et
2155 1226 2474 1282 Grannitnm
2514 1226 2875 1282 diaconum...
2925 1227 2989 1258 ³¹¹
3035 1226 3242 1296 (Βεω.)
3267 1228 3499 1282 Sanctus

1856 1316 2210 1386 Augustinus,
2265 1315 2444 1371 aetatis
2490 1329 2634 1372 anno
2679 1316 2770 1370 76.
2821 1315 2960 1371 obiit
3004 1317 3059 1370 5.
3104 1316 3221 1371 Kal.
3265 1315 3496 1388 Septim-

1857 1404 1993 1471 bris,
2033 1419 2156 1460 cum
2221 1404 2279 1460 in
2334 1403 2598 1461 clericatu
2663 1405 2747 1460 vel
2811 1405 3136 1475 episcopatu
3195 1418 3372 1460 annos
3426 1403 3498 1456 4O

1856 1494 2177 1564 compleret.

1925 1583 2052 1638 453.
2075 1583 2128 1639 8.
2165 1583 2460 1653 [ccccxxxr]
2495 1583 2737 1652 (Pnosr.)
2769 1585 2968 1638 Bassus
2995 1588 3045 1637 et
3077 1583 3382 1638 Antiochus.
3414 1582 3499 1636 Si-

138 1671 351 1728 exilium
411 1678 568 1726 actus
621 1678 726 1738 est,
787 1672 917 1741 quia
977 1671 1265 1727 videbatur
1321 1671 1600 1728 Iohannes
1653 1667 2037 1729 sineBnodus
2057 1672 2201 1742 apud
2232 1672 2494 1728 Eﬁessum
2524 1671 2885 1728 ducentorum
2914 1671 3283 1726 sacerdotum.
3307 1671 3499 1725 Nesto-

136 1759 449 1816 conibentia
487 1759 662 1830 ipsius
719 1773 947 1830 regnum
1005 1773 1114 1815 non
1159 1759 1404 1830 potuisse
1434 1774 1772 1830 presumere.

135 1849 484 1904 Valentianus
528 1848 756 1904 decreto
805 1848 1107 1905 Theodossi
1153 1855 1416 1919 angustus
1442 1849 1771 1920 appellatur.

131 1937 398 2004 Archilar,
429 1936 616 1993 nobile
654 1937 920 2008 Oppidum
965 1936 1281 2004 Galliarum,
1312 1953 1344 1993 a
1373 1939 1565 1995 Gothis
1602 1939 1771 1995 multa

132 2026 178 2080 vi
201 2033 579 2097 oppugnatum
625 2033 731 2092 est,
762 2026 940 2083 donec
969 2026 1287 2083 imminente
1324 2027 1481 2084 Aetio
1513 2041 1624 2084 non
1661 2029 1770 2084 im-

132 2116 319 2184 punito
349 2115 679 2172 accederent
706 2116 790 2171 ³¹².

190 2203 321 2259 448.
355 2202 412 2260 3.
448 2205 748 2275 [ccccxxvr]
785 2202 1043 2275 (Pnosr.)
1081 2204 1398 2260 Theodosius
1432 2203 1516 2260 l2.
1565 2210 1616 2260 et
1657 2207 1773 2260 Va—

121 2289 440 2347 lentinianus
467 2292 521 2348 2.
574 2292 858 2347 Patroclus
900 2291 1236 2348 Arelatensis
1280 2292 1576 2362 episcopus
1603 2307 1634 2347 a
1666 2293 1774 2348 tri-

116 2379 269 2437 buno
320 2380 565 2448 quodam
620 2380 855 2435 barbaro
921 2379 1107 2434 multis
1159 2379 1480 2436 vulneribus
1534 2381 1773 2436 laniatus

111 2467 424 2524 occiditur.
459 2467 716 2535 (Pnosr.).
747 2467 902 2534 Quod
933 2465 1147 2523 facinus
1174 2467 1242 2523 ad
1273 2467 1545 2524 occultam
1570 2469 1773 2538 jussio-

115 2571 240 2613 nem
320 2555 525 2611 Felicis
579 2555 825 2626 magistri
889 2555 1120 2612 militum
1187 2554 1549 2623 referebatur,
1617 2558 1776 2627 cujus

123 2644 388 2716 impulsu,
421 2643 686 2711 creditur,
720 2643 884 2700 etiam
922 2644 1075 2701 Titus
1122 2645 1390 2701 diaconus
1417 2645 1500 2700 vir
1527 2653 1771 2713 sanctus,

128 2737 312 2790 Romae
371 2733 669 2804 peccunias
717 2733 1056 2804 pauperibus
1101 2733 1460 2801 distribuens,
1518 2735 1778 2790 interem-

131 2830 250 2894 ptus
278 2828 388 2879 est.

1855 1762 1970 1817 rius
1997 1776 2121 1818 cum
2151 1762 2416 1818 heressim
2448 1761 2685 1818 nominis
2705 1761 2790 1816 sui
2820 1768 2875 1816 et
2896 1774 3019 1816 cum
3041 1759 3228 1814 multis
3258 1757 3496 1829 Pelagia-

1855 1853 1958 1918 nis,
1990 1854 2085 1923 qui
2117 1858 2407 1922 cognatum
2445 1851 2620 1907 errori
2686 1865 2786 1906 suo
2844 1849 3135 1906 turbabant
3182 1846 3248 1879 ⁸⁸⁸
3275 1847 3494 1916 dogma,

1851 1941 2160 1998 damnatur.
2182 1942 2264 1998 Ad
2294 1943 2489 1998 Scotos
2508 1941 2564 1996 in
2585 1941 2860 1996 Christum
2890 1939 3182 1994 credentes
3211 1937 3499 1993 ordinatus

1850 2045 1882 2086 a
1913 2045 2052 2101 papa
2088 2030 2366 2086 Celestino
2396 2029 2688 2093 Palladius,
2740 2029 2948 2098 primus
2976 2029 3270 2098 episcopus
3300 2026 3497 2081 missus

1851 2125 1954 2175 est.
1999 2119 2146 2189 [Post
2179 2119 2374 2188 ipsum]
2417 2123 2641 2173 sanctus
2703 2117 2992 2179 Patricius,
3024 2129 3226 2184 genere
3267 2115 3493 2178 Brittus,

1850 2222 1880 2264 a
1911 2213 2103 2263 sancto
2159 2207 2434 2263 Celestino
2487 2220 2625 2276 papa
2681 2210 3055 2267 consecratur,
3093 2202 3180 2273 [et]
3223 2203 3290 2257 ad
3320 2202 3498 2257 archi-

1851 2297 2229 2368 episcopatum
2268 2296 2665 2351 Hibernensem
2735 2290 3051 2364 [mittitur];
3107 2291 3200 2346 ubi
3251 2290 3367 2360 [per
3403 2304 3496 2344 an-

1852 2399 1955 2442 nos
1991 2385 2287 2456 sexaginta]
2347 2383 2521 2454 signis
2575 2388 2740 2454 atque
2781 2380 3125 2436 mirabilibus
3179 2378 3490 2448 predicans,

1852 2479 2020 2528 totam
2054 2475 2283 2529 insolam
2313 2472 2626 2528 Hiberniam
2659 2469 2930 2527 convertit
2959 2468 3026 2524 ad
3058 2468 3241 2523 ﬁdem.

1923 2561 2051 2615 454.
2094 2561 2150 2614 9.
2203 2560 2516 2631 [ccccxxxu]
2571 2561 2812 2626 (Puosr.)
2873 2557 3055 2613 Aetius
3118 2560 3167 2611 et
3233 2552 3489 2609 Valerius.

1853 2647 2166 2704 Bonifacius
2203 2649 2272 2704 ab
2319 2647 2498 2704 Africa
2545 2648 2613 2703 ad
2674 2647 2881 2703 Italiam
2949 2659 3048 2715 per
3084 2644 3284 2700 Urbem
3322 2641 3493 2708 venit,

1853 2737 2069 2806 accepit
2134 2737 2378 2808 magistri
2443 2736 2673 2792 militum
2755 2734 3126 2805 dignitatem;
3206 2731 3301 2801 qui
3371 2743 3492 2785 cum

1854 2825 2205 2881 resistentem
2235 2825 2339 2880 sibi
2380 2824 2591 2880 Aetium
2621 2825 2678 2879 in
2717 2822 2892 2893 pretio
2922 2825 3256 2890 superasset,
3289 2830 3496 2888 paucos

194 2912 321 2968 449-
362 2911 418 2966 4-
454 2912 770 2984 [CCCCXIVll]
808 2911 1050 2983 those.)
1096 2912 1310 2967 Hierius
1353 2917 1404 2968 et
1438 2911 1765 2968 Ardabures.
1793 2976 1828 2984 __
1854 2919 1980 2984 post
2008 2914 2130 2970 dies
2157 2915 2352 2969 morbo
2381 2913 2656 2968 extinctus
2702 2916 2808 2967 est.
2857 2909 2949 2976 (cf.
3001 2909 3037 2964 ι.
3069 2907 3237 2980 poni.)
3266 2906 3494 2963 Celesti-

136 2976 469 3067 Bonifatius;
501 3003 658 3070 cujus
703 2976 848 3056 intra
899 2976 1150 3056 Aﬁ‘ricam
1203 3001 1450 3070 potentia
1478 3000 1763 3072 gloriaque
1785 2976 1830 3038 (ἶ
1854 2976 1958 3060 nus
1996 3017 2135 3073 papa
2166 3003 2305 3058 obiit
2331 3001 2538 3058 6.1dus
2565 3001 2787 3072 Aprilis.

135 3091 447 3162 angebatur,
525 3089 727 3146 bellum
801 3089 870 3144 ad
925 3087 1211 3145 arbitrium
1269 3089 1487 3157 Felicis,
1544 3089 1639 3160 qui
1694 3089 1762 3144 ad

137 3179 330 3234 Italiam
361 3179 551 3234 venire
598 3178 894 3246 abnuebat,
935 3177 1159 3248 puplico
1192 3179 1414 3235 nomine
1443 3177 1672 3234 inlatum
1700 3177 1765 3209 ⁸⁸³

136 3274 228 3335 est,
266 3269 506 3325 ducibus
560 3268 820 3324 Maborno
878 3266 944 3298 ³³⁸
999 3272 1054 3322 et
1107 3267 1364 3324 Calvione
1411 3273 1467 3324 et
1495 3269 1761 3334 Saonece,

136 3360 278 3428 cujus
317 3357 639 3429 proditione
685 3357 945 3413 Abortius
972 3355 1037 3388 ³⁸⁸
1065 3363 1120 3413 et
1147 3357 1376 3422 Galivio,
1427 3357 1554 3412 dum
1594 3355 1764 3411 Boni-

135 3443 306 3504 fatium
344 3446 629 3512 obsident,
689 3445 1004 3515 interempti
1059 3451 1226 3514 sunt;
1285 3459 1521 3516 moxque
1577 3446 1696 3514 ipse
1733 3456 1765 3497 a

137 3535 385 3593 Bonifatio
426 3535 561 3592 dolo
609 3534 868 3591 detentus
922 3540 1008 3589 est
1043 3541 1209 3603 atque
1247 3535 1514 3590 occissus.
1555 3532 1771 3588 Exinde

137 3626 372 3694 gentibus
422 3640 552 3696 quae
606 3625 685 3680 uti
753 3624 984 3679 navibus
1038 3622 1103 3655 ³³⁸
1160 3623 1500 3688 nesciebant,
1559 3621 1688 3677 dum
1733 3635 1765 3676 a

137 3716 462 3771 certantibus
527 3715 582 3770 in
641 3712 903 3768 auxilium
968 3717 1254 3776 vocantur,
1313 3724 1462 3766 mare
1521 3709 1764 3779 pervium

139 3801 317 3860 factum
365 3807 494 3870 est;
553 3801 795 3872 bellique
852 3806 1045 3857 contra
1101 3798 1428 3855 Bonifatium
1483 3798 1652 3868 coepti
1708 3799 1764 3854 in

139 3891 512 3962 Signisvnltum
563 3890 628 3923 “‘
683 3903 815 3946 cura
873 3888 1134 3944 translata
1172 3894 1276 3944 est.
1333 3889 1478 3944 Gens
1528 3887 1768 3944 Wanda-

143 3978 296 4035 lorum
325 3982 393 4036 ab
426 3980 691 4050 Hispania
719 3979 788 4034 ad
817 3977 1069 4034 Aﬁ'ricam
1101 3977 1316 4033 transit.

200 4068 318 4124 450.
345 4071 399 4125 5.
443 4068 780 4140 [ccccxxvm]
815 4067 1048 4136 (Pnosr.)
1091 4065 1248 4123 Felix
1295 4070 1346 4122 et
1387 4069 1609 4122 Taurus.
1649 4067 1762 4122 Ne-

141 4157 434 4230 storiusque
507 4156 1146 4226 ConstantinOpolitanus
1209 4156 1505 4225 episcopus
1567 4169 1764 4212 novum

141 4245 350 4303 aclissis
376 4247 606 4304 molitur
655 4259 900 4316 errorem
929 4244 1213 4311 inducere,
1259 4244 1552 4314 predicans
1578 4246 1762 4302 Chris-

141 4339 272 4390 stum
307 4351 368 4393 ex
409 4338 580 4394 Maria
619 4336 895 4392 hominem
943 4340 1175 4399 tantum,
1207 4348 1318 4390 non
1350 4335 1512 4390 etiam
1555 4333 1756 4406 [Deum]

1781 4297 1831 4355 Ι)

1918 3093 2108 3150 Simius
2135 3090 2228 3145 43.
2255 3107 2398 3163 papa
2421 3095 2541 3163 post
2568 3093 2778 3146 Petrum
2807 3088 2959 3144 annis
2987 3086 3042 3142 8.

1921 3180 2162 3250 (Pnosr.)
2191 3180 2380 3237 Aetius
2407 3193 2558 3246 vero,
2581 3193 2703 3235 cum
2733 3177 3016 3247 depossita
3055 3178 3325 3245 potestate
3355 3185 3487 3242 agro

1845 3283 1946 3326 suo
1977 3270 2223 3340 degeret,
2273 3270 2461 3340 ibique
2491 3283 2614 3324 eum
2645 3267 2865 3336 quidam
2914 3265 3171 3320 inimicus
3198 3261 3488 3329 repentino

1844 3360 2071 3416 incursu
2115 3359 2427 3428 opprimere
2474 3360 2815 3424 temptasset,
2871 3350 3128 3422 perfugns
3166 3349 3233 3402 ad
3264 3347 3486 3411 Urbem,

1845 3453 2011 3516 atque
2058 3445 2210 3500 illinc
2257 3445 2324 3499 ad
2372 3443 2682 3506 Dalmatias,
2725 3440 2925 3496 deinde
2955 3451 3055 3507 per
3086 3434 3393 3490 Pannonias
3421 3435 3486 3488 ad

1847 3537 2038 3590 Hunos
2067 3532 2336 3602 pervenit,
2385 3543 2618 3599 quorum
2666 3527 2904 3582 amicitia
2950 3524 3266 3591 auxilioque
3307 3535 3486 3586 ussus,

1846 3636 2035 3692 pacem
2076 3621 2383 3691 principum
2430 3624 2595 3688 atque
2642 3614 2989 3685 interpolata:
3030 3612 3317 3681 potestatis
3345 3609 3489 3679 opti-

1846 3711 1986 3766 nuit.

1915 3798 2041 3854 455.
2108 3798 2188 3854 10.
2265 3795 2602 3870 [ccccxxxm]
2665 3793 2872 3864 (BEDA.)
2926 3790 3242 3847 Theodosius
3293 3788 3378 3844 14.
3436 3792 3486 3841 et

1845 3889 2132 3943 Maximus.
2185 3887 2448 3953 Eudoxia,
2498 3899 2638 3941 uxor
2673 3881 2968 3940 Theodosii
3009 3878 3377 3950 imperatoris,
3417 3877 3484 3931 ab

1846 3976 2226 4033 Hierosolimis
2284 3975 2562 4042 remeavit,
2623 3971 2921 4029 beatissimi
2977 3967 3238 4038 Stephani
3297 3973 3486 4038 proto-

1847 4066 2091 4122 martiris
2118 4064 2401 4136 reliquias,
2433 4078 2557 4134 quae
2602 4063 2657 4118 in
2695 4061 2949 4117 bassilica
2986 4057 3162 4114 sancti
3201 4053 3481 4112 Laurentii

1847 4156 2071 4226 possita:
2099 4161 2452 4220 venerantur,
2483 4166 2669 4208 secum
2699 4150 2991 4206 deﬁ'erens.

1916 4245 2042 4300 456.
2098 4244 2180 4298 ll.
2235 4244 2570 4315 [ccccxxxxv]
2601 4238 2811 4310 (BBDA.)
2861 4241 3039 4307 Aspar
3065 4239 3114 4289 et
3145 4232 3482 4288 Ariovindus.

1846 4335 2030 4391 Sixtus
2067 4347 2204 4403 papa
2242 4331 2372 4388 fecit
2401 4329 2710 4386 bassilicam
2757 4325 2947 4381 matris
2991 4322 3228 4387 Domini,
3260 4333 3384 4390 quae
3415 4317 3484 4372 ab

143 4429 330 4492 natum,
360 4428 524 4498 eique
581 4425 918 4481 divinitatem
967 4423 1220 4479 collatam
1261 4436 1381 4478 esse
1412 4437 1511 4493 pro
1542 4426 1760 4480 merito.
1841 4423 2084 4493 antiquis
2113 4422 2306 4478 Libere
2336 4419 2740 4476 nominabatur.

142 4511 227 4567 Cui
254 4513 518 4584 impietati
558 4513 820 4584 precipue
865 4511 1079 4578 Quirilli
1117 4508 1468 4566 Alexandrini
1515 4510 1764 4579 episcopi

144 4597 391 4658 industria
430 4609 488 4658 et
544 4616 700 4672 papae
756 4600 1018 4656 Celestini
1075 4597 1396 4668 repugnavit
1442 4598 1761 4653 auctoritas.

147 4685 262 4743 Pars
309 4691 602 4746 Galliarum
678 4690 990 4760 propinqua
1071 4687 1287 4752 Rheno,
1345 4700 1506 4756 quam
1571 4685 1764 4741 Franci

148 4777 514 4842 possidendam
569 4782 996 4848 occupaverunt,
1056 4775 1125 4831 ab
1198 4775 1357 4831 Aetio
1421 4774 1622 4829 comite
1684 4788 1768 4829 re-

148 4871 307 4932 cepta.
499 4905 503 4909 Α

205 4951 322 5007 451.
352 4954 405 5010 6.
441 4955 738 5025 [ΟΟΟΟΧΧΙΧ]
796 4956 1034 5025 (Pnosr.)
1065 4950 1360 5009 Florentius
1387 4956 1436 5008 et
1473 4951 1764 5008 Dionisius.

149 5038 308 5097 Felice
345 5043 413 5098 ad
454 5045 684 5114 patriam
731 5043 1053 5114 dignitatem
1103 5048 1386 5111 provecto,
1425 5040 1613 5096 Aetius
1658 5055 1766 5096 ma-

148 5125 300 5193 gister
359 5131 590 5188 militum
663 5130 840 5188 factus
925 5137 1029 5186 est.
1106 5129 1358 5200 Agricola
1424 5129 1766 5201 Pelagianus,

146 5211 400 5274 Severiani
439 5218 686 5289 episcopi
745 5217 1016 5288 Pelagiani
1047 5215 1210 5282 ﬁlius,
1245 5215 1507 5272 ecclesias
1537 5218 1774 5274 Brittan-

1914 4511 2043 4566 457.
2101 4509 2184 4565 l2.
2248 4507 2554 4579 [ccccxxxv]
2616 4503 2859 4573 (Pnose.)
2921 4498 3236 4557 Theodosius
3297 4496 3379 4551 15.
3435 4503 3485 4552 et

1856 4599 2247 4656 Valentinianus
2293 4598 2347 4651 4.
2399 4597 2506 4650 Pax
2554 4593 2696 4650 facta
2747 4605 2868 4648 cum
2917 4586 3216 4651 Wandalis,
3249 4585 3374 4640 data
3405 4584 3488 4640 eis

1847 4690 1915 4746 ad
1955 4687 2307 4744 habitandum
2338 4685 2551 4741 Aﬁ'ricaa
2582 4681 2783 4753 portio.
2816 4679 3019 4736 Eodem
3058 4683 3306 4745 tempore
3333 4675 3486 4728 Gun-

1848 4777 2115 4836 dicarium
2162 4774 2609 4846 Burgundionum
2642 4783 2845 4840 regem,
2897 4768 3040 4822 intra
3085 4764 3284 4820 Gallias
3331 4761 3487 4817 habi-

1850 4871 2079 4933 tantem,
2127 4863 2316 4920 Aetius
2361 4860 2508 4917 bello
2565 4857 2823 4923 obtinuit,
2875 4867 3174 4926 pacemque
3239 4854 3358 4920 ejus
3421 4847 3488 4880 ³³⁸

1849 4952 2228 5025 supplicanti:
2293 4963 2400 5020 qua
2463 4962 2574 5004 non
2651 4945 2746 5001 diu
2805 4943 3012 5014 potitus
3057 4948 3160 5007 est,
3211 4939 3483 5009 siquidem

1847 5043 2000 5100 illum
2032 5041 2135 5098 Uni
2165 5053 2286 5095 cum
2317 5036 2522 5108 populo
2559 5047 2662 5090 suo
2689 5033 2862 5102 stirpe
2887 5031 3226 5087 deleverunt.

1923 5130 2048 5186 458.
2087 5128 2170 5183 l3.
2226 5128 2560 5198 [CCCCXXXVI]
2605 5120 2849 5194 (Pnosr.)
2899 5119 3179 5176 Hisidorus
3225 5121 3274 5172 et
3321 5115 3490 5171 Sent.-

1852 5224 1954 5276 tor.
1985 5218 2145 5275 Gothi
2178 5215 2328 5286 pacis
2357 5213 2556 5285 placita
2614 5211 2927 5281 pertubant,
2974 5215 3030 5265 et
3069 5206 3224 5276 plura
3255 5206 3489 5260 munici-

1490 5315 1710 5374 VARIE
1747 5317 2131 5375 LECTIONES.

208 5407 268 5440 '”
291 5408 400 5479 “(te
421 5433 437 5466 :
467 5413 853 5470 abscederent.
927 5375 995 5444 λυ
1026 5410 1255 5468 inaltum
1289 5409 1338 5466 1.
1415 5411 1480 5443 ³²δ

1511 5409 1662 5481 lege:
1695 5416 1966 5474 Mabortio
2006 5420 2063 5472 et
2089 5406 2794 5481 Galvione,gh_labortius_et
2817 5405 3028 5481 Galvio.

157 5473 197 5528 ι.
265 5473 580 5554 “insignis
607 5484 813 5540 vultum
851 5485 896 5537 ι.
973 5483 1036 5514 ⁸⁸⁷
1069 5480 1289 5536 dimidia
1321 5480 1458 5535 linea
1498 5473 1671 5538 uocat.
1747 5485 1812 5536 ."'
1834 5473 1949 5552 tege
1973 5506 1988 5538 :
2016 5483 2296 5551 iuvabant.
2361 5473 2437 5510 ’³η
2468 5479 2515 5532 ei
2548 5494 2592 5531 ε.
2627 5477 2778 5564 dedit
2811 5478 2896 5530 Pr.
2931 5523 2936 5528 .
