4000 6158
444 236 551 287 723

1855 241 2130 295 ΜΑΒΙΑΝΙ
2172 238 2400 294 SCOTTI

3708 226 3812 282 724

448 362 537 430 pia
565 361 744 417 vicina
772 362 999 419 sedibus
1026 363 1142 418 suis
1179 370 1472 434 occupant,
1504 364 1847 420 Narbonensi
1877 365 2085 435 oppido
2102 364 2403 434 Aprimum
2448 358 2894 432 superbissimam
2938 356 3189 413 heressin
3218 358 3231 421 ζ
3235 353 3579 425 apostolicus
3603 352 3819 424 gladius

450 453 681 507 maxime
747 451 954 508 infesti.
1021 454 1175 520 Quod
1242 467 1364 509 cum
1430 452 1525 508 diu
1591 454 1884 511 obsidione
1949 454 2090 510 fame

451 540 749 607 laboraret,
845 556 944 611 per
1017 541 1291 597 Laterium
1365 543 1621 598 comitem
1703 544 1773 599 ab
1854 549 2090 615 utroque

451 629 699 698 periculo
766 629 1057 685 liberatum
1138 637 1266 696 est;
1343 630 1617 699 siquidem
1694 647 1794 702 per
1844 632 2093 703 singulos

450 720 666 788 equites
722 717 867 774 binis
922 717 1090 773 tritici
1155 718 1335 773 modis
1389 719 1653 787 advectis,
1712 722 2091 778 strenuissime

449 805 640 862 hostes
691 806 748 862 in
795 805 975 877 fugam
1010 806 1192 872 vertit,
1244 814 1300 862 et
1346 807 1619 864 civitatem
1666 824 1882 867 annona
1928 811 2093 881 adju-

451 895 611 950 verit.

521 983 768 1038 459.14.
827 982 1177 1054 [ccccxxxvn]
1235 985 1478 1055 (Pnosr.)
1534 987 1751 1043 Aethius
1809 993 1859 1044 et
1913 989 2092 1058 Sigis-

452 1071 639 1128 vultus.
673 1070 880 1127 Bellum
918 1072 1178 1128 adversus
1211 1074 1438 1143 Gothos,
1473 1076 1646 1131 Hunis
1683 1077 2090 1143 auxiliantibus,

454 1162 681 1231 geritur.
716 1162 774 1216 In
812 1160 1011 1217 Al'frica
1053 1162 1317 1218 Gisiricus
1371 1177 1469 1218 rex
1523 1165 1909 1222 Wandalorum
1950 1168 2093 1223 intra

456 1250 814 1306 habitationis
841 1265 955 1306 sua
986 1250 1187 1306 limites
1233 1250 1423 1307 volens
1454 1253 1780 1311 catholicam
1826 1255 1987 1312 ﬁdem
2035 1258 2092 1312 in

456 1339 737 1395 Arrianam
783 1338 1119 1409 impietatem
1165 1339 1503 1407 subvertere,
1563 1343 1827 1412 quosdam
1868 1350 2092 1402 nostro-

459 1442 578 1484 rum
635 1428 929 1499 episcopos
985 1434 1216 1484 eotenus
1271 1435 1595 1499 persecutus
1631 1438 1732 1500 est,
1766 1437 1827 1489 ut
1854 1446 1952 1489 eos
1981 1434 2091 1504 pri-

447 1525 603 1574 vatos
662 1519 787 1587 jure
838 1517 1187 1572 basilicarum
1257 1531 1500 1588 suarum,
1556 1519 1718 1575 etiam
1776 1522 2091 1578 civitatibus

2172 452 2625 508 detruncavisset.
2658 450 2768 504 Pax
2797 460 2920 502 cum
2965 444 3158 502 Gothis
3184 443 3347 509 facta,
3387 457 3512 499 cum
3540 456 3665 498 eam
3696 450 3817 512 post

2170 541 2427 613 ancipitis
2463 552 2661 610 pugna
2707 534 3046 592 lacrimabile
3075 534 3512 603 experimentum
3555 530 3816 587 humilius

2172 646 2335 702 quam
2377 641 2614 699 unquam
2660 631 2822 682 antea
2862 623 3266 695 proposcisent.
3298 620 3455 678 Aetio
3494 621 3668 677 rebus
3694 634 3813 691 qua

2173 721 2229 776 in
2284 718 2468 776 Gallea
2532 714 3010 786 componebantur
3061 713 3299 778 intento,
3357 709 3697 776 Geisericus,
3748 709 3813 765 de

2173 811 2330 879 cujus
2378 806 2618 864 amicitia
2673 803 2811 860 nihil
2862 801 3229 868 metuebatur,
3269 799 3657 870 Carthaginem
3688 796 3815 853 dolo

2173 899 2326 969 pacis
2396 895 2624 959 invadit,
2689 905 2993 962 omnesque
3066 904 3203 961 opes
3271 903 3411 959 ejus,
3484 886 3816 945 excruciatis

2174 988 2391 1044 diverso
2422 990 2820 1042 tormentorum
2870 994 3075 1052 genere
3114 979 3359 1048 civibus,
3416 977 3474 1034 in
3521 977 3611 1033 ius
3638 975 3811 1047 suum]

2172 1077 2356 1133 vertit.
2387 1077 2499 1132 Nec
2528 1074 2597 1130 ab
2636 1071 3010 1130 acclesiarum
3066 1067 3458 1139 dispoliatione
3507 1065 3811 1131 abstinens,

2175 1179 2311 1236 quas
2392 1170 2448 1219 et
2502 1162 2677 1219 sacris
2739 1161 2912 1216 vassis
2967 1157 3272 1215 exinanitas
3344 1162 3401 1212 et
3463 1154 3812 1211 sacerdotum

2173 1252 2647 1310 administratione
2721 1250 2980 1321 privatas,
3038 1260 3149 1304 non
3200 1247 3312 1317 jam
3386 1243 3558 1301 divini
3636 1241 3815 1298 cultus

2173 1342 2315 1409 loca,
2355 1341 2453 1397 sed
2482 1353 2707 1396 suorum
2746 1339 2906 1409 jussit
2943 1350 3064 1392 esse
3119 1333 3452 1391 habitacula.
3484 1331 3726 1403 (Pnosr.)
3757 1332 3814 1387 1n

2173 1432 2485 1487 universum
2558 1426 2796 1498 capti[vi]
2885 1424 3076 1495 populi
3156 1423 3408 1480 ordinem
3471 1434 3656 1488 sevus,
3714 1418 3813 1475 sed

2171 1520 2433 1590 precipue
2493 1516 2767 1573 nobilitati
2833 1520 2889 1571 et
2943 1512 3199 1583 religioni
3254 1510 3520 1577 infensus,
3582 1515 3644 1565 ut
3702 1522 3814 1564 non

448 1606 701 1676 pelleret,
733 1620 857 1661 cum
886 1606 1131 1674 ipsorum
1180 1607 1541 1662 constantiam
1598 1608 1765 1665 nullis
1808 1611 2091 1680 superbis-
2169 1606 2597 1673 discerneretur,
2646 1604 2961 1662 hominibus
3004 1602 3176 1674 magis
3214 1599 3415 1671 [quam]
3456 1600 3569 1656 Deo
3608 1597 3816 1655 bellum

344 1756 359 1775 '
444 1694 570 1750 simi
616 1695 763 1765 regis
818 1694 1124 1750 terroribus
1170 1693 1449 1751 cederent.
1485 1696 1896 1754 Valentinianus
1923 1696 2443 1770 augu-Bintulisse.

443 1790 563 1838 stus
617 1782 687 1838 ad
761 1782 1127 1838 Theodosium
1190 1783 1495 1853 principem
1550 1787 2083 1858 Constantinopolim
2236 1785 2364 1851 462,
2429 1783 2512 1839 17.
2574 1781 2814 1852 [cccch]
2879 1781 3117 1851 (Paosr.)
3202 1776 3601 1833 Valentinianus
3652 1775 3713 1830 5.
3771 1780 3819 1830 et

442 1872 830 1944 proficiscitur,
876 1871 1151 1941 filiamque
1183 1873 1299 1941 ejus
1328 1873 1385 1928 in
1414 1874 1818 1931 matrimonium
1848 1878 2080 1948 accepit.
2165 1872 2467 1930 Anatolius.
2538 1870 2805 1928 Defuncto
2880 1869 3033 1925 Sixto
3108 1865 3394 1937 episcopo,
3451 1864 3525 1918 40
3580 1862 3821 1935 amplius

438 1960 641 2018 Eodem
702 1972 846 2014 anno
906 1959 1190 2028 piraticam
1256 1960 1476 2016 barbari
1534 1972 1925 2020 exercuerunt.
1982 1967 2086 2022 Per
2166 1964 2364 2020 diebus
2406 1964 2648 2019 Romana
2698 1957 2916 2016 aclesia
2963 1958 3084 2014 sine
3130 1957 3376 2015 antistite
3406 1954 3533 2022 iuit,
3564 1954 3819 2010 mirabile

438 2051 585 2107 idem
640 2055 857 2118 tempus
935 2056 1174 2118 quatuor
1238 2050 1465 2119 Hispani
1547 2051 1673 2121 viri,
1754 2054 2082 2120 Archadius,
2167 2066 2301 2124 pace
2339 2058 2505 2121 atque
2541 2048 2822 2120 patientia
2852 2046 3071 2102 diaconi
3108 2044 3309 2102 Leonis
3338 2051 3693 2113 exspectans,
3725 2044 3818 2112 qui

438 2138 670 2205 Probus,
746 2135 1070 2193 Paschasius
1166 2143 1223 2193 et
1296 2139 1563 2207 Euticius,
1652 2140 1857 2197 dudum
1938 2143 2082 2213 apud
2166 2148 2299 2198 tunc
2372 2141 2517 2195 inter
2588 2136 2803 2194 Aetium
2874 2140 3041 2204 atque
3114 2139 3171 2189 et
3232 2132 3489 2188 Albinum
3545 2131 3819 2186 amicitias

439 2224 774 2282 Geisericum
846 2225 1044 2280 merito
1128 2225 1416 2295 sapientia
1478 2234 1534 2283 et
1594 2228 1773 2285 fidelis
1830 2231 2083 2302 obsequii
2166 2228 2509 2300 integranda
2537 2225 2726 2283 Callia
2783 2223 3087 2281 detinebat.
3144 2224 3249 2277 Leo
3307 2220 3489 2290 igitur,
3557 2219 3816 2289 legatione

441 2314 688 2385 clarique
735 2313 1118 2383 habebantur;
1170 2328 1310 2385 quos
1348 2330 1445 2372 rex
1482 2322 1543 2372 ut
1571 2318 1942 2388 c0pulatiores
1977 2321 2083 2376 sibi
2161 2317 2376 2392 puplica
2430 2316 2655 2382 accitus,
2690 2318 2740 2369 et
2794 2311 3042 2382 gaudenti
3090 2310 3283 2382 patria
3334 2312 3694 2381 presentatus,
3725 2306 3811 2360 44.

440 2401 667 2467 faceret,
709 2402 767 2456 in
794 2402 1079 2457 Arrianam
1131 2409 1337 2458 sectam
1394 2404 1629 2459 transire
1688 2408 1957 2476 precepit.
2019 2410 2087 2463 At
2161 2422 2309 2479 papa
2379 2406 2628 2461 Romana
2709 2399 2927 2457 ecclesia:
3013 2403 3369 2465 consecratur,
3442 2396 3637 2453 sedens
3721 2409 3813 2466 per

442 2491 523 2546 illi
575 2491 682 2546 hoc
722 2488 935 2546 facinus
975 2492 1419 2547 constantissime
1469 2500 1815 2562 respuentes,
1847 2495 2084 2552 excitato

443 2579 501 2634 in
540 2572 940 2648 rapidisSimam
1000 2580 1135 2633 iram
1184 2580 1439 2647 barbaro,
1498 2580 1733 2650 primum
1765 2584 2084 2654 proscripti,

445 2665 646 2722 deinde
677 2665 843 2722 exilio
881 2667 1010 2735 acti,
1051 2681 1115 2722 ac
1163 2673 1498 2737 postremum
1540 2669 1773 2726 diversis
1818 2672 2089 2728 mortibus

445 2756 783 2824 interempti,
814 2754 1016 2811 illustri
1044 2756 1290 2812 martirio
1323 2758 1650 2814 mirabiliter
1685 2761 2085 2817 occubuerunt.

447 2847 589 2900 Puer
617 2850 820 2912 autem,
878 2844 1141 2900 Paulillus
1170 2846 1413 2913 nomine,
1475 2846 1645 2904 frater
1699 2850 1982 2905 Paschassi
2034 2855 2091 2906 et

448 2932 670 2999 Euticii,
698 2946 799 3002 pro
831 2932 1100 3003 elegantia
1143 2932 1333 2990 forma
1380 2940 1545 3005 atque
1573 2936 1759 3006 ingeni
1797 2937 2090 2994 admodum

2169 2509 2335 2551 annos
2381 2493 2472 2549 21.
2529 2489 2628 2562 (cf.
2670 2489 2707 2545 ι.
2733 2487 2890 2561 pont)
2941 2486 3251 2544 Geisericus
3296 2485 3539 2542 Siciliam
3580 2486 3810 2554 graviter

2169 2584 2437 2653 afﬂigens,
2481 2586 2716 2650 accepto
2772 2577 2968 2634 nuntio
3032 2575 3360 2641 Sebastiani,
3414 2574 3485 2629 ab
3550 2572 3810 2643 Hispania

2169 2672 2237 2729 ad
2279 2670 2527 2727 Aﬁ‘ricam
2586 2666 2840 2733 transito,
2899 2663 3156 2721 celeriter
3209 2662 3595 2732 Carthaginem
3654 2661 3811 2728 redit,

2170 2769 2322 2819 ratus
2350 2758 2723 2831 periculosum
2776 2756 2884 2813 sibi
2934 2768 2999 2811 ac
3050 2755 3166 2810 suis
3194 2751 3336 2821 fore,
3374 2754 3422 2808 si
3459 2752 3545 2807 vir
3574 2750 3816 2807 bellandi

2170 2850 2383 2923 peritus
2410 2846 2744 2917 recipienda
2773 2843 3047 2915 Cartagini
3085 2842 3428 2898 incubuisset
3470 2839 3709 2910 (Pnosr).

2241 2937 2368 2994 463.
2405 2937 2490 2993 18.
2524 2934 2788 3006 [eccam]
2859 2935 3100 3005 (Pnosr.)
3148 2934 3314 3002 Cyrus
3359 2931 3440 2985 uir
3495 2928 3817 2985 clarissimus

451 3019 569 3090 regi
634 3025 913 3088 acceptus,
973 3034 1096 3075 cum
1170 3035 1202 3076 a
1280 3020 1621 3091 professione
1676 3031 1840 3095 atque
1904 3040 2088 3083 amore
2114 3025 2370 3087 Cconsul.
2401 3023 2772 3081 Theodossius
2799 3023 3099 3092 imperator
3144 3019 3349 3076 bellum
3401 3022 3597 3074 contra
3635 3018 3819 3072 Wan—

454 3107 781 3163 chatbolica
820 3107 947 3162 ﬂdei
1004 3108 1170 3164 nullis
1224 3109 1386 3165 minis
1442 3112 1722 3181 pertubari
1769 3114 1963 3183 possit,
1995 3115 2089 3172 diu

457 3195 694 3251 fustibus
722 3208 911 3250 cessus
948 3201 1003 3251 et
1048 3197 1118 3251 ad
1147 3197 1387 3253 infimam
1440 3201 1758 3257 servitutem
1805 3204 2092 3260 damnatus

454 3290 574 3351 est;
644 3282 793 3350 ideo,
860 3290 921 3339 ut
985 3292 1235 3355 apparet,
1304 3300 1413 3343 non
1479 3289 1821 3360 interfectus,
1892 3305 1960 3348 ne
2021 3293 2091 3349 de

452 3377 713 3442 superata
766 3372 964 3441 peritia
1018 3374 1172 3444 impii
1235 3376 1399 3431 etiam
1446 3376 1539 3433 illa
1586 3384 1718 3434 atas
1763 3379 2094 3450 gloriaretur

453 3459 546 3531 (cf.
603 3461 853 3517 DIONYSII
910 3461 1060 3533 epist.
1118 3477 1209 3533 ap.
1268 3465 1477 3533 Petav.,
1523 3481 1579 3537 p.
1644 3467 1793 3532 874).
1862 3469 2094 3525 Sanctus

450 3548 673 3605 Cirillus
722 3548 1125 3607 Alexandrinus
1176 3552 1473 3623 episc0pus
1543 3555 1739 3612 ciclum
1797 3560 2092 3630 nonaginta

453 3638 697 3708 quinque
727 3652 993 3695 annorum
1047 3642 1351 3712 componit,
1392 3643 1665 3715 incipiens
1693 3646 1762 3701 ab
1792 3661 1936 3705 anno
1973 3648 2092 3704 153.

455 3726 777 3782 Diocletiani
808 3726 821 3787 (
832 3725 969 3797 133).
1300 3734 1303 3739 ‘
1816 3794 1819 3797 _

526 3811 653 3866 460.
702 3811 783 3867 15.
830 3813 1204 3884 [ccccxxxvm]
1259 3816 1505 3887 (lsmon.)
1561 3818 1878 3877 Theodosius
1931 3821 2013 3877 16.
2047 3828 2097 3880 et

460 3900 707 3954 Faustus.
738 3900 1017 3967 Diabolus,
1048 3902 1106 3957 in
1133 3904 1373 3971 speciem
1425 3906 1581 3962 Moisi
1623 3908 1814 3964 Judeis
1849 3909 1907 3965 in
1937 3912 2097 3967 Creta

460 3999 751 4055 apparens,
784 4001 883 4056 per
912 4002 1059 4044 mare
1089 3991 1229 4059 pede
1266 3993 1472 4049 siccato
1502 3995 1570 4050 ad
1600 4001 1801 4052 terram
1830 4000 2098 4067 repromi-

459 4075 635 4130 sionis
664 4088 761 4131 eos
780 4076 1084 4145 perducere
1113 4081 1466 4149 repromittit,
1498 4084 1596 4138 sed
1627 4084 1877 4154 plurimis
1902 4087 2098 4143 mersis

459 4170 516 4219 et
559 4165 789 4231 necatis,
838 4165 1037 4236 reliqui
1082 4168 1215 4223 salvi
1263 4168 1412 4239 facti,
1485 4172 1552 4227 ad
1618 4174 1820 4231 Christi
1866 4176 2095 4247 gratiam

458 4259 873 4312 convertuntur.

2172 3115 2328 3173 dalos
2372 3118 2574 3181 movet,
2630 3110 2935 3168 Ariobindo
2983 3118 3038 3165 et
3092 3108 3279 3164 Ansila
3325 3113 3492 3177 atque
3544 3108 3817 3162 Germano

2173 3203 2407 3259 ducibus
2457 3215 2581 3258 cum
2644 3213 2839 3270 magna
2911 3197 3085 3254 classe
3150 3196 3398 3261 directis,
3456 3193 3576 3266 qui,
3639 3194 3818 3265 longis

2173 3290 2618 3349 cunctationibus
2671 3288 2949 3358 negotium
3008 3285 3342 3351 differentes,
3392 3282 3597 3339 Sicilia
3651 3283 3820 3353 magis

2174 3380 2331 3438 oneri
2359 3392 2521 3450 quam
2549 3377 2764 3434 Aﬂ‘rica
2790 3375 3033 3446 presidio
3062 3374 3253 3442 fuere.;

2245 3469 2371 3524 464.
2445 3467 2529 3522 19.
2605 3465 2881 3537 [ccccxur]
2964 3466 3201 3535 (Pnosrn)
3256 3464 3541 3518 Dioscorus
3609 3466 3661 3515 et
3716 3462 3817 3516 Eu-

2175 3558 2385 3614 doxius.
2428 3556 2601 3612 Hunis
2644 3554 2865 3610 Tracias
2919 3558 2974 3608 et
3027 3552 3288 3608 llliricum
3332 3564 3460 3606 seva
3517 3549 3818 3621 depopula-

2175 3646 2327 3703 tione
2356 3644 2715 3710 vastantibus,
2747 3643 3021 3698 exercitus
3068 3641 3164 3711 qui
3219 3640 3277 3694 in
3328 3638 3517 3695 Sicilia
3555 3639 3813 3695 moraba-

2177 3741 2287 3800 tur,
2363 3734 2432 3789 ad
2516 3731 2893 3789 defensionem
2978 3728 3327 3786 orientalium
3410 3729 3811 3798 provinciarum

2178 3824 2490 3880 revertitur.
2552 3823 2686 3878 Cum
2749 3819 2993 3876 Ciserico
3059 3824 3242 3875 autem
3317 3823 3373 3873 et
3436 3817 3810 3874 Valentiniano

2178 3917 2408 3983 augusto
2448 3925 2553 3981 pax
2581 3909 2921 3974 conﬁrmata,
2964 3915 3020 3965 et
3050 3907 3218 3964 certis
3245 3906 3420 3978 spatis
3444 3904 3649 3963 Aifrica
3678 3908 3814 3963 inter

2179 4006 2473 4070 utrumque
2502 3999 2703 4054 divissa
2727 4005 2830 4054 est.

2247 4087 2373 4144 465.
2439 4086 2532 4141 20.
2602 4084 2899 4157 [cccchtn]
2986 4083 3227 4156 (Pnosr.)
3305 4082 3577 4143 Maximus
3646 4082 3699 4137 2.
3764 4089 3814 4137 et

2176 4178 2453 4232 Putemus.
2511 4177 2630 4231 Hoc
2679 4181 2929 4245 tempore
2995 4173 3264 4245 plurimos
3319 4172 3636 4229 Manicheos
3675 4173 3814 4229 intra

2178 4266 2378 4321 Urbem
2407 4264 2579 4320 latere
2624 4262 2910 4333 diligentia
2965 4276 3121 4334 papa
3176 4262 3380 4319 Leonis
3429 4261 3695 4329 innotuit,
3724 4259 3814 4331 qui

529 4342 653 4396 461.
707 4342 791 4399 16.
849 4343 1184 4417 [ccccxxxrx]
1240 4348 1481 4421 (Pnosr.)
1547 4351 1865 4409 Theodosius
1918 4353 1999 4410 17.
2050 4343 2277 4410 etDeos
2306 4354 2375 4409 de
2421 4352 2652 4409 secretis
2686 4351 2803 4408 suis
2840 4356 3028 4408 erutos
3065 4357 3122 4407 et
3167 4350 3345 4407 oculis
3384 4350 3558 4407 totius
3588 4350 3815 4407 aclesia

455 4432 662 4489 Festus.
702 4434 814 4488 Hac
862 4440 1186 4505 tempestate
1239 4438 1487 4495 Julianus
1522 4441 1852 4511 Athelensis,
1888 4444 2100 4513 jactan-

456 4520 702 4576 tissimus
756 4522 1034 4593 Pelagiani
1107 4526 1313 4581 erroris
1367 4534 1601 4595 asertor,
1661 4544 1823 4600 quem
1892 4530 2097 4586 dudum

458 4610 644 4667 amissi
696 4612 1048 4682 episcOpatus
1093 4615 1466 4685 intemperans
1512 4619 1715 4688 cupido
1764 4620 2095 4691 exagitabat,

459 4699 781 4756 multimoda
818 4707 934 4757 arte
962 4701 1185 4759 fallendi
1224 4707 1586 4763 correctionis
1602 4722 1756 4778 spem
1794 4707 2097 4778 preferens,

460 4790 684 4848 molitus
713 4798 798 4847 est
837 4792 893 4847 in
941 4794 1380 4851 communionem
1410 4796 1661 4853 ecclesia
1698 4798 1971 4867 irrepens.
2003 4799 2100 4854 His

456 4878 674 4936 insidiis
700 4881 887 4937 Xistus
933 4895 1073 4951 papa
1103 4883 1322 4939 diaconi
1350 4885 1552 4940 Leonis
1587 4890 1769 4941 ortatu
1811 4885 2101 4956 vigilanter

457 4970 790 5040 [occurens],
859 4969 1068 5026 nullum
1140 4971 1387 5028 additum
1466 4972 1743 5042 pestiferis
1807 4975 2097 5031 conatibus

451 5064 639 5129 patere
690 5057 989 5128 permissit.
1020 5060 1088 5115 Et
1123 5060 1201 5116 ita
1247 5073 1439 5117 omnes
1485 5062 1789 5129 chatolicos
1836 5063 1906 5119 de
1952 5069 2096 5120 rete-

448 5148 635 5205 ctione
698 5146 910 5204 fallacis
973 5148 1166 5206 bestia
1250 5149 1516 5221 gauderet
1578 5150 1663 5221 ³³⁰,
1738 5151 1895 5223 quasi
1961 5157 2093 5209 tunc

2181 4442 2509 4513 puplicatos,
2540 4454 2732 4498 omnes
2760 4441 3030 4512 dogmatis
3049 4440 3135 4497 sui
3165 4439 3543 4511 turpitudines
3562 4440 3814 4496 damnare

2180 4531 2312 4588 fecit
2337 4536 2394 4587 et
2421 4531 2680 4601 prodere,
2712 4530 2957 4586 incensis
2985 4543 3177 4586 eorum
3207 4529 3515 4586 codicibus.

2250 4620 2377 4676 466.
2424 4618 2517 4675 21.
2579 4619 2871 4691 [cccchiv]
2942 4619 3177 4690 (Pnosr.)
3246 4618 3567 4675 Theodosius
3627 4618 3707 4674 18.
3768 4624 3817 4672 et

2179 4708 2417 4766 Albinus.
2457 4710 2575 4766 Hoc
2619 4721 2764 4765 anno
2811 4708 3013 4779 pascha
3065 4708 3434 4781 [dominicum]
3486 4708 3816 4765 celebratum

2181 4804 2265 4855 est
2289 4799 2345 4854 9.
2378 4798 2496 4854 Kal.
2528 4797 2672 4868 Maii,
2722 4811 2827 4854 nec
2869 4802 3110 4854 erratum
3156 4803 3297 4865 erat,
3347 4798 3477 4868 quia
3514 4799 3575 4854 in
3613 4799 3699 4855 die
3732 4796 3816 4851 ll.

2180 4887 2410 4943 Kalend.
2461 4886 2758 4943 earundem
2819 4886 2940 4942 dies
2995 4885 3270 4956 passionis
3335 4885 3479 4955 fuit;
3540 4888 3616 4943 ob
3668 4888 3822 4956 cujus

2178 4976 2538 5033 reverentiam
2590 4975 2789 5032 natalis
2849 4974 3004 5032 urbis
3052 4976 3242 5031 Roma
3298 4975 3420 5032 sine
3471 4974 3823 5032 Circensibus

2176 5065 2393 5121 transit.
2439 5094 2512 5105 —
2559 5064 2758 5135 Incipit
2803 5062 3037 5134 epistola
3094 5063 3401 5120 Pascassini
3449 5064 3696 5134 episcopi
3755 5061 3825 5118 ad

2176 5168 2370 5224 papam
2417 5156 2677 5221 Leonem,
2729 5152 3016 5223 jubentem
3069 5151 3177 5209 sibi
3244 5151 3477 5209 rescribi
3534 5152 3829 5224 questioue

1812 5251 2036 5308 VARUS
2073 5251 2460 5308 LECTIONES.

529 5315 593 5348 ⁸³⁸
621 5314 861 5387 gaudere
893 5314 1025 5373 fecit
1051 5318 1145 5374 Pr.

538 5493 679 5563 (133)
722 5492 803 5550 Cf.
835 5494 997 5551 etiam
1030 5495 1318 5569 prologum
1356 5501 1414 5554 et
1442 5495 1730 5568 epistolam
1760 5496 1934 5568 ipsius
1961 5411 2323 5570 Cyﬁﬁirﬁud
2352 5496 2653 5566 Patavium,
2684 5510 2740 5569 p.
2771 5494 2901 5553 881.
