4000 6158
187 202 287 257 7%

1446 211 1852 267 CHRONICON.
1893 241 1964 250 —
2005 211 2128 264 LIB.
2171 210 2261 263 111.

3429 221 3538 274 726

184 334 298 396 orta
328 329 415 399 [de
452 331 648 388 eodem
675 333 836 403 anno]
865 353 878 388 :
935 352 963 385 «
1003 335 1232 391 Domino
1269 335 1387 390 viro
1423 340 1615 390 sancto
1643 339 1808 404 atque
1826 337 1880 396 A
1898 332 2145 398 iensione
2164 332 2473 390 chatholica
2492 349 2592 404 per
2609 335 2840 406 injurias
2856 339 3206 408 gravissimas
3226 342 3532 401 deﬂ'ecisse'

185 417 495 476 beatissimo
527 441 554 471 ι
690 421 848 494 (134)
894 441 923 475 α
971 425 1091 480 Non
1141 437 1243 479 nos
1285 423 1405 479 dies
1450 437 1556 478 una
1595 423 1813 495 longius

186 507 384 576 possim
427 514 633 564 terreat
683 528 712 562 »
770 517 827 566 et
869 511 1101 582 reliqua,
1143 526 1266 582 quae
1320 512 1378 567 in
1428 524 1572 567 anno
1617 512 1700 565 ll.
1749 512 1808 544 δι’

185 595 407 652 Honorii
445 596 515 652 de
562 597 664 654 hac
721 599 954 668 epistola
999 600 1355 671 prediximus.
1394 602 1582 656 Annus
1626 601 1811 671 itaque

181 682 300 736 417.
341 683 737 741 incarnationis
782 688 1084 743 secundum
1130 688 1461 744 Dionissium
1509 693 1593 743 est
1636 702 1812 744 annus

179 771 230 826 9.
259 772 324 803 ³³²
362 775 612 841 Honorii,
644 781 700 830 et
726 790 904 832 annus
930 777 1056 844 444,
1087 778 1484 834 incarnationis
1509 779 1808 835 secundum

159 860 506 921 Dionissium
544 869 631 918 est
664 877 842 920 annus
874 865 979 935 [21.
1021 865 1357 936 Theodosii].

240 950 370 1004 467.
409 951 500 1005 22.
537 952 552 1023 [
591 951 855 1024 CCCCXLv]
891 953 990 1025 (cf.
1039 954 1078 1009 ι.
1107 954 1266 1026 Pent)
1327 953 1721 1011 Valentinianus
1753 956 1806 1011 6.

175 1043 220 1094 et
246 1039 473 1095 Nonius.
508 1041 616 1097 Leo
654 1040 942 1097 constituit
979 1043 1035 1098 in
1075 1043 1239 1098 missa
1276 1041 1462 1098 dicere
1496 1063 1522 1092 α
1552 1043 1808 1100 Sanctum

172 1127 499 1185 sacriﬁcium
547 1129 942 1187 immaculatam
982 1132 1254 1198 hostiam;
1309 1152 1337 1182 »
1387 1139 1443 1188 et
1489 1134 1807 1190 monacham

173 1229 278 1272 non
344 1217 598 1288 accipere
643 1219 889 1276 velamen
937 1221 1134 1291 capitis
1178 1221 1530 1278 benedictum
1578 1223 1647 1278 ab
1685 1224 1812 1293 epi-

169 1320 382 1377 scopo,
457 1308 591 1364 nissi
666 1309 819 1380 prius
890 1309 1056 1366 fuerit
1131 1311 1415 1382 virginitas
1488 1314 1608 1382 ejus
1682 1327 1810 1384 pro-

169 1396 314 1450 bata.

233 1481 364 1538 468.
396 1483 485 1540 23.
523 1486 818 1556 [ccccnvr]
847 1486 1069 1558 (Βεω.)
1098 1487 1286 1543 Ethius
1303 1487 1358 1543 3.
1381 1493 1430 1544 et
1457 1490 1803 1546 Simmachus.

166 1570 399 1627 Brittani
429 1586 460 1627 a
488 1574 668 1630 Scotis
696 1580 753 1629 et
781 1575 953 1629 Pictis
998 1581 1350 1645 superantur.
1391 1577 1539 1643 Quos
1582 1578 1804 1647 subjec-

2165 422 2310 492 [Cod.
2340 422 2396 477 in
2424 438 2614 492 marg.,
2646 424 2831 480 Ciclus
2864 426 2999 482 solis
3028 428 3265 499 incipit.]

1965 509 2090 566 470.
2158 509 2248 565 25.
2317 510 2651 583 [CCCCXLvm]
2735 516 2967 584 tPnosr.)
3043 518 3409 573 Postumianae
3485 528 3533 575 et

1896 600 2064 653 Zeno.
2124 598 2496 656 Theodossius
2544 602 2842 669 imperator
2873 617 2971 672 pro
3003 603 3340 661 deﬂensione
3376 609 3533 662 Euti-

1895 687 2034 741 cetis
2073 689 2309 742 Leonem
2360 703 2552 758 papam
2605 689 2764 744 Urbis
2818 691 2886 746 ad
2925 706 2984 746 se
3020 700 3196 748 vocat.
3245 695 3348 761 Qui
3404 695 3531 750 dum

1892 775 1973 830 ire
2002 775 2186 842 vellet,
2227 791 2259 831 a
2299 777 2504 847 populo
2536 777 2868 848 prohibitus,
2919 782 3259 850 presbiteros
3306 791 3360 839 et
3414 784 3532 838 dia-

1893 876 2061 918 cones
2091 863 2313 919 direxit.

1961 950 2088 1004 471.
2117 951 2207 1006 26.
2255 952 2546 1023 {caecum}
2601 956 2852 1027 (Puosr.)
2904 959 3146 1013 Aslurius
3191 964 3238 1014 et
3285 962 3530 1029 Protoge-

1891 1055 2000 1095 nes.
2027 1041 2228 1096 Iterum
2261 1043 2437 1097 vocati
2467 1044 2727 1100 chatolici
2766 1047 3048 1103 audiendi.

1961 1129 2087 1184 472.
2143 1128 2234 1185 27.
2298 1130 2504 1201 [CCCCL]
2585 1132 2974 1190 Valentinianus
3037 1135 3090 1190 6.
3129 1131 3208 1190 ἐι
3281 1136 3528 1194 Abienus.

1891 1218 2195 1274 Concilium
2250 1217 2305 1273 in
2372 1219 2620 1289 Ephesso
2687 1220 2828 1291 (135)
2895 1231 3087 1278 contra
3149 1224 3530 1280 Eutichianum

1891 1307 2291 1377 presbyterum,
2338 1309 2433 1376 qui
2484 1309 3016 1379 Constantinopolim
3066 1314 3404 1369 monasterio
3443 1329 3532 1370 ce-

1889 1393 2184 1450 leberrimo
2225 1396 2558 1464 presidebat,
2593 1397 2785 1452 dicens
2827 1399 3114 1455 Dominum
3155 1407 3364 1456 tantum
3412 1417 3531 1457 esse

1889 1482 2185 1548 Christum,
2217 1497 2329 1540 non
2359 1484 2656 1540 hominem.
2713 1487 2769 1540 ln
2817 1500 2927 1555 quo
2977 1487 3215 1544 Hilarius
3265 1489 3532 1546 diaconus

1889 1586 2013 1628 cum
2040 1572 2186 1628 Julio
2216 1573 2478 1642 episcopo
2518 1573 2783 1629 Putelano
2813 1574 2930 1630 vice
2960 1590 3117 1645 papa:
3150 1578 3349 1632 Leonis
3377 1577 3527 1632 missi

164 1658 373 1715 tionem
411 1662 671 1717 Romanis
710 1676 811 1732 pro
841 1663 1045 1719 auxilio
1103 1663 1489 1733 promittentes
1527 1666 1689 1721 missa
1732 1655 2128 1722 le-Bfuel‘unl.
2167 1661 2268 1726 Qui
2324 1660 2591 1718 diaconus
2647 1664 2777 1731 quia
2833 1676 2934 1731 pro
2992 1664 3192 1718 violata
3247 1664 3354 1720 ﬁde
3411 1664 3526 1720 illic

158 1747 245 1817 gio
272 1749 542 1816 liberans,
570 1752 766 1807 Scotos
794 1765 826 1807 a
854 1751 1117 1808 Brittania
1146 1753 1416 1822 projecit;
1479 1768 1543 1809 ac
1581 1755 1801 1810 domum

160 1850 448 1893 reversura
487 1840 737 1910 precepit
783 1839 1062 1907 Brittanis,
1112 1855 1325 1897 murum
1373 1850 1524 1898 trans
1569 1844 1800 1898 insulam

157 1923 304 1981 inter
362 1926 472 1983 duo
503 1927 673 1983 maria
728 1934 991 1984 statuere.
1039 1930 1157 1996 Quo
1196 1929 1393 1998 cispite
1431 1931 1602 2002 magis
1637 1946 1798 2001 quam

159 2012 342 2083 lapide
381 2021 725 2083 constructo,
777 2021 838 2072 ut
889 2017 1166 2074 dicessere
1223 2017 1474 2084 Romani,
1530 2021 1679 2076 Scoti
1709 2019 1802 2075 ad-

158 2101 296 2157 vecti
333 2103 389 2160 in
433 2105 682 2172 navibus,
722 2106 1054 2163 Brittanicos
1082 2107 1239 2177 quasi
1275 2113 1540 2163 maturam
1569 2110 1799 2178 segitem

152 2191 444 2250 obviantes
497 2195 606 2250 sibi
661 2196 902 2261 caedunt,
961 2196 1196 2262 calcant,
1256 2197 1542 2254 devorant.
1596 2201 1798 2255 Iterum

144 2282 366 2348 petenti
429 2282 497 2314 ⁸³³
551 2282 752 2337 auxilia
796 2283 1026 2338 Romani
1088 2291 1395 2350 recurrant,
1464 2292 1520 2340 et
1582 2287 1800 2343 Scottos

141 2368 366 2440 fugant,
427 2374 486 2424 et
542 2383 666 2424 eum
703 2370 966 2425 Brittanis
1018 2384 1233 2426 murum
1275 2372 1422 2428 inter
1457 2375 1625 2430 urbes
1668 2391 1800 2433 saxo

144 2457 396 2513 solidum
451 2471 482 2512 a
542 2471 691 2513 mare
747 2473 921 2529 usque
977 2459 1045 2514 ad
1104 2473 1251 2514 mare
1308 2460 1602 2530 collocant,
1652 2471 1709 2519 et
1744 2465 1800 2520 in

145 2547 344 2602 littore
374 2545 667 2602 meridiani
710 2547 898 2614 maris,
947 2547 1094 2604 unde
1141 2548 1330 2604 hostes
1376 2551 1798 2620 metuebantur,

149 2642 338 2690 turres
376 2648 479 2705 per
514 2635 800 2691 intervalla
839 2637 906 2692 ad
949 2643 1300 2707 prospectum
1338 2639 1506 2694 maris
1532 2647 1797 2698 statuunt.

151 2722 471 2779 Recedente
509 2737 641 2779 vero
683 2738 714 2779 a
752 2725 994 2780 Britania
1048 2727 1295 2782 Romano
1343 2728 1610 2795 exercitu,
1650 2730 1801 2785 Scoti

152 2819 204 2868 et
242 2810 384 2867 Picti
435 2811 691 2879 redeunt,
746 2819 802 2869 et
849 2818 1019 2869 totam
1067 2813 1386 2870 Brittaniam
1425 2817 1494 2871 ab
1540 2818 1800 2886 aquilone

153 2914 308 2955 muro
332 2907 498 2956 tenus
526 2906 582 2956 et
617 2901 739 2970 ipso
769 2901 1080 2971 interrupto
1127 2903 1372 2970 capiunt.
1407 2904 1636 2960 Brittani
1666 2920 1796 2961 vero

152 2988 868 3058 epistolamlacrimabilem
905 2970 1262 3056 adiEthium,
1304 2993 1564 3048 Romanae
1613 2970 1860 3062 potes-C

150 3077 272 3133 tatis
299 3078 502 3146 virum,
534 3084 620 3134 ter
647 3078 951 3144 consulem,
985 3078 1230 3143 mittunt,
1264 3093 1411 3136 anno
1451 3078 1540 3135 23.
1573 3081 1792 3151 imperii

151 3161 468 3233 Theodosii,
500 3166 596 3223 sed
629 3180 730 3222 nec
759 3167 1022 3223 auxilium
1051 3167 1370 3237 impetrant.
1423 3170 1796 3226 Revertuntur

150 3255 369 3312 domum
415 3255 585 3322 Scoti,
621 3260 677 3311 et
707 3263 830 3325 post
868 3269 979 3312 non
1010 3255 1239 3311 multum
1271 3263 1488 3326 tempus
1519 3259 1790 3314 reversuri

150 3344 300 3409 Picti,
343 3349 646 3400 extremam
693 3344 973 3400 Brittaniae
1031 3351 1240 3413 partem
1300 3352 1412 3400 tum
1465 3346 1696 3415 primum
1737 3355 1792 3402 et

151 3432 414 3504 deinceps
475 3432 790 3488 inabitaturi
847 3432 912 3464 '“
972 3432 1244 3488 detinent.
1313 3433 1557 3489 Brittani-
1609 3442 1790 3490 autem

153 3523 408 3578 unanimo
437 3521 671 3578 consilio
701 3536 823 3577 cum
875 3535 1004 3591 rege
1041 3533 1143 3576 suo
1192 3521 1520 3590 Vertigerno
1563 3522 1788 3592 Anglos,

151 3611 296 3680 quasi
327 3608 657 3666 defensores
685 3609 898 3680 patriae,
929 3609 998 3664 ad
1029 3623 1088 3664 se
1119 3609 1434 3664 invitandos
1481 3609 1786 3680 elegerunt.

151 3698 246 3754 Sed
277 3707 546 3768 exceptos
571 3697 982 3768 impugnatores
1005 3701 1318 3762 senserunt,
1351 3697 1583 3752 conficta
1621 3712 1788 3753 occa-

152 3787 298 3843 sione
368 3786 519 3856 quod
584 3799 686 3857 pro
751 3800 811 3841 se
877 3785 1238 3841 militantibus
1303 3785 1554 3842 Britones
1609 3786 1790 3842 minus

153 3875 510 3933 sufﬁcientius
535 3875 832 3946 stipiendia
863 3875 1076 3931 darent.

215 3965 337 4021 469.
374 3965 465 4020 24.
512 3963 827 4035 [CCCCXLVII]
871 3962 1122 4034 (Puosr.)
1181 3961 1384 4018 Atibius
1441 3970 1489 4020 et
1535 3963 1786 4020 Ardabu-

154 4066 247 4110 res.
297 4054 544 4111 Euticies
594 4053 966 4109 heressiarces
1020 4053 1528 4123 Constantinopolis
1580 4054 1785 4124 presbi~

156 4148 250 4209 ter,
280 4143 456 4199 fretus
491 4142 796 4199 Theodossi
841 4141 1058 4212 augusti
1109 4142 1385 4208 amicitiis,
1435 4149 1665 4198 conatus
1703 4149 1788 4198 est

125 4234 259 4288 “non
297 4232 600 4304 perfectum
657 4232 935 4288 hominem
990 4232 1046 4285 in
1102 4231 1320 4287 Christo
1376 4246 1621 4287 asserere
1678 4231 1779 4296 ³³⁸ς

156 4327 340 4377 contra
396 4336 556 4393 quem
608 4321 913 4388 Flavianus,
971 4320 1216 4390 ejusdem
1256 4320 1410 4375 urbis
1465 4322 1779 4390 episcopus,

155 4410 473 4481 suscipiens,
541 4425 666 4467 cum
729 4409 1112 4466 sacerdotibus
1167 4409 1284 4464 suis
1335 4409 1622 4465 damnatus
1677 4416 1782 4475 est,

156 4505 370 4556 auctore
399 4500 662 4556 Dioscoro
707 4497 1050 4554 Alexandriae
1081 4497 1236 4553 urbis
1264 4497 1549 4566 episc0po.
1583 4499 1782 4552 Contra

159 4599 307 4655 quem
328 4602 468 4659 papa
490 4590 598 4645 Leo
628 4588 804 4643 missit
821 4587 1164 4657 episcopum,
1189 4584 1554 4655 presbiterum
1585 4591 1640 4640 et
1670 4584 1786 4639 dia-

158 4687 366 4744 conum,
396 4677 491 4748 qui
518 4677 773 4747 injuriam
804 4675 949 4746 passi
979 4674 1289 4730 Flavianum
1320 4673 1574 4729 nuntiant
1604 4674 1658 4727 in
1690 4673 1784 4727 de-

1885 1747 2134 1802 clamavit
2187 1762 2287 1818 pro
2327 1749 2506 1805 anima
2553 1765 2650 1806 sua
2689 1751 2923 1806 latenter
2968 1751 3106 1822 fugit
3147 1752 3230 1822 [ad
3271 1754 3519 1818 Romam]

1883 1833 1966 1888 ³³⁶.
2034 1837 2272 1909 tPnosr.)
2338 1840 2707 1896 Theodossius
2779 1839 3079 1909 imperator
3141 1855 3262 1896 cum
3330 1855 3522 1911 magna

1885 1936 2083 1994 pompa
2111 1938 2142 1978 a
2173 1925 2410 1982 Placidia
2440 1935 2496 1984 et
2534 1930 2716 1984 Leone
2762 1943 2884 1983 cum
2932 1928 3080 1984 omni
3110 1936 3303 1984 senatu
3342 1930 3522 1986 dedu-

1883 2020 2006 2067 ctus
2033 2018 2136 2079 est,
2160 2022 2215 2069 et
2242 2016 2298 2070 in
2329 2016 2606 2072 mausoleo
2636 2016 2703 2071 ad
2734 2017 3041 2086 apostolum
3075 2019 3289 2073 Petrum
3322 2018 3525 2087 depos-

1882 2100 2021 2156 situs
2050 2110 2153 2154 est.
2186 2106 2210 2129 ί

2060 2172 2086 2196 *
2120 2177 2229 2228 Hoc
2257 2173 2368 2228 loco
2399 2173 2547 2228 addit
2576 2174 2647 2228 2:
2710 2176 2883 2243 Hujus
2921 2175 3216 2230 Theodosii
3249 2183 3518 2244 tempore,

2095 2243 2334 2300 concilio
2398 2244 2542 2313 apud
2605 2244 3024 2315 Charthaginem
3079 2246 3148 2300 ab
3199 2243 3522 2314 impiiSsimo

2098 2316 2375 2371 Honorico
2433 2315 2821 2371 Wandalorum
2889 2330 3016 2385 rege
3083 2316 3271 2370 habito
3338 2323 3522 2370 tantus

2094 2388 2473 2452 Theonestus,
2541 2401 2663 2442 cum
2729 2387 2822 2442 alii
2859 2387 3086 2441 sedibus
3140 2400 3362 2455 quoque
3407 2387 3525 2441 suis

2095 2458 2342 2527 episcopi
2393 2457 2748 2526 pellerentur,
2805 2473 2836 2512 a
2891 2457 3157 2527 Philippis
3206 2457 3356 2512 sedis
3408 2472 3521 2512 suae

2097 2530 2231 2584 urbe
2282 2528 2564 2597 depulsus,
2613 2544 2734 2584 cum
2784 2537 3022 2599 quatuor
3069 2527 3358 2596 discipulis
3404 2528 3520 2599 suis

2098 2600 2556 2669 peregrinationis
2649 2598 2816 2655 causa
2922 2614 3019 2654 seu
3124 2598 3522 2654 consolationis

2099 2670 2466 2739 percipiendae
2549 2671 2721 2739 gratia
2795 2672 3019 2726 Romam
3094 2670 3196 2724 sub
3270 2678 3518 2738 tempore

2099 2741 2297 2797 Leonis
2354 2755 2509 2810 papae
2563 2741 2732 2796 venit.
2780 2743 2823 2795 A
2870 2755 2979 2810 quo
3019 2739 3392 2795 favorabiliter
3427 2754 3520 2794 su-

2094 2820 2337 2880 sceptus,
2371 2817 2426 2866 et
2470 2811 2788 2881 aliquandiu
2837 2812 2913 2866 ibi
2957 2816 3344 2875 commoratus,
3388 2810 3514 2881 inde

2093 2883 2160 2937 ad
2195 2879 2431 2937 beatum
2487 2879 2832 2937 Ambrosium
2889 2882 3346 2937 Mediolanensem
3403 2879 3515 2949 epi-

2091 2967 2318 3022 scopum
2358 2953 2662 3006 contendit.
2705 2953 2782 3007 Ab
2811 2953 2933 3022 ipso
2983 2966 3202 3021 quoque
3233 2951 3513 3022 caritative

2089 3021 2399 3092 susCeptus,
2421 3022 2730 3078 Theodosio
2758 3021 2992 3092 principi
3025 3030 3153 3078 tunc
3184 3022 3260 3077 ibi
3292 3021 3512 3091 degenti

2090 3109 2189 3164 per
2247 3095 2422 3162 ipsum
2481 3101 2565 3148 est
2621 3101 3004 3162 praesentatus,
3046 3101 3101 3149 et
3156 3094 3224 3148 ab
3263 3094 3512 3162 utrisque

2089 3172 2364 3233 postremo
2424 3165 2478 3218 in
2545 3179 2679 3234 pace
2737 3166 3014 3221 dimissus.
3082 3165 3215 3220 Inde
3291 3164 3514 3219 advenit

2088 3236 2422 3292 Vindelicam
2478 3235 2704 3304 primam
2773 3237 3001 3290 Rhmtize
3062 3236 3251 3289 urbem
3307 3238 3517 3303 Augus-

2086 3315 2213 3370 tam,
2248 3307 2338 3361 ubi
2370 3313 2424 3360 et
2457 3320 2648 3373 passus
2677 3313 2759 3360 est
2788 3321 2931 3360 unus
2969 3319 3034 3359 ex
3063 3304 3351 3372 discipulis
3395 3305 3515 3370 ejus

2085 3380 2272 3432 Ursus.
2306 3375 2605 3430 Discedens
2643 3389 2773 3444 ergo
2831 3375 2982 3438 inde,
3031 3375 3180 3444 venit
3227 3373 3296 3428 ad
3330 3373 3506 3444 Sigis-

2085 3447 2344 3502 mundum
2386 3458 2568 3513 regem
2597 3443 2973 3513 Allobrogum,
3015 3450 3070 3498 et
3099 3443 3166 3513 ab
3215 3455 3281 3497 eo
3328 3443 3512 3496 Trevi-

2084 3531 2298 3570 rensem
2357 3512 2683 3579 Paulinum,
2752 3512 2991 3580 indeque
3050 3512 3264 3581 navigio
3321 3513 3511 3581 urbem

2082 3587 2196 3640 adit
2226 3585 2651 3656 Mogontiacum.
2689 3583 2812 3647 Ubi,
2855 3589 3051 3656 contra
3099 3580 3376 3636 hereticos
3401 3580 3517 3656 ior-

2081 3657 2290 3711 tissime
2318 3652 2463 3710 'saua
2520 3653 2816 3708 dimicante
2875 3653 3147 3718 doctrina,
3208 3652 3511 3706 secundum

2082 3727 2308 3796 reliquit
2347 3724 2678 3796 discipulum
2727 3724 3016 3796 Albanum,
3058 3724 3306 3779 martirio
3343 3722 3515 3778 veris-

2079 3795 2220 3854 sime
2244 3812 2414 3867 super
2443 3797 2618 3851 nivem
2651 3795 2985 3851 dealbatum.

1939 3880 2284 3934 Romanorum
2340 3877 2430 3930 53.
2487 3876 2791 3930 Marcianus
2839 3875 3120 3930 secundum
3156 3872 3290 3930 alios
3326 3888 3514 3943 regna-

1865 3968 1935 4023 vit
1986 3968 2139 4024 annis
2185 3968 2240 4022 7.
2281 3967 2443 4036 juxta
2487 3971 2659 4020 autem
2704 3980 2824 4019 eum
2862 3965 2949 4035 qui
2995 3965 3214 4019 historia
3247 3968 3368 4018 tunc
3397 3977 3514 4018 con-

1862 4058 2072 4128 scripsit
2115 4055 2270 4128 (136)
2307 4056 2458 4111 annis
2497 4056 2550 4121 8,
2579 4054 2858 4110 secundum
2905 4053 3176 4108 historiam
3213 4053 3510 4108 Romanam

1863 4146 2022 4200 annis
2057 4146 2114 4211 7,
2148 4145 2428 4201 mensibus
2457 4143 2510 4207 2,
2546 4143 2651 4198 hoc
2700 4147 2785 4198 est
2819 4157 2990 4212 usque
3038 4141 3194 4211 quasi
3236 4140 3509 4195 Kalendas

1865 4233 2015 4299 Julii,
2067 4233 2123 4288 in
2179 4246 2322 4288 anno
2379 4232 2502 4286 445.
2565 4236 2688 4300 post
2745 4230 3073 4298 passionem.
3132 4227 3242 4282 Sub
3294 4239 3404 4296 quo
3457 4226 3514 4280 hi

1868 4321 2122 4376 consules
2152 4320 2392 4384 fuerunt,
2433 4325 2574 4374 teste
2604 4316 2954 4373 Cassiodoro.

1935 4408 2061 4462 473.
2119 4409 2164 4462 1.
2229 4407 2452 4477 [ϐραδυ]
2519 4405 2753 4476 (Puosr.)
2811 4402 3116 4458 Marcianus
3178 4405 3227 4454 et
3281 4397 3514 4469 Adet/ius

1880 4499 1934 4551 ν.
1967 4499 2040 4560 C.
2069 4499 2252 4566 Pugna
2280 4495 2421 4550 facta
2451 4495 2506 4550 in
2537 4494 2702 4549 Gallis
2733 4493 2877 4547 inter
2905 4490 3117 4546 Aetium
3149 4495 3203 4543 et
3233 4486 3506 4542 Atilanum

1867 4599 2050 4656 regem
2090 4586 2373 4640 Hunorum
2415 4597 2538 4638 cum
2582 4581 2867 4650 utriusque
2916 4577 3106 4651 populi
3160 4575 3294 4633 cede
3342 4574 3506 4631 Attila

1868 4673 2082 4744 fugatus
2111 4680 2195 4727 est
2224 4673 2278 4728 in
2312 4671 2511 4727 Gallias
2538 4671 2874 4740 superiores.

1504 4789 1725 4843 VARle
1762 4789 2145 4844 LECTIONES.

220 4887 279 4919 “'
309 4888 457 4958 leae:
490 4891 580 4946 ix.
655 4888 720 4921 ω
748 4889 1008 4960 x1._corr-
1040 4888 1128 4942 IX-
1168 4887 1217 4960 ιι
1261 4885 1356 4960 _'f'
1385 4891 1608 4960 petente
1638 4885 1691 4940 2-
1719 4885 1821 4960 ubi
1849 4885 1978 4951 hac,
2009 4883 2443 4960 mmmam“!
2488 4886 2705 4945 τηυταω»
2749 4886 2799 4935 ει
2848 4878 3028 4960 multis.
3065 4892 3134 4960 ςδαῑ
3179 4875 3354 4960 βεάίε.
3382 4873 3504 4960 ’ἔέπέ

157 4972 238 5013 ccc
263 4962 312 5026 Ι,
353 4945 414 5015 ῑ2
439 4976 552 5031 sqq.
584 4960 800 5031 additis,
832 4958 1088 5028 teguntur.
1163 4957 1228 4990 m
1255 4945 1556 5012 inhabitari
1594 4957 1639 5011 l.
1717 4956 1781 4988 ³³⁵
1812 4945 1995 5012 assere
2032 4955 2078 5010 l.
2157 4955 2221 4987 ³³⁸
2251 4957 2364 5010 Hoc
2391 4954 2504 5010 loco
2542 4968 2703 5008 novas
2732 4965 2898 5006 annus
2926 4947 3224 5020 incipiebat,
3262 4945 3356 5001 sed
3391 4945 3507 5014 jam

158 5032 345 5086 numeri
374 5037 423 5088 et
452 5030 690 5087 consules
716 5032 860 5086 erasi
885 5035 1024 5085 sunt.

1712 5115 1928 5171 NOTE.

224 5215 363 5286 (I34)
423 5219 611 5273 Exstat
667 5217 723 5271 in
754 5215 883 5272 eod.
943 5213 1212 5279 Parisino,
1253 5213 1381 5286 olim
1449 5220 1508 5268 ut
1571 5212 1789 5286 videtur

161 5283 487 5356 Moguntina,
519 5288 784 5357 impressa
822 5287 967 5342 inter
1011 5288 1067 5341 S.
1110 5285 1307 5340 Leonis
1335 5286 1376 5340 1.
1418 5298 1573 5355 epp.,
1605 5298 1660 5339 n.
1692 5283 1783 5338 64.

163 5370 317 5425 quam
356 5359 444 5416 hic
473 5359 829 5416 omittendam
859 5359 1192 5414 censuimus.

230 5427 374 5497 (135)
413 5430 602 5486 Potius
635 5428 1001 5488 Chalcedone.
1042 5429 1260 5484 Certum
1306 5425 1468 5495 hujus
1505 5424 1612 5482 loci
1659 5425 1786 5482 fon-

1871 5218 1978 5268 tem
2010 5211 2256 5267 invenire
2295 5223 2405 5266 non
2439 5208 2624 5278 potui;
2667 5207 2738 5262 ef.
2779 5205 2998 5278 Leonis,
3031 5201 3282 5278 epp._24,
3313 5200 3496 5278 ρει-ξι

1939 5282 2090 5354 (136)
2132 5282 2386 5350 Prosperi
2432 5271 2746 5354 Chronicon
2791 5276 3016 5342 indicat,
3056 5271 3218 5345 quale
3263 5273 3320 5330 in
3365 5271 3494 5329 cod.

1865 5351 2092 5425 August.
2133 5360 2191 5410 et
2227 5355 2466 5424 Mogont.
2509 5351 2758 5421 legimus.
