4000 6158
465 257 569 309 727
1871 259 2148 314 MARIANI
2189 257 2416 313 SCOTTI
3722 251 3827 303 721:5

533 379 660 438 474.
693 380 747 438 2.
804 381 1046 454 [eccam]
1114 382 1296 450 (BEDA)
1355 380 1684 437 Herculanus
1747 387 1796 438 ct
1867 383 2103 454 Aspara-
2123 381 2476 455 AMaximum
2547 379 2735 436 Avitus
2799 379 2855 434 in
2901 376 3100 434 Gallias
3147 378 3446 449 assumpsit
3512 378 3830 448 imperium.

467 470 595 526 cius.
627 471 906 527 Johannes
935 473 1170 526 babtista
1200 471 1415 526 duobus
1444 471 1727 526 monachis
1757 479 1923 541 caput
1949 485 2106 526 suum

463 560 617 628 juxta
655 561 890 616 Herodis
928 559 1294 615 habitaculum
1341 559 1582 627 revelat;
1634 559 1782 631 quod
1834 562 2106 615 Emessam

2193 472 2318 544 [Cod
2347 472 2399 526 in
2428 484 2594 539 marg.
2627 467 2825 540 Cyclus
2852 467 2922 520 25
2951 467 3184 522 decenn.
3212 466 3407 538 incipit
3428 466 3732 523 indictione
3753 467 3829 538 9.]

2261 561 2383 616 479.
2442 554 2496 615 7.
2562 557 2842 630 [ccccnn]
2899 559 3090 626 (Cass,
3151 558 3519 614 Constantinus
3556 561 3610 610 et
3647 557 3828 626 Rufus.

470 650 668 704 Fenice
735 650 922 704 urbem
986 662 1108 704 cum
1175 662 1370 719 magno
1408 649 1619 705 honore
1679 649 1942 720 perlatum
2003 656 2106 706 est.
2189 649 2378 706 Avitus
2416 648 2708 703 Placentia
2766 646 3049 716 depossuit
3088 646 3374 715 imperium
3412 645 3515 712 '“;
3557 647 3832 702 Marciano

467 740 612 794 Gens
638 738 934 808 Anglorum
985 739 1099 792 sive
1139 740 1402 794 Saxorum
1434 740 1752 794 Brittaniam
1785 739 1962 794 tribus
1991 738 2111 794 lon—
2191 737 2450 793 defuncto
2522 737 2669 806 apud
2735 735 3306 806 Constantinopolim,
3376 737 3483 791 Leo
3548 736 3790 791 Orientis
3817 775 3834 798 ,

470 829 556 898 gis
614 827 840 882 navibus
894 826 1256 894 advechitur;
1332 834 1497 883 totam
1559 843 1700 898 pene
1755 828 1987 884 insulam
2041 827 2110 882 ab
2193 829 2520 898 Majorianus
2556 826 2726 882 ltalia
2756 825 3002 895 suscepit
3029 825 3364 896 imperium'.
3397 825 3509 880 Sub
3543 825 3748 895 quibus
3776 825 3831 880 hi

471 916 683 971 oriente
713 914 780 969 ad
812 914 1154 971 occidentem
1187 917 1412 988 subigit.

538 1003 662 1058 475.
731 1001 783 1058 3.
856 1003 1118 1074 [coccum]
1185 1005 1366 1077 (lsm.)
1429 1004 1598 1076 Opilio
1645 1009 1694 1060 et
1759 1003 2106 1062 Vincomalus.

464 1091 702 1147 Sinodus
739 1090 1154 1149 Calcidonensis
1184 1095 1348 1162 facta,
1382 1095 1473 1150 ubi
1505 1093 1768 1150 Eutiches
1801 1101 1854 1150 et
1885 1095 2112 1150 Diosco-

465 1195 558 1235 rus
589 1178 850 1234 damnati.
882 1181 1113 1237 Sanctus
1152 1184 1260 1238 Leo
1311 1197 1451 1253 papa
1499 1182 1580 1236 sic
1628 1181 1731 1253 (ep.
1771 1181 1895 1252 6i):
1957 1202 1981 1229 α
2035 1182 2110 1236 De

467 1267 708 1338 paschali
759 1268 1106 1325 observantia
1165 1276 1372 1327 sancta
1438 1270 1717 1326 memoria
1773 1270 2113 1340 TheOphilus

461 1358 529 1412 ad
588 1366 876 1428 augustum
911 1359 1305 1416 Theothosium
1345 1359 1622 1416 seniorem
1681 1360 1956 1427 scribens,
2015 1373 2114 1428 per

464 1451 683 1502 centum
714 1460 890 1502 annos
919 1461 948 1502 a
990 1449 1167 1517 primo
1200 1448 1452 1518 pradicti
1493 1448 1761 1518 principis
1789 1447 2112 1504 consulatus

464 1534 706 1606 degessit
748 1536 998 1592 ordinem
1041 1538 1150 1593 diei
1190 1536 1354 1604 festi;
1406 1539 1563 1607 cujus
1608 1536 1994 1592 instructionis
2041 1533 2114 1587 74

469 1638 613 1679 nunc
643 1637 820 1679 annus
857 1624 1145 1693 evolvitur,
1187 1639 1296 1695 quo
1345 1624 1598 1695 Opilione
1647 1625 1873 1681 consule
1913 1623 1948 1676 2
1984 1623 2113 1679 ldus

468 1713 670 1782 Aprilis
700 1712 975 1768 celebrata
1005 1722 1088 1769 est
1116 1729 1270 1770 sacra
1298 1715 1636 1771 solemnitas.

540 1799 665 1853 476.
725 1799 778 1856 4.
843 1801 1102 1872 [ccccuv]
1162 1803 1378 1858 Acthius
1415 1808 1464 1859 et
1501 1802 1740 1860 Studius.
1795 1801 1948 1858 Unde
1993 1800 2060 1838 ³³⁸
2091 1799 2113 1824 ⁵

469 1890 723 1960 sequenti
773 1889 835 1921 ³³⁷
873 1905 1018 1947 anno
1063 1893 1246 1948 Nonas
1288 1891 1490 1962 Aprilis
1546 1897 1952 1961 consequenter
1993 1905 2021 1943 n
2060 1895 2116 1944 et

470 1978 701 2048 reliqua.
729 1979 835 2035 Sed
862 1993 1058 2048 annus,
1092 1983 1184 2050 qui
1219 1982 1324 2036 erit
1352 1981 1443 2048 76,
1475 1987 1534 2036 ut
1565 1981 1780 2036 videtur
1810 1977 2110 2045 discordat;

469 2069 742 2138 siquidem
774 2070 830 2124 in
860 2068 894 2121 8
943 2069 1032 2125 die
1073 2070 1302 2125 Kalend.
1337 2070 1460 2125 Maii
1500 2069 1704 2139 pascha
1734 2068 2112 2134 constituitur,

469 2171 592 2213 cum
652 2157 718 2212 15
775 2157 1004 2214 Kalend.
1064 2159 1219 2225 Maii,
1290 2166 1348 2214 ut
1403 2159 1641 2225 videtur,
1710 2158 1938 2214 deberet
1998 2157 2114 2212 fieri

473 2247 742 2316 φησει).
783 2248 1081 2303 Ordinatus
1111 2249 1406 2318 cpiscopus
1441 2248 1763 2317 DeOgratias
1792 2249 1845 2302 in
1887 2246 2116 2302 basilica

470 2335 651 2390 Fausti
683 2335 772 2392 die
803 2336 1080 2392 dominica
1125 2337 1160 2388 8
1200 2337 1430 2393 Kalend.
1479 2336 1822 2393 Novembris.
1878 2335 2118 2390 Valenti-

468 2423 664 2477 nianus
691 2431 956 2494 angustus
1008 2423 1066 2476 ll
1117 2425 1237 2480 Kal.
1278 2425 1504 2481 Octobr.
1546 2425 1768 2479 Ethium
1823 2423 2116 2493 patricium

475 2517 530 2566 et
558 2511 802 2566 Boetium
836 2513 1128 2583 Kartagine
1160 2511 1310 2583 (137)
1354 2511 1578 2568 occidit.

547 2597 672 2652 477.
706 2597 760 2654 5.
817 2599 1055 2669 [ccccw]
1121 2598 1360 2671 (Pnosr.)
1431 2597 1820 2654 Valentinianus
1866 2596 1900 2650 8
1928 2601 1976 2652 et
2009 2599 2126 2653 An-

477 2687 678 2743 temius.
716 2687 1128 2744 Valentinianus
1155 2696 1334 2744 autem
1365 2688 1434 2743 ab
1464 2689 1655 2744 amicis
1696 2686 1841 2743 Ethii
1894 2685 1959 2740 l3
1997 2685 2115 2743 Kal.

477 2775 681 2846 Aprilis
713 2775 786 2847 [in
836 2790 1029 2846 campo
1077 2777 1286 2847 Martio]
1335 2777 1610 2832 occiditur
1661 2775 1911 2847 (Pnosr.)
1958 2774 2122 2830 Maxi-

479 2879 600 2920 mus
629 2879 778 2932 vero,
811 2867 892 2920 vir
929 2867 1133 2936 gemini
1185 2866 1504 2923 consulatus
1549 2871 1606 2921 et
1648 2865 1895 2934 patricia
1941 2864 2120 2933 digni-

481 2954 628 3020 tatis,
670 2953 776 3008 alia
805 2954 894 3008 die
945 2953 1009 3006 l2
1055 2954 1173 3009 Kal.
1223 2954 1447 3023 Aprilis,
1498 2955 1686 3009 Roma
1733 2951 1967 3022 sumpsit
2020 2952 2118 3006 im-

480 3041 712 3110 perium.
760 3043 890 3096 Post
946 3055 1187 3097 mensem
1226 3049 1406 3097 autem
1445 3041 1697 3107 alterum,
1757 3040 2006 3097 nuntiato
2066 3039 2182 3101 eiC

472 3144 541 3185 ex
567 3127 748 3184 Africa
775 3129 1016 3184 Geserici
1047 3129 1194 3199 regis
1222 3129 1478 3196 adventu,
1510 3129 1803 3200 multisque
1833 3129 2114 3185 nobilibus

470 3217 832 3288 popularibus
887 3231 954 3273 ex
1019 3218 1163 3274 Urbe
1229 3217 1584 3289 fugientibus,
1648 3233 1771 3274 cum
1827 3219 2108 3286 Maximus,

465 3307 593 3363 data
623 3306 862 3362 abeundi
893 3308 1108 3362 cunctis
1147 3307 1392 3374 licentia,
1427 3307 1676 3377 trepidus
1712 3307 1877 3363 vellet
1923 3308 2113 3363 absce-

465 3396 618 3462 dere,
651 3395 721 3448 77
753 3395 941 3465 adepti
977 3395 1193 3466 imperii
1241 3395 1331 3451 die
1388 3410 1419 3450 a
1475 3395 1690 3452 famulis
1745 3396 2111 3452 Valentiniani

465 3484 776 3541 delaniatus
805 3491 914 3551 est,
957 3490 1012 3540 et
1050 3483 1393 3540 membratim
1424 3485 1480 3540 in
1519 3485 1757 3541 Tiberim
1807 3487 2107 3555 projectus,

463 3573 746 3644 sepultura
795 3586 1018 3643 quoque
1057 3573 1255 3628 caruit.
1315 3574 1447 3629 Post
1498 3573 1617 3629 hac
1675 3581 1970 3630 consecuta
2027 3581 2109 3630 est

468 3663 655 3719 multis
683 3662 848 3733 digna
878 3661 1119 3718 lacrimis
1148 3663 1392 3719 Romana
1440 3661 1748 3732 captivitas,
1791 3677 1914 3718 cum
1964 3664 2109 3718 enim

468 3753 669 3809 Urbem
727 3752 876 3808 omni
917 3751 1159 3821 presidio
1216 3765 1440 3807 vacuam
1496 3751 1784 3807 Cesericus
1830 3751 2108 3820 obtinuit,

468 3840 505 3892 4
560 3841 686 3895 ldus
735 3840 886 3906 Julii,
946 3839 1084 3894 feria
1120 3839 1175 3908 3,
1237 3848 1563 3896 occurrente
1611 3840 1718 3894 sibi
1759 3854 1899 3910 papa
1929 3842 2110 3896 Leone

468 3929 732 3998 episcopo
771 3936 964 3983 sancto
1003 3934 1155 3983 extra
1186 3937 1390 3997 portas.
1444 3930 1610 3999 Cujus
1656 3929 1986 3999 supplicatio
2034 3929 2111 3984 ita

466 4031 592 4072 eum
632 4018 742 4070 Deo
800 4022 996 4087 agente
1054 4017 1256 4083 linivit,
1318 4025 1376 4072 ut
1440 4031 1563 4073 cum
1602 4019 1784 4074 omnia
1850 4017 2110 4088 potestati

468 4107 587 4175 ejus
615 4110 799 4160 essent
847 4105 1066 4172 tradita,
1129 4105 1335 4160 civitati
1391 4106 1498 4161 sibi
1537 4107 1605 4161 ab
1644 4107 1769 4178 igne
1836 4113 2017 4162 tamen
2057 4113 2113 4162 et

468 4194 605 4250 cede
635 4201 689 4249 et
735 4193 1008 4263 supplicio
1065 4193 1454 4251 abstineretur.
1508 4197 1680 4251 Roma
1736 4209 1865 4252 vero
1905 4209 2006 4266 per
2049 4196 2113 4250 l4

468 4285 589 4340 dies
626 4297 819 4339 secura
857 4290 912 4338 et
963 4283 1138 4340 libera
1203 4285 1542 4341 scrutatione
1599 4284 1855 4341 omnibus
1913 4286 2113 4355 opibus

469 4375 585 4430 suis
614 4382 870 4429 evacuata
917 4371 981 4404 ⁸³⁸
1023 4380 1147 4442 est;
1199 4374 1477 4444 multaque
1531 4374 1680 4429 milia
1730 4366 2180 4445 captivorum,D

473 4468 638 4534 prout
675 4462 873 4533 cuique
914 4470 1074 4519 atate
1121 4462 1204 4518 vel
1243 4471 1359 4518 arte
1407 4462 1706 4532 placuerat,
1757 4477 1879 4519 cum
1927 4465 2114 4535 regina

473 4557 529 4607 et
558 4551 774 4606 ﬁliabus
802 4553 940 4621 ejus,
990 4551 1335 4622 Cartaginem
1384 4551 1640 4608 abducta.
1693 4553 1809 4608 Hoc
1847 4566 2014 4618 anno,
2055 4553 2112 4609 id

475 4647 560 4696 est
586 4639 694 4693 455
738 4640 1135 4696 incarnationis
1166 4642 1321 4709 juxta
1370 4641 1722 4708 Dionissium,
1772 4643 1975 4710 pascha
2011 4640 2112 4697 do-

474 4728 734 4785 minicum
782 4727 818 4781 8
865 4729 954 4784 die
994 4728 1113 4783 Kal.
1150 4729 1270 4784 Maii
1311 4736 1461 4785 recte
1501 4729 1836 4785 celebratum
1875 4737 1980 4798 est,
2029 4743 2117 4785 or-

475 4818 758 4874 dinatione
796 4817 973 4874 sancti
1011 4817 1300 4888 Theophili
1347 4816 1448 4886 ⁸³⁹;
1498 4817 1646 4888 quod
1709 4825 1932 4874 sanctus
1977 4833 2118 4890 papa

2127 1718 2174 1776 Β

2192 916 2448 972 consules
2475 914 2715 980 fuerunt,
2748 921 2887 970 teste
2917 913 3268 970 Cassiodoro.

2404 1020 2440 1074 2
2467 1021 2563 1076 hoc
2591 1020 2702 1076 loco
2738 1020 2926 1076 addit:
2964 1021 3258 1089 Hucusque
3288 1019 3549 1076 chronica
3589 1019 3830 1089 imperii,

2405 1092 2459 1148 in
2494 1094 2650 1162 cujus
2679 1092 2782 1162 fine
2814 1091 2915 1146 hec
2938 1091 3242 1146 habentur:
3278 1109 3305 1142 ‹‹
3337 1093 3465 1148 Post
3489 1091 3832 1146 consulatum

2406 1161 2699 1220 Theodosii
2753 1161 2814 1214 l7
2853 1169 2909 1217 et
2939 1164 3082 1218 Festi
3128 1163 3406 1218 Gisericus
3441 1162 3832 1218 Wandalorum

2406 1250 2503 1291 rex
2558 1234 2898 1304 Cartaginem
2952 1235 3233 1303 ingressus
3287 1241 3371 1290 est
3414 1234 3496 1304 714
3553 1233 3672 1289 Kal.
3733 1235 3834 1289 No-

2405 1308 2606 1366 vemb..
2651 1307 2705 1360 in
2729 1303 2852 1374 qua
2913 1306 3159 1374 regnavit
3206 1307 3364 1360 annis
3401 1303 3492 1370 27,
3552 1306 3836 1360 mensibus

2406 1377 2462 1444 3,
2529 1377 2725 1432 diebus
2761 1377 2815 1441 7,
2886 1377 3014 1432 Post
3074 1377 3192 1432 hac
3250 1377 3494 1447 regnavit
3563 1377 3830 1442 Hunerix,

2408 1447 2552 1503 illius
2590 1453 2730 1516 ejus,
2770 1449 2929 1502 annis
2983 1448 3040 1513 7,
3081 1448 3362 1503 mensibus
3421 1447 3505 1512 10,
3548 1447 3669 1502 dies
3725 1447 3830 1512 28;

2407 1520 2517 1590 qui
2546 1519 2599 1573 in
2632 1519 2737 1572 fine
2791 1518 2921 1573 anni
2960 1519 3179 1587 septimi
3212 1519 3364 1589 regni
3419 1519 3504 1572 sui
3543 1517 3834 1574 catholica

2408 1589 2659 1645 ecclesia
2702 1590 3141 1658 persecutionem
3191 1591 3377 1656 movit,
3409 1601 3715 1658 omnesque
3752 1605 3836 1646 ec-

2408 1662 2605 1717 clesias
2629 1663 2846 1726 clausit,
2891 1668 2947 1716 et
2992 1669 3224 1716 cunctos
3268 1661 3482 1716 Domini
3531 1661 3836 1716 catholicos

2403 1731 2722 1788 sacerdotes
2784 1746 2905 1786 cum
2961 1733 3205 1803 Eugenio
3261 1731 3678 1803 Carthaginensi
3728 1734 3837 1801 epi-

2408 1817 2579 1873 scopo
2619 1803 2785 1860 exilio
2816 1803 3087 1873 religavit,
3129 1804 3355 1874 ipseque
3386 1803 3601 1858 Domini
3625 1803 3834 1872 judicio

2410 1883 2628 1930 scatens
2655 1875 2932 1929 vermibus
2959 1875 3122 1931 vitam
3167 1875 3362 1930 finivit.
3411 1877 3543 1930 Post
3590 1888 3716 1928 eum
3755 1889 3835 1929 re-

2410 1947 2595 2016 gnavit
2653 1945 3066 2016 Cuntamundus
3095 1989 3111 2013 ,
3150 1946 3383 2002 Gentuni
3441 1945 3689 2015 ejusdem
3731 1947 3808 2016 lio

2412 2015 2587 2073 norici
2645 2015 2829 2072 fratris
2893 2017 3057 2082 filius,
3114 2019 3274 2073 annis
3317 2017 3400 2083 ll,
3461 2017 3743 2072 mensibus
3776 2015 3829 2081 9,

2411 2089 2606 2144 diebus
2650 2087 2704 2141 ll
2735 2108 2748 2153 ;
2783 2089 2877 2158 qui
2910 2089 3074 2144 tertio
3104 2103 3248 2144 anno
3297 2088 3450 2159 regni
3500 2089 3587 2143 sui
3627 2087 3832 2143 cimite-

2410 2161 2551 2216 rium
2581 2160 2757 2214 sancti
2781 2159 3033 2230 imartiris
3077 2159 3252 2230 Agilei
3280 2159 3425 2229 apud
3455 2159 3832 2229 Chartagiuem

2413 2231 2706 2286 katholicis
2761 2229 2877 2285 dari
2930 2229 3234 2299 pracepit,
3289 2232 3535 2301 Eugenio
3594 2231 3835 2301 Kartagi—

2411 2303 2569 2358 nensi
2609 2303 2874 2371 episcopo
2917 2302 2985 2356 ab
3043 2302 3234 2358 eodem
3271 2304 3381 2371 jam
3419 2302 3490 2356 de
3549 2302 3714 2356 exilio
3751 2316 3836 2356 rt.L

2413 2383 2630 2429 vocato.
2663 2374 2885 2428 Decimo
2915 2379 3096 2428 autem
3146 2387 3292 2429 anno
3335 2373 3491 2442 regni
3529 2373 3614 2428 sui
3663 2374 3835 2428 eccle-

2411 2447 2521 2500 sias
2585 2443 3017 2499 chatholicorum
3071 2445 3306 2512 aperuit,
3366 2451 3419 2499 et
3481 2457 3672 2498 omnes
3741 2444 3832 2499 Dei

2411 2515 2729 2571 sacerdotes
2769 2521 2989 2585 petente
3028 2515 3271 2584 Eugenio
3301 2515 3678 2585 Cartaginensi
3725 2517 3829 2584 epi-

2413 2601 2586 2656 scopo
2617 2587 2686 2641 de
2717 2585 2882 2641 exilio
2932 2587 3226 2641 revocavit.
3273 2588 3402 2653 Qua
3441 2586 3695 2642 ecclesia
3724 2585 3836 2642 fue-

2416 2666 2544 2714 runt
2575 2657 2776 2713 clausa
2805 2657 2963 2712 annis
2998 2656 3081 2722 10,
3114 2658 3394 2713 mensibus
3429 2657 3485 2722 6,
3536 2658 3733 2714 diebus
3771 2660 3828 2722 5,

2413 2731 2519 2784 hoc
2549 2736 2632 2784 est
2669 2729 2737 2784 ab
2769 2735 2962 2784 octavo
3007 2741 3152 2783 anno
3202 2728 3486 2795 Honorici,
3536 2729 3592 2784 id
3641 2737 3723 2784 est
3769 2743 3834 2784 ex

2413 2801 2502 2856 die
2530 2801 2565 2852 7
2603 2799 2731 2856 ldus
2776 2799 3079 2866 Februarii,
3108 2869 3114 2870 ί
3139 2800 3697 2870 ιιεῳιθνυηόθοίωυω
3743 2814 3834 2855 an-

2414 2885 2541 2927 num
2594 2872 2740 2942 regis
2776 2869 3140 2942 Guntamundi
3181 2869 3270 2927 die
3317 2869 3352 2922 9
3388 2871 3516 2926 ldus
3568 2871 3831 2942 Augusti,

2415 2944 2471 2998 in
2528 2941 2952 3013 quo’completi
3005 2947 3144 3013 sunt
3199 2942 3502 3012 supradicti
3559 2943 3686 2998 anni
3730 2941 3830 3009 10,

2415 3012 2632 3069 menses
2694 3014 2748 3078 6,
2808 3012 2928 3068 dies
2982 3012 3036 3068 5.
3095 3013 3196 3080 Qui
3249 3020 3581 3070 memoratus
3632 3015 3831 3069 δυωδ-

2410 3085 2645 3140 mundus
2669 3098 2764 3139 rex
2795 3083 3139 3152 postmodum
3189 3085 3322 3140 vixit
3366 3099 3542 3140 annos
3587 3084 3642 3150 2,
3684 3099 3826 3140 meu-

2405 3170 2521 3212 sem
2585 3156 2631 3210 1.
2687 3156 2816 3210 Post
2881 3169 3042 3224 quem
3095 3155 3339 3224 regnavit
3386 3157 3821 3221 Trasamundus,

2405 3228 2669 3283 Gentunis
2708 3226 2882 3290 ﬁlius,
2940 3226 3098 3281 annis
3152 3226 3243 3293 26,
3285 3228 3566 3282 mensibus
3600 3226 3657 3294 8,
3715 3228 3824 3283 die-

2408 3299 2511 3353 bus
2549 3297 2602 3350 4.
2642 3297 2720 3352 Ad
2753 3295 2982 3370 exordio
3031 3310 3162 3368 ergo
3211 3299 3425 3368 imperii
3474 3299 3616 3354 Aviti
3657 3313 3822 3370 usque

2407 3370 2474 3424 ad
2513 3382 2712 3424 annum
2753 3369 3069 3438 vigesimum
3122 3376 3330 3426 sextum
3371 3369 3751 3436 Trasamundi,
3795 3384 3822 3424 a

2406 3447 2603 3510 quarto
2632 3439 2848 3494 decimo
2878 3448 3058 3495 autem
3097 3453 3241 3496 anno
3290 3442 3505 3510 imperii
3554 3449 3610 3496 et
3657 3450 3822 3497 morte

2407 3511 2648 3583 Valentis
2704 3512 2988 3583 usque__in
3037 3525 3236 3583 annum
3277 3512 3597 3583 vigesimum
3635 3526 3819 3567 secun-

2405 3582 2534 3637 dum
2562 3581 2918 3636 Trasamundi
2948 3582 3076 3653 anni
3105 3589 3270 3638 sunt.
3432 3625 3446 3637 .
3490 3585 3623 3638 Post
3668 3597 3814 3653 quem

2407 3653 2651 3724 regnavit
2680 3653 2999 3719 Hildiricus,
3031 3652 3175 3724 illius
3213 3653 3497 3720 Honorici,
3552 3652 3727 3711 annds
3768 3654 3815 3718 8,

2405 3723 2525 3779 dies
2552 3723 2606 3777 8.
2638 3724 2738 3789 Qui
2784 3723 2836 3778 in
2885 3723 3114 3778 exordio
3161 3725 3314 3794 regni
3361 3726 3445 3781 sui
3494 3725 3817 3781 Bonifacium

2405 3795 2723 3864 episcopum
2755 3795 2900 3863 apud
2932 3796 3275 3864 Kartagincm
3307 3796 3361 3850 in
3393 3796 3632 3851 ecclesia
3659 3796 3817 3851 sancti

2405 3866 2577 3935 Agilei
2625 3865 2869 3920 ordinari
2918 3867 3202 3934 pracepit,
3243 3874 3298 3922 et
3345 3868 3602 3922 omnibus
3649 3870 3819 3922 catho-

2407 3937 2529 3993 licis
2580 3935 2896 4009 libertatem,
2945 3937 3203 3993 restituit.
3263 3941 3380 4005 Quo
3431 3947 3695 4009 regnante
3746 3953 3818 3992 as-

2409 4013 2620 4080 sumpta
2649 4008 2936 4080 tyrannide
2963 4009 3232 4080 Geilemer
3260 4008 3643 4080 regnumejus
3689 4012 3818 4064 inva-

2406 4080 2498 4142 sit,
2532 4079 2587 4134 in
2618 4092 2728 4147 quo
2759 4078 2891 4134 fecit
2917 4093 3092 4135 annos
3118 4078 3153 4132 3
3191 4086 3246 4135 et
3295 4078 3523 4136 totidem
3555 4078 3816 4144 menses,

2410 4151 2504 4219 qui
2562 4156 2711 4204 tanta
2770 4149 3064 4205 homicidia
3122 4150 3389 4206 scelestus
3439 4152 3731 4219 commisit,
3765 4157 3819 4207 ut

2407 4235 2509 4276 nec
2545 4221 2863 4292 parentibus
2893 4227 3164 4290 parceret.
3207 4222 3368 4276 Fiunt
3413 4237 3548 4292 ergo
3578 4224 3646 4278 ab
3673 4237 3816 4279 exor-

2409 4292 2501 4347 dio
2549 4291 2701 4362 regni
2750 4293 2975 4348 Ciserici
3016 4305 3188 4361 usque
3235 4293 3304 4347 ad
3352 4291 3558 4348 exitum
3606 4293 3822 4349 Wandao

2415 4363 2590 4436 lorum
2621 4362 2898 4436 anni.....;_
2912 4363 2981 4418 ab
3002 4363 3227 4419 interitu
3248 4377 3381 4435 ergo
3404 4365 3668 4436 Valentis,
3689 4363 3818 4436 quod

2411 4441 2530 4507 erat
2558 4434 2611 4488 in
2643 4443 2838 4507 quarto
2869 4434 3082 4490 decimo
3111 4447 3256 4490 anno
3286 4434 3438 4507 regni
3479 4438 3623 4505 ejus,
3665 4434 3817 4507 usque

2407 4505 2477 4560 ad
2507 4505 2878 4574 supradictum
2927 4512 3162 4576 tempus,
3216 4505 3520 4563 sunt’anui
3547 4550 3562 4563 .
3601 4550 3616 4564 .
3650 4551 3665 4565 .
3714 4506 3820 4564 Col-

2406 4577 2549 4632 lecta
2588 4590 2718 4635 ergo
2757 4576 2998 4631 omnium
3027 4591 3235 4632 summa
3273 4591 3542 4634 annorum
3574 4579 3644 4634 ab
3668 4579 3816 4635 Adam

2409 4661 2580 4730 usque
2611 4647 2678 4702 ad
2709 4647 3115 4730 Wandalorum
3126 4648 3493 4730 perditionem
3515 4647 3815 4730 ﬁ_unt57$3.

2407 4748 2480 4759 —
2521 4719 2649 4786 Qua
2691 4719 2864 4774 omnia
2908 4734 2979 4774 car:
3019 4719 3197 4776 codice
3231 4722 3481 4793 Prospcri
3530 4721 3818 4792 Moguntina

2409 4794 2581 4844 sumta
2608 4794 2745 4844 sunt.

476 4916 601 4978 post
631 4908 740 4962 Leo
781 4906 844 4960 15
890 4905 1121 4962 Kalend.
1169 4905 1293 4963 Maii
1333 4907 1518 4976 potius
1555 4907 1956 4964 observandum
1988 4921 2118 4978 pro-
2198 4916 2546 4971 Romanorum
2583 4911 2674 4967 54.
2725 4913 2828 4968 Leo
2864 4913 3143 4969 secundum
3190 4929 3364 4970 omnes
3400 4915 3640 4984 regnauit
3684 4912 3822 4969 mnis

479 5002 795 5055 testaretur.

2205 5002 2290 5072 l7,
2321 5009 2370 5058 et
2407 5003 2504 5058 hoc
2543 5005 2624 5057 est
2673 5015 2834 5072 usque
2887 5000 3016 5057 Kal.
3071 5003 3223 5069 Julii,
3261 5004 3319 5058 in
3355 5019 3493 5059 anno
3549 5003 3649 5059 461
3706 5007 3822 5074 post

549 5084 676 5143 478.
707 5085 764 5142 6.
797 5083 1061 5156 [ccccm]
1101 5083 1297 5157 (Cass)
1345 5085 1523 5141 Varan
1559 5090 1606 5142 et
1651 5085 1935 5144 Iohannes.
1987 5088 2118 5144 Post
2201 5092 2534 5162 passionem,
2566 5090 2653 5146 his
2690 5087 3031 5158 consulibus,
3063 5095 3204 5148 teste
3233 5092 3588 5149 Cassiodoro.

553 5237 628 5312 ut
648 5252 762 5294 cum
780 5233 926 5293 'anno
950 5235 1652 5312 ρνωοςάαιιὲρρῖιίςιηρρηᾷα
1697 5167 2075 5312 φμιονΑἮῖξ.
2575 5241 2624 5294 ι.
2725 5239 2789 5312 ³³1
2830 5246 3060 5312 euacuta
3103 5239 3151 5295 ιο
3253 5241 3319 5274 ³³⁹
3355 5241 3526 5298 com
3553 5239 3787 5312 ρανώςι
3807 5259 3825 5291 -'

484 5310 632 5390 ειυοά
648 5281 1969 5390 "satagis;thtests;kz;"tsinaa;ntua
1999 5281 2084 5367 ea
2107 5281 2688 5390 ’δλςιῑῖῖηῑίῖιῖϊεεῖιξιε
2735 5281 3060 5382 magis:
3084 5281 3180 5368 ε’ἑά
3213 5313 3327 5383 jam
3355 5281 3829 5369 "gazam

483 5377 596 5436 loco
625 5395 788 5436 nom
813 5377 1091 5451 incipiebat
1120 5393 1327 5446 annus;
1355 5377 1449 5436 sed
1475 5380 1675 5436 numeri
1699 5384 1749 5437 ct
1777 5381 2012 5438 consules
2035 5385 2175 5438 ενα,ςὶ
2202 5389 2341 5440 sunt.

557 5521 716 5593 (137)
759 5523 928 5578 Error
955 5536 1022 5578 ex
1051 5521 1309 5592 Prosperi
1339 5519 1532 5579 codice
1562 5520 1742 5579 minus
1771 5530 1921 5580 recte
1950 5455 2277 5583 inteﬁgcltgj.
