4000 6158
210 239 314 292 7‘29

1470 239 1879 296 CHRONICON.
1919 265 1990 279 -—
2029 238 2155 292 LIB.
2197 237 2287 292 111.

3456 223 3614 278 730’

279 363 402 418 480.
449 363 496 418 1.
539 363 845 437 [coccum]
900 364 1113 437 (Cass)
1163 368 1268 421 Leo
1313 366 1578 436 Augustus
1622 370 1672 421 et
1727 364 1835 418 Ma-

2001 360 2128 416 494.
2177 359 2256 414 15.
2310 356 2630 431 [CCCCLxxu]
2681 354 2883 424 (Cass)
2929 354 3116 410 Festus
3152 357 3203 407 et
3238 351 3564 409 Marcianus.

202 452 438 522 jorianus
465 455 750 522 Augustus.
783 455 1112 524 Majorianus
1141 454 1196 509 in
1226 452 1478 509 Africam
1518 453 1686 509 movit
1715 466 1843 522 pro-

209 540 465 597 cinctum.

272 628 394 682 481.
457 628 510 685 2.
573 629 830 701 [CCCCLIX]
904 629 1092 702 (ἴδω.)
1159 631 1382 687 Ricimer
1443 635 1492 686 et
1555 630 1838 687 Patricius.

205 715 527 773 Alexandria
556 724 613 773 et
648 719 898 790 Egiptus
925 733 1114 775 errore
1150 719 1419 774 Dioscorii
1448 718 1676 774 heretici
1718 718 1841 774 lan-

205 806 435 877 guescit.

271 893 398 947 482.
428 892 483 949 3.
521 894 752 965 [eccam]
798 895 978 968 (lsm.)
1025 897 1248 966 Magnus
1275 901 1325 952 et
1353 884 1678 968 Apellonius.
1729 896 1838 952 He-

205 984 370 1038 ressis
395 984 838 1054 Acephallorum,
864 984 1300 1041 Calchidonense
1338 985 1633 1041 concilium
1665 986 1840 1055 impu-

202 1073 504 1144 gnantium,
538 1075 812 1144 apparuit.
860 1075 1104 1146 Acepalli
1143 1081 1322 1130 autem
1362 1074 1641 1142 dicuntur,
1673 1075 1728 1130 id
1756 1080 1840 1130 est

201 1161 318 1217 sine
350 1163 551 1232 capite,
585 1164 712 1233 quia
741 1168 934 1219 auctor
962 1165 1081 1233 ejus
1110 1177 1220 1220 non
1251 1163 1525 1234 apparuit.

268 1249 398 1305 483.
429 1249 486 1304 4.
541 1250 797 1322 [CCCCLxI]
848 1251 1062 1323 (10111).)
1112 1253 1394 1309 Severinus
1435 1257 1484 1307 et
1525 1250 1841 1321 Dagalai/us

201 1337 416 1409 (Cass)
455 1341 784 1410 Majorianus
815 1342 966 1410 juxta
1007 1343 1297 1398 Dertonam
1335 1340 1610 1396 civitatem
1639 1339 1674 1391 8
1711 1340 1842 1395 Idus

197 1429 428 1500 Augusti
459 1428 753 1495 occiditur,
796 1430 1134 1486 immissione
1173 1428 1498 1496 Ricimeris;
1541 1428 1631 1484 cui
1678 1430 1840 1484 Seve-

199 1532 339 1584 rum,
375 1517 598 1573 natione
629 1519 924 1585 Lucanum,
968 1521 1222 1574 Ravenne
1267 1519 1568 1575 succedere
1615 1517 1746 1573 fecit
1784 1519 1838 1574 in

195 1621 450 1678 regnum.
496 1607 624 1678 [Leo
644 1607 704 1640 “'
748 1623 886 1679 papa
921 1609 1060 1664 obiit
1087 1608 1123 1661 4
1152 1608 1271 1663 Kal.
1300 1608 1427 1663 Julii
1459 1607 1576 1678 (An.
1609 1606 1836 1677 Mart.).]

1922 450 2194 504 Patricius
2241 449 2514 511 Recimer,
2548 448 2719 502 Rome
2767 443 2914 499 facto
2953 443 3284 512 imperatore
3331 439 3564 504 Olibrio,

1926 539 2295 602 Anthemium,
2328 544 2521 591 contra
2559 534 2917 590 reverentiam
2960 531 3228 602 principis
3257 536 3312 582 et
3335 529 3426 597 jus
3452 526 3567 581 affi-

1924 627 2133 691 nitatis,
2164 639 2286 680 cum
2322 624 2472 695 gravi
2503 623 2660 678 clade
2710 621 2949 676 civitatis
2994 617 3302 689 extinguit;
3352 614 3446 684 qui
3495 614 3567 667 40

1922 715 2013 770 die
2041 714 2233 785 gloriae
2263 727 2377 768 suae
2406 709 2699 767 defunctus
2727 716 2830 765 est.
2869 707 3124 778 Olybrius
3156 713 3338 761 autem
3377 715 3564 756 mense

1921 804 2156 873 septimo
2187 801 2402 871 imperii
2433 800 2595 854 vitam
2626 798 2814 869 exigit.

1990 901 2117 956 495.
2156 895 2610 970 16._[CCCCLxqu]
2651 894 2851 966 (Cass)
2894 897 2997 949 Leo
3035 896 3284 961 angustus
3319 889 3355 944 5
3389 901 3560 944 conss.

1920 989 2245 1044 Gundibado
2284 988 2562 1052 hortante,
2593 985 2862 1040 Glicerius
2899 986 3152 1038 Ravenne
3195 978 3426 1048 sumpsit
3454 977 3561 1031 im-

1923 1079 2155 1149 perium.
2195 1077 2400 1133 Eodem
2440 1089 2584 1131 anno
2625 1077 2734 1131 Leo
2773 1074 3075 1144 imperator
3116 1073 3372 1140 nepotem
3401 1080 3556 1122 suum

1923 1171 2159 1224 Leonem
2197 1173 2510 1222 consortem
2549 1163 2680 1218 facit
2717 1162 2956 1232 imperii.

1992 1265 2118 1321 496.
2166 1265 2246 1321 l7.
2295 1261 2626 1334 [CCCCLxxw]
2690 1261 2894 1332 (Cass)
2941 1261 3043 1313 Leo
3083 1256 3270 1327 junior
3317 1257 3564 1322 angustus

1925 1357 1960 1410 6
1981 1371 2153 1411 conss.
2183 1356 2366 1424 Nepos
2395 1355 2580 1408 Romae
2610 1350 2846 1407 Glicerio
2876 1347 3144 1403 successit
3162 1346 3219 1400 in
3240 1356 3432 1414 regno.
3456 1345 3566 1398 Leo

1928 1445 2228 1514 imperator
2255 1443 2360 1498 hoc
2390 1454 2534 1496 anno
2566 1438 2724 1495 obiit.
2757 1440 2871 1492 Hec
2898 1436 3282 1500 Cassiodorus,
3311 1431 3569 1488 Jordanis

1923 1534 2219 1604 episcopus
2248 1531 2328 1586 sic
2357 1530 2412 1585 in
2443 1528 2667 1585 cronica
2697 1527 2765 1581 ab
2800 1539 2866 1582 eo
2899 1525 3006 1581 hoc
3035 1530 3285 1593 tempore
3315 1533 3568 1590 compos-

1922 1624 2048 1689 sita,
2079 1622 2160 1676 sic
2190 1633 2410 1690 quoque
2446 1616 2636 1688 μου.)
2666 1636 2678 1671 :
2721 1617 2830 1671 Leo
2879 1616 3117 1670 Leonem
3163 1610 3460 1680 juniorem,
3498 1621 3566 1662 ex

247 1695 396 1753 484.
426 1694 480 1751 5.
517 1697 793 1768 [CCCCan]
826 1700 929 1753 Leo
951 1697 986 1750 2
1004 1702 1053 1752 et
1073 1698 1318 1755 Severus.
1350 1696 1590 1752 Hilarius
1607 1696 1678 1749 45
1693 1712 1832 1768 papa

1941 1712 2154 1782 triagne
2177 1709 2286 1764 tilia
2307 1713 2562 1778 nepotem
2585 1718 2742 1760 suum
2765 1703 2820 1759 in
2842 1702 3074 1773 imperio
3104 1699 3370 1757 Ordinans
3385 1698 3564 1753 orien-

194 1791 535 1842 consecratur
562 1787 598 1840 2
616 1787 745 1842 Idus
772 1787 1104 1855 Novembris,
1128 1788 1266 1859 quod
1285 1792 1420 1843 tenet
1447 1788 1599 1843 annis
1620 1788 1676 1855 7,
1698 1802 1838 1842 men-

193 1873 340 1928 sibus
366 1874 422 1927 6.

262 1961 392 2018 485.
443 1963 498 2016 6.
552 1963 852 2035 [coccum]
906 1962 1130 2036 (Beas)
1181 1964 1414 2021 Basilius
1458 1970 1509 2027 et
1566 1965 1842 2021 Viuianus.

192 2052 518 2110 Theodorus
555 2055 850 2124 episcopus
879 2053 1136 2115 civitatis.
1169 2069 1292 2124 quae
1321 2055 1483 2110 Ciriaa
1514 2054 1737 2120 dicitur,
1769 2067 1837 2111 eo

192 2141 345 2212 quod
375 2155 405 2196 a
447 2141 573 2198 Ciro
603 2157 732 2213 rege
781 2144 1065 2198 Persarum
1106 2143 1348 2209 condita,
1381 2143 1575 2199 scribit
1604 2143 1672 2198 de
1711 2156 1838 2198 vera

187 2228 573 2286 incarnatione
594 2231 866 2286 dominica
897 2237 1091 2287 contra
1120 2231 1389 2288 Eutichen
1415 2239 1471 2288 et
1492 2233 1833 2298 Dioscorum,

187 2319 287 2388 qui
320 2319 539 2389 negavit
563 2319 851 2374 humanam
871 2333 1090 2375 carnem
1123 2321 1178 2374 in
1199 2321 1440 2375 Christo.
1463 2319 1837 2388 Victorius“,

180 2407 422 2475 jubente
471 2420 610 2475 papa
657 2407 886 2474 Hilario,
937 2408 1160 2478 scripsit
1212 2409 1522 2479 paschalem
1570 2410 1838 2466 circulum

188 2491 306 2546 532
345 2505 633 2548 annorum.

263 2582 393 2638 486.
443 2583 497 2638 7.
562 2584 856 2656 [CCCCLxIv]
921 2584 1131 2657 (Cass)
1188 2587 1428 2642 Rusticus
1481 2591 1531 2642 et
1586 2586 1835 2644 Olibrius.

185 2673 438 2741 Beorgor
479 2674 915 2730 rex-Alanorum
965 2675 1110 2745 apud
1159 2677 1478 2747 Pergamum
1525 2689 1556 2730 a
1601 2677 1837 2746 patricio

186 2759 466 2816 Ricimere
505 2769 824 2832 peremptus
861 2769 965 2818 est.

1923 1802 2038 1867 tali,
2070 1813 2214 1855 anno
2250 1798 2313 1851 16
2340 1795 2557 1868 imperii
2587 1794 2670 1850 sui
2709 1793 2868 1850 obiit.

1994 1886 2210 1960 (Joan.)
2261 1889 2609 1942 Romanorum
2665 1881 2755 1935 55.
2815 1883 2918 1936 Leo
2965 1877 3150 1948 junior
3204 1890 3329 1931 mox
3375 1875 3564 1946 paucis
3669 1879 3672 1882 ’

1920 1977 2178 2034 mensibus
2225 1973 2448 2046 puerile,
2507 1973 2800 2029 ordinante
2858 1976 3038 2024 tamen
3098 1971 3272 2037 patre,
3332 1965 3566 2020 rexisset

1920 2068 2228 2138 imperium,
2280 2078 2441 2120 manu
2489 2076 2588 2118 sua
2633 2073 2897 2132 generum
2943 2071 3101 2113 suum
3149 2058 3422 2112 Zenonem
3471 2065 3566 2108 co-

1920 2171 2124 2213 ronans
2173 2156 2673 2223 imperatoremque
2711 2148 3073 2211 constituens,
3113 2144 3278 2200 rebus
3314 2141 3569 2197 humanis

1919 2244 2178 2301 excessit.
2227 2245 2410 2299 Zenon
2459 2245 2640 2296 autem
2690 2236 2913 2292 natione
2959 2236 3198 2298 Isaurus,
3231 2244 3402 2302 gener
3427 2231 3568 2285 Leo-

1920 2336 2004 2391 nis
2063 2332 2430 2404 imperatoris,
2484 2326 2731 2400 regnavit
2782 2324 2942 2380 annis
2999 2321 3082 2375 l7.
3152 2322 3264 2375 Hec
3312 2317 3568 2373 Iordanis

1920 2423 2236 2494 episcopus,
2288 2427 2343 2478 et
2399 2421 2508 2476 hoc
2566 2422 2650 2474 est
2703 2418 2859 2486 juxta
2917 2413 3215 2468 Romanam
3280 2405 3565 2462 historiam

1919 2513 2067 2582 quod
2113 2515 2222 2568 Leo
2270 2511 2458 2567 senior
2498 2515 2679 2564 tamen
2727 2504 2973 2575 regnavit
3013 2498 3173 2556 annis
3215 2496 3280 2550 16
3325 2509 3389 2551 ac
3417 2507 3568 2550 men-

1919 2601 2074 2656 sibus
2100 2601 2136 2654 6
2163 2599 2340 2670 (138),
2372 2599 2478 2654 hoc
2526 2602 2610 2652 est
2656 2608 2831 2664 usque
2880 2591 2998 2647 Kal.
3047 2586 3312 2644 Januarii.
3353 2615 3422 2624 —
3464 2583 3562 2655 (cf.

1919 2691 2108 2759 Bena.)
2157 2690 2217 2743 1n
2264 2687 2460 2743 eodem
2506 2698 2651 2740 anno
2708 2683 2790 2749 l6,
2843 2694 2952 2751 quo
3002 2680 3112 2734 Leo
3162 2675 3321 2738 obiit,
3381 2673 3561 2728 Theo-

1919 2779 2108 2834 dricus
2145 2775 2297 2848 (139)
2333 2790 2431 2831 rex
2480 2775 2706 2829 Romam
2754 2769 3016 2835 obtinuit,
3067 2773 3315 2834 tempore
3364 2761 3564 2817 Leonis

256 2847 386 2904 487.
418 2849 472 2904 8.
510 2849 784 2920 [CCCCva]
819 2849 1026 2921 (Cass)
1058 2852 1418 2908 Arminericus
1445 2856 1494 2907 et
1523 2851 1831 2908 Basiliscus.
1912 2847 2174 2937 junioris,

186 2939 423 2993 Severus
471 2939 638 2994 Rome
687 2939 742 2994 in
791 2939 995 3010 palatio
1033 2938 1222 2996 fraude
1271 2942 1575 2997 Ricemeris
1621 2955 1833 2997 veneno

188 3026 512 3094 peremitur.

1986 2959 2336 3012 Romanorum
2380 2950 2470 3007 56.
2525 2952 2713 3006 Zenon
2764 2945 3004 3016 regnauit
3049 2940 3328 2998 secundum
3387 2953 3563 2993 omnes

1853 3025 1894 3084 Ο
1919 3044 2072 3099 annis
2107 3041 2190 3108 l7,
2232 3041 2338 3096 hoc
2377 3044 2461 3095 est
2498 3052 2672 3108 usque
2712 3035 2831 3091 Kal.
2871 3031 3136 3097 Januarii,
3177 3031 3232 3084 in
3271 3039 3416 3083 anno
3455 3025 3560 3078 479

253 3113 382 3168 488.
416 3114 470 3170 9.
513 3115 808 3186 [CCCCLXVI]
857 3115 1057 3186 (BEDA.)
1107 3118 1214 3172 Leo
1245 3117 1429 3186 junior
1463 3116 1498 3170 3
1535 3115 1827 3173 consulatu.

1941 3137 2040 3188 μοδι
2085 3131 2415 3201 passionem.
2456 3127 2568 3183 Sub
2598 3139 2708 3196 quo
2747 3123 2804 3179 hi
2835 3120 3092 3178 consules
3138 3116 3380 3183 fuerunt,
3414 3120 3555 3170 teste

186 3201 513 3258 Theodorus
559 3204 840 3273 predictus
887 3204 1183 3274 episcopus
1219 3205 1380 3261 Ciriae
1417 3205 1612 3260 scribit
1649 3205 1828 3261 histo-
1911 3201 2262 3277 Cassiodom,

188 3289 319 3346 riam
369 3293 806 3361 aaclesiasticam,
838 3307 963 3363 quee
1011 3293 1301 3363 Tripertita
1347 3295 1552 3350 dicitur
1603 3294 1826 3365 (Bima),

1981 3319 2108 3374 497.
2148 3320 2194 3374 1.
2231 3315 2538 3389 [CCCCLxxv]
2575 3314 2772 3385 (Cass)
2819 3312 2922 3365 Pro
2966 3305 3164 3362 consul.
3205 3302 3393 3359 Leonis
3430 3314 3556 3389 (tua.

187 3381 371 3483 ifilli
396 3383 662 3483 lib‘jomm
704 3383 947 3483 Εηδῗδξίν
981 3383 1038 3439 id
1075 3390 1161 3483 es!
1188 3384 1256 3483 εξ)
1287 3397 1432 3483 mf“)
1565 3386 1831 3483 0.0mm-
1901 3408 2150 3476 junioris.
2199 3381 2440 3469 drestes,
2491 3381 2702 3469 Nepote
2751 3398 2807 3452 in
2853 3393 3146 3450 Dalmatias
3191 3389 3402 3458 fugato,
3444 3386 3557 3440 tilio

188 3471 287 3564 tini
323 3473 528 3542 Magni,
561 3487 735 3564 usque
770 3471 840 3564 ad
888 3472 1303 3564 tempushujus
1349 3471 1549 3528 Leonis
1594 3473 1829 3542 impera—
1902 3471 2228 3564 'Auguswjo
2259 3491 2412 3547 dedit
2440 3488 2750 3557 imperium.

187 3559 338 3627 toris,
376 3574 492 3630 quo
522 3567 578 3616 et
607 3562 724 3631 ipse
754 3561 1050 3630 episcopus
1079 3559 1236 3614 obiit.

1983 3590 2109 3644 498.
2140 3590 2195 3643 2.
2231 3585 2561 3659 [CCCCLXXVI]
2601 3580 2791 3654 (Cass)
2827 3576 3114 3634 Basiliscus
3143 3571 3178 3625 2
3205 3577 3253 3626 et
3282 3572 3552 3659 Armatus.

252 3647 382 3704 489·
428 3648 508 3704 '0-
554 3647 878 3720 [CCCCLXVH]
944 3645 1145 3718 (CASS)
1199 3649 1396 3701 Ρ¹¹⁶⁸¹⁸³
1432 3650 1490 3734 νει
1544 3645 1826 3701 Ῑθὴαηηθδ·
1911 3679 1991 3734 Ab
2029 3645 2309 3734 OdovaCre
2354 3645 2578 3730 Orestes
2607 3645 2678 3726 ‘et
2725 3645 2893 3723 frater
2940 3667 3060 3734 ejus
3106 3660 3306 3717 Paulus
3354 3656 3554 3714 occissi

190 3736 516 3793 Anthemius
553 3752 584 3793 a
633 3740 814 3793 Leone
864 3738 1195 3807 imperatore
1224 3735 1291 3789 ad
1322 3733 1529 3789 Italiam
1575 3734 1828 3799 mittitur,

190 3825 277 3892 qui
325 3827 498 3882 tertio
556 3827 655 3897 [ab]
709 3827 855 3883 Urbe
907 3825 1164 3891 miliario,
1206 3824 1262 3878 in
1307 3822 1430 3879 loco
1479 3824 1828 3888 Brontontas,

189 3914 432 3984 suscepit
460 3915 769 3984 imperium.

255 4001 380 4056 490.
441 4003 522 4058 ll.
578 4002 912 4074 [CCCCvauI]
966 4000 1163 4074 (Cass)
1210 3999 1513 4056 Anthemius
1567 4001 1832 4070 Augustus

191 4088 226 4142 2
250 4107 422 4147 conss.
458 4092 802 4148 Marcellinus
830 4092 1104 4149 occiditur
1132 4090 1188 4146 in
1219 4090 1424 4146 Sicilia.

259 4179 386 4235 491.
422 4178 505 4234 12.
542 4180 833 4252 [CCCCLxlx]
868 4180 1073 4252 (Cass)
1105 4180 1410 4235 Marcianus
1436 4183 1484 4233 et
1506 4180 1654 4234 Zeno
1685 4181 1741 4234 V.
1766 4181 1826 4236 0.

196 4270 518 4326 Arabundus
554 4271 844 4341 imperium
875 4276 1167 4340 temptans,
1193 4271 1350 4339 jussu
1379 4268 1632 4324 Anthemi
1663 4267 1828 4323 exilio

203 4355 572 4428 [deportatur].

1913 3774 2080 3833 sunt;
2121 3777 2431 3833 nomenque
2470 3763 2617 3832 regis
2651 3759 2935 3815 Odovacer
2972 3749 3288 3821 assumpsit.

1984 3864 2108 3920 499.
2159 3863 2215 3918 3.
2268 3858 2618 3933 [CCCCLxxvn]
2669 3853 2854 3929 (1510.)
2893 3856 2996 3910 Pro
3044 3866 3188 3907 cons.
3239 3844 3463 3904 Basilici
3509 3849 3559 3899 et

1914 3953 2139 4011 Annali.
2183 3953 2291 4007 Iste
2331 3953 2553 4006 Zeunon
2592 3949 2851 4012 Leonem,
2891 3941 3107 4013 augusti
3155 3938 3346 4004 tilium,
3379 3936 3558 3991 inter-

1914 4051 2078 4104 ﬁcere
2117 4041 2372 4112 quesivit.

1981 4140 2110 4195 500.
2159 4139 2215 4194 4.
2271 4135 2647 4210 [CCCCLxxvm]
2699 4132 2850 4190 Ellus
2886 4134 2952 4188 ι.
2984 4131 3042 4187 0.
3093 4125 3318 4184 conssul.
3370 4123 3477 4179 Sed
3498 4122 3561 4154 ευ

1913 4236 2086 4286 mater
2114 4231 2234 4298 ejus
2265 4240 2364 4298 pro
2396 4240 2462 4281 eo
2491 4224 2658 4280 alium
2691 4221 2863 4277 forma
2901 4218 3134 4274 similem
3165 4213 3388 4284 ontulit.

1848 4349 1898 4407 D
1988 4325 2117 4380 501.
2147 4325 2202 4380 5.
2239 4321 2566 4394 [CCCCLxxix]
2601 4321 2787 4374 Zenon
2814 4330 2937 4383 aug.
2969 4313 3005 4366 2
3031 4325 3202 4366 conss.
3238 4311 3475 4364 Leonem
3497 4305 3564 4339 ³³³

267 4405 387 4502 4r92.
441 4405 547 4502 13.1
581 4444 850 4518 [CCCCLXX]
902 4443 1098 4517 (Cass)
1148 4444 1374 4500 Seuerus
1419 4447 1468 4497 et
1514 4405 1876 4499 Jordannes:
1918 4413 2294 4518 vef‘iocfulfe
2325 4405 2764 4518 Clericu‘mfecﬁ-

200 4533 470 4590 Romanus
516 4535 799 4606 patricius,
841 4532 1104 4589 aﬁ‘ectans
1141 4531 1451 4601 imperium,
1488 4530 1828 4601 [capitaliter]

199 4629 498 4680 truncatur.
530 4625 768 4680 Hilarius
799 4637 938 4694 papa
967 4622 1106 4679 obiit
1133 4620 1169 4674 9
1199 4620 1317 4679 Kal.
1350 4619 1547 4676 Martii.

266 4713 566 4785 Simplicius
601 4728 746 4784 papa
773 4711 844 4764 46
867 4716 986 4783 post
1015 4713 1242 4778 Petrum,
1275 4709 1360 4780 qui
1392 4708 1526 4763 sedit
1561 4708 1712 4763 annis
1747 4707 1832 4766 15.

1985 4510 2110 4565 502.
2143 4509 2197 4564 6.
2236 4505 2540 4579 [CCCCLxxx]
2582 4501 2814 4559 Basilius
2845 4497 3027 4568 junior
3054 4507 3226 4550 conss.
3257 4490 3471 4560 Quique
3493 4487 3558 4520 ³³³

1916 4600 1970 4656 in
2001 4598 2262 4655 clericatu
2294 4608 2468 4664 usque
2497 4592 2564 4647 ad
2593 4589 2792 4646 Justini
2824 4595 3071 4655 tempora
3099 4580 3256 4636 vixit.

1986 4694 2113 4749 503.
2160 4693 2216 4748 7.
2265 4688 2602 4763 [coccum]
2660 4685 2850 4753 tCass.)
2907 4679 3148 4738 Placidus
3189 4678 3246 4741 ν.
3279 4676 3338 4732 0.
3383 4689 3552 4729 conss.

419 4764 839 4872 Vl4'.W—[CCCCLxx1]
867 4764 1082 4869 (Cass)
1131 4764 1241 4852 Leo
1269 4764 1517 4866 augustas
1545 4794 1580 4846 4
1617 4800 1667 4849 et
1707 4764 1837 4851 Ριοο..
1913 4785 2195 4840 Odovacer
2223 4781 2280 4836 in
2309 4778 2588 4835 Dalmatiis
2616 4775 2839 4831 Odviam
2868 4771 3038 4825 vincit
3065 4773 3121 4822 et
3151 4764 3389 4836 Ρθτίωίίο

202 4887 400 4945 bianus.
438 4893 612 4960 Aspar
654 4888 904 4944 affectate
948 4886 1242 4944 tirannidis
1287 4884 1765 4954 Constantinopoli
1804 4898 1835 4939 a

204 4979 379 5037 Leone
407 4980 740 5051 imperatore
769 4977 1060 5035 occiditur.

1987 4881 2112 4936 504.
2152 4880 2206 4935 8.
2244 4874 2593 4950 [CCCCLxxxn]
2645 4871 2736 4939 (cf.
2778 4870 2814 4926 l.
2851 4869 3020 4942 pont.)
3071 4863 3354 4922 Severinus
3396 4862 3469 4950 ν.
3494 4861 3554 4916 0.

1917 4986 2089 5027 conss.
2136 4947 2474 5038 Simplicium
2523 4975 2664 5034 papa
2700 4959 2948 5017 Acatium
2992 4947 3560 5020 Constantinopolita-

1557 5089 1778 5144 VARIJE
1815 5085 2199 5145 LECTIONES.

268 5191 305 5224 “
336 5195 464 5250 Haac
489 5206 595 5248 sec.
626 5205 784 5246 manu
806 5190 861 5245 in
887 5187 1001 5245 loco
1037 5203 1183 5257 raso.
1259 5186 1323 5220 δι’
1359 5187 1564 5244 Eadem
1592 5187 1783 5242 iterum
1811 5189 1866 5242 in
1902 5200 2071 5256 marg.
2101 5181 2200 5256 fol.
2237 5177 2338 5235 145
2365 5191 2523 5234 manu
2547 5175 2778 5233 secunda
2804 5172 3003 5243 scripta
3031 5171 3172 5224 sunt.
3218 5223 3219 5226 η
3248 5163 3313 5197 ⁸⁸³
3341 5175 3458 5218 cum
3490 5177 3545 5218 α.

1776 5329 1992 5384 NOTAE.

206 5261 307 5317 499
333 5262 692 5334 conjungenda
718 5265 857 5316 sunt.

277 5430 435 5575 (138;
464 5433 526 5488 1n
562 5429 802 5489 Historia
830 5427 1073 5512 miscella
1105 5426 1170 5480 17
1198 5428 1356 5484 annis
1384 5440 1642 5500 regnasse
1669 5426 1892 5484 dicitur.

311 5501 411 5558 139
468 5505 542 5560 De
564 5499 1154 5569 Odovacare-loquttur
1182 5498 1361 5555 Beda.-

311 5498 435 5569 139)
468 5505 542 5560 De
564 5499 1154 5569 Odovacare-loquitur
1182 5498 1361 5555 Beda.-
