4000 6158
221 289 322 346 733

1485 297 1892 354 CHRONICON.
1933 325 2006 336 -—
2042 296 2170 349 LIB.
2212 296 2300 349 lll.

3473 300 3578 356 734

217 416 552 474 Simmaehus
580 431 720 488 papa
757 418 926 474 multa
956 418 1296 476 aclesiarum
1338 421 1539 492 [opera]
1580 435 1612 478 a
1654 421 2164 490 funda-Ascopum
2222 418 2470 489 aliosque
2528 418 2597 474 ad
2642 420 2982 476 Anastasium
3039 422 3424 492 imperatorem
3479 426 3580 486 do-

215 505 410 562 mentis
439 506 664 572 creavit,
696 506 778 562 vel
818 507 998 577 prisca
1028 510 1326 566 renovavit.

482 593 626 664 (Cod.
658 594 712 649 in
742 609 936 664 marg.,
966 595 1148 651 Ciclus
1177 596 1310 652 solis
1347 595 1581 667 incipit]

278 679 407 735 527.
444 680 528 736 14.
575 680 679 752 [nv]
720 682 958 740 Messala
995 689 1044 738 et
1071 684 1381 741 Ariobinna.
1421 685 1500 741 Ad
1539 685 1604 717 ⁸⁵⁸
1632 685 1851 742 beatum

213 773 430 826 Petrum
478 776 534 826 et
581 771 799 827 beatum
850 773 1073 830 Paulum
1120 781 1176 830 et
1222 775 1440 832 beatum
1497 778 1850 832 Laurentium

213 859 547 929 pauperibus
570 859 881 916 habitacula
915 861 1278 933 [construxit.]

276 947 405 1004 528.
452 947 537 1002 15.
573 948 699 1020 [οη]
739 950 1061 1006 Anastasius
1090 956 1342 1021 angustus
1367 950 1422 1008 3.
1455 959 1506 1008 et
1545 954 1848 1010 Venantius.

206 1036 272 1092 Et
318 1037 469 1093 omni
507 1051 653 1094 anno
692 1052 792 1108 per
819 1037 1051 1095 Africam
1091 1040 1175 1096 vel
1224 1041 1530 1097 Sardiniam
1576 1041 1854 1112 episcopis

204 1123 298 1196 qui
339 1125 396 1180 in
444 1125 610 1182 exilio
649 1134 806 1182 erant
850 1129 1132 1197 peccunia
1171 1133 1226 1184 et
1261 1135 1441 1186 vestes
1486 1131 1850 1187 ministrabat.

271 1211 402 1269 529.
454 1211 537 1268 16.
591 1214 732 1285 [nvu]
782 1214 978 1286 (Cass.)
1036 1217 1322 1272 Venantius
1362 1218 1543 1286 junior
1586 1223 1635 1274 et
1682 1218 1849 1277 Celer.

201 1300 507 1358 Thedricus
534 1308 727 1360 contra
756 1305 997 1360 Francos
1034 1306 1204 1361 mittit
1243 1306 1564 1363 exercitum.

268 1389 400 1446 530.
448 1391 530 1446 17.
589 1391 757 1463 [nvm]
803 1395 1134 1464 Importunas
1190 1397 1248 1450 V.
1299 1396 1359 1451 0.
1399 1396 1500 1462 Qui
1542 1395 1601 1427 ³³¹
1650 1394 1853 1451 Gallias

199 1481 536 1536 Francorum
573 1480 969 1550 depredatione
1011 1481 1286 1551 confusas,
1319 1483 1479 1540 victis
1505 1484 1760 1541 hostibus
1786 1497 1852 1540 ac

196 1566 420 1639 fugatis,
460 1582 563 1625 suo
591 1569 930 1639 adquessivit
957 1570 1213 1640 imperio.

265 1655 397 1712 531.
463 1657 546 1713 18.
601 1657 724 1729 [nix]
770 1658 944 1729 (1511).)
982 1661 1197 1714 Boetius
1248 1661 1308 1715 V.
1360 1660 1420 1716 0.
1466 1675 1639 1717 conss.
1689 1661 1846 1730 Apud

194 1745 541 1817 Cartaginem
587 1747 870 1818 Olympius
933 1747 1187 1819 [quidam]
1217 1748 1479 1806 Arrianus
1522 1750 1580 1806 in
1634 1739 1915 1807 balneisB

191 1841 440 1891 sanctam
467 1835 790 1892 Trinitatem
821 1835 1126 1892 blasfemat.

263 1922 396 1978 532.
443 1923 526 1978 19.
583 1924 685 1996 [nx]
736 1923 895 1981 Felix
930 1930 980 1981 et
1028 1925 1379 1983 Secundinus.
1411 1926 1517 1982 Sed
1547 1925 1613 1958 ³⁸³
1640 1927 1843 1992 statim,

192 2011 341 2082 ignis
363 2012 543 2082 jacula
573 2013 914 2080 imminente,
946 2013 1239 2070 visibiliter
1276 2019 1360 2069 est
1388 2015 1726 2071 combustus.

261 2099 395 2154 533.
434 2099 524 2155 ω.
580 2100 702 2172 [nn]
760 2103 930 2174 (1311).)
969 2101 1262 2158 Paulus’et
1307 2103 1668 2160 Musonianus.
1712 2106 1847 2160 Bar-

191 2188 366 2244 nabas
395 2201 617 2260 quoque
645 2191 872 2260 quidam
900 2193 1164 2248 Arrianus
1207 2193 1504 2264 episcOpus
1547 2193 1676 2250 dum
1707 2206 1846 2249 con-

191 2282 278 2333 tra
346 2277 590 2349 regulam
665 2278 793 2335 ﬂdei
859 2280 1132 2350 quendam
1197 2281 1478 2337 babtizans
1545 2282 1777 2338 dixisset
1832 2297 1845 2332 :

191 2383 222 2415 α
274 2365 499 2421 Babtizo
529 2373 606 2432 te,
650 2367 937 2434 Barrabas,
979 2369 1035 2422 in
1063 2369 1288 2424 nomine
1318 2370 1498 2425 Patris
1525 2384 1624 2439 per
1653 2370 1848 2426 Filium

189 2455 251 2509 in
303 2453 513 2522 Spiritu
562 2455 783 2521 Sancto,
834 2469 865 2509 n
911 2455 1093 2510 statim
1149 2469 1320 2526 aqua,
1369 2471 1494 2526 qua
1548 2457 1726 2514 fuerat
1779 2457 1849 2514 ad

191 2540 588 2597 babtizandum
637 2541 944 2612 deportata,
994 2557 1262 2614 nusquam
1319 2547 1643 2615 comparuit.
1693 2547 1847 2614 Quod

187 2628 476 2699 aspiciens
514 2629 609 2699 qui
653 2630 1015 2688 babtizandus
1059 2638 1196 2699 erat,
1247 2632 1536 2690 confestim
1574 2635 1641 2690 ad
1691 2634 1853 2691 acle-

186 2718 334 2773 siam
394 2717 721 2775 cbatolicam
779 2721 952 2788 abiit,
1011 2726 1068 2778 et
1117 2722 1445 2779 babtismum
1504 2724 1705 2780 Christi
1761 2738 1850 2780 su-

189 2805 396 2877 sceplt.

259 2896 374 2949 Iste
420 2893 485 2926 ³³³
531 2909 698 2950 annus
745 2897 1038 2952 nativitatis
1073 2899 1286 2954 Domini
1319 2899 1596 2954 secundum
1645 2913 1853 2956 cursum

184 2982 317 3039 solis
345 2987 397 3038 et
425 2982 559 3039 lunt:
587 2985 641 3038 2.
673 2985 984 3041 continetur.

257 3070 388 3127 534.
428 3071 519 3128 21.
555 3072 698 3144 [nm]
734 3073 933 3129 Probus
969 3079 1018 3130 et
1048 3073 1412 3132 Clementinus.

193 3161 340 3232 (Cod.
369 3161 428 3216 in
455 3176 645 3232 marg.,
674 3161 856 3218 Ciclus
883 3162 972 3219 28.
1006 3163 1240 3220 decenn.
1272 3163 1468 3235 incipit
1496 3165 1612 3220 ind.
1644 3166 1838 3237 sexta.]

256 3248 390 3304 535.
443 3250 534 3307 22.
591 3251 756 3322 (1)1111]
813 3251 994 3323 (1511).)
1033 3254 1262 3309 Senator
1305 3255 1360 3308 V.
1413 3256 1472 3310 0.
1505 3269 1675 3310 conss.
1707 3255 1839 3311 Ful-

1943 510 2200 565 cendum.
2250 506 2451 579 (Jonn.)
2495 508 2810 564 Anastasius
2845 523 2975 566 vero
3019 525 3288 580 spernens
3315 521 3370 569 et
3398 515 3580 572 heresi

1932 596 2117 653 favens
2175 596 2480 653 Euthicetis
2519 639 2532 663 ,
2598 611 2720 652 cum
2776 597 3079 654 chatolicos
3153 600 3438 657 insecutus
3493 612 3579 659 est

1934 686 2165 742 diversis
2195 686 2445 756 partibus
2473 691 2528 741 et
2557 686 2807 756 partibus
2843 686 2927 753 ⁸⁵⁸,
2977 687 3323 745 inimicorum
3350 690 3580 748 vallatus

1932 775 2261 845 agminibus,
2302 789 2433 844 sepe
2481 787 2834 845 congemens,
2879 775 3067 832 divino
3115 775 3341 834 fulmine
3391 780 3578 849 periit.

1929 863 2186 918 Jordanis
2218 863 2512 932 episcopus
2548 862 2834 919 historiam
2864 868 2996 920 tunc
3026 865 3102 920 ita
3129 866 3354 936 scripsit
3381 887 3395 922 :
3429 869 3581 924 Ana-

1932 951 2132 1006 stasius
2174 951 2475 1020 imperator
2521 964 2741 1006 merens
2788 958 2843 1007 et
2890 951 3098 1020 furens,
3143 956 3318 1024 major
3355 959 3581 1027 octoge-

1931 1039 2088 1094 nario
2155 1039 2333 1094 atatis
2398 1051 2543 1094 anno
2607 1039 2876 1109 regnique
2940 1039 3030 1108 28,
3099 1042 3263 1098 rebus
3328 1043 3581 1100 humanis

1933 1129 2189 1185 excessit.
2222 1130 2250 1155 ί

2147 1218 2173 1244 *
2220 1229 2404 1271 manus
2450 1229 2569 1285 qua:
2613 1217 3047 1272 continuationem
3106 1233 3194 1273 an.
3252 1216 3577 1275 1126-1128.

2213 1303 2443 1374 scripsit,
2489 1303 2697 1358 addidit
2728 1324 2744 1357 :
2775 1305 3007 1360 Sanctus
3034 1307 3314 1377 Remigius
3341 1309 3584 1364 Francos

2215 1392 2284 1448 ad
2315 1392 2474 1448 tidem
2507 1392 2710 1448 Christi
2740 1402 3089 1461 convertens,
3123 1409 3244 1451 cum
3276 1409 3404 1467 rege
3435 1397 3583 1466 ipso-

2217 1495 2336 1537 rum
2366 1481 2640 1537 Clodeveo
2671 1481 2965 1550 baptizavit
2994 1496 3105 1539 uno
3135 1483 3224 1539 die
3265 1484 3371 1539 tria
3409 1485 3578 1541 milia.

2213 1569 2520 1626 Clodoveus
2549 1583 2646 1625 rex
2666 1570 2999 1624 Francorum
3030 1571 3178 1626 misit
3198 1573 3424 1627 Romam
3454 1587 3581 1629 san-

2215 1661 2305 1712 cto
2351 1658 2515 1712 Petro
2563 1670 2782 1712 auream
2839 1671 3100 1713 coronam
3146 1659 3248 1713 sub
3304 1658 3578 1715 Hormista

2211 1758 2350 1814 papa
2389 1751 2444 1800 et
2467 1744 2752 1800 Anastasio
2789 1743 3145 1814 imperatore.

1997 1835 2346 1890 Romanorum
2383 1833 2474 1888 58.
2531 1835 2768 1890 Justinus
2812 1833 2990 1888 senior
3035 1832 3338 1889 secundum
3394 1833 3575 1890 histo-

1928 1920 2063 1978 riam
2101 1923 2400 1978 Romanam
2449 1928 2504 1978 et
2553 1921 2847 1978 Jordanem
2904 1922 3246 1991 episcopum,
3299 1921 3393 1991 qui
3447 1926 3580 1977 tunc

1928 2011 2204 2068 cronicam
2253 2011 2594 2081 compossuit
2639 2018 2695 2066 et
2745 2011 2916 2078 vixit,
2965 2011 3254 2081 imperavit
3305 2010 3464 2066 annis
3518 2010 3576 2065 9.

1922 2101 2077 2171 juxta
2124 2105 2305 2156 autem
2357 2099 2557 2155 Bedam
2598 2105 2807 2155 tantum
2851 2101 3012 2155 annis
3048 2099 3102 2167 8,
3144 2100 3251 2156 hoc
3281 2105 3366 2155 est
3403 2113 3577 2170 usque

1929 2187 2048 2242 Kal.
2079 2190 2198 2243 Jan.
2233 2189 2288 2244 in
2328 2201 2472 2243 anno
2508 2187 2648 2258 [514.
2691 2196 2816 2257 post
2845 2188 3197 2258 passionem.]

1999 2273 2126 2329 541.
2181 2277 2228 2330 l.
2285 2276 2442 2346 [nam]
2495 2278 2586 2342 (H.
2642 2277 2734 2346 R.)
2789 2277 3031 2331 Rusticus
3077 2281 3126 2330 et
3184 2274 3366 2331 Vitatis
3403 2278 3462 2329 V.
3511 2278 3571 2332 0.

1927 2363 2176 2420 Justinus
2203 2377 2403 2420 nomen
2435 2363 2804 2419 hereticorum
2835 2364 2982 2432 cepit
3019 2363 3323 2433 extingere,
3355 2377 3578 2418 eorum-

1930 2466 2037 2522 que
2067 2453 2271 2523 ubique
2300 2452 2548 2508 aclesias
2571 2451 2840 2508 catholice
2866 2451 3201 2507 consecrari.

2001 2541 2128 2594 542.
2167 2541 2220 2597 2.
2269 2541 2406 2612 [cxx]
2468 2540 2673 2612 (Jonn.)
2718 2539 2956 2596 Valerius
2991 2546 3042 2596 et
3091 2541 3436 2597 Justinianus.
3485 2541 3580 2595 Ju-

1932 2629 2110 2684 stinus
2166 2631 2474 2685 Amantium
2540 2630 2908 2700 prepossitum
2948 2629 3135 2699 palatii
3197 2635 3253 2684 et
3307 2627 3577 2684 Andream

1933 2717 2328 2773 cubicularium
2360 2718 2585 2785 occidit,
2625 2718 2900 2774 Misaelem
2947 2724 3002 2773 et
3047 2717 3384 2774 Ardaburem
3421 2717 3579 2773 cubi-

1936 2805 2178 2862 cularios
2206 2806 2482 2862 Sardicam
2514 2807 2574 2861 in
2604 2807 2823 2862 exilium
2855 2806 3052 2861 missit.

2002 2893 2128 2950 543.
2178 2893 2232 2951 3.
2279 2895 2435 2964 [nxx1]
2489 2893 2600 2964 (lib.
2633 2895 2809 2966 pont.)
2870 2893 3197 2951 Simmachus
3239 2897 3289 2949 et
3339 2892 3575 2948 Boetius.

1932 2983 2208 3037 Hormista
2239 2996 2379 3052 papa
2409 2982 2548 3038 obiit
2574 2982 2629 3036 8.
2661 2983 2790 3038 Idus
2817 2983 3066 3053 Augusti,
3102 2982 3206 3052 [his
3235 2980 3576 3047 consulibus,

1859 3067 2227 3128 Csecundum
2291 3077 2444 3140 gesta
2511 3072 2870 3140 pontificum,
2933 3071 2987 3127 id
3054 3076 3138 3127 est
3202 3069 3431 3126 Maximo
3470 3069 3575 3139 ⁸³⁸].

1927 3160 2138 3230 [Sancta
2167 3159 2230 3190 ⁸⁸⁷
2277 3160 2477 3230 Brigita
2508 3163 2693 3217 Scotta
2726 3161 2877 3231 virgo
2907 3160 2964 3216 in
2995 3161 3256 3217 Hibernia
3285 3159 3465 3230 obiit.]

1992 3246 2117 3302 544.
2159 3247 2212 3303 4.
2249 3248 2429 3319 [nxxn]
2461 3250 2732 3305 Maximus
2773 3252 2828 3302 V.
2864 3251 2922 3306 Ο.
2955 3248 3154 3304 consul.
3186 3249 3452 3305 Johannes
3479 3247 3570 3301 52.

189 3338 415 3408 gentius
470 3340 766 3411 episcopus
821 3341 877 3396 in
934 3339 1282 3397 confessione
1340 3341 1464 3398 ﬁdei
1514 3348 1571 3398 et
1610 3343 1842 3400 scientia
1916 3350 2062 3407 papa
2101 3337 2254 3391 annis
2296 3337 2352 3403 2,
2406 3337 2665 3392 mensibus
2711 3337 2775 3390 10
2846 3338 2950 3408 [his
2988 3338 3330 3403 consulibus,
3368 3349 3573 3391 secun-

190 3427 402 3483 ﬂoruit.

256 3513 389 3570 536.
449 3513 538 3569 23.
601 3515 754 3586 [nnv]
815 3515 1031 3585 (Cass.)
1087 3517 1434 3574 Cassiodorus
1475 3515 1656 3572 consul
1710 3518 1838 3573 sic:

193 3604 332 3659 «Me
375 3603 540 3659 etiam
572 3603 820 3670 consule,
861 3604 918 3661 in
955 3610 1261 3661 vestrorum
1303 3605 1464 3661 laude
1513 3611 1840 3675 temporum,

192 3690 436 3747 adunato
471 3690 635 3762 [clero
664 3692 766 3762 vel]
806 3692 1010 3764 populo
1048 3695 1316 3759 Romano,
1362 3691 1628 3763 [aclesia]
1681 3693 1847 3748 rediit

191 3787 382 3850 optata
423 3780 739 3837 concordia.
774 3800 802 3833 »

261 3869 395 3924 537.
446 3869 536 3926 24.
596 3870 735 3940 [nxv]
797 3869 994 3939 (Cass.)
1052 3867 1385 3926 Florentinus
1427 3873 1476 3924 et
1520 3869 1846 3925 Anthemius.

193 3957 536 4014 Theodricus
582 3973 678 4014 rex
725 3958 889 4014 tiliam
935 3972 1089 4014 suam
1136 3958 1559 4014 Amalasuintam
1589 3958 1844 4015 Eutarico

195 4046 308 4102 viro
357 4046 606 4117 glorioso
656 4047 953 4117 c0pulavit,
997 4049 1131 4112 [Deo
1169 4047 1435 4119 auspice].
1491 4047 1849 4117 [Simmachus

199 4147 330 4203 papa
361 4134 505 4190 obiit
538 4133 620 4190 l4.
664 4135 780 4190 Kal.
813 4135 1043 4207 Agusti.]

267 4223 538 4279 Hormista
580 4239 726 4296 papa
771 4225 862 4280 51.
911 4229 1028 4296 post
1072 4226 1281 4280 Petrum
1309 4223 1398 4295 qui
1433 4223 1567 4280 sedit
1605 4225 1758 4280 annis
1787 4227 1841 4285 8.

204 4309 538 4379 (Hormisdas
577 4311 644 4343 ‘“
699 4311 900 4382 prefuit
947 4326 978 4367 a
1025 4311 1314 4368 consulatu
1351 4311 1634 4368 Senatoris
1669 4327 1843 4383 usque

205 4397 272 4452 ad
300 4400 640 4457 consulatum
668 4401 961 4457 Simmachi
991 4405 1048 4456 et
1085 4399 1339 4470 Boethii.]

272 4485 399 4542 538.
428 4489 515 4546 25.
554 4491 714 4561 [om]
751 4489 965 4561 (ωδε.)
1004 4491 1190 4546 Petrus
1233 4491 1292 4542 V.
1333 4489 1392 4545 0.
1431 4502 1602 4545 conss.
1634 4488 1842 4544 Eutha-

205 4575 348 4632 ricus
385 4578 574 4634 Cillica
603 4593 635 4635 a
671 4585 864 4636 senatu
889 4585 945 4635 et
983 4578 1144 4649 plebe
1183 4581 1446 4646 exceptus
1482 4581 1567 4632 est
1603 4577 1670 4632 ad
1703 4590 1842 4633 con-

199 4665 453 4722 sulatum.

267 4751 395 4808 539.
442 4755 533 4811 26.
598 4755 780 4827 [nxvn]
837 4754 924 4826 (cf.
975 4754 1012 4810 ι.
1062 4751 1235 4826 pont.)
1286 4751 1603 4809 Eutharicus
1658 4751 1846 4809 Cillica

198 4845 246 4895 et
291 4843 546 4899 Justinus.
581 4845 856 4901 Hormista
894 4857 1033 4915 papa
1072 4841 1410 4912 compossuit
1453 4839 1658 4896 clerum
1691 4841 1842 4910 psal-

204 4929 410 5000 misque
440 4933 697 4989 erudivit.

269 5019 397 5074 540.
445 5020 536 5078 27.
600 5020 802 5093 [omn]
857 5021 962 5090 (H.
1020 5019 1122 5089 Ii.)
1178 5018 1492 5076 Anastasius
1544 5016 1598 5074 4.
1671 5019 1727 5072 V.
1777 5019 1838 5075 0.

206 5107 475 5166 Hormista
531 5125 672 5181 papa
727 5110 904 5167 missit
956 5108 1263 5165 Ennodium
1309 5107 1672 5164 Ticiniensem
1722 5107 1840 5176 epi-

1923 3425 2052 3481 dum
2080 3431 2233 3496 gesta
2264 3426 2626 3494 pontificum].

1993 3512 2119 3566 545.
2168 3511 2224 3565 5.
2278 3512 2478 3582 [51111111]
2535 3515 2621 3575 (Η.
2663 3514 2751 3576 Ii.)
2798 3510 2950 3581 Opito
2989 3515 3037 3565 et
3073 3511 3306 3566 Justinus
3335 3514 3574 3578 agustus.

1923 3598 2264 3655 Theodricus
2301 3605 2502 3664 autem,
2533 3599 2797 3654 Arrianus
2823 3598 3126 3665 imperator
3154 3597 3346 3662 Italia,
3375 3596 3578 3653 Johan-

1927 3700 2050 3742 nem
2090 3699 2282 3755 papam
2315 3691 2368 3741 et
2399 3700 2519 3740 cum
2551 3699 2618 3741 eo
2647 3684 2994 3740 Theodorum
3035 3689 3090 3739 et
3127 3684 3415 3754 Agapitum
3444 3697 3578 3739 con-

1925 3775 2137 3830 sulares
2183 3774 2350 3842 viros,
2402 3780 2459 3830 et
2499 3776 2798 3844 Agapetum
2849 3773 3139 3842 patricium
3186 3773 3256 3828 ad
3302 3772 3576 3828 Justinum

1926 3863 2312 3932 imperatorem
2368 3861 2942 3932 Constantinopolim,
2991 3860 3390 3930 interminans,
3441 3859 3576 3915 nissi

1927 3952 2335 4008 dimitterentur
2389 3951 2619 4008 heretici
2675 3952 2730 4006 in
2791 3965 2924 4022 pace
2971 3951 3192 4017 sinere,
3237 3950 3356 4020 ipse
3411 3951 3575 4007 etiam

1927 4056 2118 4098 omnes
2168 4041 2337 4096 Italia
2391 4039 2575 4111 gladio
2632 4040 2947 4096 occidisset.
3020 4039 3236 4111 (831111.)
3297 4039 3578 4097 Johannes

1925 4145 2056 4188 vero
2113 4145 2253 4201 papa
2309 4130 2867 4200 ConstanstinOpolim
2932 4130 3179 4198 veniens,
3228 4128 3296 4184 ad
3360 4136 3572 4200 portam

1925 4235 2049 4292 qua
2092 4227 2320 4276 vocatur
2362 4221 2560 4287 Aurea,
2603 4219 2929 4289 p0pulorum
2970 4219 3146 4274 turbis
3183 4219 3236 4275 ei
3280 4232 3576 4276 accurren-

1926 4311 2074 4366 tibus
2102 4310 2156 4365 in
2197 4314 2500 4377 conspectu
2531 4308 2772 4363 omnium
2823 4308 3037 4376 roganti
3069 4319 3202 4362 ceco
3232 4305 3414 4362 lumen
3446 4307 3570 4361 red-

1856 4382 2089 4456 I)didit.
2150 4401 2240 4464 (H.
2301 4397 2388 4467 Ii.)
2443 4398 2690 4452 Justinus
2744 4401 2923 4450 autem
2989 4395 3288 4463 imperator
3350 4395 3571 4450 ﬂetibus

1928 4488 2271 4558 ligationum,
2313 4499 2413 4555 pro
2453 4491 2606 4540 certo
2645 4482 2962 4539 imminente
3002 4481 3136 4536 cede
3175 4480 3570 4538 chatolicorum

1928 4575 2258 4647 populorum
2307 4579 2508 4638 motus,
2557 4571 2835 4628 hereticos
2881 4569 3158 4626 dimittere
3202 4569 3389 4625 cessit.
3453 4569 3572 4639 [Co-

1928 4663 2155 4720 lumcilli
2180 4661 2425 4718 nascitur
2454 4663 2510 4717 in
2542 4660 2843 4730 Hibernia].

1994 4751 2120 4807 546.
2170 4751 2224 4808 6.
2271 4750 2476 4822 (nxxiv]
2532 4749 2739 4820 (81:011.)
2791 4747 2993 4804 Probus
3027 4746 3211 4816 junior
3253 4749 3302 4800 et
3359 4743 3571 4801 Fitoxe—

1924 4855 2021 4895 nus
2065 4855 2235 4896 conss.
2285 4838 2563 4894 Johannes
2590 4850 2722 4893 vero
2771 4849 2910 4906 papa
2949 4848 3070 4890 cum
3111 4832 3334 4889 rediens
3359 4833 3572 4887 Raven-

1923 4941 2047 4983 nam
2108 4927 2394 4992 venisset,
2477 4924 2816 4982 Theodricus
2887 4937 3010 4978 eum
3085 4935 3209 4978 cum
3274 4919 3572 4977 comitibus

1921 5016 2160 5073 carceris
2213 5014 2510 5071 afﬂictione
2563 5011 2832 5084 peremit,
2891 5010 3096 5066 invidia
3152 5009 3385 5074 ductus,
3441 5009 3571 5080 quia

1922 5105 2210 5162 chatolica
2259 5103 2481 5175 pietatis
2526 5100 2786 5159 defensor
2819 5100 3069 5157 Justinus
3103 5113 3228 5155 eum
3266 5099 3570 5155 honorifice

1563 5231 1787 5287 VARUE
1841 5231 2124 5287 LECTION
2131 5231 2207 5286 ES

276 5333 342 5366 ⁸⁸⁸
369 5347 481 5417 cum
508 5349 562 5390 a.
592 5332 719 5415 526.
749 5347 809 5416 co

211 5419 363 5461 manu
393 5420 452 5460 tn
476 5419 729 5475 margine.

805 5329 1106 5435 ztjungenda
1131 5333 1269 5385 sunt.
1363 5328 1422 5361 '"
1457 5345 1571 5385 cum
1607 5345 1660 5385 a.
1693 5327 1820 5384 529.
1854 5327 2238 5409 conjungenda.
2328 5325 2536 5408 “ﬁcum
2577 5339 2630 5379 a.
2662 5321 2790 5378 531.
2830 5321 3210 5404 conjungenda.
3305 5319 3370 5353 ⁸³³
3393 5321 3570 5390 prima

849 5402 870 5434 ι
899 5402 1006 5435 tum.
1027 5401 1078 5435 in
1107 5415 1256 5435 mnrn
1315 5415 1470 5435 manu
1502 5400 1728 5435 οιηηηιη
1783 5414 1898 5435 nm-
1926 5399 2081 5435 οιὸιηη
2115 5413 2258 5435 “ann
2285 5397 2541 5435 intimas»!
2592 5393 2750 5435 oin-Im
2781 5395 3052 5435 “armum
3083 5393 3218 5435 νιιι-
3251 5392 3323 5435 ad
3350 5408 3404 5435 n;
3437 5391 3566 5435 535-

896 5391 1006 5458 lu'zc
1027 5401 1082 5472 in
1107 5415 1277 5472 marg.
1315 5415 1473 5456 manu
1498 5400 1751 5472 secunda,
1782 5391 2258 5472 quinetiamsigno
2285 5393 2751 5472 indicaug,_uerba
2777 5391 3070 5472 ilormmta
3083 5393 3219 5472 Ylll.
3251 5392 3323 5472 ad
3350 5408 3405 5472 ᾳ.
3437 5391 3567 5472 535.

211 5490 322 5546 esse
348 5463 640 5546 referenda.
716 5474 780 5508 ³⁵³
808 5475 903 5530 ita.
942 5474 989 5528 1.
1064 5471 1130 5503 ³⁵⁸
1152 5463 1479 5528 ἱιᾱεεοιιηάα
1506 5487 1692 5529 manus
1711 5463 1821 5528 me
1851 5471 1923 5528 ad
1952 5486 2007 5526 a.
2037 5463 2179 5526 544$
2205 5467 2402 5526 retulit.
2477 5465 2542 5499 ³³⁷
2568 5465 2679 5521 hac
2702 5465 2927 5539 primum
2954 5480 3010 5520 a.
3039 5463 3168 5519 544.
3198 5464 3418 5536 scripta,
3450 5468 3568 5535 post

211 5545 668 5604 hacsuntrelata.
