  <div class='ocr_page' id='page_1' title='image "/cluster/home/n/w/nwhite01/storage/ocr_20150623/147/hvd.32044073505281/373.png"; bbox 0 0 4000 6158; ppageno 0'>
   <div class='ocr_carea' id='block_1_1' title="bbox 385 196 492 252">
    <p class='ocr_par' dir='ltr' id='par_1_1' title="bbox 385 196 492 252">
     <span class='ocr_line' id='line_1_1' title="bbox 385 196 492 252; baseline 0.028 -3"><span class='ocrx_word' id='word_1_1' title='bbox 385 196 492 252; x_wconf 85' lang='lat'><strong>735</strong></span> 
     </span>
    </p>
   </div>
   <div class='ocr_carea' id='block_1_2' title="bbox 1797 191 2348 252">
    <p class='ocr_par' dir='ltr' id='par_1_2' title="bbox 1797 191 2348 252">
     <span class='ocr_line' id='line_1_2' title="bbox 1797 191 2348 252; baseline -0.015 1"><span class='ocrx_word' id='word_1_2' title='bbox 1797 196 2078 252; x_wconf 71' lang='lat' dir='ltr'><strong>MARIANI</strong></span> <span class='ocrx_word' id='word_1_3' title='bbox 2115 191 2348 247; x_wconf 80' lang='lat' dir='ltr'><strong>SCOTTI</strong></span> 
     </span>
    </p>
   </div>
   <div class='ocr_carea' id='block_1_3' title="bbox 3667 183 3774 238">
    <p class='ocr_par' dir='ltr' id='par_1_3' title="bbox 3667 183 3774 238">
     <span class='ocr_line' id='line_1_3' title="bbox 3667 183 3774 238; baseline 0.028 -3"><span class='ocrx_word' id='word_1_4' title='bbox 3667 183 3774 238; x_wconf 79' lang='lat'><strong>736</strong></span> 
     </span>
    </p>
   </div>
   <div class='ocr_carea' id='block_1_4' title="bbox 387 307 3776 394">
    <p class='ocr_par' dir='ltr' id='par_1_4' title="bbox 387 307 3776 394">
     <span class='ocr_line' id='line_1_4' title="bbox 387 307 3776 394; baseline -0.004 -16"><span class='ocrx_word' id='word_1_5' title='bbox 387 321 744 392; x_wconf 78' lang='lat' dir='ltr'><strong>suscepisset.</strong></span> <span class='ocrx_word' id='word_1_6' title='bbox 788 319 884 390; x_wconf 88' lang='lat' dir='ltr'><strong>(cf.</strong></span> <span class='ocrx_word' id='word_1_7' title='bbox 935 320 1027 378; x_wconf 86' lang='lat' dir='ltr'><strong>lib.</strong></span> <span class='ocrx_word' id='word_1_8' title='bbox 1061 322 1230 394; x_wconf 82' lang='lat' dir='ltr'><strong>poni.)</strong></span> <span class='ocrx_word' id='word_1_9' title='bbox 1281 335 1392 392; x_wconf 91' lang='lat' dir='ltr'><strong>quo</strong></span> <span class='ocrx_word' id='word_1_10' title='bbox 1433 335 1597 384; x_wconf 87' lang='lat' dir='ltr'><strong>anno,</strong></span> <span class='ocrx_word' id='word_1_11' title='bbox 1629 321 1684 377; x_wconf 88' lang='lat' dir='ltr'><strong>id</strong></span> <span class='ocrx_word' id='word_1_12' title='bbox 1717 328 1801 378; x_wconf 90' lang='lat' dir='ltr'><strong>est</strong></span> <span class='ocrx_word' id='word_1_13' title='bbox 1829 314 2324 383; x_wconf 71' lang='lat' dir='ltr'><strong>consu-Aconsul.</strong></span> <span class='ocrx_word' id='word_1_14' title='bbox 2392 313 2675 370; x_wconf 89' lang='lat' dir='ltr'><strong>Bilizarius</strong></span> <span class='ocrx_word' id='word_1_15' title='bbox 2734 311 2998 382; x_wconf 85' lang='lat' dir='ltr'><strong>patricius</strong></span> <span class='ocrx_word' id='word_1_16' title='bbox 3061 311 3132 367; x_wconf 88' lang='lat' dir='ltr'><strong>de</strong></span> <span class='ocrx_word' id='word_1_17' title='bbox 3205 310 3389 367; x_wconf 80' lang='lat' dir='ltr'><strong>Persis</strong></span> <span class='ocrx_word' id='word_1_18' title='bbox 3448 307 3776 366; x_wconf 72' lang='lat' dir='ltr'><strong>mirabiliter</strong></span> 
     </span>
    </p>
   </div>
   <div class='ocr_carea' id='block_1_5' title="bbox 388 409 2036 479">
    <p class='ocr_par' dir='ltr' id='par_1_5' title="bbox 388 409 2036 479">
     <span class='ocr_line' id='line_1_5' title="bbox 388 409 2036 479; baseline -0.001 -13"><span class='ocrx_word' id='word_1_19' title='bbox 388 410 502 466; x_wconf 89' lang='lat' dir='ltr'><strong>latu</strong></span> <span class='ocrx_word' id='word_1_20' title='bbox 559 409 728 465; x_wconf 85' lang='lat' dir='ltr'><strong>Probi</strong></span> <span class='ocrx_word' id='word_1_21' title='bbox 775 410 1036 478; x_wconf 88' lang='lat' dir='ltr'><strong>junioris,</strong></span> <span class='ocrx_word' id='word_1_22' title='bbox 1098 411 1258 467; x_wconf 88' lang='lat' dir='ltr'><strong>etiam</strong></span> <span class='ocrx_word' id='word_1_23' title='bbox 1315 410 1677 465; x_wconf 90' lang='lat' dir='ltr'><strong>Simmachum</strong></span> <span class='ocrx_word' id='word_1_24' title='bbox 1748 409 2036 479; x_wconf 89' lang='lat' dir='ltr'><strong>patricium</strong></span> 
     </span>
    </p>
   </div>
   <div class='ocr_carea' id='block_1_6' title="bbox 392 497 2039 568">
    <p class='ocr_par' dir='ltr' id='par_1_6' title="bbox 392 497 2039 568">
     <span class='ocr_line' id='line_1_6' title="bbox 392 497 2039 568; baseline 0 -14"><span class='ocrx_word' id='word_1_25' title='bbox 392 501 666 555; x_wconf 79' lang='lat' dir='ltr'><strong>Ravenna:</strong></span> <span class='ocrx_word' id='word_1_26' title='bbox 712 499 938 554; x_wconf 89' lang='lat' dir='ltr'><strong>occidit.</strong></span> <span class='ocrx_word' id='word_1_27' title='bbox 978 500 1253 555; x_wconf 90' lang='lat' dir='ltr'><strong>Iohannes</strong></span> <span class='ocrx_word' id='word_1_28' title='bbox 1300 513 1439 568; x_wconf 89' lang='lat' dir='ltr'><strong>papa</strong></span> <span class='ocrx_word' id='word_1_29' title='bbox 1488 499 1626 553; x_wconf 88' lang='lat' dir='ltr'><strong>obiit</strong></span> <span class='ocrx_word' id='word_1_30' title='bbox 1671 497 1752 554; x_wconf 91' lang='lat'><strong>13.</strong></span> <span class='ocrx_word' id='word_1_31' title='bbox 1795 499 1912 554; x_wconf 86' lang='lat' dir='ltr'><strong>Kal.</strong></span> <span class='ocrx_word' id='word_1_32' title='bbox 1945 501 2039 554; x_wconf 88' lang='lat' dir='ltr'><strong>Iu-</strong></span> 
     </span>
    </p>
   </div>
   <div class='ocr_carea' id='block_1_7' title="bbox 396 586 2036 657">
    <p class='ocr_par' dir='ltr' id='par_1_7' title="bbox 396 586 2036 657">
     <span class='ocr_line' id='line_1_7' title="bbox 396 586 2036 657; baseline 0.001 -15"><span class='ocrx_word' id='word_1_33' title='bbox 396 587 510 653; x_wconf 91' lang='lat' dir='ltr'><strong>nii;</strong></span> <span class='ocrx_word' id='word_1_34' title='bbox 570 588 728 656; x_wconf 88' lang='lat' dir='ltr'><strong>cujus</strong></span> <span class='ocrx_word' id='word_1_35' title='bbox 775 601 977 656; x_wconf 89' lang='lat' dir='ltr'><strong>corpus</strong></span> <span class='ocrx_word' id='word_1_36' title='bbox 1033 586 1348 642; x_wconf 89' lang='lat' dir='ltr'><strong>translatum</strong></span> <span class='ocrx_word' id='word_1_37' title='bbox 1401 593 1486 642; x_wconf 91' lang='lat' dir='ltr'><strong>est</strong></span> <span class='ocrx_word' id='word_1_38' title='bbox 1542 593 1598 642; x_wconf 91' lang='lat' dir='ltr'><strong>et</strong></span> <span class='ocrx_word' id='word_1_39' title='bbox 1651 587 1926 657; x_wconf 88' lang='lat' dir='ltr'><strong>sepultum</strong></span> <span class='ocrx_word' id='word_1_40' title='bbox 1980 588 2036 644; x_wconf 91' lang='lat' dir='ltr'><strong>in</strong></span> 
     </span>
    </p>
   </div>
   <div class='ocr_carea' id='block_1_8' title="bbox 395 675 2038 745">
    <p class='ocr_par' dir='ltr' id='par_1_8' title="bbox 395 675 2038 745">
     <span class='ocr_line' id='line_1_8' title="bbox 395 675 2038 745; baseline 0.001 -14"><span class='ocrx_word' id='word_1_41' title='bbox 395 675 623 732; x_wconf 90' lang='lat' dir='ltr'><strong>basilica</strong></span> <span class='ocrx_word' id='word_1_42' title='bbox 671 676 844 731; x_wconf 89' lang='lat' dir='ltr'><strong>sancti</strong></span> <span class='ocrx_word' id='word_1_43' title='bbox 884 675 1028 730; x_wconf 86' lang='lat' dir='ltr'><strong>Petri</strong></span> <span class='ocrx_word' id='word_1_44' title='bbox 1078 675 1336 744; x_wconf 73' lang='lat' dir='ltr'><strong>apostoli.</strong></span> <span class='ocrx_word' id='word_1_45' title='bbox 1385 677 1559 745; x_wconf 85' lang='lat' dir='ltr'><strong>Hujus</strong></span> <span class='ocrx_word' id='word_1_46' title='bbox 1603 676 1870 733; x_wconf 80' lang='lat' dir='ltr'><strong>Johannis</strong></span> <span class='ocrx_word' id='word_1_47' title='bbox 1915 691 2038 732; x_wconf 92' lang='lat' dir='ltr'><strong>san-</strong></span> 
     </span>
    </p>
   </div>
   <div class='ocr_carea' id='block_1_9' title="bbox 394 763 2037 837">
    <p class='ocr_par' dir='ltr' id='par_1_9' title="bbox 394 763 2037 837">
     <span class='ocr_line' id='line_1_9' title="bbox 394 763 2037 837; baseline 0 -16"><span class='ocrx_word' id='word_1_48' title='bbox 394 770 518 821; x_wconf 92' lang='lat' dir='ltr'><strong>ctus</strong></span> <span class='ocrx_word' id='word_1_49' title='bbox 545 764 836 835; x_wconf 83' lang='lat' dir='ltr'><strong>Gregorius</strong></span> <span class='ocrx_word' id='word_1_50' title='bbox 864 777 1002 833; x_wconf 89' lang='lat' dir='ltr'><strong>papa</strong></span> <span class='ocrx_word' id='word_1_51' title='bbox 1022 765 1078 818; x_wconf 94' lang='lat' dir='ltr'><strong>in</strong></span> <span class='ocrx_word' id='word_1_52' title='bbox 1099 763 1241 819; x_wconf 85' lang='lat' dir='ltr'><strong>libro</strong></span> <span class='ocrx_word' id='word_1_53' title='bbox 1267 768 1367 831; x_wconf 87' lang='grc' dir='ltr'>(ιιι,</span> <span class='ocrx_word' id='word_1_54' title='bbox 1389 763 1460 830; x_wconf 89' lang='lat'><strong>2;</strong></span> <span class='ocrx_word' id='word_1_55' title='bbox 1494 779 1566 830; x_wconf 84' lang='lat' dir='ltr'><strong>1v,</strong></span> <span class='ocrx_word' id='word_1_56' title='bbox 1590 764 1676 835; x_wconf 87' lang='grc'><strong>30)</strong></span> <span class='ocrx_word' id='word_1_57' title='bbox 1697 765 2037 837; x_wconf 78' lang='lat' dir='ltr'><strong>dialogorum</strong></span> 
     </span>
    </p>
   </div>
   <div class='ocr_carea' id='block_1_10' title="bbox 397 853 820 909">
    <p class='ocr_par' dir='ltr' id='par_1_10' title="bbox 397 853 820 909">
     <span class='ocr_line' id='line_1_10' title="bbox 397 853 820 909; baseline -0.005 0"><span class='ocrx_word' id='word_1_58' title='bbox 397 853 664 909; x_wconf 78' lang='lat' dir='ltr'><strong>meminit.</strong></span> <span class='ocrx_word' id='word_1_59' title='bbox 817 869 820 872; x_wconf 75' lang='lat'><strong><em>&#39;</em></strong></span> 
     </span>
    </p>
   </div>
   <div class='ocr_carea' id='block_1_11' title="bbox 465 939 2038 1013">
    <p class='ocr_par' dir='ltr' id='par_1_11' title="bbox 465 939 2038 1013">
     <span class='ocr_line' id='line_1_11' title="bbox 465 939 2038 1013; baseline 0.003 -19"><span class='ocrx_word' id='word_1_60' title='bbox 465 941 593 996; x_wconf 90' lang='lat'><strong>547.</strong></span> <span class='ocrx_word' id='word_1_61' title='bbox 622 941 675 996; x_wconf 92' lang='lat'><strong>7.</strong></span> <span class='ocrx_word' id='word_1_62' title='bbox 706 939 875 1011; x_wconf 85' lang='lat' dir='ltr'><strong>[nxxv]</strong></span> <span class='ocrx_word' id='word_1_63' title='bbox 911 939 1132 1011; x_wconf 59' lang='lat'><strong>(830.4.)</strong></span> <span class='ocrx_word' id='word_1_64' title='bbox 1167 939 1398 997; x_wconf 86' lang='lat' dir='ltr'><strong>Olibrius</strong></span> <span class='ocrx_word' id='word_1_65' title='bbox 1444 944 1498 998; x_wconf 86' lang='lat' dir='ltr'><strong>V.</strong></span> <span class='ocrx_word' id='word_1_66' title='bbox 1531 943 1589 998; x_wconf 85' lang='lat'><strong>0.</strong></span> <span class='ocrx_word' id='word_1_67' title='bbox 1615 941 1812 998; x_wconf 81' lang='lat' dir='ltr'><strong>consul.</strong></span> <span class='ocrx_word' id='word_1_68' title='bbox 1835 945 1923 1008; x_wconf 88' lang='grc' dir='ltr'><strong>(Η.</strong></span> <span class='ocrx_word' id='word_1_69' title='bbox 1953 944 2038 1013; x_wconf 83' lang='lat' dir='ltr'><strong>R.)</strong></span> 
     </span>
    </p>
   </div>
   <div class='ocr_carea' id='block_1_12' title="bbox 395 1029 2037 1100">
    <p class='ocr_par' dir='ltr' id='par_1_12' title="bbox 395 1029 2037 1100">
     <span class='ocr_line' id='line_1_12' title="bbox 395 1029 2037 1100; baseline 0.002 -15"><span class='ocrx_word' id='word_1_70' title='bbox 395 1029 733 1085; x_wconf 89' lang='lat' dir='ltr'><strong>Theodricus</strong></span> <span class='ocrx_word' id='word_1_71' title='bbox 779 1036 957 1083; x_wconf 89' lang='lat' dir='ltr'><strong>autem</strong></span> <span class='ocrx_word' id='word_1_72' title='bbox 1007 1042 1152 1085; x_wconf 88' lang='lat' dir='ltr'><strong>anno</strong></span> <span class='ocrx_word' id='word_1_73' title='bbox 1195 1039 1461 1100; x_wconf 78' lang='lat' dir='ltr'><strong>sequente</strong></span> <span class='ocrx_word' id='word_1_74' title='bbox 1508 1032 1689 1086; x_wconf 88' lang='lat' dir='ltr'><strong>subita</strong></span> <span class='ocrx_word' id='word_1_75' title='bbox 1727 1039 1902 1088; x_wconf 92' lang='lat' dir='ltr'><strong>morte</strong></span> <span class='ocrx_word' id='word_1_76' title='bbox 1931 1035 2037 1088; x_wconf 83' lang='lat' dir='ltr'><strong>Ra-</strong></span> 
     </span>
    </p>
   </div>
   <div class='ocr_carea' id='block_1_13' title="bbox 395 1116 2039 1187">
    <p class='ocr_par' dir='ltr' id='par_1_13' title="bbox 395 1116 2039 1187">
     <span class='ocr_line' id='line_1_13' title="bbox 395 1116 2039 1187; baseline 0.003 -15"><span class='ocrx_word' id='word_1_77' title='bbox 395 1131 586 1172; x_wconf 71' lang='lat' dir='ltr'><strong>vennae</strong></span> <span class='ocrx_word' id='word_1_78' title='bbox 641 1117 825 1187; x_wconf 90' lang='lat' dir='ltr'><strong>periit.</strong></span> <span class='ocrx_word' id='word_1_79' title='bbox 874 1116 1036 1172; x_wconf 89' lang='lat' dir='ltr'><strong>Gothi</strong></span> <span class='ocrx_word' id='word_1_80' title='bbox 1081 1125 1262 1173; x_wconf 87' lang='lat' dir='ltr'><strong>autem</strong></span> <span class='ocrx_word' id='word_1_81' title='bbox 1308 1118 1699 1185; x_wconf 86' lang='lat' dir='ltr'><strong>Athalaricum,</strong></span> <span class='ocrx_word' id='word_1_82' title='bbox 1743 1135 1809 1176; x_wconf 88' lang='lat' dir='ltr'><strong>ex</strong></span> <span class='ocrx_word' id='word_1_83' title='bbox 1856 1121 2039 1177; x_wconf 90' lang='lat' dir='ltr'><strong>Theo-</strong></span> 
     </span>
    </p>
   </div>
   <div class='ocr_carea' id='block_1_14' title="bbox 399 1205 2036 1279">
    <p class='ocr_par' dir='ltr' id='par_1_14' title="bbox 399 1205 2036 1279">
     <span class='ocr_line' id='line_1_14' title="bbox 399 1205 2036 1279; baseline 0.003 -19"><span class='ocrx_word' id='word_1_84' title='bbox 399 1205 536 1260; x_wconf 91' lang='lat' dir='ltr'><strong>drici</strong></span> <span class='ocrx_word' id='word_1_85' title='bbox 567 1205 714 1276; x_wconf 84' lang='lat' dir='ltr'><strong>regis</strong></span> <span class='ocrx_word' id='word_1_86' title='bbox 741 1205 806 1236; x_wconf 82' lang='grc'><strong>⁸⁸⁸</strong></span> <span class='ocrx_word' id='word_1_87' title='bbox 844 1213 1050 1270; x_wconf 91' lang='lat' dir='ltr'><strong>natum,</strong></span> <span class='ocrx_word' id='word_1_88' title='bbox 1083 1221 1205 1261; x_wconf 91' lang='lat' dir='ltr'><strong>cum</strong></span> <span class='ocrx_word' id='word_1_89' title='bbox 1238 1215 1405 1263; x_wconf 84' lang='lat' dir='ltr'><strong>matre</strong></span> <span class='ocrx_word' id='word_1_90' title='bbox 1436 1209 1555 1278; x_wconf 86' lang='lat' dir='ltr'><strong>ejus</strong></span> <span class='ocrx_word' id='word_1_91' title='bbox 1582 1209 1688 1266; x_wconf 88' lang='lat' dir='ltr'><strong>sibi</strong></span> <span class='ocrx_word' id='word_1_92' title='bbox 1728 1210 2036 1279; x_wconf 83' lang='lat' dir='ltr'><strong>preﬁciunt.</strong></span> 
     </span>
    </p>
   </div>
   <div class='ocr_carea' id='block_1_15' title="bbox 400 1293 2040 1367">
    <p class='ocr_par' dir='ltr' id='par_1_15' title="bbox 400 1293 2040 1367">
     <span class='ocr_line' id='line_1_15' title="bbox 400 1293 2040 1367; baseline 0.002 -19"><span class='ocrx_word' id='word_1_93' title='bbox 400 1293 600 1363; x_wconf 70' lang='grc' dir='ltr'><strong>(ΒευΑ.)</strong></span> <span class='ocrx_word' id='word_1_94' title='bbox 651 1293 976 1350; x_wconf 77' lang='lat' dir='ltr'><strong>ileldericus</strong></span> <span class='ocrx_word' id='word_1_95' title='bbox 1023 1296 1410 1351; x_wconf 88' lang='lat' dir='ltr'><strong>Wandalorum</strong></span> <span class='ocrx_word' id='word_1_96' title='bbox 1467 1297 1580 1366; x_wconf 85' lang='lat' dir='ltr'><strong>[rex</strong></span> <span class='ocrx_word' id='word_1_97' title='bbox 1627 1299 1919 1367; x_wconf 85' lang='lat' dir='ltr'><strong>episcopos</strong></span> <span class='ocrx_word' id='word_1_98' title='bbox 1971 1298 2040 1352; x_wconf 92' lang='lat' dir='ltr'><strong>ab</strong></span> 
     </span>
    </p>
   </div>
   <div class='ocr_carea' id='block_1_16' title="bbox 398 1382 2044 1457">
    <p class='ocr_par' dir='ltr' id='par_1_16' title="bbox 398 1382 2044 1457">
     <span class='ocr_line' id='line_1_16' title="bbox 398 1382 2044 1457; baseline 0.004 -21"><span class='ocrx_word' id='word_1_99' title='bbox 398 1382 578 1438; x_wconf 84' lang='lat' dir='ltr'><strong>exiliis</strong></span> <span class='ocrx_word' id='word_1_100' title='bbox 620 1384 818 1439; x_wconf 84' lang='lat' dir='ltr'><strong>reverti</strong></span> <span class='ocrx_word' id='word_1_101' title='bbox 866 1389 922 1438; x_wconf 90' lang='lat' dir='ltr'><strong>et</strong></span> <span class='ocrx_word' id='word_1_102' title='bbox 973 1384 1219 1439; x_wconf 67' lang='lat' dir='ltr'><strong>aeclesias</strong></span> <span class='ocrx_word' id='word_1_103' title='bbox 1264 1387 1569 1442; x_wconf 88' lang='lat' dir='ltr'><strong>instaurare</strong></span> <span class='ocrx_word' id='word_1_104' title='bbox 1617 1389 1871 1456; x_wconf 88' lang='lat' dir='ltr'><strong>precipit,</strong></span> <span class='ocrx_word' id='word_1_105' title='bbox 1918 1393 2044 1457; x_wconf 90' lang='lat' dir='ltr'><strong>post</strong></span> 
     </span>
    </p>
   </div>
   <div class='ocr_carea' id='block_1_17' title="bbox 401 1471 2042 1545">
    <p class='ocr_par' dir='ltr' id='par_1_17' title="bbox 401 1471 2042 1545">
     <span class='ocr_line' id='line_1_17' title="bbox 401 1471 2042 1545; baseline 0.003 -20"><span class='ocrx_word' id='word_1_106' title='bbox 401 1484 577 1527; x_wconf 93' lang='lat' dir='ltr'><strong>annos</strong></span> <span class='ocrx_word' id='word_1_107' title='bbox 612 1471 683 1524; x_wconf 88' lang='lat'><strong>74</strong></span> <span class='ocrx_word' id='word_1_108' title='bbox 731 1472 988 1528; x_wconf 76' lang='lat' dir='ltr'><strong>heretica:</strong></span> <span class='ocrx_word' id='word_1_109' title='bbox 1038 1472 1452 1542; x_wconf 87' lang='lat' dir='ltr'><strong>profanationis.</strong></span> <span class='ocrx_word' id='word_1_110' title='bbox 1506 1476 1672 1545; x_wconf 83' lang='lat' dir='ltr'><strong>(1sm.)</strong></span> <span class='ocrx_word' id='word_1_111' title='bbox 1712 1478 1841 1532; x_wconf 82' lang='lat' dir='ltr'><strong>Post</strong></span> <span class='ocrx_word' id='word_1_112' title='bbox 1869 1478 2042 1531; x_wconf 89' lang='lat' dir='ltr'><strong>Tran-</strong></span> 
     </span>
    </p>
   </div>
   <div class='ocr_carea' id='block_1_18' title="bbox 400 1561 2046 1635">
    <p class='ocr_par' dir='ltr' id='par_1_18' title="bbox 400 1561 2046 1635">
     <span class='ocr_line' id='line_1_18' title="bbox 400 1561 2046 1635; baseline 0.003 -20"><span class='ocrx_word' id='word_1_113' title='bbox 400 1561 723 1616; x_wconf 91' lang='lat' dir='ltr'><strong>samundum</strong></span> <span class='ocrx_word' id='word_1_114' title='bbox 773 1561 1120 1627; x_wconf 88' lang='lat' dir='ltr'><strong>Hildericus,</strong></span> <span class='ocrx_word' id='word_1_115' title='bbox 1174 1577 1239 1618; x_wconf 90' lang='lat' dir='ltr'><strong>ex</strong></span> <span class='ocrx_word' id='word_1_116' title='bbox 1288 1564 1650 1620; x_wconf 85' lang='lat' dir='ltr'><strong>Valentiniani</strong></span> <span class='ocrx_word' id='word_1_117' title='bbox 1697 1565 2046 1635; x_wconf 88' lang='lat' dir='ltr'><strong>imperatoris</strong></span> 
     </span>
    </p>
   </div>
   <div class='ocr_carea' id='block_1_19' title="bbox 2119 404 2455 475">
    <p class='ocr_par' dir='ltr' id='par_1_19' title="bbox 2119 404 2455 475">
     <span class='ocr_line' id='line_1_19' title="bbox 2119 404 2455 475; baseline 0 -15"><span class='ocrx_word' id='word_1_118' title='bbox 2119 404 2455 475; x_wconf 87' lang='lat' dir='ltr'><strong>triumpavit.</strong></span> 
     </span>
    </p>
   </div>
   <div class='ocr_carea' id='block_1_20' title="bbox 2187 487 3777 562">
    <p class='ocr_par' dir='ltr' id='par_1_20' title="bbox 2187 487 3777 562">
     <span class='ocr_line' id='line_1_20' title="bbox 2187 487 3777 562; baseline -0.003 -14"><span class='ocrx_word' id='word_1_119' title='bbox 2187 495 2314 548; x_wconf 84' lang='lat'><strong>550.</strong></span> <span class='ocrx_word' id='word_1_120' title='bbox 2365 493 2417 548; x_wconf 91' lang='lat'><strong>2.</strong></span> <span class='ocrx_word' id='word_1_121' title='bbox 2472 490 2672 562; x_wconf 85' lang='lat' dir='ltr'><strong>[nxx1n]</strong></span> <span class='ocrx_word' id='word_1_122' title='bbox 2731 489 2897 560; x_wconf 57' lang='grc' dir='ltr'>ιιειυ.)</span> <span class='ocrx_word' id='word_1_123' title='bbox 2946 487 3135 543; x_wconf 79' lang='lat' dir='ltr'><strong>Decius</strong></span> <span class='ocrx_word' id='word_1_124' title='bbox 3189 489 3247 544; x_wconf 83' lang='lat' dir='ltr'><strong>V.</strong></span> <span class='ocrx_word' id='word_1_125' title='bbox 3297 488 3358 544; x_wconf 80' lang='lat'><strong>0.</strong></span> <span class='ocrx_word' id='word_1_126' title='bbox 3409 487 3612 543; x_wconf 82' lang='lat' dir='ltr'><strong>consul.</strong></span> <span class='ocrx_word' id='word_1_127' title='bbox 3644 488 3777 544; x_wconf 88' lang='lat' dir='ltr'><strong>Bili-</strong></span> 
     </span>
    </p>
   </div>
   <div class='ocr_carea' id='block_1_21' title="bbox 2119 574 3774 643">
    <p class='ocr_par' dir='ltr' id='par_1_21' title="bbox 2119 574 3774 643">
     <span class='ocr_line' id='line_1_21' title="bbox 2119 574 3774 643; baseline -0.005 -3"><span class='ocrx_word' id='word_1_128' title='bbox 2119 584 2298 640; x_wconf 91' lang='lat' dir='ltr'><strong>zarius</strong></span> <span class='ocrx_word' id='word_1_129' title='bbox 2325 596 2356 636; x_wconf 90' lang='lat' dir='ltr'><strong>a</strong></span> <span class='ocrx_word' id='word_1_130' title='bbox 2401 580 2712 636; x_wconf 91' lang='lat' dir='ltr'><strong>Iustiniano</strong></span> <span class='ocrx_word' id='word_1_131' title='bbox 2740 579 2798 634; x_wconf 91' lang='lat' dir='ltr'><strong>in</strong></span> <span class='ocrx_word' id='word_1_132' title='bbox 2837 576 3092 633; x_wconf 76' lang='lat' dir='ltr'><strong>Aﬁ&#39;ricam</strong></span> <span class='ocrx_word' id='word_1_133' title='bbox 3131 577 3349 643; x_wconf 90' lang='lat' dir='ltr'><strong>missus,</strong></span> <span class='ocrx_word' id='word_1_134' title='bbox 3382 574 3774 634; x_wconf 88' lang='lat' dir='ltr'><strong>Wandalorum</strong></span> 
     </span>
    </p>
   </div>
   <div class='ocr_carea' id='block_1_22' title="bbox 2119 669 2593 743">
    <p class='ocr_par' dir='ltr' id='par_1_22' title="bbox 2119 669 2593 743">
     <span class='ocr_line' id='line_1_22' title="bbox 2119 669 2593 743; baseline -0.015 -15"><span class='ocrx_word' id='word_1_135' title='bbox 2119 678 2340 743; x_wconf 84' lang='lat' dir='ltr'><strong>gentem</strong></span> <span class='ocrx_word' id='word_1_136' title='bbox 2371 669 2593 725; x_wconf 85' lang='lat' dir='ltr'><strong>delevit.</strong></span> 
     </span>
    </p>
   </div>
   <div class='ocr_carea' id='block_1_23' title="bbox 2188 752 3777 828">
    <p class='ocr_par' dir='ltr' id='par_1_23' title="bbox 2188 752 3777 828">
     <span class='ocr_line' id='line_1_23' title="bbox 2188 752 3777 828; baseline -0.004 -14"><span class='ocrx_word' id='word_1_137' title='bbox 2188 759 2315 814; x_wconf 89' lang='lat'><strong>551.</strong></span> <span class='ocrx_word' id='word_1_138' title='bbox 2365 758 2418 814; x_wconf 91' lang='lat'><strong>3.</strong></span> <span class='ocrx_word' id='word_1_139' title='bbox 2475 755 2668 828; x_wconf 85' lang='lat' dir='ltr'><strong>[nxx1x]</strong></span> <span class='ocrx_word' id='word_1_140' title='bbox 2741 753 2832 826; x_wconf 88' lang='lat' dir='ltr'><strong>(cf.</strong></span> <span class='ocrx_word' id='word_1_141' title='bbox 2873 753 2963 809; x_wconf 94' lang='lat' dir='ltr'><strong>lib.</strong></span> <span class='ocrx_word' id='word_1_142' title='bbox 2998 752 3167 825; x_wconf 77' lang='lat' dir='ltr'><strong>poni.)</strong></span> <span class='ocrx_word' id='word_1_143' title='bbox 3199 752 3523 824; x_wconf 76' lang='lat' dir='ltr'><strong>Lampadius</strong></span> <span class='ocrx_word' id='word_1_144' title='bbox 3558 758 3611 808; x_wconf 82' lang='lat' dir='ltr'><strong>et</strong></span> <span class='ocrx_word' id='word_1_145' title='bbox 3639 753 3777 810; x_wconf 80' lang='lat' dir='ltr'><strong>Ore-</strong></span> 
     </span>
    </p>
   </div>
   <div class='ocr_carea' id='block_1_24' title="bbox 2117 841 3777 913">
    <p class='ocr_par' dir='ltr' id='par_1_24' title="bbox 2117 841 3777 913">
     <span class='ocr_line' id='line_1_24' title="bbox 2117 841 3777 913; baseline -0.004 -8"><span class='ocrx_word' id='word_1_146' title='bbox 2117 853 2223 905; x_wconf 89' lang='lat' dir='ltr'><strong>stes</strong></span> <span class='ocrx_word' id='word_1_147' title='bbox 2277 847 2377 903; x_wconf 82' lang='lat' dir='ltr'><strong>uiri</strong></span> <span class='ocrx_word' id='word_1_148' title='bbox 2432 845 2713 901; x_wconf 78' lang='lat' dir='ltr'><strong>clarissimi</strong></span> <span class='ocrx_word' id='word_1_149' title='bbox 2760 842 3017 898; x_wconf 78' lang='lat' dir='ltr'><strong>consules.</strong></span> <span class='ocrx_word' id='word_1_150' title='bbox 3081 842 3196 913; x_wconf 84' lang='lat' dir='ltr'><strong>[His</strong></span> <span class='ocrx_word' id='word_1_151' title='bbox 3245 841 3569 898; x_wconf 83' lang='lat' dir='ltr'><strong>consulibus</strong></span> <span class='ocrx_word' id='word_1_152' title='bbox 3625 843 3777 899; x_wconf 82' lang='lat' dir='ltr'><strong>Felix</strong></span> 
     </span>
    </p>
   </div>
   <div class='ocr_carea' id='block_1_25' title="bbox 2125 931 2809 1007">
    <p class='ocr_par' dir='ltr' id='par_1_25' title="bbox 2125 931 2809 1007">
     <span class='ocr_line' id='line_1_25' title="bbox 2125 931 2809 1007; baseline -0.007 -15"><span class='ocrx_word' id='word_1_153' title='bbox 2125 951 2266 1007; x_wconf 87' lang='lat' dir='ltr'><strong>papa</strong></span> <span class='ocrx_word' id='word_1_154' title='bbox 2296 935 2437 992; x_wconf 92' lang='lat' dir='ltr'><strong>obiit</strong></span> <span class='ocrx_word' id='word_1_155' title='bbox 2463 934 2518 988; x_wconf 89' lang='lat'><strong>4.</strong></span> <span class='ocrx_word' id='word_1_156' title='bbox 2549 934 2632 992; x_wconf 90' lang='lat' dir='ltr'><strong>1d.</strong></span> <span class='ocrx_word' id='word_1_157' title='bbox 2671 931 2809 1001; x_wconf 83' lang='lat' dir='ltr'><strong>Oct.)</strong></span> 
     </span>
    </p>
   </div>
   <div class='ocr_carea' id='block_1_26' title="bbox 2188 1018 3779 1094">
    <p class='ocr_par' dir='ltr' id='par_1_26' title="bbox 2188 1018 3779 1094">
     <span class='ocr_line' id='line_1_26' title="bbox 2188 1018 3779 1094; baseline -0.004 -14"><span class='ocrx_word' id='word_1_158' title='bbox 2188 1023 2483 1094; x_wconf 83' lang='lat' dir='ltr'><strong>Bonifatius</strong></span> <span class='ocrx_word' id='word_1_159' title='bbox 2525 1037 2668 1093; x_wconf 85' lang='lat' dir='ltr'><strong>papa</strong></span> <span class='ocrx_word' id='word_1_160' title='bbox 2713 1020 2804 1075; x_wconf 95' lang='lat'><strong>54.</strong></span> <span class='ocrx_word' id='word_1_161' title='bbox 2851 1025 2968 1091; x_wconf 87' lang='lat' dir='ltr'><strong>post</strong></span> <span class='ocrx_word' id='word_1_162' title='bbox 3031 1021 3240 1075; x_wconf 87' lang='lat' dir='ltr'><strong>Petrum</strong></span> <span class='ocrx_word' id='word_1_163' title='bbox 3287 1019 3439 1074; x_wconf 84' lang='lat' dir='ltr'><strong>annis</strong></span> <span class='ocrx_word' id='word_1_164' title='bbox 3492 1018 3548 1074; x_wconf 93' lang='lat'><strong>2.</strong></span> <span class='ocrx_word' id='word_1_165' title='bbox 3617 1019 3779 1075; x_wconf 88' lang='lat' dir='ltr'><strong>Boni-</strong></span> 
     </span>
    </p>
   </div>
   <div class='ocr_carea' id='block_1_27' title="bbox 2120 1107 3773 1182">
    <p class='ocr_par' dir='ltr' id='par_1_27' title="bbox 2120 1107 3773 1182">
     <span class='ocr_line' id='line_1_27' title="bbox 2120 1107 3773 1182; baseline -0.004 -14"><span class='ocrx_word' id='word_1_166' title='bbox 2120 1112 2295 1168; x_wconf 90' lang='lat' dir='ltr'><strong>facius</strong></span> <span class='ocrx_word' id='word_1_167' title='bbox 2344 1125 2485 1182; x_wconf 89' lang='lat' dir='ltr'><strong>papa</strong></span> <span class='ocrx_word' id='word_1_168' title='bbox 2533 1111 2672 1167; x_wconf 91' lang='lat' dir='ltr'><strong>obiit</strong></span> <span class='ocrx_word' id='word_1_169' title='bbox 2709 1110 2798 1166; x_wconf 91' lang='lat' dir='ltr'><strong>dic</strong></span> <span class='ocrx_word' id='word_1_170' title='bbox 2852 1107 2937 1163; x_wconf 87' lang='lat'><strong>18.</strong></span> <span class='ocrx_word' id='word_1_171' title='bbox 2984 1110 3105 1164; x_wconf 88' lang='lat' dir='ltr'><strong>Oct.</strong></span> <span class='ocrx_word' id='word_1_172' title='bbox 3157 1107 3445 1164; x_wconf 88' lang='lat' dir='ltr'><strong>consulatu</strong></span> <span class='ocrx_word' id='word_1_173' title='bbox 3489 1107 3773 1178; x_wconf 87' lang='lat' dir='ltr'><strong>Lampadii</strong></span> 
     </span>
    </p>
   </div>
   <div class='ocr_carea' id='block_1_28' title="bbox 2121 1199 2537 1257">
    <p class='ocr_par' dir='ltr' id='par_1_28' title="bbox 2121 1199 2537 1257">
     <span class='ocr_line' id='line_1_28' title="bbox 2121 1199 2537 1257; baseline -0.007 0"><span class='ocrx_word' id='word_1_174' title='bbox 2121 1201 2421 1257; x_wconf 91' lang='lat' dir='ltr'><strong>secundum</strong></span> <span class='ocrx_word' id='word_1_175' title='bbox 2452 1199 2537 1254; x_wconf 74' lang='grc'><strong>³⁵⁵.</strong></span> 
     </span>
    </p>
   </div>
   <div class='ocr_carea' id='block_1_29' title="bbox 2189 1285 3779 1359">
    <p class='ocr_par' dir='ltr' id='par_1_29' title="bbox 2189 1285 3779 1359">
     <span class='ocr_line' id='line_1_29' title="bbox 2189 1285 3779 1359; baseline -0.002 -16"><span class='ocrx_word' id='word_1_176' title='bbox 2189 1287 2315 1343; x_wconf 86' lang='grc'><strong>552.</strong></span> <span class='ocrx_word' id='word_1_177' title='bbox 2346 1288 2402 1343; x_wconf 91' lang='lat'><strong>4.</strong></span> <span class='ocrx_word' id='word_1_178' title='bbox 2431 1287 2604 1359; x_wconf 82' lang='lat' dir='ltr'><strong>[nxxx]</strong></span> <span class='ocrx_word' id='word_1_179' title='bbox 2639 1285 2843 1354; x_wconf 77' lang='lat' dir='ltr'><strong>(BEDA.)</strong></span> <span class='ocrx_word' id='word_1_180' title='bbox 2885 1287 2989 1341; x_wconf 90' lang='lat' dir='ltr'><strong>Pro</strong></span> <span class='ocrx_word' id='word_1_181' title='bbox 3019 1299 3163 1340; x_wconf 89' lang='lat' dir='ltr'><strong>cons.</strong></span> <span class='ocrx_word' id='word_1_182' title='bbox 3188 1285 3468 1356; x_wconf 86' lang='lat' dir='ltr'><strong>Lampadii</strong></span> <span class='ocrx_word' id='word_1_183' title='bbox 3494 1290 3547 1340; x_wconf 88' lang='lat' dir='ltr'><strong>et</strong></span> <span class='ocrx_word' id='word_1_184' title='bbox 3575 1285 3779 1341; x_wconf 76' lang='lat' dir='ltr'><strong>Orestis</strong></span> 
     </span>
    </p>
   </div>
   <div class='ocr_carea' id='block_1_30' title="bbox 2121 1373 3780 1448">
    <p class='ocr_par' dir='ltr' id='par_1_30' title="bbox 2121 1373 3780 1448">
     <span class='ocr_line' id='line_1_30' title="bbox 2121 1373 3780 1448; baseline -0.002 -14"><span class='ocrx_word' id='word_1_185' title='bbox 2121 1381 2325 1434; x_wconf 83' lang='lat' dir='ltr'><strong>iterum.</strong></span> <span class='ocrx_word' id='word_1_186' title='bbox 2358 1379 2571 1448; x_wconf 91' lang='lat' dir='ltr'><strong>Corpus</strong></span> <span class='ocrx_word' id='word_1_187' title='bbox 2599 1376 2775 1432; x_wconf 86' lang='lat' dir='ltr'><strong>sancti</strong></span> <span class='ocrx_word' id='word_1_188' title='bbox 2803 1375 3026 1431; x_wconf 79' lang='lat' dir='ltr'><strong>Antonii</strong></span> <span class='ocrx_word' id='word_1_189' title='bbox 3057 1375 3312 1431; x_wconf 89' lang='lat' dir='ltr'><strong>monachi</strong></span> <span class='ocrx_word' id='word_1_190' title='bbox 3341 1389 3372 1430; x_wconf 92' lang='lat' dir='ltr'><strong>a</strong></span> <span class='ocrx_word' id='word_1_191' title='bbox 3411 1376 3525 1431; x_wconf 90' lang='lat' dir='ltr'><strong>Deo</strong></span> <span class='ocrx_word' id='word_1_192' title='bbox 3571 1373 3780 1430; x_wconf 79' lang='lat' dir='ltr'><strong>revela-</strong></span> 
     </span>
    </p>
   </div>
   <div class='ocr_carea' id='block_1_31' title="bbox 2128 1461 3780 1530">
    <p class='ocr_par' dir='ltr' id='par_1_31' title="bbox 2128 1461 3780 1530">
     <span class='ocr_line' id='line_1_31' title="bbox 2128 1461 3780 1530; baseline -0.002 -9"><span class='ocrx_word' id='word_1_193' title='bbox 2128 1473 2242 1521; x_wconf 92' lang='lat' dir='ltr'><strong>tum</strong></span> <span class='ocrx_word' id='word_1_194' title='bbox 2273 1465 2655 1521; x_wconf 82' lang='lat' dir='ltr'><strong>Alexandriam</strong></span> <span class='ocrx_word' id='word_1_195' title='bbox 2686 1463 2969 1530; x_wconf 72' lang='lat' dir='ltr'><strong>defiet-tur,</strong></span> <span class='ocrx_word' id='word_1_196' title='bbox 2992 1463 3123 1519; x_wconf 90' lang='lat' dir='ltr'><strong>etin</strong></span> <span class='ocrx_word' id='word_1_197' title='bbox 3153 1462 3370 1519; x_wconf 67' lang='lat' dir='ltr'><strong>melesia</strong></span> <span class='ocrx_word' id='word_1_198' title='bbox 3398 1462 3548 1518; x_wconf 90' lang='lat' dir='ltr'><strong>beati</strong></span> <span class='ocrx_word' id='word_1_199' title='bbox 3573 1461 3780 1518; x_wconf 88' lang='lat' dir='ltr'><strong>Iohan-</strong></span> 
     </span>
    </p>
   </div>
   <div class='ocr_carea' id='block_1_32' title="bbox 2129 1555 2820 1612">
    <p class='ocr_par' dir='ltr' id='par_1_32' title="bbox 2129 1555 2820 1612">
     <span class='ocr_line' id='line_1_32' title="bbox 2129 1555 2820 1612; baseline -0.006 -1"><span class='ocrx_word' id='word_1_200' title='bbox 2129 1557 2216 1612; x_wconf 88' lang='lat' dir='ltr'><strong>nis</strong></span> <span class='ocrx_word' id='word_1_201' title='bbox 2245 1555 2500 1610; x_wconf 70' lang='lat' dir='ltr'><strong>babtistie</strong></span> <span class='ocrx_word' id='word_1_202' title='bbox 2547 1555 2820 1609; x_wconf 89' lang='lat' dir='ltr'><strong>humatur.</strong></span> 
     </span>
    </p>
   </div>
   <div class='ocr_carea' id='block_1_33' title="bbox 404 1639 2048 1724">
    <p class='ocr_par' dir='ltr' id='par_1_33' title="bbox 404 1649 2047 1724">
     <span class='ocr_line' id='line_1_33' title="bbox 404 1649 2047 1724; baseline 0.002 -20"><span class='ocrx_word' id='word_1_203' title='bbox 404 1649 617 1718; x_wconf 89' lang='lat' dir='ltr'><strong>captiva</strong></span> <span class='ocrx_word' id='word_1_204' title='bbox 657 1649 765 1704; x_wconf 86' lang='lat' dir='ltr'><strong>lilia</strong></span> <span class='ocrx_word' id='word_1_205' title='bbox 815 1651 1052 1720; x_wconf 86' lang='lat' dir='ltr'><strong>genitus,</strong></span> <span class='ocrx_word' id='word_1_206' title='bbox 1097 1651 1484 1707; x_wconf 88' lang='lat' dir='ltr'><strong>Wandalorum</strong></span> <span class='ocrx_word' id='word_1_207' title='bbox 1541 1667 1728 1724; x_wconf 87' lang='lat' dir='ltr'><strong>regum</strong></span> <span class='ocrx_word' id='word_1_208' title='bbox 1784 1656 2047 1724; x_wconf 91' lang='lat' dir='ltr'><strong>suscepit.</strong></span> 
     </span>
    </p>
   </div>
   <div class='ocr_carea' id='block_1_34' title="bbox 2145 1639 3780 1724">
    <p class='ocr_par' dir='ltr' id='par_1_34' title="bbox 2201 1639 3780 1714">
     <span class='ocr_line' id='line_1_34' title="bbox 2201 1639 3780 1714; baseline -0.001 -18"><span class='ocrx_word' id='word_1_209' title='bbox 2201 1643 2328 1698; x_wconf 91' lang='lat'><strong>553.</strong></span> <span class='ocrx_word' id='word_1_210' title='bbox 2357 1643 2412 1698; x_wconf 93' lang='grc'><strong>5.</strong></span> <span class='ocrx_word' id='word_1_211' title='bbox 2451 1642 2643 1714; x_wconf 74' lang='grc' dir='ltr'>[υιιιιιιι]</span> <span class='ocrx_word' id='word_1_212' title='bbox 2678 1644 2872 1696; x_wconf 88' lang='lat' dir='ltr'><strong>Iterum</strong></span> <span class='ocrx_word' id='word_1_213' title='bbox 2891 1655 2986 1712; x_wconf 89' lang='lat' dir='ltr'><strong>pro</strong></span> <span class='ocrx_word' id='word_1_214' title='bbox 3014 1653 3158 1696; x_wconf 87' lang='lat' dir='ltr'><strong>cons.</strong></span> <span class='ocrx_word' id='word_1_215' title='bbox 3191 1639 3470 1711; x_wconf 84' lang='lat' dir='ltr'><strong>Lampadii</strong></span> <span class='ocrx_word' id='word_1_216' title='bbox 3499 1644 3549 1696; x_wconf 85' lang='lat' dir='ltr'><strong>et</strong></span> <span class='ocrx_word' id='word_1_217' title='bbox 3576 1640 3780 1697; x_wconf 81' lang='lat' dir='ltr'><strong>Orestis</strong></span> 
     </span>
    </p>
   </div>
   <div class='ocr_carea' id='block_1_35' title="bbox 402 1739 2049 1809">
    <p class='ocr_par' dir='ltr' id='par_1_35' title="bbox 402 1739 2049 1809">
     <span class='ocr_line' id='line_1_35' title="bbox 402 1739 2049 1809; baseline 0.004 -17"><span class='ocrx_word' id='word_1_218' title='bbox 402 1739 503 1805; x_wconf 87' lang='lat' dir='ltr'><strong>Qui</strong></span> <span class='ocrx_word' id='word_1_219' title='bbox 550 1747 891 1794; x_wconf 91' lang='lat' dir='ltr'><strong>sacramento</strong></span> <span class='ocrx_word' id='word_1_220' title='bbox 934 1754 965 1794; x_wconf 89' lang='lat' dir='ltr'><strong>a</strong></span> <span class='ocrx_word' id='word_1_221' title='bbox 1002 1741 1409 1797; x_wconf 90' lang='lat' dir='ltr'><strong>Transamundo</strong></span> <span class='ocrx_word' id='word_1_222' title='bbox 1456 1741 1771 1809; x_wconf 86' lang='lat' dir='ltr'><strong>adstrictus,</strong></span> <span class='ocrx_word' id='word_1_223' title='bbox 1813 1757 1882 1800; x_wconf 91' lang='lat' dir='ltr'><strong>ne</strong></span> <span class='ocrx_word' id='word_1_224' title='bbox 1920 1744 2049 1799; x_wconf 91' lang='lat' dir='ltr'><strong>cha-</strong></span> 
     </span>
    </p>
   </div>
   <div class='ocr_carea' id='block_1_36' title="bbox 406 1826 2046 1903">
    <p class='ocr_par' dir='ltr' id='par_1_36' title="bbox 406 1826 2046 1903">
     <span class='ocr_line' id='line_1_36' title="bbox 406 1826 2046 1903; baseline 0.005 -23"><span class='ocrx_word' id='word_1_225' title='bbox 406 1826 591 1881; x_wconf 89' lang='lat' dir='ltr'><strong>tolicis</strong></span> <span class='ocrx_word' id='word_1_226' title='bbox 637 1826 694 1881; x_wconf 92' lang='lat' dir='ltr'><strong>in</strong></span> <span class='ocrx_word' id='word_1_227' title='bbox 743 1841 914 1896; x_wconf 88' lang='lat' dir='ltr'><strong>regno</strong></span> <span class='ocrx_word' id='word_1_228' title='bbox 966 1841 1067 1883; x_wconf 93' lang='lat' dir='ltr'><strong>suo</strong></span> <span class='ocrx_word' id='word_1_229' title='bbox 1113 1829 1445 1896; x_wconf 91' lang='lat' dir='ltr'><strong>consuleret,</strong></span> <span class='ocrx_word' id='word_1_230' title='bbox 1492 1837 1782 1900; x_wconf 90' lang='lat' dir='ltr'><strong>antequam</strong></span> <span class='ocrx_word' id='word_1_231' title='bbox 1819 1846 2046 1903; x_wconf 81' lang='lat' dir='ltr'><strong>regnum</strong></span> 
     </span>
    </p>
   </div>
   <div class='ocr_carea' id='block_1_37' title="bbox 405 1914 2047 1991">
    <p class='ocr_par' dir='ltr' id='par_1_37' title="bbox 405 1914 2047 1991">
     <span class='ocr_line' id='line_1_37' title="bbox 405 1914 2047 1991; baseline 0.005 -24"><span class='ocrx_word' id='word_1_232' title='bbox 405 1914 733 1982; x_wconf 87' lang='lat' dir='ltr'><strong>susciperet,</strong></span> <span class='ocrx_word' id='word_1_233' title='bbox 765 1916 1057 1985; x_wconf 84' lang='lat' dir='ltr'><strong>episcopos</strong></span> <span class='ocrx_word' id='word_1_234' title='bbox 1093 1917 1162 1971; x_wconf 85' lang='lat' dir='ltr'><strong>ab</strong></span> <span class='ocrx_word' id='word_1_235' title='bbox 1205 1917 1369 1973; x_wconf 83' lang='lat' dir='ltr'><strong>exilio</strong></span> <span class='ocrx_word' id='word_1_236' title='bbox 1416 1919 1616 1974; x_wconf 89' lang='lat' dir='ltr'><strong>reverti</strong></span> <span class='ocrx_word' id='word_1_237' title='bbox 1642 1920 1826 1990; x_wconf 85' lang='lat' dir='ltr'><strong>jussit,</strong></span> <span class='ocrx_word' id='word_1_238' title='bbox 1857 1921 2047 1991; x_wconf 90' lang='lat' dir='ltr'><strong>eisque</strong></span> 
     </span>
    </p>
   </div>
   <div class='ocr_carea' id='block_1_38' title="bbox 407 2002 1267 2074">
    <p class='ocr_par' dir='ltr' id='par_1_38' title="bbox 407 2002 1267 2074">
     <span class='ocr_line' id='line_1_38' title="bbox 407 2002 1267 2074; baseline 0.007 -19"><span class='ocrx_word' id='word_1_239' title='bbox 407 2002 654 2057; x_wconf 75' lang='lat' dir='ltr'><strong>:eclesias</strong></span> <span class='ocrx_word' id='word_1_240' title='bbox 683 2002 968 2058; x_wconf 78' lang='lat' dir='ltr'><strong>reformari</strong></span> <span class='ocrx_word' id='word_1_241' title='bbox 1000 2005 1267 2074; x_wconf 90' lang='lat' dir='ltr'><strong>precepit.</strong></span> 
     </span>
    </p>
   </div>
   <div class='ocr_carea' id='block_1_39' title="bbox 476 2090 1558 2163">
    <p class='ocr_par' dir='ltr' id='par_1_39' title="bbox 476 2090 1558 2163">
     <span class='ocr_line' id='line_1_39' title="bbox 476 2090 1558 2163; baseline 0.006 -17"><span class='ocrx_word' id='word_1_242' title='bbox 476 2090 634 2146; x_wconf 73' lang='lat' dir='ltr'><strong>Felix</strong></span> <span class='ocrx_word' id='word_1_243' title='bbox 661 2090 751 2147; x_wconf 89' lang='lat'><strong>53.</strong></span> <span class='ocrx_word' id='word_1_244' title='bbox 778 2108 925 2163; x_wconf 83' lang='lat' dir='ltr'><strong>papa</strong></span> <span class='ocrx_word' id='word_1_245' title='bbox 954 2095 1105 2148; x_wconf 81' lang='lat' dir='ltr'><strong>annis</strong></span> <span class='ocrx_word' id='word_1_246' title='bbox 1133 2093 1187 2162; x_wconf 85' lang='lat'><strong>4,</strong></span> <span class='ocrx_word' id='word_1_247' title='bbox 1219 2093 1476 2151; x_wconf 86' lang='lat' dir='ltr'><strong>mensibus</strong></span> <span class='ocrx_word' id='word_1_248' title='bbox 1503 2095 1558 2152; x_wconf 86' lang='lat'><strong>2.</strong></span> 
     </span>
    </p>
   </div>
   <div class='ocr_carea' id='block_1_40' title="bbox 475 2181 2048 2256">
    <p class='ocr_par' dir='ltr' id='par_1_40' title="bbox 475 2181 2048 2256">
     <span class='ocr_line' id='line_1_40' title="bbox 475 2181 2048 2256; baseline 0.004 -20"><span class='ocrx_word' id='word_1_249' title='bbox 475 2181 872 2249; x_wconf 85' lang='lat' dir='ltr'><strong>Acephalorum</strong></span> <span class='ocrx_word' id='word_1_250' title='bbox 922 2183 1134 2239; x_wconf 87' lang='lat' dir='ltr'><strong>heresis</strong></span> <span class='ocrx_word' id='word_1_251' title='bbox 1169 2184 1457 2240; x_wconf 85' lang='lat' dir='ltr'><strong>abdicatur</strong></span> <span class='ocrx_word' id='word_1_252' title='bbox 1507 2185 1791 2256; x_wconf 88' lang='lat' dir='ltr'><strong>[dicentes,</strong></span> <span class='ocrx_word' id='word_1_253' title='bbox 1824 2185 2048 2242; x_wconf 87' lang='lat' dir='ltr'><strong>Paulum</strong></span> 
     </span>
    </p>
   </div>
   <div class='ocr_carea' id='block_1_41' title="bbox 408 2269 2049 2344">
    <p class='ocr_par' dir='ltr' id='par_1_41' title="bbox 408 2269 2049 2344">
     <span class='ocr_line' id='line_1_41' title="bbox 408 2269 2049 2344; baseline 0.005 -22"><span class='ocrx_word' id='word_1_254' title='bbox 408 2269 715 2337; x_wconf 87' lang='lat' dir='ltr'><strong>apostolum</strong></span> <span class='ocrx_word' id='word_1_255' title='bbox 745 2269 802 2324; x_wconf 92' lang='lat' dir='ltr'><strong>in</strong></span> <span class='ocrx_word' id='word_1_256' title='bbox 832 2271 1082 2340; x_wconf 88' lang='lat' dir='ltr'><strong>epistolis</strong></span> <span class='ocrx_word' id='word_1_257' title='bbox 1111 2273 1226 2328; x_wconf 91' lang='lat' dir='ltr'><strong>suis</strong></span> <span class='ocrx_word' id='word_1_258' title='bbox 1257 2275 1570 2344; x_wconf 90' lang='lat' dir='ltr'><strong>precepisse</strong></span> <span class='ocrx_word' id='word_1_259' title='bbox 1598 2273 1828 2331; x_wconf 84' lang='lat' dir='ltr'><strong>feminas</strong></span> <span class='ocrx_word' id='word_1_260' title='bbox 1846 2276 2049 2331; x_wconf 90' lang='lat' dir='ltr'><strong>debere</strong></span> 
     </span>
    </p>
   </div>
   <div class='ocr_carea' id='block_1_42' title="bbox 407 2356 2046 2434">
    <p class='ocr_par' dir='ltr' id='par_1_42' title="bbox 407 2356 2046 2434">
     <span class='ocr_line' id='line_1_42' title="bbox 407 2356 2046 2434; baseline 0.004 -22"><span class='ocrx_word' id='word_1_261' title='bbox 407 2356 524 2412; x_wconf 81' lang='lat' dir='ltr'><strong>ﬁeri</strong></span> <span class='ocrx_word' id='word_1_262' title='bbox 554 2356 844 2424; x_wconf 90' lang='lat' dir='ltr'><strong>diaconas,</strong></span> <span class='ocrx_word' id='word_1_263' title='bbox 895 2359 1023 2428; x_wconf 85' lang='lat' dir='ltr'><strong>quia</strong></span> <span class='ocrx_word' id='word_1_264' title='bbox 1052 2375 1145 2415; x_wconf 90' lang='lat' dir='ltr'><strong>eas</strong></span> <span class='ocrx_word' id='word_1_265' title='bbox 1173 2369 1564 2418; x_wconf 86' lang='lat' dir='ltr'><strong>commemorat</strong></span> <span class='ocrx_word' id='word_1_266' title='bbox 1592 2371 1714 2432; x_wconf 89' lang='lat' dir='ltr'><strong>post</strong></span> <span class='ocrx_word' id='word_1_267' title='bbox 1743 2363 2046 2434; x_wconf 90' lang='lat' dir='ltr'><strong>diaconos].</strong></span> 
     </span>
    </p>
   </div>
   <div class='ocr_carea' id='block_1_43' title="bbox 408 2444 2045 2604">
    <p class='ocr_par' dir='ltr' id='par_1_43' title="bbox 408 2444 2045 2604">
     <span class='ocr_line' id='line_1_43' title="bbox 408 2444 2045 2604; baseline 0.006 -106"><span class='ocrx_word' id='word_1_268' title='bbox 408 2444 714 2588; x_wconf 46' lang='lat' dir='ltr'><strong>gibkplon‘t&#39;.)</strong></span> <span class='ocrx_word' id='word_1_269' title='bbox 750 2446 974 2604; x_wconf 74' lang='lat' dir='ltr'><strong>[(])librio</strong></span> <span class='ocrx_word' id='word_1_270' title='bbox 1004 2461 1158 2503; x_wconf 91' lang='lat' dir='ltr'><strong>cons.</strong></span> <span class='ocrx_word' id='word_1_271' title='bbox 1189 2450 1468 2504; x_wconf 90' lang='lat' dir='ltr'><strong>Iohannes</strong></span> <span class='ocrx_word' id='word_1_272' title='bbox 1497 2464 1635 2520; x_wconf 88' lang='lat' dir='ltr'><strong>papa</strong></span> <span class='ocrx_word' id='word_1_273' title='bbox 1663 2451 1912 2521; x_wconf 91' lang='lat' dir='ltr'><strong>sepultus</strong></span> <span class='ocrx_word' id='word_1_274' title='bbox 1942 2457 2045 2508; x_wconf 91' lang='lat' dir='ltr'><strong>est.</strong></span> 
     </span>
     <span class='ocr_line' id='line_1_44' title="bbox 449 2546 770 2588; baseline -0.003 -1"><span class='ocrx_word' id='word_1_275' title='bbox 449 2575 463 2587; x_wconf 93' lang='lat'><strong>.</strong></span> <span class='ocrx_word' id='word_1_276' title='bbox 543 2546 574 2587; x_wconf 91' lang='lat' dir='ltr'><strong>a</strong></span> <span class='ocrx_word' id='word_1_277' title='bbox 601 2575 614 2588; x_wconf 92' lang='lat'><strong>.</strong></span> <span class='ocrx_word' id='word_1_278' title='bbox 679 2547 770 2588; x_wconf 92' lang='lat' dir='ltr'><strong>un.</strong></span> 
     </span>
    </p>
   </div>
   <div class='ocr_carea' id='block_1_44' title="bbox 449 2546 770 2588">
    <p class='ocr_par' dir='ltr' id='par_1_44' title="bbox 449 2546 770 2588">
     <span class='ocr_line' id='line_1_45' title="bbox 449 2546 770 2588; baseline 0 -1"><span class='ocrx_word' id='word_1_279' title='bbox 449 2575 463 2587; x_wconf 90' lang='lat'><strong>.</strong></span> <span class='ocrx_word' id='word_1_280' title='bbox 496 2546 614 2588; x_wconf 71' lang='lat' dir='ltr'><strong>hal.</strong></span> <span class='ocrx_word' id='word_1_281' title='bbox 645 2546 770 2588; x_wconf 82' lang='lat' dir='ltr'><strong>Iun.</strong></span> 
     </span>
    </p>
   </div>
   <div class='ocr_carea' id='block_1_45' title="bbox 477 2620 2046 2699">
    <p class='ocr_par' dir='ltr' id='par_1_45' title="bbox 477 2620 2046 2699">
     <span class='ocr_line' id='line_1_46' title="bbox 477 2620 2046 2699; baseline 0.006 -23"><span class='ocrx_word' id='word_1_282' title='bbox 477 2621 604 2676; x_wconf 87' lang='lat'><strong>548.</strong></span> <span class='ocrx_word' id='word_1_283' title='bbox 673 2620 729 2674; x_wconf 93' lang='lat'><strong>8.</strong></span> <span class='ocrx_word' id='word_1_284' title='bbox 801 2622 994 2693; x_wconf 71' lang='lat' dir='ltr'><strong>[nxxvr]</strong></span> <span class='ocrx_word' id='word_1_285' title='bbox 1059 2625 1359 2681; x_wconf 78' lang='lat' dir='ltr'><strong>Maburtius</strong></span> <span class='ocrx_word' id='word_1_286' title='bbox 1418 2642 1588 2683; x_wconf 84' lang='lat' dir='ltr'><strong>conss.</strong></span> <span class='ocrx_word' id='word_1_287' title='bbox 1668 2628 1823 2699; x_wconf 81' lang='lat' dir='ltr'><strong>[Mab.</strong></span> <span class='ocrx_word' id='word_1_288' title='bbox 1892 2642 2046 2686; x_wconf 90' lang='lat' dir='ltr'><strong>cons.</strong></span> 
     </span>
    </p>
   </div>
   <div class='ocr_carea' id='block_1_46' title="bbox 409 2709 2048 2788">
    <p class='ocr_par' dir='ltr' id='par_1_46' title="bbox 409 2709 2048 2788">
     <span class='ocr_line' id='line_1_47' title="bbox 409 2709 2048 2788; baseline 0.004 -22"><span class='ocrx_word' id='word_1_289' title='bbox 409 2709 561 2766; x_wconf 88' lang='lat' dir='ltr'><strong>Felix</strong></span> <span class='ocrx_word' id='word_1_290' title='bbox 623 2711 929 2781; x_wconf 79' lang='lat' dir='ltr'><strong>successit.)</strong></span> <span class='ocrx_word' id='word_1_291' title='bbox 1000 2715 1116 2769; x_wconf 88' lang='lat' dir='ltr'><strong>Hoc</strong></span> <span class='ocrx_word' id='word_1_292' title='bbox 1171 2728 1317 2771; x_wconf 92' lang='lat' dir='ltr'><strong>anno</strong></span> <span class='ocrx_word' id='word_1_293' title='bbox 1392 2716 1670 2773; x_wconf 90' lang='lat' dir='ltr'><strong>Dionisius</strong></span> <span class='ocrx_word' id='word_1_294' title='bbox 1733 2724 2048 2788; x_wconf 85' lang='lat' dir='ltr'><strong>computum</strong></span> 
     </span>
    </p>
   </div>
   <div class='ocr_carea' id='block_1_47' title="bbox 404 2797 2046 2876">
    <p class='ocr_par' dir='ltr' id='par_1_47' title="bbox 404 2797 2046 2876">
     <span class='ocr_line' id='line_1_48' title="bbox 404 2797 2046 2876; baseline 0.005 -23"><span class='ocrx_word' id='word_1_295' title='bbox 404 2812 562 2854; x_wconf 90' lang='lat' dir='ltr'><strong>suum</strong></span> <span class='ocrx_word' id='word_1_296' title='bbox 593 2797 818 2868; x_wconf 89' lang='lat' dir='ltr'><strong>incepit,</strong></span> <span class='ocrx_word' id='word_1_297' title='bbox 863 2802 940 2857; x_wconf 90' lang='lat' dir='ltr'><strong>ita</strong></span> <span class='ocrx_word' id='word_1_298' title='bbox 985 2803 1176 2858; x_wconf 88' lang='lat' dir='ltr'><strong>dicens</strong></span> <span class='ocrx_word' id='word_1_299' title='bbox 1217 2805 1363 2861; x_wconf 89' lang='lat' dir='ltr'><strong>inter</strong></span> <span class='ocrx_word' id='word_1_300' title='bbox 1407 2813 1591 2862; x_wconf 89' lang='lat' dir='ltr'><strong>cetera</strong></span> <span class='ocrx_word' id='word_1_301' title='bbox 1630 2806 1823 2876; x_wconf 89' lang='lat' dir='ltr'><strong>(Epist.</strong></span> <span class='ocrx_word' id='word_1_302' title='bbox 1870 2805 1925 2872; x_wconf 89' lang='lat'><strong>2,</strong></span> <span class='ocrx_word' id='word_1_303' title='bbox 1957 2821 2046 2876; x_wconf 92' lang='lat' dir='ltr'><strong>ap.</strong></span> 
     </span>
    </p>
   </div>
   <div class='ocr_carea' id='block_1_48' title="bbox 409 2887 2050 2958">
    <p class='ocr_par' dir='ltr' id='par_1_48' title="bbox 409 2887 2050 2958">
     <span class='ocr_line' id='line_1_49' title="bbox 409 2887 2050 2958; baseline 0.005 -16"><span class='ocrx_word' id='word_1_304' title='bbox 409 2888 551 2953; x_wconf 88' lang='lat' dir='ltr'><strong>Pet.,</strong></span> <span class='ocrx_word' id='word_1_305' title='bbox 593 2901 650 2956; x_wconf 93' lang='lat' dir='ltr'><strong>p.</strong></span> <span class='ocrx_word' id='word_1_306' title='bbox 701 2887 858 2958; x_wconf 91' lang='lat'><strong>877):</strong></span> <span class='ocrx_word' id='word_1_307' title='bbox 913 2909 942 2941; x_wconf 86' lang='lat'><strong><em>«</em></strong></span> <span class='ocrx_word' id='word_1_308' title='bbox 988 2893 1265 2948; x_wconf 89' lang='lat' dir='ltr'><strong>Presentis</strong></span> <span class='ocrx_word' id='word_1_309' title='bbox 1302 2893 1431 2949; x_wconf 91' lang='lat' dir='ltr'><strong>anni</strong></span> <span class='ocrx_word' id='word_1_310' title='bbox 1477 2900 1844 2950; x_wconf 87' lang='lat' dir='ltr'><strong>monstremus</strong></span> <span class='ocrx_word' id='word_1_311' title='bbox 1871 2909 2050 2950; x_wconf 88' lang='lat' dir='ltr'><strong>exem-</strong></span> 
     </span>
    </p>
   </div>
   <div class='ocr_carea' id='block_1_49' title="bbox 2129 1731 2821 1792">
    <p class='ocr_par' dir='ltr' id='par_1_49' title="bbox 2129 1731 2821 1792">
     <span class='ocr_line' id='line_1_50' title="bbox 2129 1731 2821 1792; baseline -0.006 -1"><span class='ocrx_word' id='word_1_312' title='bbox 2129 1736 2226 1792; x_wconf 81' lang='lat' dir='ltr'><strong>uiri</strong></span> <span class='ocrx_word' id='word_1_313' title='bbox 2256 1735 2534 1791; x_wconf 85' lang='lat' dir='ltr'><strong>clarissimi</strong></span> <span class='ocrx_word' id='word_1_314' title='bbox 2566 1731 2821 1789; x_wconf 84' lang='lat' dir='ltr'><strong>consules.</strong></span> 
     </span>
    </p>
   </div>
   <div class='ocr_carea' id='block_1_50' title="bbox 2203 1817 3781 1896">
    <p class='ocr_par' dir='ltr' id='par_1_50' title="bbox 2203 1817 3781 1896">
     <span class='ocr_line' id='line_1_51' title="bbox 2203 1817 3781 1896; baseline -0.004 -15"><span class='ocrx_word' id='word_1_315' title='bbox 2203 1823 2297 1896; x_wconf 82' lang='lat' dir='ltr'><strong>(Cf.</strong></span> <span class='ocrx_word' id='word_1_316' title='bbox 2339 1823 2429 1879; x_wconf 87' lang='lat' dir='ltr'><strong>lib.</strong></span> <span class='ocrx_word' id='word_1_317' title='bbox 2477 1821 2650 1895; x_wconf 88' lang='lat' dir='ltr'><strong>pont.)</strong></span> <span class='ocrx_word' id='word_1_318' title='bbox 2694 1821 2990 1880; x_wconf 82' lang='lat' dir='ltr'><strong>Mercurius</strong></span> <span class='ocrx_word' id='word_1_319' title='bbox 3032 1835 3180 1892; x_wconf 86' lang='lat' dir='ltr'><strong>papa</strong></span> <span class='ocrx_word' id='word_1_320' title='bbox 3223 1817 3314 1876; x_wconf 82' lang='lat'><strong>55.</strong></span> <span class='ocrx_word' id='word_1_321' title='bbox 3365 1819 3520 1877; x_wconf 80' lang='lat' dir='ltr'><strong>annis</strong></span> <span class='ocrx_word' id='word_1_322' title='bbox 3555 1818 3615 1873; x_wconf 91' lang='lat'><strong>2.</strong></span> <span class='ocrx_word' id='word_1_323' title='bbox 3672 1819 3781 1890; x_wconf 83' lang='lat' dir='ltr'><strong>[His</strong></span> 
     </span>
    </p>
   </div>
   <div class='ocr_carea' id='block_1_51' title="bbox 2130 1907 3777 1970">
    <p class='ocr_par' dir='ltr' id='par_1_51' title="bbox 2130 1907 3777 1970">
     <span class='ocr_line' id='line_1_52' title="bbox 2130 1907 3777 1970; baseline -0.004 -1"><span class='ocrx_word' id='word_1_324' title='bbox 2130 1913 2450 1970; x_wconf 89' lang='lat' dir='ltr'><strong>consulibus</strong></span> <span class='ocrx_word' id='word_1_325' title='bbox 2478 1910 2790 1968; x_wconf 86' lang='lat' dir='ltr'><strong>Bonifacius</strong></span> <span class='ocrx_word' id='word_1_326' title='bbox 2821 1910 2961 1966; x_wconf 92' lang='lat' dir='ltr'><strong>obiit</strong></span> <span class='ocrx_word' id='word_1_327' title='bbox 3007 1909 3091 1963; x_wconf 91' lang='lat' dir='ltr'><strong>l7.</strong></span> <span class='ocrx_word' id='word_1_328' title='bbox 3131 1908 3221 1965; x_wconf 90' lang='lat' dir='ltr'><strong>die</strong></span> <span class='ocrx_word' id='word_1_329' title='bbox 3269 1909 3474 1964; x_wconf 89' lang='lat' dir='ltr'><strong>mensis</strong></span> <span class='ocrx_word' id='word_1_330' title='bbox 3501 1907 3777 1964; x_wconf 89' lang='lat' dir='ltr'><strong>Octobris.</strong></span> 
     </span>
    </p>
   </div>
   <div class='ocr_carea' id='block_1_52' title="bbox 2130 1996 3774 2070">
    <p class='ocr_par' dir='ltr' id='par_1_52' title="bbox 2130 1996 3774 2070">
     <span class='ocr_line' id='line_1_53' title="bbox 2130 1996 3774 2070; baseline -0.004 -12"><span class='ocrx_word' id='word_1_331' title='bbox 2130 2002 2450 2068; x_wconf 86' lang='lat' dir='ltr'><strong>Mercurius,</strong></span> <span class='ocrx_word' id='word_1_332' title='bbox 2501 2000 2596 2070; x_wconf 91' lang='lat' dir='ltr'><strong>qui</strong></span> <span class='ocrx_word' id='word_1_333' title='bbox 2645 2005 2701 2054; x_wconf 91' lang='lat' dir='ltr'><strong>et</strong></span> <span class='ocrx_word' id='word_1_334' title='bbox 2744 1999 3044 2066; x_wconf 89' lang='lat' dir='ltr'><strong>Iohannes,</strong></span> <span class='ocrx_word' id='word_1_335' title='bbox 3085 2011 3226 2068; x_wconf 90' lang='lat' dir='ltr'><strong>papa</strong></span> <span class='ocrx_word' id='word_1_336' title='bbox 3274 1996 3416 2052; x_wconf 90' lang='lat' dir='ltr'><strong>obiit</strong></span> <span class='ocrx_word' id='word_1_337' title='bbox 3441 1997 3497 2052; x_wconf 89' lang='lat'><strong>6.</strong></span> <span class='ocrx_word' id='word_1_338' title='bbox 3525 1996 3628 2052; x_wconf 86' lang='lat' dir='ltr'><strong>Kal</strong></span> <span class='ocrx_word' id='word_1_339' title='bbox 3655 1998 3774 2052; x_wconf 91' lang='lat' dir='ltr'><strong>Iun.</strong></span> 
     </span>
    </p>
   </div>
   <div class='ocr_carea' id='block_1_53' title="bbox 2133 2085 2861 2160">
    <p class='ocr_par' dir='ltr' id='par_1_53' title="bbox 2133 2085 2861 2160">
     <span class='ocr_line' id='line_1_54' title="bbox 2133 2085 2861 2160; baseline -0.007 -14"><span class='ocrx_word' id='word_1_340' title='bbox 2133 2105 2188 2160; x_wconf 91' lang='lat' dir='ltr'><strong>p.</strong></span> <span class='ocrx_word' id='word_1_341' title='bbox 2220 2104 2271 2146; x_wconf 91' lang='lat' dir='ltr'><strong>c.</strong></span> <span class='ocrx_word' id='word_1_342' title='bbox 2310 2089 2510 2146; x_wconf 87' lang='lat' dir='ltr'><strong>iterum</strong></span> <span class='ocrx_word' id='word_1_343' title='bbox 2540 2085 2861 2158; x_wconf 84' lang='lat' dir='ltr'><strong>Lampadii.)</strong></span> 
     </span>
    </p>
   </div>
   <div class='ocr_carea' id='block_1_54' title="bbox 2202 2172 3777 2248">
    <p class='ocr_par' dir='ltr' id='par_1_54' title="bbox 2202 2172 3777 2248">
     <span class='ocr_line' id='line_1_55' title="bbox 2202 2172 3777 2248; baseline -0.005 -13"><span class='ocrx_word' id='word_1_344' title='bbox 2202 2181 2494 2248; x_wconf 90' lang='lat' dir='ltr'><strong>Hucusque</strong></span> <span class='ocrx_word' id='word_1_345' title='bbox 2550 2177 2723 2233; x_wconf 91' lang='lat' dir='ltr'><strong>ciclus</strong></span> <span class='ocrx_word' id='word_1_346' title='bbox 2778 2189 3007 2246; x_wconf 86' lang='lat' dir='ltr'><strong>magnus</strong></span> <span class='ocrx_word' id='word_1_347' title='bbox 3063 2173 3296 2244; x_wconf 89' lang='lat' dir='ltr'><strong>pascalis</strong></span> <span class='ocrx_word' id='word_1_348' title='bbox 3348 2172 3457 2228; x_wconf 86' lang='lat'><strong>532</strong></span> <span class='ocrx_word' id='word_1_349' title='bbox 3507 2186 3777 2229; x_wconf 85' lang='lat' dir='ltr'><strong>annorum</strong></span> 
     </span>
    </p>
   </div>
   <div class='ocr_carea' id='block_1_55' title="bbox 2133 2262 3782 2338">
    <p class='ocr_par' dir='ltr' id='par_1_55' title="bbox 2133 2262 3782 2338">
     <span class='ocr_line' id='line_1_56' title="bbox 2133 2262 3782 2338; baseline -0.005 -15"><span class='ocrx_word' id='word_1_350' title='bbox 2133 2268 2503 2338; x_wconf 87' lang='lat' dir='ltr'><strong>protenditur,</strong></span> <span class='ocrx_word' id='word_1_351' title='bbox 2544 2268 2599 2322; x_wconf 89' lang='lat' dir='ltr'><strong>in</strong></span> <span class='ocrx_word' id='word_1_352' title='bbox 2631 2267 2789 2335; x_wconf 88' lang='lat' dir='ltr'><strong>cujus</strong></span> <span class='ocrx_word' id='word_1_353' title='bbox 2817 2277 2962 2320; x_wconf 90' lang='lat' dir='ltr'><strong>anno</strong></span> <span class='ocrx_word' id='word_1_354' title='bbox 2998 2262 3081 2317; x_wconf 88' lang='grc'><strong>13.</strong></span> <span class='ocrx_word' id='word_1_355' title='bbox 3112 2262 3368 2318; x_wconf 90' lang='lat' dir='ltr'><strong>dominus</strong></span> <span class='ocrx_word' id='word_1_356' title='bbox 3405 2267 3598 2318; x_wconf 86' lang='lat' dir='ltr'><strong>noster</strong></span> <span class='ocrx_word' id='word_1_357' title='bbox 3625 2263 3782 2316; x_wconf 88' lang='lat' dir='ltr'><strong>Iesus</strong></span> 
     </span>
    </p>
   </div>
   <div class='ocr_carea' id='block_1_56' title="bbox 2131 2349 3778 2427">
    <p class='ocr_par' dir='ltr' id='par_1_56' title="bbox 2131 2349 3778 2427">
     <span class='ocr_line' id='line_1_57' title="bbox 2131 2349 3778 2427; baseline -0.005 -12"><span class='ocrx_word' id='word_1_358' title='bbox 2131 2359 2380 2415; x_wconf 90' lang='lat' dir='ltr'><strong>Christus</strong></span> <span class='ocrx_word' id='word_1_359' title='bbox 2419 2371 2612 2427; x_wconf 90' lang='lat' dir='ltr'><strong>passus</strong></span> <span class='ocrx_word' id='word_1_360' title='bbox 2656 2354 2710 2410; x_wconf 92' lang='lat'><strong>8.</strong></span> <span class='ocrx_word' id='word_1_361' title='bbox 2762 2355 2851 2410; x_wconf 90' lang='lat' dir='ltr'><strong>die</strong></span> <span class='ocrx_word' id='word_1_362' title='bbox 2895 2353 3014 2410; x_wconf 89' lang='lat' dir='ltr'><strong>Kal.</strong></span> <span class='ocrx_word' id='word_1_363' title='bbox 3054 2351 3252 2423; x_wconf 86' lang='lat' dir='ltr'><strong>April.,</strong></span> <span class='ocrx_word' id='word_1_364' title='bbox 3299 2351 3429 2407; x_wconf 89' lang='lat' dir='ltr'><strong>luna</strong></span> <span class='ocrx_word' id='word_1_365' title='bbox 3483 2349 3567 2417; x_wconf 88' lang='lat'><strong>15,</strong></span> <span class='ocrx_word' id='word_1_366' title='bbox 3617 2357 3778 2420; x_wconf 86' lang='lat' dir='ltr'><strong>atque</strong></span> 
     </span>
    </p>
   </div>
   <div class='ocr_carea' id='block_1_57' title="bbox 2131 2439 3779 2516">
    <p class='ocr_par' dir='ltr' id='par_1_57' title="bbox 2131 2439 3779 2516">
     <span class='ocr_line' id='line_1_58' title="bbox 2131 2439 3779 2516; baseline -0.004 -16"><span class='ocrx_word' id='word_1_367' title='bbox 2131 2447 2184 2501; x_wconf 90' lang='lat'><strong>6.</strong></span> <span class='ocrx_word' id='word_1_368' title='bbox 2237 2446 2355 2502; x_wconf 87' lang='lat' dir='ltr'><strong>Kal.</strong></span> <span class='ocrx_word' id='word_1_369' title='bbox 2395 2445 2595 2516; x_wconf 85' lang='lat' dir='ltr'><strong>April.,</strong></span> <span class='ocrx_word' id='word_1_370' title='bbox 2646 2444 2773 2499; x_wconf 92' lang='lat' dir='ltr'><strong>luna</strong></span> <span class='ocrx_word' id='word_1_371' title='bbox 2826 2443 2910 2511; x_wconf 89' lang='lat' dir='ltr'><strong>l7;</strong></span> <span class='ocrx_word' id='word_1_372' title='bbox 2959 2457 2990 2498; x_wconf 90' lang='lat' dir='ltr'><strong>a</strong></span> <span class='ocrx_word' id='word_1_373' title='bbox 3027 2441 3257 2498; x_wconf 87' lang='lat' dir='ltr'><strong>mortuis</strong></span> <span class='ocrx_word' id='word_1_374' title='bbox 3303 2439 3605 2496; x_wconf 76' lang='lat' dir='ltr'><strong>resurrexit</strong></span> <span class='ocrx_word' id='word_1_375' title='bbox 3637 2452 3779 2494; x_wconf 89' lang='lat' dir='ltr'><strong>anno</strong></span> 
     </span>
    </p>
   </div>
   <div class='ocr_carea' id='block_1_58' title="bbox 2138 2528 3781 2606">
    <p class='ocr_par' dir='ltr' id='par_1_58' title="bbox 2138 2528 3781 2606">
     <span class='ocr_line' id='line_1_59' title="bbox 2138 2528 3781 2606; baseline -0.004 -18"><span class='ocrx_word' id='word_1_376' title='bbox 2138 2535 2221 2590; x_wconf 92' lang='lat'><strong>18.</strong></span> <span class='ocrx_word' id='word_1_377' title='bbox 2280 2535 2495 2606; x_wconf 90' lang='lat' dir='ltr'><strong>imperii</strong></span> <span class='ocrx_word' id='word_1_378' title='bbox 2551 2533 2756 2590; x_wconf 88' lang='lat' dir='ltr'><strong>Tiberii</strong></span> <span class='ocrx_word' id='word_1_379' title='bbox 2812 2532 3018 2589; x_wconf 88' lang='lat' dir='ltr'><strong>cesaris</strong></span> <span class='ocrx_word' id='word_1_380' title='bbox 3065 2532 3222 2601; x_wconf 82' lang='lat' dir='ltr'><strong>juxta</strong></span> <span class='ocrx_word' id='word_1_381' title='bbox 3276 2528 3562 2586; x_wconf 87' lang='lat' dir='ltr'><strong>historiam</strong></span> <span class='ocrx_word' id='word_1_382' title='bbox 3623 2541 3781 2584; x_wconf 77' lang='lat' dir='ltr'><strong>evan-</strong></span> 
     </span>
    </p>
   </div>
   <div class='ocr_carea' id='block_1_59' title="bbox 2133 2624 2282 2695">
    <p class='ocr_par' dir='ltr' id='par_1_59' title="bbox 2133 2624 2282 2695">
     <span class='ocr_line' id='line_1_60' title="bbox 2133 2624 2282 2695; baseline -0.02 -15"><span class='ocrx_word' id='word_1_383' title='bbox 2133 2624 2282 2695; x_wconf 90' lang='lat' dir='ltr'><strong>gelii.</strong></span> 
     </span>
    </p>
   </div>
   <div class='ocr_carea' id='block_1_60' title="bbox 2202 2703 3782 2784">
    <p class='ocr_par' dir='ltr' id='par_1_60' title="bbox 2202 2703 3782 2784">
     <span class='ocr_line' id='line_1_61' title="bbox 2202 2703 3782 2784; baseline -0.006 -16"><span class='ocrx_word' id='word_1_384' title='bbox 2202 2711 2389 2784; x_wconf 81' lang='lat' dir='ltr'><strong>Cyclus</strong></span> <span class='ocrx_word' id='word_1_385' title='bbox 2433 2725 2651 2780; x_wconf 82' lang='lat' dir='ltr'><strong>magnus</strong></span> <span class='ocrx_word' id='word_1_386' title='bbox 2692 2707 2960 2782; x_wconf 79' lang='lat' dir='ltr'><strong>paschalis</strong></span> <span class='ocrx_word' id='word_1_387' title='bbox 2995 2705 3189 2762; x_wconf 85' lang='lat' dir='ltr'><strong>solaris</strong></span> <span class='ocrx_word' id='word_1_388' title='bbox 3225 2712 3274 2762; x_wconf 86' lang='lat' dir='ltr'><strong>et</strong></span> <span class='ocrx_word' id='word_1_389' title='bbox 3319 2703 3782 2761; x_wconf 67' lang='lat' dir='ltr'><strong>decennouenali:</strong></span> 
     </span>
    </p>
   </div>
   <div class='ocr_carea' id='block_1_61' title="bbox 2131 2799 2586 2870">
    <p class='ocr_par' dir='ltr' id='par_1_61' title="bbox 2131 2799 2586 2870">
     <span class='ocr_line' id='line_1_62' title="bbox 2131 2799 2586 2870; baseline -0.004 -14"><span class='ocrx_word' id='word_1_390' title='bbox 2131 2799 2287 2856; x_wconf 88' lang='lat' dir='ltr'><strong>simul</strong></span> <span class='ocrx_word' id='word_1_391' title='bbox 2312 2799 2586 2870; x_wconf 79' lang='lat' dir='ltr'><strong>incipi-unt.</strong></span> 
     </span>
    </p>
   </div>
   <div class='ocr_carea' id='block_1_62' title="bbox 2203 2881 3781 2957">
    <p class='ocr_par' dir='ltr' id='par_1_62' title="bbox 2203 2881 3781 2957">
     <span class='ocr_line' id='line_1_63' title="bbox 2203 2881 3781 2957; baseline -0.005 -15"><span class='ocrx_word' id='word_1_392' title='bbox 2203 2887 2329 2944; x_wconf 87' lang='lat'><strong>554.</strong></span> <span class='ocrx_word' id='word_1_393' title='bbox 2384 2887 2439 2942; x_wconf 91' lang='lat'><strong>6.</strong></span> <span class='ocrx_word' id='word_1_394' title='bbox 2494 2885 2708 2957; x_wconf 82' lang='lat' dir='ltr'><strong>[nxxxn]</strong></span> <span class='ocrx_word' id='word_1_395' title='bbox 2767 2886 2845 2955; x_wconf 90' lang='lat' dir='ltr'><strong>(P.</strong></span> <span class='ocrx_word' id='word_1_396' title='bbox 2904 2886 2966 2939; x_wconf 91' lang='lat' dir='ltr'><strong>D.</strong></span> <span class='ocrx_word' id='word_1_397' title='bbox 3026 2899 3088 2950; x_wconf 89' lang='grc' dir='ltr'>ιι,</span> <span class='ocrx_word' id='word_1_398' title='bbox 3141 2881 3252 2953; x_wconf 86' lang='grc'><strong>25.)</strong></span> <span class='ocrx_word' id='word_1_399' title='bbox 3308 2881 3637 2937; x_wconf 81' lang='lat' dir='ltr'><strong>Iustinianus</strong></span> <span class='ocrx_word' id='word_1_400' title='bbox 3687 2895 3781 2934; x_wconf 78' lang='lat' dir='ltr'><strong>au-</strong></span> 
     </span>
    </p>
   </div>
   <div class='ocr_carea' id='block_1_63' title="bbox 409 2969 3781 3052">
    <p class='ocr_par' dir='ltr' id='par_1_63' title="bbox 409 2969 3781 3052">
     <span class='ocr_line' id='line_1_64' title="bbox 409 2969 3781 3052; baseline -0.001 -24"><span class='ocrx_word' id='word_1_401' title='bbox 409 2973 598 3042; x_wconf 91' lang='lat' dir='ltr'><strong>plum;</strong></span> <span class='ocrx_word' id='word_1_402' title='bbox 645 2975 876 3032; x_wconf 91' lang='lat' dir='ltr'><strong>indictio</strong></span> <span class='ocrx_word' id='word_1_403' title='bbox 915 2979 1120 3048; x_wconf 88' lang='lat' dir='ltr'><strong>quippe</strong></span> <span class='ocrx_word' id='word_1_404' title='bbox 1171 2986 1366 3050; x_wconf 88' lang='lat' dir='ltr'><strong>quarta</strong></span> <span class='ocrx_word' id='word_1_405' title='bbox 1413 2988 1496 3037; x_wconf 89' lang='lat' dir='ltr'><strong>est</strong></span> <span class='ocrx_word' id='word_1_406' title='bbox 1541 2989 1597 3038; x_wconf 91' lang='lat' dir='ltr'><strong>et</strong></span> <span class='ocrx_word' id='word_1_407' title='bbox 1633 2982 1842 3038; x_wconf 89' lang='lat' dir='ltr'><strong>lunaris</strong></span> <span class='ocrx_word' id='word_1_408' title='bbox 1879 2983 2310 3052; x_wconf 81' lang='lat' dir='ltr'><strong>cicluscgustus</strong></span> <span class='ocrx_word' id='word_1_409' title='bbox 2355 2974 2409 3031; x_wconf 89' lang='lat'><strong>3.</strong></span> <span class='ocrx_word' id='word_1_410' title='bbox 2457 2975 2797 3032; x_wconf 89' lang='lat' dir='ltr'><strong>Iustinianus</strong></span> <span class='ocrx_word' id='word_1_411' title='bbox 2833 2973 2985 3046; x_wconf 85' lang='lat' dir='ltr'><strong>leges</strong></span> <span class='ocrx_word' id='word_1_412' title='bbox 3015 2974 3381 3029; x_wconf 84' lang='lat' dir='ltr'><strong>Romanorum</strong></span> <span class='ocrx_word' id='word_1_413' title='bbox 3410 2971 3599 3026; x_wconf 88' lang='lat' dir='ltr'><strong>multis</strong></span> <span class='ocrx_word' id='word_1_414' title='bbox 3627 2969 3781 3026; x_wconf 84' lang='lat' dir='ltr'><strong>libris</strong></span> 
     </span>
    </p>
   </div>
   <div class='ocr_carea' id='block_1_64' title="bbox 417 3060 2053 3139">
    <p class='ocr_par' dir='ltr' id='par_1_64' title="bbox 417 3060 2053 3139">
     <span class='ocr_line' id='line_1_65' title="bbox 417 3060 2053 3139; baseline 0.009 -24"><span class='ocrx_word' id='word_1_415' title='bbox 417 3060 501 3128; x_wconf 90' lang='lat' dir='ltr'><strong>ll,</strong></span> <span class='ocrx_word' id='word_1_416' title='bbox 554 3063 1050 3122; x_wconf 90' lang='lat' dir='ltr'><strong>decennovennalis</strong></span> <span class='ocrx_word' id='word_1_417' title='bbox 1111 3068 1193 3124; x_wconf 93' lang='lat'><strong>14.</strong></span> <span class='ocrx_word' id='word_1_418' title='bbox 1252 3071 1318 3124; x_wconf 91' lang='lat' dir='ltr'><strong>Et</strong></span> <span class='ocrx_word' id='word_1_419' title='bbox 1373 3071 1500 3139; x_wconf 88' lang='lat' dir='ltr'><strong>quia</strong></span> <span class='ocrx_word' id='word_1_420' title='bbox 1550 3071 1832 3128; x_wconf 87' lang='lat' dir='ltr'><strong>endicadis</strong></span> <span class='ocrx_word' id='word_1_421' title='bbox 1866 3071 1920 3128; x_wconf 87' lang='lat'><strong>6.</strong></span> <span class='ocrx_word' id='word_1_422' title='bbox 1967 3080 2053 3129; x_wconf 91' lang='lat' dir='ltr'><strong>est</strong></span> 
     </span>
    </p>
   </div>
   <div class='ocr_carea' id='block_1_65' title="bbox 409 3155 2048 3220">
    <p class='ocr_par' dir='ltr' id='par_1_65' title="bbox 409 3155 2048 3220">
     <span class='ocr_line' id='line_1_66' title="bbox 409 3155 2048 3220; baseline 0.007 -16"><span class='ocrx_word' id='word_1_423' title='bbox 409 3163 606 3218; x_wconf 91' lang='lat' dir='ltr'><strong>annus,</strong></span> <span class='ocrx_word' id='word_1_424' title='bbox 656 3167 779 3208; x_wconf 91' lang='lat' dir='ltr'><strong>eum</strong></span> <span class='ocrx_word' id='word_1_425' title='bbox 829 3155 1207 3211; x_wconf 90' lang='lat' dir='ltr'><strong>embolismum</strong></span> <span class='ocrx_word' id='word_1_426' title='bbox 1254 3171 1378 3213; x_wconf 88' lang='lat' dir='ltr'><strong>esse</strong></span> <span class='ocrx_word' id='word_1_427' title='bbox 1433 3173 1657 3215; x_wconf 91' lang='lat' dir='ltr'><strong>necesse</strong></span> <span class='ocrx_word' id='word_1_428' title='bbox 1708 3168 1809 3218; x_wconf 91' lang='lat' dir='ltr'><strong>est.</strong></span> <span class='ocrx_word' id='word_1_429' title='bbox 1860 3167 1903 3220; x_wconf 91' lang='lat' dir='ltr'><strong>A</strong></span> <span class='ocrx_word' id='word_1_430' title='bbox 1965 3163 2048 3216; x_wconf 94' lang='grc'><strong>15.</strong></span> 
     </span>
    </p>
   </div>
   <div class='ocr_carea' id='block_1_66' title="bbox 409 3239 2053 3322">
    <p class='ocr_par' dir='ltr' id='par_1_66' title="bbox 409 3239 2053 3322">
     <span class='ocr_line' id='line_1_67' title="bbox 409 3239 2053 3322; baseline 0.009 -29"><span class='ocrx_word' id='word_1_431' title='bbox 409 3239 596 3309; x_wconf 91' lang='lat' dir='ltr'><strong>itaque</strong></span> <span class='ocrx_word' id='word_1_432' title='bbox 651 3242 778 3297; x_wconf 91' lang='lat' dir='ltr'><strong>luna</strong></span> <span class='ocrx_word' id='word_1_433' title='bbox 836 3245 1084 3313; x_wconf 87' lang='lat' dir='ltr'><strong>preteriti</strong></span> <span class='ocrx_word' id='word_1_434' title='bbox 1131 3245 1256 3301; x_wconf 88' lang='lat' dir='ltr'><strong>festi</strong></span> <span class='ocrx_word' id='word_1_435' title='bbox 1305 3262 1478 3317; x_wconf 89' lang='lat' dir='ltr'><strong>usque</strong></span> <span class='ocrx_word' id='word_1_436' title='bbox 1524 3249 1591 3304; x_wconf 91' lang='lat' dir='ltr'><strong>ad</strong></span> <span class='ocrx_word' id='word_1_437' title='bbox 1646 3249 1728 3306; x_wconf 90' lang='lat' dir='ltr'><strong>l4.</strong></span> <span class='ocrx_word' id='word_1_438' title='bbox 1781 3254 2053 3322; x_wconf 89' lang='lat' dir='ltr'><strong>presentis</strong></span> 
     </span>
    </p>
   </div>
   <div class='ocr_carea' id='block_1_67' title="bbox 410 3329 2052 3406">
    <p class='ocr_par' dir='ltr' id='par_1_67' title="bbox 410 3329 2052 3406">
     <span class='ocr_line' id='line_1_68' title="bbox 410 3329 2052 3406; baseline 0.009 -24"><span class='ocrx_word' id='word_1_439' title='bbox 410 3335 547 3397; x_wconf 92' lang='lat' dir='ltr'><strong>quot</strong></span> <span class='ocrx_word' id='word_1_440' title='bbox 583 3329 704 3386; x_wconf 88' lang='lat' dir='ltr'><strong>dies</strong></span> <span class='ocrx_word' id='word_1_441' title='bbox 730 3337 895 3399; x_wconf 89' lang='lat' dir='ltr'><strong>sunt,</strong></span> <span class='ocrx_word' id='word_1_442' title='bbox 951 3334 1271 3406; x_wconf 89' lang='lat' dir='ltr'><strong>diligentius</strong></span> <span class='ocrx_word' id='word_1_443' title='bbox 1299 3335 1674 3406; x_wconf 90' lang='lat' dir='ltr'><strong>inquiramus,</strong></span> <span class='ocrx_word' id='word_1_444' title='bbox 1725 3347 1781 3396; x_wconf 93' lang='lat' dir='ltr'><strong>et</strong></span> <span class='ocrx_word' id='word_1_445' title='bbox 1808 3342 2052 3398; x_wconf 85' lang='lat' dir='ltr'><strong>invenie-</strong></span> 
     </span>
    </p>
   </div>
   <div class='ocr_carea' id='block_1_68' title="bbox 409 3419 2053 3494">
    <p class='ocr_par' dir='ltr' id='par_1_68' title="bbox 409 3419 2053 3494">
     <span class='ocr_line' id='line_1_69' title="bbox 409 3419 2053 3494; baseline 0.01 -23"><span class='ocrx_word' id='word_1_446' title='bbox 409 3430 530 3472; x_wconf 90' lang='lat' dir='ltr'><strong>mus</strong></span> <span class='ocrx_word' id='word_1_447' title='bbox 575 3419 766 3488; x_wconf 89' lang='lat' dir='ltr'><strong>procul</strong></span> <span class='ocrx_word' id='word_1_448' title='bbox 813 3420 982 3477; x_wconf 92' lang='lat' dir='ltr'><strong>dubio</strong></span> <span class='ocrx_word' id='word_1_449' title='bbox 1025 3422 1245 3492; x_wconf 88' lang='lat' dir='ltr'><strong>quando</strong></span> <span class='ocrx_word' id='word_1_450' title='bbox 1301 3425 1503 3494; x_wconf 89' lang='lat' dir='ltr'><strong>pascha</strong></span> <span class='ocrx_word' id='word_1_451' title='bbox 1555 3427 1835 3486; x_wconf 91' lang='lat' dir='ltr'><strong>celebrare</strong></span> <span class='ocrx_word' id='word_1_452' title='bbox 1890 3431 2053 3487; x_wconf 85' lang='lat' dir='ltr'><strong>debe-</strong></span> 
     </span>
    </p>
   </div>
   <div class='ocr_carea' id='block_1_69' title="bbox 412 3508 2053 3590">
    <p class='ocr_par' dir='ltr' id='par_1_69' title="bbox 412 3508 2053 3590">
     <span class='ocr_line' id='line_1_70' title="bbox 412 3508 2053 3590; baseline 0.01 -30"><span class='ocrx_word' id='word_1_453' title='bbox 412 3519 550 3562; x_wconf 91' lang='lat' dir='ltr'><strong>mus.</strong></span> <span class='ocrx_word' id='word_1_454' title='bbox 605 3508 899 3566; x_wconf 89' lang='lat' dir='ltr'><strong>Transacto</strong></span> <span class='ocrx_word' id='word_1_455' title='bbox 946 3525 1112 3578; x_wconf 91' lang='lat' dir='ltr'><strong>anno,</strong></span> <span class='ocrx_word' id='word_1_456' title='bbox 1168 3527 1267 3584; x_wconf 91' lang='lat' dir='ltr'><strong>per</strong></span> <span class='ocrx_word' id='word_1_457' title='bbox 1326 3515 1683 3573; x_wconf 89' lang='lat' dir='ltr'><strong>indictionem</strong></span> <span class='ocrx_word' id='word_1_458' title='bbox 1731 3517 1785 3573; x_wconf 91' lang='lat'><strong>3.</strong></span> <span class='ocrx_word' id='word_1_459' title='bbox 1834 3521 2053 3590; x_wconf 70' lang='lat' dir='ltr'><strong>paschae</strong></span> 
     </span>
    </p>
   </div>
   <div class='ocr_carea' id='block_1_70' title="bbox 417 3591 2056 3672">
    <p class='ocr_par' dir='ltr' id='par_1_70' title="bbox 417 3591 2056 3672">
     <span class='ocr_line' id='line_1_71' title="bbox 417 3591 2056 3672; baseline 0.011 -26"><span class='ocrx_word' id='word_1_460' title='bbox 417 3591 500 3646; x_wconf 88' lang='lat' dir='ltr'><strong>l4.</strong></span> <span class='ocrx_word' id='word_1_461' title='bbox 550 3594 733 3651; x_wconf 91' lang='lat' dir='ltr'><strong>lunam</strong></span> <span class='ocrx_word' id='word_1_462' title='bbox 779 3596 833 3654; x_wconf 87' lang='lat'><strong>9.</strong></span> <span class='ocrx_word' id='word_1_463' title='bbox 877 3598 966 3654; x_wconf 90' lang='lat' dir='ltr'><strong>die</strong></span> <span class='ocrx_word' id='word_1_464' title='bbox 1005 3601 1234 3657; x_wconf 86' lang='lat' dir='ltr'><strong>Kalend.</strong></span> <span class='ocrx_word' id='word_1_465' title='bbox 1265 3603 1489 3672; x_wconf 84' lang='lat' dir='ltr'><strong>Aprilis,</strong></span> <span class='ocrx_word' id='word_1_466' title='bbox 1523 3604 1579 3660; x_wconf 92' lang='lat' dir='ltr'><strong>id</strong></span> <span class='ocrx_word' id='word_1_467' title='bbox 1609 3612 1694 3662; x_wconf 90' lang='lat' dir='ltr'><strong>est</strong></span> <span class='ocrx_word' id='word_1_468' title='bbox 1720 3606 1810 3662; x_wconf 87' lang='lat'><strong>24.</strong></span> <span class='ocrx_word' id='word_1_469' title='bbox 1851 3609 2056 3665; x_wconf 89' lang='lat' dir='ltr'><strong>mensis</strong></span> 
     </span>
    </p>
   </div>
   <div class='ocr_carea' id='block_1_71' title="bbox 412 3681 2054 3767">
    <p class='ocr_par' dir='ltr' id='par_1_71' title="bbox 412 3681 2054 3767">
     <span class='ocr_line' id='line_1_72' title="bbox 412 3681 2054 3767; baseline 0.012 -32"><span class='ocrx_word' id='word_1_470' title='bbox 412 3681 590 3737; x_wconf 83' lang='lat' dir='ltr'><strong>Martii</strong></span> <span class='ocrx_word' id='word_1_471' title='bbox 625 3681 815 3750; x_wconf 88' lang='lat' dir='ltr'><strong>fuisse,</strong></span> <span class='ocrx_word' id='word_1_472' title='bbox 865 3687 990 3755; x_wconf 93' lang='lat' dir='ltr'><strong>quis</strong></span> <span class='ocrx_word' id='word_1_473' title='bbox 1035 3689 1351 3744; x_wconf 70' lang='lat' dir='ltr'><strong>dubitat?»</strong></span> <span class='ocrx_word' id='word_1_474' title='bbox 1405 3701 1460 3746; x_wconf 92' lang='lat' dir='ltr'><strong>et</strong></span> <span class='ocrx_word' id='word_1_475' title='bbox 1506 3693 1737 3763; x_wconf 89' lang='lat' dir='ltr'><strong>reliqua.</strong></span> <span class='ocrx_word' id='word_1_476' title='bbox 1788 3698 1854 3752; x_wconf 87' lang='lat' dir='ltr'><strong>Et</strong></span> <span class='ocrx_word' id='word_1_477' title='bbox 1891 3699 2054 3767; x_wconf 91' lang='lat' dir='ltr'><strong>paulo</strong></span> 
     </span>
    </p>
   </div>
   <div class='ocr_carea' id='block_1_72' title="bbox 412 3771 2057 3848">
    <p class='ocr_par' dir='ltr' id='par_1_72' title="bbox 412 3771 2057 3848">
     <span class='ocr_line' id='line_1_73' title="bbox 412 3771 2057 3848; baseline 0.012 -24"><span class='ocrx_word' id='word_1_478' title='bbox 412 3777 538 3826; x_wconf 91' lang='lat' dir='ltr'><strong>ante</strong></span> <span class='ocrx_word' id='word_1_479' title='bbox 585 3771 724 3827; x_wconf 88' lang='lat' dir='ltr'><strong>dicit</strong></span> <span class='ocrx_word' id='word_1_480' title='bbox 768 3774 958 3842; x_wconf 78' lang='lat' dir='ltr'><strong>(Epist.</strong></span> <span class='ocrx_word' id='word_1_481' title='bbox 1014 3776 1062 3841; x_wconf 90' lang='lat'><strong>1,</strong></span> <span class='ocrx_word' id='word_1_482' title='bbox 1113 3778 1213 3845; x_wconf 83' lang='lat' dir='ltr'><strong>1b.,</strong></span> <span class='ocrx_word' id='word_1_483' title='bbox 1265 3793 1316 3847; x_wconf 92' lang='lat' dir='ltr'><strong>p.</strong></span> <span class='ocrx_word' id='word_1_484' title='bbox 1359 3779 1518 3848; x_wconf 89' lang='lat'><strong>874):</strong></span> <span class='ocrx_word' id='word_1_485' title='bbox 1555 3799 1584 3832; x_wconf 85' lang='lat'><strong>«</strong></span> <span class='ocrx_word' id='word_1_486' title='bbox 1615 3783 1731 3839; x_wconf 87' lang='lat' dir='ltr'><strong>Hoc</strong></span> <span class='ocrx_word' id='word_1_487' title='bbox 1772 3799 2057 3843; x_wconf 90' lang='lat' dir='ltr'><strong>monemus</strong></span> 
     </span>
    </p>
   </div>
   <div class='ocr_carea' id='block_1_73' title="bbox 415 3858 2054 3938">
    <p class='ocr_par' dir='ltr' id='par_1_73' title="bbox 415 3858 2054 3938">
     <span class='ocr_line' id='line_1_74' title="bbox 415 3858 2054 3938; baseline 0.01 -28"><span class='ocrx_word' id='word_1_488' title='bbox 415 3858 564 3926; x_wconf 89' lang='lat' dir='ltr'><strong>quod</strong></span> <span class='ocrx_word' id='word_1_489' title='bbox 613 3859 786 3915; x_wconf 91' lang='lat' dir='ltr'><strong>ciclus</strong></span> <span class='ocrx_word' id='word_1_490' title='bbox 822 3861 925 3916; x_wconf 88' lang='lat' dir='ltr'><strong>iste</strong></span> <span class='ocrx_word' id='word_1_491' title='bbox 963 3861 1034 3915; x_wconf 88' lang='lat'><strong>95</strong></span> <span class='ocrx_word' id='word_1_492' title='bbox 1079 3879 1368 3932; x_wconf 90' lang='lat' dir='ltr'><strong>annorum,</strong></span> <span class='ocrx_word' id='word_1_493' title='bbox 1414 3882 1576 3938; x_wconf 88' lang='lat' dir='ltr'><strong>quem</strong></span> <span class='ocrx_word' id='word_1_494' title='bbox 1633 3868 1881 3937; x_wconf 85' lang='lat' dir='ltr'><strong>fecimus,</strong></span> <span class='ocrx_word' id='word_1_495' title='bbox 1945 3885 2054 3927; x_wconf 94' lang='lat' dir='ltr'><strong>non</strong></span> 
     </span>
    </p>
   </div>
   <div class='ocr_carea' id='block_1_74' title="bbox 416 3949 2058 4030">
    <p class='ocr_par' dir='ltr' id='par_1_74' title="bbox 416 3949 2058 4030">
     <span class='ocr_line' id='line_1_75' title="bbox 416 3949 2058 4030; baseline 0.011 -32"><span class='ocrx_word' id='word_1_496' title='bbox 416 3959 516 4014; x_wconf 90' lang='lat' dir='ltr'><strong>per</strong></span> <span class='ocrx_word' id='word_1_497' title='bbox 543 3949 725 4002; x_wconf 91' lang='lat' dir='ltr'><strong>omnia</strong></span> <span class='ocrx_word' id='word_1_498' title='bbox 754 3949 808 4003; x_wconf 94' lang='lat' dir='ltr'><strong>in</strong></span> <span class='ocrx_word' id='word_1_499' title='bbox 839 3963 898 4004; x_wconf 91' lang='lat' dir='ltr'><strong>se</strong></span> <span class='ocrx_word' id='word_1_500' title='bbox 928 3951 1102 4019; x_wconf 91' lang='lat' dir='ltr'><strong>ipsum</strong></span> <span class='ocrx_word' id='word_1_501' title='bbox 1137 3957 1448 4020; x_wconf 90' lang='lat' dir='ltr'><strong>revertitur,</strong></span> <span class='ocrx_word' id='word_1_502' title='bbox 1473 3964 1528 4010; x_wconf 91' lang='lat' dir='ltr'><strong>et</strong></span> <span class='ocrx_word' id='word_1_503' title='bbox 1553 3957 1679 4012; x_wconf 91' lang='lat' dir='ltr'><strong>ideo</strong></span> <span class='ocrx_word' id='word_1_504' title='bbox 1711 3965 1836 4028; x_wconf 89' lang='lat' dir='ltr'><strong>post</strong></span> <span class='ocrx_word' id='word_1_505' title='bbox 1873 3960 2058 4030; x_wconf 84' lang='lat' dir='ltr'><strong>exple-</strong></span> 
     </span>
    </p>
   </div>
   <div class='ocr_carea' id='block_1_75' title="bbox 416 4034 2052 4118">
    <p class='ocr_par' dir='ltr' id='par_1_75' title="bbox 416 4034 2052 4118">
     <span class='ocr_line' id='line_1_76' title="bbox 416 4034 2052 4118; baseline 0.01 -31"><span class='ocrx_word' id='word_1_506' title='bbox 416 4034 623 4089; x_wconf 88' lang='lat' dir='ltr'><strong>tionem</strong></span> <span class='ocrx_word' id='word_1_507' title='bbox 651 4035 722 4090; x_wconf 91' lang='lat'><strong>95</strong></span> <span class='ocrx_word' id='word_1_508' title='bbox 749 4050 1014 4094; x_wconf 90' lang='lat' dir='ltr'><strong>annorum</strong></span> <span class='ocrx_word' id='word_1_509' title='bbox 1057 4055 1164 4096; x_wconf 94' lang='lat' dir='ltr'><strong>non</strong></span> <span class='ocrx_word' id='word_1_510' title='bbox 1195 4043 1263 4097; x_wconf 88' lang='lat' dir='ltr'><strong>ad</strong></span> <span class='ocrx_word' id='word_1_511' title='bbox 1292 4043 1346 4098; x_wconf 88' lang='lat'><strong>5.</strong></span> <span class='ocrx_word' id='word_1_512' title='bbox 1380 4044 1576 4100; x_wconf 91' lang='lat' dir='ltr'><strong>ciclum</strong></span> <span class='ocrx_word' id='word_1_513' title='bbox 1606 4048 1780 4102; x_wconf 89' lang='lat' dir='ltr'><strong>sancti</strong></span> <span class='ocrx_word' id='word_1_514' title='bbox 1823 4048 2052 4118; x_wconf 89' lang='lat' dir='ltr'><strong>[Cirilli],</strong></span> 
     </span>
    </p>
   </div>
   <div class='ocr_carea' id='block_1_76' title="bbox 417 4123 2054 4203">
    <p class='ocr_par' dir='ltr' id='par_1_76' title="bbox 417 4123 2054 4203">
     <span class='ocr_line' id='line_1_77' title="bbox 417 4123 2054 4203; baseline 0.011 -28"><span class='ocrx_word' id='word_1_515' title='bbox 417 4123 511 4192; x_wconf 90' lang='lat' dir='ltr'><strong>qui</strong></span> <span class='ocrx_word' id='word_1_516' title='bbox 562 4123 759 4194; x_wconf 90' lang='lat' dir='ltr'><strong>incipit</strong></span> <span class='ocrx_word' id='word_1_517' title='bbox 804 4127 976 4183; x_wconf 91' lang='lat' dir='ltr'><strong>ciclos</strong></span> <span class='ocrx_word' id='word_1_518' title='bbox 1017 4143 1149 4185; x_wconf 93' lang='lat' dir='ltr'><strong>suos</strong></span> <span class='ocrx_word' id='word_1_519' title='bbox 1203 4131 1272 4186; x_wconf 90' lang='lat' dir='ltr'><strong>ab</strong></span> <span class='ocrx_word' id='word_1_520' title='bbox 1329 4146 1474 4188; x_wconf 90' lang='lat' dir='ltr'><strong>anno</strong></span> <span class='ocrx_word' id='word_1_521' title='bbox 1528 4133 1644 4189; x_wconf 89' lang='lat'><strong>153.</strong></span> <span class='ocrx_word' id='word_1_522' title='bbox 1709 4135 2054 4203; x_wconf 89' lang='lat' dir='ltr'><strong>Diocletiani,</strong></span> 
     </span>
    </p>
   </div>
   <div class='ocr_carea' id='block_1_77' title="bbox 415 4214 2053 4294">
    <p class='ocr_par' dir='ltr' id='par_1_77' title="bbox 415 4214 2053 4294">
     <span class='ocr_line' id='line_1_78' title="bbox 415 4214 2053 4294; baseline 0.01 -29"><span class='ocrx_word' id='word_1_523' title='bbox 415 4224 648 4280; x_wconf 87' lang='lat' dir='ltr'><strong>quorum</strong></span> <span class='ocrx_word' id='word_1_524' title='bbox 686 4214 742 4269; x_wconf 92' lang='lat'><strong>5.</strong></span> <span class='ocrx_word' id='word_1_525' title='bbox 802 4216 998 4272; x_wconf 92' lang='lat' dir='ltr'><strong>ciclum</strong></span> <span class='ocrx_word' id='word_1_526' title='bbox 1049 4219 1210 4275; x_wconf 85' lang='lat' dir='ltr'><strong>nobis</strong></span> <span class='ocrx_word' id='word_1_527' title='bbox 1266 4222 1577 4279; x_wconf 88' lang='lat' dir='ltr'><strong>necessario</strong></span> <span class='ocrx_word' id='word_1_528' title='bbox 1626 4226 2053 4294; x_wconf 89' lang='lat' dir='ltr'><strong>prepossuimus,</strong></span> 
     </span>
    </p>
   </div>
   <div class='ocr_carea' id='block_1_78' title="bbox 2135 3058 3777 3135">
    <p class='ocr_par' dir='ltr' id='par_1_78' title="bbox 2135 3058 3777 3135">
     <span class='ocr_line' id='line_1_79' title="bbox 2135 3058 3777 3135; baseline -0.005 -14"><span class='ocrx_word' id='word_1_529' title='bbox 2135 3067 2297 3122; x_wconf 90' lang='lat' dir='ltr'><strong>nimis</strong></span> <span class='ocrx_word' id='word_1_530' title='bbox 2344 3063 2555 3135; x_wconf 81' lang='lat' dir='ltr'><strong>prolixe</strong></span> <span class='ocrx_word' id='word_1_531' title='bbox 2602 3070 2658 3119; x_wconf 91' lang='lat' dir='ltr'><strong>et</strong></span> <span class='ocrx_word' id='word_1_532' title='bbox 2709 3062 2890 3119; x_wconf 91' lang='lat' dir='ltr'><strong>inutili</strong></span> <span class='ocrx_word' id='word_1_533' title='bbox 2937 3062 3276 3118; x_wconf 87' lang='lat' dir='ltr'><strong>dissonantia</strong></span> <span class='ocrx_word' id='word_1_534' title='bbox 3314 3060 3457 3115; x_wconf 91' lang='lat' dir='ltr'><strong>intra</strong></span> <span class='ocrx_word' id='word_1_535' title='bbox 3487 3058 3777 3116; x_wconf 88' lang='lat' dir='ltr'><strong>duodecim</strong></span> 
     </span>
    </p>
   </div>
   <div class='ocr_carea' id='block_1_79' title="bbox 2134 3148 3779 3220">
    <p class='ocr_par' dir='ltr' id='par_1_79' title="bbox 2134 3148 3779 3220">
     <span class='ocr_line' id='line_1_80' title="bbox 2134 3148 3779 3220; baseline -0.005 -10"><span class='ocrx_word' id='word_1_536' title='bbox 2134 3155 2307 3210; x_wconf 90' lang='lat' dir='ltr'><strong>libros</strong></span> <span class='ocrx_word' id='word_1_537' title='bbox 2357 3153 2624 3210; x_wconf 87' lang='lat' dir='ltr'><strong>coartavit</strong></span> <span class='ocrx_word' id='word_1_538' title='bbox 2679 3153 2736 3208; x_wconf 93' lang='lat' dir='ltr'><strong>in</strong></span> <span class='ocrx_word' id='word_1_539' title='bbox 2806 3165 2972 3207; x_wconf 90' lang='lat' dir='ltr'><strong>unum</strong></span> <span class='ocrx_word' id='word_1_540' title='bbox 3030 3150 3253 3215; x_wconf 87' lang='lat' dir='ltr'><strong>librum,</strong></span> <span class='ocrx_word' id='word_1_541' title='bbox 3310 3162 3474 3220; x_wconf 89' lang='lat' dir='ltr'><strong>quem</strong></span> <span class='ocrx_word' id='word_1_542' title='bbox 3530 3148 3779 3204; x_wconf 86' lang='lat' dir='ltr'><strong>codicem</strong></span> 
     </span>
    </p>
   </div>
   <div class='ocr_carea' id='block_1_80' title="bbox 2131 3235 3783 3309">
    <p class='ocr_par' dir='ltr' id='par_1_80' title="bbox 2131 3235 3783 3309">
     <span class='ocr_line' id='line_1_81' title="bbox 2131 3235 3783 3309; baseline -0.005 -10"><span class='ocrx_word' id='word_1_543' title='bbox 2131 3243 2496 3299; x_wconf 89' lang='lat' dir='ltr'><strong>Iustinianum</strong></span> <span class='ocrx_word' id='word_1_544' title='bbox 2561 3240 2833 3296; x_wconf 87' lang='lat' dir='ltr'><strong>nominari</strong></span> <span class='ocrx_word' id='word_1_545' title='bbox 2891 3239 3160 3309; x_wconf 90' lang='lat' dir='ltr'><strong>precepit.</strong></span> <span class='ocrx_word' id='word_1_546' title='bbox 3221 3240 3452 3295; x_wconf 91' lang='lat' dir='ltr'><strong>Sanctus</strong></span> <span class='ocrx_word' id='word_1_547' title='bbox 3505 3235 3654 3293; x_wconf 86' lang='lat' dir='ltr'><strong>Beda</strong></span> <span class='ocrx_word' id='word_1_548' title='bbox 3709 3236 3783 3291; x_wconf 91' lang='lat' dir='ltr'><strong>sic</strong></span> 
     </span>
    </p>
   </div>
   <div class='ocr_carea' id='block_1_81' title="bbox 2135 3325 3784 3402">
    <p class='ocr_par' dir='ltr' id='par_1_81' title="bbox 2135 3325 3784 3402">
     <span class='ocr_line' id='line_1_82' title="bbox 2135 3325 3784 3402; baseline -0.005 -15"><span class='ocrx_word' id='word_1_549' title='bbox 2135 3330 2336 3402; x_wconf 55' lang='lat' dir='ltr'><strong>(Bson</strong></span> <span class='ocrx_word' id='word_1_550' title='bbox 2365 3350 2377 3386; x_wconf 91' lang='lat'><strong>:</strong></span> <span class='ocrx_word' id='word_1_551' title='bbox 2413 3349 2441 3383; x_wconf 85' lang='grc'><strong>››</strong></span> <span class='ocrx_word' id='word_1_552' title='bbox 2492 3329 2770 3385; x_wconf 91' lang='lat' dir='ltr'><strong>Dionisius</strong></span> <span class='ocrx_word' id='word_1_553' title='bbox 2811 3327 3098 3398; x_wconf 87' lang='lat' dir='ltr'><strong>paschales</strong></span> <span class='ocrx_word' id='word_1_554' title='bbox 3125 3327 3320 3383; x_wconf 90' lang='lat' dir='ltr'><strong>scribit</strong></span> <span class='ocrx_word' id='word_1_555' title='bbox 3348 3325 3612 3392; x_wconf 89' lang='lat' dir='ltr'><strong>circulos,</strong></span> <span class='ocrx_word' id='word_1_556' title='bbox 3645 3325 3784 3380; x_wconf 90' lang='lat' dir='ltr'><strong>inci-</strong></span> 
     </span>
    </p>
   </div>
   <div class='ocr_carea' id='block_1_82' title="bbox 2135 3413 3782 3490">
    <p class='ocr_par' dir='ltr' id='par_1_82' title="bbox 2135 3413 3782 3490">
     <span class='ocr_line' id='line_1_83' title="bbox 2135 3413 3782 3490; baseline -0.003 -16"><span class='ocrx_word' id='word_1_557' title='bbox 2135 3421 2296 3490; x_wconf 90' lang='lat' dir='ltr'><strong>piens</strong></span> <span class='ocrx_word' id='word_1_558' title='bbox 2339 3419 2408 3474; x_wconf 93' lang='lat' dir='ltr'><strong>ab</strong></span> <span class='ocrx_word' id='word_1_559' title='bbox 2446 3431 2592 3474; x_wconf 91' lang='lat' dir='ltr'><strong>anno</strong></span> <span class='ocrx_word' id='word_1_560' title='bbox 2643 3417 2935 3475; x_wconf 62' lang='lat' dir='ltr'><strong>dominicae</strong></span> <span class='ocrx_word' id='word_1_561' title='bbox 2983 3416 3379 3472; x_wconf 90' lang='lat' dir='ltr'><strong>incarnationis</strong></span> <span class='ocrx_word' id='word_1_562' title='bbox 3407 3413 3538 3480; x_wconf 90' lang='lat'><strong>532,</strong></span> <span class='ocrx_word' id='word_1_563' title='bbox 3568 3414 3668 3484; x_wconf 87' lang='lat' dir='ltr'><strong>qui</strong></span> <span class='ocrx_word' id='word_1_564' title='bbox 3706 3418 3782 3469; x_wconf 86' lang='lat' dir='ltr'><strong>est</strong></span> 
     </span>
    </p>
   </div>
   <div class='ocr_carea' id='block_1_83' title="bbox 2135 3502 3780 3576">
    <p class='ocr_par' dir='ltr' id='par_1_83' title="bbox 2135 3502 3780 3576">
     <span class='ocr_line' id='line_1_84' title="bbox 2135 3502 3780 3576; baseline -0.005 -13"><span class='ocrx_word' id='word_1_565' title='bbox 2135 3523 2310 3565; x_wconf 92' lang='lat' dir='ltr'><strong>annus</strong></span> <span class='ocrx_word' id='word_1_566' title='bbox 2346 3507 2472 3563; x_wconf 90' lang='lat'><strong>248.</strong></span> <span class='ocrx_word' id='word_1_567' title='bbox 2505 3506 2854 3573; x_wconf 90' lang='lat' dir='ltr'><strong>Diocletiani,</strong></span> <span class='ocrx_word' id='word_1_568' title='bbox 2895 3510 3022 3576; x_wconf 88' lang='lat' dir='ltr'><strong>post</strong></span> <span class='ocrx_word' id='word_1_569' title='bbox 3057 3504 3401 3561; x_wconf 90' lang='lat' dir='ltr'><strong>consulatum</strong></span> <span class='ocrx_word' id='word_1_570' title='bbox 3439 3502 3705 3573; x_wconf 89' lang='lat' dir='ltr'><strong>Lampadi</strong></span> <span class='ocrx_word' id='word_1_571' title='bbox 3731 3507 3780 3556; x_wconf 89' lang='lat' dir='ltr'><strong>et</strong></span> 
     </span>
    </p>
   </div>
   <div class='ocr_carea' id='block_1_84' title="bbox 2135 3588 3780 3666">
    <p class='ocr_par' dir='ltr' id='par_1_84' title="bbox 2135 3588 3780 3666">
     <span class='ocr_line' id='line_1_85' title="bbox 2135 3588 3780 3666; baseline -0.005 -13"><span class='ocrx_word' id='word_1_572' title='bbox 2135 3598 2372 3666; x_wconf 90' lang='lat' dir='ltr'><strong>Orestis;</strong></span> <span class='ocrx_word' id='word_1_573' title='bbox 2415 3610 2526 3666; x_wconf 93' lang='lat' dir='ltr'><strong>quo</strong></span> <span class='ocrx_word' id='word_1_574' title='bbox 2572 3609 2717 3652; x_wconf 91' lang='lat' dir='ltr'><strong>anno</strong></span> <span class='ocrx_word' id='word_1_575' title='bbox 2769 3595 2946 3651; x_wconf 86' lang='lat' dir='ltr'><strong>codex</strong></span> <span class='ocrx_word' id='word_1_576' title='bbox 2994 3594 3334 3650; x_wconf 89' lang='lat' dir='ltr'><strong>Iustinianus</strong></span> <span class='ocrx_word' id='word_1_577' title='bbox 3379 3592 3504 3649; x_wconf 90' lang='lat' dir='ltr'><strong>orbi</strong></span> <span class='ocrx_word' id='word_1_578' title='bbox 3543 3588 3780 3662; x_wconf 88' lang='lat' dir='ltr'><strong>promul-</strong></span> 
     </span>
    </p>
   </div>
   <div class='ocr_carea' id='block_1_85' title="bbox 2136 3681 3780 3758">
    <p class='ocr_par' dir='ltr' id='par_1_85' title="bbox 2136 3681 3780 3758">
     <span class='ocr_line' id='line_1_86' title="bbox 2136 3681 3780 3758; baseline -0.004 -16"><span class='ocrx_word' id='word_1_579' title='bbox 2136 3694 2295 3758; x_wconf 91' lang='lat' dir='ltr'><strong>gatus</strong></span> <span class='ocrx_word' id='word_1_580' title='bbox 2323 3691 2428 3742; x_wconf 91' lang='lat' dir='ltr'><strong>est.</strong></span> <span class='ocrx_word' id='word_1_581' title='bbox 2462 3704 2491 3737; x_wconf 85' lang='lat'>»</span> <span class='ocrx_word' id='word_1_582' title='bbox 2537 3687 2649 3740; x_wconf 81' lang='lat' dir='ltr'><strong>Hec</strong></span> <span class='ocrx_word' id='word_1_583' title='bbox 2688 3685 2852 3740; x_wconf 91' lang='lat' dir='ltr'><strong>Beda.</strong></span> <span class='ocrx_word' id='word_1_584' title='bbox 2899 3686 3031 3739; x_wconf 92' lang='lat' dir='ltr'><strong>Cum</strong></span> <span class='ocrx_word' id='word_1_585' title='bbox 3063 3697 3195 3754; x_wconf 88' lang='lat' dir='ltr'><strong>ergo</strong></span> <span class='ocrx_word' id='word_1_586' title='bbox 3225 3681 3578 3752; x_wconf 89' lang='lat' dir='ltr'><strong>supputando</strong></span> <span class='ocrx_word' id='word_1_587' title='bbox 3610 3697 3642 3736; x_wconf 91' lang='lat' dir='ltr'><strong>a</strong></span> <span class='ocrx_word' id='word_1_588' title='bbox 3669 3681 3780 3736; x_wconf 86' lang='lat' dir='ltr'><strong>Dio-</strong></span> 
     </span>
    </p>
   </div>
   <div class='ocr_carea' id='block_1_86' title="bbox 2137 3771 3777 3844">
    <p class='ocr_par' dir='ltr' id='par_1_86' title="bbox 2137 3771 3777 3844">
     <span class='ocr_line' id='line_1_87' title="bbox 2137 3771 3777 3844; baseline -0.004 -13"><span class='ocrx_word' id='word_1_589' title='bbox 2137 3776 2376 3833; x_wconf 89' lang='lat' dir='ltr'><strong>cletiano</strong></span> <span class='ocrx_word' id='word_1_590' title='bbox 2406 3788 2580 3844; x_wconf 90' lang='lat' dir='ltr'><strong>usque</strong></span> <span class='ocrx_word' id='word_1_591' title='bbox 2609 3773 2676 3828; x_wconf 91' lang='lat' dir='ltr'><strong>ad</strong></span> <span class='ocrx_word' id='word_1_592' title='bbox 2709 3773 2905 3829; x_wconf 91' lang='lat' dir='ltr'><strong>ciclum</strong></span> <span class='ocrx_word' id='word_1_593' title='bbox 2939 3773 3173 3839; x_wconf 79' lang='lat' dir='ltr'><strong>Dionissi</strong></span> <span class='ocrx_word' id='word_1_594' title='bbox 3204 3771 3340 3828; x_wconf 90' lang='lat' dir='ltr'><strong>dicit</strong></span> <span class='ocrx_word' id='word_1_595' title='bbox 3378 3771 3524 3827; x_wconf 91' lang='lat' dir='ltr'><strong>Beda</strong></span> <span class='ocrx_word' id='word_1_596' title='bbox 3554 3772 3777 3841; x_wconf 89' lang='lat' dir='ltr'><strong>primum</strong></span> 
     </span>
    </p>
   </div>
   <div class='ocr_carea' id='block_1_87' title="bbox 2137 3860 3778 3932">
    <p class='ocr_par' dir='ltr' id='par_1_87' title="bbox 2137 3860 3778 3932">
     <span class='ocr_line' id='line_1_88' title="bbox 2137 3860 3778 3932; baseline -0.002 -12"><span class='ocrx_word' id='word_1_597' title='bbox 2137 3879 2338 3920; x_wconf 90' lang='lat' dir='ltr'><strong>annum</strong></span> <span class='ocrx_word' id='word_1_598' title='bbox 2387 3863 2514 3920; x_wconf 91' lang='lat' dir='ltr'><strong>cicli</strong></span> <span class='ocrx_word' id='word_1_599' title='bbox 2561 3863 2800 3918; x_wconf 91' lang='lat' dir='ltr'><strong>Dionissi</strong></span> <span class='ocrx_word' id='word_1_600' title='bbox 2848 3863 3026 3932; x_wconf 92' lang='lat' dir='ltr'><strong>ipsum</strong></span> <span class='ocrx_word' id='word_1_601' title='bbox 3069 3861 3236 3918; x_wconf 88' lang='lat' dir='ltr'><strong>fuisse</strong></span> <span class='ocrx_word' id='word_1_602' title='bbox 3265 3874 3465 3917; x_wconf 92' lang='lat' dir='ltr'><strong>annum</strong></span> <span class='ocrx_word' id='word_1_603' title='bbox 3504 3860 3634 3915; x_wconf 87' lang='lat'><strong>248.</strong></span> <span class='ocrx_word' id='word_1_604' title='bbox 3667 3862 3778 3916; x_wconf 88' lang='lat' dir='ltr'><strong>Dio-</strong></span> 
     </span>
    </p>
   </div>
   <div class='ocr_carea' id='block_1_88' title="bbox 2138 3949 3780 4024">
    <p class='ocr_par' dir='ltr' id='par_1_88' title="bbox 2138 3949 3780 4024">
     <span class='ocr_line' id='line_1_89' title="bbox 2138 3949 3780 4024; baseline -0.004 -14"><span class='ocrx_word' id='word_1_605' title='bbox 2138 3955 2361 4010; x_wconf 91' lang='lat' dir='ltr'><strong>cletiani</strong></span> <span class='ocrx_word' id='word_1_606' title='bbox 2409 3960 2534 4024; x_wconf 90' lang='lat' dir='ltr'><strong>post</strong></span> <span class='ocrx_word' id='word_1_607' title='bbox 2581 3951 2923 4008; x_wconf 89' lang='lat' dir='ltr'><strong>consulatum</strong></span> <span class='ocrx_word' id='word_1_608' title='bbox 2972 3951 3252 4020; x_wconf 89' lang='lat' dir='ltr'><strong>Lampadii</strong></span> <span class='ocrx_word' id='word_1_609' title='bbox 3295 3958 3351 4007; x_wconf 90' lang='lat' dir='ltr'><strong>et</strong></span> <span class='ocrx_word' id='word_1_610' title='bbox 3393 3949 3626 4017; x_wconf 84' lang='lat' dir='ltr'><strong>Orestis,</strong></span> <span class='ocrx_word' id='word_1_611' title='bbox 3657 3949 3780 4004; x_wconf 85' lang='lat' dir='ltr'><strong>satis</strong></span> 
     </span>
    </p>
   </div>
   <div class='ocr_carea' id='block_1_89' title="bbox 2137 4037 3774 4114">
    <p class='ocr_par' dir='ltr' id='par_1_89' title="bbox 2137 4037 3774 4114">
     <span class='ocr_line' id='line_1_90' title="bbox 2137 4037 3774 4114; baseline -0.004 -15"><span class='ocrx_word' id='word_1_612' title='bbox 2137 4045 2284 4114; x_wconf 92' lang='lat' dir='ltr'><strong>quod</strong></span> <span class='ocrx_word' id='word_1_613' title='bbox 2336 4057 2522 4099; x_wconf 90' lang='lat' dir='ltr'><strong>verum</strong></span> <span class='ocrx_word' id='word_1_614' title='bbox 2589 4049 2672 4097; x_wconf 92' lang='lat' dir='ltr'><strong>est</strong></span> <span class='ocrx_word' id='word_1_615' title='bbox 2735 4041 3024 4107; x_wconf 91' lang='lat' dir='ltr'><strong>ostendit,</strong></span> <span class='ocrx_word' id='word_1_616' title='bbox 3091 4053 3292 4096; x_wconf 90' lang='lat' dir='ltr'><strong>annum</strong></span> <span class='ocrx_word' id='word_1_617' title='bbox 3359 4039 3595 4110; x_wconf 90' lang='lat' dir='ltr'><strong>primum</strong></span> <span class='ocrx_word' id='word_1_618' title='bbox 3656 4037 3774 4094; x_wconf 87' lang='lat' dir='ltr'><strong>cicli</strong></span> 
     </span>
    </p>
   </div>
   <div class='ocr_carea' id='block_1_90' title="bbox 2138 4127 3776 4199">
    <p class='ocr_par' dir='ltr' id='par_1_90' title="bbox 2138 4127 3776 4199">
     <span class='ocr_line' id='line_1_91' title="bbox 2138 4127 3776 4199; baseline -0.004 -11"><span class='ocrx_word' id='word_1_619' title='bbox 2138 4133 2376 4189; x_wconf 84' lang='lat' dir='ltr'><strong>Dionissi</strong></span> <span class='ocrx_word' id='word_1_620' title='bbox 2423 4132 2530 4186; x_wconf 67' lang='lat' dir='ltr'><strong>6‘1IIII</strong></span> <span class='ocrx_word' id='word_1_621' title='bbox 2568 4145 2689 4186; x_wconf 91' lang='lat' dir='ltr'><strong>esse</strong></span> <span class='ocrx_word' id='word_1_622' title='bbox 2737 4130 3052 4186; x_wconf 90' lang='lat' dir='ltr'><strong>Iustiniani.</strong></span> <span class='ocrx_word' id='word_1_623' title='bbox 3103 4131 3179 4185; x_wconf 90' lang='lat' dir='ltr'><strong>Ex</strong></span> <span class='ocrx_word' id='word_1_624' title='bbox 3215 4129 3338 4198; x_wconf 85' lang='lat' dir='ltr'><strong>ipso</strong></span> <span class='ocrx_word' id='word_1_625' title='bbox 3385 4129 3571 4198; x_wconf 86' lang='lat' dir='ltr'><strong>itaque</strong></span> <span class='ocrx_word' id='word_1_626' title='bbox 3612 4127 3776 4199; x_wconf 85' lang='lat' dir='ltr'><strong>primo</strong></span> 
     </span>
    </p>
   </div>
   <div class='ocr_carea' id='block_1_91' title="bbox 2139 4216 3779 4284">
    <p class='ocr_par' dir='ltr' id='par_1_91' title="bbox 2139 4216 3779 4284">
     <span class='ocr_line' id='line_1_92' title="bbox 2139 4216 3779 4284; baseline -0.002 -9"><span class='ocrx_word' id='word_1_627' title='bbox 2139 4235 2283 4277; x_wconf 92' lang='lat' dir='ltr'><strong>anno</strong></span> <span class='ocrx_word' id='word_1_628' title='bbox 2321 4219 2446 4276; x_wconf 91' lang='lat' dir='ltr'><strong>cicli</strong></span> <span class='ocrx_word' id='word_1_629' title='bbox 2486 4218 2744 4284; x_wconf 90' lang='lat' dir='ltr'><strong>Dionissi,</strong></span> <span class='ocrx_word' id='word_1_630' title='bbox 2793 4218 2849 4273; x_wconf 92' lang='lat' dir='ltr'><strong>id</strong></span> <span class='ocrx_word' id='word_1_631' title='bbox 2907 4224 2992 4274; x_wconf 92' lang='lat' dir='ltr'><strong>est</strong></span> <span class='ocrx_word' id='word_1_632' title='bbox 3035 4217 3097 4270; x_wconf 90' lang='lat'><strong>6°</strong></span> <span class='ocrx_word' id='word_1_633' title='bbox 3133 4229 3279 4273; x_wconf 92' lang='lat' dir='ltr'><strong>anno</strong></span> <span class='ocrx_word' id='word_1_634' title='bbox 3316 4216 3633 4283; x_wconf 89' lang='lat' dir='ltr'><strong>Iustiniani,</strong></span> <span class='ocrx_word' id='word_1_635' title='bbox 3683 4229 3779 4272; x_wconf 91' lang='lat' dir='ltr'><strong>nu-</strong></span> 
     </span>
    </p>
   </div>
   <div class='ocr_carea' id='block_1_92' title="bbox 414 4297 3781 4378">
    <p class='ocr_par' dir='ltr' id='par_1_92' title="bbox 414 4297 3781 4378">
     <span class='ocr_line' id='line_1_93' title="bbox 414 4297 3781 4378; baseline 0.002 -26"><span class='ocrx_word' id='word_1_636' title='bbox 414 4297 512 4353; x_wconf 91' lang='lat' dir='ltr'><strong>sed</strong></span> <span class='ocrx_word' id='word_1_637' title='bbox 542 4299 610 4355; x_wconf 91' lang='lat' dir='ltr'><strong>ad</strong></span> <span class='ocrx_word' id='word_1_638' title='bbox 660 4309 907 4358; x_wconf 90' lang='lat' dir='ltr'><strong>nostrum</strong></span> <span class='ocrx_word' id='word_1_639' title='bbox 957 4305 1188 4374; x_wconf 89' lang='lat' dir='ltr'><strong>primum</strong></span> <span class='ocrx_word' id='word_1_640' title='bbox 1219 4307 1447 4375; x_wconf 90' lang='lat' dir='ltr'><strong>ciclum,</strong></span> <span class='ocrx_word' id='word_1_641' title='bbox 1492 4323 1653 4378; x_wconf 91' lang='lat' dir='ltr'><strong>quem</strong></span> <span class='ocrx_word' id='word_1_642' title='bbox 1686 4324 1788 4367; x_wconf 92' lang='lat' dir='ltr'><strong>nos</strong></span> <span class='ocrx_word' id='word_1_643' title='bbox 1814 4313 1883 4368; x_wconf 90' lang='lat' dir='ltr'><strong>ab</strong></span> <span class='ocrx_word' id='word_1_644' title='bbox 1911 4319 2122 4378; x_wconf 85' lang='lat' dir='ltr'><strong>annoD</strong></span> <span class='ocrx_word' id='word_1_645' title='bbox 2144 4309 2405 4366; x_wconf 90' lang='lat' dir='ltr'><strong>merando</strong></span> <span class='ocrx_word' id='word_1_646' title='bbox 2443 4322 2609 4378; x_wconf 89' lang='lat' dir='ltr'><strong>supra</strong></span> <span class='ocrx_word' id='word_1_647' title='bbox 2652 4321 2844 4363; x_wconf 90' lang='lat' dir='ltr'><strong>versus</strong></span> <span class='ocrx_word' id='word_1_648' title='bbox 2885 4321 3060 4378; x_wconf 91' lang='lat' dir='ltr'><strong>usque</strong></span> <span class='ocrx_word' id='word_1_649' title='bbox 3105 4307 3174 4362; x_wconf 90' lang='lat' dir='ltr'><strong>ad</strong></span> <span class='ocrx_word' id='word_1_650' title='bbox 3212 4305 3612 4362; x_wconf 88' lang='lat' dir='ltr'><strong>Diocletianum</strong></span> <span class='ocrx_word' id='word_1_651' title='bbox 3638 4307 3781 4375; x_wconf 82' lang='lat' dir='ltr'><strong>juxta</strong></span> 
     </span>
    </p>
   </div>
   <div class='ocr_carea' id='block_1_93' title="bbox 413 4385 2058 4467">
    <p class='ocr_par' dir='ltr' id='par_1_93' title="bbox 413 4385 2058 4467">
     <span class='ocr_line' id='line_1_94' title="bbox 413 4385 2058 4467; baseline 0.011 -27"><span class='ocrx_word' id='word_1_652' title='bbox 413 4385 540 4443; x_wconf 67' lang='lat'><strong>248.</strong></span> <span class='ocrx_word' id='word_1_653' title='bbox 593 4390 836 4458; x_wconf 88' lang='lat' dir='ltr'><strong>ejusdem</strong></span> <span class='ocrx_word' id='word_1_654' title='bbox 886 4393 1229 4462; x_wconf 90' lang='lat' dir='ltr'><strong>Diocletiani,</strong></span> <span class='ocrx_word' id='word_1_655' title='bbox 1281 4397 1605 4467; x_wconf 88' lang='lat' dir='ltr'><strong>incepimus,</strong></span> <span class='ocrx_word' id='word_1_656' title='bbox 1647 4399 1823 4456; x_wconf 91' lang='lat' dir='ltr'><strong>lector</strong></span> <span class='ocrx_word' id='word_1_657' title='bbox 1867 4401 2058 4458; x_wconf 87' lang='lat' dir='ltr'><strong>incur-</strong></span> 
     </span>
    </p>
   </div>
   <div class='ocr_carea' id='block_1_94' title="bbox 414 4481 2055 4551">
    <p class='ocr_par' dir='ltr' id='par_1_94' title="bbox 414 4481 2055 4551">
     <span class='ocr_line' id='line_1_95' title="bbox 414 4481 2055 4551; baseline 0.01 -20"><span class='ocrx_word' id='word_1_658' title='bbox 414 4483 558 4532; x_wconf 85' lang='lat' dir='ltr'><strong>rat»</strong></span> <span class='ocrx_word' id='word_1_659' title='bbox 608 4485 664 4534; x_wconf 91' lang='lat' dir='ltr'><strong>et</strong></span> <span class='ocrx_word' id='word_1_660' title='bbox 711 4481 942 4551; x_wconf 89' lang='lat' dir='ltr'><strong>reliqua.</strong></span> <span class='ocrx_word' id='word_1_661' title='bbox 997 4485 1204 4550; x_wconf 69' lang='grc' dir='ltr'><strong>(ΒΕΒΑ.)</strong></span> <span class='ocrx_word' id='word_1_662' title='bbox 1244 4486 1571 4543; x_wconf 88' lang='lat' dir='ltr'><strong>Benedictus</strong></span> <span class='ocrx_word' id='word_1_663' title='bbox 1600 4489 1770 4545; x_wconf 89' lang='lat' dir='ltr'><strong>abbas</strong></span> <span class='ocrx_word' id='word_1_664' title='bbox 1797 4491 2055 4548; x_wconf 89' lang='lat' dir='ltr'><strong>virtutum</strong></span> 
     </span>
    </p>
   </div>
   <div class='ocr_carea' id='block_1_95' title="bbox 411 4563 2054 4650">
    <p class='ocr_par' dir='ltr' id='par_1_95' title="bbox 411 4563 2054 4650">
     <span class='ocr_line' id='line_1_96' title="bbox 411 4563 2054 4650; baseline 0.011 -32"><span class='ocrx_word' id='word_1_665' title='bbox 411 4563 588 4633; x_wconf 81' lang='lat' dir='ltr'><strong>gloria</strong></span> <span class='ocrx_word' id='word_1_666' title='bbox 642 4566 858 4634; x_wconf 88' lang='lat' dir='ltr'><strong>claruit,</strong></span> <span class='ocrx_word' id='word_1_667' title='bbox 908 4585 1045 4639; x_wconf 92' lang='lat' dir='ltr'><strong>quas</strong></span> <span class='ocrx_word' id='word_1_668' title='bbox 1100 4581 1322 4629; x_wconf 90' lang='lat' dir='ltr'><strong>sanctus</strong></span> <span class='ocrx_word' id='word_1_669' title='bbox 1375 4576 1668 4646; x_wconf 72' lang='lat' dir='ltr'><strong>Gregorius</strong></span> <span class='ocrx_word' id='word_1_670' title='bbox 1723 4578 1778 4633; x_wconf 92' lang='lat' dir='ltr'><strong>in</strong></span> <span class='ocrx_word' id='word_1_671' title='bbox 1836 4579 2054 4650; x_wconf 84' lang='lat' dir='ltr'><strong>dialogo</strong></span> 
     </span>
    </p>
   </div>
   <div class='ocr_carea' id='block_1_96' title="bbox 410 4654 2056 4736">
    <p class='ocr_par' dir='ltr' id='par_1_96' title="bbox 410 4654 2056 4736">
     <span class='ocr_line' id='line_1_97' title="bbox 410 4654 2056 4736; baseline 0.01 -29"><span class='ocrx_word' id='word_1_672' title='bbox 410 4654 759 4724; x_wconf 87' lang='lat' dir='ltr'><strong>conscripsit.</strong></span> <span class='ocrx_word' id='word_1_673' title='bbox 804 4657 989 4729; x_wconf 74' lang='lat'><strong>(1510.)</strong></span> <span class='ocrx_word' id='word_1_674' title='bbox 1039 4661 1285 4718; x_wconf 92' lang='lat' dir='ltr'><strong>Iustinus</strong></span> <span class='ocrx_word' id='word_1_675' title='bbox 1320 4664 1848 4736; x_wconf 90' lang='lat' dir='ltr'><strong>Constantinopolim</strong></span> <span class='ocrx_word' id='word_1_676' title='bbox 1890 4669 2056 4723; x_wconf 89' lang='lat' dir='ltr'><strong>Iusti-</strong></span> 
     </span>
    </p>
   </div>
   <div class='ocr_carea' id='block_1_97' title="bbox 415 4741 2057 4822">
    <p class='ocr_par' dir='ltr' id='par_1_97' title="bbox 415 4741 2057 4822">
     <span class='ocr_line' id='line_1_98' title="bbox 415 4741 2057 4822; baseline 0.01 -28"><span class='ocrx_word' id='word_1_677' title='bbox 415 4741 658 4808; x_wconf 90' lang='lat' dir='ltr'><strong>nianum,</strong></span> <span class='ocrx_word' id='word_1_678' title='bbox 708 4748 918 4802; x_wconf 86' lang='lat' dir='ltr'><strong>sororis</strong></span> <span class='ocrx_word' id='word_1_679' title='bbox 963 4763 1077 4804; x_wconf 67' lang='lat' dir='ltr'><strong>sua:</strong></span> <span class='ocrx_word' id='word_1_680' title='bbox 1131 4750 1319 4816; x_wconf 79' lang='lat' dir='ltr'><strong>tilium,</strong></span> <span class='ocrx_word' id='word_1_681' title='bbox 1360 4759 1486 4807; x_wconf 87' lang='lat' dir='ltr'><strong>ante</strong></span> <span class='ocrx_word' id='word_1_682' title='bbox 1525 4762 1777 4822; x_wconf 91' lang='lat' dir='ltr'><strong>quartum</strong></span> <span class='ocrx_word' id='word_1_683' title='bbox 1819 4769 2057 4811; x_wconf 90' lang='lat' dir='ltr'><strong>mensem</strong></span> 
     </span>
    </p>
   </div>
   <div class='ocr_carea' id='block_1_98' title="bbox 415 4829 1567 4906">
    <p class='ocr_par' dir='ltr' id='par_1_98' title="bbox 415 4829 1567 4906">
     <span class='ocr_line' id='line_1_99' title="bbox 415 4829 1567 4906; baseline 0.01 -23"><span class='ocrx_word' id='word_1_684' title='bbox 415 4829 600 4885; x_wconf 89' lang='lat' dir='ltr'><strong>obitus</strong></span> <span class='ocrx_word' id='word_1_685' title='bbox 627 4832 713 4887; x_wconf 92' lang='lat' dir='ltr'><strong>sui</strong></span> <span class='ocrx_word' id='word_1_686' title='bbox 743 4834 1128 4904; x_wconf 89' lang='lat' dir='ltr'><strong>imperatorem</strong></span> <span class='ocrx_word' id='word_1_687' title='bbox 1157 4837 1383 4906; x_wconf 88' lang='lat' dir='ltr'><strong>faciens,</strong></span> <span class='ocrx_word' id='word_1_688' title='bbox 1411 4840 1567 4896; x_wconf 88' lang='lat' dir='ltr'><strong>obiit.</strong></span> 
     </span>
    </p>
   </div>
   <div class='ocr_carea' id='block_1_99' title="bbox 485 4919 2056 5000">
    <p class='ocr_par' dir='ltr' id='par_1_99' title="bbox 485 4919 2056 5000">
     <span class='ocr_line' id='line_1_100' title="bbox 485 4919 2056 5000; baseline 0.009 -27"><span class='ocrx_word' id='word_1_689' title='bbox 485 4919 834 4978; x_wconf 70' lang='lat' dir='ltr'><strong>Romanorum</strong></span> <span class='ocrx_word' id='word_1_690' title='bbox 880 4923 971 4980; x_wconf 90' lang='lat'><strong>59.</strong></span> <span class='ocrx_word' id='word_1_691' title='bbox 1021 4926 1367 4994; x_wconf 83' lang='lat' dir='ltr'><strong>Justinianus,</strong></span> <span class='ocrx_word' id='word_1_692' title='bbox 1415 4942 1564 4983; x_wconf 85' lang='lat' dir='ltr'><strong>omne</strong></span> <span class='ocrx_word' id='word_1_693' title='bbox 1617 4932 1746 4983; x_wconf 87' lang='lat' dir='ltr'><strong>teste</strong></span> <span class='ocrx_word' id='word_1_694' title='bbox 1789 4929 2056 5000; x_wconf 85' lang='lat' dir='ltr'><strong>historico,</strong></span> 
     </span>
    </p>
   </div>
   <div class='ocr_carea' id='block_1_100' title="bbox 412 5007 2058 5085">
    <p class='ocr_par' dir='ltr' id='par_1_100' title="bbox 412 5007 2058 5085">
     <span class='ocr_line' id='line_1_101' title="bbox 412 5007 2058 5085; baseline 0.009 -26"><span class='ocrx_word' id='word_1_695' title='bbox 412 5007 647 5075; x_wconf 80' lang='lat' dir='ltr'><strong>regnauit</strong></span> <span class='ocrx_word' id='word_1_696' title='bbox 693 5011 846 5066; x_wconf 82' lang='lat' dir='ltr'><strong>annis</strong></span> <span class='ocrx_word' id='word_1_697' title='bbox 889 5010 983 5080; x_wconf 91' lang='lat'><strong>38,</strong></span> <span class='ocrx_word' id='word_1_698' title='bbox 1034 5012 1141 5069; x_wconf 91' lang='lat' dir='ltr'><strong>hoc</strong></span> <span class='ocrx_word' id='word_1_699' title='bbox 1187 5021 1272 5070; x_wconf 90' lang='lat' dir='ltr'><strong>est</strong></span> <span class='ocrx_word' id='word_1_700' title='bbox 1308 5028 1482 5085; x_wconf 89' lang='lat' dir='ltr'><strong>usque</strong></span> <span class='ocrx_word' id='word_1_701' title='bbox 1527 5015 1799 5072; x_wconf 85' lang='lat' dir='ltr'><strong>Kalendas</strong></span> <span class='ocrx_word' id='word_1_702' title='bbox 1823 5019 1968 5084; x_wconf 83' lang='lat' dir='ltr'><strong>Ian.,</strong></span> <span class='ocrx_word' id='word_1_703' title='bbox 2001 5019 2058 5074; x_wconf 94' lang='lat' dir='ltr'><strong>in</strong></span> 
     </span>
    </p>
   </div>
   <div class='ocr_carea' id='block_1_101' title="bbox 415 5096 2058 5175">
    <p class='ocr_par' dir='ltr' id='par_1_101' title="bbox 415 5096 2058 5175">
     <span class='ocr_line' id='line_1_102' title="bbox 415 5096 2058 5175; baseline 0.009 -26"><span class='ocrx_word' id='word_1_704' title='bbox 415 5107 562 5152; x_wconf 89' lang='lat' dir='ltr'><strong>anno</strong></span> <span class='ocrx_word' id='word_1_705' title='bbox 615 5096 741 5152; x_wconf 84' lang='lat'><strong>552.</strong></span> <span class='ocrx_word' id='word_1_706' title='bbox 802 5109 928 5170; x_wconf 92' lang='lat' dir='ltr'><strong>post</strong></span> <span class='ocrx_word' id='word_1_707' title='bbox 967 5103 1313 5171; x_wconf 69' lang='lat' dir='ltr'><strong>‘passionem.</strong></span> <span class='ocrx_word' id='word_1_708' title='bbox 1364 5105 1475 5159; x_wconf 92' lang='lat' dir='ltr'><strong>Sub</strong></span> <span class='ocrx_word' id='word_1_709' title='bbox 1531 5119 1642 5175; x_wconf 91' lang='lat' dir='ltr'><strong>quo</strong></span> <span class='ocrx_word' id='word_1_710' title='bbox 1696 5105 1754 5161; x_wconf 89' lang='lat' dir='ltr'><strong>bi</strong></span> <span class='ocrx_word' id='word_1_711' title='bbox 1802 5107 2058 5164; x_wconf 91' lang='lat' dir='ltr'><strong>consules</strong></span> 
     </span>
    </p>
   </div>
   <div class='ocr_carea' id='block_1_102' title="bbox 413 5182 1201 5254">
    <p class='ocr_par' dir='ltr' id='par_1_102' title="bbox 413 5182 1201 5254">
     <span class='ocr_line' id='line_1_103' title="bbox 413 5182 1201 5254; baseline 0.011 -16"><span class='ocrx_word' id='word_1_712' title='bbox 413 5182 652 5254; x_wconf 91' lang='lat' dir='ltr'><strong>fuerunt,</strong></span> <span class='ocrx_word' id='word_1_713' title='bbox 684 5193 822 5244; x_wconf 91' lang='lat' dir='ltr'><strong>teste</strong></span> <span class='ocrx_word' id='word_1_714' title='bbox 851 5190 1201 5248; x_wconf 87' lang='lat' dir='ltr'><strong>Cassiodoro.</strong></span> 
     </span>
    </p>
   </div>
   <div class='ocr_carea' id='block_1_103' title="bbox 482 5270 2050 5352">
    <p class='ocr_par' dir='ltr' id='par_1_103' title="bbox 482 5270 2050 5352">
     <span class='ocr_line' id='line_1_104' title="bbox 482 5270 2050 5352; baseline 0.008 -26"><span class='ocrx_word' id='word_1_715' title='bbox 482 5270 609 5328; x_wconf 85' lang='lat'><strong>549.</strong></span> <span class='ocrx_word' id='word_1_716' title='bbox 684 5273 730 5330; x_wconf 95' lang='lat' dir='ltr'><strong>l.</strong></span> <span class='ocrx_word' id='word_1_717' title='bbox 801 5276 1020 5350; x_wconf 79' lang='lat' dir='ltr'><strong>[nnvn]</strong></span> <span class='ocrx_word' id='word_1_718' title='bbox 1079 5281 1252 5350; x_wconf 74' lang='grc'><strong>(1811).)</strong></span> <span class='ocrx_word' id='word_1_719' title='bbox 1312 5279 1637 5338; x_wconf 83' lang='lat' dir='ltr'><strong>Iustinianus</strong></span> <span class='ocrx_word' id='word_1_720' title='bbox 1689 5287 1943 5352; x_wconf 79' lang='lat' dir='ltr'><strong>angustus</strong></span> <span class='ocrx_word' id='word_1_721' title='bbox 1995 5283 2050 5340; x_wconf 91' lang='lat'><strong>2.</strong></span> 
     </span>
    </p>
   </div>
   <div class='ocr_carea' id='block_1_104' title="bbox 2139 4393 3782 4467">
    <p class='ocr_par' dir='ltr' id='par_1_104' title="bbox 2139 4393 3782 4467">
     <span class='ocr_line' id='line_1_105' title="bbox 2139 4393 3782 4467; baseline -0.004 -12"><span class='ocrx_word' id='word_1_722' title='bbox 2139 4401 2416 4456; x_wconf 90' lang='lat' dir='ltr'><strong>cronicam</strong></span> <span class='ocrx_word' id='word_1_723' title='bbox 2465 4397 2686 4453; x_wconf 91' lang='lat' dir='ltr'><strong>Eusebii</strong></span> <span class='ocrx_word' id='word_1_724' title='bbox 2731 4396 2817 4452; x_wconf 87' lang='lat' dir='ltr'><strong>vel</strong></span> <span class='ocrx_word' id='word_1_725' title='bbox 2862 4397 3022 4453; x_wconf 72' lang='lat' dir='ltr'><strong>Bedae</strong></span> <span class='ocrx_word' id='word_1_726' title='bbox 3053 4403 3432 4467; x_wconf 90' lang='lat' dir='ltr'><strong>supputemus,</strong></span> <span class='ocrx_word' id='word_1_727' title='bbox 3463 4401 3636 4464; x_wconf 87' lang='lat' dir='ltr'><strong>atque</strong></span> <span class='ocrx_word' id='word_1_728' title='bbox 3665 4393 3782 4450; x_wconf 88' lang='lat' dir='ltr'><strong>inde</strong></span> 
     </span>
    </p>
   </div>
   <div class='ocr_carea' id='block_1_105' title="bbox 2138 4482 3784 4556">
    <p class='ocr_par' dir='ltr' id='par_1_105' title="bbox 2138 4482 3784 4556">
     <span class='ocr_line' id='line_1_106' title="bbox 2138 4482 3784 4556; baseline -0.004 -12"><span class='ocrx_word' id='word_1_729' title='bbox 2138 4489 2202 4521; x_wconf 68' lang='grc'><strong>³⁸³</strong></span> <span class='ocrx_word' id='word_1_730' title='bbox 2230 4489 2427 4544; x_wconf 90' lang='lat' dir='ltr'><strong>iterum</strong></span> <span class='ocrx_word' id='word_1_731' title='bbox 2474 4500 2648 4556; x_wconf 89' lang='lat' dir='ltr'><strong>usque</strong></span> <span class='ocrx_word' id='word_1_732' title='bbox 2695 4486 2763 4541; x_wconf 90' lang='lat' dir='ltr'><strong>ad</strong></span> <span class='ocrx_word' id='word_1_733' title='bbox 2803 4485 2999 4541; x_wconf 91' lang='lat' dir='ltr'><strong>ciclum</strong></span> <span class='ocrx_word' id='word_1_734' title='bbox 3048 4484 3284 4542; x_wconf 90' lang='lat' dir='ltr'><strong>Dionissi</strong></span> <span class='ocrx_word' id='word_1_735' title='bbox 3323 4483 3632 4540; x_wconf 89' lang='lat' dir='ltr'><strong>secundum</strong></span> <span class='ocrx_word' id='word_1_736' title='bbox 3663 4482 3784 4539; x_wconf 78' lang='lat' dir='ltr'><strong>scri—</strong></span> 
     </span>
    </p>
   </div>
   <div class='ocr_carea' id='block_1_106' title="bbox 2139 4574 3782 4647">
    <p class='ocr_par' dir='ltr' id='par_1_106' title="bbox 2139 4574 3782 4647">
     <span class='ocr_line' id='line_1_107' title="bbox 2139 4574 3782 4647; baseline -0.004 -14"><span class='ocrx_word' id='word_1_737' title='bbox 2139 4585 2352 4647; x_wconf 88' lang='lat' dir='ltr'><strong>pturam</strong></span> <span class='ocrx_word' id='word_1_738' title='bbox 2399 4576 2635 4631; x_wconf 89' lang='lat' dir='ltr'><strong>divinam</strong></span> <span class='ocrx_word' id='word_1_739' title='bbox 2674 4575 3119 4644; x_wconf 89' lang='lat' dir='ltr'><strong>apostolicosque</strong></span> <span class='ocrx_word' id='word_1_740' title='bbox 3148 4574 3315 4638; x_wconf 90' lang='lat' dir='ltr'><strong>viros,</strong></span> <span class='ocrx_word' id='word_1_741' title='bbox 3357 4574 3452 4642; x_wconf 89' lang='lat' dir='ltr'><strong>qui</strong></span> <span class='ocrx_word' id='word_1_742' title='bbox 3493 4581 3632 4628; x_wconf 87' lang='lat' dir='ltr'><strong>tunc</strong></span> <span class='ocrx_word' id='word_1_743' title='bbox 3663 4581 3782 4628; x_wconf 81' lang='lat' dir='ltr'><strong>tem&#39;</strong></span> 
     </span>
    </p>
   </div>
   <div class='ocr_carea' id='block_1_107' title="bbox 2139 4662 3777 4737">
    <p class='ocr_par' dir='ltr' id='par_1_107' title="bbox 2139 4662 3777 4737">
     <span class='ocr_line' id='line_1_108' title="bbox 2139 4662 3777 4737; baseline -0.006 -15"><span class='ocrx_word' id='word_1_744' title='bbox 2139 4667 2366 4737; x_wconf 90' lang='lat' dir='ltr'><strong>poribus</strong></span> <span class='ocrx_word' id='word_1_745' title='bbox 2393 4665 2528 4735; x_wconf 88' lang='lat' dir='ltr'><strong>ipsis</strong></span> <span class='ocrx_word' id='word_1_746' title='bbox 2557 4665 2720 4720; x_wconf 89' lang='lat' dir='ltr'><strong>etiam</strong></span> <span class='ocrx_word' id='word_1_747' title='bbox 2741 4663 2808 4720; x_wconf 91' lang='lat' dir='ltr'><strong>de</strong></span> <span class='ocrx_word' id='word_1_748' title='bbox 2841 4664 2977 4733; x_wconf 90' lang='lat' dir='ltr'><strong>ipsis</strong></span> <span class='ocrx_word' id='word_1_749' title='bbox 2995 4662 3156 4719; x_wconf 90' lang='lat' dir='ltr'><strong>annis</strong></span> <span class='ocrx_word' id='word_1_750' title='bbox 3183 4663 3327 4718; x_wconf 90' lang='lat' dir='ltr'><strong>bene</strong></span> <span class='ocrx_word' id='word_1_751' title='bbox 3347 4662 3777 4732; x_wconf 60' lang='lat' dir='ltr'><strong>disputaverunt,</strong></span> 
     </span>
    </p>
   </div>
   <div class='ocr_carea' id='block_1_108' title="bbox 2141 4749 3776 4810">
    <p class='ocr_par' dir='ltr' id='par_1_108' title="bbox 2141 4749 3776 4810">
     <span class='ocr_line' id='line_1_109' title="bbox 2141 4749 3776 4810; baseline 0 0"><span class='ocrx_word' id='word_1_752' title='bbox 2141 4767 2250 4810; x_wconf 93' lang='lat' dir='ltr'><strong>non</strong></span> <span class='ocrx_word' id='word_1_753' title='bbox 2299 4760 2508 4809; x_wconf 86' lang='lat' dir='ltr'><strong>tantum</strong></span> <span class='ocrx_word' id='word_1_754' title='bbox 2555 4759 2616 4808; x_wconf 93' lang='lat' dir='ltr'><strong>ut</strong></span> <span class='ocrx_word' id='word_1_755' title='bbox 2652 4751 2996 4808; x_wconf 90' lang='lat' dir='ltr'><strong>ostendimus</strong></span> <span class='ocrx_word' id='word_1_756' title='bbox 3038 4749 3381 4807; x_wconf 90' lang='lat' dir='ltr'><strong>mendacium</strong></span> <span class='ocrx_word' id='word_1_757' title='bbox 3420 4750 3776 4810; x_wconf 76' lang='lat' dir='ltr'><strong>cronicarum.</strong></span> 
     </span>
    </p>
   </div>
   <div class='ocr_carea' id='block_1_109' title="bbox 2140 4840 3780 4908">
    <p class='ocr_par' dir='ltr' id='par_1_109' title="bbox 2140 4840 3780 4908">
     <span class='ocr_line' id='line_1_110' title="bbox 2140 4840 3780 4908; baseline -0.003 -9"><span class='ocrx_word' id='word_1_758' title='bbox 2140 4843 2238 4899; x_wconf 90' lang='lat' dir='ltr'><strong>sed</strong></span> <span class='ocrx_word' id='word_1_759' title='bbox 2286 4848 2346 4898; x_wconf 86' lang='lat' dir='ltr'><strong>ut</strong></span> <span class='ocrx_word' id='word_1_760' title='bbox 2391 4840 2748 4898; x_wconf 90' lang='lat' dir='ltr'><strong>defendamus</strong></span> <span class='ocrx_word' id='word_1_761' title='bbox 2784 4841 3206 4897; x_wconf 88' lang='lat' dir='ltr'><strong>sacratissimam</strong></span> <span class='ocrx_word' id='word_1_762' title='bbox 3244 4840 3530 4896; x_wconf 88' lang='lat' dir='ltr'><strong>veritatem</strong></span> <span class='ocrx_word' id='word_1_763' title='bbox 3561 4851 3780 4908; x_wconf 82' lang='lat' dir='ltr'><strong>evange-</strong></span> 
     </span>
    </p>
   </div>
   <div class='ocr_carea' id='block_1_110' title="bbox 2140 4925 3780 5001">
    <p class='ocr_par' dir='ltr' id='par_1_110' title="bbox 2140 4925 3780 5001">
     <span class='ocr_line' id='line_1_111' title="bbox 2140 4925 3780 5001; baseline -0.004 -15"><span class='ocrx_word' id='word_1_764' title='bbox 2140 4931 2299 4986; x_wconf 88' lang='lat' dir='ltr'><strong>licam</strong></span> <span class='ocrx_word' id='word_1_765' title='bbox 2346 4931 2603 5001; x_wconf 90' lang='lat' dir='ltr'><strong>virosque</strong></span> <span class='ocrx_word' id='word_1_766' title='bbox 2651 4928 2918 4986; x_wconf 90' lang='lat' dir='ltr'><strong>catolicos</strong></span> <span class='ocrx_word' id='word_1_767' title='bbox 2961 4928 3224 4996; x_wconf 67' lang='lat' dir='ltr'><strong>aaclesize,</strong></span> <span class='ocrx_word' id='word_1_768' title='bbox 3252 4925 3347 5000; x_wconf 85' lang='lat' dir='ltr'><strong>qui</strong></span> <span class='ocrx_word' id='word_1_769' title='bbox 3386 4934 3514 4998; x_wconf 94' lang='lat' dir='ltr'><strong>post</strong></span> <span class='ocrx_word' id='word_1_770' title='bbox 3560 4939 3780 4997; x_wconf 79' lang='lat' dir='ltr'><strong>evange-</strong></span> 
     </span>
    </p>
   </div>
   <div class='ocr_carea' id='block_1_111' title="bbox 2141 5016 3775 5090">
    <p class='ocr_par' dir='ltr' id='par_1_111' title="bbox 2141 5016 3775 5090">
     <span class='ocr_line' id='line_1_112' title="bbox 2141 5016 3775 5090; baseline -0.004 -14"><span class='ocrx_word' id='word_1_771' title='bbox 2141 5021 2272 5077; x_wconf 91' lang='lat' dir='ltr'><strong>lium</strong></span> <span class='ocrx_word' id='word_1_772' title='bbox 2325 5019 2618 5090; x_wconf 90' lang='lat' dir='ltr'><strong>perbibent</strong></span> <span class='ocrx_word' id='word_1_773' title='bbox 2669 5019 2950 5076; x_wconf 91' lang='lat' dir='ltr'><strong>dominum</strong></span> <span class='ocrx_word' id='word_1_774' title='bbox 2998 5025 3246 5074; x_wconf 90' lang='lat' dir='ltr'><strong>nostrum</strong></span> <span class='ocrx_word' id='word_1_775' title='bbox 3290 5019 3472 5074; x_wconf 87' lang='lat' dir='ltr'><strong>Iesum</strong></span> <span class='ocrx_word' id='word_1_776' title='bbox 3513 5016 3775 5073; x_wconf 80' lang='lat' dir='ltr'><strong>Christum</strong></span> 
     </span>
    </p>
   </div>
   <div class='ocr_carea' id='block_1_112' title="bbox 2138 5101 3776 5178">
    <p class='ocr_par' dir='ltr' id='par_1_112' title="bbox 2138 5101 3776 5178">
     <span class='ocr_line' id='line_1_113' title="bbox 2138 5101 3776 5178; baseline -0.004 -14"><span class='ocrx_word' id='word_1_777' title='bbox 2138 5109 2193 5164; x_wconf 91' lang='lat'><strong>6.</strong></span> <span class='ocrx_word' id='word_1_778' title='bbox 2243 5108 2363 5164; x_wconf 89' lang='lat' dir='ltr'><strong>Kal.</strong></span> <span class='ocrx_word' id='word_1_779' title='bbox 2400 5106 2574 5178; x_wconf 88' lang='lat' dir='ltr'><strong>April.</strong></span> <span class='ocrx_word' id='word_1_780' title='bbox 2620 5108 2749 5164; x_wconf 91' lang='lat' dir='ltr'><strong>luna</strong></span> <span class='ocrx_word' id='word_1_781' title='bbox 2795 5109 2885 5162; x_wconf 87' lang='lat'><strong>17.</strong></span> <span class='ocrx_word' id='word_1_782' title='bbox 2941 5121 2972 5162; x_wconf 90' lang='lat' dir='ltr'><strong>a</strong></span> <span class='ocrx_word' id='word_1_783' title='bbox 3027 5106 3258 5162; x_wconf 90' lang='lat' dir='ltr'><strong>mortuis</strong></span> <span class='ocrx_word' id='word_1_784' title='bbox 3299 5105 3685 5169; x_wconf 79' lang='lat' dir='ltr'><strong>resnrrexisse,</strong></span> <span class='ocrx_word' id='word_1_785' title='bbox 3724 5101 3776 5158; x_wconf 89' lang='lat' dir='ltr'><strong>id</strong></span> 
     </span>
    </p>
   </div>
   <div class='ocr_carea' id='block_1_113' title="bbox 2138 5191 3774 5266">
    <p class='ocr_par' dir='ltr' id='par_1_113' title="bbox 2138 5191 3774 5266">
     <span class='ocr_line' id='line_1_114' title="bbox 2138 5191 3774 5266; baseline -0.004 -13"><span class='ocrx_word' id='word_1_786' title='bbox 2138 5202 2223 5254; x_wconf 89' lang='lat' dir='ltr'><strong>est</strong></span> <span class='ocrx_word' id='word_1_787' title='bbox 2268 5197 2643 5252; x_wconf 86' lang='lat' dir='ltr'><strong>Hieronimum</strong></span> <span class='ocrx_word' id='word_1_788' title='bbox 2690 5201 2747 5252; x_wconf 90' lang='lat' dir='ltr'><strong>et</strong></span> <span class='ocrx_word' id='word_1_789' title='bbox 2790 5195 3170 5266; x_wconf 86' lang='lat' dir='ltr'><strong>Augustinum.</strong></span> <span class='ocrx_word' id='word_1_790' title='bbox 3212 5194 3488 5250; x_wconf 86' lang='lat' dir='ltr'><strong>Victorius</strong></span> <span class='ocrx_word' id='word_1_791' title='bbox 3525 5193 3682 5250; x_wconf 88' lang='lat' dir='ltr'><strong>etiam</strong></span> <span class='ocrx_word' id='word_1_792' title='bbox 3708 5191 3774 5246; x_wconf 86' lang='lat' dir='ltr'><strong>ad</strong></span> 
     </span>
    </p>
   </div>
   <div class='ocr_carea' id='block_1_114' title="bbox 2137 5281 3775 5356">
    <p class='ocr_par' dir='ltr' id='par_1_114' title="bbox 2137 5281 3775 5356">
     <span class='ocr_line' id='line_1_115' title="bbox 2137 5281 3775 5356; baseline -0.004 -15"><span class='ocrx_word' id='word_1_793' title='bbox 2137 5285 2399 5341; x_wconf 85' lang='lat' dir='ltr'><strong>Hilarium</strong></span> <span class='ocrx_word' id='word_1_794' title='bbox 2445 5297 2642 5356; x_wconf 90' lang='lat' dir='ltr'><strong>papam</strong></span> <span class='ocrx_word' id='word_1_795' title='bbox 2688 5285 2771 5341; x_wconf 92' lang='lat' dir='ltr'><strong>sic</strong></span> <span class='ocrx_word' id='word_1_796' title='bbox 2821 5282 2937 5356; x_wconf 89' lang='lat' dir='ltr'><strong>(ap.</strong></span> <span class='ocrx_word' id='word_1_797' title='bbox 2990 5283 3290 5352; x_wconf 86' lang='lat' dir='ltr'><strong>Petavium)</strong></span> <span class='ocrx_word' id='word_1_798' title='bbox 3327 5302 3340 5339; x_wconf 97' lang='lat'><strong>:</strong></span> <span class='ocrx_word' id='word_1_799' title='bbox 3378 5300 3406 5334; x_wconf 85' lang='lat'><strong><em>«</em></strong></span> <span class='ocrx_word' id='word_1_800' title='bbox 3442 5281 3620 5340; x_wconf 84' lang='lat' dir='ltr'><strong>Primo</strong></span> <span class='ocrx_word' id='word_1_801' title='bbox 3646 5289 3775 5335; x_wconf 86' lang='lat' dir='ltr'><strong>vero</strong></span> 
     </span>
    </p>
   </div>
   <div class='ocr_carea' id='block_1_115' title="bbox 500 5381 2432 5440">
    <p class='ocr_par' dir='ltr' id='par_1_115' title="bbox 500 5381 2432 5440">
     <span class='ocr_line' id='line_1_116' title="bbox 500 5381 2432 5440; baseline 0 -5"><span class='ocrx_word' id='word_1_802' title='bbox 605 5387 614 5396; x_wconf 83' lang='lat'>&#39;</span> <span class='ocrx_word' id='word_1_803' title='bbox 1769 5381 1992 5438; x_wconf 65' lang='lat' dir='ltr'><strong>VARIIE</strong></span> <span class='ocrx_word' id='word_1_804' title='bbox 2046 5383 2432 5440; x_wconf 81' lang='lat' dir='ltr'><strong>LECTIONES.</strong></span> 
     </span>
    </p>
   </div>
   <div class='ocr_carea' id='block_1_116' title="bbox 484 5455 2337 5538">
    <p class='ocr_par' dir='ltr' id='par_1_116' title="bbox 484 5455 2337 5538">
     <span class='ocr_line' id='line_1_117' title="bbox 484 5455 2337 5538; baseline 0.008 -29"><span class='ocrx_word' id='word_1_805' title='bbox 484 5455 549 5488; x_wconf 82' lang='grc'><em>³³³</em></span> <span class='ocrx_word' id='word_1_806' title='bbox 584 5458 800 5528; x_wconf 82' lang='lat' dir='ltr'><strong>supple:</strong></span> <span class='ocrx_word' id='word_1_807' title='bbox 835 5461 963 5519; x_wconf 83' lang='lat' dir='ltr'><strong>ﬁlia.</strong></span> <span class='ocrx_word' id='word_1_808' title='bbox 1041 5465 1105 5497; x_wconf 77' lang='grc'><strong>³³⁸</strong></span> <span class='ocrx_word' id='word_1_809' title='bbox 1131 5465 1348 5537; x_wconf 82' lang='lat' dir='ltr'><strong>supple:</strong></span> <span class='ocrx_word' id='word_1_810' title='bbox 1384 5473 1536 5538; x_wconf 84' lang='lat' dir='ltr'><strong>gesta</strong></span> <span class='ocrx_word' id='word_1_811' title='bbox 1568 5468 1905 5537; x_wconf 81' lang='lat' dir='ltr'><strong>pontificum.</strong></span> <span class='ocrx_word' id='word_1_812' title='bbox 1985 5471 2049 5501; x_wconf 82' lang='grc'><strong>⁸⁸⁸</strong></span> <span class='ocrx_word' id='word_1_813' title='bbox 2080 5471 2222 5526; x_wconf 90' lang='lat' dir='ltr'><strong>idem</strong></span> <span class='ocrx_word' id='word_1_814' title='bbox 2269 5469 2337 5524; x_wconf 79' lang='lat'><strong>1?</strong></span> 
     </span>
    </p>
   </div>
  </div>
