4000 6158
307 291 408 345 737

1576 295 1980 352 CHRONICON.
2021 321 2094 330 —
2131 292 2257 346 LIB.
2300 293 2390 348 Ill.

3557 306 3664 359 738

301 430 609 472 azemorum
630 417 720 472 die
758 417 1014 474 dominus
1051 427 1241 474 noster
1275 421 1434 475 Jesus
1457 420 1707 475 Christus
1735 417 2249 477 cenansAcronica
2305 417 2525 471 Eusebii
2583 420 2666 472 vel
2722 421 2883 476 Beda
2919 423 2988 476 de
3049 427 3209 478 anuis
3263 427 3660 485 incarnationis

302 518 422 559 cum
451 505 569 558 suis
605 503 913 573 discipulis,
964 514 1249 576 postquam
1289 508 1374 561 sui
1421 509 1674 576 corporis
1721 514 1773 562 et
1823 522 1944 562 san-

299 592 446 662 ginis
473 601 812 647 sacramenta
853 594 1129 663 patefecit,
1171 596 1237 650 ad
1279 601 1517 650 montem
1547 596 1770 661 oleveti,
1802 596 1946 650 sicut

301 681 582 749 evangelia
621 687 806 736 sancta
856 689 1147 747 testantur,
1209 697 1553 754 progressus,
1612 685 1800 753 ibique
1840 684 1946 737 de—

301 774 488 822 tentus
517 774 599 823 est
630 783 659 822 a
695 770 886 824 Judeis
925 771 1176 826 tradente
1207 771 1502 841 discipulo.
1545 773 1752 826 Dehinc
1791 780 1941 826 sexta

301 854 437 911 feria
475 857 866 926 subsequente,
898 858 954 912 id
995 867 1078 914 est
1137 859 1190 914 8.
1243 861 1332 914 die
1384 860 1502 914 Kal.
1550 860 1724 929 April,
1757 859 1942 914 cruci-

301 946 443 1000 ﬁxus
471 951 574 1010 est,
618 954 672 1001 et
700 946 948 1015 sepultus
989 948 1300 1014 tertio.die,
1333 948 1438 1004 hoc
1477 957 1562 1004 est
1597 948 1651 1001 6.
1693 948 1782 1003 die
1822 947 1938 1002 Kal.

298 1034 526 1105 Aprilis,
553 1035 831 1090 dominico
870 1036 960 1090 die
999 1039 1298 1092 resurrexit
1335 1052 1367 1092 a
1415 1039 1648 1093 mortuis
1686 1056 1715 1087 »
1756 1044 1812 1092 et
1861 1050 1943 1090 re-

301 1122 474 1192 liqua.
540 1123 900 1180 Cassiodorus
963 1139 1183 1194 quoque
1239 1133 1463 1182 senator
1521 1126 1943 1195 expossitorque

297 1213 444 1267 sacri
477 1213 700 1282 psalteri
733 1214 789 1268 in
837 1228 934 1268 sua
968 1215 1190 1269 cronica
1237 1215 1355 1280 sic;
1411 1234 1437 1264 α
1487 1215 1585 1270 His
1623 1214 1946 1269 consulibus

297 1301 560 1357 dominus
597 1311 787 1358 noster
812 1305 969 1358 Jesus
996 1304 1246 1359 Christus
1275 1319 1467 1374 passus
1488 1311 1571 1359 est
1600 1305 1653 1356 8.
1695 1303 1786 1358 die
1820 1303 1943 1358 Kal.

293 1390 498 1460 April.,
532 1401 587 1446 et
616 1390 871 1447 deﬂectio
909 1392 1045 1447 solis
1081 1391 1223 1447 facta
1272 1399 1374 1459 est,
1424 1392 1603 1462 qualis
1649 1400 1810 1447 antea
1857 1392 1941 1446 vel

295 1479 650 1548 postmodum
684 1493 960 1549 nunquam
991 1479 1114 1546 fuit,
1168 1497 1196 1535 n
1246 1487 1301 1536 et
1349 1481 1579 1551 reliqua.
1613 1511 1682 1520 —
1712 1482 1792 1536 Ab
1824 1481 1944 1549 ipso

294 1580 435 1636 ergo
474 1567 652 1636 primo
689 1581 837 1623 anno
877 1568 1002 1622 cicli
1053 1568 1282 1623 Dionisii
1325 1570 1571 1639 regnavit
1606 1569 1947 1623 Justinianus

293 1655 462 1710 annis
497 1656 533 1709 5
571 1670 743 1725 usque
793 1657 848 1710 in
887 1670 1089 1710 annum
1138 1656 1264 1711 527.
1309 1657 1704 1712 incarnationis
1749 1671 1948 1712 secun-

2028 503 2414 559 contradicunt
2469 513 2661 562 sancto
2719 509 3022 579 evangelio.
3063 511 3213 566 Inter
3266 514 3661 571 Diocletianum

2025 599 2206 645 autem
2246 600 2411 661 atque
2440 595 2638 649 ciclum
2678 597 2913 652 Dionissi
2956 613 3054 667 per
3090 599 3262 655 ciclos
3298 601 3360 653 13
3391 603 3664 660 decenno~

2027 679 2285 734 vennales
2331 681 2530 736 desunt
2586 683 2621 734 7
2677 687 2826 739 anni.
2885 688 3032 752 Quos
3085 689 3165 742 sic
3217 691 3368 757 juxta
3430 691 3664 747 divinam

2025 767 2350 835 scripturam
2391 782 2682 837 possumus
2721 773 2860 827 bene
2909 775 3242 845 investigari.
3296 777 3666 835 Diocletianus

2027 856 2172 908 enim
2225 856 2278 910 in
2329 871 2473 912 anno
2505 858 2630 912 278.
2673 861 3068 918 incarnationis
3105 866 3404 920 secundum
3454 869 3667 923 Dionis-

2025 943 2162 996 sium
2197 944 2488 1012 incipiens,
2523 949 2768 1015 regnavit
2793 948 2864 1000 20
2899 963 3090 1005 annos.
3125 953 3183 1006 1n
3214 955 3371 1023 cujus
3399 969 3542 1009 anno
3579 955 3664 1022 19,

2025 1031 2081 1086 id
2117 1039 2200 1086 est
2237 1033 2292 1086 in
2333 1047 2476 1088 anno
2515 1033 2641 1089 287.
2681 1035 3077 1093 incarnationis
3118 1041 3272 1108 juxta
3311 1043 3663 1111 Dionissium,

2025 1118 2080 1174 in
2113 1133 2223 1188 quo
2252 1119 2307 1172 5.
2351 1120 2468 1174 Kal.
2501 1121 2670 1190 April.
2715 1124 2915 1191 pascha
2955 1129 3219 1198 contegit,
3253 1131 3508 1185 convenit
3538 1132 3666 1197 hoc,

2027 1206 2174 1274 quod
2206 1207 2261 1260 in
2292 1208 2516 1262 cronica
2545 1223 2643 1263 sua
2673 1210 2745 1263 ita
2777 1211 2913 1265 dicit
2946 1213 3249 1270 Eusebius:
3303 1235 3330 1267 «
3379 1221 3536 1274 Anno
3581 1220 3663 1275 19.

2026 1294 2350 1350 Diocletiani
2383 1309 2570 1351 mense
2608 1299 2801 1353 Martio
2828 1299 2882 1353 in
2921 1301 3118 1356 diebus
3166 1305 3385 1372 pascha
3415 1307 3666 1363 ecclesia

2033 1381 2323 1451 [subversa
2361 1384 2532 1453 sunt}.
2594 1407 2620 1434 »
2681 1388 2880 1456 (Ηιειι.)
2936 1391 3140 1455 Quarto
3179 1401 3360 1448 autem
3401 1409 3664 1464 persecu-

2028 1471 2196 1525 tionis
2224 1485 2368 1526 anno
2407 1474 2798 1528 Constantinus
2827 1489 3056 1546 regnare
3087 1491 3247 1533 orsus
3275 1490 3378 1537 est.
3411 1485 3666 1541 Secundo

2029 1560 2432 1628 persecutionis
2468 1575 2612 1615 anno
2661 1562 3033 1620 Diocletianus
3084 1567 3440 1634 Nicomedia,
3492 1574 3664 1629 Maxi-

2030 1649 2242 1702 mianus
2279 1649 2570 1703 Mediolani
2629 1664 2921 1718 purpuram
2962 1654 3386 1722 depossuerunt.
3427 1664 3670 1728 Apparet

295 1745 430 1799 dum
471 1745 823 1800 Dionissium.
876 1745 959 1797 13.
993 1746 1124 1799 lude
1169 1746 1418 1800 Justinus
1460 1748 1648 1801 senior
1696 1747 2004 1816 regnavitB
2030 1750 2160 1805 ergo
2222 1737 2369 1806 (1ηοά
2411 1750 2553 1792 unus
2593 1752 2769 1792 annus
2807 1748 2922 1794 erat
2977 1742 3131 1796 inter
3186 1744 3584 1803 Diocletianum
3614 1757 3670 1804 et

295 1834 461 1888 annis
490 1833 523 1885 8
553 1848 725 1902 usque
757 1834 813 1887 in
845 1848 1044 1888 annum
1066 1833 1192 1888 519.
1218 1834 1612 1889 incarnationis
1641 1835 1938 1889 secundum

294 1922 652 1977 Dionissium.
695 1921 784 1976 40.
839 1922 970 1976 Inde
1019 1924 1337 1977 Anastasius
1384 1923 1630 1993 regnavit
1676 1923 1836 1977 annis
1872 1923 1940 1974 27

294 2024 476 2079 usque
506 2011 561 2064 in
611 2024 810 2064 annum
851 2009 977 2063 492.
1028 2011 1424 2066 incarnationis
1475 2012 1774 2066 secundum
1814 2011 1942 2066 Dio-

295 2099 549 2153 nissium.
581 2099 672 2153 57.
705 2099 836 2154 Inde
876 2101 1022 2154 Zeno
1063 2101 1306 2169 regnavit
1358 2101 1518 2154 annis
1563 2099 1621 2151 17
1673 2113 1844 2168 usque
1883 2099 1938 2153 in

294 2201 500 2242 annum
569 2187 692 2239 475.
763 2189 1158 2243 incarnationis
1222 2188 1521 2243 secundum
1585 2187 1936 2242 Dionissium.

289 2276 390 2329 74.
430 2275 562 2330 Inde
592 2277 701 2329 Leo
733 2277 978 2345 regnavit
1006 2278 1166 2330 annis
1203 2277 1260 2327 17
1292 2290 1464 2345 usque
1498 2277 1550 2330 in
1581 2289 1781 2330 annum
1811 2274 1935 2329 458.

290 2363 695 2418 incarnationis
731 2363 1030 2417 secundum
1080 2363 1428 2417 Dionissium.
1479 2363 1568 2416 81.
1610 2364 1742 2418 Inde
1793 2364 1941 2417 Mar—

298 2451 496 2504 cianus
552 2450 794 2518 regnavit
856 2451 1014 2504 annis
1075 2450 1110 2501 7
1175 2465 1348 2518 usque
1414 2451 1470 2504 in
1543 2465 1743 2505 annum
1809 2451 1934 2502 451.

297 2538 700 2593 incarnationis
789 2539 1090 2594 secundum
1174 2539 1526 2594 Dionissium.
1617 2539 1736 2594 108.
1803 2540 1936 2593 Inde

292 2624 674 2679 Theodossius
719 2627 966 2696 regnavit
1020 2627 1179 2680 annis
1242 2625 1313 2678 27
1379 2641 1552 2696 usque
1618 2627 1673 2680 in
1740 2640 1939 2680 annum

291 2712 426 2767 424.
513 2713 908 2768 incarnationis
988 2715 1289 2769 secundum
1373 2715 1724 2770 Dionissium.
1818 2713 1939 2767 123.

294 2800 434 2855 Inde
475 2801 751 2856 Honorius
806 2803 1052 2871 regnavit
1088 2803 1247 2857 annis
1310 2803 1373 2854 15
1427 2817 1600 2872 usque
1641 2804 1695 2857 in
1736 2816 1939 2856 annum

294 2889 429 2944 409.
504 2889 902 2944 incarnationis
988 2891 1288 2945 secundum
1383 2891 1733 2946 Dionissium.
1819 2889 1937 2946 136.

294 2977 436 3032 Inde
490 2977 794 3033 Archadius
850 2979 1096 3047 regnavit
1151 2980 1309 3034 annis
1353 2979 1418 3032 13
1481 2993 1654 3048 usque
1719 2980 1776 3034 in
1845 2991 1942 3032 an-

2024 1826 2482 1892 Constantinum;
2515 1826 2625 1880 duo
2677 1835 2856 1882 autem
2897 1830 3023 1882 anni
3072 1831 3374 1886 secundum
3425 1836 3664 1902 multos,

2024 1928 2165 1982 quos
2200 1915 2447 1968 Galerius
2493 1929 2664 1984 gener
2721 1916 3045 1972 Diocletiani
3105 1920 3370 1988 regnavit.
3419 1923 3669 1979 Galerius

2023 2016 2156 2072 ergo
2196 2004 2337 2072 regit
2393 2004 2613 2057 tertium
2665 2007 3074 2074 persequtionis
3120 2022 3342 2073 annum,
3395 2010 3668 2081 incipiens

2023 2091 2080 2145 in
2121 2105 2265 2146 anno
2303 2091 2394 2143 19°
2434 2091 2756 2146 Diocletiani
2789 2101 2844 2147 et
2876 2097 3175 2150 terminans
3218 2097 3273 2150 in
3313 2111 3457 2154 anno
3489 2102 3666 2169 primo

2024 2178 2393 2242 Constantini,
2453 2179 2508 2231 id
2569 2186 2653 2232 est
2708 2179 2764 2232 in
2803 2194 2948 2236 anno
2986 2181 3111 2236 299.
3154 2183 3550 2241 incarnationis
3585 2203 3671 2244 se-

2024 2268 2263 2322 cundum
2303 2267 2652 2322 Dionissium.
2685 2270 3075 2324 Constantinus
3103 2271 3288 2340 itaque
3337 2275 3390 2328 in
3439 2290 3584 2331 anno
3612 2280 3668 2331 4.

2024 2357 2436 2425 persequtionis
2463 2356 2758 2424 incipiens,
2791 2359 3037 2425 regnavit
3063 2357 3134 2411 30
3169 2361 3349 2425 annis,
3389 2365 3670 2419 mensibus

2033 2444 2116 2509 10,
2158 2459 2333 2512 usque
2382 2445 2437 2498 in
2495 2459 2696 2499 annum
2745 2445 2870 2500 330.
2931 2447 3330 2503 incarnationis
3365 2453 3667 2507 secundum

2027 2533 2378 2598 Dionissium,
2402 2534 2456 2587 in
2489 2548 2600 2602 quo
2627 2535 2932 2590 indictione
2958 2538 3124 2590 tertia
3145 2537 3284 2592 obiit
3305 2537 3394 2592 25.
3415 2540 3506 2594 die
3524 2555 3672 2596 men—

2025 2622 2102 2674 sis
2158 2621 2302 2674 Maii.
2355 2622 2485 2675 Inde
2536 2624 2929 2678 Constantinus
2986 2632 3125 2679 teste
3187 2628 3383 2682 Orosio
3424 2631 3671 2698 regnavit

2026 2709 2185 2762 annis
2221 2707 2290 2760 27
2322 2723 2495 2778 usque
2525 2710 2580 2763 in
2619 2723 2818 2764 annum
2869 2711 2994 2764 357.
3037 2714 3436 2769 incarnationis
3471 2731 3668 2772 secun-

2027 2796 2153 2850 dum
2221 2797 2573 2853 Dionissium.
2614 2800 2672 2852 1n
2715 2798 2977 2854 decretali
3044 2802 3276 2869 epistola
3330 2806 3504 2858 sancti
3541 2805 3668 2859 Julii

2025 2899 2182 2952 papa
2211 2886 2534 2954 apostolica
2579 2886 2729 2940 sedis
2777 2895 2906 2941 tunc
2953 2889 3026 2942 ita
3084 2891 3287 2944 veritas
3342 2892 3664 2947 intimatur:

2027 2990 2056 3022 «
2086 2974 2147 3027 1n
2169 2975 2389 3028 nomine
2421 2974 2628 3028 domini
2659 2975 2753 3028 Dei
2775 2983 2830 3029 et
2862 2976 3149 3031 salvatoris
3169 2979 3343 3032 nostri
3363 2980 3492 3034 Jesu
3513 2982 3672 3039 Chri-

294 3081 430 3123 num
471 3067 597 3121 396.
647 3069 1041 3123 incarnationis
1079 3069 1379 3124 secundum
1419 3070 1770 3124 Dionissium.
1819 3069 1938 3123 147.
1963 3065 2116 3139 csti,
2167 3063 2568 3132 imperantibus
2605 3078 2826 3133 quoque
2871 3066 3232 3121 Constantino
3271 3075 3326 3123 et
3371 3070 3669 3127 Constante

294 3155 437 3210 Inde
467 3155 836 3211 Theodossius
865 3157 1110 3226 regnavit
1138 3157 1298 3212 annis
1341 3157 1395 3209 11
1434 3171 1608 3227 usque
1647 3159 1702 3212 in
1740 3171 1940 3213 annum
2023 3153 2240 3221 augusti
2279 3165 2425 3207 anno
2454 3152 2534 3219 4°,
2584 3153 2686 3208 sub
2734 3154 2824 3208 die
2863 3154 2924 3206 8°
2975 3156 3341 3211 Kalendarum
3388 3159 3666 3227 Octobris,

291 3243 429 3298 385.
479 3243 872 3300 incarnationis
916 3245 1216 3300 secundum
1266 3246 1616 3301 Dionissium.
1656 3245 1774 3300 153.
1815 3249 1946 3301 Gra-

293 3334 486 3389 tianus
548 3334 706 3388 annis
751 3333 787 3386 6
839 3349 1011 3404 usque
1053 3336 1105 3388 in
1146 3349 1344 3390 annum
1383 3335 1510 3390 379.
1551 3335 1947 3390 incarnationis

291 3421 602 3478 secundum
667 3423 1024 3477 Dionissium.
1092 3423 1207 3475 157.
1259 3424 1392 3477 lnde
1440 3423 1651 3477 Valens
1699 3423 1947 3491 regnavit

296 3513 466 3567 annis
502 3513 537 3564 4
568 3528 739 3582 usque
771 3514 826 3567 in
870 3527 1069 3567 annum
1126 3513 1252 3566 375.
1295 3513 1694 3567 incarnationis
1748 3526 1948 3567 secun-

293 3602 433 3658 dum
491 3602 841 3657 Dionissium.
889 3600 1006 3655 168.
1065 3601 1198 3656 Inde
1237 3601 1652 3656 Valentinianus
1700 3602 1948 3671 regnavit

271 3690 465 3744 .annis
501 3688 552 3741 11
600 3703 773 3759 usque
811 3690 866 3744 in
907 3703 1108 3743 annum
1145 3688 1272 3743 364.
1318 3688 1716 3743 incarnationis
1754 3702 1946 3743 secun-

297 3778 435 3833 dum
476 3778 826 3833 Dionissium.
867 3777 986 3831 169.
1035 3777 1167 3832 Inde
1205 3778 1466 3831 Jovianus
1503 3777 1749 3846 regnavit
1787 3789 1946 3830 men-

297 3867 460 3921 sibus
495 3865 529 3918 8
567 3881 740 3936 usque
787 3867 842 3921 in
891 3879 1092 3920 annum
1140 3865 1265 3919 363.
1309 3866 1706 3921 incarnationis
1753 3879 1949 3919 secun-

297 3954 434 4009 dum
465 3954 818 4009 Dionissium.
847 3954 964 4007 171.
995 3952 1128 4008 Inde
1147 3952 1397 4008 Julianus
1416 3955 1666 4024 regnavit
1693 3953 1852 4007 annis
1888 3951 1943 4004 11

300 4043 697 4112 mensibusque
727 4042 762 4094 8
799 4057 976 4113 usque
1036 4043 1090 4097 in
1139 4056 1339 4097 annum
1386 4042 1510 4097 361.
1553 4042 1951 4098 incarnationis

303 4131 608 4186 secundum
676 4132 1026 4187 Dionissium.
1075 4131 1194 4185 195.
1249 4132 1382 4187 Inde
1419 4133 1810 4187 Constantinus
1857 4144 1950 4185 re-

303 4221 496 4290 gnavit
558 4221 718 4274 annis
762 4220 832 4273 24
886 4235 1060 4289 usque
1127 4221 1182 4274 in
1237 4234 1436 4276 annum
1501 4219 1627 4275 337.
1688 4221 1950 4276 incarna-

307 4311 478 4364 tionis
540 4309 841 4364 secundum
897 4309 1248 4364 Dionissium.
1308 4309 1432 4363 226.
1494 4310 1627 4365 Inde
1679 4312 1946 4365 Constan-

2026 3240 2330 3295 indictione
2368 3240 2447 3307 6.,
2481 3259 2509 3292 »
2543 3247 2598 3296 et
2632 3241 2865 3310 reliqua,
2897 3242 3042 3298 sicut
3068 3258 3236 3312 supra
3269 3243 3344 3314 (υ.
3379 3246 3487 3300 col.
3519 3247 3672 3318 702).

2027 3331 2420 3385 Constantinus
2455 3344 2586 3385 vero
2615 3330 2755 3384 obiit
2783 3332 2948 3384 tertio
2988 3332 3079 3385 die
3118 3333 3324 3385 mensis
3358 3334 3673 3390 Novimbris

2034 3419 2207 3488 [sicut]
2287 3418 2342 3470 in
2418 3417 2692 3485 tripertita
2766 3417 2996 3471 historia
3075 3417 3464 3488 [aclesiastica]
3536 3421 3672 3491 legi-

2030 3513 2140 3560 tur.
2192 3505 2248 3558 Si
2298 3511 2478 3558 autem
2522 3504 2874 3558 Constantius
2935 3506 3183 3572 regnavit
3231 3504 3302 3556 27
3357 3520 3534 3561 annos
3589 3524 3674 3565 se-

2029 3593 2268 3648 cundum
2325 3590 2598 3654 Orosium,
2656 3595 2750 3643 aut
2805 3590 2852 3644 si
2895 3591 3305 3646 Valentinianus
3361 3598 3418 3646 et
3472 3595 3672 3650 Valens

2029 3693 2204 3735 annos
2265 3678 2328 3731 17
2384 3685 2440 3733 et
2474 3677 2763 3733 Gratianus
2816 3678 2852 3729 7
2905 3679 2989 3733 vel
3044 3679 3350 3734 Archadius
3387 3694 3563 3736 annos
3606 3682 3671 3738 l3

2031 3772 2414 3838 regnaverunt,
2445 3768 2590 3822 sicut
2618 3767 2674 3820 in
2705 3768 2928 3822 cronica
2966 3766 3192 3822 Issidori
3222 3769 3470 3839 episcopi
3502 3771 3585 3825 vel
3611 3773 3667 3826 in

2032 3857 2413 3927 expossitione
2452 3855 2641 3911 Melliti
2679 3854 2934 3921 habetur,
2967 3868 3077 3911 non
3108 3864 3317 3911 certum
3364 3859 3668 3916 secundum

2029 3948 2358 4015 scripturam
2423 3945 2660 4000 divinam
2725 3943 3018 4001 invenitur.
3085 3946 3241 4012 Quod
3297 3945 3356 3977 ³⁸⁸
3417 3947 3665 4020 [autem]

2031 4051 2207 4092 annus
2233 4036 2324 4087 4‘"
2358 4033 2702 4091 Constantini
2731 4041 2788 4089 et
2824 4035 3160 4101 Constantis,
3219 4036 3315 4106 qui
3372 4044 3456 4092 est
3491 4052 3670 4096 annus

2030 4126 2156 4181 333.
2216 4124 2613 4180 incarnationis
2665 4123 2966 4178 secundum
3021 4124 3372 4191 Dionissium,
3423 4134 3540 4181 erat
3587 4129 3670 4181 in-

2031 4217 2275 4271 dictione
2321 4222 2494 4280 sexta,
2561 4221 2726 4282 atque
2755 4227 2932 4267 annus
2967 4212 3056 4264 9η·
3085 4215 3316 4268 Honorii
3348 4215 3671 4270 consulatus

2032 4306 2116 4362 sui
2152 4304 2234 4360 11.
2276 4311 2331 4360 et
2359 4303 2642 4358 Constanti
2672 4302 2726 4366 2,
2758 4315 2920 4369 quem
2953 4301 3124 4354 linivit
3153 4302 3208 4355 in
3248 4315 3394 4356 anno
3433 4302 3560 4357 417.
3591 4304 3675 4358 in-

311 4397 459 4452 tinus
491 4399 716 4468 Magnus
754 4398 1000 4467 regnavit
1055 4398 1214 4452 annis
1267 4395 1329 4450 31
1397 4411 1567 4465 usque
1627 4397 1680 4451 in
1739 4392 2368 4472 annucharnalionis
2431 4390 2731 4446 secundum
2788 4387 3142 4452 Dionissium,
3210 4389 3516 4444 indictione
3584 4390 3668 4444 l5.

307 4485 432 4540 306.
493 4486 889 4542 incarnationis
945 4485 1247 4541 secundum
1287 4487 1639 4540 Dionissium.
1681 4485 1762 4540 Ab
1799 4497 1944 4540 anno

305 4591 439 4632 vero
480 4575 889 4646 persequtionis
925 4582 1124 4644 quarto
1152 4574 1544 4629 Constantinus
1590 4587 1821 4643 regnare
1869 4574 1950 4628 in-

307 4666 456 4735 cepit
489 4667 642 4735 juxta
679 4665 956 4720 cronicam
1006 4663 1227 4720 Eusebii
1274 4663 1358 4718 vel
1400 4663 1581 4718 Beda.
1623 4661 1749 4716 227.
1799 4663 1950 4716 Tunc

309 4769 510 4810 annum
580 4755 802 4810 tertium
851 4754 1280 4824 persequtionis,
1339 4767 1463 4822 qua
1531 4752 1585 4806 in
1643 4764 1788 4806 anno
1859 4750 1951 4804 19°

310 4845 636 4901 Diocletiani
674 4845 894 4914 incepta
940 4851 1044 4911 est,
1099 4844 1382 4914 [deputant
1428 4842 1608 4912 nulli].
1647 4843 1816 4909 Quem
1855 4856 1951 4896 an-

312 4947 441 4988 num
473 4933 716 4988 Isidorus
753 4933 1048 5002 episcopus
1085 4946 1207 4987 cum
1247 4931 1434 4986 multis
1471 4930 1594 4985 aliis
1632 4931 1794 4985 etiam
1827 4944 1950 4984 cum

311 5037 456 5078 anno
493 5022 670 5078 altero
706 5022 920 5078 Galerio
965 5021 1285 5077 Maximiano
1347 5020 1715 5091 (conscripsit.
1775 5019 1947 5088 247.].

310 5111 444 5166 1nde
499 5110 872 5166 Diocletianus
911 5111 1155 5180 regnavit
1191 5109 1351 5163 annis
1388 5107 1460 5161 20
1513 5121 1687 5177 usque
1744 5107 1800 5162 in
1856 5121 1956 5162 an-

314 5213 440 5254 num
470 5199 595 5255 285.
629 5200 1024 5255 incarnationis
1050 5197 1350 5254 secundum
1381 5197 1729 5252 Dionissium.
1773 5198 1953 5265 Usque

312 5297 491 5344 autem
521 5288 576 5343 in
615 5301 816 5342 annum
863 5287 988 5341 289.
1032 5287 1428 5341 incarnationis
1468 5287 1641 5355 juxta
1675 5286 1951 5340 cronicam

315 5377 534 5434 Eusebii
562 5377 646 5432 vel
677 5376 858 5442 Beda,
892 5376 996 5432 hoc
1045 5381 1129 5429 est
1172 5375 1208 5425 4
1254 5375 1414 5430 annis
1465 5375 1608 5444 plus.
1663 5377 1741 5431 Ita
1779 5382 1835 5430 et
1872 5376 1953 5430 sic

2030 4490 2168 4549 erat,
2199 4479 2501 4536 secundum
2524 4479 2852 4547 scripturam
2882 4475 3242 4530 dubitandum
3282 4489 3392 4531 non
3440 4483 3543 4533 est.
3586 4479 3672 4532 1n-

2031 4578 2114 4625 tra
2146 4582 2286 4638 quos
2323 4567 2464 4622 duos
2508 4579 2683 4621 annos
2730 4579 2828 4634 per
2876 4564 2911 4616 4
2948 4564 3461 4619 decennovennales
3497 4566 3672 4621 ciclos

2031 4658 2066 4711 4
2123 4657 2249 4712 anni
2307 4658 2526 4712 desunt.
2565 4655 2814 4710 Julianus
2861 4666 2994 4722 ergo
3041 4653 3094 4706 in
3130 4665 3274 4707 anno
3314 4652 3402 4704 80.
3445 4654 3672 4709 Diocle-

2033 4747 2166 4802 tiani
2205 4745 2496 4815 incipiens,
2535 4743 2781 4814 regnavit
2808 4742 2968 4796 annis
2997 4740 3236 4805 duobus,
3279 4742 3563 4796 mensibus
3612 4744 3668 4810 8,

2033 4836 2173 4892 obiit
2199 4836 2254 4889 6.
2287 4834 2404 4889 Kal.
2461 4832 2590 4886 Julii
2649 4831 2703 4884 in
2740 4843 2885 4884 anno
2941 4827 3066 4882 360.
3124 4829 3521 4886 incarnationis
3575 4845 3669 4887 se-

2034 4926 2272 4982 cundum
2303 4922 2634 4979 Dionissium
2671 4919 2761 4974 83.
2807 4919 3068 4974 JoVianus
3115 4919 3169 4972 in
3218 4931 3364 4973 anno
3401 4918 3494 4971 83.
3547 4920 3670 4975 Dio-

2035 5015 2256 5073 cletiani
2303 5012 2595 5081 incipiens,
2648 5009 2891 5077 regnavit
2941 5008 3224 5062 mensibus
3270 5008 3324 5074 8,
3385 5008 3525 5063 obiit
3586 5010 3668 5064 14.
3711 5001 3718 5006 ’

2035 5106 2153 5161 Kal.
2196 5105 2349 5159 Mart.
2397 5102 2452 5155 in
2499 5100 2624 5154 361.
2676 5097 3071 5152 incarnationis
3115 5096 3416 5151 secundum
3465 5097 3681 5153 Dionis-

2035 5196 2195 5250 sium.
2255 5189 2443 5261 [84”].
2499 5186 2908 5242 Valentinianus
2947 5187 3001 5240 in
3040 5199 3184 5240 anno
3224 5185 3311 5238 84.
3355 5185 3676 5242 Diocletiani

2038 5283 2327 5351 incipiens,
2361 5277 2608 5348 regnavit
2635 5275 2795 5330 annis
2847 5273 2930 5340 11,
2981 5275 3262 5328 mensibus
3307 5275 3362 5341 5,
3413 5274 3554 5331 obiit
3589 5276 3674 5330 l7.

2039 5374 2128 5430 die
2167 5369 2371 5426 mensis
2398 5364 2745 5436 Septimhris,
2789 5364 2845 5418 in
2893 5376 3037 5418 anno
3091 5361 3218 5415 372.
3279 5363 3676 5421 incarnationis

1674 5473 1893 5528 VARIE
1938 5468 2322 5527 LECTIONES.

389 5545 448 5576 ⁸⁸⁸
479 5546 614 5611 Quia
646 5545 697 5598 2.
775 5545 839 5576 ³⁸⁸
869 5544 941 5599 ita
971 5545 1025 5598 in
1055 5542 1290 5608 margine
1325 5542 1370 5596 1.
