4000 6158
405 309 514 364 739

1815 309 2091 364 ΜΑΒΙΑΝΙ
2130 307 2360 362 SCOTTI

3673 310 3777 363 740

403 431 707 490 secundum
751 431 1085 489 Dionissium
1121 432 1204 489 ³⁸³.
1247 432 1442 488 Valens
1487 432 1543 486 in
1589 443 1733 488 anno
1771 431 1860 488 95.
1903 429 2524 492 Dio-Aincarnationis
2560 429 2864 486 secundum
2919 429 3255 488 Dionissium
3302 430 3420 487 198.
3460 434 3776 490 Anastasius

405 521 629 577 cletiani
656 520 950 590 incipiens,
984 522 1227 591 regnavit
1263 521 1423 575 annis
1458 520 1513 585 4,
1555 534 1729 590 usque
1759 520 1816 575 in
1846 534 2047 575 annum

405 609 530 666 376.
572 609 968 666 incarnationis
1018 608 1316 664 secundum
1360 608 1710 663 Dionissium.
1755 608 1846 661 95.
1893 608 2046 679 [99b].

404 699 693 754 Gratianus
720 698 777 754 in
810 711 953 754 anno
983 698 1072 752 99.
1107 697 1435 752 Diocletiani
1474 697 1769 766 incipiens,
1804 698 2049 767 regnavit

405 786 566 840 annis
601 785 657 852 6,
689 801 861 856 usque
892 787 947 840 in
995 799 1196 840 annum
1235 784 1361 838 382.
1404 786 1800 841 incarnationis
1847 799 2045 840 secuno

411 873 540 929 dum
587 876 939 932 Dionissium.
987 874 1358 930 Theodossins
1393 875 1450 930 in
1489 887 1633 930 anno
1668 873 1786 930 105.
1827 874 2050 930 Diocle-

407 962 539 1017 tiani
595 963 887 1032 incipiens,
948 963 1196 1032 regnavit
1252 964 1412 1018 annis
1483 964 1566 1030 11,
1625 963 1765 1018 obiit
1801 963 1892 1018 die
1961 963 2044 1018 17.

406 1052 607 1106 mensis
633 1054 853 1117 Januar,
889 1053 946 1106 in
986 1065 1133 1108 anno
1163 1050 1290 1105 393.
1323 1052 1721 1108 incarnationis
1747 1052 2048 1107 secundum

405 1140 726 1196 Dionisium.
779 1140 1085 1196 Archadius
1124 1141 1181 1196 in
1223 1154 1368 1196 anno
1427 1141 1544 1195 116.
1605 1140 1932 1197 Diocletiani
1967 1141 2052 1196 in-

403 1227 635 1298 cipiens,
667 1229 914 1298 regnavit
943 1231 1103 1284 annis
1139 1229 1222 1296 l4,
1266 1229 1405 1285 obiit
1434 1229 1552 1284 Kal.
1587 1230 1708 1284 Maii
1739 1243 1882 1286 anno
1923 1230 2045 1287 408.

403 1314 799 1372 incarnationis
826 1317 1128 1373 secundum
1155 1317 1509 1373 Dionissium.
1529 1319 1804 1374 Honorius
1826 1319 1881 1373 in
1903 1332 2046 1374 anno

408 1402 528 1457 131.
560 1405 886 1461 Diocletiani
927 1406 1219 1475 incipiens,
1272 1406 1519 1476 regnavit
1555 1407 1713 1462 annis
1749 1407 1831 1473 l5,
1874 1421 2045 1476 usque

400 1493 459 1548 in
488 1507 690 1550 annum
727 1494 854 1548 423.
910 1495 1306 1550 incarnationis
1353 1496 1654 1551 secundum
1692 1497 2041 1552 Dionissium.

402 1581 574 1650 Hujus
610 1596 755 1638 anno
783 1582 837 1648 9,
871 1596 1032 1652 quem
1065 1583 1239 1638 ﬁnivit
1268 1583 1374 1636 417
1413 1584 1808 1639 incarnationis
1860 1584 1935 1654 (υ.
1985 1601 2040 1640 a.

399 1667 532 1738 439)
595 1670 895 1726 secundum
937 1672 1289 1735 Dionissium,
1343 1686 1464 1727 cum
1511 1671 1593 1725 10.
1630 1672 1747 1726 Kal.
1779 1672 1902 1726 Maii
1940 1672 2042 1726 de-

2133 519 2190 573 in
2247 532 2392 574 anno
2446 519 2572 574 215.
2613 519 2940 575 Diocletiani
2980 520 3277 590 incipiens,
3334 523 3584 592 regnavit
3622 522 3777 577 annis

2129 604 2220 672 27,
2270 621 2442 676 usque
2482 607 2550 661 ad
2590 619 2791 662 annum
2849 606 2977 663 518.
3019 608 3418 664 incarnationis
3473 609 3771 665 secundum

2129 695 2478 750 Dionissium.
2509 696 2756 751 Justinus
2778 697 2967 752 senior
2994 696 3051 752 in
3089 709 3234 752 anno
3264 695 3390 752 242.
3423 697 3769 765 Diocletiani,

2131 783 2376 853 regnavit
2412 784 2572 839 annis
2607 783 2663 850 8,
2698 799 2873 854 usque
2911 785 2981 840 ad
3020 799 3223 841 annum
3260 785 3386 842 526.
3434 786 3775 843 incarnatio-

2132 872 2218 927 nis
2247 872 2549 928 secnndnm
2579 873 2932 930 Dionissium.
2971 875 3314 930 Justinianus
3349 875 3407 930 in
3452 889 3601 932 anno
3648 875 3770 932 250.

2129 960 2454 1016 Diocletiani
2529 961 2822 1031 incipiens,
2877 964 3124 1033 regnavit
3177 965 3337 1019 annis
3370 964 3434 1031 5,
3477 979 3654 1035 usque
3706 965 3772 1021 ad

2133 1049 2365 1118 primum
2395 1063 2596 1106 annum
2627 1051 2892 1106 ciclorum
2922 1051 3202 1120 Dionissii,
3223 1053 3319 1124 qui
3339 1060 3424 1108 est
3450 1067 3632 1109 annus
3649 1053 3772 1107 255.

2129 1137 2456 1194 Diocletiani
2522 1139 2677 1208 juxta
2751 1139 3056 1208 predictam
3131 1141 3403 1196 rationem
3458 1150 3772 1198 sanctorum

2129 1227 2392 1294 virorum,
2433 1241 2544 1283 non
2572 1240 2749 1282 annus
2784 1226 2912 1281 248.
2959 1227 3264 1284 secundum
3323 1229 3616 1300 [cronicas,
3673 1232 3774 1286 ini-

2129 1313 2279 1383 quas]
2312 1313 2437 1369 250.
2478 1317 2699 1370 Certum
2738 1319 2824 1370 est
2861 1315 3028 1384 enim,
3076 1329 3278 1372 annum
3326 1325 3584 1388 quartum
3633 1321 3774 1374 Con-

2126 1402 2354 1457 stantini
2401 1410 2456 1458 et
2492 1403 2827 1469 Constantis,
2868 1404 2964 1473 qui
3022 1411 3107 1460 est
3161 1419 3339 1461 annus
3383 1405 3541 1460 333‘"
3589 1409 3776 1464 incar-

2128 1490 2370 1544 nationis
2415 1491 2718 1546 secundum
2747 1492 3102 1560 Dionissium,
3134 1493 3439 1550 indictione
3471 1495 3524 1549 6.
3559 1505 3778 1552 conste-

2126 1577 2258 1633 tisse
2292 1578 2449 1647 [teste
2478 1587 2670 1634 sancto
2697 1579 2842 1636 Julio
2892 1595 3033 1650 papa
3081 1579 3146 1611 ³⁸⁸
3204 1581 3368 1638 etiam
3408 1591 3540 1639 tunc
3600 1585 3769 1654 ipsam

2127 1679 2242 1720 rem
2271 1667 2591 1737 scribente].
2646 1671 2863 1723 Annum
2918 1668 2982 1698 ³⁸⁷
3039 1670 3203 1725 etiam
3260 1685 3463 1728 nonum
3521 1674 3775 1740 Honorii,

399 1754 577 1823 heret,
627 1759 829 1826 pascha
895 1758 1230 1815 celebratum
1283 1766 1384 1815 est,
1447 1759 1502 1813 8,
1545 1760 1663 1815 Kal,
1725 1759 1895 1829 Apri].
1938 1750 2224 1822 Sequui
2264 1761 2348 1808 est
2385 1768 2561 1809 annus
2589 1755 2749 1807 417“I
2785 1757 3187 1813 incarnationis
3225 1759 3526 1815 secundum
3558 1762 3774 1818 Dionis-

405 1841 540 1898 hora
607 1845 904 1902 babtizanti
945 1847 1010 1878 ³⁸⁵
1049 1862 1187 1917 aqua
1227 1862 1337 1903 non
1403 1849 1555 1903 venit
1603 1849 1659 1903 in
1699 1848 2044 1917 baptisterio,

404 1931 642 2002 ideoque
673 1934 940 1990 babtisma
979 1950 1088 1991 non
1137 1945 1317 1992 actum
1357 1944 1475 1992 erat
1531 1937 1650 2006 ipsa
1707 1944 1889 1993 nocte.
1949 1938 2046 1992 Illa

403 2026 582 2074 autem
613 2030 796 2088 nocte,
829 2037 952 2092 qua:
983 2024 1202 2079 lucebat
1232 2025 1287 2079 in
1327 2024 1416 2080 die
1456 2024 1736 2081 dominico
1790 2024 1870 2079 10.
1925 2017 2043 2080 Kal.

399 2107 542 2174 Maii,
575 2107 699 2164 fons
744 2125 902 2166 sacer
939 2126 1007 2165 ex
1062 2127 1184 2167 sese
1241 2112 1488 2181 repletus
1545 2119 1628 2168 est
1679 2113 1813 2168 hora
1871 2113 2046 2182 bapti-

397 2195 577 2251 zandi.
612 2199 729 2253 Hoc
758 2204 937 2253 autem
970 2206 1150 2253 actum
1191 2206 1275 2254 est
1313 2199 1369 2254 in
1402 2201 1508 2256 ﬁne
1538 2200 1666 2255 anni
1698 2201 1830 2256 noni
1859 2202 2047 2257 Hono-

399 2281 487 2336 rii.
511 2283 855 2341 Theodosius
883 2287 940 2340 in
969 2300 1113 2342 anno
1142 2286 1260 2342 146.
1286 2288 1612 2343 Diocletiani
1643 2288 1934 2357 incipiens,
1959 2303 2046 2344 ra-

393 2374 578 2440 gnavit
607 2375 766 2429 annis
811 2375 892 2440 17,
926 2389 1100 2444 usque
1131 2376 1186 2431 in
1217 2391 1418 2433 annum
1466 2377 1592 2432 450.
1644 2377 2043 2433 incarnationis

394 2461 696 2516 secundum
763 2463 1116 2518 Dionissium.
1169 2465 1248 2519 ita
1307 2466 1364 2520 in
1403 2466 1560 2521 libris
1583 2465 1802 2536 legitur,
1844 2467 2042 2522 testiﬁ-

394 2556 554 2604 cante
583 2557 778 2605 sancto
817 2552 1113 2621 Prospero,
1169 2553 1264 2622 qui
1320 2553 1376 2608 in
1429 2554 1551 2624 ipso
1591 2555 1754 2609 etiam
1793 2561 2042 2625 tempore

395 2643 603 2706 partem
641 2638 708 2692 ad
739 2639 1016 2694 cronicam
1047 2641 1266 2695 Eusebii
1295 2641 1488 2697 addit:
1543 2663 1567 2691 α
1610 2645 1728 2698 Hoc
1765 2656 1931 2710 anno,
1983 2644 2039 2699 id

392 2732 477 2780 est
523 2725 614 2780 21.
663 2741 810 2783 anno
867 2729 1163 2796 Theodosi,
1223 2731 1425 2800 pascha
1482 2731 1820 2788 celebratum
1861 2739 1945 2788 est
1981 2734 2036 2790 9.

393 2814 511 2868 Kal.
553 2815 697 2884 Maii,
739 2823 800 2872 ut
829 2819 1204 2887 supradictum
1263 2825 1348 2874 est
1408 2819 1535 2890 (col.
1576 2820 1702 2887 725,
1763 2837 1817 2876 a.
1876 2821 2034 2892 466).

389 2903 465 2957 De
505 2903 610 2959 hoc
640 2917 884 2974 quoque,
925 2905 981 2960 id
1031 2915 1115 2962 est
1162 2908 1284 2976 ipso
1323 2921 1490 2975 anno,
1524 2909 1885 2963 Paschasinns
1913 2910 2035 2979 epi-

388 3004 593 3060 scopus
620 2993 816 3048 scribit
853 2994 921 3049 ad
962 3009 1156 3064 papam
1205 2998 1465 3064 Leonem,
1506 3004 1567 3052 ut
1605 3011 1791 3066 supra.
1844 3016 1874 3048 »
1914 3000 2035 3068 ipse

389 3085 570 3133 autem
612 3084 698 3134 est
732 3093 910 3135 annus
946 3081 1000 3134 8.
1053 3082 1556 3139 decennovennalis
1611 3085 1758 3151 cicli,
1800 3086 1893 3154 qui
1950 3091 2034 3140 est

387 3164 514 3221 444.
547 3179 722 3222 annus
759 3167 1156 3224 incarnationis
1196 3173 1351 3240 juxta
1407 3172 1757 3241 Dionissium,
1809 3173 1866 3228 in
1923 3188 2034 3245 quo

389 3255 580 3312 ﬁnitus
608 3265 692 3312 est
724 3271 902 3314 annus
941 3259 1031 3314 21.
1063 3260 1380 3317 Theodosii.
1414 3262 1721 3318 Marcianus
1776 3263 1830 3318 in
1888 3278 2032 3320 anno

395 3343 513 3398 174.
544 3345 868 3403 Diocletiani
899 3347 1192 3418 incipiens,
1235 3350 1481 3420 regnavit
1528 3352 1686 3406 annis
1739 3352 1794 3419 7,
1836 3353 2035 3408 mensi-

388 3432 490 3488 bus
519 3432 574 3500 2,
607 3435 909 3491 secundum
949 3436 1236 3492 historiam
1261 3439 1582 3507 Romanam,
1615 3439 1720 3496 hoc
1749 3446 1832 3496 est
1858 3455 2031 3512 usque

385 3520 504 3576 Kal.
545 3521 673 3576 Julii
703 3523 760 3578 in
790 3537 936 3579 anno
972 3523 1099 3578 457.
1145 3525 1544 3582 incarnationis
1579 3528 1880 3584 secundum
1908 3531 2034 3586 Dio-

385 3609 612 3666 nissium
651 3610 727 3682 (ν.
761 3627 816 3666 a.
853 3612 1003 3680 477).
1036 3615 1274 3684 Prosper
1311 3615 1387 3670 ita
1425 3615 1624 3671 iterum
1647 3637 1663 3670 :
1699 3636 1727 3667 «
1777 3621 1934 3674 Anno
1971 3619 2027 3674 5.

384 3697 642 3753 Marciani
671 3704 830 3768 capta
867 3707 987 3756 erat
1025 3702 1196 3756 Roma
1233 3702 1296 3754 4°
1334 3703 1424 3759 die
1464 3704 1592 3760 ldus
1617 3704 1770 3760 Julii.
1804 3706 2030 3762 Eodem-

383 3799 491 3854 que
520 3801 665 3842 anno
704 3789 906 3857 pascha
945 3789 1280 3846 celebratum
1320 3798 1404 3848 est
1457 3793 1519 3846 8°
1574 3793 1665 3848 die
1722 3795 1841 3849 Kal.
1881 3797 2026 3864 Maii,

383 3873 675 3929 ordinante
715 3876 978 3946 episcopo
1008 3877 1377 3936 Alexandrino
1425 3881 1752 3952 Theophilo,
1786 3900 1815 3937 ›ι
1846 3891 1902 3939 et
1947 3899 2033 3940 re-

383 3961 554 4030 liqua.
589 3963 812 4028 «Quod
872 3965 1074 4032 pascha
1129 3973 1353 4024 sanctus
1409 3984 1548 4041 papa
1608 3973 1718 4027 Leo
1779 3972 1864 4028 15.
1906 3974 2025 4030 Kal.

383 4051 506 4106 Maii
537 4049 927 4108 celebrandum
967 4055 1154 4124 potius
1191 4064 1615 4126 protestaretur,
1649 4076 1679 4114 ››
1711 4066 1766 4115 et
1795 4061 2025 4132 reliqua.

381 4138 613 4193 Sanctus
641 4145 820 4194 autem
842 4140 1178 4212 Theophilus
1207 4146 1409 4214 pascha
1439 4148 1491 4202 8.
1518 4148 1614 4202 Kal
1645 4148 1766 4203 Maii
1797 4149 1854 4204 in
1881 4163 2028 4206 anno

377 4223 507 4281 465.
546 4227 943 4285 incarnationis
984 4233 1285 4289 secundum
1323 4235 1651 4292 Dionissium
1709 4243 1858 4294 recte
1897 4252 2030 4296 con-

379 4313 579 4382 stituit,
621 4329 743 4370 cum
775 4329 877 4372 nec
907 4318 963 4372 in
992 4321 1154 4375 annis
1179 4321 1253 4375 3O
1279 4328 1438 4378 antea
1469 4337 1647 4394 neque
1685 4325 1743 4381 in
1772 4327 1931 4382 annis
1965 4327 2030 4380 10

2128 1843 2292 1908 sium,
2325 1842 2628 1899 indictione
2664 1843 2773 1911 158,
2801 1845 3090 1901 consulatu
3139 1849 3369 1903 Honorii
3418 1849 3688 1906 undecies
3722 1859 3774 1907 et

2127 1930 2434 1985 Constantii
2499 1931 2624 2000 bis,
2693 1938 2832 1989 teste
2898 1934 3262 1991 Paschassino
3320 1937 3586 2008 episcopo
3653 1954 3771 1994 cum

2127 2025 2320 2074 sancto
2358 2021 2540 2076 Leone
2590 2035 2749 2090 papa.
2798 2025 3014 2078 Annum
3059 2023 3256 2079 iterum
3307 2026 3630 2096 vigesimum
3670 2029 3772 2097 pri-

2127 2120 2273 2162 mum
2311 2107 2607 2174 Theodosi,
2649 2111 2745 2179 qui
2803 2122 2890 2166 est
2943 2125 3122 2167 annus
3157 2113 3316 2166 444‘“
3370 2115 3769 2172 incarnationis

2126 2196 2428 2251 secundum
2467 2197 2819 2265 Dionissium,
2870 2200 3175 2257 indictione
3239 2201 3346 2270 12“,
3405 2211 3546 2260 teste
3579 2205 3769 2262 eodem

2126 2283 2391 2354 episcopo
2431 2285 2790 2344 Paschassino
2821 2303 2944 2344 cum
2990 2297 3183 2345 sancto
3222 2305 3361 2361 papa
3408 2293 3617 2349 Leone.
3667 2299 3771 2350 An-

2125 2385 2253 2427 num
2310 2386 2531 2442 quoque
2570 2376 2820 2444 quintum
2874 2377 3134 2433 Marciani
3191 2379 3499 2437 indictione
3555 2381 3638 2450 8ι,
3679 2383 3770 2452 qui

2124 2468 2208 2514 est
2263 2475 2440 2518 annus
2502 2463 2661 2516 455'“
2717 2464 3116 2522 incarnationis
3187 2469 3489 2526 secundum
3554 2472 3768 2528 Dionis-

2121 2548 2284 2616 sium,
2354 2557 2493 2606 teste
2550 2553 2714 2607 etiam
2751 2560 2943 2608 sancto
2999 2556 3182 2610 Leone
3221 2571 3396 2627 papa,
3456 2566 3515 2614 ut
3572 2574 3758 2631 supra.

2120 2641 2309 2693 Annus
2362 2640 2549 2708 itaque
2605 2649 2834 2711 quartus
2889 2645 3372 2702 Constantinorum
3427 2654 3587 2704 sexta
3645 2657 3760 2704 erat

2120 2726 2450 2796 indictione,
2484 2730 2764 2787 scribente
2791 2733 3138 2790 sanctissimo
3165 2735 3310 2791 Julio
3339 2750 3499 2806 papa.
3531 2739 3596 2793 1n
3622 2751 3766 2794 anno

2118 2829 2268 2872 nono
2313 2818 2544 2874 Honorii
2593 2820 2795 2888 pascha
2832 2827 2950 2876 erat
2993 2821 3058 2874 10
3104 2823 3223 2878 Kal.
3271 2826 3414 2890 Maii,
3459 2833 3600 2882 teste
3649 2827 3766 2897 epi-

2121 2918 2295 2975 scopo
2335 2906 2695 2962 Paschassino
2725 2922 2850 2964 cum
2890 2917 3082 2966 sancto
3113 2913 3296 2968 Leone
3333 2927 3494 2984 papa.
3535 2917 3598 2971 1n
3625 2930 3767 2972 anno

2116 2991 2207 3048 21.
2258 2993 2552 3050 Theodosii
2591 2996 2793 3065 pascha
2840 3003 2979 3053 erat.
3027 2998 3081 3054 9.
3134 3000 3253 3056 Kal.
3293 3002 3439 3068 Maii,
3481 3011 3624 3060 teste
3666 3006 3763 3060 Pa-

2053 3069 2096 3128 C
2117 3081 2402 3138 schassino
2429 3084 2693 3154 episc0po
2723 3099 2845 3140 cum
2883 3091 3075 3142 sancto
3111 3089 3295 3146 Leone
3332 3104 3494 3161 papa.
3524 3092 3595 3148 ln'
3618 3107 3761 3150 anno

2117 3171 2312 3242 quinto
2341 3172 2598 3228 Marciani
2633 3173 2835 3242 pascha
2862 3182 2982 3230 erat
3027 3175 3082 3230 8.
3115 3177 3234 3232 Kal.
3286 3180 3444 3235 Mart.
3491 3183 3537 3236 Α
3585 3181 3758 3248 nullo,

2115 3273 2245 3316 vero
2285 3275 2424 3330 papa
2452 3260 2536 3317 vel
2567 3263 2830 3333 episcopo
2869 3264 3104 3320 mittitur
3151 3267 3387 3336 epistola
3432 3268 3519 3324 vel
3568 3269 3759 3327 decre-

2115 3348 2242 3404 talis
2279 3349 2511 3419 epistola
2541 3338 2824 3419 scribitur,
2856 3353 2964 3408 nisi
3001 3353 3121 3424 ipse
3157 3356 3298 3411 sciat
3337 3354 3402 3387 ³⁸⁸
3439 3357 3576 3428 quid
3615 3360 3670 3415 in
3696 3374 3756 3416 ea

2113 3437 2309 3492 scribit
2345 3438 2429 3493 vel
2459 3438 2647 3494 mittit.

2183 3525 2310 3579 555.
2341 3527 2395 3580 7.
2433 3511 2671 3598 [nxxim]
2703 3528 2961 3599 Agaplius
2986 3543 3129 3601 papa
3155 3529 3248 3585 56.
3273 3537 3394 3603 post
3429 3534 3665 3590 Petrum.

2187 3612 2286 3684 (Η.
2318 3615 2402 3682 R.)
2434 3617 2648 3672 interea
2693 3616 3039 3674 Athalaricus
3084 3633 3182 3675 rex
3207 3621 3510 3678 Gothorum
3537 3623 3575 3676 8
3602 3623 3753 3680 annis

2109 3701 2406 3772 imperans,
2447 3705 2607 3760 obiit.
2633 3706 2800 3774 Cujus
2828 3713 3002 3762 mater
3028 3709 3382 3766 Amalsuinda
3408 3711 3747 3769 Theodatum

2110 3791 2340 3847 sociavit
2375 3791 2482 3847 sibi
2513 3791 2570 3848 in
2601 3807 2850 3864 regnum,
2898 3809 3061 3865 quam
3107 3796 3421 3855 Theodatus
3470 3808 3602 3871 post
3641 3800 3750 3857 dies

2110 3878 2326 3949 aliquos
2352 3881 2683 3951 strangulari
2701 3883 2758 3938 in
2788 3883 3006 3940 ballneo
3027 3886 3284 3956 precipit.
3305 3887 3441 3955 Quia
3470 3903 3606 3945 vero
3637 3891 3748 3960 ipsa

2109 3969 2296 4023 vivens
2332 3983 2392 4025 se
2418 3983 2688 4041 suumque
2717 3970 2886 4027 ﬁlium
2914 3973 3223 4030 Justiniano
3253 3975 3579 4045 imperatori
3609 3991 3750 4035 com-

2110 4056 2405 4123 mendavit,
2437 4057 2564 4114 ideo
2590 4059 2930 4117 Justinianus
2967 4062 3266 4132 imperator
3301 4063 3372 4120 ad
3412 4065 3742 4123 Theodatum

2109 4144 2284 4201 iratus
2327 4152 2464 4202 erat.
2530 4147 2843 4204 Theodatus
2907 4155 3110 4218 autem,
3172 4159 3234 4208 ut
3291 4153 3592 4224 imperator
3642 4153 3740 4209 hoc

2110 4234 2162 4289 ei
2191 4233 2513 4302 dimitteret,
2555 4235 2704 4292 misit
2739 4236 2808 4292 ad
2838 4251 2962 4293 eum
2990 4240 3528 4312 Constantinopolim
3558 4256 3741 4314 papam

2107 4323 2417 4393 Agapitum.
2482 4325 2746 4394 Agapitus
2810 4339 2940 4382 vero
3007 4327 3398 4398 imperatorem
3455 4331 3515 4387 in
3574 4331 3746 4388 heresi

379 4408 571 4471 postea
607 4403 944 4462 celebratum
988 4414 1074 4464 est
1117 4411 1317 4479 pascha
1370 4411 1452 4466 15.
1505 4413 1601 4468 Kal
1640 4415 1784 4471 Maii.
1823 4406 2410 4472 Novis-DEutichetis
2464 4421 2813 4470 corruentem
2870 4417 3143 4472 convertit
3197 4417 3268 4472 ad
3324 4417 3508 4474 ﬁdem.
3568 4420 3747 4477 Anthi-

376 4491 548 4548 simus
576 4491 763 4562 itaque
795 4494 923 4550 cicli
951 4495 1453 4555 decennovennalis
1491 4508 1575 4557 est
1619 4516 1796 4559 annus
1840 4518 2020 4562 nonus

379 4579 678 4637 Honorii...
737 4581 802 4613 “‘
857 4589 914 4638 et
964 4585 1191 4655 quintus
1241 4588 1520 4645 Marciani.
1578 4592 1687 4647 Leo
1752 4593 1808 4648 in
1872 4608 2018 4650 anno

383 4665 505 4724 180.
538 4669 865 4726 Diocletiani
901 4671 1195 4742 incipiens,
1235 4678 1483 4747 regnavit
1518 4679 1678 4734 annis
1729 4679 1812 4746 17,
1845 4695 2018 4750 usque

377 4756 496 4812 Kal.
553 4758 683 4815 Julii
739 4759 798 4814 in
853 4774 999 4817 anno
1065 4762 1192 4825 474,
1260 4764 1655 4822 incarnationis
1716 4769 2018 4824 secundum

375 4845 726 4904 Dionissium.
788 4849 897 4905 Leo
957 4851 1148 4920 junior
1202 4855 1448 4923 regnavit
1505 4855 1787 4910 mensibus
1822 4857 1877 4923 6,
1911 4857 2018 4914 hoc

2100 4515 2248 4556 mum
2286 4513 2508 4571 quoque
2545 4502 3215 4572 Constantinopolitanum
3247 4505 3597 4578 episcopum,
3633 4522 3743 4579 pre-

2100 4588 2225 4644 iatae
2268 4588 2481 4644 heresis
2527 4589 2893 4656 defensorem,
2954 4591 3094 4648 duas
3151 4600 3377 4650 naturas
3431 4595 3491 4650 in
3529 4597 3741 4662 Christo

2100 4683 2411 4748 negantem,
2443 4677 2500 4733 in
2529 4678 2752 4734 exilium
2789 4680 2994 4752 coegit,
3026 4686 3082 4736 et
3109 4682 3358 4739 Hennam
3385 4685 3442 4740 in
3473 4683 3603 4741 loco
3633 4687 3742 4755 ejus

2101 4765 2420 4836 episcopum
2449 4769 2792 4824 consecravit
2834 4767 2933 4840 (cf.
2964 4769 2984 4824 ι
3029 4772 3235 4842 pont.).

2169 4853 2295 4910 556.
2326 4855 2381 4908 8.
2426 4855 2657 4926 [oxxxrv]
2690 4859 2965 4927 Agapetus
3011 4872 3142 4915 vero
3171 4873 3314 4930 papa
3350 4859 3429 4916 ibi
3475 4861 3736 4918 Constan-

374 4939 458 4988 est
499 4949 669 5005 usque
700 4936 819 4992 Kal.
863 4939 1008 5005 Jan.,
1053 4939 1111 4994 in
1158 4941 1351 4996 eodem
1389 4956 1535 4998 anno
1573 4943 1758 4999 obitus
1813 4946 2011 5002 Leonis
2091 4943 2327 5013 tinopoli
2355 4943 2496 5000 obiit
2539 4945 2620 5000 10.
2663 4945 2782 5000 Kal.
2809 4946 2953 5002 Maii.
3007 4947 3195 5018 [Rome
3234 4947 3299 4979 κ’
3343 4948 3603 5020 sepultus
3653 4948 3728 5005 12.

373 5023 628 5081 senioris.
683 5023 806 5080 180.
863 5027 1010 5083 Zeno
1065 5028 1121 5084 in
1178 5043 1323 5086 anno
1364 5030 1482 5085 198.
1509 5031 1833 5088 Diocletiani
1873 5033 2012 5090 inci—
2093 5031 2212 5087 Kal.
2243 5032 2541 5103 Octobris].

374 5113 551 5182 piens,
590 5115 838 5186 regnavit
891 5116 1051 5172 annis
1111 5117 1193 5174 17.
1249 5133 1423 5191 usque
1473 5121 1541 5177 ad
1600 5137 1802 5179 annum
1844 5123 2005 5195 [492.]

2163 5121 2422 5179 Silverius
2451 5137 2598 5194 papa
2625 5121 2717 5180 57.
2743 5128 2866 5194 post
2895 5125 3106 5180 Petrum
3143 5139 3280 5181 anno
3313 5123 3361 5194 ι,
3393 5128 3654 5184 mensibus
3677 5127 3730 5196 2,

1721 5275 1943 5330 νΑΒιΑε
1980 5275 2366 5332 LECTIONES.

533 5410 632 5519 ’ξοδ
659 5410 772 5515 “if?
785 5413 1098 5519 $152.39.-
1134 5419 1537 5519 .Witcgze
1562 5420 1672 5519 ἓἰί
1683 5420 2111 5519 ίῖἶιὲἵῖζὶεὲὶῑ.
2141 5424 2747 5519 23139220213.“
2773 5426 2850 5519 in:

832 5499 927 5555 apo
957 5500 1096 5556 papa
1134 5489 1178 5542 l.
1252 5489 1337 5519 ³⁸⁷
1365 5489 1537 5546 codex
1561 5493 1676 5560 jam
1699 5494 1930 5549 secunda
1956 5511 2114 5551 manu
2136 5497 2328 5567 pergit.

832 5555 851 5626 )
881 5570 1038 5612 manu
1069 5557 1162 5612 sed
1185 5564 1370 5628 postea
1394 5561 1448 5614 in
1477 5561 1709 5630 margine
1735 5563 1930 5634 scripta
1962 5572 2101 5621 sunt.

369 5480 515 5537 deest
542 5480 597 5534 2.

371 5482 1178 5621 ἓὲῗέπι²ξεωῖ⁶ηαᾶῗννὲα¹ἷιίνὲεὲ

2880 5425 3152 5494 legendum
3177 5432 3276 5483 est.
3351 5425 3417 5459 ³⁸⁸
3443 5428 3730 5484 similiter?

2420 5495 2734 5552 “sciat‘l.
2830 5494 2896 5526 ³⁸⁸
2939 5497 3068 5564 Qua
3111 5498 3259 5553 uncia
3293 5495 3594 5554 inclusimus
3621 5499 3725 5568 ian
