4040 6170
467 302 574 355 743

1873 283 2154 340 MARIANI
2192 284 2422 340 SCOTTI

3725 289 3818 341 744

461 436 550 483 tus
603 430 758 496 pater
803 421 1134 479 Benedictus
1177 426 1233 474 et
1278 416 1432 486 prius
1478 415 1534 469 in
1581 413 1706 468 loco
1736 410 1830 482 qui
1861 407 2173 468 SublacuA.
2259 408 2384 465 595.
2427 409 2482 464 9.
2529 396 2775 481 [animi]
2819 410 2991 483 (1311).)
3029 413 3271 468 Armenii
3317 412 3478 469 ﬁdem
3508 413 3708 468 Christi
3747 427 3826 467 su-

459 515 683 579 dicitur,
725 514 819 583 qui
863 512 930 566 ab
987 509 1122 564 urbe
1170 509 1341 561 Roma
1384 503 1456 556 40
1507 501 1809 557 miliaribus
1837 500 2012 564 abest,
2044 506 2099 555 et

459 613 652 675 postea
697 605 752 658 in
802 609 982 656 castro
1038 596 1272 660 Casiani,
1306 594 1451 662 quod
1515 595 1714 646 Aurum
1769 589 2094 659 appellatur,

459 707 669 765 magna
716 692 840 746 vita
890 686 1100 744 meritis
1147 693 1201 740 et
1239 681 1562 752 apostolicis
1589 680 1651 710 ³⁷⁷
1679 679 1974 733 virtutibus
2011 676 2097 731 ef-

458 783 610 838 fulsit
658 781 736 850 (P.
804 781 864 833 D.
923 792 991 845 II,
1049 774 1154 843 26).
1231 773 1334 842 [Sic
1401 777 1625 826 sanctus
1691 768 1986 837 Gregorius
2041 767 2097 820 in

458 871 700 940 dialogo,
752 868 896 922 libro
969 863 1213 920 secundo
1271 859 1512 931 capitulo
1574 857 1658 910 14.
1717 865 1773 912 et
1827 856 1908 909 15.
1969 870 2098 925 per-

458 958 658 1102 ωιὲἒέ
735 1045 826 1099 37.
911 1041 1107 1114 [anm]
1174 1038 1510 1111 [Columcille
1585 1037 1698 1106 egit
1778 1036 1926 1091 cath.
1976 1033 2095 1090 Culi

460 1140 686 1194 dremne
731 1133 890 1204 (141.)

531 1225 654 1278 586.
696 1223 786 1278 38.
833 1220 1023 1292 [num]
1070 1220 1158 1291 (P.
1199 1220 1260 1272 D.
1311 1229 1379 1283 II,
1410 1214 1532 1286 23).
1581 1214 1905 1270 Prescianus
1927 1227 2102 1283 gram-

458 1315 691 1370 maticus
737 1311 882 1382 apud
931 1306 1461 1376 Constantinopolim
1510 1305 1692 1359 clarus
1746 1302 1853 1373 (lib.
1901 1303 2098 1374 Pont.).

461 1404 737 1473 [Pelagius
783 1415 922 1470 papa
968 1400 1086 1454 obit
1133 1397 1168 1449 6
1211 1399 1353 1451 Non.
1385 1395 1582 1449 Martii.
1617 1393 1786 1463 [Quod
1821 1399 1994 1448 autem
2020 1395 2100 1449 his

455 1491 771 1564 temporibus
799 1491 930 1545 vixit
955 1493 1166 1542 sanctus
1195 1486 1496 1554 Gregorius,
1529 1486 1584 1537 in
1619 1482 1755 1536 libro
1793 1497 1864 1537 III
1920 1483 2096 1538 diato-

453 1596 636 1650 gorum
657 1595 776 1650 cap.
814 1577 898 1632 ll.
928 1577 1040 1647 ipse
1068 1577 1146 1630 ita
1169 1573 1402 1645 perhibet
1433 1591 1449 1625 :
1513 1591 1540 1622 ‹‹
1599 1573 1688 1625 Vir
1732 1587 1932 1641 quoque
1975 1575 2096 1627 vita:

2181 497 2443 566 scipiunt.

2242 585 2366 640 596.
2414 586 2498 640 10.
2563 587 2791 658 [anxIv]
2852 588 3190 658 Redemptus
3237 589 3544 645 Ferentina
3594 590 3818 646 civitatis

2181 673 2478 743 episcopus
2507 675 2708 742 clarus,
2743 685 2801 732 ut
2831 677 2884 731 in
2917 677 3138 748 dia10go
3165 677 3369 748 legitur
3398 685 3512 744 (III,
3544 676 3666 748 38).

2251 762 2378 818 597.
2426 764 2507 819 11.
2574 765 2776 835 [anxv]
2821 766 2903 837 (P.
2944 769 3007 820 D.
3049 783 3132 834 Ill,
3169 767 3272 837 11).
3311 767 3561 823 Justinus
3601 769 3820 838 impera-

2183 855 2273 906 tor
2301 854 2540 908 amentia
2569 855 2726 909 obiit.

2254 943 2602 997 Romanorum
2674 943 2764 997 6|.
2848 943 3084 999 Tiberius
3157 947 3525 1002 Constantinus
3598 949 3821 1016 regnavit

2183 1030 2335 1084 annis
2399 1030 2455 1099 7,
2522 1047 2683 1104 usque
2746 1034 2802 1087 in
2867 1049 3058 1089 annum
3139 1034 3264 1088 561.
3348 1038 3644 1106 passionem
3729 1039 3820 1092 Do-

2182 1131 2329 1171 νηιηι.

2253 1206 2380 1261 598.
2428 1208 2473 1261 1.
2520 1209 2746 1280 [anva]
2790 1210 2960 1284 (Βευ.)
2988 1213 3284 1285 Gregorius
3303 1219 3434 1270 tunc
3461 1215 3820 1286 apocrisarius

2183 1293 2239 1348 in
2281 1297 2844 1368 Constantinopolim,
2886 1308 2941 1356 et
2973 1310 3098 1372 post
3127 1319 3286 1374 papa,
3319 1305 3375 1359 in
3401 1306 3504 1361 Job
3536 1306 3821 1375 expositio-

2184 1396 2306 1438 nem
2338 1385 2548 1440 condit.
2585 1387 2880 1457 [Jobanues
2910 1406 3049 1461 papa
3079 1393 3220 1448 obiit
3246 1394 3300 1446 3.
3341 1393 3422 1450 1d.
3451 1393 3602 1458 Julii,
3634 1394 3816 1450 eodem

2183 1477 2431 1542 tempore
2461 1489 2572 1545 quo
2601 1478 2788 1532 Narsis
2817 1479 2956 1534 obiit
2983 1480 3091 1550 (lib.
3118 1483 3312 1554 pont.).

2253 1563 2380 1616 599.
2448 1565 2501 1618 2.
2567 1566 2809 1638 [anxvu]
2878 1570 3187 1626 Benedictus
3243 1587 3386 1643 papa
3440 1573 3531 1628 61.
3586 1573 3744 1627 annis
3791 1572 3820 1623 4

455 1668 768 1725 uenerabilis
819 1665 1136 1723 Cherbonius
1191 1662 1465 1733 Populonii
1521 1662 1792 1732 episcopus
1854 1677 2097 1730 magnam
2181 1654 2441 1709 mensibus
2476 1656 2531 1710 2.

457 1762 513 1815 in
571 1758 752 1814 diebus
808 1758 1002 1812 nostris
1045 1754 1344 1809 sanctitatis
1379 1768 1488 1807 sua:
1530 1752 1886 1824 probationem
1933 1734 2161 1808 dedit.B
2257 1742 2384 1798 60οι
2442 1744 2497 1799 3ο
2564 1745 2827 1817 [DLxxvm]
2901 1748 3101 1819 (BEDA.)
3156 1751 3451 1820 Gregorius
3516 1751 3817 1806 Eutichium

451 1851 594 1905 Nam
653 1862 767 1902 cum
823 1843 1195 1916 hospitalitatis
1249 1844 1421 1898 studio
1470 1841 1627 1896 valde
1673 1847 1804 1896 esset
1852 1843 2096 1909 intentus,

457 1937 580 2006 quia
610 1934 800 1990 milites
845 1935 900 1988 in
937 1933 1159 2003 hospitio
1204 1947 1298 1986 suo
1330 1930 1619 1995 abscondit,
1653 1945 1716 1984 ne
1744 1930 2102 1984 occiderentur

453 2041 488 2079 a
538 2025 741 2091 Gothis,
788 2023 956 2078 Totila
1002 2022 1231 2093 perﬁdus
1275 2035 1376 2075 rex
1405 2019 1690 2075 Gothorum
1736 2034 1850 2073 eum
1893 2019 1949 2073 in
1985 2019 2098 2074 loco

450 2113 659 2167 nomine
687 2109 929 2176 Herulis,
961 2109 1049 2163 ubi
1087 2125 1200 2163 cum
1240 2109 1476 2162 exercitu
1519 2121 1613 2160 suo
1650 2106 1884 2171 sedebat,
1915 2107 2100 2161 imma-

450 2201 666 2256 nissima
723 2200 870 2255 ursui
890 2244 908 2266 ,
976 2198 1206 2253 homines
1263 2195 1543 2251 crudeliter
1606 2195 1941 2250 manducanti
1962 2240 1979 2261 ,
2045 2196 2098 2249 in

453 2289 621 2344 medio
695 2303 873 2343 coram
943 2286 1176 2342 omnibus
1241 2285 1528 2357 deputavit.
1609 2286 1772 2338 Ursus
1836 2299 1956 2338 vero
2005 2299 2097 2354 pe-

450 2380 544 2434 des
582 2378 814 2449 episcopi
869 2376 994 2431 oaili
1039 2375 1432 2431 mansuetudine
1479 2373 1738 2429 lambebat
1795 2393 1823 2423 ι)
1881 2378 1931 2428 et
1974 2373 2097 2428 reli-

481 2467 592 2536 ua.]

449 2484 874 2611 quildmanorum
924 2552 1015 2606 50.
1064 2553 1299 2608 Justinus
1343 2553 1515 2606 minor
1558 2551 1798 2619 regnavit
1825 2551 1977 2605 annis
2010 2550 2093 2614 11,

450 2644 548 2699 hoc
574 2649 651 2698 est
680 2643 832 2714 quasi
877 2657 1039 2713 usque
1080 2639 1208 2696 Kal.
1249 2641 1494 2696 Januarii
1539 2641 1595 2694 in
1639 2655 1775 2695 anno
1823 2639 1948 2694 563.
1980 2648 2097 2711 post

449 2735 750 2804 passionem
785 2731 1010 2787 Domini.

521 2821 650 2876 587.
697 2827 744 2876 1.
783 2821 948 2890 [anv]
991 2819 1212 2875 Joannis
1243 2833 1386 2890 papa
1423 2819 1512 2873 60.
1543 2824 1661 2888 post
1697 2821 1908 2873 Petrum
1945 2820 2098 2873 annis

457 2910 540 2966 13.
587 2910 909 2980 [Columcilli
930 2910 998 2964 de
1029 2909 1290 2964 Hibernia
1320 2909 1702 2976 predicaturus
1731 2909 1785 2961 in
1817 2908 2095 2963 Britannia

449 3013 571 3054 cum
605 3005 752 3054 esset
780 3000 851 3052 42
878 3012 1144 3053 annorum
1179 2996 1336 3068 (142)
1365 3018 1380 3065 ;
1414 2997 1716 3066 predicavit
1743 3011 1872 3052 vero
1902 3004 2094 3066 postea

450 3085 750 3226 3358.81.11:
787 3171 976 3242 [DLXVI]
1020 3173 1107 3242 (Η.
1148 3174 1234 3237 R.)
1273 3173 1462 3227 Narsis
1498 3172 1760 3242 patricius
1789 3171 1856 3227 ad
1887 3172 2095 3228 Italiam

450 3263 696 3327 veniens,
731 3261 962 3317 Totilam
1003 3260 1229 3327 occidit,
1280 3267 1562 3331 totamque
1610 3261 1816 3316 Italiam
1864 3261 1932 3317 ad
1981 3277 2094 3317 rem

447 3351 721 3422 publicam
752 3349 992 3405 reduxit.

518 3438 644 3495 589.
684 3439 740 3494 3.
786 3437 1002 3508 [anvu]
1048 3439 1261 3508 (Βιιωι.)
1299 3437 1398 3504 Qui
1442 3437 1643 3493 deinde
1691 3452 1791 3506 per
1835 3437 2091 3493 invidiam

449 3530 840 3594 Romanorum,
874 3541 975 3597 pro
1013 3527 1216 3596 quibus
1251 3525 1420 3581 multa
1467 3533 1660 3582 contra
1705 3527 1912 3582 Gothos
1941 3527 2094 3582 labo-

447 3619 607 3686 ravit,
651 3624 942 3673 accusatur
989 3615 1134 3685 apud
1180 3615 1452 3670 Iustinum
1517 3621 1574 3670 et
1629 3617 1917 3685 conjugem
1975 3618 2094 3686 ejus

443 3707 724 3776 Sophiam,
765 3705 914 3774 quod
972 3703 1198 3759 servitio
1257 3709 1531 3772 premeret
1582 3703 1813 3770 Italiam,
1864 3707 2094 3760 recessit

343 3828 352 3835 -
443 3795 727 3864 Neapolim
765 3794 1098 3862 Campania,
1139 3800 1195 3848 et
1243 3793 1634 3862 Langobardos
1683 3793 1988 3849 introduxit
2035 3795 2091 3850 in

439 3884 734 4026 Μέξοιῖιᾏ.
780 3969 1020 4040 [nuvm]
1066 3969 1240 4039 (15m)
1286 3969 1601 4041 Lewigillus
1647 3984 1745 4026 rex
1788 3971 2089 4027 Gothorum

442 4059 706 4130 quasdam
737 4059 1012 4128 Hispania
1042 4059 1299 4128 regiones
1335 4059 1444 4114 sibi
1473 4056 1710 4114 rebelles
1748 4061 1804 4114 in
1853 4067 2096 4128 potesta-

444 4156 553 4204 tem
587 4148 740 4219 regni
771 4149 855 4202 sui
884 4147 1198 4217 superando
1229 4146 1448 4217 redigit.

509 4237 634 4291 591.
675 4235 732 4289 5.
777 4234 972 4306 [anrx]
1033 4235 1234 4306 (BEDA.)
1289 4236 1568 4290 Johannes
1629 4249 1767 4305 papa
1817 4235 2087 4292 aclesiam

441 4326 682 4396 Philippi
725 4331 782 4380 et
825 4325 1039 4390 Jacobi,
1071 4339 1231 4394 quam
1285 4324 1644 4394 predecessor
1681 4326 1801 4393 ejus
1836 4325 2087 4396 Pelagius

437 4420 683 4485 ceperat,
716 4412 1007 4483 perﬁciens
1043 4412 1337 4468 dedicavit.

602 4501 748 4573 [ϐοά.
779 4503 836 4556 in
862 4515 1057 4570 marg.,
1087 4501 1270 4556 Ciclus
1305 4499 1360 4554 3.
1395 4499 1699 4556 decennov.
1731 4501 1926 4572 incipit

1047 4589 1351 4645 indictione
1388 4589 1462 4659 3.]

505 4681 632 4737 592.
671 4681 725 4735 6.
773 4679 942 4750 [nux]

2181 1832 2850 1904 Coustantinopolitanum
2916 1839 3235 1908 episcopum
3299 1839 3516 1895 Tiberio
3569 1847 3817 1908 presente

2182 1923 2441 1988 convicit,
2474 1924 2549 1978 ita
2599 1933 2659 1979 ut
2695 1927 2946 1981 Tiberius
2975 1927 3175 1982 librum
3221 1929 3399 1984 Eutici
3447 1929 3516 1984 de
3571 1943 3820 1983 resurre-

2156 2005 2157 2008 “
2183 2011 2366 2066 ctione
2397 2011 2689 2069 destruens
2717 2016 2833 2097 suis
2879 2017 3168 2073 catholicis
3215 2017 3658 2089 allegationibus,
3689 2018 3819 2073 deli-

2181 2100 2400 2156 beraret
2451 2102 2681 2158 ﬂammis
2718 2109 2950 2161 cremari
2998 2108 3277 2163 debuisse.
3321 2109 3609 2164 Scribebat
3645 2115 3817 2163 autem

2178 2189 2235 2244 id
2266 2191 2571 2257 Eutichius,
2604 2207 2808 2263 corpus
2864 2203 3110 2252 nostrum
3166 2199 3222 2252 in
3271 2199 3679 2255 resurrectione
3720 2199 3818 2253 im-

2178 2278 2451 2348 palpabile
2494 2288 2550 2337 et
2601 2285 2779 2339 ventis
2833 2287 3060 2355 aerique
3087 2287 3345 2342 subtilius
3389 2303 3510 2344 esse
3557 2287 3814 2356 futurum,

2179 2376 2371 2422 contra
2423 2371 2558 2426 illud
2606 2373 2943 2444 dominicum
2977 2395 2990 2430 :
3027 2395 3055 2427 «
3094 2376 3317 2446 Palpate
3363 2384 3416 2432 et
3458 2377 3664 2443 videte,
3693 2380 3816 2448 quia

2175 2457 2405 2524 spiritus
2432 2474 2650 2516 carnem
2686 2469 2742 2518 et
2771 2477 2895 2519 ossa
2933 2478 3043 2520 non
3072 2465 3296 2532 habent,
3326 2466 3471 2521 sicut
3499 2481 3584 2522 me
3621 2468 3816 2523 videtis

2177 2543 2382 2601 habere
2413 2550 2556 2617 (Luc.
2588 2565 2732 2616 xx1v,
2771 2551 2881 2621 39).
2925 2572 2952 2604 »
2998 2552 3182 2624 (Greg.
3225 2554 3367 2609 Dial.
3407 2571 3486 2621 ιιι,
3519 2555 3634 2625 28).
3671 2556 3817 2625 [Lan-

2175 2633 2408 2702 gobardi
2443 2636 2526 2690 l5.
2555 2653 2698 2693 anno
2727 2647 2852 2695 ante
2884 2641 3157 2712 dialogum
3186 2643 3258 2696 40
3288 2644 3523 2700 rusticos
3576 2646 3819 2714 captivos

2179 2723 2525 2792 occiderunt,
2575 2728 2702 2796 quia
2744 2729 3096 2786 immolaticia
3144 2747 3265 2786 cum
3311 2734 3390 2787 eis
3437 2747 3546 2788 non
3597 2735 3818 2788 mandu-

2176 2820 2457 2879 caverunt,
2489 2815 2739 2885 aliosque
2787 2820 3033 2887 captivos
3091 2821 3521 2890 decollaverunt,
3563 2825 3815 2892 quoniam

2179 2907 2344 2969 caput
2382 2916 2562 2972 capra
2593 2920 2715 2960 cum
2741 2907 2823 2961 eis
2852 2921 2961 2963 non
2987 2909 3392 2980 adoraverunt.)

2247 2989 2374 3042 601.
2435 2993 2490 3044 4.
2550 2993 2778 3065 [ιιιιιιιιιι]
2843 2995 3056 3068 (Rem).
3113 3000 3258 3053 Gens
3314 3001 3816 3070 Langobardorum,

2113 3066 2157 3124 C
2177 3077 2474 3134 comitante
2503 3079 2643 3136 fame
2673 3088 2728 3136 et
2758 3066 3109 3152 mortalitate,
3143 3100 3358 3142 omnem
3408 3066 3536 3158 rege
3582 3090 3820 3145 Albuino

2175 3165 2384 3221 invadit
2430 3169 2659 3238 Italiam,
2690 3171 2974 3243 ipsamque
3023 3177 3249 3231 Romam
3296 3179 3557 3233 vastatrix
3603 3179 3820 3235 obsidet

2178 3254 2390 3310 urbem.

2247 3343 2372 3398 602.
2430 3345 2483 3400 5.
2549 3347 2758 3421 [anxx)
2819 3349 2912 3421 (cf.
2978 3351 3068 3406 lib.
3110 3355 3304 3426 pant.).
3365 3355 3612 3426 Denique
3678 3372 3817 3423 cum,

2177 3435 2520 3490 vastantibus
2547 3440 2730 3493 omnia
2777 3455 2877 3509 per
2921 3441 3210 3497 circuitum
3242 3445 3639 3515 Langobardis,
3670 3447 3822 3502 famis

2176 3520 2544 3592 habundaret,
2593 3528 2762 3583 multa
2810 3530 2957 3586 milia
3009 3531 3267 3587 frumenti
3315 3535 3547 3590 navibus
3591 3536 3820 3592 Benedi-

2175 3616 2296 3665 ctus
2343 3626 2483 3682 papa
2536 3615 2690 3686 (143)
2749 3618 2817 3672 ab
2864 3619 3060 3689 Egipto
3110 3620 3374 3692 dirigens,
3435 3625 3666 3680 Romam
3720 3625 3818 3680 sub

2173 3699 2360 3755 studio
2400 3703 2794 3761 misericordia
2813 3707 3092 3762 'relivavit.

2245 3789 2367 3842 603.
2428 3790 2484 3848 6.
2548 3793 2773 3863 [sum]
2827 3795 3002 3866 llam.)
3052 3797 3214 3852 Gothi
3261 3813 3362 3868 per
3400 3801 3815 3872 Ermingildum,

2175 3878 2438 3949 Levigildi
2494 3882 2641 3951 regis
2688 3883 2895 3949 ﬁlium,
2957 3884 3152 3941 bifarie
3204 3887 3384 3955 divisi,
3442 3897 3632 3947 mutua
3685 3892 3815 3947 cede

2173 3975 2473 4024 vastantur.
2529 3971 2878 4040 [Benedictus
2940 3988 3081 4044 papa
3141 3975 3280 4031 obiit
3333 3976 3387 4030 2.
3445 3979 3564 4033 Kal.
3627 3980 3815 4051 Agusti

2173 4053 2286 4121 (lib.
2333 4057 2541 4128 pont.).]

2243 4143 2368 4198 604.
2409 4147 2464 4199 7.
2517 4147 2767 4220 [anxxu)
2797 4149 3043 4221 Pelagius
3078 4152 3168 4206 62.
3206 4167 3350 4224 papa
3388 4155 3542 4210 annis
3586 4155 3651 4209 18
3678 4172 3813 4211 men-

2168 4231 2313 4287 sibus
2359 4233 2414 4288 2.
2487 4235 2735 4305 [Sanctus
2788 4241 3084 4312 Gregorius
3135 4257 3275 4312 papa
3332 4244 3387 4298 in
3445 4244 3670 4316 dialogo
3733 4246 3813 4300 sic

2176 4321 2266 4390 (iv,
2299 4322 2384 4393 26)
2417 4343 2430 4378 :
2467 4341 2496 4375 «
2535 4326 2595 4379 In
2653 4331 2989 4386 monasterio
3037 4345 3159 4387 meo
3188 4339 3315 4386 ante
3345 4333 3675 4389 decennium
3711 4337 3814 4389 Ge-

2101 4397 2385 4467 Droutius
2459 4415 2760 4471 monachus
2791 4460 2807 4484 ,
2863 4420 3015 4489 gravi
3095 4419 3410 4476 inﬁrmitate
3490 4422 3810 4492 depressus,

2167 4502 2457 4557 somniavit
2503 4503 2731 4561 abbates
2786 4514 2842 4562 et
2885 4507 3221 4564 clarissimos
3294 4511 3442 4566 viros
3514 4513 3572 4566 in
3631 4527 3807 4566 meum

2165 4594 2557 4649 monasterium
2605 4596 2675 4650 de
2727 4599 3107 4666 superioribus
3133 4599 3506 4656 descendisse.
3538 4601 3637 4657 Cui
3668 4615 3812 4657 unus

2164 4695 2354 4736 eorum
2385 4682 2507 4737 ait:
2562 4704 2586 4732 ι
2647 4684 2725 4741 Ad
2783 4685 2890 4742 hoc
2945 4688 3192 4743 venimus
3247 4697 3307 4744 ut
3361 4689 3430 4744 de
3469 4690 3808 4745 monasterio

505 4771 630 4825 593.
671 4770 727 4824 7.
774 4768 967 4840 [mm]
1029 4770 1330 4824 Germanus
1395 4769 1730 4825 Parisiorum
1785 4769 2080 4840 episcopus
2161 4771 2408 4840 Gregorii
2465 4771 2729 4840 quosdam
2786 4773 2984 4830 fratres
3027 4775 3084 4829 in
3133 4776 3379 4831 militiam
3419 4777 3718 4832 mittamus.
3777 4796 3806 4828 ι»

432 4861 591 4916 obiit.

2160 4859 2238 4914 Ad
2271 4874 2432 4928 quem
2461 4861 2601 4916 alter
2642 4863 2756 4918 ait:
2783 4881 2811 4914 (ι
2849 4865 3040 4920 Scribe
3095 4865 3428 4928 Marcellum,
3475 4867 3812 4922 Valentinia-

501 4947 628 5003 594.
669 4947 721 5000 8.
787 4945 1006 5016 [anxn]
1050 4947 1131 5010 (P.
1171 4946 1233 5000 D.
1277 4958 1344 5012 ιι,
1377 4943 1495 5016 13).
1536 4946 1867 5001 Fortunatus
1911 4955 2074 5017 poeta
2157 4961 2307 5014 num,
2338 4950 2623 5019 Agnellum
2670 4951 2917 5022 aliosque
2963 4960 3128 5024 atque
3191 4955 3338 5010 hunc
3387 4956 3727 5011 Gerontium.
3777 4975 3802 5004 ιν

435 5039 490 5093 in
520 5036 686 5093 Gallis
717 5035 900 5091 clarus
927 5033 1181 5089 habetur.

2153 5039 2256 5104 Qui
2285 5038 2360 5092 ita
2401 5038 2676 5095 obierunt.
2720 5040 2768 5110 υ]

1813 5159 2033 5214 νΑΗΠΕ
2077 5163 2359 5218 LECTION
2363 5164 2460 5219 ES.

1997 5305 2216 5359 NOTAE.

503 5231 565 5263 ’⁷⁷
596 5229 796 5302 reliqua
825 5245 880 5285 a.
910 5227 1037 5283 585.
1062 5229 1264 5298 scripta
1291 5233 1427 5283 sunt.

509 5399 668 5472 (141)
719 5399 886 5472 Catii.
921 5395 1025 5452 culi
1071 5397 1281 5472 dremne
1324 5397 1359 5452 i.
1393 5411 1444 5452 e.
1478 5397 1725 5472 praelium
1766 5400 2066 5456 Culedrev-

432 5467 660 5536 nense';
719 5485 770 5526 v.
829 5467 1151 5538 Tigeruachi
1205 5481 1334 5522 ann.
1393 5482 1481 5536 ap.
1533 5469 1836 5534 O'Connor,
1896 5473 1964 5534 ll,
2011 5487 2064 5540 p.

335 5612 338 5613 ί
437 5541 557 5596 ι42.

2227 5400 2375 5477 (142)
2393 5403 2454 5477 Υ.
2468 5403 2790 5477 Tigernachi
2811 5419 2940 5462 ann.
2965 5407 3002 5462 l.
3029 5407 3066 5463 1.
3084 5421 3139 5476 p.
3161 5406 3284 5471 143,
3298 5413 3356 5464 et
3373 5414 3578 5465 notam.
3602 5407 3805 5477 p.144.

2221 5473 2459 5565 (_
2489 5474 2632 5530 libro
2662 5477 2963 5545 pontiﬁcali
2993 5473 3112 5534 hac
3135 5478 3204 5565 de
3222 5479 3438 5534 Iustino
3461 5473 3808 5549 imperatore

2151 5550 2466 5598 narrantur.
