4000 6158
185 164 299 232 745'

1439 179 1842 235 CHRONICON.
1883 207 1956 218 —
1994 181 2116 235 LIB.
2160 183 2248 236 ll].

3424 201 3530 254 746

242 306 581 359 Romanorum
626 304 698 357 62
744 305 1034 362 Mauricius
1072 306 1307 375 regnavit
1338 306 1490 360 annis
1526 306 1617 371 21,
1658 320 1803 359 meu-
1826 302 2040 373 Asitus,
2076 306 2251 376 primo
2281 307 2475 365 ordine
2504 310 2705 377 clerus,
2738 313 2984 370 secundo
3015 316 3242 375 abbatcs
3266 337 3387 378 cum
3420 340 3532 381 mo-

177 393 308 448 sibus
333 392 389 460 4,
420 393 519 448 hoc
566 399 644 448 est
692 409 850 465 usque
890 394 1020 450 Kal.
1068 395 1223 460 Maii,
1266 394 1320 449 in
1368 410 1506 450 αηηο
1553 394 1660 449 592
1682 400 1805 466 post

171 490 455 563 passionem
491 491 717 546 Domini.

236 580 356 634 605.
385 580 434 635 l.
470 580 740 651 [an3111}
782 582 864 653 (P.
890 584 949 637 D.
982 598 1061 649 111,
1084 582 1202 653 20.)
1238 582 1488 653 Pelagius
1516 597 1656 653 papa
1684 582 1803 639 sine

168 669 376 739 jusione
422 669 670 725 Mauricii
715 670 1002 727 ordinatus
1031 678 1135 737 est,
1167 686 1233 728 eo
1272 672 1419 743 quod
1461 672 1805 742 Langobardi

172 761 387 814 Romam
426 773 527 828 per
555 760 846 815 circuitum
878 761 1219 828 obsiderent,
1251 763 1326 817 ita
1366 766 1424 817 ut
1450 762 1634 817 nullus
1670 761 1805 817 foris

174 848 423 919 progredi
460 856 667 918 posset.

234 937 357 992 606.
390 939 445 990 2.
484 938 747 1008 [ntxxxnﬁ
788 941 993 1008 diem.)
1033 939 1273 996 Sauci3m
1310 955 1341 995 a
1379 942 1641 1013 Levigillo
1682 953 1808 1010 rege

168 1026 404 1081 obtentis
423 1026 488 1056 ³⁷⁹
524 1028 717 1083 Gothis
754 1029 1156 1097 subjeciuntur.

234 1114 357 1171 607.
408 1115 462 1169 3.
510 1117 751 1185 [tiLxxxv]
803 1116 1011 1185 [Bt-1m.)
1062 1118 1504 1188 Hirminigilldus
1523 1119 1607 1186 33°,
1662 1120 1809 1174 Levi-

162 1205 310 1276 gilldi
360 1205 661 1261 Gothorum
703 1206 848 1275 regis
876 1206 1041 1273 ﬁlius,
1071 1207 1145 1263 ob
1178 1207 1304 1263 fidei
1345 1208 1636 1264 catholica:
1669 1223 1810 1264 con-

164 1292 451 1349 fessionem
510 1294 989 1364 iuexpuguabilem
1047 1310 1078 1349 a
1139 1302 1294 1365 patre
1350 1297 1582 1353 Arriano
1638 1310 1810 1368 regno

163 1382 423 1453 privatus,
454 1383 509 1437 iu
554 1384 790 1438 vinculis
830 1390 887 1439 et
933 1384 990 1438 in
1039 1399 1316 1440 carcerem
1365 1388 1646 1456 projectus
1684 1392 1807 1453 est;

166 1472 229 1527 ad
259 1478 563 1527 extremum
605 1480 767 1529 nocte
800 1481 989 1529 sancta
1026 1473 1325 1529 Dominicu:
1366 1474 1810 1540 resurrectionis,

164 1560 343 1616 securi
400 1561 457 1616 in
515 1562 696 1631 capite
754 1576 1089 1632 percussus,
1149 1575 1377 1633 regnum
1439 1563 1644 1620 celeste
1711 1577 1811 1633 pro

1887 394 2099 463 nachis,
2134 398 2298 452 tertio
2344 398 2635 455 abbatissa:
2685 414 2807 456 cum
2851 402 2985 471 suis,
3020 412 3218 473 quarto
3266 408 3526 481 infantes,

1889 482 2085 551 quinto
2131 499 2322 541 omnes
2369 485 2513 555 laici,
2545 495 2699 544 sexto
2731 489 2929 559 vidua),
2952 494 3188 562 septimo
3221 500 3528 569 conjugata:

1891 570 2125 629 feminae.

1962 662 2087 715 616.
2118 661 2199 717 l2.
2234 664 2428 737 [nxcrv]
2471 666 2658 738 (1511).)
2689 671 2889 726 Avares
2916 678 3108 728 contra
3141 675 3420 735 Romanos
3450 680 3532 736 di-

1894 752 2179 818 micantes,
2202 768 2336 810 auro
2360 757 2529 827 magis
2550 773 2710 827 quam
2730 760 2897 815 armis
2918 761 3194 831 peluntur.
3223 766 3533 839 [Gregorius

1893 841 1947 894 in
1979 841 2198 913 dialogo
2227 845 2308 899 sic
2342 844 2436 915 (1v,
2467 844 2553 915 55)
2581 866 2594 901 :
2629 863 2657 899 ‹‹
2687 851 2827 904 Ante
2861 849 2965 905 hoc
2996 853 3292 911 triennium
3322 857 3377 912 in
3409 872 3531 914 meo

1892 931 2227 985 monasterio
2288 934 2590 989 monachus
2655 939 2876 995 nomine
2926 942 3115 997 Justus
3169 948 3225 998 et
3288 945 3535 1002 medicus

1893 1023 2019 1073 ante
2068 1019 2279 1074 obitum
2334 1035 2490 1077 suum
2547 1038 2808 1094 germano
2865 1030 3086 1086 nomine
3124 1033 3382 1102 Copioso,
3427 1036 3534 1091 sibi

1898 1106 2061 1160 etiam
2100 1108 2381 1173 servienti,
2415 1115 2527 1165 tres
2568 1126 2767 1169 aureos
2793 1116 3008 1173 occulte
3039 1119 3244 1176 habere
3273 1122 3534 1192 innotuit,

1897 1208 2038 1264 quos
2067 1210 2235 1265 super
2263 1211 2385 1252 eum
2425 1197 2481 1253 in
2515 1202 2838 1259 sterculinio
2876 1207 3112 1275 sepelire
3149 1209 3451 1279 fecimus,»
3483 1218 3539 1269 et

1894 1283 2126 1353 reliqua.
2153 1285 2405 1341 «Eodem
2436 1300 2581 1342 anno
2612 1291 2913 1347 monachus
2942 1308 3062 1350 eum
3094 1311 3125 1351 a
3155 1298 3318 1355 nobis
3346 1299 3541 1357 fuisset

1895 1372 2163 1442 sepultus,
2218 1376 2429 1431 vocavit
2485 1378 2790 1435 Jobannem
2844 1384 3193 1453 monachum,
3233 1390 3327 1458 qui
3376 1390 3538 1447 nobis

1895 1463 2322 1520 abscedentibus
2368 1466 2512 1536 apud
2559 1470 2912 1539 sepulchrum
2962 1477 3283 1545 permansit,
3325 1484 3381 1535 et
3428 1482 3541 1550 pal-

1898 1552 2016 1607 lens
2062 1558 2117 1608 et
2166 1560 2407 1611 tremens
2458 1557 2617 1613 nobis
2674 1559 2961 1628 indicavit,
3004 1570 3059 1618 et
3121 1573 3244 1633 post
3302 1567 3423 1623 dies
3475 1569 3540 1623 10

165 1654 387 1706 terreno
434 1665 531 1706 rex
578 1657 632 1705 et
680 1658 889 1722 martyr
933 1651 1219 1721 possidere
1271 1653 1594 1721 promeruit.
1646 1641 2053 1724 CujusBObm-
2082 1643 2126 1712 ’ἶ

162 1736 331 1794 frater
394 1739 734 1805 Richardus,
804 1754 928 1797 mox
994 1746 1054 1796 ut
1118 1755 1347 1812 regnum
1412 1747 1539 1811 post
1603 1749 1813 1813 patrem

164 1826 416 1897 accepit,
486 1841 703 1883 omnem
760 1827 1061 1883 Gothorum
1122 1828 1212 1884 cui
1274 1834 1495 1898 preerat
1560 1837 1810 1901 gentem,

160 1915 402 1971 instante
476 1915 727 1971 Leandro
804 1916 1144 1985 Ilispalitano
1219 1918 1526 1988 episcopo,
1593 1920 1688 1988 qui
1760 1928 1815 1976 et

160 2003 604 2075 Hirminigildum
674 2004 960 2072 docuerat,
1028 2005 1355 2062 catholicam
1420 2009 1691 2064 convertit
1744 2008 1811 2063 ad

157 2092 340 2149 fidem.

444 2184 588 2253 [Cod.
621 2185 675 2237 in
706 2199 896 2253 marg.,
928 2184 1112 2239 Ciclus
1142 2184 1277 2239 solis
1305 2184 1541 2254 incipit}

223 2270 357 2327 610.
408 2272 463 2324 6.
519 2272 832 2340 [nrxxxvrul
884 2274 965 2339 (P.
997 2273 1059 2326 D.
1094 2289 1176 2337 ιιι,
1208 2272 1321 2341 30.)
1373 2273 1626 2343 Pelagius
1673 2288 1813 2342 papa

151 2357 334 2414 Helia:
390 2358 694 2426 Aquilicnsi
761 2359 1065 2427 episcopo,
1130 2359 1342 2414 nolenti
1408 2361 1511 2415 tria
1576 2361 1815 2428 capitula

145 2444 623 2500 Calchidoneusis
649 2446 845 2516 synodi
884 2442 1190 2514 suScipere,
1230 2446 1520 2516 epistolam
1551 2448 1685 2503 satis
1712 2449 1817 2503 uti-

149 2531 265 2587 lem
312 2532 482 2599 misit,
525 2548 686 2603 quam
722 2540 946 2589 sanctus
983 2535 1280 2605 Gregorius
1326 2534 1503 2591 adhuc
1552 2535 1817 2589 diaconus

150 2621 517 2689 conscripsit.

264 2708 421 2779 [Cod.
451 2710 507 2764 in
533 2725 727 2778 marg.,
760 2712 944 2767 Giclus
971 2719 1202 2781 quartus
1231 2714 1467 2769 decenn.
1502 2714 1620 2769 ind.
1650 2716 1704 2766 7.

330 2797 345 2810 '
864 2801 1101 2871 incipit.[

220 2886 353 2942 611.
386 2887 442 2943 7.
495 2888 757 2958 [uLxxxnt]
814 2890 904 2958 (cf.
950 2891 1006 2945 Ρ.
1041 2891 1102 2944 D.
1139 2907 1215 2957 1v,
1248 2892 1367 2962 49.)
1426 2891 1578 2961 (Vita
1619 2894 1683 2947 S.
1716 2893 1815 2947 Co-

1966 1730 2091 1787 617.
2160 1730 2240 1787 13.
2312 1734 2487 1803 [nxcv]
2552 1734 2771 1808 (8121111.)
2830 1741 3127 1811 Gregorius
3192 1757 3331 1813 papa
3396 1760 3540 1801 anno

1896 1820 2138 1876 Mauricii
2188 1822 2405 1892 imperii
2442 1822 2524 1889 l3,
2556 1824 2861 1883 indictione
2898 1827 2982 1895 13,
3016 1831 3283 1901 synodum
3317 1834 3541 1903 episco-

1895 1923 2090 1978 porum
2120 1909 2191 1963 24
2219 1911 2287 1967 ad
2327 1926 2530 1983 corpus
2557 1914 2704 1971 beati
2736 1917 2883 1972 Petri
2914 1920 3155 1988 apostoli
3200 1936 3544 1995 congregans

1894 1997 1961 2052 de
1992 2000 2322 2055 necessariis
2350 2001 2586 2058 ecclesia:
2616 2004 2867 2060 decernit
2886 2006 2971 2061 π’.
3006 2011 3192 2076 (Gneo.
3225 2013 3288 2067 D.
3322 2029 3403 2080 ιιι,
3426 2012 3545 2084 30.)

1899 2086 2143 2155 [Biennio
2201 2094 2327 2144 ante
2384 2089 2658 2161 dialogum
2720 2094 2937 2150 aeclesia
2981 2099 3337 2156 Arriauorum
3387 2104 3541 2171 juxta

1896 2176 2121 2230 Romam
2153 2177 2208 2231 in
2242 2177 2366 2233 loco
2412 2179 2635 2236 nomine
2683 2182 2894 2237 Subura
2934 2198 3057 2240 cum
3096 2188 3369 2244 catholice
3411 2204 3545 2246 eon—

1894 2273 2222 2332 secraretur,
2276 2266 2614 2325 introductis
2659 2269 2715 2325 in
2763 2286 2880 2327 eam
2925 2276 3101 2330 sancti
3142 2277 3449 2333 Sebastiani
3490 2288 3545 2335 et

1894 2360 2099 2410 sanctae
2128 2357 2352 2427 Agatbze
2383 2356 2653 2437 reliquiis,
2687 2359 2941 2416 diabolus
2972 2362 3026 2418 in
3059 2364 3229 2435 ﬁgura
3259 2366 3415 2436 porci
3447 2382 3546 2437 per

1895 2443 2157 2512 populum
2182 2451 2335 2501 extra
2375 2433 2749 2516 pertransivit.
2790 2451 2920 2506 Post
2959 2433 3167 2522 paucos
3203 2433 3385 2511 autem
3424 2433 3546 2513 dies

1895 2532 2072 2587 nubes
2101 2533 2296 2589 celitus
2339 2534 2685 2592 descendens
2716 2544 2884 2595 totam
2932 2542 3072 2597 miro
3102 2543 3274 2600 odore
3312 2545 3545 2615 replevit

1896 2620 2208 2690 περιδείδια]

1967 2707 2092 2761 618.
2147 2709 2229 2764 14.
2285 2711 2480 2781 [nxcn]
2526 2711 2615 2783 (P.
2648 2715 2710 2768 ι).
2744 2731 2820 2781 1v,
2861 2717 2971 2786 18.)
3015 2720 3321 2776 Cenobium
3365 2724 3542 2778 sancti

1898 2798 2177 2853 Benedicti
2224 2799 2440 2856 abbatis
2494 2815 2525 2856 a
2582 2804 2956 2873 Langobardis
3015 2814 3184 2863 noctu
3240 2809 3537 2867 invaditur.

1894 2887 2144 2941 Monachi
2192 2888 2418 2943 Romam
2466 2891 2765 2959 petierunt,
2807 2893 3055 2950 codicem
3100 2912 3285 2953 secum
3334 2906 3538 2957 sancta:
3586 2918 3595 2925 '

150 2974 340 3044 lumb.)
395 2977 629 3032 Sanctus
665 2975 723 3007 ³⁸³
789 2984 945 3047 pater
990 2978 1360 3034 Columbanus
1415 2993 1482 3035 ex
1547 2974 2096 3044 IIiberniaGregulaa
2152 2981 2208 3029 et
2261 2976 2479 3045 pondus
2536 2979 2694 3047 panis
2749 2993 2813 3036 ac
2866 2995 3174 3039 mensuram
3222 2986 3333 3042 vini
3390 2987 3541 3045 defe-

148 3064 327 3120 insula
368 3066 659 3121 Scotorum
695 3081 817 3122 cum
860 3074 1053 3123 sancto
1100 3068 1254 3124 Gallo
1292 3069 1527 3139 aliisque
1561 3069 1808 3139 probatis

149 3152 449 3224 discipulis
483 3155 633 3210 venit
677 3155 732 3210 iu
782 3156 1170 3227 Burgundiam,
1211 3157 1419 3227 ibique,
1455 3157 1806 3226 permittente

151 3242 469 3300 Theodrico
498 3259 650 3314 rege,
676 3246 1066 3301 monasterium
1096 3246 1245 3316 quod
1276 3246 1574 3304 Luxovium
1603 3245 1807 3302 dicitur

151 3330 453 3387 ediﬁcavit.
500 3332 705 3387 Exinde
736 3348 765 3387 a
795 3333 1189 3390 Brundichilda
1228 3333 1465 3405 fugatus,
1505 3334 1805 3390 Almaniam

150 3418 489 3490 ingreditur,
538 3421 630 3475 ubi
673 3428 923 3476 sanctum
970 3421 1181 3477 Gallum
1228 3422 1474 3493 reliquit.
1517 3424 1637 3492 Ipse
1674 3435 1806 3477 vero

148 3507 205 3562 in
262 3509 483 3565 Italiam
545 3510 859 3576 transiens,
919 3510 1311 3568 monasterium
1377 3510 1526 3580 quod
1583 3510 1806 3565 Bovium

151 3594 358 3653 dicitur
390 3596 703 3663 editicavit;
758 3597 850 3652 ubi
892 3597 1186 3654 multorum
1228 3602 1384 3667 pater
1414 3597 1806 3653 monachorum

150 3687 385 3742 exstitit.

217 3774 347 3830 614.
381 3774 470 3829 10.
502 3776 677 3846 [axoni
720 3777 808 3847 (P.
828 3778 892 3831 D.
918 3792 1001 3840 111,
1023 3775 1144 3847 23.)
1181 3777 1298 3832 Hoc
1327 3782 1575 3845 tempore
1603 3774 1666 3827 16
1688 3774 1805 3830 Kal.

149 3863 482 3919 Novembris
532 3877 729 3920 novum
786 3863 1051 3920 diluvium
1108 3862 1312 3921 factum
1351 3870 1455 3929 est,
1497 3868 1558 3918 ut
1606 3863 1806 3917 ﬂumen

150 3951 366 4008 Tiberis
394 3967 568 4022 super
586 3967 773 4008 muros
803 3953 957 4008 urbis
984 3955 1173 4009 Romae
1204 3953 1481 4020 inﬂueret;
1512 3958 1568 4008 et
1596 3951 1807 4006 alveum

149 4041 403 4108 ejusdem
436 4042 704 4109 ﬂumenis,
729 4056 851 4098 cum
882 4042 1049 4098 multa
1070 4043 1409 4112 serpentium
1431 4040 1805 4108 multitudine,

150 4128 321 4187 draco
354 4131 513 4187 mira:
544 4132 938 4202 magnitudinis
986 4147 1085 4202 per
1112 4133 1304 4188 urbem
1337 4145 1511 4202 usque
1548 4130 1617 4186 ad
1658 4143 1805 4185 mare

155 4218 473 4276 descendit.
511 4223 681 4288 Quam
728 4221 1142 4278 inundationem
1189 4221 1503 4292 pestilentia
1544 4235 1668 4291 qua:
1717 4218 1805 4274 di-

1890 3068 2095 3118 rentes.

1958 3152 2086 3207 619.
2143 3152 2225 3208 l5.
2280 3155 2495 3225 [nxcvn]
2553 3156 2653 3227 (cf.
2694 3158 2785 3214 lib.
2818 3158 2998 3233 paul.)
3045 3163 3345 3234 Gregorius
3393 3166 3541 3236 adje-

1889 3242 1965 3297 cit
1991 3242 2051 3298 iu
2090 3243 2252 3298 missa
2302 3264 2327 3292 ε
2364 3246 2600 3315 Diesque
2630 3253 2854 3303 nostros
2885 3268 2913 3298 ι)
2964 3262 3140 3319 usque
3181 3271 3208 3303 «
3239 3267 3406 3323 grege
3440 3269 3539 3309 nu-

1888 3332 2087 3388 merari
2126 3346 2244 3401 per.
2277 3352 2307 3384 ια
2346 3334 2593 3402 [Sanctus
2628 3337 2946 3405 Gregorius,
2977 3338 3358 3408 quinquennio
3388 3350 3540 3411 post-

1889 3433 2051 3489 quam
2089 3419 2300 3474 alveum
2331 3434 2488 3475 suum
2534 3421 2747 3476 Tiberis
2794 3423 2994 3478 ﬂumen
3043 3439 3298 3495 egressus
3335 3435 3439 3496 est,
3482 3438 3538 3486 et

1889 3521 2058 3577 super
2104 3520 2291 3562 muros
2337 3508 2491 3563 urbis
2529 3509 2718 3565 Roma:
2749 3509 3023 3576 influeret,
3067 3513 3348 3585 Dialogum
3388 3530 3539 3572 com-

1892 3595 2125 3665 possuit,
2166 3596 2289 3663 ipso
2320 3601 2459 3650 teste
2491 3596 2546 3649 in
2596 3595 2739 3652 libro
2788 3597 2977 3664 tertio,
3013 3601 3193 3669 capite
3229 3601 3322 3655 19*
3362 3604 3534 3675 (Dial.

1893 3699 1971 3749 111,
2009 3682 2129 3753 19).]
2184 3683 2494 3753 [Gregorius
2522 3685 2605 3739 sic
2643 3684 2697 3740 in
2741 3685 2962 3757 dialogo
2994 3685 3096 3758 (111,
3134 3688 3255 3761 16):
3291 3710 3320 3743 ιι
3350 3694 3538 3763 Nuper

1890 3786 2110 3842 quoque
2164 3773 2219 3827 in
2279 3777 2433 3841 parte
2489 3774 2798 3843 Campaniae
2856 3776 2939 3830 vir
2991 3777 3149 3833 valde
3204 3782 3537 3840 venerabilis

1890 3861 2153 3916 Martinus
2198 3861 2253 3915 in
2300 3867 2486 3916 monte
2534 3863 2760 3918 Narsico
2811 3863 3110 3920 solitariam
3150 3868 3312 3924 vitam
3351 3870 3527 3928 duxit.

1889 3950 1990 4005 Hic
2036 3955 2228 4005 catena
2285 3949 2391 4004 sibi
2428 3948 2493 3981 ³⁸³
2540 3948 2717 4005 ferrea
2774 3952 2969 4021 pedem
3035 3954 3241 4026 ligavit,
3301 3973 3530 4031 eamque

1889 4053 2021 4094 saxo
2051 4052 2117 4094 ex
2154 4039 2326 4094 altera
2363 4045 2519 4108 parte
2559 4038 2749 4105 affixit,
2782 4054 2852 4097 ne
2889 4040 3110 4114 longius
3147 4047 3343 4104 exiret.
3373 4050 3527 4117 Quod

1888 4129 1971 4183 vir
2016 4128 2141 4183 vitae
2186 4128 2519 4189 venerabilis
2565 4130 2895 4187 Benedictus
2939 4133 3189 4201 audiens,
3232 4139 3390 4207 cujus
3422 4153 3530 4194 me-

1890 4216 2117 4272 moriam
2155 4216 2409 4286 superius
2436 4215 2562 4285 feci,
2596 4218 2646 4272 ei
2686 4231 2786 4286 per
2813 4217 3142 4288 discipulum
3181 4237 3337 4278 suum
3370 4239 3527 4280 man-

156 4308 307 4363 citur
344 4310 652 4380 inguinaria
680 4311 862 4366 statim
890 4317 1079 4367 secuta
1108 4318 1212 4378 est,
1244 4318 1305 4367 ut
1335 4310 1494 4381 pauci
1524 4311 1593 4366 de
1622 4295 2019 4365 multi-Ddare
2077 4306 2287 4361 curavit
2326 4324 2340 4360 :
2386 4326 2410 4353 α
2453 4306 2508 4360 Si
2556 4318 2745 4360 servus
2789 4306 2885 4360 Dei
2938 4321 3019 4372 es,
3070 4322 3180 4364 non
3237 4317 3291 4365 te
3342 4316 3530 4368 teneat

158 4395 359 4453 tudine
390 4397 651 4465 viverent,
684 4398 740 4454 in
770 4414 877 4470 qua
910 4399 1161 4470 primitus
1199 4399 1451 4470 Pelagius
1488 4413 1626 4469 papa
1665 4398 1805 4455 obiit

160 4484 211 4553 [8
239 4485 374 4542 ldus
407 4487 732 4553 Februarii].

223 4573 358 4631 615.
428 4574 511 4628 11.
577 4575 776 4645 [axem]
842 4576 930 4646 (P.
988 4577 1051 4629 D.
1094 4592 1175 4642 ιιι,
1216 4574 1337 4646 24.)
1401 4576 1683 4644 Gregorius
1738 4574 1809 4628 63

152 4678 300 4734 papa
325 4663 469 4719 sedit
498 4666 649 4720 annis
684 4664 767 4730 13,
803 4663 1058 4719 mensibus
1087 4663 1141 4719 6;
1185 4664 1286 4731 Qui
1331 4664 1387 4718 in
1437 4664 1539 4719 hac
1588 4663 1817 4719 tribula-'

157 4753 312 4809 tione
344 4767 379 4808 a
410 4754 625 4809 cunctis
662 4753 910 4818 electus;
952 4753 1046 4823 qui
1092 4767 1215 4808 cum
1258 4753 1512 4809 letaniam
1544 4751 1811 4823 septifor-

1889 4414 1917 4446 ‹‹
1949 4398 2143 4450 catena
2171 4392 2324 4459 ferri,
2357 4392 2455 4449 sed
2485 4398 2679 4450 catena
2707 4393 2930 4450 Christi.
2966 4411 2996 4449 η
3043 4396 3124 4451 Ad
3168 4397 3309 4453 hanc
3337 4413 3527 4456 vocem

1889 4482 2150 4537 Martinus
2204 4487 2473 4561 catenam.
2507 4482 2690 4548 solvit,
2739 4487 2796 4537 et
2852 4495 3126 4554 nunquam
3181 4487 3527 4559 postmodum

1891 4571 2014 4641 plus
2050 4569 2394 4641 longitudine
2425 4575 2635 4625 catena:
2664 4571 2855 4626 exibit.
2904 4572 3186 4642 Redeptus
3222 4576 3529 4633 Ferentinae

1891 4660 2128 4717 civitatis
2172 4660 2487 4730 episcopus,
2520 4660 2615 4729 qui
2653 4666 2780 4716 ante
2819 4660 2921 4718 bos
2957 4661 3073 4718 fere
3100 4662 3136 4713 7
3165 4677 3341 4720 annos
3369 4666 3529 4732 obiit,

1892 4748 2026 4804 mihi
2072 4747 2252 4804 adhuc
2296 4748 2353 4803 in
2410 4761 2535 4803 meo
2582 4749 2917 4805 monasterio
2973 4750 3155 4819 posito
3198 4751 3339 4808 dixit
3383 4754 3532 4824 quod

157 4855 302 4897 mem
334 4841 634 4911 ordinavit,
668 4857 775 4898 una
806 4842 961 4910 hora,
993 4842 1121 4897 dum
1159 4844 1325 4897 Deum
1358 4840 1811 4912 deprecarentur,
1895 4845 2141 4908 tempore
2181 4837 2593 4908 predecessoris
2630 4838 2736 4893 mei
2780 4839 3047 4894 Johannis
3095 4854 3252 4911 papae
3290 4842 3537 4900 Yuticius

155 4930 351 4987 subito
392 4930 767 4988 800bierunt.
815 4930 1162 5002 Septiformis
1210 4937 1390 4986 autem
1439 4930 1639 4987 Ietania
1686 4930 1813 4987 ideo
1897 4931 2119 4995 martyr,
2154 4925 2283 4981 dum
2331 4924 2620 4991 dormiret,
2665 4926 2820 4995 juxta
2860 4927 3214 4997 sepulchrum
3261 4931 3381 5000 ejus
3428 4932 3535 4987 sibi

156 5019 395 5087 dicitur,
426 5020 555 5091 quia
585 5022 641 5077 in
689 5028 899 5092 septem
949 5020 1239 5077 ordinibus
1285 5020 1523 5091 populus
1560 5024 1678 5076 erat
1716 5032 1817 5089 po-
1896 5016 2018 5072 ait:
2073 5035 2100 5063 ι
2140 5014 2443 5084 Redempte
2488 5014 2783 5085 vigilas?»
2840 5016 2940 5072 Cui
2991 5017 3349 5088 respondeo:
3394 5038 3423 5071 «
3454 5023 3541 5078 Vi-

1521 5189 1745 5245 νιιιιιΑι
1795 5184 2181 5243 LECTIONES.

230 5314 300 5393 ³Ῐ⁸
329 5314 450 5393 lege
470 5335 486 5370 :
508 5316 689 5393 Suevi.
748 5316 829 5393 _""
858 5315 1007 5386 lege:
1040 5314 1287 5393 obtenti._
1351 5314 1416 5345 “°
1444 5314 1555 5393 lucc
1583 5330 1637 5370 a.
1984 5309 2184 5381 scripta
2937 5310 3155 5393 scripta.
3229 5309 3294 5342 ³⁸²
3313 5312 3454 5368 deest
3480 5312 3540 5369 1?

157 5387 356 5462 2.1100
387 5377 500 5443 loco
528 5388 714 5462 addit:
748 5377 1431 5462 Inter'quaeetiam‘bmc:
1476 5387 1815 5462 «_1_nrsaucta
1840 5377 2380 5462 Romana—ecclesia,
2432 5377 2544 5462 cuin
2573 5377 3151 5462 divinadispeusatio.
3194 5397 3414 5453 preesse
3454 5400 3539 5441 me

158 5457 370 5525 voluit,
405 5464 501 5514 etc.
532 5475 648 5530 qua:
675 5460 730 5514 in
765 5447 998 5516 codici]
1034 5456 1129 5528 fol.
1169 5455 1289 5526 170,
1316 5462 1434 5528 post
1462 5456 1647 5513 addita
1675 5461 1833 5520 sunt;
1865 5470 1914 5510 υ.
1946 5466 2110 5524 supra
2132 5466 2191 5522 p.
2226 5447 2350 5503 490.
2388 5464 2440 5504 η.
2471 5448 2565 5502 42.
2640 5448 2705 5480 ³⁸³
2734 5449 2814 5504 bis
2841 5447 3091 5522 scriptum.
3138 5453 3180 5507 l.

312 5558 555 5614 PATROL.
588 5559 806 5614 CXLVII
818 5601 830 5612 .
3294 5555 3363 5606 24
