4040 6170
497 227 602 281 747

1914 224 2194 281 MARIANI
2229 223 2457 281 SCOTTI

3756 212 3851 275 748

500 371 528 405 «
556 351 690 424 gito.
726 369 753 403 »
805 352 871 407 Et
900 349 976 406 ait
1006 352 1092 407 ter
1119 369 1132 405 :
1166 368 1196 401 «
1228 348 1377 405 Finis
1410 350 1558 407 venit
1597 348 1864 406 universe:
1900 350 2071 406 carni.
2108 368 2134 401 »
2156 349 2398 415 Aclero,
2422 349 2523 405 sub
2552 348 2916 413 anathemate,
2946 352 3007 402 ut
3034 344 3217 404 nullus
3246 343 3505 416 pontiﬁce
3531 341 3743 402 vivente
3772 351 3850 402 aut

498 444 621 499 Mox
675 440 1023 513 Langobardi
1079 441 1239 496 istam
1297 446 1498 497 terram
1554 439 1825 497 intrantes
1880 440 2042 497 tinem
2093 440 2144 496 ei

382 546 395 553 ‘
498 533 768 590 fecerunt.
802 532 851 604 »]

569 622 694 678 620.
734 622 816 678 l6.
863 620 1098 692 [nxcvm]
1143 619 1343 692 (Bene)
1383 620 1553 689 Idem,
1590 620 1771 677 missis
1808 620 2141 677 Britanniam

497 714 821 786 Augustino,
861 711 1065 767 Mellito
1095 714 1151 767 et
1176 711 1423 767 Johanne
1461 711 1692 782 aliisque
1732 710 1982 781 pluribus
2018 726 2142 767 cum

498 803 580 860 eis
609 802 890 859 monachis
926 800 1247 857 timentibus
1293 802 1484 870 Deum,
1525 801 1594 858 ad
1624 801 1902 858 Christum
1937 800 2143 872 Anglos

498 892 786 949 convertit.
833 890 1217 962 [Columbanus
1254 890 1434 961 obiit.]

567 979 691 1034 621.
723 977 806 1032 17.
834 977 1026 1049 [nxcrx]
1062 980 1271 1045 (ΒΕοΑ.)
1300 980 1367 1034 Ει
1387 978 1611 1048 quidem
1640 979 1991 1036 Edilberctus
2019 992 2141 1035 cum

496 1067 835 1127 crededisset
864 1081 987 1122 cum
1016 1081 1115 1123 sua
1143 1072 1307 1138 gente
1352 1068 1770 1125 Cantuariorum
1802 1070 1891 1125 cui
1924 1072 2144 1139 preerat

494 1155 869 1230 proximisque
918 1156 1236 1227 provinciis,
1271 1157 1435 1213 etiam
1474 1158 1795 1229 episcopum
1833 1159 2145 1215 doctorem-

494 1260 602 1318 que
632 1260 790 1302 suum
817 1245 1179 1317 Augustinum
1209 1249 1266 1302 et
1293 1250 1511 1303 ceteros
1537 1248 1813 1304 antistites
1842 1247 2142 1319 episcopali

493 1336 627 1392 sede
658 1334 918 1392 donabat.
969 1336 1142 1391 Porro
1190 1340 1382 1405 gentes
1428 1336 1729 1407 Anglorum
1767 1337 1835 1393 ab
1871 1336 2141 1407 Aquilone

496 1424 726 1481 Humbri
766 1423 1004 1483 ﬂuminis
1040 1425 1143 1480 sub
1182 1424 1405 1495 regibus
1441 1425 1580 1482 Elle
1619 1432 1675 1483 et
1712 1426 1983 1484 Edilfrido
2021 1427 2142 1483 sita:

498 1515 734 1571 necdum
761 1514 988 1572 verbum
1017 1513 1143 1571 vita;
1172 1514 1480 1572 audierant.

565 1604 693 1661 622.
733 1603 815 1659 18.
854 1604 955 1676 [nc]
993 1603 1201 1676 (ΒΕΒΑ.)
1246 1606 1541 1677 Gregorius
1560 1607 1625 1640 ³⁸⁵
1668 1606 1758 1662 18Ο
1802 1622 1948 1665 anno
1997 1610 2144 1664 Mau-

2227 438 2489 509 episcopo
2536 438 2772 494 civitatis
2822 451 2935 492 sua:
2986 439 3283 506 praesumat
3337 434 3489 506 loqui
3545 439 3639 491 aut
3684 440 3851 505 partes

2226 529 2330 583 sibi
2359 528 2539 584 facere
2563 548 2577 594 ;
2603 526 2709 582 nisi
2732 525 2898 581 tertio
2918 525 3007 581 die
3038 523 3406 594 depositionis
3436 525 3594 594 ejus;
3627 522 3851 581 adunato

2224 618 2375 674 clero
2404 622 2460 675 et
2500 617 2717 674 famulis
2755 614 3043 683 mceiesiaa,
3077 620 3208 671 tunc
3245 613 3445 671 electio
3488 613 3618 683 ﬁat.)
3652 612 3853 671 Bonifa-

2224 708 2334 764 tius
2357 722 2498 779 papa
2528 707 2665 763 obiit
2693 706 2728 760 3
2755 706 2883 762 Idus
2912 704 3248 761 Decembris.

2295 797 2420 854 631.
2453 799 2506 853 6.
2545 796 2703 868 [ncrx]
2737 795 3033 865 Bonifatius
3073 794 3163 849 66.
3190 792 3247 824 ⁸⁸⁸
3280 808 3426 865 papa
3462 793 3615 849 annis
3643 793 3699 857 6,
3731 809 3854 849 mea»

2222 887 2365 943 sibus
2402 888 2456 941 9.

2296 975 2421 1031 632.
2451 975 2509 1032 7.
2546 975 2679 1046 [ncx]
2716 974 2795 1046 [P.
2820 976 2881 1029 D.
2916 989 2992 1041 1v,
3013 971 3127 1044 37.)
3167 974 3275 1029 iste
3305 973 3545 1029 obtinuit
3574 987 3605 1029 a
3636 974 3782 1031 Foca
3806 979 3855 1029 ut

2224 1066 2281 1122 in
2318 1066 2490 1122 veteri
2537 1064 2664 1121 fano
2703 1063 2851 1134 quod
2900 1063 3202 1119 Pantheum
3248 1064 3565 1130 vocabatur,
3606 1069 3664 1119 et
3699 1077 3731 1119 a
3769 1064 3856 1119 Do-

2225 1155 2451 1212 mitiano
2500 1154 2833 1225 imperatore
2875 1158 3271 1218 constructum,
3306 1152 3595 1209 ecclesiam
3624 1153 3854 1208 omnium

2224 1252 2534 1304 sanctorum
2584 1243 2917 1312 consecrari,
2968 1244 3064 1300 ubi
3120 1243 3362 1301 omnium
3410 1243 3641 1300 deorum
3687 1242 3857 1299 cultus

2224 1338 2507 1410 agebatur.

2294 1424 2504 1481 633.8.
2552 1424 2708 1495 [nam]
2751 1422 2934 1495 (Ibid.)
2984 1424 3165 1480 Persae
3214 1426 3407 1479 contra
3436 1436 3551 1478 rem
3589 1422 3855 1493 publicam

2224 1515 2541 1587 gravissima
2587 1513 2731 1570 bella
2776 1517 3054 1585 gerentes,
3086 1512 3284 1569 multas
3330 1514 3700 1575 Romanorum
3742 1526 3858 1582 pro-

2226 1605 2453 1673 vincias,
2475 1609 2531 1661 et
2557 1604 2733 1674 ipsam
2762 1602 3180 1659 Hierosolimam
3209 1601 3483 1669 auferunt,
3507 1607 3561 1657 et
3582 1601 3858 1658 destruen-

498 1694 642 1758 ricii,
675 1694 978 1749 indictione
1008 1694 1062 1762 4,
1095 1695 1346 1752 scribens
1375 1698 1698 1768 Augustino,
1742 1698 1936 1755 eodem
1974 1683 2306 1754 modoBtes
2334 1692 2618 1761 ecclesias,
2651 1696 2840 1749 sancta
2870 1705 3092 1762 quoque
3123 1689 3495 1761 profanantes,
3529 1690 3674 1747 inter
3710 1703 3857 1746 orna-

497 1783 804 1839 Lundoniae
843 1796 1063 1854 quoque
1111 1790 1166 1840 et
1214 1786 1447 1843 Eboraci
1495 1787 1792 1858 episcopis,
1843 1792 2071 1857 accepto
2110 1802 2141 1844 a

498 1872 630 1928 sede
678 1872 982 1941 apostolica
1038 1872 1206 1943 pallio
1262 1875 1719 1945 metropolitanos
1769 1890 1889 1932 esse
1936 1876 2140 1933 debere

498 1961 768 2017 decernit.
792 1962 853 2016 In
882 1963 991 2018 vita
1019 1964 1266 2034 Gregorii
1295 1965 1375 2020 sic
1406 1967 1521 2035 (vn,
1550 1962 1641 2036 63)
1669 1985 1681 2020 :
1708 1984 1736 2017 «
1756 1966 2051 2035 Apostolos
2070 1965 2139 2021 ad

500 2051 717 2106 missam
763 2050 1088 2107 cantandam
1135 2051 1273 2109 nihil
1320 2053 1470 2110 aliud
1518 2053 1750 2125 legimus
1786 2054 1892 2110 nisi
1929 2060 2139 2110 tantum

497 2141 802 2199 orationem
830 2140 1186 2199 Dominicam.
1219 2160 1248 2193 »
1604 2176 1617 2185 .

566 2230 693 2286 625.
724 2232 814 2285 21.
851 2231 1015 2302 [nam]
1050 2234 1132 2300 (P.
1164 2234 1226 2288 Ι).
1260 2248 1336 2301 1v,
1368 2234 1479 2304 27.)
1520 2234 1812 2290 Mauricius
1840 2235 2141 2304 imperator

494 2334 619 2375 cum
648 2319 776 2376 ﬁliis
813 2321 948 2388 suis,
989 2320 1320 2389 Theodosio,
1354 2323 1574 2379 Tiberio
1604 2330 1661 2380 et
1697 2324 2077 2391 Constantino,
2108 2337 2140 2378 a

497 2411 658 2478 Foca,
694 2410 789 2479 qui
838 2408 940 2467 fuit
977 2416 1183 2466 strator
1219 2411 1393 2468 Prisci
1451 2411 1690 2481 patricii,
1740 2412 2033 2468 occiditur.
2076 2411 2141 2467 Si

491 2503 703 2554 sanctus
726 2504 884 2570 pater
902 2497 1066 2555 abbas
1093 2500 1425 2569 Benedictus,
1446 2501 1579 2556 sicut
1605 2502 1690 2557 sui
1716 2501 1946 2557 scribunt
1970 2500 2137 2572 (144),

499 2586 563 2639 l2
609 2585 739 2643 Kal.
789 2586 991 2658 Aprilis
1022 2587 1243 2644 sabbato
1288 2593 1469 2646 saneto
1511 2588 1725 2661 pascha:
1773 2590 1919 2657 obiit,
1952 2593 2007 2645 in
2044 2590 2141 2646 hoc

495 2690 632 2731 anno
672 2675 875 2731 videtur
911 2675 1101 2731 obisse.
1142 2677 1263 2733 Nisi
1292 2677 1426 2732 enim
1463 2679 1520 2733 in
1558 2694 1694 2735 anno
1724 2678 1794 2735 96
1832 2685 1952 2736 ante
1988 2680 2141 2734 istum

496 2779 709 2832 annum,
730 2763 899 2820 obitus
928 2765 1038 2836 ejus
1066 2766 1143 2822 ita
1171 2782 1276 2822 non
1314 2766 1534 2823 habetur
1550 2789 1569 2834 ,-
1611 2768 1700 2839 qui
1729 2772 1868 2838 tunc,
1888 2770 1938 2823 si
1963 2774 2138 2835 natus,

495 2852 648 2910 valde
687 2868 886 2926 parvus
925 2855 1053 2925 fuit;
1102 2856 1158 2910 in
1183 2854 1282 2911 hoc
1310 2860 1487 2913 autem
1524 2872 1662 2913 anno
1691 2858 1862 2914 aetatis
1887 2873 1997 2912 sum
2020 2857 2141 2929 plus

496 2945 729 3000 minusve
757 2943 829 2998 90
857 2944 1027 3002 obisse
1050 2950 1247 3016 posset.

570 3035 921 3089 Romanorum
947 3034 1019 3087 63
1047 3036 1220 3089 Focas
1255 3035 1492 3103 regnavit
1532 3035 1684 3090 anuis
1715 3036 1771 3103 8,
1810 3050 1971 3106 usque
2009 3036 2136 3091 Kal.

499 3122 656 3188 Maii,
688 3123 741 3175 in
770 3137 907 3176 anno
936 3122 1043 3175 600
1066 3126 1185 3193 post
1212 3123 1508 3193 passionem
1535 3124 1762 3180 Domini.

562 3209 689 3266 626.
730 3211 777 3264 1.
814 3210 973 3281 [new]
1026 3213 1207 3281 imago
1251 3213 1411 3268 Focze
1454 3212 1489 3266 7
1537 3211 1769 3268 Kalend.
1810 3213 1954 3283 Maii,
1987 3214 2141 3271 indi-

491 3298 674 3356 ctione
703 3299 758 3367 7,
792 3302 1017 3357 Romam
1047 3299 1228 3356 delata
1258 3307 1360 3367 est,
1397 3301 1541 3357 sicut
1574 3302 1630 3357 in
1658 3303 1769 3359 vita
1805 3305 1981 3360 sancti
2009 3307 2140 3361 Gre-

489 3388 631 3459 gorii
671 3389 873 3460 legitur
904 3390 997 3461 (1v,
1037 3389 1123 3460 20)
1150 3409 1164 3457 ;
1217 3395 1274 3446 et
1302 3396 1592 3461 postquam
1621 3408 1651 3447 a
1681 3392 1833 3449 clero
1862 3399 1917 3449 et
1944 3399 2139 3450 senatu

488 3478 844 3537 acclamatum
883 3484 968 3535 est
1005 3480 1086 3537 eis
1122 3479 1179 3535 in
1214 3479 1441 3536 basilica
1476 3480 1606 3549 Juli,
1643 3482 1773 3552 jusu
1802 3485 1977 3540 sancti
2006 3488 2139 3542 Gre-

484 3569 626 3639 gorii
675 3569 732 3624 in
780 3568 1005 3626 basilica
1049 3569 1225 3626 sancti
1273 3570 1481 3627 Cesarii
1529 3572 1882 3628 Lateranensi
1929 3572 2136 3643 palatio

486 3660 789 3716 constituto
822 3660 1066 3730 ponitur.

506 3787 511 3792 -
554 3748 681 3807 627.
714 3750 769 3805 2.
808 3750 944 3820 [nev]
983 3748 1083 3820 (cf.
1114 3749 1151 3806 l.
1182 3751 1352 3821 poni.)
1396 3753 1627 3809 Sanctus
1662 3753 1959 3825 Gregorius
1994 3767 2134 3824 papa

487 3838 627 3895 obiit
654 3837 690 3893 4
719 3838 847 3895 ldus
875 3839 1073 3906 Martii,
1108 3840 1417 3897 indictione
1445 3842 1499 3896 8.

555 3926 682 3983 628.
730 3927 970 3998 3.[ncv1]
1013 3926 1336 3985 Sabinianus
1372 3928 1445 3984 64
1474 3946 1621 4003 papa
1658 3947 1796 3987 anno
1842 3934 1888 4001 l,
1936 3934 2132 3988 mensi-

485 4017 578 4072 bus
613 4016 700 4071 10.

674 4106 820 4176 [ϐοά.
853 4105 904 4161 in
934 4120 1127 4177 marg.,
1159 4107 1342 4164 Ciclus
1380 4108 1614 4166 decenn.
1646 4110 1681 4163 4
1710 4109 1937 4180 explicit

1080 4197 1384 4255 indictione
1419 4197 1531 4270 11.]

2224 1788 2406 1840 menta
2461 1787 2775 1839 sanctorum
2831 1780 2916 1837 vel
2971 1781 3341 1838 communium
3397 1779 3645 1836 locorum
3703 1779 3856 1835 etiam

2224 1873 2478 1930 vexillum
2517 1871 2814 1929 Dominicze
2855 1871 3036 1927 crucis
3078 1870 3377 1927 abducunt.
3420 1868 3732 1938 Heraclius,
3774 1867 3855 1938 qui

2220 1962 2455 2019 Africam
2494 1962 2736 2032 regebat,
2770 1963 2966 2016 Focam
2995 1960 3103 2016 vita
3142 1958 3392 2030 privavit.

2293 2055 2643 2108 Romanorum
2696 2049 2768 2104 64
2824 2048 3102 2106 Herculius
3158 2048 3391 2119 regnavit
3439 2047 3592 2104 annis
3639 2046 3738 2112 27,
3773 2045 3857 2101 hoc

2222 2147 2297 2197 est
2334 2156 2494 2212 usque
2539 2138 2668 2196 Kal.
2708 2139 2823 2196 Mai
2853 2140 2905 2193 in
2948 2154 3083 2194 anno
3115 2137 3218 2192 627
3261 2141 3381 2209 post
3419 2136 3725 2208 passionem
3762 2137 3857 2192 Do-

2223 2246 2365 2285 nunt.

2292 2318 2417 2374 634.
2471 2317 2519 2374 l.
2584 2318 2760 2389 [nexu]
2823 2316 3028 2389 (Bun.\.)
3074 2316 3393 2373 Anastasius
3428 2315 3492 2347 ³⁸⁷
3547 2317 3717 2372 Persa
3754 2327 3857 2370 mo-

2223 2409 2451 2476 nachus,
2500 2414 2692 2477 postea
2748 2406 3010 2464 nobiliter
3056 2421 3157 2478 pro
3209 2406 3429 2463 Christo
3482 2418 3698 2476 passus.
3766 2402 3855 2470 Qui

2223 2504 2383 2554 natus
2419 2498 2476 2553 in
2524 2496 2768 2564 Perside,
2815 2497 3052 2567 magicas
3081 2510 3112 2551 a
3144 2502 3298 2566 patre
3336 2500 3482 2551 artes
3519 2509 3661 2564 puer
3689 2493 3857 2549 disce-

2222 2588 2335 2643 bat.
2385 2587 2491 2643 Sed
2540 2587 2632 2642 ubi
2679 2600 2711 2641 a
2755 2586 2985 2656 captivis
3041 2585 3356 2641 Christianis
3412 2596 3613 2641 nomen
3665 2580 3859 2638 Christi

2222 2678 2510 2734 salvatoris
2577 2681 2889 2747 acceperat,
2959 2676 3015 2730 in
3092 2689 3215 2731 eum
3290 2688 3416 2731 mox
3490 2678 3609 2730 toto
3685 2672 3861 2729 animo

2224 2780 2542 2823 conversus.
2579 2764 2898 2836 [Bonifatius
2945 2778 3087 2835 papa
3129 2763 3269 2821 obiit
3294 2762 3330 2817 8
3368 2763 3489 2818 Kal.
3516 2761 3709 2831 Junii.)
3762 2759 3858 2831 [lib.

2215 2857 2384 2928 ponl.]

2292 2945 2418 3000 637.
2450 2946 2504 3002 4.
2543 2945 2715 3016 [ncxv]
2748 2943 3052 3011 Deusdedit,
3086 2943 3175 3015 qui
3202 2948 3251 2999 el
3285 2941 3599 3008 Theodatus,
3625 2940 3696 2993 67
3720 2955 3860 3012 papa

2223 3036 2376 3091 annis
2405 3036 2459 3092 4.

2293 3126 2417 3181 638.
2457 3125 2513 3180 5.
2564 3125 2758 3196 [ncxvr]
2812 3124 3017 3195 (ΒΕυΑ.)
3064 3121 3464 3180 Anastasius“8
3491 3135 3646 3188 vero,
3676 3120 3863 3177 relicta

2222 3214 2469 3282 Perside,
2502 3214 2885 3272 Calcedoniam
2925 3212 3394 3283 Hierapolimque,
3425 3212 3702 3269 Christum
3734 3223 3865 3281 que-

2222 3319 2368 3372 rens,
2400 3318 2465 3361 ac
2501 3304 2703 3360 deinde
2741 3303 3158 3361 iiierosolimam
3198 3304 3373 3373 petit;
3425 3301 3522 3357 ubi
3560 3301 3861 3371 baptizatus

2220 3393 2255 3447 4
2307 3394 2376 3451 ab
2432 3393 2622 3450 eadem
2678 3392 2814 3450 urbe
2872 3392 3137 3461 miliario,
3196 3391 3589 3448 monasterium
3656 3388 3862 3444 abbatis

2217 3485 2467 3540 Anastasi
2514 3484 2758 3551 intravit,
2792 3483 2849 3539 in
2896 3498 3007 3553 quo
3051 3484 3088 3535 7
3137 3482 3298 3538 annis
3347 3479 3678 3552 regulariter
3716 3478 3857 3534 vixit.

2218 3576 2320 3642 Qui
2367 3588 2492 3630 cum
2539 3574 2831 3631 Caesariani
2876 3572 3185 3629 Palaestina:
3231 3570 3500 3627 orationis
3545 3569 3726 3640 gratia
3768 3581 3859 3622 ve-

2218 3664 2411 3734 nisset,
2461 3668 2655 3735 captus
2701 3678 2732 3719 a
2779 3663 2964 3720 Persis
3011 3669 3067 3718 et
3105 3661 3274 3718 multa
3323 3660 3415 3717 diu
3453 3659 3689 3715 verbera
3725 3658 3862 3713 inter

2217 3769 2471 3811 carceres
2526 3760 2582 3811 et
2624 3753 2842 3811 vincula
2889 3768 2920 3808 a
2976 3752 3295 3809 Marzabana
3350 3750 3489 3806 duce
3547 3759 3855 3819 perpessus,

2218 3844 2436 3901 tandem
2489 3845 2725 3901 mittitur
2779 3841 3060 3898 Persidem
3108 3841 3177 3897 ad
3236 3853 3419 3912 regem
3477 3851 3673 3896 eorum
3728 3834 3858 3893 Cho-

2215 3949 2457 4005 sronem,
2535 3949 2565 3990 a
2638 3947 2750 4005 quo
2823 3934 2991 3990 tertio
3066 3946 3167 4003 per
3240 3928 3525 3986 intervalla
3602 3924 3861 3998 temporis

2214 4028 2554 4093 verberatus,
2585 4024 2654 4079 ad
2704 4028 3007 4080 extremum
3056 4035 3165 4079 una
3201 4032 3504 4091 suspensus
3550 4032 3718 4085 manu
3764 4029 3858 4086 per

2216 4123 2329 4173 tres
2372 4116 2538 4172 horas
2585 4113 2727 4182 diei,
2778 4114 2859 4169 sic
2907 4112 3131 4184 quidem
3186 4109 3519 4175 decollatus,
3570 4120 3694 4163 cum
3742 4104 3860 4160 aliis

2213 4205 2285 4259 70
2329 4204 2649 4275 martyrium
2692 4202 3007 4273 complevit.
3059 4203 3179 4258 Mox
3227 4200 3413 4255 tunica
3461 4199 3583 4268 ejus
3635 4195 3859 4251 indutus

553 4287 678 4343 629.
711 4286 764 4343 4.
812 4287 991 4357 [ucvn]
1047 4286 1103 4356 (l.
1130 4288 1299 4360 poni.)
1352 4288 1695 4359 [Sabinianus
1738 4303 1879 4360 papa
1927 4291 2066 4346 obiit
2094 4292 2197 4367 6η
2216 4296 2435 4367 quidam
2459 4294 2816 4351 demoniacus
2844 4297 3068 4349 curatus
3096 4293 3435 4348 est.1nterea
3462 4286 3857 4357 superveniens

484 4378 602 4433 Kal.
633 4338 850 4447 Martiit]
886 4338 1064 4448 (Isim)
1096 4338 1382 4448 [Protei/ini
1413 4382 1469 4434 et
1496 4338 1780 4435 Benedicti
1810 4338 1909 4449 per
1935 4338 2198 4437 Orieu-D
2215 4338 3289 4450 “princeps,
3340 4338 3617 4446 superartis
3658 4372 3855 4439 Persis,

483 4474 591 4523 tem
619 4465 703 4522 vel
730 4466 985 4537 Egiptum
1017 4464 1177 4522 civile
1206 4465 1410 4522 bellum
1435 4465 1664 4537 faciunt,
1696 4483 1761 4524 ac
1790 4483 1912 4527 sese
1942 4476 2129 4527 mutua

481 4557 616 4613 cede
653 4556 1050 4627 prosternunt.]
1566 4620 1569 4625 ι

547 4644 675 4700 630.
705 4644 761 4699 5.
800 4645 1000 4716 [ncvm]
1043 4642 1137 4710 (cf.
1170 4644 1206 4699 ι.
1234 4645 1400 4716 pont.)
1450 4648 1746 4717 Bonifatius
1782 4647 1939 4702 65³⁸⁸
1979 4665 2127 4723 papa

476 4734 734 4791 mensibus
778 4734 864 4791 10.
903 4735 1004 4790 Hic
1034 4735 1347 4804 impetravit
1384 4750 1415 4791 a
1446 4738 1589 4793 Foca
1617 4752 1846 4807 caesare,
1881 4743 1941 4795 ut
1965 4740 2127 4796 sedes

477 4824 781 4895 apostolica
805 4821 1062 4895 IRomana
1110 4830 1275 4894 caput
1311 4830 1456 4882 esset
1500 4826 1753 4893 ecclesias,
1805 4843 1928 4885 cum
1966 4836 2128 4885 antea

481 4913 989 4984 Constantinopolis
1035 4914 1265 4984 primam
1308 4929 1368 4970 se
1407 4916 1650 4971 omnium
1689 4918 1968 4973 scribebat
2010 4918 2122 4991 (lib.

477 5008 669 5076 poni).
723 5003 840 5074 [Hic
887 5003 1173 5059 constituit
1210 5002 1269 5058 in
1317 5004 1552 5061 ecclesia
1598 5006 1745 5061 beati
1790 5007 1958 5077 Petri,
2001 5023 2124 5065 cum

475 5093 755 5163 episcopis
810 5092 901 5161 72,
958 5092 1282 5162 presbiteris
1335 5092 1427 5162 33,
1479 5094 1806 5152 diaconibus
1862 5103 1921 5153 et
1975 5101 2126 5156 omni

2212 4474 2545 4531 christianos
2591 4472 2686 4542 qui
2733 4476 2891 4528 erant
2937 4469 3194 4540 captivati
3254 4466 3472 4523 reduxit
3525 4464 3851 4535 gaudentes.

2210 4564 2479 4634 Reliquiae
2508 4563 2655 4618 beati
2684 4561 2924 4617 martiris
2952 4558 3222 4615 Anastasii
3255 4556 3431 4628 primo
3460 4554 3856 4611 monasterium

2210 4668 2390 4721 suum,
2432 4651 2633 4708 deinde
2663 4651 2892 4707 Romam
2925 4648 3190 4714 advectae,
3224 4647 3557 4701 venerantur
3586 4642 3644 4698 in
3674 4652 3860 4698 mona-

2209 4744 2380 4800 sterio
2418 4742 2564 4798 beati
2612 4739 2765 4796 Pauli
2812 4737 3069 4808 apostoli,
3110 4736 3261 4806 quod
3311 4734 3517 4790 dicitur
3560 4731 3631 4787 ad
3679 4734 3858 4801 Aquas

2210 4831 2434 4890 Salvias.

2281 4921 2407 4977 640.
2445 4920 2502 4974 7.
2552 4917 2789 4990 [ncan]
2833 4916 2949 4989 (lib.
2984 4916 3152 4988 pont.)
3198 4917 3340 4985 Papa
3385 4909 3688 4968 Deusdedit
3724 4920 3860 4964 con—

2209 5012 2389 5070 stituit
2434 5009 2730 5067 secundam
2778 5008 2996 5064 missam
3043 5006 3100 5062 in
3140 5004 3310 5061 clero.
3359 5001 3567 5059 Eodem
3609 5003 3861 5068 tempore

2210 5102 2385 5158 factus
2431 5104 2515 5156 est
2562 5102 2708 5155 terre
2756 5100 2937 5154 motus
2984 5098 3179 5167 major,
3223 5106 3421 5151 mense.
3456 5094 3719 5161 Augusto,
3774 5087 3861 5142 ω.

1828 5207 2053 5265 ΥΑΒΙίΕ
2108 5210 2493 5269 LECTIONES.

544 5298 611 5373 Ψ
638 5300 763 5373 Mt;
793 5315 862 5373 Δζι-
906 5297 1193 5373 622-624
1229 5299 1429 5373 scripta
1456 5306 1595 5356 sunt.
1672 5301 1736 5335 ⁸⁸⁸
1765 5304 1942 5360 LXIV.
1990 5306 2010 5359 1
2037 5313 2062 5363 ?
2134 5309 2200 5342 ³⁸⁸
2227 5311 2381 5365 LXV.
2429 5309 2451 5362 1
2476 5313 2500 5362 Ῥ
2572 5304 2635 5338 ³⁸⁷
2663 5304 2774 5361 lucc
2801 5320 2855 5361 a.
2896 5300 3183 5359 634—636
3207 5300 3408 5373 scripta
3434 5304 3574 5355 sunt.
3648 5293 3713 5328 ³⁸⁸
3741 5293 3862 5349 hac

545 5542 687 5614 (144)
726 5543 902 5609 Vitam
931 5545 985 5602 S.
1018 5544 1186 5604 Mauri
1217 5542 1464 5603 indicare
1492 5544 1749 5617 videtur;
1781 5546 1851 5606 cf.
1885 5452 2328 5623 Mabilﬁg’f‘fcta
2360 5553 2403 5624 l,
2431 5566 2483 5625 p.
2516 5550 2668 5608 CXli.

471 5386 525 5429 a.
557 5370 843 5428 638-648
870 5372 1070 5444 scripta
1095 5376 1235 5429 sunt.
