4000 6158
102 297 192 353 749

1351 292 1755 351 CHRONICON.
1793 321 1865 332 ——
1899 293 2027 348 LlB.
2066 291 2156 348 lli.

3334 298 3442 355 750

104 423 319 481 dictione
346 419 401 475 6.
445 422 575 476 Post
630 420 732 476 hec
788 426 976 478 secuta
1023 425 1108 477 est
1153 420 1339 477 clades
1384 421 1440 475 in
1481 418 1847 490 populo,AE
1878 418 2080 487 quibus
2108 418 2296 475 Pirrus
2340 418 2427 475 his
2468 417 2809 490 temporibus
2844 419 2949 476 sub
2977 419 3270 480 Theodoro
3301 440 3441 497 papa

102 513 149 568 id
174 514 250 567 est
282 510 568 580 percussio
625 510 953 578 scabiarum,
1021 510 1098 565 ita
1153 515 1213 565 ut
1260 508 1445 565 nullus
1499 513 1715 578 poterat

102 608 349 658 mortuum
378 614 537 657 suum
566 613 942 674 cognoscere;
976 604 1031 656 et
1061 600 1201 657 obiit
1225 599 1263 653 6
1290 598 1370 655 1d.
1403 599 1537 654 Nov.
1576 611 1714 668 papa

100 688 415 760 Deusdedit.]

159 780 275 835 641.
335 780 388 835 8.
454 778 649 850 [ncnx]
712 780 1011 850 Bonifatius
1069 778 1140 833 68
1202 793 1345 850 papa
1404 777 1537 833 sedit
1603 792 1716 831 an-

97 868 241 926 nt's5.

158 958 273 1016 645.
310 957 395 1014 12.
432 958 667 1029 [nexam]
722 958 843 1029 (lib.
898 958 1078 1030 pont.)
1138 956 1467 1025 [Bonifatius
1505 957 1647 1013 obiit
1681 955 1717 1009 8

96 1049 199 1106 Kal.
229 1048 568 1105 Novembris.
618 1048 720 1104 Hic
769 1049 1059 1105 constituit
1105 1052 1166 1105 ut
1214 1047 1399 1104 nullus
1437 1047 1719 1103 trachatur

94 1139 154 1195 de
180 1137 433 1208 aaclesia.]

153 1227 270 1284 646.
319 1227 404 1283 13.
468 1228 706 1299 [ncxxrv]
744 1230 1011 1285 Honorius
1055 1227 1126 1282 69
1166 1243 1313 1300 papa
1357 1228 1508 1283 annis
1560 1227 1645 1282 12.

94 1316 214 1387 [οοά.
259 1317 317 1373 in
371 1332 541 1387 marg.
594 1317 777 1374 Ciclus
823 1319 1057 1375 decenn.
1088 1317 1125 1371 6
1152 1316 1350 1387 incipit
1377 1316 1572 1373 indict.
1613 1314 1715 1386 15.]

151 1405 268 1462 649.
316 1405 402 1462 16.
455 1407 702 1478 [θωνα]
760 1407 980 1479 (Bson)
1043 1409 1200 1463 Anno
1241 1405 1306 1438 "9
1352 1405 1570 1463 Heracli
1631 1403 1715 1460 16.

88 1494 382 1552 indictione
436 1495 521 1565 15,
570 1496 817 1555 Eduinus
864 1511 963 1553 rex
1004 1496 1304 1567 Anglorum
1351 1495 1407 1551 in
1454 1493 1721 1550 Brittania

90 1585 569 1643 Transhumbranae
623 1584 810 1658 gentis
869 1586 938 1642 ad
996 1586 1335 1657 aquilonem,
1397 1583 1719 1655 predicante

87 1674 301 1731 Paulino
343 1675 627 1747 episcopo,
661 1690 824 1746 quem
879 1677 1030 1732 misit
1083 1676 1153 1732 de
1209 1674 1399 1732 Cantia
1448 1673 1721 1743 archiepi-

1796 508 2023 563 Romam
2053 508 2280 563 veniens
2309 522 2376 563 ex
2418 507 2636 575 Aﬂ‘rica,
2687 509 2831 577 ﬁcta,
2883 515 2943 566 ut
2989 516 3117 581 post
3161 515 3436 582 apparuit,

1797 596 2101 664 penitentia
2131 597 2331 653 obtulit
2369 597 2548 653 eidem
2570 611 2747 668 papae,
2774 605 3029 669 presente
3051 606 3252 658 cuncto
3282 602 3433 659 clero

1798 689 1852 740 et
1882 685 2109 754 pOpulo,
2168 685 2413 742 libellum
2470 700 2593 742 cum
2639 702 2737 743 sua
2766 689 3195 760 subscriptione,
3232 690 3290 747 in
3319 705 3431 762 quo

1797 774 2299 831 condemnarentur
2325 776 2507 832 omnia
2535 791 2659 847 quae
2725 791 2757 832 a
2786 792 2845 833 se
2874 779 2958 834 vel
2987 794 3019 834 a
3047 781 3433 839 decessoribus

1798 864 1914 920 suis
1941 865 2146 934 scripta
2192 865 2276 921 vel
2323 873 2445 922 acta
2491 872 2620 922 sunt
2666 873 2860 924 contra
2897 870 3222 928 catholicam
3251 872 3434 929 ﬁdem.

1798 952 1953 1010 Unde
2011 958 2067 1008 et
2122 954 2359 1025 benigne
2397 960 2689 1027 susceptus
2745 964 2830 1015 est
2880 960 2949 1015 ab
2979 974 3045 1016 eo
3076 962 3233 1031 quasi
3270 962 3438 1034 regiae

1799 1042 2047 1115 pontifex
2102 1042 2357 1100 civitatis.
2390 1045 2496 1101 Sed
2540 1046 2668 1116 quia
2697 1061 2950 1105 reversus
2970 1050 3191 1107 domum
3219 1052 3444 1123 repetiit

1800 1145 2047 1189 errorem
2093 1131 2472 1204 domesticam,
2522 1122 2856 1193 memoratus
2900 1154 3041 1210 papa
3095 1122 3443 1211 Theodorus,

1800 1223 2081 1281 advocatis
2141 1225 2357 1281 cunctis
2421 1226 2804 1283 sacerdotibus
2843 1232 2899 1284 et
2963 1228 3114 1286 clero
3170 1230 3228 1286 in
3285 1230 3444 1288 aeole-

1800 1312 1936 1369 siam
1966 1314 2113 1370 beati
2152 1314 2299 1370 Petri
2336 1314 2596 1384 apostoli,
2620 1316 3006 1374 condemnavit
3033 1332 3158 1375 eum
3187 1320 3289 1377 sub
3318 1320 3442 1377 vin-

1802 1403 1927 1460 culo
1965 1403 2348 1463 anathematis.

1872 1493 1997 1548 662.
2038 1492 2093 1548 2.
2132 1494 2299 1565 [non]
2359 1495 2455 1551 His
2505 1500 2848 1568 temporibus
2902 1503 3194 1562 Hisidorus
3248 1506 3445 1578 Hispa-

1802 1582 2013 1638 niensis
2051 1585 2347 1655 episcopus
2384 1585 2564 1643 clarus
2600 1588 2855 1647 habetur.
3233 1588 3243 1597 ’

1873 1675 2222 1730 Romanorum
2285 1675 2356 1730 66
2429 1678 2813 1750 Constantinus,
2866 1681 3005 1754 ﬁlius
3065 1685 3305 1756 Heracli,
3362 1698 3445 1744 re-

86 1777 275 1833 scopus
301 1766 513 1831 Justus,
540 1746 781 1822 verbum
810 1765 1005 1821 salutis
1036 1779 1161 1822 cum
1198 1769 1362 1836 gente
1399 1778 1498 1820 sua
1534 1746 1977 1832 susce-Bgnauit
2032 1763 2291 1819 mensibus
2345 1765 2401 1833 6,
2460 1769 2609 1837 quasi
2659 1746 2819 1841 usque
2865 1746 3094 1828 kalend.
3135 1746 3447 1835 Novembris

86 1851 176 1920 pit.
206 1855 369 1909 Anno
406 1858 589 1909 autem
653 1853 709 1907 11
754 1854 910 1925 regni
966 1854 1074 1922 sui,
1131 1854 1397 1909 adventus
1442 1865 1574 1909 vero
1610 1854 1721 1907 An-

85 1940 285 2009 glorum
346 1943 403 1998 in
459 1943 782 1999 Brittaniam
831 1943 954 2014 plus
1000 1944 1180 1999 minus
1226 1956 1371 1999 anno
1425 1941 1553 2009 230,
1612 1941 1720 1997 hoc

82 2031 261 2100 gessit.
304 2033 432 2101 Ipse
463 2037 642 2089 autem
690 2033 844 2089 dedit
891 2032 1121 2088 Paulino
1149 2032 1336 2088 sedem
1366 2031 1721 2102 episcopatus

84 2121 333 2178 Eburaci.
386 2123 485 2179 Cui
535 2124 650 2193 regi
713 2124 770 2181 in
818 2123 1120 2193 auspicium
1180 2128 1422 2178 venturae
1480 2121 1607 2177 ﬂdei
1665 2127 1722 2176 et

82 2211 227 2281 regni
258 2211 507 2269 caelestis
544 2217 789 2281 potestas
825 2218 1046 2269 terrena
1094 2213 1305 2268 crevit:
1355 2216 1525 2268 totam
1574 2210 1721 2268 enim

80 2300 400 2358 Brittaniam
483 2303 692 2371 primus
774 2303 1017 2358 omnium
1098 2300 1397 2371 Anglorum
1476 2301 1579 2357 sub
1661 2314 1721 2356 se

77 2388 339 2459 subjecit.

136 2476 278 2532 654.
326 2477 417 2531 21.
454 2476 701 2547 [nomn]
756 2476 977 2548 (Bson)
1022 2478 1100 2533 Eo
1155 2476 1219 2511 "9
1267 2482 1514 2546 tempore
1562 2490 1723 2532 erro-

76 2579 182 2622 rem
248 2565 325 2619 14
379 2579 643 2622 annorum
730 2567 786 2622 in
851 2566 1239 2625 observatione
1295 2566 1514 2636 paschae
1578 2566 1723 2636 apud

76 2658 299 2711 Scottos
351 2659 622 2723 exortum,
655 2655 933 2712 Honorius
980 2668 1121 2727 papa
1167 2669 1267 2725 per
1313 2655 1602 2725 epistolam
1632 2668 1726 2710 re-

77 2743 296 2816 darguit
322 2764 339 2812 ;
369 2744 529 2800 sedet
544 2744 842 2811 Iohannes,
873 2745 971 2815 qui
992 2745 1300 2801 successori
1322 2746 1444 2815 ejus
1465 2743 1726 2800 Severino

75 2834 371 2902 successit,
433 2833 577 2889 idem
644 2835 928 2905 arguebat.
988 2836 1122 2890 Cum
1179 2834 1324 2889 enim
1362 2833 1543 2889 adhuc
1581 2836 1729 2889 esset

78 2920 286 2978 electus
356 2922 417 2978 in
487 2922 887 2993 pontiﬁcatum,
956 2936 1059 2993 pro
1125 2923 1320 2980 eodem
1376 2923 1579 2993 pascha
1647 2920 1729 2978 eis

74 3012 285 3068 scribit.
337 3012 621 3069 Iohannes
658 3027 880 3084 quoque
927 3018 983 3069 et
1019 3025 1121 3083 pro
1165 3011 1454 3083 Pelagiana
1518 3011 1723 3080 heresi,

76 3115 192 3171 qua:
221 3102 378 3173 apud
412 3116 511 3159 eos
541 3102 919 3168 reviviscebat,
962 3102 1205 3173 scripsit.

138 3191 266 3246 657.
328 3192 426 3247 24.
491 3192 736 3263 [ncnxv]
812 3191 929 3264 (tib.
988 3190 1169 3263 poni.)
1235 3191 1530 3262 [Honorius
1586 3206 1728 3263 papa

73 3281 208 3337 obiit
234 3282 271 3335 4
300 3282 391 3337 Id.
426 3283 719 3350 Octobris;
769 3287 826 3338 et
855 3282 1088 3339 cessavit
1115 3281 1467 3353 episcopatus
1494 3294 1639 3338 anno
1674 3281 1725 3351 1,

76 3372 357 3428 mensibus
390 3371 452 3438 7,
482 3371 682 3428 diebus
716 3371 819 3441 17.]

139 3461 437 3518 Severinus
465 3459 538 3514 70
582 3476 725 3534 papa
754 3475 892 3516 anno
921 3476 1045 3517 uno.
1082 3461 1391 3532 [Severinus
1419 3475 1560 3532 papa
1590 3460 1730 3517 obiit

75 3549 105 3601 4
138 3551 325 3608 Nonas
354 3550 632 3622 Augusti]
670 3550 787 3623 (tib.
813 3550 994 3622 post.)

138 3640 264 3698 658.
296 3641 396 3699 25.
447 3641 712 3712 [ncxxxvr]
754 3643 985 3698 Joannes
1012 3640 1077 3694 71
1112 3655 1253 3713 papa
1303 3654 1438 3696 anno
1474 3639 1525 3707 l,
1564 3655 1732 3695 men-

75 3729 208 3788 sibus
245 3731 332 3786 10.

139 3821 263 3878 659.
325 3822 428 3877 26.
494 3822 779 3893 [ncxxxvu]
865 3821 1053 3894 (1511).)
1129 3820 1289 3877 Judei
1348 3820 1402 3876 in
1470 3818 1731 3891 Hispania

77 3909 364 3969 christiani
440 3911 774 3971 efﬁciuntur.
862 3912 1142 3968 Sisibutus
1206 3910 1373 3978 enim,
1430 3909 1731 3966 Gothorum

79 3998 516 4068 gloriosissimus
581 4016 698 4070 rex,
739 4001 1003 4073 plurimas
1057 4001 1115 4056 in
1161 4000 1422 4071 Hispania
1459 4002 1735 4056 Romanas

80 4091 397 4157 provincias
452 4096 509 4148 et
563 4093 826 4148 Romanis
881 4090 1093 4148 militiai
1141 4089 1309 4147 urbes
1336 4089 1442 4146 sibi
1472 4088 1731 4146 bellando

80 4178 335 4250 subjecit,
358 4186 424 4239 et
440 4180 648 4238 Judeos
674 4181 761 4237 sui
791 4181 948 4252 regni
969 4180 1224 4237 subditos
1244 4179 1312 4235 ad
1342 4179 1503 4236 tidem
1530 4178 1735 4235 Christi

80 4271 379 4326 convertit.

1803 1866 1939 1907 anno
1965 1850 2073 1905 629
2094 1858 2215 1924 post
2242 1855 2557 1925 passionem.

1878 1940 2101 2014 (ΒΕΒΑ.)
2148 1942 2284 1999 Pirrl
2316 1959 2605 2003 successor
2631 1948 2833 2006 Paulus
2868 1964 2980 2007 non
3011 1953 3221 2009 tantum
3250 1968 3451 2012 vesana

1802 2030 2075 2099 doctrina,
2131 2032 2275 2089 sicut
2331 2035 2655 2093 decessores
2696 2040 2834 2108 ejus,
2868 2041 2966 2096 sed
2997 2046 3052 2097 et
3089 2048 3278 2114 aperta
3307 2059 3452 2115 per-—

1802 2121 2091 2176 secutione
2130 2122 2437 2179 catholicos
2482 2126 2730 2195 cruciat;
2799 2130 3190 2198 apocrisiarios
3245 2136 3452 2190 sanctae

1804 2209 2053 2265 ecclesiae
2093 2212 2375 2279 Romanae,
2437 2215 2531 2283 qui
2592 2215 2660 2270 ad
2711 2219 2830 2288 ejus
2858 2221 3261 2278 correctionem
3298 2223 3452 2279 missi

1804 2296 2041 2366 fuerant,
2095 2301 2293 2369 partim
2350 2302 2687 2372 carceribus,
2757 2307 2957 2375 partim
3009 2309 3209 2380 exiliis,
3253 2311 3451 2381 partim

1808 2389 2127 2444 verberibus
2163 2388 2428 2448 afﬁciens.
2478 2393 2585 2448 Sed
2616 2398 2672 2449 et
2708 2393 2880 2451 altare
2937 2410 3127 2454 eorum
3173 2400 3231 2455 in
3279 2398 3445 2456 domo

1804 2477 2061 2534 Piacidiae
2100 2486 2372 2537 sacratum
2428 2481 2484 2537 in
2528 2485 2829 2541 venerabili
2859 2486 3084 2545 oraculo
3118 2489 3447 2546 subvertens

1806 2567 2056 2637 diripuit,
2121 2570 2422 2639 prohibens
2476 2586 2574 2629 eos
2636 2574 2842 2633 ibidem
2906 2577 3103 2634 missas
3138 2579 3442 2637 celebrare.

1808 2657 1963 2714 Unde
1995 2664 2050 2714 et
2077 2659 2216 2729 ipse,
2248 2661 2392 2717 sicut
2421 2677 2772 2732 precessores
2817 2666 2988 2736 illius,
3038 2669 3108 2724 ab
3145 2670 3451 2740 apostolica

1809 2748 1940 2804 sede
1974 2749 2122 2817 justa
2162 2749 2528 2819 depositionis
2565 2751 2777 2809 ultione
2816 2754 3104 2813 damnatus
3131 2762 3235 2813 est.

1881 2840 2230 2894 Romanorum
2304 2839 2373 2893 67
2443 2842 2830 2907 Constantinus,
2895 2843 3038 2914 ﬁlius
3107 2846 3454 2916 Constantini,

1810 2931 2047 2996 regnavit
2099 2929 2255 2982 annis
2305 2926 2395 2996 28,
2446 2944 2608 3001 usque
2644 2932 2701 2986 in
2746 2947 2938 2988 annum
2975 2932 3081 2987 657
3105 2941 3226 3006 post
3247 2938 3459 3008 passio-

1810 3031 1948 3072 nem.

1880 3106 2004 3161 663.
2052 3105 2099 3162 1.
2138 3106 2327 3178 [nam]
2390 3107 2592 3179 (ΒευΑ.)
2644 3109 2745 3165 Hic
2798 3108 2858 3142 ³⁹¹
2899 3110 3166 3183 deceptus
3194 3127 3227 3169 a
3264 3111 3455 3182 Paulo,

1811 3195 1953 3252 sicut
1981 3195 2267 3252 lieracllus
2295 3211 2427 3253 avus
2447 3198 2565 3268 ejus
2585 3212 2617 3253 a
2644 3199 2834 3272 Sergio
2866 3199 3120 3272 predicto
3150 3202 3455 3275 episcopo;

1812 3286 2067 3356 exposuit
2115 3286 2257 3341 enim
2298 3284 2403 3342 iste
2433 3290 2623 3358 typum
2671 3292 2863 3345 contra
2894 3289 3223 3347 catholicam
3252 3291 3455 3362 ﬁdem;

1810 3388 1914 3431 nec
1962 3389 2124 3431 unam
2163 3388 2265 3430 nec
2305 3375 2441 3432 duas
2491 3375 2803 3431 voluntates
2854 3384 2947 3431 aut
3002 3376 3357 3447 operationes
3400 3376 3458 3431 in

1811 3463 2029 3519 Christo
2060 3463 2339 3519 difﬁniens
2396 3478 2517 3519 esse
2575 3462 2900 3532 credendas,
2943 3463 3100 3534 quasi
3150 3463 3287 3520 nihil
3317 3463 3457 3522 velle

1811 3554 1896 3609 vel
1928 3553 2147 3624 operari
2178 3551 2492 3608 credendus
2520 3551 2593 3606 sit
2629 3551 2899 3607 Christus.

1882 3640 2008 3696 666.
2059 3639 2113 3695 4.
2168 3639 2394 3710 [Dcxmv]
2458 3637 2545 3710 (cf.
2606 3636 2642 3692 ι.
2697 3638 2865 3710 poni.)
2937 3638 3261 3698 Theodorus
3318 3656 3460 3713 papa

1814 3730 1953 3787 obiit
1979 3729 2015 3783 2
2050 3728 2179 3785 ldus
2217 3728 2360 3783 Maii.

2088 3818 2232 3889 [Cod.
2264 3819 2319 3873 in
2344 3832 2537 3888 marg.,
2569 3818 2753 3875 Ciclns
2781 3818 2917 3875 solis
2954 3818 3191 3891 incipit.]

1885 3911 2010 3967 667.
2051 3907 2106 3964 5.
2170 3908 2373 3979 [nam]
2426 3909 2688 3964 Martinus
2732 3908 2803 3963 73
2844 3926 2990 3984 papa
3038 3911 3193 3967 annis
3238 3910 3293 3981 6,
3326 3927 3463 3969 men-

1814 4000 1957 4057 sibus
1987 3999 2041 4055 2.

1887 4090 2013 4148 668.
2056 4089 2109 4146 6.
2148 4088 2374 4161 [ncxm'i]
2414 4089 2545 4161 [cod.
2598 4089 2672 4144 in.
2706 4104 2898 4160 marg.,
2930 4089 3114 4149 Ciclns
3149 4089 3185 4144 7
3215 4092 3455 4153 decenn.

1818 4182 2015 4251 incipit
2040 4180 2234 4236 indict.
2277 4178 2351 4249 4.]

1888 4270 2014 4326 669.
2063 4270 2119 4326 7.
2174 4268 2425 4341 [ncxu'n]
2478 4269 2680 4339 (ΒΕΒΑ.)
2728 4269 2992 4324 Martinus
3036 4269 3101 4301 3”
3147 4286 3278 4327 vero
3326 4286 3467 4342 papa

146 4358 280 4415 660.
330 4360 431 4414 27.
493 4360 800 4431 [ncmvui]
866 4360 986 4433 (lib.
1045 4360 1216 4430 pont.)
1279 4361 1533 4431 [Joannes
1597 4374 1803 4467 papaﬁ
1822 4366 2052 4437 propter
2088 4359 2393 4430 predictam
2440 4358 2680 4415 heresim
2721 4359 3293 4467 congregavithomas
3322 4360 3470 4417 sino-

83 4448 223 4504 obiit
262 4449 299 4500 4
355 4449 487 4505 Idus
540 4450 834 4521 Octobris.]
909 4450 1063 4522 (P.D.
1132 4466 1209 4514 1v,
1266 4449 1382 4520 51.)
1455 4446 1951 4507 Heraclius"dum
1995 4448 2097 4503 105
2136 4448 2569 4520 episcoporum;
2610 4447 2665 4503 in
2700 4461 2808 4517 qua
2837 4447 3042 4504 sinodo
3066 4446 3341 4505 damnavit
3365 4450 3468 4506 sub

82 4538 626 4611 Constantinopolim
654 4540 815 4597 obiit.
1821 4539 2168 4596 anathemate
2225 4536 2464 4603 Circum,
2513 4536 2781 4607 Sergium,
2823 4536 3037 4593 Pirrum
3097 4542 3152 4592 et
3216 4537 3464 4606 Paulum,

148 4630 517 4686 Romanorum
579 4629 651 4684 65
723 4629 1072 4699 Heraclonas,
1143 4628 1281 4701 filius
1344 4627 1581 4695 Heracli,
1627 4645 1740 4685 eum
1823 4629 2102 4686 hereticos
2139 4625 2399 4698 praefatos
2427 4627 2737 4697 episcopos.
2772 4627 2934 4682 Facta
2964 4632 3049 4683 est
3085 4631 3265 4683 autem
3304 4640 3469 4699 syno-

86 4719 324 4775 Martina
374 4720 616 4789 regnauit
668 4720 820 4775 annis
864 4719 920 4788 2,
969 4733 1131 4791 usque
1175 4719 1232 4774 in
1270 4732 1463 4773 annum
1489 4716 1598 4772 629
1619 4722 1741 4790 post
1824 4720 1927 4776 dus
1987 4716 2211 4789 praefata
2282 4730 2425 4772 anno
2481 4716 2699 4785 imperii
2773 4716 3117 4773 Constantini
3172 4715 3233 4768 9°
3281 4731 3468 4775 mense

84 4808 413 4875 passionem.
1824 4808 2108 4874 Octobrio,
2149 4806 2455 4862 indictione
2520 4805 2575 4860 7.
2623 4805 2719 4874 (cf.
2780 4805 2815 4861 ι.
2880 4806 3056 4878 poni.)
3083 4807 3151 4862 Et
3196 4812 3323 4878 post
3350 4808 3472 4864 haec

150 4898 282 4955 661.
350 4900 407 4956 1.
471 4899 737 4970 [DCXXXIX]
821 4899 1041 4972 (ΒευΑ.)
1108 4898 1408 4956 Theodorus
1467 4898 1540 4953 72
1600 4914 1746 4972 papa
1826 4899 2026 4954 missus
2087 4897 2155 4952 ab
2222 4896 2554 4965 imperatore
2611 4894 2935 4952 Theodorus
3000 4896 3289 4964 exarchus,
3349 4897 3476 4953 tulit

89 4989 237 5043 annis
282 4989 342 5057 6,
396 4989 659 5046 mensibus
706 4989 762 5045 6.
814 4991 987 5061 Cyrus
1030 4988 1399 5057 Alexandriae,
1439 4988 1663 5059 Sergius
1692 4992 1746 5044 et
1828 4988 2117 5044 Martinum
2172 5000 2367 5057 papam
2423 4986 2492 5041 de
2549 4984 2767 5041 aeclesia
2831 4984 3302 5054 Constantiniana,
3354 5000 3480 5056 per-

88 5076 273 5136 Pirrus
334 5079 513 5150 regia:
563 5079 719 5136 urbis
777 5078 1045 5150 episcopi,
1114 5077 1450 5135 acefalorum
1508 5078 1747 5135 heresim
1830 5079 2099 5148 duxitque
2148 5091 2271 5133 eum
2311 5074 2870 5147 Constantinopolim,
2922 5081 2977 5131 et
3034 5075 3163 5132 inde
3221 5076 3484 5148 religatus

89 5165 494 5237 instaurantes,
544 5182 707 5225 unam
756 5169 1137 5241 operationem
1183 5167 1239 5223 in
1286 5167 1505 5224 Christo
1544 5168 1748 5224 divini-
1829 5170 2129 5224 Cersonam
2188 5165 2354 5222 Licia:
2403 5165 2724 5235 provinciae,
2778 5165 3095 5235 ibidemque
3123 5165 3159 5218 4
3187 5166 3315 5222 Idus
3368 5167 3488 5222 No-

87 5258 216 5315 tatis
244 5265 303 5317 et
333 5258 722 5329 humanitatis,
776 5272 938 5316 unam
989 5256 1328 5315 voluntatem
1358 5256 1748 5330 dogmatizant.
1828 5257 2074 5314 vembris
2103 5255 2283 5325 obiit;
2315 5260 2371 5311 et
2400 5254 2588 5311 multis
2624 5255 2886 5312 virtutum
2916 5254 3090 5326 signis
3117 5254 3375 5327 refulget.

1462 5414 1685 5471 VABLE
1738 5413 2124 5472 LECTlONES.

155 5542 221 5576 ³⁵⁸
251 5544 374 5599 haec
407 5557 464 5598 α.
502 5540 789 5599 649—653
815 5542 1014 5613 scripta
1040 5542 1182 5596 sunt.
1287 5537 1349 5571 ³⁹⁰
1388 5539 1498 5596 hac
1525 5554 1580 5596 α.
1611 5539 1897 5595 654-659
1924 5542 2140 5611 scripta.
2237 5538 2296 5574 ³⁹¹
2337 5538 2447 5596 Ιιιεο
2468 5554 2526 5595 a.
2554 5535 2843 5594 663—665
2870 5537 3069 5610 scripta
3096 5543 3234 5597 sunt.
3330 5537 3393 5573 ³⁹²
3421 5555 3476 5599 a.

88 5614 390 5671 669—672
420 5618 635 5687 scripta.
