  <div class='ocr_page' id='page_1' title='image "/cluster/home/n/w/nwhite01/storage/ocr_20150623/147/hvd.32044073505281/381.png"; bbox 0 0 4000 6158; ppageno 0'>
   <div class='ocr_carea' id='block_1_1' title="bbox 526 239 620 294">
    <p class='ocr_par' dir='ltr' id='par_1_1' title="bbox 526 239 620 294">
     <span class='ocr_line' id='line_1_1' title="bbox 526 239 620 294; baseline 0.032 -3"><span class='ocrx_word' id='word_1_1' title='bbox 526 239 620 294; x_wconf 76' lang='grc'>751</span> 
     </span>
    </p>
   </div>
   <div class='ocr_carea' id='block_1_2' title="bbox 1939 217 2183 280">
    <p class='ocr_par' dir='ltr' id='par_1_2' title="bbox 1939 224 2183 280">
     <span class='ocr_line' id='line_1_2' title="bbox 1939 224 2183 280; baseline -0.008 0"><span class='ocrx_word' id='word_1_2' title='bbox 1939 224 2183 280; x_wconf 74' lang='grc' dir='ltr'>ΜΑΒΙΑΝ</span> 
     </span>
    </p>
   </div>
   <div class='ocr_carea' id='block_1_3' title="bbox 2274 217 3898 280">
    <p class='ocr_par' dir='ltr' id='par_1_3' title="bbox 2274 217 3898 278">
     <span class='ocr_line' id='line_1_3' title="bbox 2274 217 3898 278; baseline -0.004 -2"><span class='ocrx_word' id='word_1_3' title='bbox 2274 224 2476 278; x_wconf 72' lang='lat' dir='ltr'>iCOTTl</span> <span class='ocrx_word' id='word_1_4' title='bbox 3791 217 3898 271; x_wconf 72' lang='lat'>7.32</span> 
     </span>
    </p>
   </div>
   <div class='ocr_carea' id='block_1_4' title="bbox 592 344 3894 426">
    <p class='ocr_par' dir='ltr' id='par_1_4' title="bbox 592 344 3894 426">
     <span class='ocr_line' id='line_1_4' title="bbox 592 344 3894 426; baseline -0.006 -10"><span class='ocrx_word' id='word_1_5' title='bbox 592 362 720 416; x_wconf 86' lang='lat'>673.</span> <span class='ocrx_word' id='word_1_6' title='bbox 767 358 849 414; x_wconf 90' lang='lat' dir='ltr'>ll.</span> <span class='ocrx_word' id='word_1_7' title='bbox 895 357 1051 426; x_wconf 69' lang='grc' dir='ltr'>[θυιιῖ</span> <span class='ocrx_word' id='word_1_8' title='bbox 1098 355 1357 425; x_wconf 73' lang='lat' dir='ltr'>Eugenius</span> <span class='ocrx_word' id='word_1_9' title='bbox 1388 353 1457 405; x_wconf 72' lang='grc'><strong>74</strong></span> <span class='ocrx_word' id='word_1_10' title='bbox 1500 368 1641 424; x_wconf 78' lang='lat' dir='ltr'>pupa</span> <span class='ocrx_word' id='word_1_11' title='bbox 1686 351 1836 406; x_wconf 73' lang='lat' dir='ltr'>(mnis</span> <span class='ocrx_word' id='word_1_12' title='bbox 1866 350 2229 417; x_wconf 73' lang='lat' dir='ltr'>2,1nensi-A</span> <span class='ocrx_word' id='word_1_13' title='bbox 2317 347 2442 403; x_wconf 88' lang='lat'>697.</span> <span class='ocrx_word' id='word_1_14' title='bbox 2501 347 2556 402; x_wconf 89' lang='lat'>7.</span> <span class='ocrx_word' id='word_1_15' title='bbox 2630 346 2869 416; x_wconf 73' lang='lat' dir='ltr'>[uctxxv]</span> <span class='ocrx_word' id='word_1_16' title='bbox 2924 345 3130 415; x_wconf 80' lang='lat' dir='ltr'>Agatho</span> <span class='ocrx_word' id='word_1_17' title='bbox 3184 359 3327 416; x_wconf 78' lang='lat' dir='ltr'>papa</span> <span class='ocrx_word' id='word_1_18' title='bbox 3382 344 3452 396; x_wconf 90' lang='lat'>78</span> <span class='ocrx_word' id='word_1_19' title='bbox 3504 348 3624 415; x_wconf 83' lang='lat' dir='ltr'>post</span> <span class='ocrx_word' id='word_1_20' title='bbox 3683 344 3894 398; x_wconf 64' lang='lat' dir='ltr'>Petrum</span> 
     </span>
    </p>
   </div>
   <div class='ocr_carea' id='block_1_5' title="bbox 524 450 736 507">
    <p class='ocr_par' dir='ltr' id='par_1_5' title="bbox 524 450 736 507">
     <span class='ocr_line' id='line_1_5' title="bbox 524 450 736 507; baseline -0.019 0"><span class='ocrx_word' id='word_1_21' title='bbox 524 454 618 507; x_wconf 82' lang='lat' dir='ltr'>bus</span> <span class='ocrx_word' id='word_1_22' title='bbox 653 450 736 504; x_wconf 92' lang='lat'>10.</span> 
     </span>
    </p>
   </div>
   <div class='ocr_carea' id='block_1_6' title="bbox 596 523 2167 607">
    <p class='ocr_par' dir='ltr' id='par_1_6' title="bbox 596 523 2167 607">
     <span class='ocr_line' id='line_1_6' title="bbox 596 523 2167 607; baseline -0.01 -13"><span class='ocrx_word' id='word_1_23' title='bbox 596 539 722 595; x_wconf 55' lang='lat'>67.1.</span> <span class='ocrx_word' id='word_1_24' title='bbox 762 538 845 593; x_wconf 85' lang='lat' dir='ltr'>l2.</span> <span class='ocrx_word' id='word_1_25' title='bbox 885 536 1062 607; x_wconf 48' lang='lat' dir='ltr'>iocur]</span> <span class='ocrx_word' id='word_1_26' title='bbox 1106 533 1198 599; x_wconf 88' lang='lat' dir='ltr'>(cf.</span> <span class='ocrx_word' id='word_1_27' title='bbox 1241 531 1279 587; x_wconf 80' lang='grc' dir='ltr'>ι.</span> <span class='ocrx_word' id='word_1_28' title='bbox 1311 531 1473 602; x_wconf 72' lang='lat' dir='ltr'>poni.)</span> <span class='ocrx_word' id='word_1_29' title='bbox 1524 527 1800 600; x_wconf 85' lang='lat' dir='ltr'>Eugenius</span> <span class='ocrx_word' id='word_1_30' title='bbox 1840 540 1980 596; x_wconf 88' lang='lat' dir='ltr'>papa</span> <span class='ocrx_word' id='word_1_31' title='bbox 2027 523 2167 581; x_wconf 91' lang='lat' dir='ltr'>obiit</span> 
     </span>
    </p>
   </div>
   <div class='ocr_carea' id='block_1_7' title="bbox 526 623 1040 685">
    <p class='ocr_par' dir='ltr' id='par_1_7' title="bbox 526 623 1040 685">
     <span class='ocr_line' id='line_1_7' title="bbox 526 623 1040 685; baseline -0.016 0"><span class='ocrx_word' id='word_1_32' title='bbox 526 630 562 684; x_wconf 86' lang='lat'><strong>4</strong></span> <span class='ocrx_word' id='word_1_33' title='bbox 588 627 761 685; x_wconf 77' lang='lat' dir='ltr'>Nonis</span> <span class='ocrx_word' id='word_1_34' title='bbox 797 623 1040 681; x_wconf 84' lang='lat' dir='ltr'>Ianuari.</span> 
     </span>
    </p>
   </div>
   <div class='ocr_carea' id='block_1_8' title="bbox 599 704 2171 783">
    <p class='ocr_par' dir='ltr' id='par_1_8' title="bbox 599 704 2171 783">
     <span class='ocr_line' id='line_1_8' title="bbox 599 704 2171 783; baseline -0.009 -11"><span class='ocrx_word' id='word_1_35' title='bbox 599 717 724 773; x_wconf 88' lang='lat'>675.</span> <span class='ocrx_word' id='word_1_36' title='bbox 764 715 847 769; x_wconf 90' lang='lat' dir='ltr'>l3.</span> <span class='ocrx_word' id='word_1_37' title='bbox 885 710 1080 783; x_wconf 64' lang='lat' dir='ltr'>[noun]</span> <span class='ocrx_word' id='word_1_38' title='bbox 1131 708 1416 773; x_wconf 70' lang='lat' dir='ltr'>Vitalianus</span> <span class='ocrx_word' id='word_1_39' title='bbox 1444 708 1516 761; x_wconf 89' lang='lat'>75</span> <span class='ocrx_word' id='word_1_40' title='bbox 1551 721 1693 778; x_wconf 82' lang='lat' dir='ltr'>papa</span> <span class='ocrx_word' id='word_1_41' title='bbox 1723 705 1874 762; x_wconf 82' lang='lat' dir='ltr'>annis</span> <span class='ocrx_word' id='word_1_42' title='bbox 1910 704 1992 772; x_wconf 84' lang='lat' dir='ltr'>l4,</span> <span class='ocrx_word' id='word_1_43' title='bbox 2033 718 2171 759; x_wconf 84' lang='lat' dir='ltr'>men-</span> 
     </span>
    </p>
   </div>
   <div class='ocr_carea' id='block_1_9' title="bbox 526 789 2077 863">
    <p class='ocr_par' dir='ltr' id='par_1_9' title="bbox 526 789 2077 863">
     <span class='ocr_line' id='line_1_9' title="bbox 526 789 2077 863; baseline -0.019 0"><span class='ocrx_word' id='word_1_44' title='bbox 526 807 669 863; x_wconf 81' lang='lat' dir='ltr'>sibus</span> <span class='ocrx_word' id='word_1_45' title='bbox 707 806 760 859; x_wconf 89' lang='lat'><strong>6.</strong></span> <span class='ocrx_word' id='word_1_46' title='bbox 2074 789 2077 791; x_wconf 78' lang='lat'><em>‘</em></span> 
     </span>
    </p>
   </div>
   <div class='ocr_carea' id='block_1_10' title="bbox 632 882 2168 960">
    <p class='ocr_par' dir='ltr' id='par_1_10' title="bbox 632 882 2168 960">
     <span class='ocr_line' id='line_1_10' title="bbox 632 882 2168 960; baseline -0.007 -14"><span class='ocrx_word' id='word_1_47' title='bbox 632 895 721 949; x_wconf 85' lang='lat'>76.</span> <span class='ocrx_word' id='word_1_48' title='bbox 787 891 869 946; x_wconf 88' lang='lat' dir='ltr'>l4.</span> <span class='ocrx_word' id='word_1_49' title='bbox 926 888 1117 960; x_wconf 86' lang='lat' dir='ltr'>[ncuv]</span> <span class='ocrx_word' id='word_1_50' title='bbox 1172 886 1382 956; x_wconf 58' lang='lat' dir='ltr'>(BEDA.}</span> <span class='ocrx_word' id='word_1_51' title='bbox 1429 883 1822 941; x_wconf 75' lang='lat' dir='ltr'>Constantinus</span> <span class='ocrx_word' id='word_1_52' title='bbox 1888 882 2168 952; x_wconf 85' lang='lat' dir='ltr'>princeps,</span> 
     </span>
    </p>
   </div>
   <div class='ocr_carea' id='block_1_11' title="bbox 531 972 2171 1049">
    <p class='ocr_par' dir='ltr' id='par_1_11' title="bbox 531 972 2171 1049">
     <span class='ocr_line' id='line_1_11' title="bbox 531 972 2171 1049; baseline -0.008 -11"><span class='ocrx_word' id='word_1_53' title='bbox 531 982 797 1038; x_wconf 79' lang='lat' dir='ltr'>\‘italiano</span> <span class='ocrx_word' id='word_1_54' title='bbox 851 992 991 1049; x_wconf 87' lang='lat' dir='ltr'>papa</span> <span class='ocrx_word' id='word_1_55' title='bbox 1043 990 1221 1047; x_wconf 80' lang='lat' dir='ltr'>nuper</span> <span class='ocrx_word' id='word_1_56' title='bbox 1285 975 1562 1041; x_wconf 89' lang='lat' dir='ltr'>ordinato,</span> <span class='ocrx_word' id='word_1_57' title='bbox 1622 973 1771 1028; x_wconf 92' lang='lat' dir='ltr'>misit</span> <span class='ocrx_word' id='word_1_58' title='bbox 1817 972 1978 1027; x_wconf 87' lang='lat' dir='ltr'>beato</span> <span class='ocrx_word' id='word_1_59' title='bbox 2008 972 2171 1025; x_wconf 91' lang='lat' dir='ltr'>Petro</span> 
     </span>
    </p>
   </div>
   <div class='ocr_carea' id='block_1_12' title="bbox 526 1059 2174 1146">
    <p class='ocr_par' dir='ltr' id='par_1_12' title="bbox 526 1059 2174 1146">
     <span class='ocr_line' id='line_1_12' title="bbox 526 1059 2174 1146; baseline -0.011 -15"><span class='ocrx_word' id='word_1_60' title='bbox 526 1071 780 1146; x_wconf 81' lang='lat' dir='ltr'>apostolo</span> <span class='ocrx_word' id='word_1_61' title='bbox 821 1065 1102 1137; x_wconf 88' lang='lat' dir='ltr'>evangelia</span> <span class='ocrx_word' id='word_1_62' title='bbox 1132 1078 1317 1131; x_wconf 90' lang='lat' dir='ltr'>aurea,</span> <span class='ocrx_word' id='word_1_63' title='bbox 1349 1062 1578 1134; x_wconf 86' lang='lat' dir='ltr'>gemmis</span> <span class='ocrx_word' id='word_1_64' title='bbox 1604 1060 1747 1116; x_wconf 84' lang='lat' dir='ltr'>albis</span> <span class='ocrx_word' id='word_1_65' title='bbox 1784 1060 1937 1115; x_wconf 64' lang='lat' dir='ltr'>mira:</span> <span class='ocrx_word' id='word_1_66' title='bbox 1968 1059 2174 1130; x_wconf 85' lang='lat' dir='ltr'>magni-</span> 
     </span>
    </p>
   </div>
   <div class='ocr_carea' id='block_1_13' title="bbox 529 1156 1333 1219">
    <p class='ocr_par' dir='ltr' id='par_1_13' title="bbox 529 1156 1333 1219">
     <span class='ocr_line' id='line_1_13' title="bbox 529 1156 1333 1219; baseline -0.015 0"><span class='ocrx_word' id='word_1_67' title='bbox 529 1162 738 1219; x_wconf 75' lang='lat' dir='ltr'>tudinis</span> <span class='ocrx_word' id='word_1_68' title='bbox 768 1159 823 1214; x_wconf 90' lang='lat' dir='ltr'>in</span> <span class='ocrx_word' id='word_1_69' title='bbox 854 1156 1090 1213; x_wconf 78' lang='lat' dir='ltr'>circuitu</span> <span class='ocrx_word' id='word_1_70' title='bbox 1119 1161 1333 1210; x_wconf 86' lang='lat' dir='ltr'>ornata.</span> 
     </span>
    </p>
   </div>
   <div class='ocr_carea' id='block_1_14' title="bbox 598 1238 2174 1316">
    <p class='ocr_par' dir='ltr' id='par_1_14' title="bbox 598 1238 2174 1316">
     <span class='ocr_line' id='line_1_14' title="bbox 598 1238 2174 1316; baseline -0.006 -13"><span class='ocrx_word' id='word_1_71' title='bbox 598 1249 726 1303; x_wconf 85' lang='lat'>682.</span> <span class='ocrx_word' id='word_1_72' title='bbox 775 1246 866 1301; x_wconf 93' lang='lat'>20.</span> <span class='ocrx_word' id='word_1_73' title='bbox 903 1244 1072 1316; x_wconf 81' lang='lat' dir='ltr'>[DCLx]</span> <span class='ocrx_word' id='word_1_74' title='bbox 1117 1241 1336 1312; x_wconf 75' lang='lat' dir='ltr'>(Br-2m.)</span> <span class='ocrx_word' id='word_1_75' title='bbox 1386 1242 1507 1310; x_wconf 89' lang='lat' dir='ltr'>Ipse</span> <span class='ocrx_word' id='word_1_76' title='bbox 1547 1238 1610 1270; x_wconf 70' lang='grc'>³⁸³</span> <span class='ocrx_word' id='word_1_77' title='bbox 1640 1252 1769 1295; x_wconf 77' lang='lat' dir='ltr'>vero</span> <span class='ocrx_word' id='word_1_78' title='bbox 1800 1244 1927 1308; x_wconf 88' lang='lat' dir='ltr'>post</span> <span class='ocrx_word' id='word_1_79' title='bbox 1962 1238 2174 1308; x_wconf 78' lang='lat' dir='ltr'>aliquot</span> 
     </span>
    </p>
   </div>
   <div class='ocr_carea' id='block_1_15' title="bbox 527 1325 2169 1400">
    <p class='ocr_par' dir='ltr' id='par_1_15' title="bbox 527 1325 2169 1400">
     <span class='ocr_line' id='line_1_15' title="bbox 527 1325 2169 1400; baseline -0.01 -5"><span class='ocrx_word' id='word_1_80' title='bbox 527 1339 593 1371; x_wconf 66' lang='grc'>³³⁵</span> <span class='ocrx_word' id='word_1_81' title='bbox 622 1350 798 1394; x_wconf 90' lang='lat' dir='ltr'>annos</span> <span class='ocrx_word' id='word_1_82' title='bbox 826 1335 977 1391; x_wconf 84' lang='lat' dir='ltr'>venit</span> <span class='ocrx_word' id='word_1_83' title='bbox 1025 1334 1270 1387; x_wconf 85' lang='lat' dir='ltr'><strong>Romam.</strong></span> <span class='ocrx_word' id='word_1_84' title='bbox 1310 1329 1360 1400; x_wconf 76' lang='lat'>{5</span> <span class='ocrx_word' id='word_1_85' title='bbox 1391 1328 1479 1385; x_wconf 90' lang='lat' dir='ltr'>die</span> <span class='ocrx_word' id='word_1_86' title='bbox 1511 1328 1715 1384; x_wconf 83' lang='lat' dir='ltr'>mensis</span> <span class='ocrx_word' id='word_1_87' title='bbox 1761 1326 1891 1394; x_wconf 88' lang='lat' dir='ltr'>Iuli,</span> <span class='ocrx_word' id='word_1_88' title='bbox 1940 1325 2076 1382; x_wconf 76' lang='lat' dir='ltr'>feria</span> <span class='ocrx_word' id='word_1_89' title='bbox 2113 1327 2169 1392; x_wconf 68' lang='grc' dir='ltr'>ιι,</span> 
     </span>
    </p>
   </div>
   <div class='ocr_carea' id='block_1_16' title="bbox 529 1425 1589 1494">
    <p class='ocr_par' dir='ltr' id='par_1_16' title="bbox 529 1425 1589 1494">
     <span class='ocr_line' id='line_1_16' title="bbox 529 1425 1589 1494; baseline -0.016 -9"><span class='ocrx_word' id='word_1_90' title='bbox 529 1428 725 1485; x_wconf 88' lang='lat' dir='ltr'>indict.</span> <span class='ocrx_word' id='word_1_91' title='bbox 757 1425 806 1494; x_wconf 81' lang='lat'>6]</span> <span class='ocrx_word' id='word_1_92' title='bbox 819 1467 831 1480; x_wconf 97' lang='lat'>.</span> <span class='ocrx_word' id='word_1_93' title='bbox 1581 1427 1589 1432; x_wconf 83' lang='lat'>&#39;</span> 
     </span>
    </p>
   </div>
   <div class='ocr_carea' id='block_1_17' title="bbox 598 1504 2174 1583">
    <p class='ocr_par' dir='ltr' id='par_1_17' title="bbox 598 1504 2174 1583">
     <span class='ocr_line' id='line_1_17' title="bbox 598 1504 2174 1583; baseline -0.007 -14"><span class='ocrx_word' id='word_1_94' title='bbox 598 1515 726 1571; x_wconf 88' lang='lat'>683.</span> <span class='ocrx_word' id='word_1_95' title='bbox 754 1513 843 1567; x_wconf 88' lang='lat'>21.</span> <span class='ocrx_word' id='word_1_96' title='bbox 882 1510 1071 1583; x_wconf 74' lang='lat' dir='ltr'>[DCLXI]</span> <span class='ocrx_word' id='word_1_97' title='bbox 1101 1512 1251 1565; x_wconf 88' lang='lat' dir='ltr'>Tunc</span> <span class='ocrx_word' id='word_1_98' title='bbox 1279 1506 1344 1538; x_wconf 69' lang='grc'>³³³</span> <span class='ocrx_word' id='word_1_99' title='bbox 1374 1507 1575 1563; x_wconf 91' lang='lat' dir='ltr'>obtulit</span> <span class='ocrx_word' id='word_1_100' title='bbox 1610 1505 1906 1577; x_wconf 72' lang='lat' dir='ltr'>[dominico</span> <span class='ocrx_word' id='word_1_101' title='bbox 1936 1504 2042 1575; x_wconf 85' lang='lat' dir='ltr'>die]</span> <span class='ocrx_word' id='word_1_102' title='bbox 2074 1519 2174 1559; x_wconf 93' lang='lat' dir='ltr'>su-</span> 
     </span>
    </p>
   </div>
   <div class='ocr_carea' id='block_1_18' title="bbox 531 1593 1894 1676">
    <p class='ocr_par' dir='ltr' id='par_1_18' title="bbox 531 1593 1894 1676">
     <span class='ocr_line' id='line_1_18' title="bbox 531 1593 1894 1676; baseline -0.009 -15"><span class='ocrx_word' id='word_1_103' title='bbox 531 1620 629 1676; x_wconf 91' lang='lat' dir='ltr'>per</span> <span class='ocrx_word' id='word_1_104' title='bbox 665 1603 838 1659; x_wconf 85' lang='lat' dir='ltr'>altare</span> <span class='ocrx_word' id='word_1_105' title='bbox 867 1599 1043 1656; x_wconf 89' lang='lat' dir='ltr'>sancti</span> <span class='ocrx_word' id='word_1_106' title='bbox 1082 1598 1229 1654; x_wconf 89' lang='lat' dir='ltr'>Petri</span> <span class='ocrx_word' id='word_1_107' title='bbox 1268 1596 1491 1666; x_wconf 88' lang='lat' dir='ltr'>pallium</span> <span class='ocrx_word' id='word_1_108' title='bbox 1521 1610 1655 1650; x_wconf 88' lang='lat' dir='ltr'>auro</span> <span class='ocrx_word' id='word_1_109' title='bbox 1685 1593 1894 1650; x_wconf 84' lang='lat' dir='ltr'>textile.</span> 
     </span>
    </p>
   </div>
   <div class='ocr_carea' id='block_1_19' title="bbox 2250 435 2836 504">
    <p class='ocr_par' dir='ltr' id='par_1_19' title="bbox 2250 435 2836 504">
     <span class='ocr_line' id='line_1_19' title="bbox 2250 435 2836 504; baseline -0.003 -12"><span class='ocrx_word' id='word_1_110' title='bbox 2250 441 2401 494; x_wconf 79' lang='lat' dir='ltr'>annis</span> <span class='ocrx_word' id='word_1_111' title='bbox 2419 435 2475 504; x_wconf 87' lang='lat'>2,</span> <span class='ocrx_word' id='word_1_112' title='bbox 2508 435 2766 492; x_wconf 82' lang='lat' dir='ltr'>mensibus</span> <span class='ocrx_word' id='word_1_113' title='bbox 2782 435 2836 490; x_wconf 90' lang='lat'>7.</span> 
     </span>
    </p>
   </div>
   <div class='ocr_carea' id='block_1_20' title="bbox 2320 523 3894 596">
    <p class='ocr_par' dir='ltr' id='par_1_20' title="bbox 2320 523 3894 596">
     <span class='ocr_line' id='line_1_20' title="bbox 2320 523 3894 596; baseline -0.004 -14"><span class='ocrx_word' id='word_1_114' title='bbox 2320 527 2445 583; x_wconf 88' lang='lat'>698.</span> <span class='ocrx_word' id='word_1_115' title='bbox 2494 527 2548 582; x_wconf 93' lang='lat'>8.</span> <span class='ocrx_word' id='word_1_116' title='bbox 2603 525 2865 596; x_wconf 63' lang='lat' dir='ltr'>[nemxxvr]</span> <span class='ocrx_word' id='word_1_117' title='bbox 2927 523 3137 595; x_wconf 84' lang='lat' dir='ltr'>(BEDA.)</span> <span class='ocrx_word' id='word_1_118' title='bbox 3194 523 3405 595; x_wconf 85' lang='lat' dir='ltr'><strong>Agatho</strong></span> <span class='ocrx_word' id='word_1_119' title='bbox 3455 536 3618 593; x_wconf 85' lang='lat' dir='ltr'>papa,</span> <span class='ocrx_word' id='word_1_120' title='bbox 3681 535 3751 576; x_wconf 81' lang='lat' dir='ltr'>ex</span> <span class='ocrx_word' id='word_1_121' title='bbox 3810 536 3894 576; x_wconf 85' lang='lat' dir='ltr'>ro-</span> 
     </span>
    </p>
   </div>
   <div class='ocr_carea' id='block_1_21' title="bbox 2249 610 3892 687">
    <p class='ocr_par' dir='ltr' id='par_1_21' title="bbox 2249 610 3892 687">
     <span class='ocr_line' id='line_1_21' title="bbox 2249 610 3892 687; baseline -0.005 -15"><span class='ocrx_word' id='word_1_122' title='bbox 2249 622 2378 687; x_wconf 82' lang='lat' dir='ltr'>gatu</span> <span class='ocrx_word' id='word_1_123' title='bbox 2441 614 2807 681; x_wconf 87' lang='lat' dir='ltr'>Constantini,</span> <span class='ocrx_word' id='word_1_124' title='bbox 2893 612 3109 668; x_wconf 87' lang='lat' dir='ltr'>lleracli</span> <span class='ocrx_word' id='word_1_125' title='bbox 3193 618 3249 667; x_wconf 91' lang='lat' dir='ltr'>et</span> <span class='ocrx_word' id='word_1_126' title='bbox 3307 611 3511 667; x_wconf 83' lang='lat' dir='ltr'>Tiberii</span> <span class='ocrx_word' id='word_1_127' title='bbox 3580 610 3892 681; x_wconf 84' lang='lat' dir='ltr'>principum</span> 
     </span>
    </p>
   </div>
   <div class='ocr_carea' id='block_1_22' title="bbox 2252 700 3891 777">
    <p class='ocr_par' dir='ltr' id='par_1_22' title="bbox 2252 700 3891 777">
     <span class='ocr_line' id='line_1_22' title="bbox 2252 700 3891 777; baseline -0.005 -16"><span class='ocrx_word' id='word_1_128' title='bbox 2252 706 2614 777; x_wconf 88' lang='lat' dir='ltr'>piisimorum,</span> <span class='ocrx_word' id='word_1_129' title='bbox 2647 704 2795 759; x_wconf 90' lang='lat' dir='ltr'>misit</span> <span class='ocrx_word' id='word_1_130' title='bbox 2842 703 2898 758; x_wconf 92' lang='lat' dir='ltr'>in</span> <span class='ocrx_word' id='word_1_131' title='bbox 2950 703 3150 773; x_wconf 83' lang='lat' dir='ltr'><strong>regiam</strong></span> <span class='ocrx_word' id='word_1_132' title='bbox 3224 702 3415 757; x_wconf 91' lang='lat' dir='ltr'>urbem</span> <span class='ocrx_word' id='word_1_133' title='bbox 3473 700 3692 770; x_wconf 83' lang='lat' dir='ltr'>legatos</span> <span class='ocrx_word' id='word_1_134' title='bbox 3744 714 3891 765; x_wconf 87' lang='lat' dir='ltr'>suos,</span> 
     </span>
    </p>
   </div>
   <div class='ocr_carea' id='block_1_23' title="bbox 2252 788 3891 865">
    <p class='ocr_par' dir='ltr' id='par_1_23' title="bbox 2252 788 3891 865">
     <span class='ocr_line' id='line_1_23' title="bbox 2252 788 3891 865; baseline -0.005 -14"><span class='ocrx_word' id='word_1_135' title='bbox 2252 796 2307 850; x_wconf 92' lang='lat' dir='ltr'>in</span> <span class='ocrx_word' id='word_1_136' title='bbox 2355 795 2556 865; x_wconf 90' lang='lat' dir='ltr'>quibus</span> <span class='ocrx_word' id='word_1_137' title='bbox 2602 799 2720 849; x_wconf 88' lang='lat' dir='ltr'>erat</span> <span class='ocrx_word' id='word_1_138' title='bbox 2776 792 3075 858; x_wconf 90' lang='lat' dir='ltr'>Iohannes,</span> <span class='ocrx_word' id='word_1_139' title='bbox 3143 793 3403 846; x_wconf 61' lang='lat' dir='ltr'>Romanae</span> <span class='ocrx_word' id='word_1_140' title='bbox 3468 788 3710 844; x_wconf 67' lang='lat' dir='ltr'>aaclesiae</span> <span class='ocrx_word' id='word_1_141' title='bbox 3765 794 3891 843; x_wconf 86' lang='lat' dir='ltr'>tunc</span> 
     </span>
    </p>
   </div>
   <div class='ocr_carea' id='block_1_24' title="bbox 2253 877 3894 952">
    <p class='ocr_par' dir='ltr' id='par_1_24' title="bbox 2253 877 3894 952">
     <span class='ocr_line' id='line_1_24' title="bbox 2253 877 3894 952; baseline -0.006 -12"><span class='ocrx_word' id='word_1_142' title='bbox 2253 885 2538 951; x_wconf 87' lang='lat' dir='ltr'>diaconus,</span> <span class='ocrx_word' id='word_1_143' title='bbox 2571 896 2681 938; x_wconf 93' lang='lat' dir='ltr'>non</span> <span class='ocrx_word' id='word_1_144' title='bbox 2710 881 2874 952; x_wconf 91' lang='lat' dir='ltr'>longe</span> <span class='ocrx_word' id='word_1_145' title='bbox 2902 888 3030 950; x_wconf 91' lang='lat' dir='ltr'>post</span> <span class='ocrx_word' id='word_1_146' title='bbox 3067 880 3381 950; x_wconf 88' lang='lat' dir='ltr'>episcopus,</span> <span class='ocrx_word' id='word_1_147' title='bbox 3430 891 3533 948; x_wconf 89' lang='lat' dir='ltr'>pro</span> <span class='ocrx_word' id='word_1_148' title='bbox 3563 877 3894 933; x_wconf 84' lang='lat' dir='ltr'>adunatione</span> 
     </span>
    </p>
   </div>
   <div class='ocr_carea' id='block_1_25' title="bbox 2253 965 3896 1034">
    <p class='ocr_par' dir='ltr' id='par_1_25' title="bbox 2253 965 3896 1034">
     <span class='ocr_line' id='line_1_25' title="bbox 2253 965 3896 1034; baseline -0.005 -5"><span class='ocrx_word' id='word_1_149' title='bbox 2253 972 2503 1029; x_wconf 85' lang='lat' dir='ltr'>facienda</span> <span class='ocrx_word' id='word_1_150' title='bbox 2554 976 2865 1027; x_wconf 86' lang='lat' dir='ltr'>sanctarum</span> <span class='ocrx_word' id='word_1_151' title='bbox 2932 969 3030 1024; x_wconf 89' lang='lat' dir='ltr'>Dei</span> <span class='ocrx_word' id='word_1_152' title='bbox 3107 968 3503 1024; x_wconf 68' lang='lat' dir='ltr'>aecclesiarum.</span> <span class='ocrx_word' id='word_1_153' title='bbox 3551 966 3657 1034; x_wconf 87' lang='lat' dir='ltr'>Qui</span> <span class='ocrx_word' id='word_1_154' title='bbox 3688 966 3713 990; x_wconf 81' lang='lat'><strong><em>‘</em></strong></span> <span class='ocrx_word' id='word_1_155' title='bbox 3748 965 3896 1021; x_wconf 87' lang='lat' dir='ltr'>beni-</span> 
     </span>
    </p>
   </div>
   <div class='ocr_carea' id='block_1_26' title="bbox 2252 1053 3897 1135">
    <p class='ocr_par' dir='ltr' id='par_1_26' title="bbox 2252 1053 3897 1135">
     <span class='ocr_line' id='line_1_26' title="bbox 2252 1053 3897 1135; baseline -0.007 -17"><span class='ocrx_word' id='word_1_156' title='bbox 2252 1063 2513 1135; x_wconf 86' lang='lat' dir='ltr'>gnissime</span> <span class='ocrx_word' id='word_1_157' title='bbox 2533 1061 2773 1130; x_wconf 84' lang='lat' dir='ltr'>suscepti</span> <span class='ocrx_word' id='word_1_158' title='bbox 2795 1074 2826 1114; x_wconf 89' lang='lat' dir='ltr'>a</span> <span class='ocrx_word' id='word_1_159' title='bbox 2855 1058 3298 1114; x_wconf 83' lang='lat' dir='ltr'>reverentissimo</span> <span class='ocrx_word' id='word_1_160' title='bbox 3329 1054 3456 1111; x_wconf 90' lang='lat' dir='ltr'>ﬁdei</span> <span class='ocrx_word' id='word_1_161' title='bbox 3486 1054 3787 1111; x_wconf 69' lang='lat' dir='ltr'>catholicae</span> <span class='ocrx_word' id='word_1_162' title='bbox 3809 1053 3897 1107; x_wconf 80' lang='lat' dir='ltr'>de-</span> 
     </span>
    </p>
   </div>
   <div class='ocr_carea' id='block_1_27' title="bbox 2253 1143 3897 1218">
    <p class='ocr_par' dir='ltr' id='par_1_27' title="bbox 2253 1143 3897 1218">
     <span class='ocr_line' id='line_1_27' title="bbox 2253 1143 3897 1218; baseline -0.006 -10"><span class='ocrx_word' id='word_1_163' title='bbox 2253 1151 2471 1208; x_wconf 89' lang='lat' dir='ltr'>fensore</span> <span class='ocrx_word' id='word_1_164' title='bbox 2492 1150 2852 1207; x_wconf 87' lang='lat' dir='ltr'>Constantino</span> <span class='ocrx_word' id='word_1_165' title='bbox 2875 1148 3018 1218; x_wconf 86' lang='lat' dir='ltr'>jussi</span> <span class='ocrx_word' id='word_1_166' title='bbox 3047 1155 3196 1214; x_wconf 90' lang='lat' dir='ltr'>sunt,</span> <span class='ocrx_word' id='word_1_167' title='bbox 3230 1146 3478 1203; x_wconf 86' lang='lat' dir='ltr'>remissis</span> <span class='ocrx_word' id='word_1_168' title='bbox 3505 1143 3897 1215; x_wconf 79' lang='lat' dir='ltr'>disputationi-</span> 
     </span>
    </p>
   </div>
   <div class='ocr_carea' id='block_1_28' title="bbox 2255 1234 3896 1311">
    <p class='ocr_par' dir='ltr' id='par_1_28' title="bbox 2255 1234 3896 1311">
     <span class='ocr_line' id='line_1_28' title="bbox 2255 1234 3896 1311; baseline -0.007 -14"><span class='ocrx_word' id='word_1_169' title='bbox 2255 1242 2358 1297; x_wconf 89' lang='lat' dir='ltr'>bus</span> <span class='ocrx_word' id='word_1_170' title='bbox 2377 1239 2798 1311; x_wconf 89' lang='lat' dir='ltr'>philosophieis,</span> <span class='ocrx_word' id='word_1_171' title='bbox 2822 1237 3053 1308; x_wconf 88' lang='lat' dir='ltr'>paciﬁco</span> <span class='ocrx_word' id='word_1_172' title='bbox 3074 1235 3376 1306; x_wconf 90' lang='lat' dir='ltr'>conloquio</span> <span class='ocrx_word' id='word_1_173' title='bbox 3396 1235 3466 1290; x_wconf 90' lang='lat' dir='ltr'>de</span> <span class='ocrx_word' id='word_1_174' title='bbox 3494 1234 3606 1290; x_wconf 90' lang='lat' dir='ltr'>ﬁde</span> <span class='ocrx_word' id='word_1_175' title='bbox 3631 1247 3765 1290; x_wconf 84' lang='lat' dir='ltr'>vera</span> <span class='ocrx_word' id='word_1_176' title='bbox 3783 1247 3896 1303; x_wconf 86' lang='lat' dir='ltr'>per-</span> 
     </span>
    </p>
   </div>
   <div class='ocr_carea' id='block_1_29' title="bbox 2253 1322 3895 1400">
    <p class='ocr_par' dir='ltr' id='par_1_29' title="bbox 2253 1322 3895 1400">
     <span class='ocr_line' id='line_1_29' title="bbox 2253 1322 3895 1400; baseline -0.007 -14"><span class='ocrx_word' id='word_1_177' title='bbox 2253 1331 2495 1400; x_wconf 86' lang='lat' dir='ltr'>quirere,</span> <span class='ocrx_word' id='word_1_178' title='bbox 2527 1328 2654 1384; x_wconf 89' lang='lat' dir='ltr'>data</span> <span class='ocrx_word' id='word_1_179' title='bbox 2692 1329 2774 1383; x_wconf 93' lang='lat' dir='ltr'>eis</span> <span class='ocrx_word' id='word_1_180' title='bbox 2819 1327 2889 1382; x_wconf 93' lang='lat' dir='ltr'>de</span> <span class='ocrx_word' id='word_1_181' title='bbox 2918 1325 3259 1382; x_wconf 86' lang='lat' dir='ltr'>bibliotheca</span> <span class='ocrx_word' id='word_1_182' title='bbox 3288 1322 3895 1392; x_wconf 68' lang='lat' dir='ltr'>Constantinopolim):</span> 
     </span>
    </p>
   </div>
   <div class='ocr_carea' id='block_1_30' title="bbox 2255 1409 3895 1487">
    <p class='ocr_par' dir='ltr' id='par_1_30' title="bbox 2255 1409 3895 1487">
     <span class='ocr_line' id='line_1_30' title="bbox 2255 1409 3895 1487; baseline -0.007 -12"><span class='ocrx_word' id='word_1_183' title='bbox 2255 1419 2470 1475; x_wconf 89' lang='lat' dir='ltr'>cunctis</span> <span class='ocrx_word' id='word_1_184' title='bbox 2516 1418 2867 1487; x_wconf 90' lang='lat' dir='ltr'>antiquorum</span> <span class='ocrx_word' id='word_1_185' title='bbox 2906 1417 3125 1470; x_wconf 87' lang='lat' dir='ltr'>Patrum</span> <span class='ocrx_word' id='word_1_186' title='bbox 3171 1427 3314 1484; x_wconf 92' lang='lat' dir='ltr'>quos</span> <span class='ocrx_word' id='word_1_187' title='bbox 3370 1412 3638 1483; x_wconf 89' lang='lat' dir='ltr'>petebant</span> <span class='ocrx_word' id='word_1_188' title='bbox 3680 1409 3895 1465; x_wconf 86' lang='lat' dir='ltr'>libellis.</span> 
     </span>
    </p>
   </div>
   <div class='ocr_carea' id='block_1_31' title="bbox 2253 1498 3892 1574">
    <p class='ocr_par' dir='ltr' id='par_1_31' title="bbox 2253 1498 3892 1574">
     <span class='ocr_line' id='line_1_31' title="bbox 2253 1498 3892 1574; baseline -0.007 -10"><span class='ocrx_word' id='word_1_189' title='bbox 2253 1507 2560 1564; x_wconf 81' lang='lat' dir='ltr'>Adfuerunt</span> <span class='ocrx_word' id='word_1_190' title='bbox 2594 1512 2777 1562; x_wconf 89' lang='lat' dir='ltr'>autem</span> <span class='ocrx_word' id='word_1_191' title='bbox 2816 1511 2872 1560; x_wconf 90' lang='lat' dir='ltr'>et</span> <span class='ocrx_word' id='word_1_192' title='bbox 2915 1503 3164 1574; x_wconf 88' lang='lat' dir='ltr'>episcopi</span> <span class='ocrx_word' id='word_1_193' title='bbox 3211 1507 3431 1558; x_wconf 90' lang='lat' dir='ltr'>centum</span> <span class='ocrx_word' id='word_1_194' title='bbox 3479 1498 3892 1571; x_wconf 81' lang='lat' dir='ltr'>quinquaginta,</span> 
     </span>
    </p>
   </div>
   <div class='ocr_carea' id='block_1_32' title="bbox 2259 1590 3894 1669">
    <p class='ocr_par' dir='ltr' id='par_1_32' title="bbox 2259 1590 3894 1669">
     <span class='ocr_line' id='line_1_32' title="bbox 2259 1590 3894 1669; baseline -0.007 -15"><span class='ocrx_word' id='word_1_195' title='bbox 2259 1597 2575 1669; x_wconf 87' lang='lat' dir='ltr'>presidente</span> <span class='ocrx_word' id='word_1_196' title='bbox 2603 1595 2836 1665; x_wconf 88' lang='lat' dir='ltr'>Georgio</span> <span class='ocrx_word' id='word_1_197' title='bbox 2867 1592 3179 1664; x_wconf 89' lang='lat' dir='ltr'>patriarcha</span> <span class='ocrx_word' id='word_1_198' title='bbox 3205 1592 3373 1662; x_wconf 66' lang='lat' dir='ltr'>regiae</span> <span class='ocrx_word' id='word_1_199' title='bbox 3427 1591 3590 1645; x_wconf 88' lang='lat' dir='ltr'>urbis</span> <span class='ocrx_word' id='word_1_200' title='bbox 3635 1596 3695 1645; x_wconf 92' lang='lat' dir='ltr'>et</span> <span class='ocrx_word' id='word_1_201' title='bbox 3720 1590 3894 1644; x_wconf 85' lang='lat' dir='ltr'>Antio-</span> 
     </span>
    </p>
   </div>
   <div class='ocr_carea' id='block_1_33' title="bbox 600 1679 3893 1760">
    <p class='ocr_par' dir='ltr' id='par_1_33' title="bbox 600 1679 3893 1760">
     <span class='ocr_line' id='line_1_33' title="bbox 600 1679 3893 1760; baseline -0.003 -18"><span class='ocrx_word' id='word_1_202' title='bbox 600 1691 726 1747; x_wconf 86' lang='lat'>684.</span> <span class='ocrx_word' id='word_1_203' title='bbox 766 1689 858 1745; x_wconf 85' lang='lat'>22.</span> <span class='ocrx_word' id='word_1_204' title='bbox 895 1688 1108 1760; x_wconf 77' lang='lat' dir='ltr'>[nchn]</span> <span class='ocrx_word' id='word_1_205' title='bbox 1161 1688 1227 1741; x_wconf 83' lang='lat' dir='ltr'>Et</span> <span class='ocrx_word' id='word_1_206' title='bbox 1273 1684 1338 1715; x_wconf 70' lang='grc'>³9³</span> <span class='ocrx_word' id='word_1_207' title='bbox 1387 1689 1505 1740; x_wconf 89' lang='lat' dir='ltr'>toto</span> <span class='ocrx_word' id='word_1_208' title='bbox 1544 1684 1788 1739; x_wconf 78' lang='lat' dir='ltr'>exercitu</span> <span class='ocrx_word' id='word_1_209' title='bbox 1827 1698 1949 1739; x_wconf 91' lang='lat' dir='ltr'>cum</span> <span class='ocrx_word' id='word_1_210' title='bbox 1981 1680 2399 1744; x_wconf 65' lang='lat' dir='ltr'>casreisBchite</span> <span class='ocrx_word' id='word_1_211' title='bbox 2429 1685 2722 1742; x_wconf 80' lang='lat' dir='ltr'>Machario.</span> <span class='ocrx_word' id='word_1_212' title='bbox 2757 1686 2823 1739; x_wconf 83' lang='lat' dir='ltr'>Et</span> <span class='ocrx_word' id='word_1_213' title='bbox 2858 1682 3097 1740; x_wconf 82' lang='lat' dir='ltr'>convicti</span> <span class='ocrx_word' id='word_1_214' title='bbox 3142 1687 3290 1746; x_wconf 91' lang='lat' dir='ltr'>sunt,</span> <span class='ocrx_word' id='word_1_215' title='bbox 3322 1681 3416 1751; x_wconf 90' lang='lat' dir='ltr'>qui</span> <span class='ocrx_word' id='word_1_216' title='bbox 3450 1694 3622 1736; x_wconf 89' lang='lat' dir='ltr'>unam</span> <span class='ocrx_word' id='word_1_217' title='bbox 3661 1679 3893 1734; x_wconf 79' lang='lat' dir='ltr'>volunta-</span> 
     </span>
    </p>
   </div>
   <div class='ocr_carea' id='block_1_34' title="bbox 533 1776 1087 1836">
    <p class='ocr_par' dir='ltr' id='par_1_34' title="bbox 533 1776 1087 1836">
     <span class='ocr_line' id='line_1_34' title="bbox 533 1776 1087 1836; baseline -0.013 0"><span class='ocrx_word' id='word_1_218' title='bbox 533 1780 807 1836; x_wconf 71' lang='lat' dir='ltr'>teclesiam</span> <span class='ocrx_word' id='word_1_219' title='bbox 846 1776 1087 1832; x_wconf 81' lang='lat' dir='ltr'>intravit.</span> 
     </span>
    </p>
   </div>
   <div class='ocr_carea' id='block_1_35' title="bbox 602 1860 2180 1936">
    <p class='ocr_par' dir='ltr' id='par_1_35' title="bbox 602 1860 2180 1936">
     <span class='ocr_line' id='line_1_35' title="bbox 602 1860 2180 1936; baseline -0.005 -14"><span class='ocrx_word' id='word_1_220' title='bbox 602 1867 727 1923; x_wconf 83' lang='lat'>685.</span> <span class='ocrx_word' id='word_1_221' title='bbox 768 1867 858 1921; x_wconf 87' lang='lat'>23.</span> <span class='ocrx_word' id='word_1_222' title='bbox 918 1863 1149 1936; x_wconf 66' lang='lat' dir='ltr'>[neum]</span> <span class='ocrx_word' id='word_1_223' title='bbox 1206 1865 1322 1919; x_wconf 89' lang='lat' dir='ltr'>lloc</span> <span class='ocrx_word' id='word_1_224' title='bbox 1368 1862 1433 1893; x_wconf 67' lang='grc'>³³⁸</span> <span class='ocrx_word' id='word_1_225' title='bbox 1478 1876 1606 1917; x_wconf 86' lang='lat' dir='ltr'>vero</span> <span class='ocrx_word' id='word_1_226' title='bbox 1664 1860 1865 1917; x_wconf 88' lang='lat' dir='ltr'>factum</span> <span class='ocrx_word' id='word_1_227' title='bbox 1932 1866 2016 1915; x_wconf 91' lang='lat' dir='ltr'>est</span> <span class='ocrx_word' id='word_1_228' title='bbox 2081 1872 2180 1928; x_wconf 93' lang='lat' dir='ltr'>per</span> 
     </span>
    </p>
   </div>
   <div class='ocr_carea' id='block_1_36' title="bbox 533 1947 2181 2020">
    <p class='ocr_par' dir='ltr' id='par_1_36' title="bbox 533 1947 2181 2020">
     <span class='ocr_line' id='line_1_36' title="bbox 533 1947 2181 2020; baseline -0.006 -8"><span class='ocrx_word' id='word_1_229' title='bbox 533 1955 893 2013; x_wconf 90' lang='lat' dir='ltr'>indictionem</span> <span class='ocrx_word' id='word_1_230' title='bbox 933 1954 987 2019; x_wconf 93' lang='lat'>6,</span> <span class='ocrx_word' id='word_1_231' title='bbox 1041 1966 1185 2008; x_wconf 90' lang='lat' dir='ltr'>anno</span> <span class='ocrx_word' id='word_1_232' title='bbox 1349 1950 1567 2020; x_wconf 88' lang='lat' dir='ltr'>imperii</span> <span class='ocrx_word' id='word_1_233' title='bbox 1615 1949 1958 2005; x_wconf 85' lang='lat' dir='ltr'>Constantini</span> <span class='ocrx_word' id='word_1_234' title='bbox 2006 1947 2181 2018; x_wconf 90' lang='lat' dir='ltr'>prin-</span> 
     </span>
    </p>
   </div>
   <div class='ocr_carea' id='block_1_37' title="bbox 535 2060 695 2115">
    <p class='ocr_par' dir='ltr' id='par_1_37' title="bbox 535 2060 695 2115">
     <span class='ocr_line' id='line_1_37' title="bbox 535 2060 695 2115; baseline -0.013 -14"><span class='ocrx_word' id='word_1_235' title='bbox 535 2060 695 2115; x_wconf 79' lang='lat' dir='ltr'>ClplS.</span> 
     </span>
    </p>
   </div>
   <div class='ocr_carea' id='block_1_38' title="bbox 605 2123 2182 2202">
    <p class='ocr_par' dir='ltr' id='par_1_38' title="bbox 605 2123 2182 2202">
     <span class='ocr_line' id='line_1_38' title="bbox 605 2123 2182 2202; baseline -0.005 -15"><span class='ocrx_word' id='word_1_236' title='bbox 605 2133 731 2187; x_wconf 89' lang='lat'>686.</span> <span class='ocrx_word' id='word_1_237' title='bbox 764 2131 854 2185; x_wconf 81' lang='lat'>24.</span> <span class='ocrx_word' id='word_1_238' title='bbox 894 2130 1124 2202; x_wconf 75' lang='lat' dir='ltr'>[ocmv]</span> <span class='ocrx_word' id='word_1_239' title='bbox 1168 2132 1444 2199; x_wconf 86' lang='lat' dir='ltr'>Sequente</span> <span class='ocrx_word' id='word_1_240' title='bbox 1474 2128 1538 2158; x_wconf 63' lang='lat'>3‘”</span> <span class='ocrx_word' id='word_1_241' title='bbox 1576 2141 1720 2183; x_wconf 88' lang='lat' dir='ltr'>anno</span> <span class='ocrx_word' id='word_1_242' title='bbox 1756 2125 1897 2182; x_wconf 82' lang='lat' dir='ltr'>facta</span> <span class='ocrx_word' id='word_1_243' title='bbox 1930 2132 2015 2182; x_wconf 90' lang='lat' dir='ltr'>est</span> <span class='ocrx_word' id='word_1_244' title='bbox 2053 2123 2182 2181; x_wconf 89' lang='lat' dir='ltr'>ecli-</span> 
     </span>
    </p>
   </div>
   <div class='ocr_carea' id='block_1_39' title="bbox 538 2214 2184 2294">
    <p class='ocr_par' dir='ltr' id='par_1_39' title="bbox 538 2214 2184 2294">
     <span class='ocr_line' id='line_1_39' title="bbox 538 2214 2184 2294; baseline -0.007 -15"><span class='ocrx_word' id='word_1_245' title='bbox 538 2224 651 2294; x_wconf 90' lang='lat' dir='ltr'>psis</span> <span class='ocrx_word' id='word_1_246' title='bbox 680 2221 834 2287; x_wconf 92' lang='lat' dir='ltr'>solis,</span> <span class='ocrx_word' id='word_1_247' title='bbox 867 2234 1029 2290; x_wconf 90' lang='lat' dir='ltr'>quam</span> <span class='ocrx_word' id='word_1_248' title='bbox 1063 2223 1196 2275; x_wconf 68' lang='lat' dir='ltr'>aetas</span> <span class='ocrx_word' id='word_1_249' title='bbox 1226 2224 1414 2273; x_wconf 85' lang='lat' dir='ltr'>nostra</span> <span class='ocrx_word' id='word_1_250' title='bbox 1452 2218 1720 2285; x_wconf 81' lang='lat' dir='ltr'>meminit,</span> <span class='ocrx_word' id='word_1_251' title='bbox 1762 2216 1919 2287; x_wconf 83' lang='lat' dir='ltr'>quasi</span> <span class='ocrx_word' id='word_1_252' title='bbox 1948 2216 2085 2271; x_wconf 91' lang='lat' dir='ltr'>hora</span> <span class='ocrx_word' id='word_1_253' title='bbox 2120 2214 2184 2268; x_wconf 93' lang='lat'>10</span> 
     </span>
    </p>
   </div>
   <div class='ocr_carea' id='block_1_40' title="bbox 539 2306 1300 2377">
    <p class='ocr_par' dir='ltr' id='par_1_40' title="bbox 539 2306 1300 2377">
     <span class='ocr_line' id='line_1_40' title="bbox 539 2306 1300 2377; baseline -0.005 -11"><span class='ocrx_word' id='word_1_254' title='bbox 539 2310 649 2367; x_wconf 89' lang='lat' dir='ltr'>diei</span> <span class='ocrx_word' id='word_1_255' title='bbox 683 2309 718 2362; x_wconf 84' lang='lat'>5</span> <span class='ocrx_word' id='word_1_256' title='bbox 747 2311 889 2365; x_wconf 87' lang='lat' dir='ltr'>Non.</span> <span class='ocrx_word' id='word_1_257' title='bbox 930 2307 1051 2363; x_wconf 82' lang='lat' dir='ltr'>Mai.</span> <span class='ocrx_word' id='word_1_258' title='bbox 1100 2306 1300 2377; x_wconf 54' lang='grc' dir='ltr'>[Βίωνι]</span> 
     </span>
    </p>
   </div>
   <div class='ocr_carea' id='block_1_41' title="bbox 612 2395 1133 2467">
    <p class='ocr_par' dir='ltr' id='par_1_41' title="bbox 612 2395 1133 2467">
     <span class='ocr_line' id='line_1_41' title="bbox 612 2395 1133 2467; baseline -0.006 -14"><span class='ocrx_word' id='word_1_259' title='bbox 612 2400 740 2454; x_wconf 89' lang='lat'>687.</span> <span class='ocrx_word' id='word_1_260' title='bbox 772 2397 864 2452; x_wconf 81' lang='lat'>25.</span> <span class='ocrx_word' id='word_1_261' title='bbox 901 2395 1107 2467; x_wconf 56' lang='grc' dir='ltr'>[θριξίν]</span> <span class='ocrx_word' id='word_1_262' title='bbox 1120 2438 1133 2450; x_wconf 93' lang='grc'>.</span> 
     </span>
    </p>
   </div>
   <div class='ocr_carea' id='block_1_42' title="bbox 619 2479 2114 2560">
    <p class='ocr_par' dir='ltr' id='par_1_42' title="bbox 619 2479 2114 2560">
     <span class='ocr_line' id='line_1_42' title="bbox 619 2479 2114 2560; baseline -0.005 -18"><span class='ocrx_word' id='word_1_263' title='bbox 619 2486 766 2558; x_wconf 76' lang='grc' dir='ltr'>[ϐοά.</span> <span class='ocrx_word' id='word_1_264' title='bbox 798 2486 872 2540; x_wconf 83' lang='lat' dir='ltr'>in.</span> <span class='ocrx_word' id='word_1_265' title='bbox 904 2499 1100 2560; x_wconf 71' lang='lat' dir='ltr'>marg.,</span> <span class='ocrx_word' id='word_1_266' title='bbox 1150 2482 1334 2539; x_wconf 90' lang='lat' dir='ltr'>Ciclus</span> <span class='ocrx_word' id='word_1_267' title='bbox 1371 2483 1607 2538; x_wconf 89' lang='lat' dir='ltr'>decenu.</span> <span class='ocrx_word' id='word_1_268' title='bbox 1655 2487 1880 2537; x_wconf 88' lang='lat' dir='ltr'>octavus</span> <span class='ocrx_word' id='word_1_269' title='bbox 1917 2479 2114 2550; x_wconf 87' lang='lat' dir='ltr'>incipit</span> 
     </span>
    </p>
   </div>
   <div class='ocr_carea' id='block_1_43' title="bbox 1214 2571 1516 2641">
    <p class='ocr_par' dir='ltr' id='par_1_43' title="bbox 1214 2571 1516 2641">
     <span class='ocr_line' id='line_1_43' title="bbox 1214 2571 1516 2641; baseline -0.003 -14"><span class='ocrx_word' id='word_1_270' title='bbox 1214 2572 1407 2628; x_wconf 90' lang='lat' dir='ltr'>indict.</span> <span class='ocrx_word' id='word_1_271' title='bbox 1441 2571 1516 2641; x_wconf 91' lang='lat'>8.]</span> 
     </span>
    </p>
   </div>
   <div class='ocr_carea' id='block_1_44' title="bbox 614 2657 2189 2733">
    <p class='ocr_par' dir='ltr' id='par_1_44' title="bbox 614 2657 2189 2733">
     <span class='ocr_line' id='line_1_44' title="bbox 614 2657 2189 2733; baseline -0.004 -13"><span class='ocrx_word' id='word_1_272' title='bbox 614 2664 738 2720; x_wconf 90' lang='lat'>688.</span> <span class='ocrx_word' id='word_1_273' title='bbox 798 2664 890 2719; x_wconf 92' lang='lat'>26.</span> <span class='ocrx_word' id='word_1_274' title='bbox 947 2661 1174 2733; x_wconf 75' lang='lat' dir='ltr'>[Domi]</span> <span class='ocrx_word' id='word_1_275' title='bbox 1254 2659 1477 2732; x_wconf 77' lang='lat' dir='ltr'>(BEDA.)</span> <span class='ocrx_word' id='word_1_276' title='bbox 1537 2660 1861 2716; x_wconf 86' lang='lat' dir='ltr'>Theodorus</span> <span class='ocrx_word' id='word_1_277' title='bbox 1915 2657 2189 2727; x_wconf 88' lang='lat' dir='ltr'>archiepi-</span> 
     </span>
    </p>
   </div>
   <div class='ocr_carea' id='block_1_45' title="bbox 543 2748 2186 2826">
    <p class='ocr_par' dir='ltr' id='par_1_45' title="bbox 543 2748 2186 2826">
     <span class='ocr_line' id='line_1_45' title="bbox 543 2748 2186 2826; baseline -0.008 -13"><span class='ocrx_word' id='word_1_278' title='bbox 543 2769 746 2826; x_wconf 87' lang='lat' dir='ltr'>scopus</span> <span class='ocrx_word' id='word_1_279' title='bbox 774 2760 831 2810; x_wconf 91' lang='lat' dir='ltr'>et</span> <span class='ocrx_word' id='word_1_280' title='bbox 878 2751 1152 2809; x_wconf 88' lang='lat' dir='ltr'>Adrianus</span> <span class='ocrx_word' id='word_1_281' title='bbox 1188 2751 1377 2817; x_wconf 88' lang='lat' dir='ltr'>abbas,</span> <span class='ocrx_word' id='word_1_282' title='bbox 1420 2751 1502 2806; x_wconf 88' lang='lat' dir='ltr'>vir</span> <span class='ocrx_word' id='word_1_283' title='bbox 1540 2764 1697 2820; x_wconf 67' lang='lat' dir='ltr'>aeque</span> <span class='ocrx_word' id='word_1_284' title='bbox 1743 2748 2116 2816; x_wconf 90' lang='lat' dir='ltr'>doctissimus,</span> <span class='ocrx_word' id='word_1_285' title='bbox 2156 2760 2186 2800; x_wconf 89' lang='lat' dir='ltr'><strong>a</strong></span> 
     </span>
    </p>
   </div>
   <div class='ocr_carea' id='block_1_46' title="bbox 544 2835 2191 2914">
    <p class='ocr_par' dir='ltr' id='par_1_46' title="bbox 544 2835 2191 2914">
     <span class='ocr_line' id='line_1_46' title="bbox 544 2835 2191 2914; baseline -0.007 -14"><span class='ocrx_word' id='word_1_286' title='bbox 544 2844 812 2914; x_wconf 75' lang='lat' dir='ltr'>Vitaliano</span> <span class='ocrx_word' id='word_1_287' title='bbox 906 2841 1057 2897; x_wconf 90' lang='lat' dir='ltr'>missi</span> <span class='ocrx_word' id='word_1_288' title='bbox 1148 2839 1490 2905; x_wconf 87' lang='lat' dir='ltr'>Brittaniam,</span> <span class='ocrx_word' id='word_1_289' title='bbox 1586 2838 1854 2907; x_wconf 88' lang='lat' dir='ltr'>plurimas</span> <span class='ocrx_word' id='word_1_290' title='bbox 1943 2835 2191 2892; x_wconf 71' lang='lat' dir='ltr'>teclcsias</span> 
     </span>
    </p>
   </div>
   <div class='ocr_carea' id='block_1_47' title="bbox 542 2923 2189 3002">
    <p class='ocr_par' dir='ltr' id='par_1_47' title="bbox 542 2923 2189 3002">
     <span class='ocr_line' id='line_1_47' title="bbox 542 2923 2189 3002; baseline -0.005 -15"><span class='ocrx_word' id='word_1_291' title='bbox 542 2933 841 3002; x_wconf 82' lang='lat' dir='ltr'>Anglorum</span> <span class='ocrx_word' id='word_1_292' title='bbox 930 2929 1199 2985; x_wconf 70' lang='lat' dir='ltr'>doctrinae</span> <span class='ocrx_word' id='word_1_293' title='bbox 1286 2926 1659 2982; x_wconf 59' lang='lat' dir='ltr'>ecclesiasticae</span> <span class='ocrx_word' id='word_1_294' title='bbox 1742 2924 1895 2996; x_wconf 79' lang='lat' dir='ltr'>fruge</span> <span class='ocrx_word' id='word_1_295' title='bbox 1978 2923 2189 2980; x_wconf 85' lang='lat' dir='ltr'>fecun--</span> 
     </span>
    </p>
   </div>
   <div class='ocr_carea' id='block_1_48' title="bbox 542 3021 1499 3083">
    <p class='ocr_par' dir='ltr' id='par_1_48' title="bbox 542 3021 1499 3083">
     <span class='ocr_line' id='line_1_48' title="bbox 542 3021 1499 3083; baseline -0.003 -8"><span class='ocrx_word' id='word_1_296' title='bbox 542 3021 765 3075; x_wconf 90' lang='lat' dir='ltr'>darunt.</span> <span class='ocrx_word' id='word_1_297' title='bbox 1496 3082 1499 3083; x_wconf 15' lang='grc' dir='ltr'><em>γ</em></span> 
     </span>
    </p>
   </div>
   <div class='ocr_carea' id='block_1_49' title="bbox 615 3102 2192 3176">
    <p class='ocr_par' dir='ltr' id='par_1_49' title="bbox 615 3102 2192 3176">
     <span class='ocr_line' id='line_1_49' title="bbox 615 3102 2192 3176; baseline -0.002 -16"><span class='ocrx_word' id='word_1_298' title='bbox 615 3106 742 3161; x_wconf 88' lang='lat'>689.</span> <span class='ocrx_word' id='word_1_299' title='bbox 791 3106 881 3160; x_wconf 91' lang='lat'>27.</span> <span class='ocrx_word' id='word_1_300' title='bbox 947 3104 1193 3176; x_wconf 71' lang='lat' dir='ltr'>[ucnxvn]</span> <span class='ocrx_word' id='word_1_301' title='bbox 1253 3102 1317 3174; x_wconf 85' lang='grc' dir='ltr'>(ι.</span> <span class='ocrx_word' id='word_1_302' title='bbox 1366 3108 1536 3174; x_wconf 85' lang='lat' dir='ltr'>pont.)</span> <span class='ocrx_word' id='word_1_303' title='bbox 1611 3105 1743 3159; x_wconf 89' lang='lat' dir='ltr'>Cum</span> <span class='ocrx_word' id='word_1_304' title='bbox 1800 3103 1985 3172; x_wconf 86' lang='lat' dir='ltr'>itaque</span> <span class='ocrx_word' id='word_1_305' title='bbox 2048 3104 2192 3158; x_wconf 86' lang='lat' dir='ltr'>Con—</span> 
     </span>
    </p>
   </div>
   <div class='ocr_carea' id='block_1_50' title="bbox 544 3188 2213 3262">
    <p class='ocr_par' dir='ltr' id='par_1_50' title="bbox 544 3188 2213 3262">
     <span class='ocr_line' id='line_1_50' title="bbox 544 3188 2213 3262; baseline -0.004 -11"><span class='ocrx_word' id='word_1_306' title='bbox 544 3195 822 3251; x_wconf 89' lang='lat' dir='ltr'>stantinus</span> <span class='ocrx_word' id='word_1_307' title='bbox 868 3192 1070 3249; x_wconf 89' lang='lat' dir='ltr'>obtulit</span> <span class='ocrx_word' id='word_1_308' title='bbox 1116 3190 1364 3262; x_wconf 90' lang='lat' dir='ltr'>pallium,</span> <span class='ocrx_word' id='word_1_309' title='bbox 1415 3190 1616 3246; x_wconf 87' lang='lat' dir='ltr'>mansit</span> <span class='ocrx_word' id='word_1_310' title='bbox 1654 3190 1709 3246; x_wconf 91' lang='lat' dir='ltr'>in</span> <span class='ocrx_word' id='word_1_311' title='bbox 1749 3192 1921 3245; x_wconf 82' lang='lat' dir='ltr'>Roma</span> <span class='ocrx_word' id='word_1_312' title='bbox 1951 3190 2070 3245; x_wconf 90' lang='lat' dir='ltr'>dies</span> <span class='ocrx_word' id='word_1_313' title='bbox 2106 3188 2213 3245; x_wconf 57' lang='lat'>12.</span> 
     </span>
    </p>
   </div>
   <div class='ocr_carea' id='block_1_51' title="bbox 547 3279 2193 3350">
    <p class='ocr_par' dir='ltr' id='par_1_51' title="bbox 547 3279 2193 3350">
     <span class='ocr_line' id='line_1_51' title="bbox 547 3279 2193 3350; baseline -0.004 -9"><span class='ocrx_word' id='word_1_314' title='bbox 547 3284 681 3341; x_wconf 86' lang='lat' dir='ltr'>Inde</span> <span class='ocrx_word' id='word_1_315' title='bbox 712 3282 1018 3339; x_wconf 86' lang='lat' dir='ltr'>indictione</span> <span class='ocrx_word' id='word_1_316' title='bbox 1070 3280 1105 3332; x_wconf 87' lang='lat'>7</span> <span class='ocrx_word' id='word_1_317' title='bbox 1143 3280 1383 3336; x_wconf 89' lang='lat' dir='ltr'>Siciliam</span> <span class='ocrx_word' id='word_1_318' title='bbox 1422 3280 1722 3350; x_wconf 85' lang='lat' dir='ltr'>ingressus,</span> <span class='ocrx_word' id='word_1_319' title='bbox 1764 3280 1820 3335; x_wconf 91' lang='lat' dir='ltr'>in</span> <span class='ocrx_word' id='word_1_320' title='bbox 1858 3293 1965 3349; x_wconf 89' lang='lat' dir='ltr'>qua</span> <span class='ocrx_word' id='word_1_321' title='bbox 1994 3279 2193 3335; x_wconf 90' lang='lat' dir='ltr'>mansit</span> 
     </span>
    </p>
   </div>
   <div class='ocr_carea' id='block_1_52' title="bbox 552 3369 1237 3444">
    <p class='ocr_par' dir='ltr' id='par_1_52' title="bbox 552 3369 1237 3444">
     <span class='ocr_line' id='line_1_52' title="bbox 552 3369 1237 3444; baseline -0.012 -14"><span class='ocrx_word' id='word_1_322' title='bbox 552 3387 727 3444; x_wconf 88' lang='lat' dir='ltr'>usque</span> <span class='ocrx_word' id='word_1_323' title='bbox 757 3372 1117 3427; x_wconf 89' lang='lat' dir='ltr'>indictionem</span> <span class='ocrx_word' id='word_1_324' title='bbox 1154 3369 1237 3423; x_wconf 92' lang='lat' dir='ltr'>l2.</span> 
     </span>
    </p>
   </div>
   <div class='ocr_carea' id='block_1_53' title="bbox 621 3458 2192 3531">
    <p class='ocr_par' dir='ltr' id='par_1_53' title="bbox 621 3458 2192 3531">
     <span class='ocr_line' id='line_1_53' title="bbox 621 3458 2192 3531; baseline -0.003 -14"><span class='ocrx_word' id='word_1_325' title='bbox 621 3462 748 3518; x_wconf 92' lang='lat'>690.</span> <span class='ocrx_word' id='word_1_326' title='bbox 781 3461 871 3515; x_wconf 89' lang='lat'>28.</span> <span class='ocrx_word' id='word_1_327' title='bbox 917 3459 1187 3531; x_wconf 78' lang='lat' dir='ltr'>[ncm&#39;m]</span> <span class='ocrx_word' id='word_1_328' title='bbox 1223 3458 1279 3523; x_wconf 85' lang='grc' dir='ltr'>(Ι.</span> <span class='ocrx_word' id='word_1_329' title='bbox 1314 3458 1483 3530; x_wconf 74' lang='lat' dir='ltr'>poni.)</span> <span class='ocrx_word' id='word_1_330' title='bbox 1526 3460 1585 3514; x_wconf 89' lang='lat' dir='ltr'>In</span> <span class='ocrx_word' id='word_1_331' title='bbox 1629 3473 1736 3529; x_wconf 88' lang='lat' dir='ltr'>qua</span> <span class='ocrx_word' id='word_1_332' title='bbox 1783 3458 2090 3514; x_wconf 88' lang='lat' dir='ltr'>indictione</span> <span class='ocrx_word' id='word_1_333' title='bbox 2135 3459 2192 3513; x_wconf 89' lang='lat' dir='ltr'>in</span> 
     </span>
    </p>
   </div>
   <div class='ocr_carea' id='block_1_54' title="bbox 550 3547 2194 3621">
    <p class='ocr_par' dir='ltr' id='par_1_54' title="bbox 550 3547 2194 3621">
     <span class='ocr_line' id='line_1_54' title="bbox 550 3547 2194 3621; baseline -0.004 -12"><span class='ocrx_word' id='word_1_334' title='bbox 550 3552 738 3609; x_wconf 90' lang='lat' dir='ltr'>Sicilia</span> <span class='ocrx_word' id='word_1_335' title='bbox 766 3566 798 3606; x_wconf 90' lang='lat' dir='ltr'>a</span> <span class='ocrx_word' id='word_1_336' title='bbox 826 3550 942 3607; x_wconf 92' lang='lat' dir='ltr'>suis</span> <span class='ocrx_word' id='word_1_337' title='bbox 974 3549 1061 3621; x_wconf 83' lang='lat'>[15</span> <span class='ocrx_word' id='word_1_338' title='bbox 1089 3548 1180 3604; x_wconf 90' lang='lat' dir='ltr'>die</span> <span class='ocrx_word' id='word_1_339' title='bbox 1211 3548 1416 3603; x_wconf 86' lang='lat' dir='ltr'>mensis</span> <span class='ocrx_word' id='word_1_340' title='bbox 1461 3548 1607 3618; x_wconf 83' lang='lat' dir='ltr'>Julii]</span> <span class='ocrx_word' id='word_1_341' title='bbox 1658 3549 1716 3603; x_wconf 92' lang='lat' dir='ltr'>in</span> <span class='ocrx_word' id='word_1_342' title='bbox 1766 3547 1963 3604; x_wconf 89' lang='lat' dir='ltr'>balneo</span> <span class='ocrx_word' id='word_1_343' title='bbox 2012 3548 2194 3604; x_wconf 91' lang='lat' dir='ltr'>occis-</span> 
     </span>
    </p>
   </div>
   <div class='ocr_carea' id='block_1_55' title="bbox 551 3637 2196 3709">
    <p class='ocr_par' dir='ltr' id='par_1_55' title="bbox 551 3637 2196 3709">
     <span class='ocr_line' id='line_1_55' title="bbox 551 3637 2196 3709; baseline -0.004 -11"><span class='ocrx_word' id='word_1_344' title='bbox 551 3657 647 3698; x_wconf 89' lang='lat' dir='ltr'>sus</span> <span class='ocrx_word' id='word_1_345' title='bbox 693 3647 795 3697; x_wconf 91' lang='lat' dir='ltr'>est.</span> <span class='ocrx_word' id='word_1_346' title='bbox 854 3643 921 3695; x_wconf 92' lang='lat' dir='ltr'>Et</span> <span class='ocrx_word' id='word_1_347' title='bbox 967 3653 1079 3696; x_wconf 91' lang='lat' dir='ltr'>non</span> <span class='ocrx_word' id='word_1_348' title='bbox 1126 3637 1291 3709; x_wconf 87' lang='lat' dir='ltr'>longe</span> <span class='ocrx_word' id='word_1_349' title='bbox 1351 3644 1475 3707; x_wconf 90' lang='lat' dir='ltr'>post</span> <span class='ocrx_word' id='word_1_350' title='bbox 1524 3637 1827 3694; x_wconf 86' lang='lat' dir='ltr'>Vitalianus</span> <span class='ocrx_word' id='word_1_351' title='bbox 1877 3652 2016 3708; x_wconf 90' lang='lat' dir='ltr'>papa</span> <span class='ocrx_word' id='word_1_352' title='bbox 2056 3637 2196 3693; x_wconf 90' lang='lat' dir='ltr'>obiit</span> 
     </span>
    </p>
   </div>
   <div class='ocr_carea' id='block_1_56' title="bbox 558 3728 1111 3801">
    <p class='ocr_par' dir='ltr' id='par_1_56' title="bbox 558 3728 1111 3801">
     <span class='ocr_line' id='line_1_56' title="bbox 558 3728 1111 3801; baseline -0.007 -18"><span class='ocrx_word' id='word_1_353' title='bbox 558 3731 608 3801; x_wconf 67' lang='lat'>[6</span> <span class='ocrx_word' id='word_1_354' title='bbox 637 3730 756 3786; x_wconf 82' lang='lat' dir='ltr'>Kal.</span> <span class='ocrx_word' id='word_1_355' title='bbox 790 3728 1111 3797; x_wconf 81' lang='lat' dir='ltr'>Februarii].</span> 
     </span>
    </p>
   </div>
   <div class='ocr_carea' id='block_1_57' title="bbox 624 3814 2197 3887">
    <p class='ocr_par' dir='ltr' id='par_1_57' title="bbox 624 3814 2197 3887">
     <span class='ocr_line' id='line_1_57' title="bbox 624 3814 2197 3887; baseline -0.002 -14"><span class='ocrx_word' id='word_1_356' title='bbox 624 3821 972 3874; x_wconf 84' lang='lat' dir='ltr'>Romanorum</span> <span class='ocrx_word' id='word_1_357' title='bbox 1000 3816 1070 3869; x_wconf 93' lang='lat'>68</span> <span class='ocrx_word' id='word_1_358' title='bbox 1096 3816 1483 3882; x_wconf 75' lang='lat' dir='ltr'>Constantinus,</span> <span class='ocrx_word' id='word_1_359' title='bbox 1526 3814 1665 3885; x_wconf 73' lang='lat' dir='ltr'>ﬁlius</span> <span class='ocrx_word' id='word_1_360' title='bbox 1698 3816 2023 3872; x_wconf 78' lang='lat' dir='ltr'>Constantini</span> <span class='ocrx_word' id='word_1_361' title='bbox 2049 3830 2197 3887; x_wconf 86' lang='lat' dir='ltr'>supe-</span> 
     </span>
    </p>
   </div>
   <div class='ocr_carea' id='block_1_58' title="bbox 527 3894 2198 3976">
    <p class='ocr_par' dir='ltr' id='par_1_58' title="bbox 527 3894 2198 3976">
     <span class='ocr_line' id='line_1_58' title="bbox 527 3894 2198 3976; baseline 0.001 -16"><span class='ocrx_word' id='word_1_362' title='bbox 527 3894 733 3971; x_wconf 66' lang='lat' dir='ltr'>&#39;rtoris,</span> <span class='ocrx_word' id='word_1_363' title='bbox 782 3904 1017 3972; x_wconf 79' lang='lat' dir='ltr'>regnavit</span> <span class='ocrx_word' id='word_1_364' title='bbox 1057 3905 1208 3957; x_wconf 83' lang='lat' dir='ltr'>annis</span> <span class='ocrx_word' id='word_1_365' title='bbox 1259 3902 1345 3969; x_wconf 85' lang='lat'>17,</span> <span class='ocrx_word' id='word_1_366' title='bbox 1395 3918 1556 3973; x_wconf 80' lang='lat' dir='ltr'>usque</span> <span class='ocrx_word' id='word_1_367' title='bbox 1602 3904 1658 3957; x_wconf 83' lang='lat' dir='ltr'>in</span> <span class='ocrx_word' id='word_1_368' title='bbox 1703 3918 1895 3958; x_wconf 83' lang='lat' dir='ltr'>annum</span> <span class='ocrx_word' id='word_1_369' title='bbox 1939 3903 2044 3957; x_wconf 87' lang='lat'>674</span> <span class='ocrx_word' id='word_1_370' title='bbox 2077 3910 2198 3976; x_wconf 82' lang='lat' dir='ltr'>post</span> 
     </span>
    </p>
   </div>
   <div class='ocr_carea' id='block_1_59' title="bbox 550 4006 870 4063">
    <p class='ocr_par' dir='ltr' id='par_1_59' title="bbox 550 4006 870 4063">
     <span class='ocr_line' id='line_1_59' title="bbox 550 4006 870 4063; baseline 0 -18"><span class='ocrx_word' id='word_1_371' title='bbox 550 4006 870 4063; x_wconf 67' lang='lat' dir='ltr'>passionem.</span> 
     </span>
    </p>
   </div>
   <div class='ocr_carea' id='block_1_60' title="bbox 625 4079 2198 4154">
    <p class='ocr_par' dir='ltr' id='par_1_60' title="bbox 625 4079 2198 4154">
     <span class='ocr_line' id='line_1_60' title="bbox 625 4079 2198 4154; baseline 0.003 -20"><span class='ocrx_word' id='word_1_372' title='bbox 625 4079 752 4135; x_wconf 89' lang='lat'>691.</span> <span class='ocrx_word' id='word_1_373' title='bbox 815 4079 863 4136; x_wconf 95' lang='lat'>1.</span> <span class='ocrx_word' id='word_1_374' title='bbox 920 4079 1148 4150; x_wconf 67' lang='lat' dir='ltr'>[DCLXIX]</span> <span class='ocrx_word' id='word_1_375' title='bbox 1202 4079 1261 4148; x_wconf 85' lang='lat' dir='ltr'>(t.</span> <span class='ocrx_word' id='word_1_376' title='bbox 1325 4084 1494 4151; x_wconf 75' lang='lat' dir='ltr'>poni.)</span> <span class='ocrx_word' id='word_1_377' title='bbox 1561 4080 1874 4137; x_wconf 84' lang='lat' dir='ltr'>Adeodatus</span> <span class='ocrx_word' id='word_1_378' title='bbox 1925 4080 1998 4136; x_wconf 92' lang='lat'>76</span> <span class='ocrx_word' id='word_1_379' title='bbox 2052 4098 2198 4154; x_wconf 79' lang='lat' dir='ltr'>papa</span> 
     </span>
    </p>
   </div>
   <div class='ocr_carea' id='block_1_61' title="bbox 551 4167 2195 4242">
    <p class='ocr_par' dir='ltr' id='par_1_61' title="bbox 551 4167 2195 4242">
     <span class='ocr_line' id='line_1_61' title="bbox 551 4167 2195 4242; baseline 0.002 -18"><span class='ocrx_word' id='word_1_380' title='bbox 551 4176 669 4242; x_wconf 77' lang='lat' dir='ltr'>post</span> <span class='ocrx_word' id='word_1_381' title='bbox 744 4171 950 4224; x_wconf 84' lang='lat' dir='ltr'>Petrum</span> <span class='ocrx_word' id='word_1_382' title='bbox 1020 4168 1172 4223; x_wconf 75' lang='lat' dir='ltr'>(mitts</span> <span class='ocrx_word' id='word_1_383' title='bbox 1236 4167 1290 4233; x_wconf 81' lang='lat'>4,</span> <span class='ocrx_word' id='word_1_384' title='bbox 1366 4168 1623 4224; x_wconf 81' lang='lat' dir='ltr'>mensibus</span> <span class='ocrx_word' id='word_1_385' title='bbox 1679 4169 1715 4223; x_wconf 85' lang='lat'>2</span> <span class='ocrx_word' id='word_1_386' title='bbox 1776 4170 1932 4240; x_wconf 88' lang='lat' dir='ltr'>[obiit</span> <span class='ocrx_word' id='word_1_387' title='bbox 1983 4171 2018 4224; x_wconf 92' lang='lat'>6</span> <span class='ocrx_word' id='word_1_388' title='bbox 2076 4171 2195 4227; x_wconf 85' lang='lat' dir='ltr'>Kal.</span> 
     </span>
    </p>
   </div>
   <div class='ocr_carea' id='block_1_62' title="bbox 554 4258 708 4329">
    <p class='ocr_par' dir='ltr' id='par_1_62' title="bbox 554 4258 708 4329">
     <span class='ocr_line' id='line_1_62' title="bbox 554 4258 708 4329; baseline -0.013 -15"><span class='ocrx_word' id='word_1_389' title='bbox 554 4258 708 4329; x_wconf 76' lang='lat' dir='ltr'>IUL].</span> 
     </span>
    </p>
   </div>
   <div class='ocr_carea' id='block_1_63' title="bbox 2264 1769 3891 1844">
    <p class='ocr_par' dir='ltr' id='par_1_63' title="bbox 2264 1769 3891 1844">
     <span class='ocr_line' id='line_1_63' title="bbox 2264 1769 3891 1844; baseline -0.006 -11"><span class='ocrx_word' id='word_1_390' title='bbox 2264 1784 2371 1833; x_wconf 91' lang='lat' dir='ltr'>tem</span> <span class='ocrx_word' id='word_1_391' title='bbox 2401 1780 2457 1831; x_wconf 90' lang='lat' dir='ltr'>et</span> <span class='ocrx_word' id='word_1_392' title='bbox 2494 1774 2870 1844; x_wconf 88' lang='lat' dir='ltr'>operationem</span> <span class='ocrx_word' id='word_1_393' title='bbox 2919 1772 3237 1828; x_wconf 83' lang='lat' dir='ltr'>astrueba‘nt</span> <span class='ocrx_word' id='word_1_394' title='bbox 3280 1771 3336 1826; x_wconf 90' lang='lat' dir='ltr'>in</span> <span class='ocrx_word' id='word_1_395' title='bbox 3375 1769 3625 1836; x_wconf 90' lang='lat' dir='ltr'>Christo,</span> <span class='ocrx_word' id='word_1_396' title='bbox 3665 1769 3891 1824; x_wconf 82' lang='lat' dir='ltr'>fallsasse</span> 
     </span>
    </p>
   </div>
   <div class='ocr_carea' id='block_1_64' title="bbox 2263 1858 3892 1931">
    <p class='ocr_par' dir='ltr' id='par_1_64' title="bbox 2263 1858 3892 1931">
     <span class='ocr_line' id='line_1_64' title="bbox 2263 1858 3892 1931; baseline -0.006 -10"><span class='ocrx_word' id='word_1_397' title='bbox 2263 1868 2480 1921; x_wconf 85' lang='lat' dir='ltr'>Patrum</span> <span class='ocrx_word' id='word_1_398' title='bbox 2510 1864 2908 1920; x_wconf 89' lang='lat' dir='ltr'>catholicorum</span> <span class='ocrx_word' id='word_1_399' title='bbox 2942 1861 3090 1917; x_wconf 90' lang='lat' dir='ltr'>dicta</span> <span class='ocrx_word' id='word_1_400' title='bbox 3122 1859 3477 1931; x_wconf 88' lang='lat' dir='ltr'>perplurima.</span> <span class='ocrx_word' id='word_1_401' title='bbox 3508 1858 3705 1915; x_wconf 85' lang='lat' dir='ltr'>Finito</span> <span class='ocrx_word' id='word_1_402' title='bbox 3731 1866 3892 1913; x_wconf 87' lang='lat' dir='ltr'>autem</span> 
     </span>
    </p>
   </div>
   <div class='ocr_carea' id='block_1_65' title="bbox 2263 1948 3893 2024">
    <p class='ocr_par' dir='ltr' id='par_1_65' title="bbox 2263 1948 3893 2024">
     <span class='ocr_line' id='line_1_65' title="bbox 2263 1948 3893 2024; baseline -0.006 -13"><span class='ocrx_word' id='word_1_403' title='bbox 2263 1955 2544 2021; x_wconf 83' lang='lat' dir='ltr'>conﬂictu,</span> <span class='ocrx_word' id='word_1_404' title='bbox 2594 1951 2861 2024; x_wconf 78' lang='lat' dir='ltr'>Georgius</span> <span class='ocrx_word' id='word_1_405' title='bbox 2924 1958 3210 2009; x_wconf 88' lang='lat' dir='ltr'>correctus</span> <span class='ocrx_word' id='word_1_406' title='bbox 3263 1956 3368 2016; x_wconf 91' lang='lat' dir='ltr'>est,</span> <span class='ocrx_word' id='word_1_407' title='bbox 3417 1948 3740 2004; x_wconf 82' lang='lat' dir='ltr'>Macharius</span> <span class='ocrx_word' id='word_1_408' title='bbox 3781 1962 3893 2002; x_wconf 76' lang='lat' dir='ltr'>vero</span> 
     </span>
    </p>
   </div>
   <div class='ocr_carea' id='block_1_66' title="bbox 2265 2038 4000 2112">
    <p class='ocr_par' dir='ltr' id='par_1_66' title="bbox 2265 2038 4000 2112">
     <span class='ocr_line' id='line_1_66' title="bbox 2265 2038 4000 2112; baseline -0.005 -12"><span class='ocrx_word' id='word_1_409' title='bbox 2265 2058 2388 2100; x_wconf 90' lang='lat' dir='ltr'>cum</span> <span class='ocrx_word' id='word_1_410' title='bbox 2420 2042 2536 2099; x_wconf 91' lang='lat' dir='ltr'>suis</span> <span class='ocrx_word' id='word_1_411' title='bbox 2571 2042 2901 2112; x_wconf 88' lang='lat' dir='ltr'>sequacibus</span> <span class='ocrx_word' id='word_1_412' title='bbox 2947 2040 3107 2097; x_wconf 91' lang='lat' dir='ltr'>simul</span> <span class='ocrx_word' id='word_1_413' title='bbox 3156 2046 3211 2096; x_wconf 90' lang='lat' dir='ltr'>et</span> <span class='ocrx_word' id='word_1_414' title='bbox 3258 2038 3703 2109; x_wconf 87' lang='lat' dir='ltr'>precessoribus,</span> <span class='ocrx_word' id='word_1_415' title='bbox 3746 2039 3895 2106; x_wconf 71' lang='lat' dir='ltr'>Cyro,</span> <span class='ocrx_word' id='word_1_416' title='bbox 3998 2074 4000 2112; x_wconf 63' lang='grc'>;</span> 
     </span>
    </p>
   </div>
   <div class='ocr_carea' id='block_1_67' title="bbox 2264 2127 3899 2204">
    <p class='ocr_par' dir='ltr' id='par_1_67' title="bbox 2264 2127 3899 2204">
     <span class='ocr_line' id='line_1_67' title="bbox 2264 2127 3899 2204; baseline -0.004 -15"><span class='ocrx_word' id='word_1_417' title='bbox 2264 2133 2476 2204; x_wconf 84' lang='lat' dir='ltr'>Sergio,</span> <span class='ocrx_word' id='word_1_418' title='bbox 2509 2133 2776 2199; x_wconf 86' lang='lat' dir='ltr'>Honorio,</span> <span class='ocrx_word' id='word_1_419' title='bbox 2825 2132 3005 2198; x_wconf 91' lang='lat' dir='ltr'>Pirro,</span> <span class='ocrx_word' id='word_1_420' title='bbox 3055 2130 3223 2186; x_wconf 89' lang='lat' dir='ltr'>Paulo</span> <span class='ocrx_word' id='word_1_421' title='bbox 3272 2134 3328 2184; x_wconf 91' lang='lat' dir='ltr'>et</span> <span class='ocrx_word' id='word_1_422' title='bbox 3374 2130 3567 2196; x_wconf 88' lang='lat' dir='ltr'>Petro,</span> <span class='ocrx_word' id='word_1_423' title='bbox 3599 2127 3899 2183; x_wconf 81' lang='lat' dir='ltr'>anathema-</span> 
     </span>
    </p>
   </div>
   <div class='ocr_carea' id='block_1_68' title="bbox 2267 2215 3898 2289">
    <p class='ocr_par' dir='ltr' id='par_1_68' title="bbox 2267 2215 3898 2289">
     <span class='ocr_line' id='line_1_68' title="bbox 2267 2215 3898 2289; baseline -0.004 -13"><span class='ocrx_word' id='word_1_424' title='bbox 2267 2221 2480 2288; x_wconf 88' lang='lat' dir='ltr'>tizatus,</span> <span class='ocrx_word' id='word_1_425' title='bbox 2512 2226 2569 2276; x_wconf 90' lang='lat' dir='ltr'>et</span> <span class='ocrx_word' id='word_1_426' title='bbox 2623 2220 2679 2275; x_wconf 93' lang='lat' dir='ltr'>in</span> <span class='ocrx_word' id='word_1_427' title='bbox 2731 2220 2912 2276; x_wconf 83' lang='lat' dir='ltr'>locum</span> <span class='ocrx_word' id='word_1_428' title='bbox 2969 2221 3089 2289; x_wconf 90' lang='lat' dir='ltr'>ejus</span> <span class='ocrx_word' id='word_1_429' title='bbox 3151 2216 3544 2287; x_wconf 90' lang='lat' dir='ltr'>Theophanius</span> <span class='ocrx_word' id='word_1_430' title='bbox 3609 2216 3786 2271; x_wconf 80' lang='lat' dir='ltr'>abbas</span> <span class='ocrx_word' id='word_1_431' title='bbox 3841 2215 3898 2270; x_wconf 87' lang='lat' dir='ltr'>de</span> 
     </span>
    </p>
   </div>
   <div class='ocr_carea' id='block_1_69' title="bbox 2267 2304 3900 2383">
    <p class='ocr_par' dir='ltr' id='par_1_69' title="bbox 2267 2304 3900 2383">
     <span class='ocr_line' id='line_1_69' title="bbox 2267 2304 3900 2383; baseline -0.003 -19"><span class='ocrx_word' id='word_1_432' title='bbox 2267 2308 2450 2365; x_wconf 76' lang='lat' dir='ltr'>Sicilia</span> <span class='ocrx_word' id='word_1_433' title='bbox 2492 2307 2801 2364; x_wconf 63' lang='lat' dir='ltr'>Antiochiae</span> <span class='ocrx_word' id='word_1_434' title='bbox 2848 2308 3144 2383; x_wconf 86' lang='lat' dir='ltr'>episcopus</span> <span class='ocrx_word' id='word_1_435' title='bbox 3179 2304 3373 2362; x_wconf 85' lang='lat' dir='ltr'>factus.</span> <span class='ocrx_word' id='word_1_436' title='bbox 3424 2306 3716 2376; x_wconf 85' lang='lat' dir='ltr'>Tantaque</span> <span class='ocrx_word' id='word_1_437' title='bbox 3742 2304 3900 2375; x_wconf 77' lang='lat' dir='ltr'>gratia</span> 
     </span>
    </p>
   </div>
   <div class='ocr_carea' id='block_1_70' title="bbox 2270 2394 3904 2469">
    <p class='ocr_par' dir='ltr' id='par_1_70' title="bbox 2270 2394 3904 2469">
     <span class='ocr_line' id='line_1_70' title="bbox 2270 2394 3904 2469; baseline -0.004 -15"><span class='ocrx_word' id='word_1_438' title='bbox 2270 2399 2479 2469; x_wconf 81' lang='lat' dir='ltr'>legatos</span> <span class='ocrx_word' id='word_1_439' title='bbox 2527 2396 2817 2454; x_wconf 77' lang='lat' dir='ltr'>catholicae</span> <span class='ocrx_word' id='word_1_440' title='bbox 2866 2396 3017 2466; x_wconf 89' lang='lat' dir='ltr'>pacis</span> <span class='ocrx_word' id='word_1_441' title='bbox 3081 2395 3340 2451; x_wconf 86' lang='lat' dir='ltr'>comitata</span> <span class='ocrx_word' id='word_1_442' title='bbox 3381 2400 3485 2461; x_wconf 92' lang='lat' dir='ltr'>est,</span> <span class='ocrx_word' id='word_1_443' title='bbox 3528 2400 3595 2450; x_wconf 90' lang='lat' dir='ltr'>ut</span> <span class='ocrx_word' id='word_1_444' title='bbox 3638 2394 3904 2449; x_wconf 85' lang='lat' dir='ltr'>Iohannes</span> 
     </span>
    </p>
   </div>
   <div class='ocr_carea' id='block_1_71' title="bbox 2270 2482 3905 2556">
    <p class='ocr_par' dir='ltr' id='par_1_71' title="bbox 2270 2482 3905 2556">
     <span class='ocr_line' id='line_1_71' title="bbox 2270 2482 3905 2556; baseline -0.003 -14"><span class='ocrx_word' id='word_1_445' title='bbox 2270 2486 2591 2542; x_wconf 87' lang='lat' dir='ltr'>Portuensis</span> <span class='ocrx_word' id='word_1_446' title='bbox 2620 2486 2936 2556; x_wconf 86' lang='lat' dir='ltr'>episcopus,</span> <span class='ocrx_word' id='word_1_447' title='bbox 2986 2485 3082 2555; x_wconf 89' lang='lat' dir='ltr'>qui</span> <span class='ocrx_word' id='word_1_448' title='bbox 3121 2497 3263 2540; x_wconf 90' lang='lat' dir='ltr'>unus</span> <span class='ocrx_word' id='word_1_449' title='bbox 3301 2489 3420 2538; x_wconf 89' lang='lat' dir='ltr'>erat</span> <span class='ocrx_word' id='word_1_450' title='bbox 3474 2497 3545 2538; x_wconf 81' lang='lat' dir='ltr'>ex</span> <span class='ocrx_word' id='word_1_451' title='bbox 3615 2483 3780 2553; x_wconf 85' lang='lat' dir='ltr'>ipsis,</span> <span class='ocrx_word' id='word_1_452' title='bbox 3821 2482 3905 2537; x_wconf 92' lang='lat' dir='ltr'>do-</span> 
     </span>
    </p>
   </div>
   <div class='ocr_carea' id='block_1_72' title="bbox 2271 2572 3908 2644">
    <p class='ocr_par' dir='ltr' id='par_1_72' title="bbox 2271 2572 3908 2644">
     <span class='ocr_line' id='line_1_72' title="bbox 2271 2572 3908 2644; baseline -0.002 -13"><span class='ocrx_word' id='word_1_453' title='bbox 2271 2575 2470 2631; x_wconf 87' lang='lat' dir='ltr'>minica</span> <span class='ocrx_word' id='word_1_454' title='bbox 2500 2581 2813 2631; x_wconf 89' lang='lat' dir='ltr'>oetavarum</span> <span class='ocrx_word' id='word_1_455' title='bbox 2863 2574 3081 2644; x_wconf 69' lang='lat' dir='ltr'>paschae</span> <span class='ocrx_word' id='word_1_456' title='bbox 3133 2575 3326 2629; x_wconf 89' lang='lat' dir='ltr'>missas</span> <span class='ocrx_word' id='word_1_457' title='bbox 3371 2572 3630 2643; x_wconf 85' lang='lat' dir='ltr'>publicas</span> <span class='ocrx_word' id='word_1_458' title='bbox 3679 2574 3742 2628; x_wconf 91' lang='lat' dir='ltr'>in</span> <span class='ocrx_word' id='word_1_459' title='bbox 3770 2572 3908 2628; x_wconf 66' lang='lat' dir='ltr'>acle-</span> 
     </span>
    </p>
   </div>
   <div class='ocr_carea' id='block_1_73' title="bbox 2274 2660 3907 2733">
    <p class='ocr_par' dir='ltr' id='par_1_73' title="bbox 2274 2660 3907 2733">
     <span class='ocr_line' id='line_1_73' title="bbox 2274 2660 3907 2733; baseline -0.002 -14"><span class='ocrx_word' id='word_1_460' title='bbox 2274 2665 2355 2719; x_wconf 92' lang='lat' dir='ltr'>sia</span> <span class='ocrx_word' id='word_1_461' title='bbox 2406 2670 2613 2719; x_wconf 68' lang='lat' dir='ltr'>sanctae</span> <span class='ocrx_word' id='word_1_462' title='bbox 2665 2662 2887 2733; x_wconf 67' lang='lat' dir='ltr'>Sophia:</span> <span class='ocrx_word' id='word_1_463' title='bbox 2942 2676 3126 2718; x_wconf 89' lang='lat' dir='ltr'>coram</span> <span class='ocrx_word' id='word_1_464' title='bbox 3186 2661 3433 2732; x_wconf 74' lang='lat' dir='ltr'>principe</span> <span class='ocrx_word' id='word_1_465' title='bbox 3481 2666 3540 2717; x_wconf 84' lang='lat' dir='ltr'>et</span> <span class='ocrx_word' id='word_1_466' title='bbox 3610 2660 3907 2732; x_wconf 71' lang='lat' dir='ltr'>patn&#39;arcln</span> 
     </span>
    </p>
   </div>
   <div class='ocr_carea' id='block_1_74' title="bbox 2274 2751 3914 2809">
    <p class='ocr_par' dir='ltr' id='par_1_74' title="bbox 2274 2751 3914 2809">
     <span class='ocr_line' id='line_1_74' title="bbox 2274 2751 3914 2809; baseline -0.001 0"><span class='ocrx_word' id='word_1_467' title='bbox 2274 2754 2464 2809; x_wconf 88' lang='lat' dir='ltr'>Latine</span> <span class='ocrx_word' id='word_1_468' title='bbox 2493 2752 2819 2807; x_wconf 88' lang='lat' dir='ltr'>celebraret.</span> <span class='ocrx_word' id='word_1_469' title='bbox 2861 2753 2957 2808; x_wconf 69' lang='lat' dir='ltr'>Hae</span> <span class='ocrx_word' id='word_1_470' title='bbox 3006 2757 3092 2808; x_wconf 90' lang='lat' dir='ltr'>est</span> <span class='ocrx_word' id='word_1_471' title='bbox 3134 2756 3289 2807; x_wconf 83' lang='lat' dir='ltr'>sexta</span> <span class='ocrx_word' id='word_1_472' title='bbox 3322 2751 3560 2808; x_wconf 89' lang='lat' dir='ltr'>sinodus</span> <span class='ocrx_word' id='word_1_473' title='bbox 3598 2751 3914 2808; x_wconf 79' lang='lat' dir='ltr'>universalis</span> 
     </span>
    </p>
   </div>
   <div class='ocr_carea' id='block_1_75' title="bbox 2272 2841 3914 2911">
    <p class='ocr_par' dir='ltr' id='par_1_75' title="bbox 2272 2841 3914 2911">
     <span class='ocr_line' id='line_1_75' title="bbox 2272 2841 3914 2911; baseline -0.004 -11"><span class='ocrx_word' id='word_1_474' title='bbox 2272 2841 2751 2911; x_wconf 85' lang='lat' dir='ltr'>Constantinopoli</span> <span class='ocrx_word' id='word_1_475' title='bbox 2809 2841 3108 2908; x_wconf 88' lang='lat' dir='ltr'>celebrata,</span> <span class='ocrx_word' id='word_1_476' title='bbox 3159 2847 3215 2897; x_wconf 90' lang='lat' dir='ltr'>et</span> <span class='ocrx_word' id='word_1_477' title='bbox 3259 2844 3433 2898; x_wconf 88' lang='lat' dir='ltr'>Greco</span> <span class='ocrx_word' id='word_1_478' title='bbox 3489 2854 3759 2897; x_wconf 89' lang='lat' dir='ltr'>sermone</span> <span class='ocrx_word' id='word_1_479' title='bbox 3796 2854 3914 2896; x_wconf 81' lang='lat' dir='ltr'>eon-</span> 
     </span>
    </p>
   </div>
   <div class='ocr_carea' id='block_1_76' title="bbox 2274 2928 3914 3000">
    <p class='ocr_par' dir='ltr' id='par_1_76' title="bbox 2274 2928 3914 3000">
     <span class='ocr_line' id='line_1_76' title="bbox 2274 2928 3914 3000; baseline -0.001 -15"><span class='ocrx_word' id='word_1_480' title='bbox 2274 2930 2501 2999; x_wconf 89' lang='lat' dir='ltr'>scripta,</span> <span class='ocrx_word' id='word_1_481' title='bbox 2541 2928 2885 2999; x_wconf 87' lang='lat' dir='ltr'>temporibus</span> <span class='ocrx_word' id='word_1_482' title='bbox 2929 2929 3232 3000; x_wconf 86' lang='lat' dir='ltr'>Agathonis</span> <span class='ocrx_word' id='word_1_483' title='bbox 3278 2944 3457 3000; x_wconf 72' lang='lat' dir='ltr'>papae,</span> <span class='ocrx_word' id='word_1_484' title='bbox 3488 2937 3836 3000; x_wconf 77' lang='lat' dir='ltr'>exsequente</span> <span class='ocrx_word' id='word_1_485' title='bbox 3861 2943 3914 2984; x_wconf 80' lang='lat' dir='ltr'>ac</span> 
     </span>
    </p>
   </div>
   <div class='ocr_carea' id='block_1_77' title="bbox 2211 2992 3917 3105">
    <p class='ocr_par' dir='ltr' id='par_1_77' title="bbox 2211 2992 3917 3105">
     <span class='ocr_line' id='line_1_77' title="bbox 2211 2992 3917 3105; baseline -0.001 -31"><span class='ocrx_word' id='word_1_486' title='bbox 2211 2992 2254 3050; x_wconf 63' lang='grc' dir='ltr'><strong>Β</strong></span> <span class='ocrx_word' id='word_1_487' title='bbox 2276 2992 2553 3075; x_wconf 79' lang='lat' dir='ltr'>residente</span> <span class='ocrx_word' id='word_1_488' title='bbox 2602 2992 2849 3090; x_wconf 81' lang='lat' dir='ltr'>piissimo</span> <span class='ocrx_word' id='word_1_489' title='bbox 2902 2992 3154 3091; x_wconf 67' lang='lat' dir='ltr'>principe</span> <span class='ocrx_word' id='word_1_490' title='bbox 3204 2992 3568 3076; x_wconf 75' lang='lat' dir='ltr'>Constantino</span> <span class='ocrx_word' id='word_1_491' title='bbox 3600 2992 3756 3076; x_wconf 73' lang='lat' dir='ltr'>intra</span> <span class='ocrx_word' id='word_1_492' title='bbox 3784 3019 3917 3091; x_wconf 79' lang='lat' dir='ltr'>pala-</span> 
     </span>
    </p>
   </div>
   <div class='ocr_carea' id='block_1_78' title="bbox 2275 3109 3916 3181">
    <p class='ocr_par' dir='ltr' id='par_1_78' title="bbox 2275 3109 3916 3181">
     <span class='ocr_line' id='line_1_78' title="bbox 2275 3109 3916 3181; baseline 0.001 -17"><span class='ocrx_word' id='word_1_493' title='bbox 2275 3110 2410 3165; x_wconf 89' lang='lat' dir='ltr'>tium</span> <span class='ocrx_word' id='word_1_494' title='bbox 2449 3123 2626 3176; x_wconf 90' lang='lat' dir='ltr'>suum,</span> <span class='ocrx_word' id='word_1_495' title='bbox 2693 3110 2965 3181; x_wconf 90' lang='lat' dir='ltr'>simulque</span> <span class='ocrx_word' id='word_1_496' title='bbox 3025 3110 3218 3181; x_wconf 83' lang='lat' dir='ltr'>legatis</span> <span class='ocrx_word' id='word_1_497' title='bbox 3274 3109 3603 3179; x_wconf 78' lang='lat' dir='ltr'>apostolicae</span> <span class='ocrx_word' id='word_1_498' title='bbox 3668 3112 3822 3167; x_wconf 89' lang='lat' dir='ltr'>sedis</span> <span class='ocrx_word' id='word_1_499' title='bbox 3870 3119 3916 3165; x_wconf 86' lang='lat' dir='ltr'>et</span> 
     </span>
    </p>
   </div>
   <div class='ocr_carea' id='block_1_79' title="bbox 2276 3196 3917 3268">
    <p class='ocr_par' dir='ltr' id='par_1_79' title="bbox 2276 3196 3917 3268">
     <span class='ocr_line' id='line_1_79' title="bbox 2276 3196 3917 3268; baseline 0.001 -14"><span class='ocrx_word' id='word_1_500' title='bbox 2276 3198 2554 3268; x_wconf 90' lang='lat' dir='ltr'>episcopis</span> <span class='ocrx_word' id='word_1_501' title='bbox 2587 3198 2689 3253; x_wconf 88' lang='grc'>150</span> <span class='ocrx_word' id='word_1_502' title='bbox 2736 3199 3126 3256; x_wconf 89' lang='lat' dir='ltr'>residentibus.</span> <span class='ocrx_word' id='word_1_503' title='bbox 3178 3196 3355 3254; x_wconf 89' lang='lat' dir='ltr'>Prima</span> <span class='ocrx_word' id='word_1_504' title='bbox 3402 3200 3549 3255; x_wconf 91' lang='lat' dir='ltr'>enim</span> <span class='ocrx_word' id='word_1_505' title='bbox 3602 3200 3917 3257; x_wconf 82' lang='lat' dir='ltr'>universalis</span> 
     </span>
    </p>
   </div>
   <div class='ocr_carea' id='block_1_80' title="bbox 2276 3287 3914 3360">
    <p class='ocr_par' dir='ltr' id='par_1_80' title="bbox 2276 3287 3914 3360">
     <span class='ocr_line' id='line_1_80' title="bbox 2276 3287 3914 3360; baseline -0.001 -18"><span class='ocrx_word' id='word_1_506' title='bbox 2276 3287 2505 3343; x_wconf 89' lang='lat' dir='ltr'>sinodus</span> <span class='ocrx_word' id='word_1_507' title='bbox 2533 3288 2590 3343; x_wconf 91' lang='lat' dir='ltr'>in</span> <span class='ocrx_word' id='word_1_508' title='bbox 2620 3290 2787 3344; x_wconf 88' lang='lat' dir='ltr'>Nieea</span> <span class='ocrx_word' id='word_1_509' title='bbox 2817 3294 3149 3360; x_wconf 86' lang='lat' dir='ltr'>congregata</span> <span class='ocrx_word' id='word_1_510' title='bbox 3196 3294 3279 3344; x_wconf 90' lang='lat' dir='ltr'>est</span> <span class='ocrx_word' id='word_1_511' title='bbox 3326 3295 3520 3345; x_wconf 90' lang='lat' dir='ltr'>contra</span> <span class='ocrx_word' id='word_1_512' title='bbox 3563 3289 3787 3345; x_wconf 81' lang='lat' dir='ltr'>Arrium</span> <span class='ocrx_word' id='word_1_513' title='bbox 3822 3287 3914 3343; x_wconf 88' lang='lat'>318</span> 
     </span>
    </p>
   </div>
   <div class='ocr_carea' id='block_1_81' title="bbox 2277 3377 3910 3447">
    <p class='ocr_par' dir='ltr' id='par_1_81' title="bbox 2277 3377 3910 3447">
     <span class='ocr_line' id='line_1_81' title="bbox 2277 3377 3910 3447; baseline 0 -15"><span class='ocrx_word' id='word_1_514' title='bbox 2277 3379 2518 3445; x_wconf 84' lang='lat' dir='ltr'>Patrum,</span> <span class='ocrx_word' id='word_1_515' title='bbox 2547 3379 2893 3447; x_wconf 90' lang='lat' dir='ltr'>temporibus</span> <span class='ocrx_word' id='word_1_516' title='bbox 2928 3377 3175 3434; x_wconf 83' lang='lat' dir='ltr'>Silvestri</span> <span class='ocrx_word' id='word_1_517' title='bbox 3205 3392 3382 3447; x_wconf 58' lang='lat' dir='ltr'>papae,</span> <span class='ocrx_word' id='word_1_518' title='bbox 3423 3378 3529 3434; x_wconf 90' lang='lat' dir='ltr'>sub</span> <span class='ocrx_word' id='word_1_519' title='bbox 3561 3379 3910 3435; x_wconf 82' lang='lat' dir='ltr'>Constantino</span> 
     </span>
    </p>
   </div>
   <div class='ocr_carea' id='block_1_82' title="bbox 2278 3465 3908 3536">
    <p class='ocr_par' dir='ltr' id='par_1_82' title="bbox 2278 3465 3908 3536">
     <span class='ocr_line' id='line_1_82' title="bbox 2278 3465 3908 3536; baseline 0.001 -16"><span class='ocrx_word' id='word_1_520' title='bbox 2278 3467 2489 3536; x_wconf 86' lang='lat' dir='ltr'>Magno.</span> <span class='ocrx_word' id='word_1_521' title='bbox 2531 3467 2783 3522; x_wconf 88' lang='lat' dir='ltr'>Secunda</span> <span class='ocrx_word' id='word_1_522' title='bbox 2830 3468 2886 3522; x_wconf 94' lang='lat' dir='ltr'>in</span> <span class='ocrx_word' id='word_1_523' title='bbox 2933 3465 3467 3536; x_wconf 87' lang='lat' dir='ltr'>Constantinopolim</span> <span class='ocrx_word' id='word_1_524' title='bbox 3528 3466 3638 3522; x_wconf 89' lang='grc'>150</span> <span class='ocrx_word' id='word_1_525' title='bbox 3686 3470 3908 3531; x_wconf 82' lang='lat' dir='ltr'>Patrum,</span> 
     </span>
    </p>
   </div>
   <div class='ocr_carea' id='block_1_83' title="bbox 2279 3555 3911 3627">
    <p class='ocr_par' dir='ltr' id='par_1_83' title="bbox 2279 3555 3911 3627">
     <span class='ocr_line' id='line_1_83' title="bbox 2279 3555 3911 3627; baseline 0.001 -17"><span class='ocrx_word' id='word_1_526' title='bbox 2279 3560 2471 3611; x_wconf 90' lang='lat' dir='ltr'>contra</span> <span class='ocrx_word' id='word_1_527' title='bbox 2498 3555 2875 3611; x_wconf 85' lang='lat' dir='ltr'>Macedonium</span> <span class='ocrx_word' id='word_1_528' title='bbox 2943 3562 2999 3612; x_wconf 91' lang='lat' dir='ltr'>et</span> <span class='ocrx_word' id='word_1_529' title='bbox 3034 3555 3365 3622; x_wconf 85' lang='lat' dir='ltr'>Eudoxium,</span> <span class='ocrx_word' id='word_1_530' title='bbox 3421 3558 3778 3627; x_wconf 88' lang='lat' dir='ltr'>temporibus</span> <span class='ocrx_word' id='word_1_531' title='bbox 3830 3559 3911 3612; x_wconf 77' lang='lat' dir='ltr'>Da-</span> 
     </span>
    </p>
   </div>
   <div class='ocr_carea' id='block_1_84' title="bbox 2279 3645 3912 3717">
    <p class='ocr_par' dir='ltr' id='par_1_84' title="bbox 2279 3645 3912 3717">
     <span class='ocr_line' id='line_1_84' title="bbox 2279 3645 3912 3717; baseline 0.001 -18"><span class='ocrx_word' id='word_1_532' title='bbox 2279 3646 2413 3700; x_wconf 86' lang='lat' dir='ltr'><strong>masi</strong></span> <span class='ocrx_word' id='word_1_533' title='bbox 2452 3659 2608 3715; x_wconf 68' lang='lat' dir='ltr'>papae</span> <span class='ocrx_word' id='word_1_534' title='bbox 2656 3651 2711 3701; x_wconf 91' lang='lat' dir='ltr'>et</span> <span class='ocrx_word' id='word_1_535' title='bbox 2764 3645 3004 3701; x_wconf 88' lang='lat' dir='ltr'>Gratiani</span> <span class='ocrx_word' id='word_1_536' title='bbox 3056 3645 3342 3717; x_wconf 88' lang='lat' dir='ltr'>principis,</span> <span class='ocrx_word' id='word_1_537' title='bbox 3383 3646 3615 3716; x_wconf 89' lang='lat' dir='ltr'>quando</span> <span class='ocrx_word' id='word_1_538' title='bbox 3645 3648 3912 3703; x_wconf 73' lang='lat' dir='ltr'>Nectarius</span> 
     </span>
    </p>
   </div>
   <div class='ocr_carea' id='block_1_85' title="bbox 2281 3733 3910 3809">
    <p class='ocr_par' dir='ltr' id='par_1_85' title="bbox 2281 3733 3910 3809">
     <span class='ocr_line' id='line_1_85' title="bbox 2281 3733 3910 3809; baseline 0.002 -20"><span class='ocrx_word' id='word_1_539' title='bbox 2281 3733 2458 3789; x_wconf 90' lang='lat' dir='ltr'>eidem</span> <span class='ocrx_word' id='word_1_540' title='bbox 2480 3734 2603 3789; x_wconf 91' lang='lat' dir='ltr'>urbi</span> <span class='ocrx_word' id='word_1_541' title='bbox 2634 3739 2720 3790; x_wconf 90' lang='lat' dir='ltr'>est</span> <span class='ocrx_word' id='word_1_542' title='bbox 2739 3734 3029 3791; x_wconf 89' lang='lat' dir='ltr'>ordinatus</span> <span class='ocrx_word' id='word_1_543' title='bbox 3058 3735 3372 3806; x_wconf 90' lang='lat' dir='ltr'>episcopus.</span> <span class='ocrx_word' id='word_1_544' title='bbox 3404 3736 3599 3793; x_wconf 86' lang='lat' dir='ltr'>Tertia</span> <span class='ocrx_word' id='word_1_545' title='bbox 3626 3737 3686 3793; x_wconf 89' lang='lat' dir='ltr'>in</span> <span class='ocrx_word' id='word_1_546' title='bbox 3716 3737 3910 3809; x_wconf 82' lang='lat' dir='ltr'>Epheso</span> 
     </span>
    </p>
   </div>
   <div class='ocr_carea' id='block_1_86' title="bbox 2278 3822 3913 3896">
    <p class='ocr_par' dir='ltr' id='par_1_86' title="bbox 2278 3822 3913 3896">
     <span class='ocr_line' id='line_1_86' title="bbox 2278 3822 3913 3896; baseline 0.004 -19"><span class='ocrx_word' id='word_1_547' title='bbox 2278 3822 2386 3877; x_wconf 88' lang='lat'>200</span> <span class='ocrx_word' id='word_1_548' title='bbox 2414 3824 2654 3892; x_wconf 87' lang='lat' dir='ltr'>Patrum,</span> <span class='ocrx_word' id='word_1_549' title='bbox 2697 3830 2890 3880; x_wconf 89' lang='lat' dir='ltr'>contra</span> <span class='ocrx_word' id='word_1_550' title='bbox 2938 3825 3251 3881; x_wconf 84' lang='lat' dir='ltr'>Nestorium</span> <span class='ocrx_word' id='word_1_551' title='bbox 3297 3828 3560 3896; x_wconf 72' lang='lat' dir='ltr'>Augusta:</span> <span class='ocrx_word' id='word_1_552' title='bbox 3613 3827 3770 3882; x_wconf 84' lang='lat' dir='ltr'>urbis</span> <span class='ocrx_word' id='word_1_553' title='bbox 3812 3825 3913 3896; x_wconf 82' lang='lat' dir='ltr'>epi-</span> 
     </span>
    </p>
   </div>
   <div class='ocr_carea' id='block_1_87' title="bbox 2280 3913 3913 3986">
    <p class='ocr_par' dir='ltr' id='par_1_87' title="bbox 2280 3913 3913 3986">
     <span class='ocr_line' id='line_1_87' title="bbox 2280 3913 3913 3986; baseline 0.003 -18"><span class='ocrx_word' id='word_1_554' title='bbox 2280 3927 2530 3984; x_wconf 83' lang='lat' dir='ltr'>scopum,</span> <span class='ocrx_word' id='word_1_555' title='bbox 2580 3914 2683 3968; x_wconf 89' lang='lat' dir='ltr'>sub</span> <span class='ocrx_word' id='word_1_556' title='bbox 2740 3913 3053 3971; x_wconf 91' lang='lat' dir='ltr'>Theodosio</span> <span class='ocrx_word' id='word_1_557' title='bbox 3116 3915 3308 3985; x_wconf 84' lang='lat' dir='ltr'>Magno</span> <span class='ocrx_word' id='word_1_558' title='bbox 3375 3915 3633 3986; x_wconf 90' lang='lat' dir='ltr'>principe</span> <span class='ocrx_word' id='word_1_559' title='bbox 3689 3924 3748 3972; x_wconf 89' lang='lat' dir='ltr'>et</span> <span class='ocrx_word' id='word_1_560' title='bbox 3791 3928 3913 3986; x_wconf 77' lang='lat' dir='ltr'>papa</span> 
     </span>
    </p>
   </div>
   <div class='ocr_carea' id='block_1_88' title="bbox 2280 4001 3915 4073">
    <p class='ocr_par' dir='ltr' id='par_1_88' title="bbox 2280 4001 3915 4073">
     <span class='ocr_line' id='line_1_88' title="bbox 2280 4001 3915 4073; baseline 0 -16"><span class='ocrx_word' id='word_1_561' title='bbox 2280 4001 2593 4058; x_wconf 62' lang='lat' dir='ltr'>Caelestino.</span> <span class='ocrx_word' id='word_1_562' title='bbox 2634 4005 2837 4070; x_wconf 84' lang='lat' dir='ltr'>Quarta</span> <span class='ocrx_word' id='word_1_563' title='bbox 2893 4003 2950 4058; x_wconf 90' lang='lat' dir='ltr'>in</span> <span class='ocrx_word' id='word_1_564' title='bbox 2995 4003 3304 4059; x_wconf 89' lang='lat' dir='ltr'>Calcedone</span> <span class='ocrx_word' id='word_1_565' title='bbox 3355 4005 3580 4060; x_wconf 87' lang='lat' dir='ltr'>Patrum</span> <span class='ocrx_word' id='word_1_566' title='bbox 3629 4003 3761 4073; x_wconf 88' lang='lat'>630,</span> <span class='ocrx_word' id='word_1_567' title='bbox 3826 4004 3915 4060; x_wconf 82' lang='lat' dir='ltr'>sub</span> 
     </span>
    </p>
   </div>
   <div class='ocr_carea' id='block_1_89' title="bbox 2240 4091 3915 4164">
    <p class='ocr_par' dir='ltr' id='par_1_89' title="bbox 2240 4091 3915 4164">
     <span class='ocr_line' id='line_1_89' title="bbox 2240 4091 3915 4164; baseline 0.002 -18"><span class='ocrx_word' id='word_1_568' title='bbox 2240 4091 2463 4147; x_wconf 57' lang='lat' dir='ltr'>Leone</span> <span class='ocrx_word' id='word_1_569' title='bbox 2546 4105 2706 4161; x_wconf 90' lang='lat' dir='ltr'>papa,</span> <span class='ocrx_word' id='word_1_570' title='bbox 2784 4092 3126 4163; x_wconf 90' lang='lat' dir='ltr'>temporibus</span> <span class='ocrx_word' id='word_1_571' title='bbox 3209 4093 3473 4149; x_wconf 83' lang='lat' dir='ltr'>Marciani</span> <span class='ocrx_word' id='word_1_572' title='bbox 3547 4094 3915 4164; x_wconf 83' lang='lat' dir='ltr'>imperatoris.</span> 
     </span>
    </p>
   </div>
   <div class='ocr_carea' id='block_1_90' title="bbox 2280 4179 3914 4266">
    <p class='ocr_par' dir='ltr' id='par_1_90' title="bbox 2280 4179 3914 4266">
     <span class='ocr_line' id='line_1_90' title="bbox 2280 4179 3914 4266; baseline 0.002 -32"><span class='ocrx_word' id='word_1_573' title='bbox 2280 4180 2476 4246; x_wconf 84' lang='lat' dir='ltr'>Quinta</span> <span class='ocrx_word' id='word_1_574' title='bbox 2531 4179 2664 4236; x_wconf 93' lang='lat' dir='ltr'>item</span> <span class='ocrx_word' id='word_1_575' title='bbox 2702 4181 2769 4266; x_wconf 81' lang='lat' dir='ltr'>in</span> <span class='ocrx_word' id='word_1_576' title='bbox 2817 4181 3314 4252; x_wconf 89' lang='lat' dir='ltr'>Constantinopoli,</span> <span class='ocrx_word' id='word_1_577' title='bbox 3374 4183 3722 4252; x_wconf 89' lang='lat' dir='ltr'>temporibus</span> <span class='ocrx_word' id='word_1_578' title='bbox 3772 4182 3914 4254; x_wconf 79' lang='lat' dir='ltr'>Vigili</span> 
     </span>
    </p>
   </div>
   <div class='ocr_carea' id='block_1_91' title="bbox 2285 4269 3913 4342">
    <p class='ocr_par' dir='ltr' id='par_1_91' title="bbox 2285 4269 3913 4342">
     <span class='ocr_line' id='line_1_91' title="bbox 2285 4269 3913 4342; baseline 0.004 -21"><span class='ocrx_word' id='word_1_579' title='bbox 2285 4283 2460 4338; x_wconf 65' lang='grc' dir='ltr'>νίψω,</span> <span class='ocrx_word' id='word_1_580' title='bbox 2519 4269 2622 4324; x_wconf 90' lang='lat' dir='ltr'>sub</span> <span class='ocrx_word' id='word_1_581' title='bbox 2659 4269 2970 4327; x_wconf 89' lang='lat' dir='ltr'>Iustiniano</span> <span class='ocrx_word' id='word_1_582' title='bbox 3020 4270 3293 4342; x_wconf 91' lang='lat' dir='ltr'>principe,</span> <span class='ocrx_word' id='word_1_583' title='bbox 3343 4280 3539 4327; x_wconf 87' lang='lat' dir='ltr'>contra</span> <span class='ocrx_word' id='word_1_584' title='bbox 3579 4273 3913 4330; x_wconf 85' lang='lat' dir='ltr'>Theodorum</span> 
     </span>
    </p>
   </div>
   <div class='ocr_carea' id='block_1_92' title="bbox 626 4321 3344 4418">
    <p class='ocr_par' dir='ltr' id='par_1_92' title="bbox 626 4321 3344 4418">
     <span class='ocr_line' id='line_1_92' title="bbox 626 4321 3344 4418; baseline 0 -17"><span class='ocrx_word' id='word_1_585' title='bbox 626 4347 753 4402; x_wconf 87' lang='lat'>692.</span> <span class='ocrx_word' id='word_1_586' title='bbox 784 4346 838 4401; x_wconf 86' lang='lat'>2.</span> <span class='ocrx_word' id='word_1_587' title='bbox 868 4346 1070 4417; x_wconf 68' lang='lat' dir='ltr'>[cccxx]</span> <span class='ocrx_word' id='word_1_588' title='bbox 1096 4344 1301 4417; x_wconf 73' lang='grc' dir='ltr'>(ΒΕυΑ.)</span> <span class='ocrx_word' id='word_1_589' title='bbox 1329 4348 1615 4403; x_wconf 85' lang='lat' dir='ltr'>Sarraceni</span> <span class='ocrx_word' id='word_1_590' title='bbox 1635 4348 1871 4405; x_wconf 89' lang='lat' dir='ltr'>Siciliam</span> <span class='ocrx_word' id='word_1_591' title='bbox 1895 4348 2193 4417; x_wconf 86' lang='lat' dir='ltr'>invadunt;</span> <span class='ocrx_word' id='word_1_592' title='bbox 2215 4321 2335 4415; x_wconf 41' lang='lat' dir='ltr'>Div.</span> <span class='ocrx_word' id='word_1_593' title='bbox 2357 4321 2570 4415; x_wconf 41' lang='lat' dir='ltr'>romnes</span> <span class='ocrx_word' id='word_1_594' title='bbox 2598 4359 2895 4415; x_wconf 67' lang='lat' dir='ltr'>hereticos,</span> <span class='ocrx_word' id='word_1_595' title='bbox 2929 4360 2987 4388; x_wconf 60' lang='grc' dir='ltr'><strong><em>*α</em></strong></span> 
     </span>
    </p>
   </div>
   <div class='ocr_carea' id='block_1_93' title="bbox 558 4436 2197 4508">
    <p class='ocr_par' dir='ltr' id='par_1_93' title="bbox 558 4436 2197 4508">
     <span class='ocr_line' id='line_1_93' title="bbox 558 4436 2197 4508; baseline 0.004 -18"><span class='ocrx_word' id='word_1_596' title='bbox 558 4438 653 4508; x_wconf 88' lang='lat' dir='ltr'>qui</span> <span class='ocrx_word' id='word_1_597' title='bbox 683 4436 767 4504; x_wconf 73' lang='grc'>³⁵³⁵,</span> <span class='ocrx_word' id='word_1_598' title='bbox 801 4436 978 4507; x_wconf 76' lang='lat' dir='ltr'>preda‘</span> <span class='ocrx_word' id='word_1_599' title='bbox 1010 4436 1177 4491; x_wconf 89' lang='lat' dir='ltr'>nimia</span> <span class='ocrx_word' id='word_1_600' title='bbox 1206 4450 1391 4492; x_wconf 89' lang='lat' dir='ltr'>secum</span> <span class='ocrx_word' id='word_1_601' title='bbox 1430 4438 1630 4507; x_wconf 86' lang='lat' dir='ltr'>ablata,</span> <span class='ocrx_word' id='word_1_602' title='bbox 1665 4453 1790 4495; x_wconf 79' lang='lat' dir='ltr'>mox</span> <span class='ocrx_word' id='word_1_603' title='bbox 1818 4439 2197 4496; x_wconf 85' lang='lat' dir='ltr'>Alexandriam</span> 
     </span>
    </p>
   </div>
   <div class='ocr_carea' id='block_1_94' title="bbox 560 4525 818 4581">
    <p class='ocr_par' dir='ltr' id='par_1_94' title="bbox 560 4525 818 4581">
     <span class='ocr_line' id='line_1_94' title="bbox 560 4525 818 4581; baseline -0.012 0"><span class='ocrx_word' id='word_1_604' title='bbox 560 4525 818 4581; x_wconf 90' lang='lat' dir='ltr'>redeunt.</span> 
     </span>
    </p>
   </div>
   <div class='ocr_carea' id='block_1_95' title="bbox 628 4612 2231 4687">
    <p class='ocr_par' dir='ltr' id='par_1_95' title="bbox 628 4612 2231 4687">
     <span class='ocr_line' id='line_1_95' title="bbox 628 4612 2231 4687; baseline 0.004 -21"><span class='ocrx_word' id='word_1_605' title='bbox 628 4612 755 4668; x_wconf 87' lang='lat'>694.</span> <span class='ocrx_word' id='word_1_606' title='bbox 787 4612 842 4668; x_wconf 94' lang='lat'>4.</span> <span class='ocrx_word' id='word_1_607' title='bbox 890 4612 1135 4684; x_wconf 72' lang='lat' dir='ltr'>[oetxxn]</span> <span class='ocrx_word' id='word_1_608' title='bbox 1164 4612 1261 4668; x_wconf 84' lang='lat' dir='ltr'>Hic</span> <span class='ocrx_word' id='word_1_609' title='bbox 1291 4614 1684 4670; x_wconf 89' lang='lat' dir='ltr'>Constantinus</span> <span class='ocrx_word' id='word_1_610' title='bbox 1703 4617 1963 4687; x_wconf 72' lang='lat' dir='ltr'>princeps</span> <span class='ocrx_word' id='word_1_611' title='bbox 1992 4622 2197 4672; x_wconf 85' lang='lat' dir='ltr'>sextam</span> <span class='ocrx_word' id='word_1_612' title='bbox 2228 4663 2231 4666; x_wconf 97' lang='lat'>.</span> 
     </span>
    </p>
   </div>
   <div class='ocr_carea' id='block_1_96' title="bbox 507 4700 1117 4773">
    <p class='ocr_par' dir='ltr' id='par_1_96' title="bbox 507 4700 1117 4773">
     <span class='ocr_line' id='line_1_96' title="bbox 507 4700 1117 4773; baseline 0.002 -18"><span class='ocrx_word' id='word_1_613' title='bbox 507 4744 517 4755; x_wconf 71' lang='grc'><em>,</em></span> <span class='ocrx_word' id='word_1_614' title='bbox 558 4701 829 4773; x_wconf 87' lang='lat' dir='ltr'>synodum</span> <span class='ocrx_word' id='word_1_615' title='bbox 860 4700 1117 4757; x_wconf 90' lang='lat' dir='ltr'>instituit.</span> 
     </span>
    </p>
   </div>
   <div class='ocr_carea' id='block_1_97' title="bbox 812 4808 1952 4882">
    <p class='ocr_par' dir='ltr' id='par_1_97' title="bbox 812 4808 1952 4882">
     <span class='ocr_line' id='line_1_97' title="bbox 812 4808 1952 4882; baseline 0.001 -17"><span class='ocrx_word' id='word_1_616' title='bbox 812 4808 955 4879; x_wconf 87' lang='lat' dir='ltr'>[Cod.</span> <span class='ocrx_word' id='word_1_617' title='bbox 989 4808 1063 4862; x_wconf 85' lang='lat' dir='ltr'>in.</span> <span class='ocrx_word' id='word_1_618' title='bbox 1098 4822 1290 4877; x_wconf 84' lang='lat' dir='ltr'>marg.,</span> <span class='ocrx_word' id='word_1_619' title='bbox 1322 4808 1506 4864; x_wconf 87' lang='lat' dir='ltr'>Ciclus</span> <span class='ocrx_word' id='word_1_620' title='bbox 1544 4809 1679 4865; x_wconf 92' lang='lat' dir='ltr'>solis</span> <span class='ocrx_word' id='word_1_621' title='bbox 1716 4809 1952 4882; x_wconf 83' lang='lat' dir='ltr'>incipit.]</span> 
     </span>
    </p>
   </div>
   <div class='ocr_carea' id='block_1_98' title="bbox 625 4914 2196 4991">
    <p class='ocr_par' dir='ltr' id='par_1_98' title="bbox 625 4914 2196 4991">
     <span class='ocr_line' id='line_1_98' title="bbox 625 4914 2196 4991; baseline 0.003 -20"><span class='ocrx_word' id='word_1_622' title='bbox 625 4916 750 4973; x_wconf 87' lang='lat'>695.</span> <span class='ocrx_word' id='word_1_623' title='bbox 782 4917 836 4972; x_wconf 87' lang='lat'>5.</span> <span class='ocrx_word' id='word_1_624' title='bbox 875 4916 1142 4987; x_wconf 80' lang='lat' dir='ltr'>[DCLxxut]</span> <span class='ocrx_word' id='word_1_625' title='bbox 1180 4914 1243 4988; x_wconf 83' lang='lat' dir='ltr'>(t.</span> <span class='ocrx_word' id='word_1_626' title='bbox 1279 4916 1448 4987; x_wconf 84' lang='lat' dir='ltr'>pont.)</span> <span class='ocrx_word' id='word_1_627' title='bbox 1486 4918 1657 4972; x_wconf 80' lang='lat' dir='ltr'>Canus</span> <span class='ocrx_word' id='word_1_628' title='bbox 1679 4933 1827 4989; x_wconf 82' lang='lat' dir='ltr'>papa</span> <span class='ocrx_word' id='word_1_629' title='bbox 1854 4918 1924 4971; x_wconf 89' lang='lat'>77</span> <span class='ocrx_word' id='word_1_630' title='bbox 1954 4924 2075 4991; x_wconf 84' lang='lat' dir='ltr'>post</span> <span class='ocrx_word' id='word_1_631' title='bbox 2101 4922 2196 4976; x_wconf 86' lang='lat' dir='ltr'>Pe-</span> 
     </span>
    </p>
   </div>
   <div class='ocr_carea' id='block_1_99' title="bbox 554 5004 1859 5085">
    <p class='ocr_par' dir='ltr' id='par_1_99' title="bbox 554 5004 1859 5085">
     <span class='ocr_line' id='line_1_99' title="bbox 554 5004 1859 5085; baseline -0.002 -21"><span class='ocrx_word' id='word_1_632' title='bbox 554 5014 689 5065; x_wconf 86' lang='lat' dir='ltr'>trum</span> <span class='ocrx_word' id='word_1_633' title='bbox 718 5021 855 5085; x_wconf 71' lang='lat' dir='ltr'>anno</span> <span class='ocrx_word' id='word_1_634' title='bbox 888 5006 936 5074; x_wconf 92' lang='lat' dir='ltr'>l,</span> <span class='ocrx_word' id='word_1_635' title='bbox 968 5004 1227 5061; x_wconf 80' lang='lat' dir='ltr'>mensibus</span> <span class='ocrx_word' id='word_1_636' title='bbox 1257 5005 1293 5059; x_wconf 91' lang='lat'>6</span> <span class='ocrx_word' id='word_1_637' title='bbox 1325 5005 1482 5075; x_wconf 89' lang='lat' dir='ltr'>[obiit</span> <span class='ocrx_word' id='word_1_638' title='bbox 1509 5004 1544 5059; x_wconf 89' lang='lat'><strong>3</strong></span> <span class='ocrx_word' id='word_1_639' title='bbox 1573 5006 1653 5062; x_wconf 88' lang='lat' dir='ltr'>Id.</span> <span class='ocrx_word' id='word_1_640' title='bbox 1680 5007 1859 5078; x_wconf 89' lang='lat' dir='ltr'>Apr.].</span> 
     </span>
    </p>
   </div>
   <div class='ocr_carea' id='block_1_100' title="bbox 622 5093 2199 5173">
    <p class='ocr_par' dir='ltr' id='par_1_100' title="bbox 622 5093 2199 5173">
     <span class='ocr_line' id='line_1_100' title="bbox 622 5093 2199 5173; baseline 0.004 -23"><span class='ocrx_word' id='word_1_641' title='bbox 622 5095 750 5151; x_wconf 89' lang='lat'>696.</span> <span class='ocrx_word' id='word_1_642' title='bbox 829 5095 882 5150; x_wconf 90' lang='lat'>6.</span> <span class='ocrx_word' id='word_1_643' title='bbox 953 5094 1215 5165; x_wconf 69' lang='lat' dir='ltr'>[ncnxxrv]</span> <span class='ocrx_word' id='word_1_644' title='bbox 1296 5093 1558 5148; x_wconf 87' lang='lat' dir='ltr'>Hibernia</span> <span class='ocrx_word' id='word_1_645' title='bbox 1636 5095 1815 5151; x_wconf 91' lang='lat' dir='ltr'>insula</span> <span class='ocrx_word' id='word_1_646' title='bbox 1883 5104 2199 5173; x_wconf 82' lang='lat' dir='ltr'>sanctorum</span> 
     </span>
    </p>
   </div>
   <div class='ocr_carea' id='block_1_101' title="bbox 553 5182 2200 5260">
    <p class='ocr_par' dir='ltr' id='par_1_101' title="bbox 553 5182 2200 5260">
     <span class='ocr_line' id='line_1_101' title="bbox 553 5182 2200 5260; baseline 0.002 -17"><span class='ocrx_word' id='word_1_647' title='bbox 553 5185 761 5243; x_wconf 88' lang='lat' dir='ltr'>sanctis</span> <span class='ocrx_word' id='word_1_648' title='bbox 824 5183 1169 5240; x_wconf 91' lang='lat' dir='ltr'>mirabilibus</span> <span class='ocrx_word' id='word_1_649' title='bbox 1241 5182 1596 5254; x_wconf 87' lang='lat' dir='ltr'>perplurimis</span> <span class='ocrx_word' id='word_1_650' title='bbox 1668 5184 1977 5244; x_wconf 91' lang='lat' dir='ltr'>sublimiter</span> <span class='ocrx_word' id='word_1_651' title='bbox 2038 5189 2200 5260; x_wconf 90' lang='lat' dir='ltr'>plena</span> 
     </span>
    </p>
   </div>
   <div class='ocr_carea' id='block_1_102' title="bbox 554 5276 1459 5332">
    <p class='ocr_par' dir='ltr' id='par_1_102' title="bbox 554 5276 1459 5332">
     <span class='ocr_line' id='line_1_102' title="bbox 554 5276 1459 5332; baseline 0 -2"><span class='ocrx_word' id='word_1_652' title='bbox 554 5276 809 5332; x_wconf 89' lang='lat' dir='ltr'>habetur.</span> <span class='ocrx_word' id='word_1_653' title='bbox 1454 5298 1459 5305; x_wconf 92' lang='lat'><strong>-</strong></span> 
     </span>
    </p>
   </div>
   <div class='ocr_carea' id='block_1_103' title="bbox 2358 4448 3912 4526">
    <p class='ocr_par' dir='ltr' id='par_1_103' title="bbox 2358 4448 3912 4526">
     <span class='ocr_line' id='line_1_103' title="bbox 2358 4448 3912 4526; baseline 0.003 -24"><span class='ocrx_word' id='word_1_654' title='bbox 2358 4448 2583 4519; x_wconf 50' lang='lat' dir='ltr'>gAgatho</span> <span class='ocrx_word' id='word_1_655' title='bbox 2634 4463 2773 4519; x_wconf 87' lang='lat' dir='ltr'>papa</span> <span class='ocrx_word' id='word_1_656' title='bbox 2827 4449 2966 4505; x_wconf 90' lang='lat' dir='ltr'>obiit</span> <span class='ocrx_word' id='word_1_657' title='bbox 3011 4448 3047 4502; x_wconf 90' lang='lat'><strong>4</strong></span> <span class='ocrx_word' id='word_1_658' title='bbox 3116 4450 3245 4506; x_wconf 89' lang='lat' dir='ltr'>Idus</span> <span class='ocrx_word' id='word_1_659' title='bbox 3284 4451 3573 4521; x_wconf 48' lang='lat' dir='ltr'>Ianuarii.,</span> <span class='ocrx_word' id='word_1_660' title='bbox 3641 4452 3711 4525; x_wconf 83' lang='grc' dir='ltr'>(ι.</span> <span class='ocrx_word' id='word_1_661' title='bbox 3756 4451 3912 4526; x_wconf 70' lang='lat' dir='ltr'>potu.)</span> 
     </span>
    </p>
   </div>
   <div class='ocr_carea' id='block_1_104' title="bbox 2288 4538 3917 4613">
    <p class='ocr_par' dir='ltr' id='par_1_104' title="bbox 2288 4538 3917 4613">
     <span class='ocr_line' id='line_1_104' title="bbox 2288 4538 3917 4613; baseline 0.001 -20"><span class='ocrx_word' id='word_1_662' title='bbox 2288 4539 2569 4608; x_wconf 83' lang='lat' dir='ltr'>[Tempore</span> <span class='ocrx_word' id='word_1_663' title='bbox 2598 4538 2900 4609; x_wconf 83' lang='lat' dir='ltr'>Agathonis</span> <span class='ocrx_word' id='word_1_664' title='bbox 2932 4552 3109 4609; x_wconf 65' lang='lat' dir='ltr'>papae,</span> <span class='ocrx_word' id='word_1_665' title='bbox 3134 4539 3438 4596; x_wconf 90' lang='lat' dir='ltr'>indictione</span> <span class='ocrx_word' id='word_1_666' title='bbox 3457 4542 3513 4607; x_wconf 90' lang='lat'>8,</span> <span class='ocrx_word' id='word_1_667' title='bbox 3539 4542 3676 4599; x_wconf 85' lang='lat' dir='ltr'>luna</span> <span class='ocrx_word' id='word_1_668' title='bbox 3704 4542 3917 4613; x_wconf 82' lang='lat' dir='ltr'>eclipsin</span> 
     </span>
    </p>
   </div>
   <div class='ocr_carea' id='block_1_105' title="bbox 2289 4625 3172 4699">
    <p class='ocr_par' dir='ltr' id='par_1_105' title="bbox 2289 4625 3172 4699">
     <span class='ocr_line' id='line_1_105' title="bbox 2289 4625 3172 4699; baseline 0.005 -21"><span class='ocrx_word' id='word_1_669' title='bbox 2289 4626 2517 4696; x_wconf 87' lang='lat' dir='ltr'>pertulit</span> <span class='ocrx_word' id='word_1_670' title='bbox 2555 4627 2644 4682; x_wconf 90' lang='lat' dir='ltr'>die</span> <span class='ocrx_word' id='word_1_671' title='bbox 2680 4625 2743 4679; x_wconf 92' lang='lat'>18</span> <span class='ocrx_word' id='word_1_672' title='bbox 2780 4627 2984 4682; x_wconf 90' lang='lat' dir='ltr'>mensis</span> <span class='ocrx_word' id='word_1_673' title='bbox 3018 4627 3172 4699; x_wconf 87' lang='lat' dir='ltr'>Iun.]</span> 
     </span>
    </p>
   </div>
   <div class='ocr_carea' id='block_1_106' title="bbox 2502 4716 3922 4792">
    <p class='ocr_par' dir='ltr' id='par_1_106' title="bbox 2502 4716 3922 4792">
     <span class='ocr_line' id='line_1_106' title="bbox 2502 4716 3922 4792; baseline 0.003 -21"><span class='ocrx_word' id='word_1_674' title='bbox 2502 4717 2859 4792; x_wconf 58' lang='lat' dir='ltr'>In_margine_</span> <span class='ocrx_word' id='word_1_675' title='bbox 2892 4716 3002 4772; x_wconf 72' lang='lat' dir='ltr'>luce</span> <span class='ocrx_word' id='word_1_676' title='bbox 3029 4719 3297 4792; x_wconf 71' lang='lat' dir='ltr'>teguntur</span> <span class='ocrx_word' id='word_1_677' title='bbox 3350 4719 3408 4787; x_wconf 84' lang='grc' dir='ltr'>(ι.</span> <span class='ocrx_word' id='word_1_678' title='bbox 3443 4722 3621 4792; x_wconf 80' lang='lat' dir='ltr'>pont.)</span> <span class='ocrx_word' id='word_1_679' title='bbox 3666 4746 3683 4777; x_wconf 89' lang='lat'><em>:</em></span> <span class='ocrx_word' id='word_1_680' title='bbox 3730 4724 3831 4791; x_wconf 82' lang='lat' dir='ltr'>Qui</span> <span class='ocrx_word' id='word_1_681' title='bbox 3874 4724 3922 4777; x_wconf 85' lang='lat' dir='ltr'>in</span> 
     </span>
    </p>
   </div>
   <div class='ocr_carea' id='block_1_107' title="bbox 2504 4787 3926 4870">
    <p class='ocr_par' dir='ltr' id='par_1_107' title="bbox 2504 4787 3926 4870">
     <span class='ocr_line' id='line_1_107' title="bbox 2504 4787 3926 4870; baseline 0.005 -28"><span class='ocrx_word' id='word_1_682' title='bbox 2504 4787 2693 4870; x_wconf 76' lang='lat' dir='ltr'>urbem</span> <span class='ocrx_word' id='word_1_683' title='bbox 2741 4788 2971 4870; x_wconf 72' lang='lat' dir='ltr'>regiam,</span> <span class='ocrx_word' id='word_1_684' title='bbox 3024 4789 3111 4870; x_wconf 34' lang='lat' dir='ltr'>id“</span> <span class='ocrx_word' id='word_1_685' title='bbox 3129 4796 3213 4845; x_wconf 91' lang='lat' dir='ltr'>est</span> <span class='ocrx_word' id='word_1_686' title='bbox 3258 4787 3926 4870; x_wconf 52' lang='lat' dir='ltr'>Constantinopolimin-</span> 
     </span>
    </p>
   </div>
   <div class='ocr_carea' id='block_1_108' title="bbox 2503 4859 3928 4931">
    <p class='ocr_par' dir='ltr' id='par_1_108' title="bbox 2503 4859 3928 4931">
     <span class='ocr_line' id='line_1_108' title="bbox 2503 4859 3928 4931; baseline 0.004 -17"><span class='ocrx_word' id='word_1_687' title='bbox 2503 4859 2840 4931; x_wconf 85' lang='lat' dir='ltr'>gredientes,</span> <span class='ocrx_word' id='word_1_688' title='bbox 2899 4859 2990 4931; x_wconf 89' lang='lat' dir='ltr'>die</span> <span class='ocrx_word' id='word_1_689' title='bbox 3050 4859 3115 4914; x_wconf 93' lang='lat'>10</span> <span class='ocrx_word' id='word_1_690' title='bbox 3165 4862 3370 4918; x_wconf 90' lang='lat' dir='ltr'>mensis</span> <span class='ocrx_word' id='word_1_691' title='bbox 3421 4859 3777 4931; x_wconf 82' lang='lat' dir='ltr'>Novembris.</span> <span class='ocrx_word' id='word_1_692' title='bbox 3809 4859 3928 4921; x_wconf 40' lang='lat' dir='ltr'>&#39;in—</span> 
     </span>
    </p>
   </div>
   <div class='ocr_carea' id='block_1_109' title="bbox 2494 4930 3928 5005">
    <p class='ocr_par' dir='ltr' id='par_1_109' title="bbox 2494 4930 3928 5005">
     <span class='ocr_line' id='line_1_109' title="bbox 2494 4930 3928 5005; baseline 0.004 -20"><span class='ocrx_word' id='word_1_693' title='bbox 2494 4930 2738 5005; x_wconf 84' lang='lat' dir='ltr'>dictione</span> <span class='ocrx_word' id='word_1_694' title='bbox 2794 4930 2873 4997; x_wconf 67' lang='grc'>9³,</span> <span class='ocrx_word' id='word_1_695' title='bbox 2940 4930 3032 5005; x_wconf 81' lang='lat' dir='ltr'>die</span> <span class='ocrx_word' id='word_1_696' title='bbox 3081 4931 3145 4985; x_wconf 92' lang='lat'>18</span> <span class='ocrx_word' id='word_1_697' title='bbox 3197 4935 3404 4990; x_wconf 90' lang='lat' dir='ltr'>mensis</span> <span class='ocrx_word' id='word_1_698' title='bbox 3460 4937 3789 5005; x_wconf 80' lang='lat' dir='ltr'>Novembr.,</span> <span class='ocrx_word' id='word_1_699' title='bbox 3844 4937 3928 4992; x_wconf 87' lang='lat' dir='ltr'>die</span> 
     </span>
    </p>
   </div>
   <div class='ocr_carea' id='block_1_110' title="bbox 2498 5002 3932 5083">
    <p class='ocr_par' dir='ltr' id='par_1_110' title="bbox 2498 5002 3932 5083">
     <span class='ocr_line' id='line_1_110' title="bbox 2498 5002 3932 5083; baseline 0.002 -25"><span class='ocrx_word' id='word_1_700' title='bbox 2498 5002 2837 5083; x_wconf 72' lang='lat' dir='ltr'>dominico,_</span> <span class='ocrx_word' id='word_1_701' title='bbox 2880 5003 2980 5083; x_wconf 88' lang='lat' dir='ltr'>_ad</span> <span class='ocrx_word' id='word_1_702' title='bbox 3066 5007 3486 5083; x_wconf 70' lang='lat' dir='ltr'>processionem</span> <span class='ocrx_word' id='word_1_703' title='bbox 3585 5002 3932 5083; x_wconf 66' lang='lat' dir='ltr'>imperatoris</span> 
     </span>
    </p>
   </div>
   <div class='ocr_carea' id='block_1_111' title="bbox 2496 5073 3932 5137">
    <p class='ocr_par' dir='ltr' id='par_1_111' title="bbox 2496 5073 3932 5137">
     <span class='ocr_line' id='line_1_111' title="bbox 2496 5073 3932 5137; baseline 0.004 -8"><span class='ocrx_word' id='word_1_704' title='bbox 2496 5073 2839 5130; x_wconf 90' lang='lat' dir='ltr'>Constantini</span> <span class='ocrx_word' id='word_1_705' title='bbox 2880 5074 3181 5130; x_wconf 89' lang='lat' dir='ltr'>honoriﬁce</span> <span class='ocrx_word' id='word_1_706' title='bbox 3214 5079 3393 5133; x_wconf 88' lang='lat' dir='ltr'>vocati</span> <span class='ocrx_word' id='word_1_707' title='bbox 3430 5087 3584 5134; x_wconf 90' lang='lat' dir='ltr'>sunt.</span> <span class='ocrx_word' id='word_1_708' title='bbox 3614 5073 3718 5137; x_wconf 83' lang='lat' dir='ltr'>Die</span> <span class='ocrx_word' id='word_1_709' title='bbox 3758 5081 3821 5134; x_wconf 87' lang='lat'>17</span> <span class='ocrx_word' id='word_1_710' title='bbox 3848 5095 3932 5135; x_wconf 81' lang='lat' dir='ltr'>au-</span> 
     </span>
    </p>
   </div>
   <div class='ocr_carea' id='block_1_112' title="bbox 2495 5145 3931 5223">
    <p class='ocr_par' dir='ltr' id='par_1_112' title="bbox 2495 5145 3931 5223">
     <span class='ocr_line' id='line_1_112' title="bbox 2495 5145 3931 5223; baseline 0.007 -24"><span class='ocrx_word' id='word_1_711' title='bbox 2495 5151 2606 5223; x_wconf 87' lang='lat' dir='ltr'>tem</span> <span class='ocrx_word' id='word_1_712' title='bbox 2636 5145 2841 5200; x_wconf 90' lang='lat' dir='ltr'>mensis</span> <span class='ocrx_word' id='word_1_713' title='bbox 2859 5146 3164 5223; x_wconf 60' lang='lat' dir='ltr'>Februarii,</span> <span class='ocrx_word' id='word_1_714' title='bbox 3188 5147 3604 5223; x_wconf 86' lang='lat' dir='ltr'>die_dom_inico,</span> <span class='ocrx_word' id='word_1_715' title='bbox 3629 5152 3931 5223; x_wconf 77' lang='lat' dir='ltr'>interroga-</span> 
     </span>
    </p>
   </div>
   <div class='ocr_carea' id='block_1_113' title="bbox 2495 5218 3930 5290">
    <p class='ocr_par' dir='ltr' id='par_1_113' title="bbox 2495 5218 3930 5290">
     <span class='ocr_line' id='line_1_113' title="bbox 2495 5218 3930 5290; baseline 0.003 -20"><span class='ocrx_word' id='word_1_716' title='bbox 2495 5220 2585 5290; x_wconf 83' lang='lat' dir='ltr'>tus</span> <span class='ocrx_word' id='word_1_717' title='bbox 2622 5218 3045 5290; x_wconf 75' lang='lat' dir='ltr'>estpatriarcha</span> <span class='ocrx_word' id='word_1_718' title='bbox 3072 5219 3369 5290; x_wconf 88' lang='lat' dir='ltr'>Gregorius</span> <span class='ocrx_word' id='word_1_719' title='bbox 3398 5221 3467 5277; x_wconf 91' lang='lat' dir='ltr'>de</span> <span class='ocrx_word' id='word_1_720' title='bbox 3497 5222 3606 5278; x_wconf 87' lang='lat' dir='ltr'>ﬁde</span> <span class='ocrx_word' id='word_1_721' title='bbox 3634 5218 3930 5280; x_wconf 71' lang='lat' dir='ltr'>catholica.</span> 
     </span>
    </p>
   </div>
   <div class='ocr_carea' id='block_1_114' title="bbox 2424 5286 3928 5364">
    <p class='ocr_par' dir='ltr' id='par_1_114' title="bbox 2424 5286 3928 5364">
     <span class='ocr_line' id='line_1_114' title="bbox 2424 5286 3928 5364; baseline 0.007 -23"><span class='ocrx_word' id='word_1_722' title='bbox 2424 5286 2472 5311; x_wconf 69' lang='lat'><strong>”</strong></span> <span class='ocrx_word' id='word_1_723' title='bbox 2496 5286 2591 5358; x_wconf 82' lang='lat' dir='ltr'>fol.</span> <span class='ocrx_word' id='word_1_724' title='bbox 2631 5287 2750 5355; x_wconf 84' lang='lat'>154,</span> <span class='ocrx_word' id='word_1_725' title='bbox 2799 5288 2855 5344; x_wconf 84' lang='lat' dir='ltr'>in</span> <span class='ocrx_word' id='word_1_726' title='bbox 2906 5286 3460 5362; x_wconf 53' lang='lat' dir='ltr'>superiori&#39;margine</span> <span class='ocrx_word' id='word_1_727' title='bbox 3496 5294 3619 5349; x_wconf 76' lang='grc' dir='ltr'>Ἰιωσ</span> <span class='ocrx_word' id='word_1_728' title='bbox 3667 5294 3928 5364; x_wconf 64' lang='lat' dir='ltr'>leguntur.</span> 
     </span>
    </p>
   </div>
   <div class='ocr_carea' id='block_1_115' title="bbox 1915 5367 2573 5433">
    <p class='ocr_par' dir='ltr' id='par_1_115' title="bbox 1915 5367 2573 5433">
     <span class='ocr_line' id='line_1_115' title="bbox 1915 5367 2573 5433; baseline 0.011 -10"><span class='ocrx_word' id='word_1_729' title='bbox 1915 5367 2139 5428; x_wconf 62' lang='lat' dir='ltr'>VARIAE</span> <span class='ocrx_word' id='word_1_730' title='bbox 2184 5377 2573 5433; x_wconf 88' lang='lat' dir='ltr'>LECTIONES.</span> 
     </span>
    </p>
   </div>
   <div class='ocr_carea' id='block_1_116' title="bbox 557 5513 697 5564">
    <p class='ocr_par' dir='ltr' id='par_1_116' title="bbox 557 5513 697 5564">
     <span class='ocr_line' id='line_1_116' title="bbox 557 5513 697 5564; baseline -0.014 0"><span class='ocrx_word' id='word_1_731' title='bbox 557 5513 697 5564; x_wconf 77' lang='lat' dir='ltr'>sunt.</span> 
     </span>
    </p>
   </div>
   <div class='ocr_carea' id='block_1_117' title="bbox 626 5433 3186 5521">
    <p class='ocr_par' dir='ltr' id='par_1_117' title="bbox 626 5433 3186 5521">
     <span class='ocr_line' id='line_1_117' title="bbox 626 5433 3186 5521; baseline 0.007 -31"><span class='ocrx_word' id='word_1_732' title='bbox 626 5436 693 5521; x_wconf 54' lang='grc' dir='ltr'>’ξ’</span> <span class='ocrx_word' id='word_1_733' title='bbox 720 5436 830 5491; x_wconf 67' lang='lat' dir='ltr'>haec</span> <span class='ocrx_word' id='word_1_734' title='bbox 858 5434 929 5504; x_wconf 85' lang='grc' dir='ltr'>(α.</span> <span class='ocrx_word' id='word_1_735' title='bbox 970 5434 1275 5503; x_wconf 84' lang='grc'>676-686)</span> <span class='ocrx_word' id='word_1_736' title='bbox 1323 5433 1543 5494; x_wconf 76' lang='lat' dir='ltr'>diversis</span> <span class='ocrx_word' id='word_1_737' title='bbox 1588 5437 1741 5494; x_wconf 81' lang='lat' dir='ltr'>annis</span> <span class='ocrx_word' id='word_1_738' title='bbox 1785 5438 1983 5511; x_wconf 81' lang='lat' dir='ltr'>scripta</span> <span class='ocrx_word' id='word_1_739' title='bbox 2019 5443 2375 5518; x_wconf 81' lang='lat' dir='ltr'>coniungenda</span> <span class='ocrx_word' id='word_1_740' title='bbox 2405 5463 2520 5506; x_wconf 81' lang='lat' dir='ltr'>esse</span> <span class='ocrx_word' id='word_1_741' title='bbox 2556 5452 2721 5521; x_wconf 83' lang='lat' dir='ltr'>patet.</span> <span class='ocrx_word' id='word_1_742' title='bbox 2813 5448 2879 5481; x_wconf 60' lang='lat'>’9‘</span> <span class='ocrx_word' id='word_1_743' title='bbox 2905 5448 3099 5521; x_wconf 89' lang='lat' dir='ltr'>aliqut.</span> <span class='ocrx_word' id='word_1_744' title='bbox 3141 5449 3186 5507; x_wconf 92' lang='lat' dir='ltr'>l.</span> 
     </span>
    </p>
   </div>
   <div class='ocr_carea' id='block_1_118' title="bbox 3281 5452 3933 5533">
    <p class='ocr_par' dir='ltr' id='par_1_118' title="bbox 3281 5452 3933 5533">
     <span class='ocr_line' id='line_1_118' title="bbox 3281 5452 3933 5533; baseline 0.008 -25"><span class='ocrx_word' id='word_1_745' title='bbox 3281 5453 3347 5485; x_wconf 72' lang='lat' dir='ltr'>m</span> <span class='ocrx_word' id='word_1_746' title='bbox 3373 5452 3485 5508; x_wconf 67' lang='lat' dir='ltr'>hinc</span> <span class='ocrx_word' id='word_1_747' title='bbox 3512 5470 3567 5510; x_wconf 81' lang='grc' dir='ltr'>α.</span> <span class='ocrx_word' id='word_1_748' title='bbox 3598 5453 3713 5510; x_wconf 86' lang='lat'>693</span> <span class='ocrx_word' id='word_1_749' title='bbox 3742 5458 3933 5533; x_wconf 66' lang='lat' dir='ltr'>atripr</span> 
     </span>
    </p>
   </div>
  </div>
