4000 6158
116 316 209 369 753

1375 329 1779 387 CHRONICON.
1821 362 1891 373 —
1930 336 2052 390 LIB.
2094 337 2184 391 lll.

3360 356 3465 410 754

309 442 504 540 ἐξξὲυὲ
566 445 1003 540 (lugu-Patren:
1028 452 1574 540 majoremLFilium
1636 456 1743 511 mi-
1758 459 1812 519 Α
1896 459 2024 516 711.
2064 461 2119 516 4.
2173 462 2470 536 [ncmxrx]
2525 466 2720 540 (Bene)
2760 469 3197 529 Justinianianus
3226 473 3291 507 κδ
3328 492 3469 536 con-

312 527 526 587 uorem,
585 517 848 587 Spiritum
913 517 1161 578 sanctum
1227 517 1532 581 creaturam
1598 540 1739 583 esse.

310 586 736 664 gachedonius
795 593 1030 663 negabat
1120 595 1381 663 Spiritum
1471 604 1742 664 sanctum,

308 657 597 733 Nestorius
625 659 764 715 dixit
800 657 1044 719 sanctam
1082 657 1301 722 Mariam
1340 680 1452 723 non
1491 668 1609 733 Dei,
1640 657 1736 724 sed

310 727 551 804 hominis
582 737 825 804 tantum
890 736 1213 804 genitricem
1258 752 1398 794 esse.
1446 727 1744 795 Euthiceus

309 799 954 872 Constantinopolitanus
1017 807 1188 861 abbas
1261 809 1400 865 dixit
1463 810 1739 866 Christum

310 884 413 938 per
458 870 749 929 humanam
814 877 1207 933 assumtionem
1256 894 1365 935 non
1416 896 1481 937 ex
1530 882 1743 937 duabus

311 941 548 998 existere
605 946 837 1012 naturis,
896 948 992 1003 sed
1049 948 1221 1005 solam
1279 952 1334 1005 in
1383 965 1450 1008 eo
1505 953 1741 1008 divinam

309 1018 559 1069 naturam
652 1030 892 1073 manere.
969 1020 1292 1077 Theodorus
1366 1023 1506 1078 dixit
1577 1024 1741 1080 alium

310 1097 443 1162 esse
472 1086 639 1162 Deum
677 1088 923 1162 verbum,
974 1098 1031 1145 et
1074 1090 1239 1147 alium
1287 1106 1409 1149 esse
1445 1095 1741 1162 Christum,

308 1160 368 1209 et
395 1156 615 1229 Mariam
644 1170 756 1213 non
808 1160 905 1215 Dei
954 1175 1074 1217 esse
1132 1170 1381 1219 matrem.
1437 1156 1743 1229 Macharius

304 1239 439 1281 vero
512 1228 1183 1306 Constantinopolitanus
1234 1235 1529 1306 episcopus
1603 1238 1743 1293 dixit

309 1309 472 1351 unam
510 1299 846 1357 voluntatem
882 1299 936 1359 et
974 1299 1352 1374 operationem
1409 1299 1465 1363 in
1522 1308 1741 1364 Christo

309 1381 455 1423 esse.

171 1453 288 1508 699.
329 1455 387 1509 9.
443 1458 730 1531 fner.xxvn]
795 1461 845 1529 (l.
902 1464 1080 1535 poni.)
1141 1467 1244 1520 Leo
1303 1482 1447 1538 papa
1484 1467 1557 1521 79
1592 1484 1740 1523 meu-

106 1541 328 1597 sibus’“
365 1544 449 1599 ll.
486 1546 613 1617 [Leo
645 1563 785 1620 papa
833 1552 973 1607 obiit
1021 1552 1057 1604 5
1111 1555 1252 1610 Non.
1296 1556 1465 1624 Julii;
1513 1564 1568 1612 et
1615 1572 1740 1613 ces-

106 1632 232 1687 savit
312 1634 671 1705 episcopatus
752 1641 1035 1696 mensibus
1128 1642 1210 1698 ll.
1302 1646 1420 1701 Hoc
1493 1652 1741 1716 tempore

106 1720 290 1776 Leonis
327 1736 508 1792 papae,
542 1724 632 1780 die
670 1727 733 1779 16
770 1729 975 1784 mensis
1022 1731 1247 1800 Aprilis,
1296 1732 1599 1790 indictione
1653 1734 1705 1787 ll

1826 547 2007 605 stituit
2035 564 2224 620 pacem
2257 567 2380 609 cum
2427 555 2745 613 Sarracenis
2790 559 3060 617 decennio
3108 568 3257 618 terra
3303 568 3478 623 mari-

1826 651 1971 707 que;
2000 639 2098 695 sed
2137 646 2194 696 et
2222 644 2504 710 provincia
2533 646 2729 702 Atfrica
2759 649 3045 720 subjugata
3093 660 3178 709 est
3225 656 3473 712 Romano

1824 725 2082 795 imperio,
2115 742 2239 798 quae
2278 738 2395 786 erat
2442 732 2665 791 detenta
2707 751 2738 791 a
2784 739 3121 809 Sarracenis,
3171 744 3288 814 ipsa
3336 759 3474 814 quo-

1826 829 1933 884 que
1962 817 2251 888 Cartagine
2279 821 2348 875 ab
2380 822 2460 877 eis
2489 830 2647 893 capta
2679 830 2734 881 et
2763 827 3064 886 destructa.

1893 902 2019 960 712.
2060 905 2115 960 5.
2154 907 2323 978 [nexo]
2373 909 2430 975 (ι.
2474 912 2655 984 poni.)
2710 914 2948 986 [Sergius
2993 932 3133 990 papa
3182 924 3471 980 constituit

1824 995 1885 1047 ut
1940 997 2187 1063 tempore
2227 997 2623 1056 confractionis
2671 1003 2941 1061 Dominici
2988 1012 3240 1080 corporis
3285 1014 3471 1082 Agnus

1822 1080 1918 1135 Dei
1948 1095 1979 1137 a
2010 1081 2159 1139 clero
2190 1088 2545 1158 cantaretur.]

1892 1169 2018 1226 714.
2084 1172 2139 1227 7.
2231 1173 2443 1245 [ncxcn]
2523 1177 2739 1250 (BEDA.)
2807 1182 3150 1241 Justinianus
3221 1188 3471 1259 Sergium

1824 1271 2043 1327 papam,
2084 1261 2178 1331 qui
2226 1264 2461 1321 erratice
2508 1280 2623 1322 suae
2671 1268 2892 1335 sinodo,
2944 1286 3107 1341 quam
3154 1276 3473 1335 Constanti-

1824 1348 2071 1417 nopolim
2126 1349 2352 1421 fecerat,
2412 1352 2594 1411 favere
2659 1363 2716 1412 et
2769 1358 3120 1419 subscribere
3178 1366 3472 1435 noluisset,

1824 1436 1991 1493 misso
2033 1439 2293 1496 Zacharia
2349 1445 2759 1513 protospatario
2815 1462 2938 1512 suo,
2994 1451 3162 1519 jussit
3198 1454 3472 1511 Constan-

1824 1524 2113 1596 tinopolim
2134 1528 2437 1599 deportari;
2460 1533 2558 1587 sed
2579 1532 2642 1563 ⁸⁹⁹
2664 1537 2914 1604 prevenit
2933 1538 3127 1595 militia
3142 1542 3475 1600 Ravennatae

1823 1615 1977 1670 urbis
2003 1617 2415 1690 vicinarumque
2455 1622 2688 1691 partium
2724 1626 2876 1693 jussa
2915 1628 3184 1698 principis
3214 1632 3471 1699 nefanda,

1820 1708 1876 1758 et
1905 1705 2138 1762 eundem
2168 1708 2480 1765 Zachariam
2512 1712 2862 1769 contumeliis
2899 1720 2955 1770 et
2986 1716 3203 1785 injuriis
3231 1719 3300 1774 ab
3331 1720 3469 1776 urbe

104 1806 221 1863 luna
260 1778 508 1885 eclipsin,
542 1778 968 1886 pertulit,mpost
1026 1778 1247 1875 cenam,
1272 1822 1511 1889 Domini,
1573 1778 1736 1880 nocte
1756 1786 1805 1844 Β
1826 1793 1997 1889 ROB}?
2027 1796 2258 1889 99W!“-

104 1909 232 1964 pene
294 1904 413 1955 tota
480 1901 536 1957 in
602 1906 905 1974 sanguineo
970 1907 1120 1964 vultu
1177 1908 1497 1978 elaboravit,
1556 1912 1738 1969 donec

105 1993 218 2054 post
253 1988 608 2058 gallicantum
666 1995 811 2064 cepit
864 1997 1122 2065 paulatim
1171 1999 1531 2070 delimpidare
1578 2008 1634 2058 et
1679 2002 1736 2057 in

101 2088 190 2131 suo
219 2079 462 2147 reverti]

159 2164 284 2219 700.
363 2167 442 2223 10.
515 2169 821 2243 [DCLxxvm]
898 2176 1131 2230 Sanctus
1205 2178 1347 2233 Beda
1412 2180 1687 2249 presbiter
1719 2222 1733 2242 .

95 2253 352 2324 Anglicus
418 2266 785 2328 compotator,
852 2262 941 2316 his
1008 2266 1350 2333 temporibus
1386 2267 1568 2323 clarus
1633 2268 1733 2323 ha-

96 2338 270 2399 betur.

150 2431 286 2484 701.
320 2505 326 2510 _
366 2434 447 2487 ιι.
484 2434 757 2504 [nenxxrx]
818 2438 1130 2494 Benedictus
1180 2455 1325 2510 papa
1363 2442 1434 2495 80
1490 2443 1643 2498 annis
1678 2444 1734 2510 4,

90 2505 350 2573 mensibus
393 2520 475 2575 10.

149 2604 280 2660 702.
333 2605 398 2660 l2
438 2609 679 2680 [ncnxxx]
742 2616 830 2682 (et.
892 2614 929 2668 ι.
984 2617 1163 2688 poni.)
1222 2620 1329 2674 lste
1384 2620 1453 2675 ab
1510 2620 1734 2678 ineunte

96 2700 242 2749 aetate
293 2695 351 2750 in
403 2698 619 2753 melesia
676 2700 949 2768 militavit,
1018 2712 1072 2760 et
1129 2707 1470 2776 paupertatis
1523 2713 1736 2764 amator

95 2796 300 2851 semper
327 2798 432 2853 pro
460 2785 679 2842 Christo
708 2790 912 2846 extitit.

152 2869 274 2926 703.
314 2872 400 2929 l3.
447 2874 710 2948 [neunt]
766 2879 953 2949 (Bnm)
997 2882 1195 2938 Sancta
1253 2882 1314 2916 ³⁸⁷
1371 2886 1524 2956 virgo
1575 2886 1734 2942 Edil-

95 2957 281 3026 tbrida,
333 2961 447 3017 tilia
502 2967 674 3021 Annae
730 2968 879 3037 regis
914 2970 1209 3040 Anglorum
1268 2988 1390 3029 cum
1429 2975 1732 3045 magniﬁcis

95 3048 252 3105 tribus
279 3052 419 3107 viris
446 3051 549 3109 fuit
595 3057 928 3125 conjuncta;
981 3067 1105 3130 post
1157 3061 1223 3116 l2
1276 3076 1452 3119 annos
1506 3065 1725 3120 thorum

92 3135 401 3211 incorrupta
464 3145 700 3199 servavit
756 3148 1081 3204 maritalem.
1140 3151 1270 3206 Post
1325 3153 1568 3222 reginam
1623 3167 1720 3209 ac-

91 3236 234 3299 cepto
287 3231 348 3287 in
413 3235 840 3291 construendum
908 3240 1298 3295 monasterium
1354 3241 1478 3298 loco
1516 3243 1611 3312 qui
1665 3248 1721 3300 et

92 3318 223 3389 Eilge
272 3321 508 3390 dicitur,
570 3324 845 3382 abbatissa
903 3334 958 3383 et
1011 3330 1198 3385 nutrix
1252 3337 1564 3389 sanctarum
1602 3335 1718 3389 vir-

90 3407 251 3476 ginum
277 3412 445 3482 virgo
477 3421 852 3471 consecratur.
892 3419 1059 3487 Cujus
1088 3433 1217 3475 caro
1266 3428 1393 3490 post
1436 3423 1501 3475 16
1544 3436 1721 3479 annos

90 3498 398 3566 sepulturae,
430 3507 486 3556 et
530 3504 698 3557 vestis
744 3517 850 3573 qua
899 3506 1142 3562 involuta
1199 3514 1340 3576 erat,
1400 3509 1721 3581 incorrupta

92 3588 345 3655 repperitu
358 3603 411 3645 r.

148 3674 263 3730 706.
299 3677 398 3734 16.
436 3679 733 3752 [DCLxxxrv]
770 3682 868 3753 (cf.
902 3682 941 3736 ι.
985 3686 1155 3755 poni.)
1203 3686 1533 3742 Benedictus
1580 3701 1719 3758 papa

92 3761 208 3819 obiit
237 3766 393 3837 [post
438 3769 558 3825 dies
604 3772 841 3842 paschte]
899 3771 933 3825 8
994 3773 1122 3828 ldus
1178 3773 1322 3837 Maii,
1362 3782 1417 3830 et
1472 3775 1722 3845 sepultus

90 3853 212 3919 apud
236 3856 468 3913 beatum
498 3860 738 3916 Petrum.

153 3942 267 4000 707.
317 3946 409 4000 17.
466 3947 745 4020 [DCLxxxv]
816 3949 881 4020 (ι.
944 3952 1116 4023 poni.)
1180 3955 1411 4008 Joannes
1446 3953 1508 4006 81
1578 3970 1719 4027 papa

97 4045 216 4088 anno
246 4034 293 4101 1,
331 4051 516 4093 mense
549 4037 596 4095 1.
634 4039 826 4109 [Hujus
855 4046 1102 4111 tempore
1155 4043 1403 4113 regnavit
1449 4045 1715 4100 Iustinia-

99 4131 204 4187 nus,
231 4132 463 4196 augusto
494 4135 714 4184 mortuo
747 4135 922 4199 patre,
956 4131 1012 4185 in
1043 4131 1203 4187 initio
1233 4133 1438 4188 mensis
1464 4135 1716 4204 Septem-

100 4206 215 4276 bris,
269 4215 575 4273 indictione
645 4218 728 4285 14,
784 4218 1063 4288 Johannes
1120 4234 1259 4291 papa
1298 4221 1438 4277 obiit
1501 4222 1538 4276 4
1572 4225 1714 4279 Non.

96 4300 342 4373 Augusti.j

159 4388 494 4448 Romanorum
531 4394 604 4448 69
656 4397 981 4453 Justinianus
1039 4398 1224 4465 minor,
1284 4398 1424 4469 ﬁlius
1462 4402 1715 4457 Constan-

98 4475 214 4544 tini,
276 4483 425 4538 annis
495 4483 561 4537 10
583 4526 599 4550 ,
658 4500 820 4556 usque
873 4487 928 4540 in
993 4501 1186 4541 annum
1256 4486 1364 4539 684
1424 4494 1543 4557 post
1591 4505 1717 4560 pas-

98 4565 285 4624 sionem.

158 4655 272 4715 708.
309 4662 357 4715 1.
412 4662 713 4735 [DCLXXXVI]
762 4663 975 4735 (ΒΕυΑ.)
1018 4665 1197 4722 Conon
1222 4664 1295 4719 82
1318 4680 1463 4737 papa
1491 4681 1628 4722 anno
1663 4669 1711 4735 1,

103 4748 331 4804 mensibus
364 4751 452 4806 11.

157 4834 271 4892 709.
336 4841 389 4898 2.
464 4842 781 4911 {nerxxxvu}
850 4845 1080 4899 Sanctus
1152 4843 1401 4899 Kilianus
1472 4847 1712 4913 Scottus,

102 4922 157 4977 de
209 4928 458 4986 Hibernia
504 4931 682 4987 insula
738 4939 917 5002 natus,
980 4933 1435 5003 Wirziburgensis
1490 4935 1713 5005 episco-

102 5026 219 5081 Dus,
279 5017 459 5075 clarus
522 5020 774 5077 habetur.
838 5021 1042 5091 [Conon
1100 5035 1239 5092 papa
1295 5022 1436 5078 obiit
1489 5023 1551 5077 21
1623 5025 1714 5082 die

100 5102 449 5179 Septembris]

156 5192 269 5252 πο.
307 5196 362 5252 3.
431 5198 775 5273 [DCLxxxvm]
830 5200 895 5268 (L
950 5200 1114 5270 ροηι.)
1157 5200 1376 5269 Sergius
1433 5201 1504 5256 83
1563 5220 1709 5275 ραρα

1891 1881 2018 1937 716.
2059 1883 2114 1942 9.
2170 1884 2399 1958 [ncxcrv]
2449 1887 2665 1960 (Βευλ.)
2723 1893 2948 1963 Sergius
3004 1909 3145 1965 papa
3200 1896 3475 1953 ordinavit

1820 1972 2187 2030 venerabilem
2252 1976 2427 2032 virum
2495 1979 2877 2048 Vilbrordum,
2947 1986 3274 2054 cognomine
3341 1987 3471 2042 Cle-

1820 2067 2088 2131 mentem,
2148 2066 2448 2122 Fresonum
2484 2070 2635 2138 genti
2666 2070 3011 2141 episcopum,
3071 2074 3140 2129 de
3200 2075 3468 2132 Brittania

1821 2157 2029 2216 natum,
2061 2164 2264 2221 genere
2294 2154 2600 2223 Anglicum.

1889 2256 2385 2330 717.10.[ncxcv]
2446 2262 2656 2328 (Βεω.)
2715 2263 3059 2319 Justinianus
3114 2267 3186 2321 ob
3252 2269 3467 2338 culpam

1820 2345 2066 2415 perfidiae
2095 2349 2251 2419 regni
2280 2349 2456 2421 gloria
2505 2352 2766 2419 privatus,
2803 2353 2928 2409 exul
2960 2354 3014 2409 in
3048 2355 3278 2410 Pontum
3309 2371 3465 2413 sece-

1819 2433 1922 2491 dit.

1892 2542 2243 2598 Romanorum
2295 2544 2368 2597 7O
2423 2549 2525 2601 Leo
2582 2548 2819 2616 regnavit
2874 2550 3029 2604 annis
3084 2549 3137 2618 3,
3198 2566 3359 2622 usque
3411 2554 3465 2607 in

1818 2642 2008 2684 annum
2036 2630 2144 2684 686
2169 2638 2285 2703 post
2303 2635 2603 2704 passionem
2641 2638 2869 2693 Domini.

1886 2735 2011 2792 718.
2061 2738 2106 2792 1.
2155 2738 2384 2809 [oaxen]
2443 2741 2665 2813 (ΒΕυΑ.)
2718 2744 2863 2814 Papa
2896 2746 3123 2816 Sergius
3156 2748 3217 2802 in
3274 2761 3462 2803 sacra-

1816 2825 1901 2880 rio
1930 2826 2078 2882 beati
2107 2830 2255 2884 Petri
2295 2830 2533 2899 apostoli
2584 2846 2803 2903 capsam
2852 2840 3190 2905 argenteam,
3235 2851 3361 2907 quae
3411 2839 3467 2893 in

1813 2915 2014 2985 angulo
2071 2917 2467 2975 obscurissimo
2514 2920 2825 2977 diutissime
2872 2925 3143 2992 jacuerat,
3195 2931 3250 2980 et
3295 2926 3351 2981 in
3402 2941 3465 2983 ea

1812 3018 2029 3059 crucem
2063 3005 2295 3061 diversis
2324 3020 2387 3061 ac
2436 3008 2856 3077 pretiosissimis
2894 3010 3172 3081 lapidibus
3217 3013 3460 3070 adorna-

1746 3099 1940 3165 Ctam,
2001 3093 2230 3149 Domino
2297 3094 2597 3162 revelante,
2657 3099 2922 3168 reperiit;
2982 3100 3051 3156 de
3100 3116 3208 3172 qua
3266 3104 3458 3160 tractis

1805 3187 2044 3249 quatuor
2072 3181 2311 3251 petallis,
2344 3183 2546 3253 quibus
2595 3199 2767 3254 gemas
2815 3187 3044 3244 inclusae
3101 3197 3259 3246 erant
3297 3192 3453 3248 mirae

1801 3270 2215 3341 magnitudinis,
2267 3272 2577 3341 portionem
2636 3273 2771 3345 ligni
2827 3276 3094 3332 salutiferi
3147 3280 3447 3335 Dominicaa

1801 3358 1983 3414 crucis
2012 3359 2246 3413 interius
2275 3360 2574 3429 repositam
2605 3361 2863 3430 inspexit.
2903 3365 3036 3429 Quae
3083 3378 3152 3419 ex
3198 3372 3447 3435 tempore

1799 3445 1897 3501 illo
1926 3447 2084 3500 annis
2113 3445 2369 3500 omnibus
2401 3446 2457 3500 in
2490 3446 2716 3502 basilica
2753 3448 3067 3515 Salvatoris,
3099 3465 3224 3520 qua:
3253 3452 3452 3522 appel-

1801 3531 1946 3588 latur
1973 3533 2446 3599 Constantiniana,
2481 3534 2572 3588 die
2620 3534 2970 3591 exaltationis
3017 3540 3138 3606 ejus
3183 3541 3252 3594 ab
3301 3541 3450 3595 omni

1802 3621 2085 3677 osculetur
2112 3626 2279 3692 atque
2309 3622 2573 3678 adoratur
2602 3623 2830 3693 populo.

1871 3726 1999 3783 719.
2040 3727 2093 3784 2.
2141 3728 2391 3798 [ncxcvu]
2448 3728 2660 3801 (BEDA.)
2714 3731 3211 3790 Reverentissimus
3266 3736 3458 3796 azccler

1800 3817 1899 3873 size
1928 3816 2393 3873 Lindisfranensis
2419 3816 2477 3873 in
2515 3819 2780 3875 Brittania
2810 3834 2878 3876 ex
2905 3822 3196 3881 anchorita
3224 3825 3458 3883 antistes

1804 3906 2147 3962 Cudberctus
2218 3911 2386 3961 totam
2451 3907 2519 3963 ab
2582 3907 2812 3965 infantia
2877 3925 3053 3982 usque
3114 3914 3185 3969 ad
3242 3916 3454 3973 senium

1800 3996 1963 4051 vitam
1993 3995 2380 4052 miraculorum
2411 3996 2586 4068 signis
2615 3997 2860 4055 inclitam
2891 4000 3068 4057 duxit.
3101 4004 3269 4074 Cujus
3324 4006 3453 4061 dum

1804 4083 1863 4138 11
1906 4098 2080 4141 annos
2132 4092 2378 4140 maneret
2437 4099 2641 4156 corpus
2696 4087 3002 4157 humatum,
3063 4091 3451 4164 incorruptum

1800 4181 1925 4244 post
1954 4176 2074 4231 haec
2103 4176 2258 4245 quasi
2292 4175 2425 4230 hora
2457 4176 2647 4231 eadem
2680 4177 2925 4235 defuncti
2955 4180 3117 4235 simul
3150 4196 3272 4237 cum
3303 4190 3454 4240 veste

1799 4278 1906 4334 qua
1938 4265 2228 4336 tegebatur
2264 4263 2544 4320 inveniann
2576 4272 2679 4321 est.

2070 4412 2083 4424 .
2129 4370 2399 4441 [nem-ui]
2447 4370 2532 4441 (Ρ.
2578 4373 2638 4425 D.
2680 4386 2755 4436 η,
2803 4370 2892 4441 13)
2947 4372 3219 4438 Tiberius,
3260 4348 3453 4433 contra

1734 4438 2047 4516 1)Leonem
2078 4438 2397 4529 insurgens,
2439 4438 2665 4530 regnum
2724 4461 2843 4529 ejus
2898 4460 3116 4528 invasit,
3176 4476 3451 4534 eumque,

1803 4549 2064 4617 quamdiu
2094 4549 2211 4619 ipse
2242 4546 2508 4617 regnavit,
2542 4548 2597 4603 in
2637 4547 2829 4604 eadem
2861 4549 3080 4604 civitate
3112 4549 3168 4604 in
3198 4551 3449 4608 custodia

1801 4637 1995 4693 tenuit.

1875 4746 2220 4800 Romanorum
2256 4742 2349 4813 71,
2405 4743 2644 4812 regnavit
2696 4742 2931 4798 Tiberius
2969 4744 3122 4799 annis
3175 4745 3232 4811 7,
3285 4762 3448 4818 usque

1796 4833 1851 4886 in
1880 4848 2071 4888 annum
2098 4832 2203 4886 694
2224 4838 2345 4904 post
2372 4833 2670 4904 passionem
2698 4832 2931 4887 Domini.

1864 4939 1991 4994 721.
2030 4940 2077 4996 l.
2131 4940 2358 5010 [nexem]
2423 4938 2636 5011 (Bene)
2688 4938 2941 5010 Synodus
2986 4941 3256 5012 Aquileiae
3304 4941 3447 5000 facta

1797 5028 1868 5083 ob
1907 5028 2237 5098 imperitiam
2286 5028 2414 5084 ﬁdei
2472 5029 2724 5098 quintum
2783 5028 3080 5086 concilium
3137 5032 3446 5090 universale

1795 5119 2077 5189 suscipere
2142 5118 2362 5183 difﬁdit,
2421 5118 2623 5183 donec,
2682 5116 3017 5175 salutaribus
3076 5120 3225 5176 beati
3281 5135 3440 5192 papae

1795 5210 1947 5279 Sergi
1977 5208 2202 5265 monitis
2227 5208 2520 5273 instructa,
2561 5211 2617 5262 et
2646 5206 2708 5237 ⁸⁸⁸
2743 5207 2864 5277 ipsa
2893 5207 3020 5264 huic
3068 5224 3189 5266 cum
3239 5214 3441 5269 ceteris

100 5283 231 5336 annis
268 5283 352 5351 13,
401 5287 656 5344 mensibus
698 5288 754 5342 9.
805 5289 1051 5358 Pipinus,
1101 5290 1337 5359 Ansgisi,
1384 5290 1591 5348 Arnoltl
1639 5294 1707 5349 ἢ·
1790 5297 1991 5354 Christi
2021 5296 2235 5354 melesis
2262 5296 2503 5352 adnuere
2533 5296 2832 5351 consentit.

98 5365 204 5436 lius,
231 5375 368 5446 regit
394 5378 632 5435 Francos
660 5381 818 5436 annis
844 5379 934 5435 27.

1859 5386 1985 5443 722.
2018 5386 2073 5440 2.
2112 5386 2247 5457 [nec]

1414 5473 1637 5529 VARUS
1692 5476 1973 5532 LECTION
1978 5478 2075 5531 ES.

156 5537 673 5621 ’f‘ganienmensibus
699 5550 946 5621 scriptum
972 5550 1065 5605 sed
1095 5549 1317 5605 deletum
1336 5555 1433 5617 est,
1461 5564 1607 5609 anno
1638 5568 1768 5611 uno.

100 5612 290 5682 scripta.
363 5615 428 5646 ³⁹⁹
454 5618 561 5673 Iuro
592 5636 644 5675 a.
677 5621 784 5674 715
801 5612 1023 5692 scripta.
1099 5621 1310 5676 “’“haac.
1344 5637 1399 5677 α.
1419 5612 1535 5677 722
1559 5627 1775 5696 scripta.

1865 5555 1927 5585 "7
1956 5556 2067 5609 Iure
2094 5570 2149 5609 (ι.
2181 5553 2486 5608 703-705.
2520 5554 2719 5626 scripta
2745 5560 2884 5611 sunt.
2972 5555 3037 5589 ³⁸⁸
3065 5573 3119 5614 a.
3149 5559 3435 5617 711—713
