  <div class='ocr_page' id='page_1' title='image "/cluster/home/n/w/nwhite01/storage/ocr_20150623/147/hvd.32044073505281/383.png"; bbox 0 0 4000 6158; ppageno 0'>
   <div class='ocr_carea' id='block_1_1' title="bbox 517 399 3917 463">
    <p class='ocr_par' dir='ltr' id='par_1_1' title="bbox 517 399 3917 463">
     <span class='ocr_line' id='line_1_1' title="bbox 517 399 3917 463; baseline -0 -1"><span class='ocrx_word' id='word_1_1' title='bbox 517 408 624 463; x_wconf 81' lang='lat'><strong>755</strong></span> <span class='ocrx_word' id='word_1_2' title='bbox 1930 405 2211 461; x_wconf 83' lang='lat' dir='ltr'><strong>MARIANI</strong></span> <span class='ocrx_word' id='word_1_3' title='bbox 2248 404 2475 462; x_wconf 73' lang='lat' dir='ltr'><strong>SCO&#39;I&#39;I‘I</strong></span> <span class='ocrx_word' id='word_1_4' title='bbox 3809 399 3917 452; x_wconf 69' lang='grc'><strong>756</strong></span> 
     </span>
    </p>
   </div>
   <div class='ocr_carea' id='block_1_2' title="bbox 792 527 3913 606">
    <p class='ocr_par' dir='ltr' id='par_1_2' title="bbox 792 527 3913 606">
     <span class='ocr_line' id='line_1_2' title="bbox 792 527 3913 606; baseline -0.004 -15"><span class='ocrx_word' id='word_1_5' title='bbox 792 534 937 606; x_wconf 79' lang='grc' dir='ltr'><strong>[ϐοά.</strong></span> <span class='ocrx_word' id='word_1_6' title='bbox 968 536 1023 590; x_wconf 86' lang='lat' dir='ltr'><strong>in</strong></span> <span class='ocrx_word' id='word_1_7' title='bbox 1058 548 1249 603; x_wconf 83' lang='lat' dir='ltr'><strong>marg.,</strong></span> <span class='ocrx_word' id='word_1_8' title='bbox 1279 532 1463 591; x_wconf 87' lang='lat' dir='ltr'><strong>Ciclus</strong></span> <span class='ocrx_word' id='word_1_9' title='bbox 1498 531 1632 587; x_wconf 90' lang='lat' dir='ltr'><strong>solis</strong></span> <span class='ocrx_word' id='word_1_10' title='bbox 1659 531 1892 601; x_wconf 89' lang='lat' dir='ltr'><strong>incipit.]</strong></span> <span class='ocrx_word' id='word_1_11' title='bbox 2170 530 2679 593; x_wconf 73' lang='lat' dir='ltr'><strong>Acommunionem</strong></span> <span class='ocrx_word' id='word_1_12' title='bbox 2708 530 2778 586; x_wconf 90' lang='lat' dir='ltr'><strong>de</strong></span> <span class='ocrx_word' id='word_1_13' title='bbox 2824 538 2987 585; x_wconf 90' lang='lat' dir='ltr'><strong>manu</strong></span> <span class='ocrx_word' id='word_1_14' title='bbox 3034 530 3157 603; x_wconf 85' lang='lat' dir='ltr'><strong>ej_us</strong></span> <span class='ocrx_word' id='word_1_15' title='bbox 3200 527 3501 597; x_wconf 88' lang='lat' dir='ltr'><strong>acceperit,</strong></span> <span class='ocrx_word' id='word_1_16' title='bbox 3550 536 3727 597; x_wconf 88' lang='lat' dir='ltr'><strong>quem</strong></span> <span class='ocrx_word' id='word_1_17' title='bbox 3780 540 3913 595; x_wconf 87' lang='lat' dir='ltr'><strong>pro-</strong></span> 
     </span>
    </p>
   </div>
   <div class='ocr_carea' id='block_1_3' title="bbox 594 614 3902 695">
    <p class='ocr_par' dir='ltr' id='par_1_3' title="bbox 594 614 3902 695">
     <span class='ocr_line' id='line_1_3' title="bbox 594 614 3902 695; baseline -0.002 -17"><span class='ocrx_word' id='word_1_18' title='bbox 594 624 720 680; x_wconf 86' lang='lat'><strong>723.</strong></span> <span class='ocrx_word' id='word_1_19' title='bbox 752 623 805 680; x_wconf 91' lang='lat'>3.</span> <span class='ocrx_word' id='word_1_20' title='bbox 844 624 998 695; x_wconf 76' lang='lat' dir='ltr'><strong>[nam]</strong></span> <span class='ocrx_word' id='word_1_21' title='bbox 1034 623 1094 693; x_wconf 78' lang='grc' dir='ltr'><strong>(ι.</strong></span> <span class='ocrx_word' id='word_1_22' title='bbox 1135 620 1307 694; x_wconf 78' lang='lat' dir='ltr'><strong>poni.)</strong></span> <span class='ocrx_word' id='word_1_23' title='bbox 1346 622 1569 693; x_wconf 83' lang='lat' dir='ltr'><strong>Sergius</strong></span> <span class='ocrx_word' id='word_1_24' title='bbox 1612 634 1750 692; x_wconf 89' lang='lat' dir='ltr'><strong>papa</strong></span> <span class='ocrx_word' id='word_1_25' title='bbox 1802 621 1943 677; x_wconf 89' lang='lat' dir='ltr'><strong>obiit</strong></span> <span class='ocrx_word' id='word_1_26' title='bbox 1987 619 2024 675; x_wconf 83' lang='lat'><strong>5</strong></span> <span class='ocrx_word' id='word_1_27' title='bbox 2068 620 2158 677; x_wconf 91' lang='lat' dir='ltr'><strong>die</strong></span> <span class='ocrx_word' id='word_1_28' title='bbox 2239 624 2444 676; x_wconf 90' lang='lat' dir='ltr'><strong>stratus</strong></span> <span class='ocrx_word' id='word_1_29' title='bbox 2474 619 2707 676; x_wconf 90' lang='lat' dir='ltr'><strong>interra</strong></span> <span class='ocrx_word' id='word_1_30' title='bbox 2740 633 2841 690; x_wconf 92' lang='lat' dir='ltr'><strong>pro</strong></span> <span class='ocrx_word' id='word_1_31' title='bbox 2870 618 2987 675; x_wconf 88' lang='lat' dir='ltr'><strong>suis</strong></span> <span class='ocrx_word' id='word_1_32' title='bbox 3017 616 3263 690; x_wconf 80' lang='lat' dir='ltr'><strong>peccatis</strong></span> <span class='ocrx_word' id='word_1_33' title='bbox 3288 614 3636 673; x_wconf 83' lang='lat' dir='ltr'><strong>intercedere</strong></span> <span class='ocrx_word' id='word_1_34' title='bbox 3664 630 3902 688; x_wconf 83' lang='lat' dir='ltr'><strong>rogans,</strong></span> 
     </span>
    </p>
   </div>
   <div class='ocr_carea' id='block_1_4' title="bbox 522 705 3360 784">
    <p class='ocr_par' dir='ltr' id='par_1_4' title="bbox 522 705 3360 784">
     <span class='ocr_line' id='line_1_4' title="bbox 522 705 3360 784; baseline -0.004 -12"><span class='ocrx_word' id='word_1_35' title='bbox 522 715 651 771; x_wconf 88' lang='lat' dir='ltr'><strong>ldus</strong></span> <span class='ocrx_word' id='word_1_36' title='bbox 674 714 993 784; x_wconf 89' lang='lat' dir='ltr'><strong>Septenbris</strong></span> <span class='ocrx_word' id='word_1_37' title='bbox 1025 711 1344 783; x_wconf 76' lang='lat' dir='ltr'><strong>[indictione</strong></span> <span class='ocrx_word' id='word_1_38' title='bbox 1382 710 1484 781; x_wconf 83' lang='lat' dir='ltr'><strong>l4].</strong></span> <span class='ocrx_word' id='word_1_39' title='bbox 2240 717 2437 768; x_wconf 88' lang='lat' dir='ltr'><strong>cuncta</strong></span> <span class='ocrx_word' id='word_1_40' title='bbox 2471 709 2705 766; x_wconf 70' lang='lat' dir='ltr'><strong>molesim</strong></span> <span class='ocrx_word' id='word_1_41' title='bbox 2735 705 3021 780; x_wconf 88' lang='lat' dir='ltr'><strong>privilegia</strong></span> <span class='ocrx_word' id='word_1_42' title='bbox 3059 706 3360 763; x_wconf 79' lang='lat' dir='ltr'><strong>renovavit.</strong></span> 
     </span>
    </p>
   </div>
   <div class='ocr_carea' id='block_1_5' title="bbox 591 794 3901 874">
    <p class='ocr_par' dir='ltr' id='par_1_5' title="bbox 591 794 3901 874">
     <span class='ocr_line' id='line_1_5' title="bbox 591 794 3901 874; baseline -0.002 -16"><span class='ocrx_word' id='word_1_43' title='bbox 591 804 718 860; x_wconf 87' lang='lat'><strong>724.</strong></span> <span class='ocrx_word' id='word_1_44' title='bbox 750 803 804 859; x_wconf 89' lang='lat'><strong>4.</strong></span> <span class='ocrx_word' id='word_1_45' title='bbox 850 802 1024 874; x_wconf 86' lang='lat' dir='ltr'><strong>[nccu]</strong></span> <span class='ocrx_word' id='word_1_46' title='bbox 1079 800 1342 857; x_wconf 82' lang='lat' dir='ltr'><strong>Iohannes</strong></span> <span class='ocrx_word' id='word_1_47' title='bbox 1396 799 1467 853; x_wconf 87' lang='lat'><strong>84</strong></span> <span class='ocrx_word' id='word_1_48' title='bbox 1496 814 1642 872; x_wconf 84' lang='lat' dir='ltr'><strong>papa</strong></span> <span class='ocrx_word' id='word_1_49' title='bbox 1699 801 1851 856; x_wconf 86' lang='lat' dir='ltr'><strong>annis</strong></span> <span class='ocrx_word' id='word_1_50' title='bbox 1905 800 1959 868; x_wconf 88' lang='lat'><strong>3,</strong></span> <span class='ocrx_word' id='word_1_51' title='bbox 2019 813 2159 855; x_wconf 86' lang='lat' dir='ltr'><strong>men-</strong></span> <span class='ocrx_word' id='word_1_52' title='bbox 2308 799 2435 856; x_wconf 90' lang='lat'><strong>732.</strong></span> <span class='ocrx_word' id='word_1_53' title='bbox 2483 798 2538 855; x_wconf 81' lang='lat'><strong>5.</strong></span> <span class='ocrx_word' id='word_1_54' title='bbox 2590 798 2797 871; x_wconf 63' lang='grc' dir='ltr'><strong>(Βευλ.)</strong></span> <span class='ocrx_word' id='word_1_55' title='bbox 2836 799 2940 865; x_wconf 87' lang='lat' dir='ltr'><strong>Qui</strong></span> <span class='ocrx_word' id='word_1_56' title='bbox 2999 796 3061 829; x_wconf 71' lang='grc'><strong>⁸⁰¹</strong></span> <span class='ocrx_word' id='word_1_57' title='bbox 3102 810 3228 851; x_wconf 91' lang='lat' dir='ltr'><strong>cum</strong></span> <span class='ocrx_word' id='word_1_58' title='bbox 3284 794 3587 852; x_wconf 84' lang='lat' dir='ltr'><strong>exercitum</strong></span> <span class='ocrx_word' id='word_1_59' title='bbox 3642 794 3901 851; x_wconf 81' lang='lat' dir='ltr'><strong>mitteret</strong></span> 
     </span>
    </p>
   </div>
   <div class='ocr_carea' id='block_1_6' title="bbox 519 885 3899 958">
    <p class='ocr_par' dir='ltr' id='par_1_6' title="bbox 519 885 3899 958">
     <span class='ocr_line' id='line_1_6' title="bbox 519 885 3899 958; baseline -0.002 -10"><span class='ocrx_word' id='word_1_60' title='bbox 519 893 681 952; x_wconf 81' lang='lat' dir='ltr'><strong>sibus.</strong></span> <span class='ocrx_word' id='word_1_61' title='bbox 715 892 769 946; x_wconf 92' lang='lat'><strong>3.</strong></span> <span class='ocrx_word' id='word_1_62' title='bbox 2238 890 2295 945; x_wconf 92' lang='lat' dir='ltr'><strong>in</strong></span> <span class='ocrx_word' id='word_1_63' title='bbox 2352 890 2607 956; x_wconf 82' lang='lat' dir='ltr'><strong>Pontum,</strong></span> <span class='ocrx_word' id='word_1_64' title='bbox 2666 888 2896 943; x_wconf 89' lang='lat' dir='ltr'><strong>multum</strong></span> <span class='ocrx_word' id='word_1_65' title='bbox 2953 886 3285 958; x_wconf 80' lang='lat' dir='ltr'><strong>prohibente</strong></span> <span class='ocrx_word' id='word_1_66' title='bbox 3341 898 3481 955; x_wconf 85' lang='lat' dir='ltr'><strong>papa</strong></span> <span class='ocrx_word' id='word_1_67' title='bbox 3536 885 3899 955; x_wconf 83' lang='lat' dir='ltr'><strong>apostolico,</strong></span> 
     </span>
    </p>
   </div>
   <div class='ocr_carea' id='block_1_7' title="bbox 524 973 3901 1055">
    <p class='ocr_par' dir='ltr' id='par_1_7' title="bbox 524 973 3901 1055">
     <span class='ocr_line' id='line_1_7' title="bbox 524 973 3901 1055; baseline -0.003 -16"><span class='ocrx_word' id='word_1_68' title='bbox 524 981 666 1055; x_wconf 78' lang='grc' dir='ltr'><strong>[ϐοά.</strong></span> <span class='ocrx_word' id='word_1_69' title='bbox 706 982 759 1036; x_wconf 89' lang='lat' dir='ltr'><strong>in</strong></span> <span class='ocrx_word' id='word_1_70' title='bbox 806 994 997 1049; x_wconf 85' lang='lat' dir='ltr'><strong>marg.,</strong></span> <span class='ocrx_word' id='word_1_71' title='bbox 1046 981 1230 1037; x_wconf 90' lang='lat' dir='ltr'><strong>Ciclus</strong></span> <span class='ocrx_word' id='word_1_72' title='bbox 1273 981 1507 1037; x_wconf 90' lang='lat' dir='ltr'><strong>decenn.</strong></span> <span class='ocrx_word' id='word_1_73' title='bbox 1567 979 1632 1033; x_wconf 84' lang='lat'><strong>10</strong></span> <span class='ocrx_word' id='word_1_74' title='bbox 1682 979 1878 1050; x_wconf 88' lang='lat' dir='ltr'><strong>incipit</strong></span> <span class='ocrx_word' id='word_1_75' title='bbox 1923 978 2040 1034; x_wconf 89' lang='lat' dir='ltr'><strong>ind.</strong></span> <span class='ocrx_word' id='word_1_76' title='bbox 2087 979 2153 1049; x_wconf 93' lang='lat'><strong>1.]</strong></span> <span class='ocrx_word' id='word_1_77' title='bbox 2239 979 2306 1035; x_wconf 88' lang='lat' dir='ltr'><strong>ad</strong></span> <span class='ocrx_word' id='word_1_78' title='bbox 2382 976 2960 1048; x_wconf 89' lang='lat' dir='ltr'><strong>comprehendendum</strong></span> <span class='ocrx_word' id='word_1_79' title='bbox 3033 973 3398 1047; x_wconf 90' lang='lat' dir='ltr'><strong>Philippicum</strong></span> <span class='ocrx_word' id='word_1_80' title='bbox 3436 986 3598 1045; x_wconf 89' lang='lat' dir='ltr'><strong>quem</strong></span> <span class='ocrx_word' id='word_1_81' title='bbox 3634 973 3717 1031; x_wconf 93' lang='lat' dir='ltr'><strong>ibi</strong></span> <span class='ocrx_word' id='word_1_82' title='bbox 3761 975 3901 1030; x_wconf 87' lang='lat' dir='ltr'><strong>reii-</strong></span> 
     </span>
    </p>
   </div>
   <div class='ocr_carea' id='block_1_8' title="bbox 586 1063 3897 1141">
    <p class='ocr_par' dir='ltr' id='par_1_8' title="bbox 586 1063 3897 1141">
     <span class='ocr_line' id='line_1_8' title="bbox 586 1063 3897 1141; baseline -0.002 -17"><span class='ocrx_word' id='word_1_83' title='bbox 586 1070 713 1127; x_wconf 86' lang='lat'><strong>725.</strong></span> <span class='ocrx_word' id='word_1_84' title='bbox 745 1070 800 1126; x_wconf 88' lang='grc'><strong>5.</strong></span> <span class='ocrx_word' id='word_1_85' title='bbox 838 1070 1033 1141; x_wconf 77' lang='lat' dir='ltr'><strong>[necui]</strong></span> <span class='ocrx_word' id='word_1_86' title='bbox 1066 1071 1213 1127; x_wconf 88' lang='lat' dir='ltr'><strong>Beda</strong></span> <span class='ocrx_word' id='word_1_87' title='bbox 1250 1070 1525 1141; x_wconf 74' lang='lat' dir='ltr'><strong>presbiter</strong></span> <span class='ocrx_word' id='word_1_88' title='bbox 1579 1070 1634 1124; x_wconf 92' lang='lat' dir='ltr'><strong>in</strong></span> <span class='ocrx_word' id='word_1_89' title='bbox 1688 1069 1831 1125; x_wconf 91' lang='lat' dir='ltr'><strong>libro</strong></span> <span class='ocrx_word' id='word_1_90' title='bbox 1889 1069 1957 1124; x_wconf 90' lang='lat' dir='ltr'><strong>de</strong></span> <span class='ocrx_word' id='word_1_91' title='bbox 2013 1074 2156 1124; x_wconf 91' lang='lat' dir='ltr'><strong>tem-</strong></span> <span class='ocrx_word' id='word_1_92' title='bbox 2239 1073 2454 1139; x_wconf 88' lang='lat' dir='ltr'><strong>querat,</strong></span> <span class='ocrx_word' id='word_1_93' title='bbox 2488 1081 2785 1123; x_wconf 89' lang='lat' dir='ltr'><strong>conversus</strong></span> <span class='ocrx_word' id='word_1_94' title='bbox 2832 1065 3013 1123; x_wconf 85' lang='lat' dir='ltr'><strong>omnis</strong></span> <span class='ocrx_word' id='word_1_95' title='bbox 3058 1064 3337 1121; x_wconf 88' lang='lat' dir='ltr'><strong>exercitus</strong></span> <span class='ocrx_word' id='word_1_96' title='bbox 3380 1063 3452 1121; x_wconf 86' lang='lat' dir='ltr'><strong>ad</strong></span> <span class='ocrx_word' id='word_1_97' title='bbox 3503 1070 3718 1134; x_wconf 84' lang='lat' dir='ltr'><strong>partem</strong></span> <span class='ocrx_word' id='word_1_98' title='bbox 3772 1064 3897 1119; x_wconf 84' lang='lat' dir='ltr'><strong>Phi-</strong></span> 
     </span>
    </p>
   </div>
   <div class='ocr_carea' id='block_1_9' title="bbox 514 1155 3209 1231">
    <p class='ocr_par' dir='ltr' id='par_1_9' title="bbox 514 1155 3209 1231">
     <span class='ocr_line' id='line_1_9' title="bbox 514 1155 3209 1231; baseline -0.003 -14"><span class='ocrx_word' id='word_1_99' title='bbox 514 1160 761 1231; x_wconf 88' lang='lat' dir='ltr'><strong>poribus,</strong></span> <span class='ocrx_word' id='word_1_100' title='bbox 794 1161 851 1215; x_wconf 92' lang='lat' dir='ltr'><strong>in</strong></span> <span class='ocrx_word' id='word_1_101' title='bbox 891 1174 1034 1217; x_wconf 91' lang='lat' dir='ltr'><strong>anno</strong></span> <span class='ocrx_word' id='word_1_102' title='bbox 1064 1174 1175 1230; x_wconf 92' lang='lat' dir='ltr'><strong>quo</strong></span> <span class='ocrx_word' id='word_1_103' title='bbox 1232 1174 1356 1215; x_wconf 91' lang='lat' dir='ltr'><strong>eum</strong></span> <span class='ocrx_word' id='word_1_104' title='bbox 1414 1158 1685 1227; x_wconf 87' lang='lat' dir='ltr'><strong>condidit,</strong></span> <span class='ocrx_word' id='word_1_105' title='bbox 1726 1165 1781 1215; x_wconf 93' lang='lat' dir='ltr'><strong>et</strong></span> <span class='ocrx_word' id='word_1_106' title='bbox 1836 1159 1911 1214; x_wconf 91' lang='lat' dir='ltr'><strong>ita</strong></span> <span class='ocrx_word' id='word_1_107' title='bbox 1968 1158 2154 1229; x_wconf 80' lang='lat' dir='ltr'><strong>perhi-</strong></span> <span class='ocrx_word' id='word_1_108' title='bbox 2238 1158 2451 1228; x_wconf 91' lang='lat' dir='ltr'><strong>lippici,</strong></span> <span class='ocrx_word' id='word_1_109' title='bbox 2482 1155 2615 1213; x_wconf 90' lang='lat' dir='ltr'><strong>fecit</strong></span> <span class='ocrx_word' id='word_1_110' title='bbox 2643 1170 2767 1213; x_wconf 91' lang='lat' dir='ltr'><strong>eum</strong></span> <span class='ocrx_word' id='word_1_111' title='bbox 2797 1157 3209 1225; x_wconf 87' lang='lat' dir='ltr'><strong>imperatorem.</strong></span> 
     </span>
    </p>
   </div>
   <div class='ocr_carea' id='block_1_10' title="bbox 511 1242 3892 1320">
    <p class='ocr_par' dir='ltr' id='par_1_10' title="bbox 511 1242 3892 1320">
     <span class='ocr_line' id='line_1_10' title="bbox 511 1242 3892 1320; baseline -0.002 -14"><span class='ocrx_word' id='word_1_112' title='bbox 511 1251 613 1306; x_wconf 78' lang='lat' dir='ltr'><strong>bet</strong></span> <span class='ocrx_word' id='word_1_113' title='bbox 632 1250 708 1320; x_wconf 92' lang='lat' dir='ltr'><strong>(c.</strong></span> <span class='ocrx_word' id='word_1_114' title='bbox 748 1247 868 1319; x_wconf 90' lang='lat'><strong>14):</strong></span> <span class='ocrx_word' id='word_1_115' title='bbox 913 1267 941 1300; x_wconf 88' lang='grc'><strong>‹‹</strong></span> <span class='ocrx_word' id='word_1_116' title='bbox 972 1248 1027 1305; x_wconf 91' lang='lat' dir='ltr'><strong>Si</strong></span> <span class='ocrx_word' id='word_1_117' title='bbox 1056 1250 1137 1304; x_wconf 90' lang='lat' dir='ltr'><strong>vis</strong></span> <span class='ocrx_word' id='word_1_118' title='bbox 1165 1262 1330 1305; x_wconf 85' lang='lat' dir='ltr'><strong>nosse</strong></span> <span class='ocrx_word' id='word_1_119' title='bbox 1368 1254 1504 1319; x_wconf 90' lang='lat' dir='ltr'><strong>quot</strong></span> <span class='ocrx_word' id='word_1_120' title='bbox 1540 1253 1668 1304; x_wconf 88' lang='lat' dir='ltr'><strong>sunt</strong></span> <span class='ocrx_word' id='word_1_121' title='bbox 1715 1249 1843 1303; x_wconf 89' lang='lat' dir='ltr'><strong>anni</strong></span> <span class='ocrx_word' id='word_1_122' title='bbox 1880 1248 1948 1303; x_wconf 87' lang='lat' dir='ltr'><strong>ab</strong></span> <span class='ocrx_word' id='word_1_123' title='bbox 1978 1249 2158 1303; x_wconf 88' lang='lat' dir='ltr'><strong>incar—</strong></span> <span class='ocrx_word' id='word_1_124' title='bbox 2306 1246 2433 1302; x_wconf 87' lang='lat'><strong>733.</strong></span> <span class='ocrx_word' id='word_1_125' title='bbox 2466 1247 2520 1301; x_wconf 91' lang='lat'><strong>6.</strong></span> <span class='ocrx_word' id='word_1_126' title='bbox 2568 1245 2740 1318; x_wconf 85' lang='lat' dir='ltr'><strong>[nccx]</strong></span> <span class='ocrx_word' id='word_1_127' title='bbox 2794 1247 3176 1317; x_wconf 83' lang='lat' dir='ltr'><strong>Reversusque</strong></span> <span class='ocrx_word' id='word_1_128' title='bbox 3222 1242 3284 1275; x_wconf 76' lang='lat'><strong>““</strong></span> <span class='ocrx_word' id='word_1_129' title='bbox 3332 1256 3454 1298; x_wconf 91' lang='lat' dir='ltr'><strong>cum</strong></span> <span class='ocrx_word' id='word_1_130' title='bbox 3502 1254 3568 1298; x_wconf 89' lang='lat' dir='ltr'><strong>eo</strong></span> <span class='ocrx_word' id='word_1_131' title='bbox 3610 1243 3892 1299; x_wconf 83' lang='lat' dir='ltr'><strong>Constan-</strong></span> 
     </span>
    </p>
   </div>
   <div class='ocr_carea' id='block_1_11' title="bbox 513 1332 3888 1408">
    <p class='ocr_par' dir='ltr' id='par_1_11' title="bbox 513 1332 3888 1408">
     <span class='ocr_line' id='line_1_11' title="bbox 513 1332 3888 1408; baseline -0.002 -15"><span class='ocrx_word' id='word_1_132' title='bbox 513 1338 737 1394; x_wconf 89' lang='lat' dir='ltr'><strong>natione</strong></span> <span class='ocrx_word' id='word_1_133' title='bbox 777 1338 992 1394; x_wconf 88' lang='lat' dir='ltr'><strong>Domini</strong></span> <span class='ocrx_word' id='word_1_134' title='bbox 1033 1341 1189 1408; x_wconf 82' lang='lat' dir='ltr'><strong>juxta</strong></span> <span class='ocrx_word' id='word_1_135' title='bbox 1218 1338 1543 1405; x_wconf 91' lang='lat' dir='ltr'><strong>Dionisium,</strong></span> <span class='ocrx_word' id='word_1_136' title='bbox 1583 1338 1723 1393; x_wconf 91' lang='lat' dir='ltr'><strong>scito</strong></span> <span class='ocrx_word' id='word_1_137' title='bbox 1773 1341 1909 1408; x_wconf 91' lang='lat' dir='ltr'><strong>quot</strong></span> <span class='ocrx_word' id='word_1_138' title='bbox 1952 1336 2156 1392; x_wconf 87' lang='lat' dir='ltr'><strong>fuerint</strong></span> <span class='ocrx_word' id='word_1_139' title='bbox 2238 1336 2568 1408; x_wconf 91' lang='lat' dir='ltr'><strong>tinopolim,</strong></span> <span class='ocrx_word' id='word_1_140' title='bbox 2629 1335 2890 1408; x_wconf 81' lang='lat' dir='ltr'><strong>pugnavit</strong></span> <span class='ocrx_word' id='word_1_141' title='bbox 2946 1339 3139 1392; x_wconf 88' lang='lat' dir='ltr'><strong>contra</strong></span> <span class='ocrx_word' id='word_1_142' title='bbox 3193 1332 3579 1400; x_wconf 85' lang='lat' dir='ltr'><strong>Iustinianum,</strong></span> <span class='ocrx_word' id='word_1_143' title='bbox 3624 1332 3697 1389; x_wconf 88' lang='lat' dir='ltr'><strong>ad</strong></span> <span class='ocrx_word' id='word_1_144' title='bbox 3754 1332 3888 1385; x_wconf 62' lang='lat' dir='ltr'><strong>12sn</strong></span> 
     </span>
    </p>
   </div>
   <div class='ocr_carea' id='block_1_12' title="bbox 512 1422 3889 1497">
    <p class='ocr_par' dir='ltr' id='par_1_12' title="bbox 512 1422 3889 1497">
     <span class='ocr_line' id='line_1_12' title="bbox 512 1422 3889 1497; baseline -0.002 -14"><span class='ocrx_word' id='word_1_145' title='bbox 512 1428 739 1484; x_wconf 88' lang='lat' dir='ltr'><strong>ordines</strong></span> <span class='ocrx_word' id='word_1_146' title='bbox 795 1427 1159 1483; x_wconf 84' lang='lat' dir='ltr'><strong>indictionum</strong></span> <span class='ocrx_word' id='word_1_147' title='bbox 1182 1432 1431 1497; x_wconf 49' lang='lat' dir='ltr'><strong>;,utpote</strong></span> <span class='ocrx_word' id='word_1_148' title='bbox 1470 1428 1526 1483; x_wconf 91' lang='lat' dir='ltr'><strong>in</strong></span> <span class='ocrx_word' id='word_1_149' title='bbox 1560 1427 1803 1496; x_wconf 86' lang='lat' dir='ltr'><strong>presenti</strong></span> <span class='ocrx_word' id='word_1_150' title='bbox 1836 1439 1979 1482; x_wconf 87' lang='lat' dir='ltr'><strong>anno</strong></span> <span class='ocrx_word' id='word_1_151' title='bbox 2006 1427 2043 1480; x_wconf 85' lang='lat'>5</span> <span class='ocrx_word' id='word_1_152' title='bbox 2070 1427 2156 1481; x_wconf 90' lang='lat' dir='ltr'><strong>Ti-</strong></span> <span class='ocrx_word' id='word_1_153' title='bbox 2236 1429 2305 1484; x_wconf 88' lang='lat' dir='ltr'><strong>ab</strong></span> <span class='ocrx_word' id='word_1_154' title='bbox 2336 1429 2472 1483; x_wconf 88' lang='lat' dir='ltr'><strong>urbe</strong></span> <span class='ocrx_word' id='word_1_155' title='bbox 2502 1427 2816 1493; x_wconf 86' lang='lat' dir='ltr'><strong>miliarium,</strong></span> <span class='ocrx_word' id='word_1_156' title='bbox 2849 1432 2905 1481; x_wconf 88' lang='lat' dir='ltr'><strong>et</strong></span> <span class='ocrx_word' id='word_1_157' title='bbox 2932 1425 3079 1480; x_wconf 91' lang='lat' dir='ltr'><strong>victo</strong></span> <span class='ocrx_word' id='word_1_158' title='bbox 3108 1431 3276 1494; x_wconf 90' lang='lat' dir='ltr'><strong>atque</strong></span> <span class='ocrx_word' id='word_1_159' title='bbox 3316 1423 3503 1480; x_wconf 90' lang='lat' dir='ltr'><strong>occiso</strong></span> <span class='ocrx_word' id='word_1_160' title='bbox 3552 1422 3889 1490; x_wconf 84' lang='lat' dir='ltr'><strong>Iustiniano,</strong></span> 
     </span>
    </p>
   </div>
   <div class='ocr_carea' id='block_1_13' title="bbox 511 1514 3139 1589">
    <p class='ocr_par' dir='ltr' id='par_1_13' title="bbox 511 1514 3139 1589">
     <span class='ocr_line' id='line_1_13' title="bbox 511 1514 3139 1589; baseline -0.002 -17"><span class='ocrx_word' id='word_1_161' title='bbox 511 1518 652 1573; x_wconf 89' lang='lat' dir='ltr'><strong>berii</strong></span> <span class='ocrx_word' id='word_1_162' title='bbox 690 1515 779 1573; x_wconf 91' lang='lat'><strong>46.</strong></span> <span class='ocrx_word' id='word_1_163' title='bbox 813 1517 927 1572; x_wconf 87' lang='lat' dir='ltr'><strong>Hos</strong></span> <span class='ocrx_word' id='word_1_164' title='bbox 957 1517 1260 1587; x_wconf 90' lang='lat' dir='ltr'><strong>multiplica</strong></span> <span class='ocrx_word' id='word_1_165' title='bbox 1317 1531 1418 1587; x_wconf 90' lang='lat' dir='ltr'><strong>per</strong></span> <span class='ocrx_word' id='word_1_166' title='bbox 1477 1516 1559 1584; x_wconf 82' lang='lat'><strong>15,</strong></span> <span class='ocrx_word' id='word_1_167' title='bbox 1622 1517 1758 1571; x_wconf 89' lang='lat' dir='ltr'><strong>ﬁunt</strong></span> <span class='ocrx_word' id='word_1_168' title='bbox 1811 1514 1954 1584; x_wconf 89' lang='lat'><strong>690;</strong></span> <span class='ocrx_word' id='word_1_169' title='bbox 2014 1514 2154 1571; x_wconf 89' lang='lat' dir='ltr'><strong>addc</strong></span> <span class='ocrx_word' id='word_1_170' title='bbox 2239 1531 2466 1589; x_wconf 83' lang='lat' dir='ltr'><strong>regnum</strong></span> <span class='ocrx_word' id='word_1_171' title='bbox 2495 1516 2740 1587; x_wconf 85' lang='lat' dir='ltr'><strong>suscepit</strong></span> <span class='ocrx_word' id='word_1_172' title='bbox 2777 1514 3139 1585; x_wconf 88' lang='lat' dir='ltr'><strong>Philippicus.</strong></span> 
     </span>
    </p>
   </div>
   <div class='ocr_carea' id='block_1_14' title="bbox 512 1598 3891 1679">
    <p class='ocr_par' dir='ltr' id='par_1_14' title="bbox 512 1598 3891 1679">
     <span class='ocr_line' id='line_1_14' title="bbox 512 1598 3891 1679; baseline -0.001 -17"><span class='ocrx_word' id='word_1_173' title='bbox 512 1618 732 1676; x_wconf 87' lang='lat' dir='ltr'><strong>semper</strong></span> <span class='ocrx_word' id='word_1_174' title='bbox 760 1605 1040 1677; x_wconf 81' lang='lat' dir='ltr'><strong>regulares</strong></span> <span class='ocrx_word' id='word_1_175' title='bbox 1084 1598 1167 1675; x_wconf 86' lang='lat'><strong>12,</strong></span> <span class='ocrx_word' id='word_1_176' title='bbox 1219 1606 1347 1676; x_wconf 88' lang='lat' dir='ltr'><strong>quia</strong></span> <span class='ocrx_word' id='word_1_177' title='bbox 1398 1606 1433 1658; x_wconf 89' lang='lat'><strong>4</strong></span> <span class='ocrx_word' id='word_1_178' title='bbox 1488 1606 1797 1662; x_wconf 87' lang='lat' dir='ltr'><strong>indictione</strong></span> <span class='ocrx_word' id='word_1_179' title='bbox 1853 1605 2155 1661; x_wconf 90' lang='lat' dir='ltr'><strong>secundum</strong></span> <span class='ocrx_word' id='word_1_180' title='bbox 2220 1638 2223 1641; x_wconf 68' lang='grc'><strong>»</strong></span> <span class='ocrx_word' id='word_1_181' title='bbox 2312 1606 2368 1679; x_wconf 82' lang='grc' dir='ltr'><strong>(ι.</strong></span> <span class='ocrx_word' id='word_1_182' title='bbox 2398 1609 2569 1678; x_wconf 76' lang='lat' dir='ltr'><strong>poni.)</strong></span> <span class='ocrx_word' id='word_1_183' title='bbox 2622 1603 3035 1676; x_wconf 80' lang='lat' dir='ltr'><strong>[Constantinus</strong></span> <span class='ocrx_word' id='word_1_184' title='bbox 3080 1601 3144 1633; x_wconf 66' lang='grc'><strong>⁸⁰¹</strong></span> <span class='ocrx_word' id='word_1_185' title='bbox 3182 1615 3323 1672; x_wconf 90' lang='lat' dir='ltr'><strong>papa</strong></span> <span class='ocrx_word' id='word_1_186' title='bbox 3364 1604 3492 1673; x_wconf 89' lang='lat' dir='ltr'><strong>jusu</strong></span> <span class='ocrx_word' id='word_1_187' title='bbox 3539 1601 3891 1672; x_wconf 78' lang='lat' dir='ltr'><strong>imperatoris</strong></span> 
     </span>
    </p>
   </div>
   <div class='ocr_carea' id='block_1_15' title="bbox 510 1689 3886 1764">
    <p class='ocr_par' dir='ltr' id='par_1_15' title="bbox 510 1689 3886 1764">
     <span class='ocr_line' id='line_1_15' title="bbox 510 1689 3886 1764; baseline -0.002 -13"><span class='ocrx_word' id='word_1_188' title='bbox 510 1694 813 1751; x_wconf 90' lang='lat' dir='ltr'><strong>Dionislum</strong></span> <span class='ocrx_word' id='word_1_189' title='bbox 842 1700 1003 1751; x_wconf 90' lang='lat' dir='ltr'><strong>natus</strong></span> <span class='ocrx_word' id='word_1_190' title='bbox 1031 1701 1115 1751; x_wconf 87' lang='lat' dir='ltr'><strong>est</strong></span> <span class='ocrx_word' id='word_1_191' title='bbox 1160 1695 1441 1764; x_wconf 89' lang='lat' dir='ltr'><strong>Dominus,</strong></span> <span class='ocrx_word' id='word_1_192' title='bbox 1503 1701 1557 1752; x_wconf 92' lang='lat' dir='ltr'><strong>et</strong></span> <span class='ocrx_word' id='word_1_193' title='bbox 1612 1694 1971 1753; x_wconf 89' lang='lat' dir='ltr'><strong>indictionem</strong></span> <span class='ocrx_word' id='word_1_194' title='bbox 2026 1694 2156 1751; x_wconf 90' lang='lat' dir='ltr'><strong>anni</strong></span> <span class='ocrx_word' id='word_1_195' title='bbox 2235 1696 2566 1761; x_wconf 89' lang='lat' dir='ltr'><strong>Iustiniani,</strong></span> <span class='ocrx_word' id='word_1_196' title='bbox 2624 1695 2713 1755; x_wconf 90' lang='lat' dir='ltr'><strong>die</strong></span> <span class='ocrx_word' id='word_1_197' title='bbox 2770 1694 2806 1747; x_wconf 88' lang='grc'>5</span> <span class='ocrx_word' id='word_1_198' title='bbox 2862 1693 3068 1751; x_wconf 88' lang='lat' dir='ltr'><strong>mensis</strong></span> <span class='ocrx_word' id='word_1_199' title='bbox 3122 1690 3417 1757; x_wconf 86' lang='lat' dir='ltr'><strong>Octobris,</strong></span> <span class='ocrx_word' id='word_1_200' title='bbox 3474 1689 3782 1747; x_wconf 87' lang='lat' dir='ltr'><strong>indictione</strong></span> <span class='ocrx_word' id='word_1_201' title='bbox 3830 1693 3886 1758; x_wconf 81' lang='lat'><strong>9,</strong></span> 
     </span>
    </p>
   </div>
   <div class='ocr_carea' id='block_1_16' title="bbox 511 1779 3885 1856">
    <p class='ocr_par' dir='ltr' id='par_1_16' title="bbox 511 1779 3885 1856">
     <span class='ocr_line' id='line_1_16' title="bbox 511 1779 3885 1856; baseline -0.001 -18"><span class='ocrx_word' id='word_1_202' title='bbox 511 1783 661 1839; x_wconf 90' lang='lat' dir='ltr'><strong>illius</strong></span> <span class='ocrx_word' id='word_1_203' title='bbox 738 1786 1131 1855; x_wconf 83' lang='lat' dir='ltr'><strong>cujuscumque</strong></span> <span class='ocrx_word' id='word_1_204' title='bbox 1194 1784 1472 1853; x_wconf 92' lang='lat' dir='ltr'><strong>volueris,</strong></span> <span class='ocrx_word' id='word_1_205' title='bbox 1539 1791 1730 1855; x_wconf 88' lang='lat' dir='ltr'><strong>utpote</strong></span> <span class='ocrx_word' id='word_1_206' title='bbox 1788 1785 1841 1841; x_wconf 93' lang='lat' dir='ltr'><strong>in</strong></span> <span class='ocrx_word' id='word_1_207' title='bbox 1900 1792 2495 1856; x_wconf 84' lang='lat' dir='ltr'><strong>presente_egressus</strong></span> <span class='ocrx_word' id='word_1_208' title='bbox 2526 1784 2595 1841; x_wconf 91' lang='lat' dir='ltr'><strong>de</strong></span> <span class='ocrx_word' id='word_1_209' title='bbox 2624 1784 2819 1852; x_wconf 82' lang='lat' dir='ltr'><strong>Roma,</strong></span> <span class='ocrx_word' id='word_1_210' title='bbox 2848 1782 2998 1840; x_wconf 87' lang='lat' dir='ltr'><strong>venit</strong></span> <span class='ocrx_word' id='word_1_211' title='bbox 3026 1781 3295 1847; x_wconf 86' lang='lat' dir='ltr'><strong>Ydronto,</strong></span> <span class='ocrx_word' id='word_1_212' title='bbox 3344 1779 3440 1836; x_wconf 89' lang='lat' dir='ltr'><strong>ubi</strong></span> <span class='ocrx_word' id='word_1_213' title='bbox 3487 1792 3664 1836; x_wconf 88' lang='lat' dir='ltr'><strong>moras</strong></span> <span class='ocrx_word' id='word_1_214' title='bbox 3714 1779 3885 1847; x_wconf 77' lang='lat' dir='ltr'><strong>fecit,</strong></span> 
     </span>
    </p>
   </div>
   <div class='ocr_carea' id='block_1_17' title="bbox 512 1845 3885 1959">
    <p class='ocr_par' dir='ltr' id='par_1_17' title="bbox 512 1845 3885 1959">
     <span class='ocr_line' id='line_1_17' title="bbox 512 1845 3885 1959; baseline -0.001 -29"><span class='ocrx_word' id='word_1_215' title='bbox 512 1887 699 1942; x_wconf 89' lang='lat' dir='ltr'><strong>unam,</strong></span> <span class='ocrx_word' id='word_1_216' title='bbox 739 1845 878 1929; x_wconf 44' lang='lat' dir='ltr'><strong>ﬁu&#39;nt</strong></span> <span class='ocrx_word' id='word_1_217' title='bbox 905 1845 1058 1944; x_wconf 57' lang='lat'><strong>703;</strong></span> <span class='ocrx_word' id='word_1_218' title='bbox 1101 1875 1193 1931; x_wconf 92' lang='lat' dir='ltr'><strong>isti</strong></span> <span class='ocrx_word' id='word_1_219' title='bbox 1222 1882 1349 1959; x_wconf 87' lang='lat' dir='ltr'><strong>sunt</strong></span> <span class='ocrx_word' id='word_1_220' title='bbox 1399 1845 1529 1931; x_wconf 82' lang='lat' dir='ltr'><strong>anni</strong></span> <span class='ocrx_word' id='word_1_221' title='bbox 1585 1845 2370 1946; x_wconf 49' lang='lat' dir='ltr'><strong>nativitatis-Dominquuia</strong></span> <span class='ocrx_word' id='word_1_222' title='bbox 2424 1874 2603 1931; x_wconf 86' lang='lat' dir='ltr'><strong>hiems</strong></span> <span class='ocrx_word' id='word_1_223' title='bbox 2662 1845 2816 1930; x_wconf 50' lang='lat' dir='ltr'><strong>erat.</strong></span> <span class='ocrx_word' id='word_1_224' title='bbox 2867 1870 3207 1929; x_wconf 88' lang='lat' dir='ltr'><strong>Iustinianus</strong></span> <span class='ocrx_word' id='word_1_225' title='bbox 3265 1845 3444 1927; x_wconf 81' lang='lat' dir='ltr'><strong>autem</strong></span> <span class='ocrx_word' id='word_1_226' title='bbox 3502 1870 3804 1939; x_wconf 84' lang='lat' dir='ltr'><strong>imperator</strong></span> <span class='ocrx_word' id='word_1_227' title='bbox 3854 1845 3885 1925; x_wconf 54' lang='grc' dir='ltr'><strong><em>Α</em></strong></span> 
     </span>
    </p>
   </div>
   <div class='ocr_carea' id='block_1_18' title="bbox 509 1961 3885 2033">
    <p class='ocr_par' dir='ltr' id='par_1_18' title="bbox 509 1961 3885 2033">
     <span class='ocr_line' id='line_1_18' title="bbox 509 1961 3885 2033; baseline 0 -14"><span class='ocrx_word' id='word_1_228' title='bbox 509 1961 665 2032; x_wconf 84' lang='lat' dir='ltr'><strong>juxta</strong></span> <span class='ocrx_word' id='word_1_229' title='bbox 701 1962 1027 2019; x_wconf 88' lang='lat' dir='ltr'><strong>Dionisium.</strong></span> <span class='ocrx_word' id='word_1_230' title='bbox 1062 1985 1090 2015; x_wconf 68' lang='grc' dir='ltr'><strong><em>ν</em></strong></span> <span class='ocrx_word' id='word_1_231' title='bbox 1132 1965 1261 2021; x_wconf 71' lang='lat' dir='ltr'><strong>Haec</strong></span> <span class='ocrx_word' id='word_1_232' title='bbox 1288 1965 1454 2021; x_wconf 87' lang='lat' dir='ltr'><strong>Beda.</strong></span> <span class='ocrx_word' id='word_1_233' title='bbox 2238 1964 2405 2020; x_wconf 87' lang='lat' dir='ltr'><strong>Nicea</strong></span> <span class='ocrx_word' id='word_1_234' title='bbox 2431 1962 2687 2021; x_wconf 66' lang='lat' dir='ltr'><strong>Bithiniaa</strong></span> <span class='ocrx_word' id='word_1_235' title='bbox 2717 1962 2968 2033; x_wconf 87' lang='lat' dir='ltr'><strong>precepit</strong></span> <span class='ocrx_word' id='word_1_236' title='bbox 2997 1978 3155 2033; x_wconf 59' lang='lat' dir='ltr'><strong>papa;</strong></span> <span class='ocrx_word' id='word_1_237' title='bbox 3184 1969 3245 2020; x_wconf 89' lang='lat' dir='ltr'><strong>ut</strong></span> <span class='ocrx_word' id='word_1_238' title='bbox 3273 1963 3644 2020; x_wconf 52' lang='lat' dir='ltr'><strong>Nicon’cdiam</strong></span> <span class='ocrx_word' id='word_1_239' title='bbox 3672 1963 3885 2019; x_wconf 78' lang='lat' dir='ltr'><strong>veniret</strong></span> 
     </span>
    </p>
   </div>
   <div class='ocr_carea' id='block_1_19' title="bbox 584 2050 3885 2125">
    <p class='ocr_par' dir='ltr' id='par_1_19' title="bbox 584 2050 3885 2125">
     <span class='ocr_line' id='line_1_19' title="bbox 584 2050 3885 2125; baseline 0.001 -21"><span class='ocrx_word' id='word_1_240' title='bbox 584 2050 711 2108; x_wconf 91' lang='lat'><strong>726.</strong></span> <span class='ocrx_word' id='word_1_241' title='bbox 743 2051 798 2108; x_wconf 91' lang='lat'><strong>6.</strong></span> <span class='ocrx_word' id='word_1_242' title='bbox 834 2052 1036 2124; x_wconf 71' lang='grc' dir='ltr'><strong>[θεων]</strong></span> <span class='ocrx_word' id='word_1_243' title='bbox 1075 2053 1296 2125; x_wconf 47' lang='lat' dir='ltr'><strong>(Bene)</strong></span> <span class='ocrx_word' id='word_1_244' title='bbox 1342 2053 1600 2123; x_wconf 88' lang='lat' dir='ltr'><strong>Gisulfus,</strong></span> <span class='ocrx_word' id='word_1_245' title='bbox 1656 2054 1765 2109; x_wconf 91' lang='lat' dir='ltr'><strong>dux</strong></span> <span class='ocrx_word' id='word_1_246' title='bbox 1802 2055 1983 2125; x_wconf 87' lang='lat' dir='ltr'><strong>gentis</strong></span> <span class='ocrx_word' id='word_1_247' title='bbox 2020 2056 2158 2110; x_wconf 92' lang='lat' dir='ltr'><strong>Lan-</strong></span> <span class='ocrx_word' id='word_1_248' title='bbox 2240 2054 2416 2111; x_wconf 90' lang='lat' dir='ltr'><strong>oviam</strong></span> <span class='ocrx_word' id='word_1_249' title='bbox 2446 2052 2565 2123; x_wconf 84' lang='lat' dir='ltr'><strong>regi</strong></span> <span class='ocrx_word' id='word_1_250' title='bbox 2589 2067 2620 2108; x_wconf 91' lang='lat' dir='ltr'><strong>a</strong></span> <span class='ocrx_word' id='word_1_251' title='bbox 2648 2052 2815 2109; x_wconf 87' lang='lat' dir='ltr'><strong>Nicea</strong></span> <span class='ocrx_word' id='word_1_252' title='bbox 2842 2052 3085 2108; x_wconf 89' lang='lat' dir='ltr'><strong>venienti</strong></span> <span class='ocrx_word' id='word_1_253' title='bbox 3118 2074 3132 2120; x_wconf 90' lang='lat'><strong>;</strong></span> <span class='ocrx_word' id='word_1_254' title='bbox 3175 2052 3271 2108; x_wconf 90' lang='lat' dir='ltr'><strong>ubi</strong></span> <span class='ocrx_word' id='word_1_255' title='bbox 3302 2066 3440 2123; x_wconf 87' lang='lat' dir='ltr'><strong>papa</strong></span> <span class='ocrx_word' id='word_1_256' title='bbox 3483 2058 3536 2108; x_wconf 93' lang='lat' dir='ltr'><strong>et</strong></span> <span class='ocrx_word' id='word_1_257' title='bbox 3582 2065 3675 2108; x_wconf 82' lang='lat' dir='ltr'><strong>rex</strong></span> <span class='ocrx_word' id='word_1_258' title='bbox 3719 2052 3885 2108; x_wconf 86' lang='lat' dir='ltr'><strong>simul</strong></span> 
     </span>
    </p>
   </div>
   <div class='ocr_carea' id='block_1_20' title="bbox 513 2141 3889 2217">
    <p class='ocr_par' dir='ltr' id='par_1_20' title="bbox 513 2141 3889 2217">
     <span class='ocr_line' id='line_1_20' title="bbox 513 2141 3889 2217; baseline 0 -18"><span class='ocrx_word' id='word_1_259' title='bbox 513 2141 884 2213; x_wconf 88' lang='lat' dir='ltr'><strong>gobardorum</strong></span> <span class='ocrx_word' id='word_1_260' title='bbox 932 2144 1248 2212; x_wconf 87' lang='lat' dir='ltr'><strong>Beneventi,</strong></span> <span class='ocrx_word' id='word_1_261' title='bbox 1289 2143 1636 2213; x_wconf 86' lang='lat' dir='ltr'><strong>Campaniam</strong></span> <span class='ocrx_word' id='word_1_262' title='bbox 1694 2147 1842 2217; x_wconf 88' lang='lat' dir='ltr'><strong>igne,</strong></span> <span class='ocrx_word' id='word_1_263' title='bbox 1883 2143 2067 2215; x_wconf 84' lang='lat' dir='ltr'><strong>gladio</strong></span> <span class='ocrx_word' id='word_1_264' title='bbox 2106 2150 2161 2201; x_wconf 85' lang='lat' dir='ltr'><strong>et</strong></span> <span class='ocrx_word' id='word_1_265' title='bbox 2241 2143 2659 2199; x_wconf 90' lang='lat' dir='ltr'><strong>convenierunt.</strong></span> <span class='ocrx_word' id='word_1_266' title='bbox 2710 2144 2854 2212; x_wconf 88' lang='lat' dir='ltr'><strong>Papa</strong></span> <span class='ocrx_word' id='word_1_267' title='bbox 2893 2142 2962 2197; x_wconf 90' lang='lat' dir='ltr'><strong>de</strong></span> <span class='ocrx_word' id='word_1_268' title='bbox 3008 2141 3330 2198; x_wconf 88' lang='lat' dir='ltr'><strong>Nicomedia</strong></span> <span class='ocrx_word' id='word_1_269' title='bbox 3377 2156 3647 2213; x_wconf 80' lang='lat' dir='ltr'><strong>egressus,</strong></span> <span class='ocrx_word' id='word_1_270' title='bbox 3681 2141 3760 2195; x_wconf 66' lang='grc' dir='ltr'><strong>ΩΑ</strong></span> <span class='ocrx_word' id='word_1_271' title='bbox 3794 2143 3889 2199; x_wconf 82' lang='lat' dir='ltr'><strong>die</strong></span> 
     </span>
    </p>
   </div>
   <div class='ocr_carea' id='block_1_21' title="bbox 514 2230 3881 2305">
    <p class='ocr_par' dir='ltr' id='par_1_21' title="bbox 514 2230 3881 2305">
     <span class='ocr_line' id='line_1_21' title="bbox 514 2230 3881 2305; baseline 0 -18"><span class='ocrx_word' id='word_1_272' title='bbox 514 2231 829 2301; x_wconf 88' lang='lat' dir='ltr'><strong>captivitate</strong></span> <span class='ocrx_word' id='word_1_273' title='bbox 894 2234 1158 2300; x_wconf 87' lang='lat' dir='ltr'><strong>vastavit;</strong></span> <span class='ocrx_word' id='word_1_274' title='bbox 1229 2248 1462 2304; x_wconf 89' lang='lat' dir='ltr'><strong>cumque</strong></span> <span class='ocrx_word' id='word_1_275' title='bbox 1522 2247 1631 2291; x_wconf 92' lang='lat' dir='ltr'><strong>non</strong></span> <span class='ocrx_word' id='word_1_276' title='bbox 1689 2240 1835 2292; x_wconf 90' lang='lat' dir='ltr'><strong>esset</strong></span> <span class='ocrx_word' id='word_1_277' title='bbox 1890 2234 1986 2304; x_wconf 88' lang='lat' dir='ltr'><strong>qui</strong></span> <span class='ocrx_word' id='word_1_278' title='bbox 2042 2235 2162 2305; x_wconf 91' lang='lat' dir='ltr'><strong>ejus</strong></span> <span class='ocrx_word' id='word_1_279' title='bbox 2241 2232 2444 2291; x_wconf 89' lang='lat' dir='ltr'><strong>mensis</strong></span> <span class='ocrx_word' id='word_1_280' title='bbox 2498 2231 2775 2300; x_wconf 81' lang='lat' dir='ltr'><strong>Octobris,</strong></span> <span class='ocrx_word' id='word_1_281' title='bbox 2833 2230 3137 2288; x_wconf 89' lang='lat' dir='ltr'><strong>indictione</strong></span> <span class='ocrx_word' id='word_1_282' title='bbox 3196 2230 3282 2299; x_wconf 88' lang='lat'><strong>10,</strong></span> <span class='ocrx_word' id='word_1_283' title='bbox 3341 2233 3571 2289; x_wconf 81' lang='lat' dir='ltr'><strong>Romam</strong></span> <span class='ocrx_word' id='word_1_284' title='bbox 3621 2231 3881 2297; x_wconf 77' lang='lat' dir='ltr'><strong>intravit;</strong></span> 
     </span>
    </p>
   </div>
   <div class='ocr_carea' id='block_1_22' title="bbox 514 2319 3888 2395">
    <p class='ocr_par' dir='ltr' id='par_1_22' title="bbox 514 2319 3888 2395">
     <span class='ocr_line' id='line_1_22' title="bbox 514 2319 3888 2395; baseline 0.001 -18"><span class='ocrx_word' id='word_1_285' title='bbox 514 2323 723 2390; x_wconf 88' lang='lat' dir='ltr'><strong>impetu</strong></span> <span class='ocrx_word' id='word_1_286' title='bbox 781 2322 1089 2391; x_wconf 87' lang='lat' dir='ltr'><strong>resisteret,</strong></span> <span class='ocrx_word' id='word_1_287' title='bbox 1130 2323 1472 2393; x_wconf 90' lang='lat' dir='ltr'><strong>apostolicus</strong></span> <span class='ocrx_word' id='word_1_288' title='bbox 1528 2338 1668 2395; x_wconf 89' lang='lat' dir='ltr'><strong>papa</strong></span> <span class='ocrx_word' id='word_1_289' title='bbox 1710 2325 2009 2391; x_wconf 88' lang='lat' dir='ltr'><strong>Iohannes,</strong></span> <span class='ocrx_word' id='word_1_290' title='bbox 2066 2324 2161 2395; x_wconf 92' lang='lat' dir='ltr'><strong>qui</strong></span> <span class='ocrx_word' id='word_1_291' title='bbox 2242 2320 2444 2378; x_wconf 90' lang='lat' dir='ltr'><strong>deinde</strong></span> <span class='ocrx_word' id='word_1_292' title='bbox 2474 2326 2600 2391; x_wconf 90' lang='lat' dir='ltr'><strong>post</strong></span> <span class='ocrx_word' id='word_1_293' title='bbox 2627 2334 2845 2378; x_wconf 89' lang='lat' dir='ltr'><strong>menses</strong></span> <span class='ocrx_word' id='word_1_294' title='bbox 2867 2320 2904 2375; x_wconf 89' lang='lat'><strong>3</strong></span> <span class='ocrx_word' id='word_1_295' title='bbox 2938 2320 3146 2378; x_wconf 86' lang='lat' dir='ltr'><strong>audivit</strong></span> <span class='ocrx_word' id='word_1_296' title='bbox 3174 2319 3324 2392; x_wconf 89' lang='lat' dir='ltr'><strong>quod</strong></span> <span class='ocrx_word' id='word_1_297' title='bbox 3361 2320 3697 2393; x_wconf 78' lang='lat' dir='ltr'><strong>Philippicas</strong></span> <span class='ocrx_word' id='word_1_298' title='bbox 3720 2322 3888 2379; x_wconf 54' lang='lat' dir='ltr'><strong>Iusti.</strong></span> 
     </span>
    </p>
   </div>
   <div class='ocr_carea' id='block_1_23' title="bbox 513 2410 2748 2482">
    <p class='ocr_par' dir='ltr' id='par_1_23' title="bbox 513 2410 2748 2482">
     <span class='ocr_line' id='line_1_23' title="bbox 513 2410 2748 2482; baseline -0 -15"><span class='ocrx_word' id='word_1_299' title='bbox 513 2411 707 2482; x_wconf 88' lang='lat' dir='ltr'><strong>Sergio</strong></span> <span class='ocrx_word' id='word_1_300' title='bbox 753 2418 1118 2479; x_wconf 89' lang='lat' dir='ltr'><strong>successerat,</strong></span> <span class='ocrx_word' id='word_1_301' title='bbox 1159 2413 1341 2469; x_wconf 88' lang='lat' dir='ltr'><strong>missis</strong></span> <span class='ocrx_word' id='word_1_302' title='bbox 1372 2414 1460 2469; x_wconf 88' lang='lat' dir='ltr'><strong>.ad</strong></span> <span class='ocrx_word' id='word_1_303' title='bbox 1508 2428 1632 2470; x_wconf 92' lang='lat' dir='ltr'><strong>eum</strong></span> <span class='ocrx_word' id='word_1_304' title='bbox 1677 2414 2061 2471; x_wconf 89' lang='lat' dir='ltr'><strong>sacerdotibus</strong></span> <span class='ocrx_word' id='word_1_305' title='bbox 2099 2428 2162 2472; x_wconf 90' lang='lat' dir='ltr'><strong>ac</strong></span> <span class='ocrx_word' id='word_1_306' title='bbox 2242 2410 2466 2466; x_wconf 91' lang='lat' dir='ltr'><strong>nianum</strong></span> <span class='ocrx_word' id='word_1_307' title='bbox 2503 2410 2748 2481; x_wconf 91' lang='lat' dir='ltr'><strong>occidit.]</strong></span> 
     </span>
    </p>
   </div>
   <div class='ocr_carea' id='block_1_24' title="bbox 516 2498 3886 2573">
    <p class='ocr_par' dir='ltr' id='par_1_24' title="bbox 516 2498 3886 2573">
     <span class='ocr_line' id='line_1_24' title="bbox 516 2498 3886 2573; baseline 0 -18"><span class='ocrx_word' id='word_1_308' title='bbox 516 2500 763 2556; x_wconf 89' lang='lat' dir='ltr'><strong>donariis</strong></span> <span class='ocrx_word' id='word_1_309' title='bbox 828 2501 1201 2571; x_wconf 90' lang='lat' dir='ltr'><strong>perplurimis,</strong></span> <span class='ocrx_word' id='word_1_310' title='bbox 1261 2503 1549 2559; x_wconf 90' lang='lat' dir='ltr'><strong>universos</strong></span> <span class='ocrx_word' id='word_1_311' title='bbox 1604 2504 1838 2559; x_wconf 88' lang='lat' dir='ltr'><strong>redemit</strong></span> <span class='ocrx_word' id='word_1_312' title='bbox 1877 2504 2160 2573; x_wconf 88' lang='lat' dir='ltr'><strong>captivos,</strong></span> <span class='ocrx_word' id='word_1_313' title='bbox 2314 2502 2664 2557; x_wconf 84' lang='lat' dir='ltr'><strong>Romanorum</strong></span> <span class='ocrx_word' id='word_1_314' title='bbox 2726 2498 2798 2553; x_wconf 89' lang='lat'><strong>73</strong></span> <span class='ocrx_word' id='word_1_315' title='bbox 2861 2500 3098 2569; x_wconf 75' lang='lat' dir='ltr'><strong>regnavit</strong></span> <span class='ocrx_word' id='word_1_316' title='bbox 3161 2499 3481 2572; x_wconf 74' lang='lat' dir='ltr'><strong>Philippicas</strong></span> <span class='ocrx_word' id='word_1_317' title='bbox 3543 2514 3677 2556; x_wconf 79' lang='lat' dir='ltr'><strong>mmo</strong></span> <span class='ocrx_word' id='word_1_318' title='bbox 3726 2514 3848 2556; x_wconf 62' lang='lat' dir='ltr'><strong>uno</strong></span> <span class='ocrx_word' id='word_1_319' title='bbox 3872 2546 3886 2567; x_wconf 85' lang='lat'><strong>,</strong></span> 
     </span>
    </p>
   </div>
   <div class='ocr_carea' id='block_1_25' title="bbox 516 2588 3893 2662">
    <p class='ocr_par' dir='ltr' id='par_1_25' title="bbox 516 2588 3893 2662">
     <span class='ocr_line' id='line_1_25' title="bbox 516 2588 3893 2662; baseline 0.001 -16"><span class='ocrx_word' id='word_1_320' title='bbox 516 2593 683 2658; x_wconf 86' lang='lat' dir='ltr'><strong>atque</strong></span> <span class='ocrx_word' id='word_1_321' title='bbox 711 2589 903 2646; x_wconf 89' lang='lat' dir='ltr'><strong>hostes</strong></span> <span class='ocrx_word' id='word_1_322' title='bbox 923 2589 1147 2646; x_wconf 88' lang='lat' dir='ltr'><strong>domum</strong></span> <span class='ocrx_word' id='word_1_323' title='bbox 1167 2589 1352 2646; x_wconf 87' lang='lat' dir='ltr'><strong>redire</strong></span> <span class='ocrx_word' id='word_1_324' title='bbox 1381 2590 1531 2646; x_wconf 80' lang='lat' dir='ltr'><strong>fecit.</strong></span> <span class='ocrx_word' id='word_1_325' title='bbox 1552 2591 1832 2648; x_wconf 87' lang='lat' dir='ltr'><strong>Iohannes</strong></span> <span class='ocrx_word' id='word_1_326' title='bbox 1854 2606 1994 2662; x_wconf 90' lang='lat' dir='ltr'><strong>papa</strong></span> <span class='ocrx_word' id='word_1_327' title='bbox 2024 2590 2164 2648; x_wconf 90' lang='lat' dir='ltr'><strong>obiit</strong></span> <span class='ocrx_word' id='word_1_328' title='bbox 2244 2588 2502 2644; x_wconf 82' lang='lat' dir='ltr'><strong>mensibus</strong></span> <span class='ocrx_word' id='word_1_329' title='bbox 2558 2588 2613 2655; x_wconf 90' lang='lat'><strong>6,</strong></span> <span class='ocrx_word' id='word_1_330' title='bbox 2682 2602 2857 2658; x_wconf 88' lang='lat' dir='ltr'><strong>usque</strong></span> <span class='ocrx_word' id='word_1_331' title='bbox 2918 2588 2975 2644; x_wconf 93' lang='lat' dir='ltr'><strong>in</strong></span> <span class='ocrx_word' id='word_1_332' title='bbox 3016 2602 3216 2645; x_wconf 91' lang='lat' dir='ltr'><strong>annum</strong></span> <span class='ocrx_word' id='word_1_333' title='bbox 3271 2590 3379 2644; x_wconf 83' lang='lat'><strong>702</strong></span> <span class='ocrx_word' id='word_1_334' title='bbox 3415 2593 3539 2659; x_wconf 90' lang='lat' dir='ltr'><strong>post</strong></span> <span class='ocrx_word' id='word_1_335' title='bbox 3575 2591 3893 2661; x_wconf 76' lang='lat' dir='ltr'><strong>passionem</strong></span> 
     </span>
    </p>
   </div>
   <div class='ocr_carea' id='block_1_26' title="bbox 516 2676 2480 2752">
    <p class='ocr_par' dir='ltr' id='par_1_26' title="bbox 516 2676 2480 2752">
     <span class='ocr_line' id='line_1_26' title="bbox 516 2676 2480 2752; baseline 0.002 -21"><span class='ocrx_word' id='word_1_336' title='bbox 516 2676 822 2733; x_wconf 91' lang='lat' dir='ltr'><strong>indictione</strong></span> <span class='ocrx_word' id='word_1_337' title='bbox 850 2677 885 2731; x_wconf 90' lang='lat'><strong>3</strong></span> <span class='ocrx_word' id='word_1_338' title='bbox 922 2678 1222 2735; x_wconf 90' lang='lat' dir='ltr'><strong>secundum</strong></span> <span class='ocrx_word' id='word_1_339' title='bbox 1277 2684 1431 2750; x_wconf 85' lang='lat' dir='ltr'><strong>gesta</strong></span> <span class='ocrx_word' id='word_1_340' title='bbox 1482 2681 1803 2750; x_wconf 90' lang='lat' dir='ltr'><strong>pontiﬁcum</strong></span> <span class='ocrx_word' id='word_1_341' title='bbox 1856 2681 1920 2752; x_wconf 83' lang='grc' dir='ltr'><strong>(ι.</strong></span> <span class='ocrx_word' id='word_1_342' title='bbox 1967 2679 2160 2752; x_wconf 85' lang='lat' dir='ltr'><strong>pont.).</strong></span> <span class='ocrx_word' id='word_1_343' title='bbox 2245 2679 2480 2736; x_wconf 91' lang='lat' dir='ltr'><strong>Domini.</strong></span> 
     </span>
    </p>
   </div>
   <div class='ocr_carea' id='block_1_27' title="bbox 590 2767 3896 2843">
    <p class='ocr_par' dir='ltr' id='par_1_27' title="bbox 590 2767 3896 2843">
     <span class='ocr_line' id='line_1_27' title="bbox 590 2767 3896 2843; baseline 0.002 -22"><span class='ocrx_word' id='word_1_344' title='bbox 590 2767 718 2825; x_wconf 93' lang='lat'><strong>727.</strong></span> <span class='ocrx_word' id='word_1_345' title='bbox 774 2769 829 2825; x_wconf 91' lang='lat'><strong>7.</strong></span> <span class='ocrx_word' id='word_1_346' title='bbox 894 2768 1067 2840; x_wconf 87' lang='lat' dir='ltr'><strong>[nccv]</strong></span> <span class='ocrx_word' id='word_1_347' title='bbox 1124 2768 1340 2842; x_wconf 78' lang='lat' dir='ltr'><strong>(BEDA.)</strong></span> <span class='ocrx_word' id='word_1_348' title='bbox 1378 2770 1642 2828; x_wconf 78' lang='lat' dir='ltr'><strong>Iohannes</strong></span> <span class='ocrx_word' id='word_1_349' title='bbox 1698 2772 1767 2826; x_wconf 84' lang='lat'><strong>85</strong></span> <span class='ocrx_word' id='word_1_350' title='bbox 1821 2787 1961 2843; x_wconf 83' lang='lat' dir='ltr'><strong>papa</strong></span> <span class='ocrx_word' id='word_1_351' title='bbox 2013 2770 2165 2826; x_wconf 84' lang='lat' dir='ltr'><strong>annis</strong></span> <span class='ocrx_word' id='word_1_352' title='bbox 2314 2768 2442 2825; x_wconf 90' lang='lat'><strong>734.</strong></span> <span class='ocrx_word' id='word_1_353' title='bbox 2516 2769 2564 2825; x_wconf 92' lang='lat' dir='ltr'><strong>l.</strong></span> <span class='ocrx_word' id='word_1_354' title='bbox 2628 2768 2841 2839; x_wconf 79' lang='lat' dir='ltr'><strong>[DCCXII]</strong></span> <span class='ocrx_word' id='word_1_355' title='bbox 2933 2770 3145 2840; x_wconf 74' lang='grc' dir='ltr'><strong>(Βεω.)</strong></span> <span class='ocrx_word' id='word_1_356' title='bbox 3205 2770 3307 2825; x_wconf 84' lang='lat' dir='ltr'><strong>Hic</strong></span> <span class='ocrx_word' id='word_1_357' title='bbox 3363 2770 3526 2840; x_wconf 86' lang='lat' dir='ltr'><strong>ejecit</strong></span> <span class='ocrx_word' id='word_1_358' title='bbox 3579 2772 3788 2841; x_wconf 76' lang='lat' dir='ltr'><strong>Cyrum</strong></span> <span class='ocrx_word' id='word_1_359' title='bbox 3825 2773 3896 2829; x_wconf 87' lang='lat' dir='ltr'><strong>de</strong></span> 
     </span>
    </p>
   </div>
   <div class='ocr_carea' id='block_1_28' title="bbox 515 2856 3895 2932">
    <p class='ocr_par' dir='ltr' id='par_1_28' title="bbox 515 2856 3895 2932">
     <span class='ocr_line' id='line_1_28' title="bbox 515 2856 3895 2932; baseline 0.001 -15"><span class='ocrx_word' id='word_1_360' title='bbox 515 2856 572 2925; x_wconf 81' lang='lat'><strong>2,</strong></span> <span class='ocrx_word' id='word_1_361' title='bbox 630 2856 890 2917; x_wconf 75' lang='lat' dir='ltr'><strong>mensibus</strong></span> <span class='ocrx_word' id='word_1_362' title='bbox 940 2857 997 2918; x_wconf 93' lang='lat'><strong>8.</strong></span> <span class='ocrx_word' id='word_1_363' title='bbox 1044 2858 1322 2915; x_wconf 90' lang='lat' dir='ltr'><strong>Iohannes</strong></span> <span class='ocrx_word' id='word_1_364' title='bbox 1377 2874 1519 2932; x_wconf 87' lang='lat' dir='ltr'><strong>papa</strong></span> <span class='ocrx_word' id='word_1_365' title='bbox 1573 2861 1721 2916; x_wconf 88' lang='lat' dir='ltr'><strong>inter</strong></span> <span class='ocrx_word' id='word_1_366' title='bbox 1774 2861 1941 2917; x_wconf 84' lang='lat' dir='ltr'><strong>multa</strong></span> <span class='ocrx_word' id='word_1_367' title='bbox 1997 2873 2166 2930; x_wconf 89' lang='lat' dir='ltr'><strong>opera</strong></span> <span class='ocrx_word' id='word_1_368' title='bbox 2246 2857 2589 2928; x_wconf 89' lang='lat' dir='ltr'><strong>pontiﬁcatu,</strong></span> <span class='ocrx_word' id='word_1_369' title='bbox 2636 2871 2871 2927; x_wconf 90' lang='lat' dir='ltr'><strong>eumque</strong></span> <span class='ocrx_word' id='word_1_370' title='bbox 2919 2858 2987 2913; x_wconf 90' lang='lat' dir='ltr'><strong>ad</strong></span> <span class='ocrx_word' id='word_1_371' title='bbox 3034 2858 3448 2928; x_wconf 89' lang='lat' dir='ltr'><strong>gubernandum</strong></span> <span class='ocrx_word' id='word_1_372' title='bbox 3494 2860 3713 2916; x_wconf 84' lang='lat' dir='ltr'><strong>abbatis</strong></span> <span class='ocrx_word' id='word_1_373' title='bbox 3766 2864 3895 2932; x_wconf 86' lang='lat' dir='ltr'><strong>jure</strong></span> 
     </span>
    </p>
   </div>
   <div class='ocr_carea' id='block_1_29' title="bbox 516 2938 4000 3020">
    <p class='ocr_par' dir='ltr' id='par_1_29' title="bbox 516 2938 4000 3020">
     <span class='ocr_line' id='line_1_29' title="bbox 516 2938 4000 3020; baseline 0.001 -17"><span class='ocrx_word' id='word_1_374' title='bbox 516 2945 833 3005; x_wconf 90' lang='lat' dir='ltr'><strong>inlustrium</strong></span> <span class='ocrx_word' id='word_1_375' title='bbox 890 2947 1022 3005; x_wconf 88' lang='lat' dir='ltr'><strong>fecit</strong></span> <span class='ocrx_word' id='word_1_376' title='bbox 1086 2950 1391 3006; x_wconf 89' lang='lat' dir='ltr'><strong>oratorium</strong></span> <span class='ocrx_word' id='word_1_377' title='bbox 1464 2955 1669 3006; x_wconf 73' lang='lat' dir='ltr'><strong>sancta:</strong></span> <span class='ocrx_word' id='word_1_378' title='bbox 1736 2949 1831 3004; x_wconf 91' lang='lat' dir='ltr'><strong>Dei</strong></span> <span class='ocrx_word' id='word_1_379' title='bbox 1896 2948 2165 3019; x_wconf 80' lang='lat' dir='ltr'><strong>genetrici</strong></span> <span class='ocrx_word' id='word_1_380' title='bbox 2246 2945 2637 3003; x_wconf 90' lang='lat' dir='ltr'><strong>monasterium</strong></span> <span class='ocrx_word' id='word_1_381' title='bbox 2694 2959 2851 3002; x_wconf 90' lang='lat' dir='ltr'><strong>suum</strong></span> <span class='ocrx_word' id='word_1_382' title='bbox 2908 2950 3139 3005; x_wconf 86' lang='lat' dir='ltr'><strong>Pontum</strong></span> <span class='ocrx_word' id='word_1_383' title='bbox 3191 2947 3373 3005; x_wconf 88' lang='lat' dir='ltr'><strong>redire</strong></span> <span class='ocrx_word' id='word_1_384' title='bbox 3412 2950 3676 3020; x_wconf 87' lang='lat' dir='ltr'><strong>precepit.</strong></span> <span class='ocrx_word' id='word_1_385' title='bbox 3748 2951 3898 3008; x_wconf 83' lang='lat' dir='ltr'><strong>Idem</strong></span> <span class='ocrx_word' id='word_1_386' title='bbox 3998 2938 4000 3019; x_wconf 78' lang='grc'>;</span> 
     </span>
    </p>
   </div>
   <div class='ocr_carea' id='block_1_30' title="bbox 519 3034 3901 3111">
    <p class='ocr_par' dir='ltr' id='par_1_30' title="bbox 519 3034 3901 3111">
     <span class='ocr_line' id='line_1_30' title="bbox 519 3034 3901 3111; baseline 0.002 -21"><span class='ocrx_word' id='word_1_387' title='bbox 519 3047 688 3105; x_wconf 90' lang='lat' dir='ltr'><strong>opere</strong></span> <span class='ocrx_word' id='word_1_388' title='bbox 754 3035 1127 3106; x_wconf 90' lang='lat' dir='ltr'><strong>pulcherrimo</strong></span> <span class='ocrx_word' id='word_1_389' title='bbox 1149 3078 1165 3104; x_wconf 94' lang='lat'><strong>,</strong></span> <span class='ocrx_word' id='word_1_390' title='bbox 1222 3038 1370 3095; x_wconf 89' lang='lat' dir='ltr'><strong>intra</strong></span> <span class='ocrx_word' id='word_1_391' title='bbox 1434 3038 1724 3094; x_wconf 90' lang='lat' dir='ltr'><strong>ecclesiam</strong></span> <span class='ocrx_word' id='word_1_392' title='bbox 1795 3038 1939 3093; x_wconf 84' lang='lat' dir='ltr'><strong>beati</strong></span> <span class='ocrx_word' id='word_1_393' title='bbox 2016 3038 2165 3095; x_wconf 91' lang='lat' dir='ltr'><strong>Petri</strong></span> <span class='ocrx_word' id='word_1_394' title='bbox 2247 3035 2607 3095; x_wconf 86' lang='lat' dir='ltr'><strong>Constantino</strong></span> <span class='ocrx_word' id='word_1_395' title='bbox 2638 3049 2794 3105; x_wconf 73' lang='lat' dir='ltr'><strong>papae</strong></span> <span class='ocrx_word' id='word_1_396' title='bbox 2822 3034 2972 3092; x_wconf 87' lang='lat' dir='ltr'><strong>misit</strong></span> <span class='ocrx_word' id='word_1_397' title='bbox 3000 3034 3215 3094; x_wconf 88' lang='lat' dir='ltr'><strong>litteras</strong></span> <span class='ocrx_word' id='word_1_398' title='bbox 3238 3038 3391 3108; x_wconf 85' lang='lat' dir='ltr'><strong>pravi</strong></span> <span class='ocrx_word' id='word_1_399' title='bbox 3421 3038 3717 3110; x_wconf 84' lang='lat' dir='ltr'><strong>dogmatis,</strong></span> <span class='ocrx_word' id='word_1_400' title='bbox 3759 3055 3901 3111; x_wconf 83' lang='lat' dir='ltr'><strong>quas</strong></span> 
     </span>
    </p>
   </div>
   <div class='ocr_carea' id='block_1_31' title="bbox 516 3124 3901 3236">
    <p class='ocr_par' dir='ltr' id='par_1_31' title="bbox 516 3124 3901 3236">
     <span class='ocr_line' id='line_1_31' title="bbox 516 3124 3901 3236; baseline 0.001 -55"><span class='ocrx_word' id='word_1_401' title='bbox 516 3124 776 3197; x_wconf 88' lang='lat' dir='ltr'><strong>apostoli.</strong></span> <span class='ocrx_word' id='word_1_402' title='bbox 843 3126 1180 3225; x_wconf 76' lang='lat' dir='ltr'><strong>lierebertus</strong></span> <span class='ocrx_word' id='word_1_403' title='bbox 1244 3141 1343 3236; x_wconf 62' lang='lat' dir='ltr'><strong>rex</strong></span> <span class='ocrx_word' id='word_1_404' title='bbox 1380 3127 1890 3226; x_wconf 41' lang='lat' dir='ltr'><strong>.Langobardorum</strong></span> <span class='ocrx_word' id='word_1_405' title='bbox 1964 3127 2164 3184; x_wconf 88' lang='lat' dir='ltr'><strong>multas</strong></span> <span class='ocrx_word' id='word_1_406' title='bbox 2183 3126 2341 3236; x_wconf 68' lang='lat' dir='ltr'><strong>Gille</strong></span> <span class='ocrx_word' id='word_1_407' title='bbox 2379 3140 2502 3182; x_wconf 91' lang='lat' dir='ltr'><strong>cum</strong></span> <span class='ocrx_word' id='word_1_408' title='bbox 2531 3124 2851 3236; x_wconf 66' lang='lat' dir='ltr'><strong>apostolicae</strong></span> <span class='ocrx_word' id='word_1_409' title='bbox 2880 3124 3030 3182; x_wconf 89' lang='lat' dir='ltr'><strong>sedis</strong></span> <span class='ocrx_word' id='word_1_410' title='bbox 3059 3126 3299 3183; x_wconf 89' lang='lat' dir='ltr'><strong>concilio</strong></span> <span class='ocrx_word' id='word_1_411' title='bbox 3337 3130 3569 3199; x_wconf 88' lang='lat' dir='ltr'><strong>respuit.</strong></span> <span class='ocrx_word' id='word_1_412' title='bbox 3604 3130 3685 3185; x_wconf 72' lang='lat' dir='ltr'><strong>Et</strong></span> <span class='ocrx_word' id='word_1_413' title='bbox 3729 3130 3901 3201; x_wconf 87' lang='lat' dir='ltr'><strong>hujus</strong></span> 
     </span>
    </p>
   </div>
   <div class='ocr_carea' id='block_1_32' title="bbox 517 3214 3899 3291">
    <p class='ocr_par' dir='ltr' id='par_1_32' title="bbox 517 3214 3899 3291">
     <span class='ocr_line' id='line_1_32' title="bbox 517 3214 3899 3291; baseline 0.002 -22"><span class='ocrx_word' id='word_1_414' title='bbox 517 3218 705 3270; x_wconf 90' lang='lat' dir='ltr'><strong>curtes</strong></span> <span class='ocrx_word' id='word_1_415' title='bbox 768 3218 824 3270; x_wconf 90' lang='lat' dir='ltr'><strong>et</strong></span> <span class='ocrx_word' id='word_1_416' title='bbox 888 3214 1218 3284; x_wconf 87' lang='lat' dir='ltr'><strong>patrimonia</strong></span> <span class='ocrx_word' id='word_1_417' title='bbox 1271 3214 1490 3285; x_wconf 78' lang='lat' dir='ltr'><strong>Alpium</strong></span> <span class='ocrx_word' id='word_1_418' title='bbox 1553 3216 1877 3283; x_wconf 89' lang='lat' dir='ltr'><strong>Cottiarum,</strong></span> <span class='ocrx_word' id='word_1_419' title='bbox 1938 3222 1993 3273; x_wconf 91' lang='lat' dir='ltr'><strong>et</strong></span> <span class='ocrx_word' id='word_1_420' title='bbox 2048 3214 2227 3273; x_wconf 67' lang='lat' dir='ltr'><strong>suae”</strong></span> <span class='ocrx_word' id='word_1_421' title='bbox 2252 3216 2334 3272; x_wconf 90' lang='lat' dir='ltr'><strong>rei</strong></span> <span class='ocrx_word' id='word_1_422' title='bbox 2364 3230 2530 3272; x_wconf 88' lang='lat' dir='ltr'><strong>causa</strong></span> <span class='ocrx_word' id='word_1_423' title='bbox 2556 3214 2687 3272; x_wconf 91' lang='lat' dir='ltr'><strong>fecit</strong></span> <span class='ocrx_word' id='word_1_424' title='bbox 2716 3216 2960 3286; x_wconf 89' lang='lat' dir='ltr'><strong>picturas</strong></span> <span class='ocrx_word' id='word_1_425' title='bbox 2987 3216 3045 3271; x_wconf 90' lang='lat' dir='ltr'><strong>in</strong></span> <span class='ocrx_word' id='word_1_426' title='bbox 3074 3216 3293 3286; x_wconf 89' lang='lat' dir='ltr'><strong>porticu</strong></span> <span class='ocrx_word' id='word_1_427' title='bbox 3330 3220 3506 3274; x_wconf 89' lang='lat' dir='ltr'><strong>sancti</strong></span> <span class='ocrx_word' id='word_1_428' title='bbox 3547 3220 3720 3287; x_wconf 83' lang='lat' dir='ltr'><strong>Petri,</strong></span> <span class='ocrx_word' id='word_1_429' title='bbox 3773 3235 3899 3291; x_wconf 69' lang='lat' dir='ltr'><strong>qua:</strong></span> 
     </span>
    </p>
   </div>
   <div class='ocr_carea' id='block_1_33' title="bbox 515 3302 3900 3376">
    <p class='ocr_par' dir='ltr' id='par_1_33' title="bbox 515 3302 3900 3376">
     <span class='ocr_line' id='line_1_33' title="bbox 515 3302 3900 3376; baseline 0.002 -18"><span class='ocrx_word' id='word_1_430' title='bbox 515 3302 795 3373; x_wconf 91' lang='lat' dir='ltr'><strong>quondam</strong></span> <span class='ocrx_word' id='word_1_431' title='bbox 832 3303 903 3359; x_wconf 89' lang='lat' dir='ltr'><strong>ad</strong></span> <span class='ocrx_word' id='word_1_432' title='bbox 946 3306 1039 3374; x_wconf 89' lang='lat' dir='ltr'><strong>jus</strong></span> <span class='ocrx_word' id='word_1_433' title='bbox 1087 3305 1438 3376; x_wconf 88' lang='lat' dir='ltr'><strong>pertinebant</strong></span> <span class='ocrx_word' id='word_1_434' title='bbox 1484 3304 1805 3375; x_wconf 78' lang='lat' dir='ltr'><strong>apostolicae</strong></span> <span class='ocrx_word' id='word_1_435' title='bbox 1848 3306 2017 3375; x_wconf 89' lang='lat' dir='ltr'><strong>sedis,</strong></span> <span class='ocrx_word' id='word_1_436' title='bbox 2067 3305 2165 3362; x_wconf 93' lang='lat' dir='ltr'><strong>sed</strong></span> <span class='ocrx_word' id='word_1_437' title='bbox 2248 3308 2370 3362; x_wconf 89' lang='lat' dir='ltr'><strong>acta</strong></span> <span class='ocrx_word' id='word_1_438' title='bbox 2424 3320 2522 3361; x_wconf 81' lang='lat' dir='ltr'><strong>sex</strong></span> <span class='ocrx_word' id='word_1_439' title='bbox 2570 3311 2885 3362; x_wconf 89' lang='lat' dir='ltr'><strong>sanctarum</strong></span> <span class='ocrx_word' id='word_1_440' title='bbox 2940 3306 3278 3376; x_wconf 83' lang='lat' dir='ltr'><strong>synodorum</strong></span> <span class='ocrx_word' id='word_1_441' title='bbox 3327 3307 3721 3365; x_wconf 85' lang='lat' dir='ltr'><strong>universalium</strong></span> <span class='ocrx_word' id='word_1_442' title='bbox 3771 3323 3900 3367; x_wconf 82' lang='lat' dir='ltr'><strong>eon-</strong></span> 
     </span>
    </p>
   </div>
   <div class='ocr_carea' id='block_1_34' title="bbox 512 3392 3898 3466">
    <p class='ocr_par' dir='ltr' id='par_1_34' title="bbox 512 3392 3898 3466">
     <span class='ocr_line' id='line_1_34' title="bbox 512 3392 3898 3466; baseline 0.001 -17"><span class='ocrx_word' id='word_1_443' title='bbox 512 3406 544 3449; x_wconf 88' lang='lat' dir='ltr'><strong>a</strong></span> <span class='ocrx_word' id='word_1_444' title='bbox 573 3392 950 3464; x_wconf 87' lang='lat' dir='ltr'><strong>Langobardis</strong></span> <span class='ocrx_word' id='word_1_445' title='bbox 987 3393 1160 3450; x_wconf 90' lang='lat' dir='ltr'><strong>multo</strong></span> <span class='ocrx_word' id='word_1_446' title='bbox 1208 3399 1457 3465; x_wconf 90' lang='lat' dir='ltr'><strong>tempore</strong></span> <span class='ocrx_word' id='word_1_447' title='bbox 1494 3392 1711 3453; x_wconf 87' lang='lat' dir='ltr'><strong>fuerant</strong></span> <span class='ocrx_word' id='word_1_448' title='bbox 1757 3395 1958 3465; x_wconf 88' lang='lat' dir='ltr'><strong>ablata,</strong></span> <span class='ocrx_word' id='word_1_449' title='bbox 2006 3397 2166 3452; x_wconf 92' lang='lat' dir='ltr'><strong>resti-</strong></span> <span class='ocrx_word' id='word_1_450' title='bbox 2248 3394 2509 3451; x_wconf 89' lang='lat' dir='ltr'><strong>tinerent.</strong></span> <span class='ocrx_word' id='word_1_451' title='bbox 2568 3396 2702 3450; x_wconf 88' lang='lat' dir='ltr'><strong>Nam</strong></span> <span class='ocrx_word' id='word_1_452' title='bbox 2760 3400 2816 3452; x_wconf 90' lang='lat' dir='ltr'><strong>et</strong></span> <span class='ocrx_word' id='word_1_453' title='bbox 2871 3394 3187 3465; x_wconf 87' lang='lat' dir='ltr'><strong>hujusmodi</strong></span> <span class='ocrx_word' id='word_1_454' title='bbox 3235 3396 3503 3466; x_wconf 88' lang='lat' dir='ltr'><strong>picturas,</strong></span> <span class='ocrx_word' id='word_1_455' title='bbox 3552 3410 3675 3453; x_wconf 86' lang='lat' dir='ltr'><strong>cum</strong></span> <span class='ocrx_word' id='word_1_456' title='bbox 3720 3397 3898 3454; x_wconf 82' lang='lat' dir='ltr'><strong>habe-</strong></span> 
     </span>
    </p>
   </div>
   <div class='ocr_carea' id='block_1_35' title="bbox 514 3482 3894 3557">
    <p class='ocr_par' dir='ltr' id='par_1_35' title="bbox 514 3482 3894 3557">
     <span class='ocr_line' id='line_1_35' title="bbox 514 3482 3894 3557; baseline 0.001 -16"><span class='ocrx_word' id='word_1_457' title='bbox 514 3482 758 3554; x_wconf 87' lang='lat' dir='ltr'><strong>tuitjuri</strong></span> <span class='ocrx_word' id='word_1_458' title='bbox 787 3483 1036 3554; x_wconf 88' lang='lat' dir='ltr'><strong>ejusdem</strong></span> <span class='ocrx_word' id='word_1_459' title='bbox 1073 3484 1244 3552; x_wconf 88' lang='lat' dir='ltr'><strong>sedis,</strong></span> <span class='ocrx_word' id='word_1_460' title='bbox 1297 3490 1353 3541; x_wconf 90' lang='lat' dir='ltr'><strong>et</strong></span> <span class='ocrx_word' id='word_1_461' title='bbox 1398 3484 1542 3541; x_wconf 89' lang='lat' dir='ltr'><strong>hanc</strong></span> <span class='ocrx_word' id='word_1_462' title='bbox 1590 3483 1942 3543; x_wconf 89' lang='lat' dir='ltr'><strong>donationem</strong></span> <span class='ocrx_word' id='word_1_463' title='bbox 1982 3486 2166 3543; x_wconf 89' lang='lat' dir='ltr'><strong>aureis</strong></span> <span class='ocrx_word' id='word_1_464' title='bbox 2248 3484 2439 3541; x_wconf 85' lang='lat' dir='ltr'><strong>rentur</strong></span> <span class='ocrx_word' id='word_1_465' title='bbox 2483 3484 2542 3540; x_wconf 89' lang='lat' dir='ltr'><strong>in</strong></span> <span class='ocrx_word' id='word_1_466' title='bbox 2591 3484 2727 3540; x_wconf 91' lang='lat' dir='ltr'><strong>urbe</strong></span> <span class='ocrx_word' id='word_1_467' title='bbox 2765 3484 2937 3555; x_wconf 87' lang='lat' dir='ltr'><strong>regia,</strong></span> <span class='ocrx_word' id='word_1_468' title='bbox 2991 3484 3332 3556; x_wconf 86' lang='lat' dir='ltr'><strong>Philippicus</strong></span> <span class='ocrx_word' id='word_1_469' title='bbox 3382 3488 3625 3557; x_wconf 88' lang='lat' dir='ltr'><strong>jusserat</strong></span> <span class='ocrx_word' id='word_1_470' title='bbox 3668 3486 3894 3544; x_wconf 86' lang='lat' dir='ltr'><strong>auferri.</strong></span> 
     </span>
    </p>
   </div>
   <div class='ocr_carea' id='block_1_36' title="bbox 512 3572 3896 3647">
    <p class='ocr_par' dir='ltr' id='par_1_36' title="bbox 512 3572 3896 3647">
     <span class='ocr_line' id='line_1_36' title="bbox 512 3572 3896 3647; baseline 0.001 -17"><span class='ocrx_word' id='word_1_471' title='bbox 512 3574 777 3645; x_wconf 87' lang='lat' dir='ltr'><strong>scriptam</strong></span> <span class='ocrx_word' id='word_1_472' title='bbox 805 3572 1011 3630; x_wconf 88' lang='lat' dir='ltr'><strong>litteris</strong></span> <span class='ocrx_word' id='word_1_473' title='bbox 1036 3575 1265 3631; x_wconf 76' lang='lat' dir='ltr'><strong>Romam</strong></span> <span class='ocrx_word' id='word_1_474' title='bbox 1295 3574 1519 3630; x_wconf 87' lang='lat' dir='ltr'><strong>direxit.</strong></span> <span class='ocrx_word' id='word_1_475' title='bbox 2110 3575 2115 3580; x_wconf 86' lang='grc'><strong>’</strong></span> <span class='ocrx_word' id='word_1_476' title='bbox 2246 3574 2559 3645; x_wconf 81' lang='lat' dir='ltr'><strong>Statuitque</strong></span> <span class='ocrx_word' id='word_1_477' title='bbox 2616 3573 2854 3644; x_wconf 88' lang='lat' dir='ltr'><strong>populus</strong></span> <span class='ocrx_word' id='word_1_478' title='bbox 2907 3575 3208 3644; x_wconf 80' lang='lat' dir='ltr'><strong>Romanus,</strong></span> <span class='ocrx_word' id='word_1_479' title='bbox 3257 3590 3327 3632; x_wconf 90' lang='lat' dir='ltr'><strong>ne</strong></span> <span class='ocrx_word' id='word_1_480' title='bbox 3382 3576 3619 3634; x_wconf 89' lang='lat' dir='ltr'><strong>heretici</strong></span> <span class='ocrx_word' id='word_1_481' title='bbox 3660 3578 3896 3647; x_wconf 84' lang='lat' dir='ltr'><strong>impera-</strong></span> 
     </span>
    </p>
   </div>
   <div class='ocr_carea' id='block_1_37' title="bbox 583 3656 3887 3738">
    <p class='ocr_par' dir='ltr' id='par_1_37' title="bbox 583 3656 3887 3738">
     <span class='ocr_line' id='line_1_37' title="bbox 583 3656 3887 3738; baseline 0 -19"><span class='ocrx_word' id='word_1_482' title='bbox 583 3666 936 3720; x_wconf 83' lang='lat' dir='ltr'><strong>Romanorum</strong></span> <span class='ocrx_word' id='word_1_483' title='bbox 986 3662 1057 3715; x_wconf 89' lang='lat'><strong>72</strong></span> <span class='ocrx_word' id='word_1_484' title='bbox 1117 3664 1352 3733; x_wconf 82' lang='lat' dir='ltr'><strong>regnavit</strong></span> <span class='ocrx_word' id='word_1_485' title='bbox 1415 3664 1741 3721; x_wconf 84' lang='lat' dir='ltr'><strong>Justinianus</strong></span> <span class='ocrx_word' id='word_1_486' title='bbox 1794 3668 1857 3721; x_wconf 87' lang='lat' dir='ltr'><em>II</em></span> <span class='ocrx_word' id='word_1_487' title='bbox 1919 3681 2033 3722; x_wconf 83' lang='lat' dir='ltr'><strong>cum</strong></span> <span class='ocrx_word' id='word_1_488' title='bbox 2084 3667 2167 3722; x_wconf 87' lang='lat' dir='ltr'><strong>Ti-</strong></span> <span class='ocrx_word' id='word_1_489' title='bbox 2246 3663 2385 3719; x_wconf 88' lang='lat' dir='ltr'><strong>toris</strong></span> <span class='ocrx_word' id='word_1_490' title='bbox 2405 3677 2606 3720; x_wconf 90' lang='lat' dir='ltr'><strong>nomen</strong></span> <span class='ocrx_word' id='word_1_491' title='bbox 2636 3668 2731 3719; x_wconf 90' lang='lat' dir='ltr'><strong>aut</strong></span> <span class='ocrx_word' id='word_1_492' title='bbox 2759 3656 2939 3719; x_wconf 74' lang='lat' dir='ltr'><strong>cartas</strong></span> <span class='ocrx_word' id='word_1_493' title='bbox 2956 3664 3042 3720; x_wconf 93' lang='lat' dir='ltr'><strong>vel</strong></span> <span class='ocrx_word' id='word_1_494' title='bbox 3071 3664 3297 3735; x_wconf 89' lang='lat' dir='ltr'><strong>ﬁguram</strong></span> <span class='ocrx_word' id='word_1_495' title='bbox 3325 3665 3494 3721; x_wconf 90' lang='lat' dir='ltr'><strong>solidi</strong></span> <span class='ocrx_word' id='word_1_496' title='bbox 3523 3667 3887 3738; x_wconf 82' lang='lat' dir='ltr'><strong>susciperent;</strong></span> 
     </span>
    </p>
   </div>
   <div class='ocr_carea' id='block_1_38' title="bbox 464 3751 3885 3827">
    <p class='ocr_par' dir='ltr' id='par_1_38' title="bbox 464 3751 3885 3827">
     <span class='ocr_line' id='line_1_38' title="bbox 464 3751 3885 3827; baseline 0.001 -20"><span class='ocrx_word' id='word_1_497' title='bbox 464 3782 477 3797; x_wconf 87' lang='lat'><strong>-</strong></span> <span class='ocrx_word' id='word_1_498' title='bbox 516 3752 659 3808; x_wconf 85' lang='lat' dir='ltr'><strong>berio</strong></span> <span class='ocrx_word' id='word_1_499' title='bbox 696 3751 805 3823; x_wconf 79' lang='lat' dir='ltr'><strong>ﬁlio</strong></span> <span class='ocrx_word' id='word_1_500' title='bbox 835 3767 929 3809; x_wconf 87' lang='lat' dir='ltr'><strong>suo</strong></span> <span class='ocrx_word' id='word_1_501' title='bbox 971 3752 1123 3809; x_wconf 85' lang='lat' dir='ltr'><strong>annis</strong></span> <span class='ocrx_word' id='word_1_502' title='bbox 1177 3751 1233 3819; x_wconf 92' lang='lat'><strong>6,</strong></span> <span class='ocrx_word' id='word_1_503' title='bbox 1294 3767 1468 3823; x_wconf 89' lang='lat' dir='ltr'><strong>usque</strong></span> <span class='ocrx_word' id='word_1_504' title='bbox 1522 3753 1582 3809; x_wconf 92' lang='lat' dir='ltr'><strong>in</strong></span> <span class='ocrx_word' id='word_1_505' title='bbox 1618 3767 1819 3813; x_wconf 87' lang='lat' dir='ltr'><strong>annum</strong></span> <span class='ocrx_word' id='word_1_506' title='bbox 1876 3755 1983 3809; x_wconf 91' lang='lat'><strong>700</strong></span> <span class='ocrx_word' id='word_1_507' title='bbox 2039 3762 2165 3827; x_wconf 89' lang='lat' dir='ltr'><strong>post</strong></span> <span class='ocrx_word' id='word_1_508' title='bbox 2246 3754 2393 3810; x_wconf 91' lang='lat' dir='ltr'><strong>unde</strong></span> <span class='ocrx_word' id='word_1_509' title='bbox 2430 3767 2533 3810; x_wconf 90' lang='lat' dir='ltr'><strong>nec</strong></span> <span class='ocrx_word' id='word_1_510' title='bbox 2563 3755 2683 3823; x_wconf 90' lang='lat' dir='ltr'><strong>ejus</strong></span> <span class='ocrx_word' id='word_1_511' title='bbox 2719 3751 2929 3824; x_wconf 87' lang='lat' dir='ltr'><strong>efﬁgies</strong></span> <span class='ocrx_word' id='word_1_512' title='bbox 2956 3754 3014 3809; x_wconf 92' lang='lat' dir='ltr'><strong>in</strong></span> <span class='ocrx_word' id='word_1_513' title='bbox 3044 3753 3263 3811; x_wconf 71' lang='lat' dir='ltr'><strong>aeclesia</strong></span> <span class='ocrx_word' id='word_1_514' title='bbox 3301 3754 3625 3813; x_wconf 85' lang='lat' dir='ltr'><strong>introducta</strong></span> <span class='ocrx_word' id='word_1_515' title='bbox 3653 3764 3758 3827; x_wconf 85' lang='lat' dir='ltr'><strong>est,</strong></span> <span class='ocrx_word' id='word_1_516' title='bbox 3789 3769 3885 3812; x_wconf 76' lang='lat' dir='ltr'><strong>nec</strong></span> 
     </span>
    </p>
   </div>
   <div class='ocr_carea' id='block_1_39' title="bbox 516 3841 3134 3913">
    <p class='ocr_par' dir='ltr' id='par_1_39' title="bbox 516 3841 3134 3913">
     <span class='ocr_line' id='line_1_39' title="bbox 516 3841 3134 3913; baseline 0 -16"><span class='ocrx_word' id='word_1_517' title='bbox 516 3841 852 3912; x_wconf 88' lang='lat' dir='ltr'><strong>passionem.</strong></span> <span class='ocrx_word' id='word_1_518' title='bbox 2247 3857 2449 3900; x_wconf 91' lang='lat' dir='ltr'><strong>nomen</strong></span> <span class='ocrx_word' id='word_1_519' title='bbox 2480 3844 2549 3899; x_wconf 90' lang='lat' dir='ltr'><strong>ad</strong></span> <span class='ocrx_word' id='word_1_520' title='bbox 2579 3843 2796 3898; x_wconf 89' lang='lat' dir='ltr'><strong>missam</strong></span> <span class='ocrx_word' id='word_1_521' title='bbox 2840 3842 3134 3913; x_wconf 90' lang='lat' dir='ltr'><strong>prolatum.</strong></span> 
     </span>
    </p>
   </div>
   <div class='ocr_carea' id='block_1_40' title="bbox 585 3928 3889 4007">
    <p class='ocr_par' dir='ltr' id='par_1_40' title="bbox 585 3928 3889 4007">
     <span class='ocr_line' id='line_1_40' title="bbox 585 3928 3889 4007; baseline 0.004 -25"><span class='ocrx_word' id='word_1_522' title='bbox 585 3929 713 3986; x_wconf 84' lang='lat'><strong>728.</strong></span> <span class='ocrx_word' id='word_1_523' title='bbox 760 3929 809 3987; x_wconf 95' lang='lat'><strong>1.</strong></span> <span class='ocrx_word' id='word_1_524' title='bbox 847 3928 1048 4001; x_wconf 73' lang='lat' dir='ltr'><strong>[nccw]</strong></span> <span class='ocrx_word' id='word_1_525' title='bbox 1085 3928 1298 4004; x_wconf 72' lang='grc' dir='ltr'><strong>(ΒΕυΑ.)</strong></span> <span class='ocrx_word' id='word_1_526' title='bbox 1339 3930 1439 3987; x_wconf 87' lang='lat' dir='ltr'><strong>Hic</strong></span> <span class='ocrx_word' id='word_1_527' title='bbox 1469 3931 1673 3989; x_wconf 85' lang='lat' dir='ltr'><strong>auxilio</strong></span> <span class='ocrx_word' id='word_1_528' title='bbox 1703 3933 1986 4004; x_wconf 87' lang='lat' dir='ltr'><strong>Interpelli</strong></span> <span class='ocrx_word' id='word_1_529' title='bbox 2017 3933 2164 4007; x_wconf 86' lang='lat' dir='ltr'><strong>regis</strong></span> <span class='ocrx_word' id='word_1_530' title='bbox 2315 3931 2443 3986; x_wconf 84' lang='lat'><strong>735.</strong></span> <span class='ocrx_word' id='word_1_531' title='bbox 2473 3933 2527 3987; x_wconf 89' lang='lat'><strong>2.</strong></span> <span class='ocrx_word' id='word_1_532' title='bbox 2566 3931 2797 4003; x_wconf 85' lang='lat' dir='ltr'><strong>[nccxm]</strong></span> <span class='ocrx_word' id='word_1_533' title='bbox 2842 3931 2923 4003; x_wconf 89' lang='lat' dir='ltr'><strong>(P.</strong></span> <span class='ocrx_word' id='word_1_534' title='bbox 2964 3933 3028 3987; x_wconf 93' lang='lat' dir='ltr'><strong>D.</strong></span> <span class='ocrx_word' id='word_1_535' title='bbox 3068 3948 3146 4002; x_wconf 86' lang='lat' dir='ltr'><strong>v1,</strong></span> <span class='ocrx_word' id='word_1_536' title='bbox 3175 3932 3274 4006; x_wconf 88' lang='lat'><strong>34)</strong></span> <span class='ocrx_word' id='word_1_537' title='bbox 3313 3934 3517 3991; x_wconf 86' lang='lat' dir='ltr'><strong>Contra</strong></span> <span class='ocrx_word' id='word_1_538' title='bbox 3552 3936 3705 3994; x_wconf 86' lang='lat' dir='ltr'><strong>hunc</strong></span> <span class='ocrx_word' id='word_1_539' title='bbox 3747 3940 3889 3994; x_wconf 79' lang='lat' dir='ltr'><strong>Ana-</strong></span> 
     </span>
    </p>
   </div>
   <div class='ocr_carea' id='block_1_41' title="bbox 517 4018 3751 4097">
    <p class='ocr_par' dir='ltr' id='par_1_41' title="bbox 517 4018 3751 4097">
     <span class='ocr_line' id='line_1_41' title="bbox 517 4018 3751 4097; baseline 0.003 -24"><span class='ocrx_word' id='word_1_540' title='bbox 517 4018 878 4090; x_wconf 83' lang='lat' dir='ltr'><strong>Vulgarorum</strong></span> <span class='ocrx_word' id='word_1_541' title='bbox 925 4032 1152 4089; x_wconf 83' lang='lat' dir='ltr'><strong>regnum</strong></span> <span class='ocrx_word' id='word_1_542' title='bbox 1192 4019 1488 4092; x_wconf 89' lang='lat' dir='ltr'><strong>recipiens,</strong></span> <span class='ocrx_word' id='word_1_543' title='bbox 1546 4021 1755 4078; x_wconf 91' lang='lat' dir='ltr'><strong>occidit</strong></span> <span class='ocrx_word' id='word_1_544' title='bbox 1809 4036 1906 4079; x_wconf 90' lang='lat' dir='ltr'><strong>eos</strong></span> <span class='ocrx_word' id='word_1_545' title='bbox 1956 4024 2051 4094; x_wconf 91' lang='lat' dir='ltr'><strong>qui</strong></span> <span class='ocrx_word' id='word_1_546' title='bbox 2103 4038 2163 4081; x_wconf 89' lang='lat' dir='ltr'><strong>se</strong></span> <span class='ocrx_word' id='word_1_547' title='bbox 2245 4023 2448 4079; x_wconf 87' lang='lat' dir='ltr'><strong>stasius</strong></span> <span class='ocrx_word' id='word_1_548' title='bbox 2475 4022 2787 4093; x_wconf 87' lang='lat' dir='ltr'><strong>insurgens,</strong></span> <span class='ocrx_word' id='word_1_549' title='bbox 2819 4036 2991 4093; x_wconf 85' lang='lat' dir='ltr'><strong>regno</strong></span> <span class='ocrx_word' id='word_1_550' title='bbox 3021 4022 3311 4095; x_wconf 91' lang='lat' dir='ltr'><strong>oculisque</strong></span> <span class='ocrx_word' id='word_1_551' title='bbox 3339 4038 3467 4081; x_wconf 89' lang='lat' dir='ltr'><strong>eum</strong></span> <span class='ocrx_word' id='word_1_552' title='bbox 3497 4026 3751 4097; x_wconf 83' lang='lat' dir='ltr'><strong>privavit.</strong></span> 
     </span>
    </p>
   </div>
   <div class='ocr_carea' id='block_1_42' title="bbox 517 4108 3895 4184">
    <p class='ocr_par' dir='ltr' id='par_1_42' title="bbox 517 4108 3895 4184">
     <span class='ocr_line' id='line_1_42' title="bbox 517 4108 3895 4184; baseline 0.001 -19"><span class='ocrx_word' id='word_1_553' title='bbox 517 4108 842 4179; x_wconf 87' lang='lat' dir='ltr'><strong>expulerant</strong></span> <span class='ocrx_word' id='word_1_554' title='bbox 898 4109 1183 4179; x_wconf 88' lang='lat' dir='ltr'><strong>patricios,</strong></span> <span class='ocrx_word' id='word_1_555' title='bbox 1246 4116 1301 4165; x_wconf 89' lang='lat' dir='ltr'><strong>et</strong></span> <span class='ocrx_word' id='word_1_556' title='bbox 1357 4112 1617 4179; x_wconf 90' lang='lat' dir='ltr'><strong>Leonem,</strong></span> <span class='ocrx_word' id='word_1_557' title='bbox 1659 4111 1756 4182; x_wconf 89' lang='lat' dir='ltr'><strong>qui</strong></span> <span class='ocrx_word' id='word_1_558' title='bbox 1811 4111 1991 4169; x_wconf 91' lang='lat' dir='ltr'><strong>locum</strong></span> <span class='ocrx_word' id='word_1_559' title='bbox 2044 4116 2164 4184; x_wconf 90' lang='lat' dir='ltr'><strong>ejus</strong></span> <span class='ocrx_word' id='word_1_560' title='bbox 2315 4114 2666 4167; x_wconf 83' lang='lat' dir='ltr'><strong>Romanorum</strong></span> <span class='ocrx_word' id='word_1_561' title='bbox 2746 4110 2820 4165; x_wconf 87' lang='lat'><strong>74</strong></span> <span class='ocrx_word' id='word_1_562' title='bbox 2903 4113 3142 4183; x_wconf 83' lang='lat' dir='ltr'><strong>regnavit</strong></span> <span class='ocrx_word' id='word_1_563' title='bbox 3231 4114 3548 4171; x_wconf 74' lang='lat' dir='ltr'><strong>Anastasis:</strong></span> <span class='ocrx_word' id='word_1_564' title='bbox 3619 4117 3785 4171; x_wconf 68' lang='lat' dir='ltr'><strong>aisais</strong></span> <span class='ocrx_word' id='word_1_565' title='bbox 3863 4115 3895 4170; x_wconf 84' lang='lat'><strong>3</strong></span> 
     </span>
    </p>
   </div>
   <div class='ocr_carea' id='block_1_43' title="bbox 516 4201 3497 4274">
    <p class='ocr_par' dir='ltr' id='par_1_43' title="bbox 516 4201 3497 4274">
     <span class='ocr_line' id='line_1_43' title="bbox 516 4201 3497 4274; baseline 0.002 -19"><span class='ocrx_word' id='word_1_566' title='bbox 516 4204 897 4268; x_wconf 88' lang='lat' dir='ltr'><strong>usurpaverat,</strong></span> <span class='ocrx_word' id='word_1_567' title='bbox 937 4212 1154 4257; x_wconf 90' lang='lat' dir='ltr'><strong>necnon</strong></span> <span class='ocrx_word' id='word_1_568' title='bbox 1185 4206 1240 4254; x_wconf 92' lang='lat' dir='ltr'><strong>ct</strong></span> <span class='ocrx_word' id='word_1_569' title='bbox 1268 4214 1646 4257; x_wconf 90' lang='lat' dir='ltr'><strong>successorem</strong></span> <span class='ocrx_word' id='word_1_570' title='bbox 1694 4202 1813 4272; x_wconf 89' lang='lat' dir='ltr'><strong>ejus</strong></span> <span class='ocrx_word' id='word_1_571' title='bbox 1862 4202 2159 4272; x_wconf 89' lang='lat' dir='ltr'><strong>Tiberium,</strong></span> <span class='ocrx_word' id='word_1_572' title='bbox 2244 4215 2405 4271; x_wconf 82' lang='lat' dir='ltr'><strong>usque</strong></span> <span class='ocrx_word' id='word_1_573' title='bbox 2433 4202 2489 4256; x_wconf 87' lang='lat' dir='ltr'><strong>in</strong></span> <span class='ocrx_word' id='word_1_574' title='bbox 2517 4216 2710 4257; x_wconf 82' lang='lat' dir='ltr'><strong>annum</strong></span> <span class='ocrx_word' id='word_1_575' title='bbox 2735 4201 2772 4254; x_wconf 89' lang='lat'><strong>7</strong></span> <span class='ocrx_word' id='word_1_576' title='bbox 2794 4206 2915 4274; x_wconf 80' lang='lat' dir='ltr'><strong>post</strong></span> <span class='ocrx_word' id='word_1_577' title='bbox 2936 4204 3238 4274; x_wconf 76' lang='lat' dir='ltr'><strong>passionem</strong></span> <span class='ocrx_word' id='word_1_578' title='bbox 3266 4206 3497 4262; x_wconf 75' lang='lat' dir='ltr'><strong>Domini.</strong></span> 
     </span>
    </p>
   </div>
   <div class='ocr_carea' id='block_1_44' title="bbox 520 4287 3891 4366">
    <p class='ocr_par' dir='ltr' id='par_1_44' title="bbox 520 4287 3891 4366">
     <span class='ocr_line' id='line_1_44' title="bbox 520 4287 3891 4366; baseline 0.004 -23"><span class='ocrx_word' id='word_1_579' title='bbox 520 4287 786 4358; x_wconf 88' lang='lat' dir='ltr'><strong>[tempore</strong></span> <span class='ocrx_word' id='word_1_580' title='bbox 842 4288 1110 4345; x_wconf 89' lang='lat' dir='ltr'><strong>Iohannis</strong></span> <span class='ocrx_word' id='word_1_581' title='bbox 1166 4304 1343 4360; x_wconf 74' lang='lat' dir='ltr'><strong>papae,</strong></span> <span class='ocrx_word' id='word_1_582' title='bbox 1403 4291 1706 4349; x_wconf 89' lang='lat' dir='ltr'><strong>secundum</strong></span> <span class='ocrx_word' id='word_1_583' title='bbox 1771 4296 1925 4363; x_wconf 87' lang='lat' dir='ltr'><strong>gesta</strong></span> <span class='ocrx_word' id='word_1_584' title='bbox 1982 4295 2164 4363; x_wconf 86' lang='lat' dir='ltr'><strong>ponti-</strong></span> <span class='ocrx_word' id='word_1_585' title='bbox 2312 4288 2525 4346; x_wconf 87' lang='lat'><strong>736.1.</strong></span> <span class='ocrx_word' id='word_1_586' title='bbox 2572 4291 2806 4362; x_wconf 65' lang='grc' dir='ltr'><strong>[θεαῖν]</strong></span> <span class='ocrx_word' id='word_1_587' title='bbox 2860 4293 3070 4366; x_wconf 72' lang='grc' dir='ltr'><strong>(ΒΕυΑ.)</strong></span> <span class='ocrx_word' id='word_1_588' title='bbox 3117 4295 3225 4350; x_wconf 87' lang='lat' dir='ltr'><strong>Iste</strong></span> <span class='ocrx_word' id='word_1_589' title='bbox 3272 4293 3488 4351; x_wconf 88' lang='lat' dir='ltr'><strong>litteras</strong></span> <span class='ocrx_word' id='word_1_590' title='bbox 3531 4294 3891 4353; x_wconf 81' lang='lat' dir='ltr'><strong>Constantino</strong></span> 
     </span>
    </p>
   </div>
   <div class='ocr_carea' id='block_1_45' title="bbox 513 4368 3891 4456">
    <p class='ocr_par' dir='ltr' id='par_1_45' title="bbox 513 4368 3891 4456">
     <span class='ocr_line' id='line_1_45' title="bbox 513 4368 3891 4456; baseline 0.003 -23"><span class='ocrx_word' id='word_1_591' title='bbox 513 4378 717 4449; x_wconf 88' lang='lat' dir='ltr'><strong>ﬁcum].</strong></span> <span class='ocrx_word' id='word_1_592' title='bbox 777 4378 1101 4437; x_wconf 83' lang='lat' dir='ltr'><strong>Callinicum</strong></span> <span class='ocrx_word' id='word_1_593' title='bbox 1157 4393 1286 4436; x_wconf 86' lang='lat' dir='ltr'><strong>vero</strong></span> <span class='ocrx_word' id='word_1_594' title='bbox 1337 4379 1701 4450; x_wconf 88' lang='lat' dir='ltr'><strong>patriarcham</strong></span> <span class='ocrx_word' id='word_1_595' title='bbox 1760 4380 1930 4436; x_wconf 90' lang='lat' dir='ltr'><strong>erutis</strong></span> <span class='ocrx_word' id='word_1_596' title='bbox 1960 4368 2163 4440; x_wconf 39' lang='lat' dir='ltr'><strong>‘oculis</strong></span> <span class='ocrx_word' id='word_1_597' title='bbox 2246 4393 2402 4450; x_wconf 65' lang='lat' dir='ltr'><strong>papae</strong></span> <span class='ocrx_word' id='word_1_598' title='bbox 2430 4381 2659 4436; x_wconf 87' lang='lat' dir='ltr'><strong>Romam</strong></span> <span class='ocrx_word' id='word_1_599' title='bbox 2707 4396 2808 4452; x_wconf 93' lang='lat' dir='ltr'><strong>per</strong></span> <span class='ocrx_word' id='word_1_600' title='bbox 2854 4383 3252 4440; x_wconf 88' lang='lat' dir='ltr'><strong>Scholasticum</strong></span> <span class='ocrx_word' id='word_1_601' title='bbox 3301 4385 3597 4456; x_wconf 86' lang='lat' dir='ltr'><strong>patricium</strong></span> <span class='ocrx_word' id='word_1_602' title='bbox 3642 4394 3701 4443; x_wconf 92' lang='lat' dir='ltr'><strong>et</strong></span> <span class='ocrx_word' id='word_1_603' title='bbox 3749 4400 3891 4444; x_wconf 79' lang='lat' dir='ltr'><strong>enr-</strong></span> 
     </span>
    </p>
   </div>
   <div class='ocr_carea' id='block_1_46' title="bbox 514 4465 3887 4567">
    <p class='ocr_par' dir='ltr' id='par_1_46' title="bbox 514 4465 3887 4567">
     <span class='ocr_line' id='line_1_46' title="bbox 514 4465 3887 4567; baseline 0.004 -45"><span class='ocrx_word' id='word_1_604' title='bbox 514 4465 664 4567; x_wconf 78' lang='lat' dir='ltr'><strong>misit</strong></span> <span class='ocrx_word' id='word_1_605' title='bbox 700 4468 947 4567; x_wconf 65' lang='lat' dir='ltr'><strong>Itomam,</strong></span> <span class='ocrx_word' id='word_1_606' title='bbox 989 4474 1043 4524; x_wconf 90' lang='lat' dir='ltr'><strong>et</strong></span> <span class='ocrx_word' id='word_1_607' title='bbox 1082 4467 1235 4524; x_wconf 88' lang='lat' dir='ltr'><strong>dedit</strong></span> <span class='ocrx_word' id='word_1_608' title='bbox 1274 4468 1652 4567; x_wconf 79' lang='lat' dir='ltr'><strong>episcopatum</strong></span> <span class='ocrx_word' id='word_1_609' title='bbox 1679 4470 1858 4567; x_wconf 69' lang='lat' dir='ltr'><strong>Cyro.</strong></span> <span class='ocrx_word' id='word_1_610' title='bbox 1908 4471 2003 4541; x_wconf 88' lang='lat' dir='ltr'><strong>qui</strong></span> <span class='ocrx_word' id='word_1_611' title='bbox 2043 4470 2411 4567; x_wconf 80' lang='lat' dir='ltr'><strong>eratDchum</strong></span> <span class='ocrx_word' id='word_1_612' title='bbox 2449 4469 2619 4528; x_wconf 62' lang='lat' dir='ltr'><strong>Italia:</strong></span> <span class='ocrx_word' id='word_1_613' title='bbox 2675 4470 2896 4538; x_wconf 88' lang='lat' dir='ltr'><strong>direxit,</strong></span> <span class='ocrx_word' id='word_1_614' title='bbox 2938 4473 3139 4560; x_wconf 84' lang='lat' dir='ltr'><strong>quibus</strong></span> <span class='ocrx_word' id='word_1_615' title='bbox 3176 4488 3237 4530; x_wconf 93' lang='lat' dir='ltr'><strong>se</strong></span> <span class='ocrx_word' id='word_1_616' title='bbox 3283 4473 3552 4531; x_wconf 89' lang='lat' dir='ltr'><strong>fautorem</strong></span> <span class='ocrx_word' id='word_1_617' title='bbox 3612 4476 3887 4534; x_wconf 78' lang='lat' dir='ltr'><strong>cath</strong></span> 
     </span>
    </p>
   </div>
   <div class='ocr_carea' id='block_1_47' title="bbox 514 4552 3890 4634">
    <p class='ocr_par' dir='ltr' id='par_1_47' title="bbox 514 4552 3890 4634">
     <span class='ocr_line' id='line_1_47' title="bbox 514 4552 3890 4634; baseline 0.001 -22"><span class='ocrx_word' id='word_1_618' title='bbox 514 4556 685 4613; x_wconf 90' lang='lat' dir='ltr'><strong>abbas</strong></span> <span class='ocrx_word' id='word_1_619' title='bbox 721 4557 778 4613; x_wconf 92' lang='lat' dir='ltr'><strong>in</strong></span> <span class='ocrx_word' id='word_1_620' title='bbox 808 4560 1006 4625; x_wconf 87' lang='lat' dir='ltr'><strong>Ponto,</strong></span> <span class='ocrx_word' id='word_1_621' title='bbox 1066 4571 1299 4628; x_wconf 90' lang='lat' dir='ltr'><strong>eumque</strong></span> <span class='ocrx_word' id='word_1_622' title='bbox 1338 4557 1525 4615; x_wconf 83' lang='lat' dir='ltr'><strong>alebat.</strong></span> <span class='ocrx_word' id='word_1_623' title='bbox 1570 4557 1803 4614; x_wconf 86' lang='lat' dir='ltr'><strong>exulem.</strong></span> <span class='ocrx_word' id='word_1_624' title='bbox 1869 4552 2377 4630; x_wconf 71' lang='lat' dir='ltr'><strong>[Iohannes&quot;ﬁdei</strong></span> <span class='ocrx_word' id='word_1_625' title='bbox 2400 4564 2457 4615; x_wconf 92' lang='lat' dir='ltr'><strong>et</strong></span> <span class='ocrx_word' id='word_1_626' title='bbox 2493 4560 2669 4615; x_wconf 89' lang='lat' dir='ltr'><strong>sancti</strong></span> <span class='ocrx_word' id='word_1_627' title='bbox 2698 4561 2839 4617; x_wconf 86' lang='lat' dir='ltr'><strong>sexti</strong></span> <span class='ocrx_word' id='word_1_628' title='bbox 2868 4552 3090 4618; x_wconf 85' lang='lat' dir='ltr'><strong>concilii</strong></span> <span class='ocrx_word' id='word_1_629' title='bbox 3120 4564 3521 4634; x_wconf 90' lang='lat' dir='ltr'><strong>predicatorem</strong></span> <span class='ocrx_word' id='word_1_630' title='bbox 3562 4580 3689 4623; x_wconf 87' lang='lat' dir='ltr'><strong>esse</strong></span> <span class='ocrx_word' id='word_1_631' title='bbox 3741 4566 3890 4622; x_wconf 72' lang='lat' dir='ltr'><strong>dixit.</strong></span> 
     </span>
    </p>
   </div>
   <div class='ocr_carea' id='block_1_48' title="bbox 517 4646 3891 4729">
    <p class='ocr_par' dir='ltr' id='par_1_48' title="bbox 517 4646 3891 4729">
     <span class='ocr_line' id='line_1_48' title="bbox 517 4646 3891 4729; baseline 0.001 -28"><span class='ocrx_word' id='word_1_632' title='bbox 517 4660 659 4717; x_wconf 90' lang='lat' dir='ltr'><strong>papa</strong></span> <span class='ocrx_word' id='word_1_633' title='bbox 689 4647 828 4703; x_wconf 87' lang='lat' dir='ltr'><strong>obiit</strong></span> <span class='ocrx_word' id='word_1_634' title='bbox 863 4647 927 4699; x_wconf 82' lang='lat'><strong>15</strong></span> <span class='ocrx_word' id='word_1_635' title='bbox 958 4647 1077 4702; x_wconf 86' lang='lat' dir='ltr'><strong>Kal.</strong></span> <span class='ocrx_word' id='word_1_636' title='bbox 1107 4647 1451 4714; x_wconf 85' lang='lat' dir='ltr'><strong>Novembris,</strong></span> <span class='ocrx_word' id='word_1_637' title='bbox 1484 4646 1790 4703; x_wconf 89' lang='lat' dir='ltr'><strong>indictione</strong></span> <span class='ocrx_word' id='word_1_638' title='bbox 1827 4648 1902 4719; x_wconf 86' lang='lat'><strong>6.]</strong></span> <span class='ocrx_word' id='word_1_639' title='bbox 2250 4648 2658 4720; x_wconf 89' lang='lat' dir='ltr'><strong>[Constantinus</strong></span> <span class='ocrx_word' id='word_1_640' title='bbox 2704 4664 2845 4720; x_wconf 88' lang='lat' dir='ltr'><strong>papa</strong></span> <span class='ocrx_word' id='word_1_641' title='bbox 2882 4651 3022 4707; x_wconf 89' lang='lat' dir='ltr'><strong>obiit</strong></span> <span class='ocrx_word' id='word_1_642' title='bbox 3067 4652 3102 4705; x_wconf 90' lang='lat'><strong>6</strong></span> <span class='ocrx_word' id='word_1_643' title='bbox 3147 4653 3277 4709; x_wconf 90' lang='lat' dir='ltr'><strong>Idus</strong></span> <span class='ocrx_word' id='word_1_644' title='bbox 3322 4654 3569 4711; x_wconf 90' lang='lat' dir='ltr'><strong>Ianuarii</strong></span> <span class='ocrx_word' id='word_1_645' title='bbox 3619 4656 3689 4727; x_wconf 86' lang='grc' dir='ltr'><strong>(ι.</strong></span> <span class='ocrx_word' id='word_1_646' title='bbox 3724 4660 3891 4729; x_wconf 52' lang='grc' dir='ltr'><strong>μου</strong></span> 
     </span>
    </p>
   </div>
   <div class='ocr_carea' id='block_1_49' title="bbox 588 4735 3889 4816">
    <p class='ocr_par' dir='ltr' id='par_1_49' title="bbox 588 4735 3889 4816">
     <span class='ocr_line' id='line_1_49' title="bbox 588 4735 3889 4816; baseline 0.002 -27"><span class='ocrx_word' id='word_1_647' title='bbox 588 4735 714 4792; x_wconf 88' lang='lat'><strong>729.</strong></span> <span class='ocrx_word' id='word_1_648' title='bbox 747 4736 801 4792; x_wconf 88' lang='lat'><strong>2.</strong></span> <span class='ocrx_word' id='word_1_649' title='bbox 841 4736 1054 4807; x_wconf 61' lang='grc' dir='ltr'><strong>[οδω-ιι]</strong></span> <span class='ocrx_word' id='word_1_650' title='bbox 1109 4735 1163 4807; x_wconf 80' lang='grc' dir='ltr'><strong>(ι.</strong></span> <span class='ocrx_word' id='word_1_651' title='bbox 1218 4736 1389 4807; x_wconf 81' lang='lat' dir='ltr'><strong>poni.)</strong></span> <span class='ocrx_word' id='word_1_652' title='bbox 1443 4735 1708 4791; x_wconf 82' lang='lat' dir='ltr'><strong>Sisinnius</strong></span> <span class='ocrx_word' id='word_1_653' title='bbox 1756 4736 1826 4789; x_wconf 89' lang='lat'><strong>86</strong></span> <span class='ocrx_word' id='word_1_654' title='bbox 1857 4754 2000 4809; x_wconf 81' lang='lat' dir='ltr'><strong>papa</strong></span> <span class='ocrx_word' id='word_1_655' title='bbox 2044 4745 2163 4811; x_wconf 82' lang='lat' dir='ltr'><strong>post</strong></span> <span class='ocrx_word' id='word_1_656' title='bbox 2314 4738 2444 4793; x_wconf 88' lang='lat'><strong>737.</strong></span> <span class='ocrx_word' id='word_1_657' title='bbox 2502 4741 2558 4794; x_wconf 87' lang='lat'><strong>2.</strong></span> <span class='ocrx_word' id='word_1_658' title='bbox 2623 4740 2832 4811; x_wconf 85' lang='lat' dir='ltr'><strong>[nccxv]</strong></span> <span class='ocrx_word' id='word_1_659' title='bbox 2903 4741 3185 4811; x_wconf 78' lang='lat' dir='ltr'><strong>Gregorius</strong></span> <span class='ocrx_word' id='word_1_660' title='bbox 3239 4741 3312 4797; x_wconf 91' lang='lat'>88</span> <span class='ocrx_word' id='word_1_661' title='bbox 3358 4759 3506 4816; x_wconf 81' lang='lat' dir='ltr'><strong>papa</strong></span> <span class='ocrx_word' id='word_1_662' title='bbox 3567 4748 3725 4802; x_wconf 72' lang='lat' dir='ltr'><strong>annis</strong></span> <span class='ocrx_word' id='word_1_663' title='bbox 3783 4744 3845 4798; x_wconf 88' lang='lat'><strong>18</strong></span> <span class='ocrx_word' id='word_1_664' title='bbox 3874 4790 3889 4811; x_wconf 88' lang='lat'><strong>,</strong></span> 
     </span>
    </p>
   </div>
   <div class='ocr_carea' id='block_1_50' title="bbox 518 4824 3892 4906">
    <p class='ocr_par' dir='ltr' id='par_1_50' title="bbox 518 4824 3892 4906">
     <span class='ocr_line' id='line_1_50' title="bbox 518 4824 3892 4906; baseline 0.003 -25"><span class='ocrx_word' id='word_1_665' title='bbox 518 4828 728 4882; x_wconf 83' lang='lat' dir='ltr'><strong>Petrum</strong></span> <span class='ocrx_word' id='word_1_666' title='bbox 764 4842 937 4881; x_wconf 83' lang='lat' dir='ltr'><strong>mense</strong></span> <span class='ocrx_word' id='word_1_667' title='bbox 989 4841 1113 4881; x_wconf 81' lang='lat' dir='ltr'><strong>uno.</strong></span> <span class='ocrx_word' id='word_1_668' title='bbox 1176 4824 1463 4895; x_wconf 89' lang='lat' dir='ltr'><strong>[Sisinnius</strong></span> <span class='ocrx_word' id='word_1_669' title='bbox 1517 4838 1657 4895; x_wconf 90' lang='lat' dir='ltr'><strong>papa</strong></span> <span class='ocrx_word' id='word_1_670' title='bbox 1696 4825 1835 4882; x_wconf 89' lang='lat' dir='ltr'><strong>obiit</strong></span> <span class='ocrx_word' id='word_1_671' title='bbox 1879 4827 1913 4880; x_wconf 92' lang='lat'><strong>8</strong></span> <span class='ocrx_word' id='word_1_672' title='bbox 1961 4828 2019 4883; x_wconf 89' lang='lat' dir='ltr'><strong>Id</strong></span> <span class='ocrx_word' id='word_1_673' title='bbox 2059 4830 2163 4886; x_wconf 89' lang='lat' dir='ltr'><strong>No-</strong></span> <span class='ocrx_word' id='word_1_674' title='bbox 2243 4828 2502 4884; x_wconf 84' lang='lat' dir='ltr'><strong>mensibus</strong></span> <span class='ocrx_word' id='word_1_675' title='bbox 2562 4828 2647 4885; x_wconf 94' lang='lat'><strong>18.</strong></span> <span class='ocrx_word' id='word_1_676' title='bbox 2707 4831 2807 4885; x_wconf 85' lang='lat' dir='ltr'><strong>Hic</strong></span> <span class='ocrx_word' id='word_1_677' title='bbox 2865 4836 2983 4886; x_wconf 91' lang='lat' dir='ltr'><strong>erat</strong></span> <span class='ocrx_word' id='word_1_678' title='bbox 3018 4832 3102 4886; x_wconf 89' lang='lat' dir='ltr'><strong>vir</strong></span> <span class='ocrx_word' id='word_1_679' title='bbox 3140 4836 3322 4889; x_wconf 90' lang='lat' dir='ltr'><strong>castus</strong></span> <span class='ocrx_word' id='word_1_680' title='bbox 3379 4839 3433 4889; x_wconf 93' lang='lat' dir='ltr'><strong>et</strong></span> <span class='ocrx_word' id='word_1_681' title='bbox 3489 4835 3736 4906; x_wconf 88' lang='lat' dir='ltr'><strong>sapiens,</strong></span> <span class='ocrx_word' id='word_1_682' title='bbox 3801 4833 3892 4904; x_wconf 77' lang='lat' dir='ltr'><strong>qni</strong></span> 
     </span>
    </p>
   </div>
   <div class='ocr_carea' id='block_1_51' title="bbox 517 4913 3890 4991">
    <p class='ocr_par' dir='ltr' id='par_1_51' title="bbox 517 4913 3890 4991">
     <span class='ocr_line' id='line_1_51' title="bbox 517 4913 3890 4991; baseline 0.002 -19"><span class='ocrx_word' id='word_1_683' title='bbox 517 4916 756 4972; x_wconf 89' lang='lat' dir='ltr'><strong>vembris</strong></span> <span class='ocrx_word' id='word_1_684' title='bbox 791 4916 853 4989; x_wconf 86' lang='grc' dir='ltr'><strong>(ι.</strong></span> <span class='ocrx_word' id='word_1_685' title='bbox 882 4913 1112 4988; x_wconf 82' lang='lat' dir='ltr'><strong>pont.).]</strong></span> <span class='ocrx_word' id='word_1_686' title='bbox 2244 4917 2584 4975; x_wconf 91' lang='lat' dir='ltr'><strong>Bonifacium</strong></span> <span class='ocrx_word' id='word_1_687' title='bbox 2618 4961 2632 4987; x_wconf 94' lang='lat'><strong>,</strong></span> <span class='ocrx_word' id='word_1_688' title='bbox 2703 4925 2859 4990; x_wconf 91' lang='lat' dir='ltr'><strong>patre</strong></span> <span class='ocrx_word' id='word_1_689' title='bbox 2923 4924 3090 4991; x_wconf 88' lang='lat' dir='ltr'><strong>atque</strong></span> <span class='ocrx_word' id='word_1_690' title='bbox 3148 4922 3313 4977; x_wconf 87' lang='lat' dir='ltr'><strong>etiam</strong></span> <span class='ocrx_word' id='word_1_691' title='bbox 3366 4931 3541 4979; x_wconf 82' lang='lat' dir='ltr'><strong>matre</strong></span> <span class='ocrx_word' id='word_1_692' title='bbox 3598 4926 3842 4981; x_wconf 89' lang='lat' dir='ltr'><strong>Scottu</strong></span> <span class='ocrx_word' id='word_1_693' title='bbox 3876 4964 3890 4986; x_wconf 90' lang='lat'><strong>,</strong></span> 
     </span>
    </p>
   </div>
   <div class='ocr_carea' id='block_1_52' title="bbox 586 5005 3893 5082">
    <p class='ocr_par' dir='ltr' id='par_1_52' title="bbox 586 5005 3893 5082">
     <span class='ocr_line' id='line_1_52' title="bbox 586 5005 3893 5082; baseline 0.002 -23"><span class='ocrx_word' id='word_1_694' title='bbox 586 5005 714 5061; x_wconf 90' lang='lat'><strong>730.</strong></span> <span class='ocrx_word' id='word_1_695' title='bbox 782 5006 835 5062; x_wconf 89' lang='lat'><strong>3.</strong></span> <span class='ocrx_word' id='word_1_696' title='bbox 909 5005 1144 5077; x_wconf 84' lang='lat' dir='ltr'><strong>[nccvm]</strong></span> <span class='ocrx_word' id='word_1_697' title='bbox 1190 5006 1558 5062; x_wconf 79' lang='lat' dir='ltr'><strong>Constantinus</strong></span> <span class='ocrx_word' id='word_1_698' title='bbox 1600 5005 1669 5061; x_wconf 91' lang='lat'><strong>87</strong></span> <span class='ocrx_word' id='word_1_699' title='bbox 1710 5021 1857 5079; x_wconf 86' lang='lat' dir='ltr'><strong>papa</strong></span> <span class='ocrx_word' id='word_1_700' title='bbox 1899 5008 2053 5063; x_wconf 68' lang='lat' dir='ltr'><strong>armis</strong></span> <span class='ocrx_word' id='word_1_701' title='bbox 2098 5010 2153 5078; x_wconf 91' lang='lat'><strong>7,</strong></span> <span class='ocrx_word' id='word_1_702' title='bbox 2244 5006 2521 5064; x_wconf 90' lang='lat' dir='ltr'><strong>ordinavit</strong></span> <span class='ocrx_word' id='word_1_703' title='bbox 2559 5010 2882 5079; x_wconf 90' lang='lat' dir='ltr'><strong>episcopum</strong></span> <span class='ocrx_word' id='word_1_704' title='bbox 2909 5009 2978 5065; x_wconf 90' lang='lat' dir='ltr'><strong>ad</strong></span> <span class='ocrx_word' id='word_1_705' title='bbox 3017 5009 3205 5066; x_wconf 91' lang='lat' dir='ltr'><strong>sedem</strong></span> <span class='ocrx_word' id='word_1_706' title='bbox 3244 5012 3645 5082; x_wconf 82' lang='lat' dir='ltr'><strong>Mogontiuum,</strong></span> <span class='ocrx_word' id='word_1_707' title='bbox 3696 5020 3755 5070; x_wconf 90' lang='lat' dir='ltr'><strong>et</strong></span> <span class='ocrx_word' id='word_1_708' title='bbox 3796 5026 3893 5082; x_wconf 87' lang='lat' dir='ltr'><strong>per</strong></span> 
     </span>
    </p>
   </div>
   <div class='ocr_carea' id='block_1_53' title="bbox 514 5096 3895 5174">
    <p class='ocr_par' dir='ltr' id='par_1_53' title="bbox 514 5096 3895 5174">
     <span class='ocr_line' id='line_1_53' title="bbox 514 5096 3895 5174; baseline 0.002 -21"><span class='ocrx_word' id='word_1_709' title='bbox 514 5111 688 5153; x_wconf 82' lang='lat' dir='ltr'><strong>mense</strong></span> <span class='ocrx_word' id='word_1_710' title='bbox 719 5096 769 5153; x_wconf 94' lang='lat'><strong>1.</strong></span> <span class='ocrx_word' id='word_1_711' title='bbox 2243 5110 2365 5153; x_wconf 91' lang='lat' dir='ltr'><strong>eum</strong></span> <span class='ocrx_word' id='word_1_712' title='bbox 2413 5097 2471 5152; x_wconf 91' lang='lat' dir='ltr'><strong>in</strong></span> <span class='ocrx_word' id='word_1_713' title='bbox 2518 5098 2805 5156; x_wconf 88' lang='lat' dir='ltr'><strong>Germania</strong></span> <span class='ocrx_word' id='word_1_714' title='bbox 2856 5098 3083 5155; x_wconf 90' lang='lat' dir='ltr'><strong>verbum</strong></span> <span class='ocrx_word' id='word_1_715' title='bbox 3129 5099 3323 5155; x_wconf 89' lang='lat' dir='ltr'><strong>salutis</strong></span> <span class='ocrx_word' id='word_1_716' title='bbox 3378 5102 3708 5172; x_wconf 84' lang='lat' dir='ltr'><strong>predicavit,</strong></span> <span class='ocrx_word' id='word_1_717' title='bbox 3764 5115 3895 5174; x_wconf 58' lang='lat' dir='ltr'><strong>gen-</strong></span> 
     </span>
    </p>
   </div>
   <div class='ocr_carea' id='block_1_54' title="bbox 581 5186 3989 5267">
    <p class='ocr_par' dir='ltr' id='par_1_54' title="bbox 581 5186 3989 5267">
     <span class='ocr_line' id='line_1_54' title="bbox 581 5186 3989 5267; baseline 0.002 -26"><span class='ocrx_word' id='word_1_718' title='bbox 581 5187 709 5243; x_wconf 89' lang='lat'><strong>731.</strong></span> <span class='ocrx_word' id='word_1_719' title='bbox 757 5187 807 5241; x_wconf 85' lang='lat'><strong>4.</strong></span> <span class='ocrx_word' id='word_1_720' title='bbox 853 5186 1043 5257; x_wconf 80' lang='lat' dir='ltr'><strong>[nccrx]</strong></span> <span class='ocrx_word' id='word_1_721' title='bbox 1092 5186 1435 5243; x_wconf 88' lang='lat' dir='ltr'><strong>Iustinianus</strong></span> <span class='ocrx_word' id='word_1_722' title='bbox 1487 5187 1906 5243; x_wconf 89' lang='lat' dir='ltr'><strong>Constantinum</strong></span> <span class='ocrx_word' id='word_1_723' title='bbox 1964 5201 2160 5258; x_wconf 88' lang='lat' dir='ltr'><strong>papam</strong></span> <span class='ocrx_word' id='word_1_724' title='bbox 2241 5191 2461 5257; x_wconf 89' lang='lat' dir='ltr'><strong>temque</strong></span> <span class='ocrx_word' id='word_1_725' title='bbox 2500 5186 2650 5243; x_wconf 89' lang='lat' dir='ltr'><strong>illam</strong></span> <span class='ocrx_word' id='word_1_726' title='bbox 2679 5188 2734 5244; x_wconf 92' lang='lat' dir='ltr'><strong>in</strong></span> <span class='ocrx_word' id='word_1_727' title='bbox 2777 5188 3024 5244; x_wconf 89' lang='lat' dir='ltr'><strong>tenebris</strong></span> <span class='ocrx_word' id='word_1_728' title='bbox 3070 5188 3359 5246; x_wconf 89' lang='lat' dir='ltr'><strong>sedentem</strong></span> <span class='ocrx_word' id='word_1_729' title='bbox 3404 5193 3723 5265; x_wconf 82' lang='lat' dir='ltr'><strong>evangelica</strong></span> <span class='ocrx_word' id='word_1_730' title='bbox 3774 5192 3893 5248; x_wconf 78' lang='lat' dir='ltr'><strong>luce</strong></span> <span class='ocrx_word' id='word_1_731' title='bbox 3988 5260 3989 5267; x_wconf 13' lang='grc' dir='ltr'>γ</span> 
     </span>
    </p>
   </div>
   <div class='ocr_carea' id='block_1_55' title="bbox 512 5276 3989 5350">
    <p class='ocr_par' dir='ltr' id='par_1_55' title="bbox 512 5276 3989 5350">
     <span class='ocr_line' id='line_1_55' title="bbox 512 5276 3989 5350; baseline 0.002 -18"><span class='ocrx_word' id='word_1_732' title='bbox 512 5277 581 5333; x_wconf 91' lang='lat' dir='ltr'><strong>ad</strong></span> <span class='ocrx_word' id='word_1_733' title='bbox 619 5291 680 5332; x_wconf 91' lang='lat' dir='ltr'><strong>se</strong></span> <span class='ocrx_word' id='word_1_734' title='bbox 717 5276 903 5334; x_wconf 90' lang='lat' dir='ltr'><strong>venire</strong></span> <span class='ocrx_word' id='word_1_735' title='bbox 938 5277 1158 5347; x_wconf 87' lang='lat' dir='ltr'><strong>jubens,</strong></span> <span class='ocrx_word' id='word_1_736' title='bbox 1190 5276 1493 5333; x_wconf 87' lang='lat' dir='ltr'><strong>honoriﬁce</strong></span> <span class='ocrx_word' id='word_1_737' title='bbox 1522 5277 1768 5347; x_wconf 88' lang='lat' dir='ltr'><strong>suscepit</strong></span> <span class='ocrx_word' id='word_1_738' title='bbox 1811 5290 1875 5332; x_wconf 91' lang='lat' dir='ltr'><strong>ac</strong></span> <span class='ocrx_word' id='word_1_739' title='bbox 1921 5277 2155 5346; x_wconf 91' lang='lat' dir='ltr'><strong>remisit,</strong></span> <span class='ocrx_word' id='word_1_740' title='bbox 2239 5276 2574 5332; x_wconf 88' lang='lat' dir='ltr'><strong>inlustravit.</strong></span> <span class='ocrx_word' id='word_1_741' title='bbox 2602 5276 2664 5348; x_wconf 84' lang='grc' dir='ltr'><strong>(ι.</strong></span> <span class='ocrx_word' id='word_1_742' title='bbox 2687 5280 2860 5350; x_wconf 85' lang='lat' dir='ltr'><strong>pont).</strong></span> <span class='ocrx_word' id='word_1_743' title='bbox 2895 5278 3019 5348; x_wconf 90' lang='lat' dir='ltr'><strong>[iste</strong></span> <span class='ocrx_word' id='word_1_744' title='bbox 3041 5279 3187 5335; x_wconf 91' lang='lat' dir='ltr'><strong>enim</strong></span> <span class='ocrx_word' id='word_1_745' title='bbox 3216 5278 3522 5337; x_wconf 86' lang='lat' dir='ltr'><strong>Bonifatius</strong></span> <span class='ocrx_word' id='word_1_746' title='bbox 3540 5281 3613 5339; x_wconf 90' lang='lat' dir='ltr'><strong>de</strong></span> <span class='ocrx_word' id='word_1_747' title='bbox 3632 5280 3892 5338; x_wconf 77' lang='lat' dir='ltr'><strong>Hibernia</strong></span> <span class='ocrx_word' id='word_1_748' title='bbox 3988 5276 3989 5350; x_wconf 44' lang='grc' dir='ltr'>ἢ</span> 
     </span>
    </p>
   </div>
   <div class='ocr_carea' id='block_1_56' title="bbox 514 5364 3891 5444">
    <p class='ocr_par' dir='ltr' id='par_1_56' title="bbox 514 5364 3891 5444">
     <span class='ocr_line' id='line_1_56' title="bbox 514 5364 3891 5444; baseline 0.001 -24"><span class='ocrx_word' id='word_1_749' title='bbox 514 5365 589 5423; x_wconf 89' lang='lat' dir='ltr'><strong>ita</strong></span> <span class='ocrx_word' id='word_1_750' title='bbox 618 5371 678 5422; x_wconf 93' lang='lat' dir='ltr'><strong>ut</strong></span> <span class='ocrx_word' id='word_1_751' title='bbox 708 5380 832 5423; x_wconf 91' lang='lat' dir='ltr'><strong>eum</strong></span> <span class='ocrx_word' id='word_1_752' title='bbox 859 5366 949 5422; x_wconf 92' lang='lat' dir='ltr'><strong>die</strong></span> <span class='ocrx_word' id='word_1_753' title='bbox 988 5365 1264 5423; x_wconf 89' lang='lat' dir='ltr'><strong>dominica</strong></span> <span class='ocrx_word' id='word_1_754' title='bbox 1309 5367 1505 5423; x_wconf 89' lang='lat' dir='ltr'><strong>missas</strong></span> <span class='ocrx_word' id='word_1_755' title='bbox 1548 5365 1656 5423; x_wconf 91' lang='lat' dir='ltr'><strong>sibi</strong></span> <span class='ocrx_word' id='word_1_756' title='bbox 1703 5364 1887 5423; x_wconf 89' lang='lat' dir='ltr'><strong>facere</strong></span> <span class='ocrx_word' id='word_1_757' title='bbox 1910 5366 2155 5437; x_wconf 89' lang='lat' dir='ltr'><strong>jubiens,</strong></span> <span class='ocrx_word' id='word_1_758' title='bbox 2240 5366 2440 5422; x_wconf 88' lang='lat' dir='ltr'><strong>missus</strong></span> <span class='ocrx_word' id='word_1_759' title='bbox 2486 5371 2572 5423; x_wconf 89' lang='lat' dir='ltr'><strong>est</strong></span> <span class='ocrx_word' id='word_1_760' title='bbox 2617 5381 2743 5425; x_wconf 91' lang='lat' dir='ltr'><strong>cum</strong></span> <span class='ocrx_word' id='word_1_761' title='bbox 2787 5368 3163 5427; x_wconf 88' lang='lat' dir='ltr'><strong>Willebrordo</strong></span> <span class='ocrx_word' id='word_1_762' title='bbox 3218 5370 3450 5442; x_wconf 79' lang='lat' dir='ltr'><strong>Anglico</strong></span> <span class='ocrx_word' id='word_1_763' title='bbox 3506 5373 3796 5444; x_wconf 83' lang='lat' dir='ltr'><strong>episeopo,</strong></span> <span class='ocrx_word' id='word_1_764' title='bbox 3836 5377 3891 5425; x_wconf 85' lang='lat' dir='ltr'><strong>ut</strong></span> 
     </span>
    </p>
   </div>
   <div class='ocr_carea' id='block_1_57' title="bbox 1882 5558 2525 5616">
    <p class='ocr_par' dir='ltr' id='par_1_57' title="bbox 1882 5558 2525 5616">
     <span class='ocr_line' id='line_1_57' title="bbox 1882 5558 2525 5616; baseline -0.003 0"><span class='ocrx_word' id='word_1_765' title='bbox 1882 5559 2107 5616; x_wconf 69' lang='lat' dir='ltr'><strong>VARI/E</strong></span> <span class='ocrx_word' id='word_1_766' title='bbox 2163 5558 2525 5615; x_wconf 84' lang='lat' dir='ltr'><strong>LECTIONES</strong></span> 
     </span>
    </p>
   </div>
   <div class='ocr_carea' id='block_1_58' title="bbox 595 5708 2764 5785">
    <p class='ocr_par' dir='ltr' id='par_1_58' title="bbox 595 5708 2764 5785">
     <span class='ocr_line' id='line_1_58' title="bbox 595 5708 2764 5785; baseline 0 -20"><span class='ocrx_word' id='word_1_767' title='bbox 595 5712 651 5742; x_wconf 63' lang='grc' dir='ltr'><strong>δ”</strong></span> <span class='ocrx_word' id='word_1_768' title='bbox 687 5725 817 5767; x_wconf 81' lang='lat' dir='ltr'><strong>cum.</strong></span> <span class='ocrx_word' id='word_1_769' title='bbox 851 5728 902 5767; x_wconf 81' lang='grc' dir='ltr'><strong>(ι.</strong></span> <span class='ocrx_word' id='word_1_770' title='bbox 934 5712 1035 5767; x_wconf 89' lang='lat'><strong>731</strong></span> <span class='ocrx_word' id='word_1_771' title='bbox 1062 5714 1438 5785; x_wconf 87' lang='lat' dir='ltr'><strong>conjungenda.</strong></span> <span class='ocrx_word' id='word_1_772' title='bbox 1517 5715 1580 5748; x_wconf 65' lang='grc' dir='ltr'>ω’</span> <span class='ocrx_word' id='word_1_773' title='bbox 1610 5714 1720 5771; x_wconf 64' lang='lat' dir='ltr'><strong>haec</strong></span> <span class='ocrx_word' id='word_1_774' title='bbox 1747 5714 1802 5770; x_wconf 88' lang='lat' dir='ltr'><strong>in</strong></span> <span class='ocrx_word' id='word_1_775' title='bbox 1828 5713 2064 5783; x_wconf 80' lang='lat' dir='ltr'><strong>margine</strong></span> <span class='ocrx_word' id='word_1_776' title='bbox 2092 5712 2204 5767; x_wconf 83' lang='lat' dir='ltr'><strong>sine</strong></span> <span class='ocrx_word' id='word_1_777' title='bbox 2240 5710 2365 5768; x_wconf 89' lang='lat' dir='ltr'><strong>anni</strong></span> <span class='ocrx_word' id='word_1_778' title='bbox 2400 5708 2682 5768; x_wconf 77' lang='lat' dir='ltr'><strong>indictione</strong></span> <span class='ocrx_word' id='word_1_779' title='bbox 2717 5711 2764 5767; x_wconf 94' lang='lat' dir='ltr'><strong>l.</strong></span> 
     </span>
    </p>
   </div>
  </div>
