4000 6158
164 363 259 419 757

1423 367 1826 427 CHRONICON.
1865 400 1939 413 —
1974 373 2100 432 LIB.
2142 374 2233 430 Ill.

3405 386 3509 441 758

163 490 214 546 in
249 489 353 545 vita
401 489 521 559 ejus
568 487 695 544 Wil.
744 488 948 561 legitur
970 490 1036 524 *θ’
1063 491 1236 563 (145)]
1293 491 1562 565 [Gregorii
1621 499 1851 567 papzeA
1938 501 2287 556 Romanorum
2314 500 2387 556 76
2418 504 2656 573 regnavit
2701 505 2805 559 Leo
2844 507 2995 562 annis
3030 505 3084 575 9,
3117 513 3165 564 et
3202 511 3323 567 inde
3360 518 3512 570 annis

163 585 424 650 tempore,
485 579 790 636 indictione
853 581 946 650 14,
1007 583 1122 638 visa
1178 588 1261 639 est
1316 583 1447 639 luna
1501 589 1791 642 cruentata

164 682 319 740 usque
356 668 426 723 ad
471 669 707 725 mediam
756 676 995 727 noctem.
1047 670 1104 741 (ι.
1138 671 1317 743 pont.)
1355 673 1457 740 Qui
1496 675 1792 745 Gregorius

162 757 255 815 fuit
307 757 649 829 temporibus
695 758 1085 830 imperatorum
1132 762 1384 817 Anastasi
1424 768 1478 818 et
1515 763 1790 820 Theodosi

161 854 211 905 et
259 848 495 918 Leonis.]
545 848 793 919 Pipinus,
825 849 970 906 ﬁlius
1005 851 1242 922 Ansgisii
1280 852 1533 908 Anchisa:
1572 854 1791 925 Trojani

163 939 371 994 nomine
404 938 733 1009 appellatus.
760 940 919 1010 Apud
938 940 1139 997 Gallias
1168 942 1502 999 Francorum
1533 958 1789 1015 regnans,

165 1028 306 1085 obiit.
347 1028 449 1084 Cui
486 1028 735 1096 Carolus,
778 1029 872 1099 qui
917 1034 973 1085 et
1011 1031 1187 1100 major
1215 1031 1431 1098 domus,
1462 1032 1607 1090 ﬁlius
1651 1035 1790 1103 ejus,

161 1120 212 1174 in
241 1130 410 1189 regno
439 1118 711 1174 successit
740 1133 841 1189 per
869 1132 1044 1176 annos
1071 1120 1161 1186 27,
1187 1134 1362 1190 usque
1391 1122 1461 1179 ad
1490 1122 1634 1179 ﬁlios
1662 1136 1794 1179 suos

162 1207 607 1263 Carolomannum
676 1212 731 1263 et
784 1208 1037 1279 Pipinum
1102 1210 1337 1280 primum
1399 1206 1792 1282 imperatorum

160 1296 502 1352 Francorum.
567 1296 772 1367 (BEDA.)
830 1296 1203 1354 Liutbrandus
1249 1313 1346 1355 rex
1402 1301 1792 1372 Langobardo-

160 1397 269 1439 rum
297 1385 654 1441 donationem
684 1386 1000 1455 patrimonii
1029 1386 1247 1457 Alpium
1276 1390 1597 1457 Cottiarum,
1630 1404 1793 1460 quam

160 1473 520 1529 Hereberctus
566 1488 662 1529 rex
710 1473 916 1531 fecerat
955 1480 1010 1530 et
1048 1474 1142 1531 ille
1182 1475 1500 1546 repetierat,
1533 1479 1796 1534 ammoni-

159 1561 297 1618 tione
333 1564 669 1620 venerabilis
717 1579 874 1636 papae
911 1566 1140 1635 Gregori
1180 1566 1541 1622 conﬁrmavit.
1594 1568 1795 1624 Ecber—

159 1654 270 1706 ctus
296 1652 381 1707 vir
408 1659 633 1709 sanctus
660 1652 730 1708 de
760 1658 924 1724 gente
953 1654 1253 1725 Anglorum
1293 1659 1347 1710 et
1385 1657 1646 1712 sacerdos
1682 1670 1794 1712 mo-

157 1740 377 1797 nachica
395 1743 505 1798 vita
528 1748 581 1798 et
612 1744 936 1814 peregrinus
950 1744 1511 1814 exornans,plurimas
1539 1746 1794 1803 Scottica:

156 1832 327 1900 gentis
375 1832 687 1902 provincias
724 1831 794 1888 ad
843 1833 1162 1889 canonicam
1211 1833 1484 1903 paschalis
1531 1824 1864 1906 temporisB

156 1920 576 1989 observantiam,
605 1936 635 1978 a
666 1936 775 1993 qua
804 1923 1015 1979 diutius
1041 1924 1448 1991 aberraverant,
1480 1925 1570 1995 pia
1601 1926 1792 1996 predi-

155 2009 365 2068 catione
396 2014 689 2082 convertit,
721 2025 867 2069 anno
897 2013 966 2069 ab
990 2012 1371 2077 incarnatione
1401 2014 1615 2071 Domini
1639 2016 1794 2086 juxta

154 2098 451 2157 Dionisium
478 2101 607 2158 716.

214 2188 342 2244 738.
393 2190 443 2246 3.
497 2191 725 2262 [eccm]
782 2191 868 2264 (cf.
919 2192 955 2248 ι.
997 2190 1169 2265 poni.)
1221 2194 1520 2264 Gregorius
1546 2192 1613 2224 ⁴⁰δ
1655 2206 1796 2263 papa

148 2280 443 2335 constituit
473 2286 532 2335 ut
560 2282 619 2336 in
659 2278 1118 2351 quadragesimali
1148 2284 1397 2352 tempore
1422 2282 1693 2352 jejunium
1721 2286 1799 2336 at-

145 2380 254 2437 que
294 2367 587 2424 missarum
625 2368 919 2424 celebritas
965 2368 1143 2437 ﬁeret,
1177 2369 1325 2440 quod
1365 2375 1490 2426 ante
1529 2383 1654 2426 eum
1686 2382 1798 2426 non

143 2461 290 2511 erat.

218 2548 580 2602 Romanorum
608 2546 680 2602 75
711 2548 1026 2604 Theodosius
1048 2547 1286 2618 regnavit
1316 2563 1453 2604 anno
1481 2560 1605 2616 uno,
1637 2564 1802 2619 usque

148 2636 205 2691 in
234 2649 435 2691 annum
458 2635 566 2691 705
586 2641 709 2707 post
732 2638 1026 2707 passionem
1054 2637 1284 2692 Domini.

220 2723 355 2779 739.
395 2725 441 2779 l.
496 2725 746 2796 [nccxvn]
796 2724 875 2794 (P.
909 2728 971 2780 D.
1002 2741 1080 2793 vi,
1112 2725 1222 2797 36.)
1270 2727 1590 2784 Anastasius
1635 2742 1804 2799 augu-

156 2819 274 2871 stus
310 2827 436 2870 cum
476 2815 677 2870 clasem
715 2814 771 2870 in
809 2815 1195 2871 Alexandriam
1234 2822 1428 2872 contra
1470 2819 1805 2873 Sarracenos

159 2901 360 2958 direxit
421 2902 727 2969 exercitus,
797 2901 1028 2959 dimidio
1095 2903 1295 2960 itinere
1360 2905 1689 2974 revertitur,
1749 2910 1804 2961 et

153 2991 524 3049 Theodosium
572 2990 962 3061 imperatorem
1009 2992 1160 3060 facit,
1198 2997 1560 3065 coactamque
1591 3008 1715 3051 eum
1745 2995 1803 3049 in

156 3080 292 3136 solio
335 3078 558 3150 imperii
588 3079 948 3136 conﬁrmavit.
990 3082 1092 3149 Qui
1122 3081 1324 3137 deinde
1357 3082 1503 3153 apud
1541 3084 1802 3139 Nicenam

1880 585 1943 643 15
1990 604 2151 661 usque
2207 591 2276 646 ad
2333 592 2569 664 Pipinum
2622 595 2949 651 Francorum
2999 597 3223 668 primum
3277 600 3509 673 impera-

1874 683 2038 733 torem
2084 680 2182 735 hoc
2231 686 2307 737 est
2358 696 2520 753 usque
2567 683 2621 737 in
2662 698 2853 739 annuat
2896 685 3003 740 729
3046 694 3167 760 post
3220 691 3514 763 passionem

1873 769 2098 824 Domini.

1943 857 2070 911 740.
2109 857 2156 914 l.
2193 860 2465 930 [nccxvm]

1943 945 2070 1000 741.
2100 948 2154 1003 2.
2194 948 2418 1019 [nccxle
2458 949 2667 1021 (Βεω.)
2715 953 3085 1011 Sarraceni“
3136 971 3259 1015 cum
3306 961 3517 1019 imenso

1874 1037 2118 1092 exercitu
2165 1038 2701 1110 Constantinopolim
2744 1042 3051 1115 [civitatem]
3095 1047 3334 1107 triennio
3364 1052 3517 1108 obsi-

1874 1125 2025 1193 dent,
2078 1127 2256 1183 donec
2304 1128 2515 1185 civibus
2562 1129 2731 1186 multa
2784 1131 3045 1189 instantia
3095 1139 3404 1196 orationum
3449 1143 3516 1198 ad

1872 1216 2041 1271 Deum
2069 1216 2460 1273 clamaverunt.
2483 1219 2633 1275 Tunc
2657 1220 2878 1290 plurimi
2900 1224 3323 1284 Sarracenorum
3353 1229 3515 1298 fame,

1874 1302 2077 1375 frigore
2099 1310 2154 1360 et
2183 1305 2497 1375 pestilentia
2528 1309 2832 1377 perierunt.
2860 1313 3118 1370 Saraceni
3138 1330 3270 1373 vero
3295 1320 3518 1388 pertaasi

1874 1392 2182 1450 obsidionis
2210 1395 2532 1453 abscedunt.
2573 1399 2674 1466 Qui
2703 1399 2833 1456 inde
2865 1405 3123 1473 regressi,
3157 1407 3515 1479 Vulgarorum

1875 1488 2114 1554 gentem,
2147 1499 2270 1554 quae
2309 1490 2393 1542 est
2428 1500 2597 1557 super
2631 1488 2959 1559 Danubium,
3000 1492 3148 1550 bello
3177 1496 3515 1567 adgrediun-

1874 1579 1983 1629 tur.
2018 1575 2098 1629 Ab
2121 1574 2223 1630 hac
2243 1589 2463 1646 quoque
2483 1577 2612 1633 victi
2644 1578 2941 1650 refugiunt,
2974 1596 3037 1638 ac
3066 1597 3231 1640 naves
3260 1594 3518 1656 repetunt

1876 1678 2002 1721 suas
2024 1664 2104 1720 δυσί.

1952 1754 2097 1825 [ϐοά.
2129 1756 2185 1810 in
2212 1771 2404 1826 marg,
2432 1758 2614 1814 Ciclus
2646 1759 2970 1817 undecimus
3000 1762 3304 1821 decennov.
3328 1766 3443 1821 ind.

2542 1830 2578 1884 5
2605 1829 2841 1903 incipit.]

1948 1915 2074 1971 744.
2101 1916 2156 1971 5.
2192 1916 2449 1990 [nccxxu]

1947 2004 2072 2061 745.
2105 2006 2160 2064 6.
2200 2006 2468 2077 [occxxm]
2509 2010 2885 2068 Juramentum
2914 2015 3091 2069 sancti
3121 2016 3295 2072 Scotti
3332 2017 3520 2074 archi-

1880 2093 2129 2166 episcOpi
2177 2096 2433 2152 Bonifatii
2485 2097 2659 2169 (conc.
2708 2101 2802 2170 III,
2854 2116 2910 2172 p.
2957 2102 3145 2176 1857),
3194 2106 3253 2162 in
3290 2108 3526 2164 ecclesia

1878 2184 2055 2237 sancti
2095 2184 2240 2239 Petri
2282 2184 2518 2254 apostoli
2558 2200 2745 2243 coram
2784 2202 2926 2258 papa
2962 2193 3226 2262 Gregorio
3254 2196 3322 2262 11,
3354 2195 3527 2266 impe-

1881 2272 2083 2329 ratoris
2112 2274 2313 2330 Leonis
2342 2287 2488 2331 anno
2518 2275 2571 2344 6,
2596 2276 2692 2333 sed
2725 2282 2781 2333 et
2799 2279 3147 2337 Constantini
3176 2283 3527 2353 imperatoris

1881 2361 1979 2417 ﬁlii
2010 2362 2168 2433 ejus]

1951 2451 2079 2507 747.
2128 2452 2184 2509 8.
2235 2452 2480 2526 [nccxxv]
2532 2454 2649 2513 Hoc
2671 2453 2737 2487 ⁴⁰τ
2782 2470 2927 2515 anno
2975 2459 3123 2517 Beda
3174 2468 3528 2535 computator

1883 2541 2152 2600 minorem
2190 2545 2433 2614 compoti
2479 2544 2682 2603 librum
2721 2549 3025 2619 componit,
3070 2550 3194 2623 ipso
3231 2552 3309 2610 ita
3348 2558 3524 2613 teste:

1886 2646 1916 2685 ι(
1948 2631 2003 2686 Si
2032 2632 2114 2688 vis
2141 2645 2305 2689 nosse
2344 2648 2445 2703 per
2472 2648 2649 2693 annos
2675 2635 2926 2709 singulos
2954 2644 3092 2708 quot
3127 2647 3256 2698 sunt
3294 2651 3524 2714 epacta),

1886 2735 2040 2776 sume
2079 2735 2254 2778 annos
2302 2722 2517 2779 Domini
2559 2722 2716 2794 juxta
2762 2727 3088 2797 Dionisium,
3120 2736 3256 2799 quot
3301 2731 3526 2803 fuerint,

1886 2816 2079 2879 utputa
2108 2810 2165 2867 in
2197 2812 2440 2881 presenti
2470 2816 2661 2870 octava
2706 2812 3011 2872 indictione
3039 2816 3166 2886 725,
3195 2820 3401 2890 partire
3431 2836 3531 2893 per

1887 2899 2077 2955 decem
2126 2913 2322 2957 novem
2369 2900 2556 2958 decies
2601 2904 2792 2960 novies
2848 2905 3046 2965 triceni
3098 2909 3386 2980 quingenti
3444 2926 3531 2968 se-

1886 2989 2190 3059 ptuaginta,
2232 2989 2419 3046 decies
2456 2992 2647 3048 novies
2685 2993 2876 3049 octoni
2905 3000 3126 3052 centum
3164 2999 3531 3071 quinquagies

1888 3077 2223 3149 dupondius,
2264 3086 2550 3137 remanent
2589 3087 2742 3152 tres;
2782 3082 2885 3140 hos
2922 3085 3053 3142 item
3092 3087 3395 3161 multiplica
3431 3106 3532 3163 per

158 3169 426 3226 civitatem
487 3170 636 3240 gravi
702 3169 879 3240 prelio
935 3170 1066 3226 vicit
1138 3152 1503 3239 Anastasium,
1571 3173 1628 3228 in
1686 3152 2099 3244 quoCdecem,
2139 3168 2276 3226 ﬁunt
2315 3170 2541 3241 triginta
2586 3175 2738 3241 tres;
2788 3173 2921 3230 tolle
2960 3175 3206 3247 triginta,
3246 3152 3533 3238 remanent

156 3264 360 3331 septem
408 3258 561 3315 milia
607 3257 676 3314 de
715 3259 961 3316 exercitu
1010 3260 1355 3319 ceciderunt.
1401 3262 1573 3334 Capto
1618 3267 1799 3319 autem
1882 3263 2034 3327 tres;
2075 3257 2167 3313 isti
2196 3263 2313 3314 tres
2339 3264 2470 3315 sunt
2499 3267 2707 3332 epactae
2737 3262 3014 3331 presentis
3041 3266 3191 3320 anni.
3227 3283 3256 3319 »
3294 3268 3428 3324 Haec
3454 3269 3531 3324 ait

155 3348 460 3417 Anastasio,
511 3349 752 3419 datoque
800 3349 905 3404 sibi
953 3356 1317 3419 sacramento,
1361 3350 1623 3407 clericum
1678 3352 1799 3408 ﬁeri
1882 3347 2047 3404 Beda.
2078 3349 2171 3419 (De
2198 3353 2353 3419 temp.
2384 3352 2515 3416 rat.,
2548 3363 2599 3404 c.
2631 3349 2743 3419 50.)

156 3452 216 3493 ac
242 3438 628 3510 presbeterum
663 3438 782 3494 ﬁeri
813 3436 943 3494 fecit
974 3438 1242 3495 ordinari.
1274 3439 1618 3496 Theodosius
1645 3455 1797 3508 vero,
1950 3435 2077 3492 749.
2106 3435 2192 3491 10.
2221 3436 2508 3507 [nccxxvn]
2530 3437 2650 3492 Alia
2678 3438 2915 3508 epistola
2934 3440 3181 3509 ejusdem
3204 3440 3346 3515 (146)
3370 3458 3527 3515 papae

155 3533 211 3585 ut
236 3528 511 3600 regnavit,
546 3541 670 3584 cum
700 3532 846 3584 esset
875 3528 1203 3609 catholicus,
1220 3538 1364 3585 mox
1392 3528 1450 3583 in
1480 3529 1633 3600 regia
1663 3528 1799 3584 urbe
1882 3525 2131 3596 Gregorii
2177 3525 2408 3581 secundi
2450 3525 2520 3583 ad
2559 3524 2889 3609 Bonifatium
2929 3526 3097 3599 (conc.
3128 3531 3222 3597 111,
3255 3546 3310 3602 p.
3348 3533 3527 3600 1858),

159 3616 445 3688 imaginem
495 3615 642 3673 illam
676 3617 1065 3684 venerandam,
1096 3606 1153 3672 in
1183 3632 1291 3688 qua
1329 3621 1534 3674 sanctae
1573 3632 1669 3674 sex
1706 3633 1802 3689 sy-

156 3706 282 3762 nodi
331 3710 497 3764 erant
539 3705 796 3776 depictae,
828 3712 883 3762 et
921 3721 951 3762 a
998 3704 1309 3777 Philippico
1348 3703 1527 3761 fuerat
1564 3705 1798 3776 dejecta,

160 3795 386 3865 pristino
438 3797 499 3852 in
537 3794 662 3852 loco
695 3796 888 3852 erexit.
937 3794 1162 3867 (Bene)
1212 3795 1426 3852 Tiberis
1464 3795 1686 3854 ﬂuvium
1715 3796 1809 3852 al-~

159 3899 308 3942 veum
354 3900 521 3943 suum
569 3899 822 3956 egressus
873 3885 1195 3956 [indictione
1252 3883 1337 3957 15)
1396 3884 1566 3942 multa
1612 3886 1800 3942 Romae

160 3973 283 4031 fecit
311 3977 505 4040 exitia,
534 3976 612 4031 ita
642 3982 702 4032 ut
732 3977 789 4032 in
817 3976 904 4031 via
932 3976 1063 4031 Lata
1092 3975 1160 4030 ad
1203 3988 1367 4031 unam
1406 3981 1461 4031 et
1488 3974 1656 4031 semis
1684 3979 1803 4032 sta-

163 4070 328 4122 turam
358 4070 733 4134 excresceret,
765 4069 930 4135 atque
959 4079 991 4121 a
1034 4069 1193 4134 porta
1231 4064 1407 4121 sancti
1445 4064 1593 4121 Petri
1626 4079 1801 4136 usque

163 4155 225 4210 ad
258 4158 498 4213 Pontum
528 4156 784 4214 Molvium
822 4169 980 4226 aquae
1017 4170 1076 4211 se
1122 4155 1523 4212 descendentes
1561 4157 1804 4226 conjun-

161 4252 362 4315 gerent.
426 4245 626 4302 Mansit
682 4249 864 4301 autem
921 4244 1117 4301 diebus
1152 4246 1207 4311 7,
1258 4246 1459 4313 donec,
1509 4246 1803 4317 agentibus

164 4332 385 4391 letanias
414 4335 643 4392 crebras
674 4335 905 4403 civibus,
939 4334 1159 4390 demum
1189 4333 1280 4389 die
1309 4334 1621 4390 revertitur.
1656 4335 1801 4393 Beda

1885 3615 2011 3672 data
2066 3613 2128 3667 10
2173 3613 2292 3673 Kal.
2343 3614 2682 3683 Decembris,
2731 3615 2952 3685 imperii
3002 3619 3203 3677 Leonis
3253 3632 3398 3676 anno
3443 3620 3527 3688 10,

1884 3703 1982 3760 sed
2014 3708 2070 3760 et
2104 3702 2448 3760 Constantini
2486 3704 2644 3774 regni
2682 3717 2829 3761 anno
2858 3705 2915 3774 8,
2955 3705 3262 3765 indictione
3293 3709 3527 3778 decima,

1885 3801 1940 3852 et
1968 3793 2132 3867 reliq.

2157 3883 2310 3949 [Cod.
2337 3884 2393 3940 in
2420 3898 2614 3955 marg,
2646 3884 2829 3944 Ciclus
2857 3885 2995 3944 solis
3020 3887 3258 3959 incipit.]

1954 3973 2079 4030 750.
2147 3971 2230 4029 11.
2293 3973 2601 4045 [DCCXXVIII]
2672 3973 2735 4045 (ι.
2787 3975 2961 4048 pont.)
3028 3977 3441 4051 [Langobardis
3466 3980 3531 4012 “8

1884 4062 2188 4120 indictione
2240 4060 2300 4116 11
2357 4078 2646 4134 pervasum
2691 4069 2775 4121 est
2819 4065 3069 4124 Sutrinse
3118 4069 3427 4139 castellum,
3475 4076 3532 4126 et

1883 4152 2246 4224 quadraginta
2292 4151 2490 4209 diebus
2535 4166 2918 4224 possessosum
2956 4156 3025 4213 ab
3057 4156 3157 4225 eis,
3191 4158 3372 4217 donec
3399 4160 3531 4216 Gre-

1883 4242 2025 4314 gorii
2063 4257 2221 4314 papa:
2266 4242 2548 4299 continuis
2588 4244 2812 4312 scriptis
2842 4249 2898 4299 et
2938 4245 3334 4303 donationibus
3371 4247 3531 4303 dimi-

1883 4337 2093 4390 serunt.
2144 4332 2327 4387 Mense
2373 4331 2639 4399 Januarii,
2684 4330 2991 4387 indictione
3036 4332 3121 4400 12,
3164 4334 3288 4403 plus
3333 4333 3530 4390 diebus

163 4422 277 4480 sic:
306 4445 330 4473 α
350 4426 503 4482 Multi
532 4424 829 4496 Anglorum
860 4425 928 4480 de
958 4424 1223 4480 Brittania
1250 4424 1477 4479 Romam
1506 4427 1796 4489 venerunt,
1815 4475 1863 4496 ﬁ
1882 4419 2040 4477 stella
2067 4435 2191 4489 qua:
2207 4418 2420 4476 Antifer
2439 4420 2645 4476 dicitur
2662 4420 2918 4492 apparuit
2944 4420 3002 4476 in
3032 4421 3285 4490 occidua,
3308 4421 3529 4478 radiens

1814 4475 1865 4535 D

163 4512 303 4570 inter
330 4530 476 4585 quos
512 4515 676 4571 etiam
722 4512 1199 4571 reverentissimus
1244 4512 1415 4567 abbas
1449 4526 1604 4569 meus
1642 4508 1939 4569 Ceol-"in
1976 4509 2233 4580 aquilone
2264 4512 2320 4565 et
2347 4508 2416 4564 ad
2454 4509 2694 4565 medium
2737 4508 2956 4579 cmlum,
2990 4514 3237 4580 tempore
3272 4512 3520 4580 Gregorii

162 4599 348 4674 fridus,
380 4618 560 4662 annos
587 4608 749 4662 natus
776 4604 867 4672 74,
892 4618 1015 4661 cum
1045 4607 1191 4659 esset
1220 4601 1497 4673 presbiter
1522 4601 1684 4658 annis
1705 4601 1796 4670 47,

165 4692 324 4751 abbas
350 4700 538 4753 autem
566 4708 743 4766 annos
769 4693 859 4762 35,
892 4693 987 4750 ubi
1017 4692 1292 4764 Lingonas
1330 4691 1603 4762 pervenit,
1636 4691 1794 4758 obiit,

166 4785 218 4837 et
243 4782 297 4839 in
327 4784 548 4841 :eclesia
576 4782 925 4841 Geminorum
954 4782 1239 4839 martirum
1267 4779 1517 4852 sepultus
1547 4785 1668 4849 est;
1703 4782 1799 4851 qui

164 4868 301 4928 inter
328 4874 437 4931 alia
475 4874 703 4933 donaria
737 4873 887 4930 misit
925 4871 1158 4929 aaclesiae
1188 4871 1365 4927 sancti
1401 4869 1552 4926 Petri
1588 4868 1799 4927 Pande-

164 4966 298 5019 ctem
317 4978 348 5020 a
368 4965 534 5021 beato
564 4964 882 5021 Hieronimo
914 4963 970 5020 in
995 4962 1244 5020 Latinum
1273 4959 1491 5017 Hebreo
1517 4958 1603 5015 vel
1623 4960 1797 5015 Greco

163 5046 306 5110 fonte
336 5053 681 5111 translatum.
718 5076 744 5105 »

1883 4598 2080 4670 papae-1

1950 4687 2075 4743 753.
2114 4688 2200 4745 14.
2237 4688 2501 4761 [nccxxxr]
2540 4687 2605 4761 (ι.
2632 4688 2809 4761 pont.)
2855 4688 3167 4760 [Gregorius
3209 4702 3351 4759 papa
3388 4688 3529 4745 obiit

1881 4778 1917 4833 3
1944 4778 2074 4835 ldus
2120 4778 2425 4847 Februarii,
2457 4778 2764 4836 indictione
2800 4776 2884 4847 14,
2927 4780 3112 4835 Leone
3161 4781 3218 4835 et
3263 4779 3528 4836 Constan-

1881 4870 1999 4926 tino
2029 4867 2495 4939 imperatoribus.]

1948 4956 2076 5014 754;
2114 4956 2198 5011 l5.
2234 4956 2518 5029 [nccxmr]
2553 4957 2836 5026 Gregorius
2863 4956 2934 5010 89
2964 4971 3112 5029 papa
3140 4958 3294 5014 annis
3328 4956 3416 5015 11.

1950 5044 2077 5101 755.
2133 5044 2215 5105 16.
2270 5045 2574 5118 [nccxxxiu]
2628 5046 2837 5119 (ΒΕυΑ.)
2894 5046 3183 5104 Sarraceni
3225 5060 3359 5105 vero
3400 5060 3529 5119 pre-

1507 5176 1731 5234 VARI/E
1786 5174 2169 5233 LECTIONES.

229 5295 291 5328 ⁸⁸³
316 5297 428 5353 haec
451 5300 509 5354 in
536 5298 782 5369 inferiore
808 5296 1043 5365 margine
1068 5293 1162 5369 fol.
1194 5294 1311 5369 155,
1341 5293 1431 5349 ubi
1458 5299 1742 5369 sgqauntur
1762 5292 2205 5369 :_Constantinus
2235 5304 2375 5362 papa
2406 5291 2557 5369 jusu,
2580 5295 2687 5369 etc.
2728 5304 2843 5361 qua:
2878 5305 3043 5369 supra
3055 5306 3144 5369 Ma.
3188 5288 3294 5345 733

1085 5366 1129 5397 οδ
1155 5366 1338 5422 eadem
1365 5381 1419 5422 a.
1459 5360 1567 5420 757
1579 5371 1701 5438 post
1725 5365 2039 5422 inlustravit
2064 5360 2265 5490 smgta
2302 5360 2475 5446 erant,
2501 5361 2596 5418 sed
2620 5360 2755 5417 nunc
2777 5360 2956 5447 erasa;
3031 5360 3095 5394 "°"
3261 5379 3316 5420 a.
3334 5360 3524 5418 '741—
3554 5428 3555 5431 η

1092 5440 1319 5506 Pergunt
1358 5452 1411 5492 a.
1443 5436 1571 5493 755.
1664 5437 1728 5469 “’7
1756 5437 1867 5493 haec
1895 5453 1950 5495 a.
1980 5435 2163 5491 747—
2198 5434 2270 5491 53
2295 5438 2515 5508 empta.
2615 5431 2681 5465 “3
2707 5448 2904 5491 summo
2934 5449 2991 5490 in
3013 5447 3252 5504 margine
3275 5434 3371 5506 fol.
3404 5436 3524 5505 156,

1791 5452 1867 5493 (BC
1895 5453 1950 5495 a.
1981 5452 2270 5491 ’μυ-10.)
2295 5452 2515 5495 scripta.

164 5382 269 5440 mus
291 5388 309 5437 ς
330 5369 555 5427 deinde:
587 5369 859 5440 Gregorii,
888 5373 987 5440 etc.

163 5437 265 5520 747
292 5442 519 5513 scripta.
617 5440 683 5473 ⁴⁰⁶
697 5436 821 5496 Ἱιιεο
850 5456 903 5495 a.
931 5438 1061 5493 747.
1092 5440 1319 5506 Pergunt
1358 5452 1411 5492 a.
1443 5436 1571 5493 755.

165 5524 271 5566 ειηε
298 5528 460 5572 αηηο.

3334 5294 3522 5363 posui-

2615 5431 2681 5465 ⁴⁰⁸
2707 5448 2904 5491 summo
2934 5435 2991 5490 in
3013 5434 3252 5504 margine
3275 5434 3371 5506 fol.
3404 5436 3524 5505 156,

1732 5580 1948 5636 NOTIE.

239 5670 375 5743 (145)
418 5674 481 5729 ν.
510 5674 671 5733 vitam
702 5673 964 5733 Bonifacii
994 5679 1137 5729 auct.
1171 5669 1529 5728 Willibrordo
1560 5684 1609 5726 c.
1651 5668 1705 5725 6.

1928 5666 2074 5740 (146)
2105 5669 2193 5725 Sc.
2228 5668 2347 5735 ejus
2385 5666 2477 5737 qui
2517 5680 2608 5725 an.
2638 5666 2746 5723 745
2782 5667 3095 5725 nominatus
3133 5661 3237 5725 est.
