4000 6158
475 305 582 360 759

1890 310 2167 365 MARIANI
2205 309 2433 364 SCOTTI

3750 305 3863 358 760

474 435 607 489 dicti
663 433 801 505 t147)
851 448 975 489 cum
1032 435 1200 489 altum
1260 441 1530 502 peterent,
1585 435 1874 505 ingruente
1930 436 2348 495 subitaAmisit
2412 434 2855 505 imperatoribus,
2915 447 3037 503 quae
3098 430 3353 486 similiter
3419 439 3722 486 tenuerunt
3798 439 3853 486 et

475 528 839 592 tempestate,
900 523 1120 593 plurimi
1160 523 1335 577 etiam
1380 524 1545 578 mersi
1592 528 1720 579 sunt
1767 539 1833 580 ex
1880 525 2017 595 ipsis
2064 531 2120 581 et

477 614 678 668 necati.
729 612 984 668 Plurimae
1004 611 1068 642 “'9
1106 612 1251 667 enim
1278 625 1443 668 naves
1472 626 1662 669 eorum
1694 628 1872 670 merse
1904 621 1959 670 et
1987 630 2121 671 con-

475 701 662 757 fractae
693 708 848 757 erant
881 716 980 771 per
1008 683 1220 756 litoraf

548 807 674 861 757.
732 806 811 861 18.
867 807 1145 878 [nccxxxv]
1205 806 1419 877 (Βειιιι.)
1469 809 1933 865 Liutbrandus“°
1987 826 2117 868 vero

479 912 575 953 rex
630 896 1113 966 Langobardorum
1175 897 1382 953 audivit
1438 897 1586 967 quod
1644 900 1931 955 Sarraceni
2000 900 2118 957 loca

478 991 665 1041 sancta
732 991 1170 1054 corrumperent.
1248 985 1469 1040 Audivit
1532 986 1718 1055 quod,
1787 988 2119 1058 depopulata

477 1074 747 1139 Sardinia,
799 1073 961 1129 etiam
1015 1074 1139 1130 loca
1188 1074 1280 1128 illa
1327 1073 1578 1130 fedarcnt
1627 1077 1719 1132 ubi
1771 1091 1895 1133 ossa
1943 1081 2117 1135 sancti

476 1162 762 1233 Augustini
803 1162 1050 1232 episcopi
1100 1168 1328 1232 propter
1364 1163 1721 1220 vastationem
1760 1165 2116 1224 barbarorum

477 1251 605 1307 olim
646 1251 907 1307 translata
937 1259 993 1306 et
1030 1251 1334 1307 honorifice
1373 1251 1588 1307 fuerant
1627 1256 1931 1311 recondita.
1976 1256 2119 1312 Misit

476 1356 629 1411 ergo,
663 1349 718 1396 et
749 1341 877 1396 dato
908 1354 1106 1411 magno
1137 1342 1318 1410 pretio
1363 1343 1596 1411 accepit,
1633 1350 1687 1398 et
1736 1346 2016 1401 transtulit
2055 1360 2119 1400 ea

476 1430 532 1484 in
575 1430 801 1496 Ticinis,
852 1430 1039 1499 ibique
1086 1443 1208 1484 cum
1258 1429 1447 1485 debito
1498 1432 1631 1486 tanti
1687 1434 1859 1502 patris
1906 1435 2117 1491 honore

476 1519 808 1574 recondidit.

544 1627 672 1682 759.
704 1626 793 1681 20.
831 1626 1150 1696 [nccxxxvu]
1194 1627 1340 1682 Beda
1380 1634 1706 1698 computatur
1745 1598 1869 1686 obiit
1912 1630 1947 1683 2
1987 1631 2116 1687 Kal.

469 1720 593 1773 Jan.

538 1822 665 1877 760.
697 1821 787 1878 21.
844 1821 1188 1892 [uccxxxvm]
1242 1822 1329 1893 (cf.
1362 1823 1398 1879 Ι.
1427 1826 1598 1897 pout.)
1646 1826 1942 1896 Gregorius
1991 1840 2115 1894 pre-

472 1912 655 1968 dictus
692 1924 831 1980 papa
861 1911 1148 1966 constituit
1180 1912 1233 1966 in
1267 1911 1429 1967 missa
1456 1932 1467 1967 :
1494 1932 1521 1963 «
1549 1927 1783 1983 quorum
1813 1913 2117 1969 solennitas

474 2002 642 2058 hodie
670 1999 731 2031 "“
767 2020 794 2052 »
845 2006 901 2056 et
947 2001 1159 2070 reliqua
1209 2015 1382 2070 usque
1424 2019 1452 2055 ‹‹
1487 2002 1714 2074 largitor
1752 2004 1978 2060 admitte
2019 2019 2119 2074 per

475 2092 750 2147 Christum
795 2089 1076 2144 dominum
1127 2094 1392 2145 nostrum.
1432 2111 1457 2138 η
1499 2091 1591 2161 (Α.
1628 2092 1828 2161 [fers/2)
1880 2093 2115 2162 [Initium

479 2176 891 2246 Herolvesfeld.]

546 2283 676 2339 762.
706 2282 796 2338 23.
852 2283 1053 2354 [DCCXL]
1106 2282 1163 2350 (ἰ.
1204 2284 1371 2354 parit.)
1425 2286 1548 2355 lpse
1585 2299 1716 2342 vero
1756 2287 1895 2343 obiit
1932 2289 1967 2341 4
1996 2290 2115 2345 Kal.

475 2376 604 2429 Dec.
636 2373 994 2443 sepultusque
1024 2380 1108 2429 est
1137 2374 1193 2428 in
1223 2373 1442 2429 ecclesia
1471 2375 1618 2430 beati
1650 2377 1817 2431 Petri.
1854 2377 2117 2447 [Eplstola

384 2464 385 2469 ‘
479 2462 629 2517 tertii
671 2462 919 2531 Gregorii
953 2460 1022 2516 ad
1070 2460 1405 2517 Bonifacium
1451 2463 1695 2519 Scottum
1745 2467 2117 2536 Mogontinum

476 2550 953 2618 archiepiscopum
1006 2548 1191 2620 (Coac.
1225 2549 1313 2605 ed.
1356 2550 1525 2606 Mansi
1559 2567 1654 2619 χιι,
1699 2567 1753 2622 p.
1786 2552 1942 2625 285),
1994 2556 2118 2612 data

480 2637 516 2691 4
554 2637 672 2693 Kal.
717 2637 1058 2706 Novembris,
1102 2638 1299 2694 Leonis
1335 2640 1553 2710 imperii
1590 2653 1734 2697 anno
1764 2640 1854 2710 23,
1888 2648 1941 2698 et
1971 2646 2123 2701 Con-

481 2726 708 2782 stantini
748 2726 844 2782 ﬁlii
883 2729 1004 2797 ejus
1029 2725 1121 2795 20,
1153 2727 1457 2784 indictione
1487 2728 1560 2800 8.]
1606 2728 1670 2801 (ι.
1699 2734 1864 2801 pout.)
1903 2732 2121 2804 [Grego-

478 2815 674 2870 rius”l
722 2815 919 2872 tertius
955 2815 1058 2870 fuit
1096 2817 1437 2886 temporibus
1470 2819 1668 2874 Leonis
1693 2826 1748 2874 et
1776 2822 2119 2878 Constantini

481 2906 893 2973 imperatorum,
943 2917 1007 2958 ea
1065 2906 1449 2972 persecutione
1515 2912 1798 2975 grassante
1851 2922 1974 2977 qua:
2022 2923 2123 2978 per

482 2993 633 3061 ipsos
678 2997 824 3045 mota
871 2998 954 3045 est
1001 2991 1070 3045 ad
1124 2992 1527 3061 depositionem
1576 2999 1633 3049 et
1688 2995 2119 3053 destructionem

2200 529 2534 595 portatorem
2589 525 2643 578 in
2697 536 2975 578 carcerem
3034 535 3135 591 per
3188 533 3390 575 annum
3443 526 3745 577 tenuerunt
3798 527 3853 575 et

2203 620 2332 669 tunc
2379 628 2500 670 cum
2548 614 2746 684 injuris
2790 612 3140 675 remiserunt,
3189 610 3289 664 sed
3335 616 3390 664 et
3438 616 3553 666 tota
3603 612 3852 666 Romana

2201 703 2483 773 provincia
2545 716 2643 772 pro
2709 700 2988 771 erigendis
3038 698 3367 769 imaginibus
3423 699 3852 769 supplicationis

2200 793 2404 862 scripta
2434 792 2766 847 unanimiter
2789 790 2858 845 ad
2889 788 3110 845 eosdem
3138 789 3500 858 imperatores
3524 788 3850 847 direxerunt

2201 894 2301 950 per
2328 881 2576 950 Sergium
2627 879 2914 949 patricium
2946 884 3001 932 et
3047 876 3332 932 straticum
3378 876 3576 933 insulae
3614 879 3844 945 Ciciliaa,

2200 967 2265 1000 “3
2301 968 2503 1039 quibus
2549 969 2909 1038 imperatores
2949 966 3155 1035 scripta
3194 973 3518 1035 rapuerunt,
3560 974 3617 1022 et
3662 975 3849 1037 porta-

2201 1063 2351 1114 tores
2379 1057 2414 1109 8
2451 1058 2730 1113 mensibus
2768 1044 3198 1121 tenentes,'cum
3229 1054 3517 1124 exprobris
3556 1059 3615 1110 et
3652 1057 3847 1126 injuris

2201 1147 2578 1204 remisserunt.
2632 1149 2832 1202 Iterum
2882 1159 3022 1216 papa
3070 1159 3167 1213 per
3226 1145 3447 1199 Petrum
3495 1144 3841 1201 defensorem

2200 1238 2267 1293 ad
2326 1236 2531 1305 regiam
2590 1234 2779 1290 urbem
2838 1239 2945 1289 tam
3002 1233 3288 1289 Anastasio
3347 1247 3639 1302 pervasere
3700 1235 3844 1290 sedis

2199 1324 2824 1393 Constantinopolitanae
2881 1336 3153 1392 quamque
3206 1322 3632 1392 imperatoribus
3676 1321 3844 1380 Leoni

2202 1422 2256 1471 et
2292 1413 2693 1481 Constantino.]

2205 1503 2351 1574 [Cod.
2375 1503 2428 1558 in
2458 1517 2649 1571 marg.,
2671 1502 2854 1557 Ciclus
2874 1501 3290 1566 deccnnovcnu,
3321 1500 3386 1554 l2
3407 1500 3605 1571 incipit
3628 1501 3747 1557 iud.
3768 1503 3839 1572 9.}

2270 1590 2397 1646 763.
2429 1589 2521 1646 24.
2559 1589 2780 1660 [DCCXLI]
2817 1588 3070 1655 Karolus,
3092 1589 3238 1644 illius
3257 1588 3460 1659 Pipini,
3481 1591 3575 1659 qui
3600 1596 3656 1645 et
3677 1591 3842 1660 major

2202 1681 2399 1736 domus
2436 1679 2638 1746 dictus,
2672 1693 2767 1733 rex
2814 1679 3145 1734 Francorum
3176 1678 3335 1734 obiit.
3383 1678 3507 1748 [Leo
3548 1678 3840 1749 imperator

2133 1769 2181 1825 B
2202 1769 2361 1832 obiit,
2393 1768 2785 1824 Constantinus
2814 1767 2958 1822 illius
2989 1768 3109 1837 ejus
3137 1767 3477 1836 suecessit.]“

2209 1878 2232 1902 *
2264 1874 2361 1930 hoc
2389 1890 2527 1929 anno
2565 1875 2620 1928 in
2651 1873 2885 1942 margine
2921 1874 3079 1928 etiam
3112 1873 3221 1928 haec
3251 1872 3526 1942 leguntur:
3565 1875 3738 1928 Rome
3764 1878 3839 1928 est

2280 1945 2514 2001 ecclesia
2540 1950 2745 2001 sancta:
2778 1945 2959 2000 Mariae
2992 1960 3116 2014 quae
3148 1952 3373 2001 vocatur
3393 1945 3458 2001 ad
3493 1945 3667 2014 Mam]

2280 2037 2627 2090 Romanorum
2658 2033 2723 2064 ⁴¹³
2777 2033 2848 2086 77
2894 2036 3130 2102 regnavit
3168 2034 3403 2104 Pipiaus,
3445 2032 3589 2104 ﬁlius
3635 2031 3833 2096 Karoti,

2210 2126 2535 2179 Francorum
2577 2124 2778 2194 primus
2807 2123 3111 2194 imperator,
3143 2123 3295 2178 annis
3339 2122 3431 2189 27,
3464 2137 3638 2193 usque
3668 2123 3721 2177 in
3748 2135 3839 2176 an-

2212 2226 2337 2267 num
2368 2210 2474 2265 755
2506 2219 2628 2280 post
2658 2212 2968 2281 passionem
2998 2212 3233 2267 Domini.

2279 2299 2406 2353 764.
2447 2300 2494 2355 1.
2552 2299 2796 2370 [nccxmj
2850 2300 2905 2369 (ι.
2946 2304 3120 2371 poni.)
3167 2300 3476 2371 [Gregorius
3524 2313 3666 2370 papa
3712 2298 3835 2353 obiit

2209 2389 2245 2442 4
2274 2388 2390 2445 Kal.
2420 2391 2571 2456 Dec.,
2606 2389 2908 2445 indictione
2945 2389 3047 2459 10.]

2282 2477 2583 2533 Zacharias
2611 2477 2682 2530 90
2703 2493 2849 2548 papa
2878 2493 3001 2532 ann.
3040 2477 3126 2533 11.

2279 2564 2406 2619 765.
2436 2564 2491 2618 2.
2536 2565 2800 2636 [occxmn]
2861 2567 3091 2620 Sanctus
3148 2564 3447 2621 Bonifatius
3502 2565 3837 2636 Mogontinus

2210 2654 2659 2725 archiepiscopus
2713 2654 2895 2710 clarus
2946 2655 3196 2710 habetur.
3259 2654 3517 2725 [Epistola
3574 2655 3835 2710 Zachariaz

2212 2758 2368 2814 papm
2398 2744 2464 2799 ad
2516 2743 2842 2800 Bonifatium
2887 2745 3058 2814 (conc.
3095 2747 3205 2810 III,
3248 2760 3301 2814 ι).
3343 2744 3528 2814 1882),
3563 2744 3686 2799 data
3725 2743 3832 2798 Kal.

2210 2832 2411 2902 April.,
2439 2832 2508 2885 24
2547 2847 2690 2888 anno
2738 2834 2893 2903 regni
2941 2832 3306 2897 Constantini,
3337 2833 3433 2888 sed
3486 2832 3697 2902 imperii
3725 2833 3838 2901 ejus

2212 2936 2356 2977 anno
2387 2923 2440 2989 2,
2471 2923 2772 2979 indictione
2821 2922 2876 2975 11
2911 2929 2968 2979 et
3007 2922 3238 2993 reliqua.
3286 2922 3529 2993 Epistola
3577 2922 3835 2977 Zacharize

2213 3026 2369 3081 papae
2422 3012 2489 3067 ad
2544 3012 2877 3068 Bonifacium
2924 3014 3168 3068 Scottum
3208 3012 3683 3082 archiepiscOpum
3734 3012 3838 3065 Me-

481 3091 765 3171 sacraruui
810 3076 1106 3171 imaginum
1148 3077 1362 3171 fiomini
1419 3082 1595 3136 nostri
1642 3084 1771 3138 ἔθευ
1819 3084 2021 3139 Christi
2069 3076 2496 3171 eicguntinum
2556 3101 2736 3168 (Ibid.,
2788 3116 2841 3170 p.
2900 3100 3075 3169 1906),
3127 3101 3252 3156 data
3307 3076 3490 3156 Nonas
3540 3076 3833 3164 ianuarias,

481 3172 670 3222 sancte
734 3166 831 3220 Dei
895 3166 1189 3235 genetricis
1254 3174 1309 3222 et
1371 3175 1685 3225 sanctorum
1750 3174 2121 3241 apostolorum

484 3254 836 3323 omniumque
880 3259 1197 3310 sanctorum
1236 3262 1292 3311 et
1328 3257 1609 3313 martier
1642 3265 1697 3314 et
1726 3260 2125 3329 confessorum,

486 3356 586 3413 pro
637 3343 839 3413 quibus
876 3357 1036 3414 papa,
1085 3352 1143 3399 ut
1172 3346 1241 3401 ab
1271 3346 1378 3402 hoc
1426 3348 1817 3418 resipiscerent
1855 3365 1917 3407 ac
1948 3367 2128 3410 remo-

483 3440 742 3488 verentur
771 3446 982 3496 errore,
1014 3434 1162 3488 misit
1198 3435 1449 3492 instituta
1482 3438 1804 3506 apostolicae
1842 3441 1991 3497 sedis
2030 3458 2129 3513 per

482 3525 787 3592 Georgeum
855 3523 1244 3592 presbiterum,
1306 3525 1400 3595 qui
1461 3540 1584 3582 cum
1654 3542 1717 3583 ea
1783 3530 1855 3585 ob
1923 3539 2125 3589 metum

486 3610 913 3681 imperatoribus
960 3612 1475 3683 ConstantinOpolin
1516 3629 1627 3672 non
1675 3618 1879 3686 reddit,
1928 3621 2127 3678 iterum

487 3700 556 3755 de
587 3700 757 3755 Roma
788 3714 818 3753 a
849 3714 987 3770 papa
1015 3701 1081 3755 ad
1113 3702 1319 3771 regiam
1349 3704 1540 3760 urbem
1585 3706 1849 3776 directus,
1881 3711 2127 3769 secundo

488 3787 677 3843 eadem
708 3786 882 3854 dedit,
914 3803 1038 3858 quae
1076 3791 1281 3860 scripta
1319 3792 1377 3847 in
1417 3800 1570 3862 parte
1617 3796 1673 3850 in
1720 3797 1905 3853 Sicilia
1951 3799 2129 3855 insula

489 3875 737 3942 retinuit,
770 3889 880 3931 non
911 3876 1053 3932 ultra
1091 3878 1158 3932 ad
1207 3881 1723 3953 Constantinopolin
1774 3887 2042 3955 permisit,
2075 3895 2131 3944 et

489 3967 825 4034 portatorem
874 3963 1039 4020 exilio
1089 3980 1188 4036 per
1224 3982 1424 4025 annum
1474 3972 1753 4043 relegavit.
1797 3976 1951 4032 Unde
1991 3992 2131 4049 papa

488 4051 543 4108 in
574 4052 813 4108 concilio
841 4052 912 4106 23
940 4054 1325 4124 episcoporum
1357 4074 1478 4116 cum
1517 4063 1841 4132 presbiteris
1866 4071 1922 4121 et
1949 4066 2134 4124 diaco-

426 4140 439 4149 “
488 4141 652 4196 nibus
680 4146 735 4197 et
764 4150 963 4198 cuncto
992 4143 1142 4201 clero
1181 4152 1236 4202 et
1273 4149 1573 4218 nobilibus,
1607 4153 1769 4208 etiam
1809 4155 2131 4212 consulibus

487 4238 541 4285 et
572 4230 802 4301 reliquis
834 4232 1149 4288 christianis
1193 4236 1468 4305 plebibus,
1501 4254 1682 4296 coram
1715 4257 1950 4312 corpore
1981 4245 2127 4302 beati

486 4320 632 4374 Petri
680 4320 917 4389 apostoli
969 4325 1161 4379 statuit
1206 4324 1269 4395 (ι.
1294 4331 1467 4397 poni.)
1514 4335 1595 4396 ut,
1625 4330 1672 4385 si
1703 4332 1828 4400 quis
1866 4333 2131 4407 deinceps

2212 3190 2367 3257 regni
2413 3190 2755 3245 Constantini
2802 3203 2946 3245 anno
2978 3188 3067 3255 28,
3102 3190 3315 3259 imperii
3354 3192 3476 3259 ejus
3504 3203 3649 3245 anno
3675 3189 3729 3256 6,
3758 3190 3836 3242 iu-

2211 3278 2453 3333 dictionc
2496 3277 2579 3331 15.
2618 3278 2734 3333 Alia
2775 3278 3006 3348 epis‘tola
3053 3278 3328 3335 Zachariae
3369 3294 3524 3349 papae
3565 3279 3633 3333 ad
3681 3278 3835 3334 Boni-

2209 3364 2406 3421 facium
2446 3369 2688 3422 Scottum
2727 3368 3199 3438 archiepiscopum
3240 3369 3618 3438 Moguntinum
3662 3367 3833 3436 (Ibid,

2209 3470 2264 3524 p.
2305 3455 2477 3525 1909),
2511 3456 2635 3511 data
2686 3457 2802 3515 Kal.
2837 3458 2978 3522 Maii,
3011 3472 3155 3512 anno
3192 3457 3262 3511 29
3302 3458 3454 3527 regni
3506 3455 3835 3513 Constantlni
3914 3459 3918 3462 ’

2210 3544 2382 3613 patris
2412 3545 2550 3614 ejus,
2583 3545 2636 3600 id
2669 3553 2752 3600 est
2791 3545 3004 3615 imperii
3044 3560 3187 3601 anno
3220 3544 3271 3611 7,
3304 3545 3612 3602 indictione
3647 3547 3693 3599 1.
3732 3544 3833 3600 Alia

2211 3632 2445 3702 epistola
2465 3634 2739 3690 Zacharias
2762 3649 2916 3705 papa:
2940 3635 3005 3690 ad
3031 3634 3362 3690 Bonifacium
3385 3634 3572 3700 (Ibid.,
3598 3633 3836 3705 p.1915j,

2211 3721 2337 3776 data
2365 3721 2400 3774 2
2436 3724 2577 3779 Non.
2610 3724 2951 3789 Novembris,
2985 3724 3327 3780 Constantini
3369 3738 3514 3779 anno
3552 3723 3648 3790 32,
3684 3723 3840 3794 patris

2213 3813 2332 3879 ejus
2360 3824 2504 3865 anno
2542 3810 2624 3875 ll,
2658 3811 2961 3868 indictione
2991 3813 3064 3882 5.}

2282 3898 2408 3951 766.
2463 3898 2515 3954 3.
2573 3900 2832 3970 [nccxuv]
2885 3900 2976 3966 (cf.
3026 3904 3094 3956 Α.
3144 3903 3347 3971 Hcrs/.,
3395 3899 3571 3971 Fuld.)
3630 3902 3847 3956 Sanctus

2215 3984 2516 4042 Bonifatius
2575 3989 2797 4044 Fuldam
2858 3990 3244 4045 monasterium
3294 3991 3348 4045 in
3390 3989 3690 4046 solitudine
3744 3991 3846 4044 Bo-

2214 4075 2413 4130 chonia
2453 4076 2751 4133 inchoavit.

2281 4162 2409 4217 767.
2468 4164 2520 4219 4.
2586 4165 2821 4236 [nccxrv]
2893 4166 2980 4237 (cf.
3034 4168 3189 4238 nec.)
3248 4167 3677 4231 Carolomannus
3729 4180 3843 4230 rex,

2213 4251 2380 4309 frater
2412 4253 2779 4324 imperatoris,
2813 4271 2933 4310 cum
2967 4255 3132 4311 fratre
3162 4262 3362 4312 tractat
3398 4257 3644 4313 seculum
3676 4256 3842 4311 dimit-

2212 4346 2329 4396 ιε)Ρο
2338 4384 2350 4395 .

483 4409 709 4479 antiqua
771 4411 1187 4469 consuetudinis
1251 4415 1555 4504 apostolico
1612 4422 1853 4476 tenentis
1910 4422 2198 4489 fidelemD
2286 4428 2413 4484 768.
2444 4430 2796 4502 5.[occx1.v1]
2849 4434 2936 4504 (Α.
2987 4437 3148 4502 Aug.)
3199 4434 3634 4491 Carolomannus
3689 4435 3837 4504 impe-

484 4511 639 4552 nsum
672 4504 1033 4554 contemnens
1061 4505 1253 4555 contra
1292 4502 1509 4559 easdem
1551 4506 1816 4577 imagines
1846 4510 2133 4580 depositor

486 4592 650 4655 atque
673 4585 989 4642 destructor
1010 4594 1064 4642 et
1095 4587 1415 4657 profanator
1432 4592 1520 4648 vel
1551 4593 1906 4665 blasphemus
1927 4603 2130 4671 extitit,

486 4674 565 4730 sic
614 4676 850 4731 extorris
897 4689 927 4731 a
975 4690 1209 4746 corpore
1240 4685 1294 4733 et
1323 4693 1353 4733 a
1392 4681 1658 4751 sanguine
1709 4684 1917 4742 domini
1956 4693 2132 4747 nostri

485 4765 612 4817 Jesu
643 4764 845 4818 Christi
876 4765 959 4820 vel
995 4765 1164 4820 totius
1193 4768 1454 4825 Ecclesiae
1493 4771 1702 4828 unitate
1742 4782 1797 4830 et
1827 4790 2127 4849 compage:

488 4853 637 4920 quod
676 4858 731 4907 ct
776 4853 1185 4923 subscriptione
1236 4872 1333 4913 sua
1380 4859 1761 4931 sollempniter
1791 4864 2134 4924 confirmavit

490 4954 610 4995 cum
659 4941 806 4996 omni
861 4942 1119 4998 concilio.
1176 4945 1306 5012 Quae
1354 4948 1624 5004 sinodalia
1682 4965 1783 5020 pro
1855 4954 2132 5025 erigendis

488 5029 661 5085 sacris
733 5030 1063 5101 imaginibus
1139 5048 1236 5103 per
1298 5036 1712 5095 Constantinum
1782 5040 2126 5101 defensorem

2218 4519 2355 4574 rium
2400 4522 2738 4589 permittens,
2781 4522 3077 4578 Almaniam
3119 4524 3447 4594 ingreditur.

2284 4607 2410 4663 769.
2443 4608 2496 4663 6.
2535 4609 2817 4679 [occxtvn]
2872 4611 2962 4680 (A.
3004 4612 3212 4683 Hersf.)
3258 4613 3690 4670 Carolomannus
3726 4626 3833 4683 per-

2215 4710 2350 4767 gens
2377 4698 2625 4763 Romam,
2669 4705 2985 4755 tonsoratur
3019 4715 3048 4755 a
3089 4715 3228 4771 papa
3270 4702 3551 4758 Zacharia.
3600 4704 3757 4775 (Eme.
3784 4714 3825 4753 c.

2215 4783 2289 4854 2.)
2330 4784 2775 4854 [Carolomannus
2824 4790 2993 4845 Bome
3024 4788 3079 4843 in
3112 4796 3296 4845 monte
3326 4792 3554 4846 Soracte
3594 4790 3723 4861 apud
3751 4801 3828 4842 ec-

2216 4873 2437 4929 clesiam
2470 4877 2643 4931 sancti
2694 4877 2938 4932 Silvestri
2985 4886 3302 4935 constructo
3349 4881 3681 4936 monasterio
3721 4888 3822 4932 cum

2215 4959 2476 5018 fratribus
2516 4978 2699 5019 secum
2732 4966 2799 5019 ad
2851 4966 2956 5021 hoc
2985 4968 3331 5022 venientibus
3380 4982 3480 5039 per
3508 4968 3709 5039 aliquot
3742 4978 3823 5020 an-

2213 5063 2315 5104 nos
2362 5050 2682 5120 perfruitur.
2733 5053 2837 5109 Sed
2879 5054 2951 5109 ob
2991 5055 3337 5112 insolentiam
3378 5058 3702 5134 Francorum
3733 5054 3824 5108 Ro-

1836 5168 2059 5225 VARIAE
2127 5174 2510 5231 LECTIONES.

560 5253 623 5283 ⁸⁸⁸
650 5254 759 5309 haec
788 5271 841 5343 (ε.
866 5255 994 5311 756.
1068 5256 1133 5287 ⁴¹⁰
1157 5273 1210 5312 a.
1242 5257 1528 5340 757—659
1544 5262 1762 5387 scripta.
1840 5264 1899 5295 “'
1932 5266 2042 5323 haec
2071 5286 2124 5325 a.
2150 5270 2275 5326 761.
2306 5274 2529 5344 scripta.
2605 5273 2666 5306 ""
2696 5276 2807 5331 hwc
2833 5277 2889 5331 in
2916 5279 3151 5346 margine
3177 5280 3377 5351 scripta
3413 5279 3459 5335 1.
3536 5280 3599 5311 ⁸³⁸
3628 5277 3743 5335 Inde
3766 5273 3820 5329 ab

560 5342 582 5379 Β
608 5341 743 5381 ωινιο
786 5329 842 5380 ι’.
995 5328 1168 5387 Ηευεθ
1195 5329 1424 5385 codicem
1450 5346 1564 5387 cum
1593 5348 1622 5386 ϐ
1659 5335 1730 5387 ito
1760 5337 1972 5387 contulit
1998 5362 2012 5387 :
2046 5342 2132 5387 (mi
2163 5348 2312 5387 natm:
2342 5345 2658 5387 ntnrnitmlpg
2689 5347 2753 5387 dp
2782 5347 2942 5387 mmlie
2996 5356 3076 5387 nh-
3127 5351 3295 5387 am'mm
3318 5358 3565 5387 annus-nu
3596 5350 3820 5387 indit-nn!

485 5324 582 5410 hoc
608 5329 857 5410 anno)";
877 5326 956 5383 Cl.
995 5328 1168 5410 Hegea
1195 5329 1424 5385 codicem
1450 5346 1564 5388 cum
1593 5324 1730 5389 edito
1760 5337 1972 5393 contulit
1995 5362 2012 5404 ,-

488 5396 708 5451 vidctur.
742 5396 1183 5470 Orthographiam
1208 5415 1409 5471 quoque
1436 5418 1538 5459 non
1566 5419 1770 5475 semper
1793 5396 2103 5467 emendavit.

1995 5362 2012 5404 ;
2046 5342 2132 5418 qui
2162 5348 2312 5399 notas
2342 5342 2658 5413 marginales
2689 5347 2753 5401 dc
2782 5347 2961 5418 cyclis,
2996 5342 3092 5405 etc.
3127 5342 3295 5404 atinas
3318 5358 3565 5408 accurate
3596 5350 3822 5405 indicasse

2068 5529 2111 5581 Ν
2115 5531 2283 5584 ΟΤΑΞ.

566 5586 706 5654 (τι-ιγ)
739 5590 798 5642 v.
831 5599 919 5640 an.
950 5585 1074 5642 741.
