4000 6158
228 299 322 352 761

1505 308 1912 368 CHRONICON.
1954 345 2021 354 —
2062 317 2185 370 LIB.
2227 316 2316 369 111.

229 438 366 480 mam
397 423 754 490 visitantium,
788 425 879 493 qui
922 440 1042 480 eum
1093 427 1237 482 velut
1276 428 1554 484 dominum
1595 435 1945 503 quondamA
2029 439 2156 495 780.
2205 440 2287 493 l7.
2352 434 2616 508 [DCCLvIn]
2675 431 2869 490 Paulus
2916 431 2988 484 92
3026 446 3167 502 papa
3222 438 3337 502 post
3388 435 3595 489 Petrum

223 527 380 569 suum
437 512 705 583 preterire
765 513 1046 580 nolebant,
1107 516 1174 571 ad
1238 518 1628 575 monasterium
1691 525 1869 580 sancti

224 602 508 658 Benedicti
536 601 700 657 situm
729 602 787 657 in
818 609 998 659 castro
1028 605 1225 661 Casino
1254 607 1503 675 secessit,
1533 608 1625 664 ubi
1677 618 1869 681 postea

223 689 551 760 regulariter
587 689 759 760 vixit.]

288 795 417 851 770.
476 796 531 852 7.
605 796 905 867 [DCCXLVIII]
978 797 1073 870 (A.
1132 802 1340 873 Hera/2)
1408 804 1557 860 Grifo
1622 805 1761 875 fugit
1813 806 1869 862 in

219 885 510 941 Saxoniam
549 885 620 941 ob
659 891 859 941 metum
899 887 1247 957 imperatoris
1271 889 1353 944 “1.

286 992 419 1046 771.
476 992 530 1045 8.
591 992 850 1063 [nccxmx]
915 991 1004 1063 (A.
1080 996 1281 1065 Hersf.)
1358 998 1507 1055 Grifo
1556 1001 1752 1058 iterum
1801 1002 1871 1059 de

218 1082 509 1137 Saxoniam
549 1083 862 1137 revertitur.

290 1187 420 1242 772.
458 1187 512 1242 9.
558 1188 725 1258 [DCCL]
772 1188 866 1261 (A.
908 1190 1118 1262 Hersf.)
1151 1193 1379 1263 Pipinus
1406 1196 1633 1253 decreto
1662 1198 1871 1255 Zacha-

217 1275 321 1331 riae
341 1290 500 1347 papae
514 1291 546 1332 a
566 1277 838 1335 Bonifatio
851 1281 1167 1351 Mogontino
1180 1283 1599 1355 archiepiscopo
1610 1289 1874 1359 unguitur

217 1364 274 1419 in
303 1366 717 1436 imperatorem,
751 1375 806 1423 et
849 1368 1051 1425 deinde
1092 1370 1164 1425 ob
1192 1371 1247 1427 id
1281 1379 1405 1441 post
1444 1388 1639 1445 papam
1667 1391 1871 1433 secun-

216 1454 325 1510 dus
371 1455 606 1512 habetur
650 1458 945 1528 episcopus
990 1461 1339 1530 Mogontinus
1378 1462 1438 1493 “"
1476 1463 1578 1535 (ib.
1625 1482 1680 1521 a.
1711 1466 1869 1538 746).

286 1543 417 1598 773.
462 1543 547 1600 10.
612 1545 804 1617 [DCCLI]
871 1547 967 1618 (A.
1036 1549 1218 1620 Herf.)
1280 1549 1617 1621 [Burgardus
1662 1556 1873 1625 primus

212 1632 516 1702 episcopus
543 1634 1001 1707 Wirtiburgensis
1047 1644 1423 1707 consecratur,
1457 1644 1512 1696 et
1557 1641 1702 1698 sedit
1739 1656 1869 1699 ann.

212 1719 280 1751 διο
311 1720 384 1775 4o
409 1720 473 1752 ιιτ
504 1724 588 1792 (A.
630 1723 876 1795 Hera/1).]

287 1808 418 1866 774.
464 1810 547 1866 ll.
594 1811 807 1882 [DCCLII]
847 1812 910 1884 (ι.
945 1815 1113 1885 paul.)
1159 1815 1310 1872 Crifo
1349 1817 1508 1873 obiit.
1578 1819 1868 1877 Zacharias

214 1910 363 1966 papa
400 1898 538 1954 obiit
565 1899 646 1955 Id.
679 1901 858 1969 Mart.,
891 1902 1200 1960 indictione
1230 1907 1442 1975 quinta.

287 1985 415 2041 775.
463 1987 546 2042 12.
591 1989 821 2062 [DCCLIII]
876 1995 960 2062 (A.
1017 1994 1215 2065 Hersi.)
1263 1996 1560 2067 Slephauus
1609 1997 1673 2051 91
1720 2014 1867 2071 papa

201 2081 336 2145 post
383 2078 601 2133 Petrum
647 2082 799 2135 annis
844 2082 900 2148 5,
932 2097 1101 2138 mense
1136 2084 1182 2137 1.
1229 2083 1316 2156 (cf.
1348 2086 1507 2157 Rau.)
1556 2087 1869 2157 Stephanus

210 2176 362 2232 papa
411 2170 466 2219 et
524 2166 917 2223 Carlomannus
955 2170 1240 2239 predictus
1277 2174 1579 2229 monachus
1616 2189 1647 2229 a
1681 2181 1868 2231 monte

206 2251 415 2307 Casina
451 2261 719 2310 venerunt
748 2256 818 2311 ad
865 2257 1117 2326 Pipinum
1165 2260 1222 2314 in
1260 2262 1566 2329 Franciam,
1618 2268 1871 2332 petentes

207 2339 575 2396 defensiones
622 2349 815 2399 contra
860 2346 1185 2402 Haistulfum
1245 2362 1425 2419 regem
1476 2352 1873 2422 Langobardo-

212 2442 367 2483 rum.

291 2534 421 2591 776.
468 2534 549 2592 13.
596 2536 822 2611 [IiCCLIv]
869 2542 953 2611 (A.
994 2544 1192 2615 Hersf.)
1233 2546 1396 2601 Unxit
1432 2552 1614 2603 autem
1644 2548 1876 2619 Stepha-

214 2636 327 2677 nus
383 2622 526 2679 duos
571 2626 714 2683 filios
765 2630 946 2700 Pipini
994 2632 1450 2691 Carolomannum
1506 2643 1561 2691 et
1613 2637 1871 2693 Karolum

212 2713 470 2782 Magnum
528 2714 583 2769 in
633 2717 996 2787 imperatores
1047 2721 1083 2772 5
1128 2722 1245 2778 Kal.
1305 2727 1532 2795 August.
1590 2724 1654 2796 (ι.
1689 2726 1866 2797 pont.)

212 2801 531 2871 Stephanus
551 2801 615 2834 "'
643 2819 784 2875 papa
812 2808 961 2863 venit
991 2809 1058 2864 de
1109 2810 1283 2866 Roma
1328 2811 1392 2865 l4
1421 2812 1511 2867 die
1542 2816 1746 2869 mensis
1774 2818 1872 2871 Oc-

216 2890 396 2959 tobr.,
428 2892 734 2950 indictione
763 2897 818 2960 7,
852 2903 907 2952 et
943 2897 1007 2951 l5
1045 2899 1136 2956 die
1167 2902 1373 2957 mensis
1401 2904 1720 2969 Novembr.,
1745 2919 1867 2960 cum

212 2979 446 3036 licentia
489 2983 680 3038 Astulfi
729 2985 877 3056 regis
914 2988 1395 3058 Langobardorum
1426 2992 1494 3047 de
1524 2993 1743 3049 civitate
1774 2995 1873 3048 Pa-

1951 530 2105 583 anm's
2139 527 2222 596 10,
2248 542 2420 583 mense
2454 527 2500 581 l.

2020 618 2146 673 781.
2194 616 2277 671 18.
2323 615 2546 687 [DCCLIx]
2588 615 2672 685 (A.
2712 616 2872 681 Aug.)
2928 610 3154 679 Pipinus
3200 608 3501 678 imperator
3539 609 3593 664 in

1951 708 2237 763 Saxoniam
2276 705 2602 776 ingreditur.

2020 795 2149 849 782.
2194 795 2279 849 l9.
2324 792 2522 865 [DCCLx]
2559 793 2646 863 (A.
2679 789 2839 861 Aug.)
2871 789 3097 859 Pipinus
3125 788 3181 843 in
3211 789 3486 842 Vascones
3506 786 3595 840 in-

1952 885 2219 955 greditur.

2021 973 2148 1028 783.
2188 973 2277 1027 20.
2324 971 2550 1043 [DCCLXI]
2602 970 2780 1043 (EINH.
2820 984 2869 1025 c.
2903 968 2981 1041 6).
3021 967 3250 1037 Pipinus
3297 966 3599 1035 imperator

1952 1063 2160 1118 Italiam
2191 1062 2435 1131 intravit,
2458 1066 2514 1115 et
2543 1060 2748 1115 bellum
2775 1063 2971 1115 contra
3000 1070 3184 1128 regem
3216 1054 3603 1125 Longobardo-

1955 1166 2072 1208 rum
2101 1150 2428 1207 llaistulfum
2461 1148 2725 1218 suscepit.

2024 1240 2151 1295 784.
2192 1239 2283 1296 21.
2343 1238 2588 1309 [DCCLIIII]
2639 1236 2850 1308 (Ibid.,)
2900 1235 3128 1306 Pipinus
3170 1234 3229 1266 ³⁵²¹
3282 1232 3606 1289 llaistult‘um

1955 1343 2138 1400 regem
2195 1341 2496 1399 paucorum
2555 1328 2768 1382 dierum
2817 1325 3108 1382 obsidione
3161 1323 3307 1394 apud
3345 1324 3605 1378 Ticenum

1956 1419 2242 1489 compulit,
2283 1423 2339 1473 et
2374 1416 2601 1474 obsides
2629 1415 2761 1470 dare
2792 1420 2847 1469 et
2878 1418 3102 1483 recepta
3140 1428 3171 1468 a
3200 1411 3463 1468 Romanis
3507 1424 3604 1481 op-

1955 1507 2086 1577 pida
2121 1512 2286 1577 atque
2307 1505 2531 1562 castella
2560 1503 2853 1560 restituere
2884 1507 2940 1557 et
2978 1507 3037 1556 ut
3068 1500 3282 1557 reddita
3311 1513 3421 1555 non
3453 1513 3609 1569 repe-

1954 1601 2205 1653 terentur
2232 1601 2574 1652 sacramento
2604 1592 2768 1649 ﬁdem
2795 1590 3000 1646 facere.

2021 1685 2151 1743 787.
2209 1685 2301 1739 24.
2349 1682 2591 1755 [nCCva]
2647 1683 2707 1753 (Α
2754 1678 2956 1750 Hersf.)
3004 1678 3230 1747 Hiemps
3276 1676 3502 1747 grandis
3550 1682 3605 1731 et

1886 1773 1935 1832 B
1954 1776 2113 1832 valde
2144 1776 2307 1832 etiam
2340 1772 2687 1829 durissimus.

1912 1918 1921 1926 .
2018 1865 2145 1920 788.
2187 1864 2278 1919 25.
2326 1862 2590 1936 [necum]
2627 1862 2720 1932 (A.
2761 1858 2969 1930 Hersf.)
3022 1856 3418 1927 Gordogangus
3475 1855 3600 1925 epi-

1946 1969 2151 2027 sc0pus
2210 1967 2444 2023 corpora
2499 1956 2814 2008 sanctorum
2871 1947 3111 2017 Gorgoni
3170 1952 3226 2001 et
3278 1943 3492 2001 Nazarii
3546 1944 3603 1999 in

1948 2044 2230 2100 Franciam
2262 2044 2435 2098 Roma
2472 2039 2710 2095 advexit.

2019 2131 2149 2186 789.
2188 2131 2277 2184 26.
2338 2127 2620 2199 [nCCvaII]
2682 2126 2856 2191 (ElNH.
2919 2142 2967 2179 c.
3027 2122 3101 2192 3.)
3153 2121 3401 2190 Pipinus,
3444 2120 3600 2175 finito

1950 2219 2277 2291 Aquitanico
2325 2217 2495 2281 bello.
2527 2220 2719 2271 contra
2756 2211 3075 2268 Waifarium
3122 2210 3319 2265 ducem
3369 2209 3605 2279 Aquita-

1951 2311 2059 2366 niae
2088 2309 2157 2364 ab
2200 2322 2266 2364 eo
2305 2310 2584 2375 suscepto,
2638 2317 2738 2374 per
2782 2300 3076 2357 continuos
3121 2298 3157 2351 9
3203 2310 3380 2352 annos
3424 2304 3600 2368 gesto,

1950 2400 2186 2455 Turonis
2222 2397 2291 2454 ad
2330 2400 2587 2453 Sanctum
2636 2393 2924 2449 Martinum
2974 2402 3136 2445 causa
3186 2386 3455 2444 orationis
3484 2401 3605 2457 per-

1954 2490 2116 2544 rexit.
2152 2489 2330 2559 (Rue)

2019 2576 2145 2631 790.
2213 2575 2304 2630 27.
2369 2572 2672 2645 [DCCvanI]
2717 2571 2892 2641 (EINH.
2943 2584 2994 2626 c.
3025 2568 3100 2633 3.)
3148 2566 3280 2623 Inde
3324 2578 3599 2637 egressus,

1954 2664 2195 2719 Parisius
2224 2664 2291 2719 ad
2331 2665 2586 2719 Sanctum
2643 2660 2946 2715 Dionisium
2986 2657 3074 2712 vix
3123 2654 3471 2725 perveniens,
3524 2651 3600 2706 ibi

1955 2754 2149 2810 morbo
2196 2767 2353 2823 aqua:
2383 2749 2672 2807 intercutis
2708 2748 2744 2801 9
2773 2747 2895 2802 Kal.
2942 2745 3168 2801 Octobr.
3220 2743 3380 2809 obiit,
3420 2747 3476 2796 et
3517 2754 3604 2796 se-

1956 2840 2161 2910 pultus.
2191 2871 2265 2881 —
2293 2841 2357 2911 (ι.
2395 2838 2573 2910 paul.)
2613 2835 2829 2907 [Paulus
2855 2833 2920 2865 ⁴²²
2950 2846 3090 2903 papa
3139 2830 3277 2886 obiit
3329 2831 3385 2884 iu
3415 2832 3600 2892 aetate,

1954 2936 2009 2984 et
2046 2929 2280 2984 cessavit
2309 2929 2663 2997 episcopatus
2691 2938 2836 2980 anno
2871 2923 2919 2989 1,
2952 2935 3141 2977 mense
3194 2924 3215 2973 l
3244 2941 3259 2987 ;
3317 2931 3427 2989 quo
3466 2919 3605 2973 Con-

1953 3019 2227 3073 stantinus
2256 3017 2430 3072 laicus
2458 3021 2832 3085 transgressor
2855 3010 3177 3081 apostolicae
3206 3007 3356 3064 sedis
3387 3008 3606 3062 invasor

216 3067 307 3138 pia
357 3070 672 3170 indictione
718 3074 773 3140 7,
823 3074 891 3130 ad
949 3077 1230 3134 Franciam
1278 3080 1448 3149 venit,
1498 3082 1591 3137 ubi
1646 3082 1865 3139 inloco

1962 3106 2155 3162 extitit.
2188 3105 2335 3160 Idem
2388 3067 2708 3174 [indictione
2746 3100 2822 3171 ιη]
2875 3067 2930 3166 ὀ,
2972 3112 3160 3154 mense
3196 3096 3342 3152 Julio
3374 3095 3602 3165 deposi-

214 3158 444 3215 nomine
473 3162 774 3219 Ponticone
805 3164 1054 3234 Pipinum
1099 3167 1326 3236 invenit,
1359 3170 1452 3239 qui
1483 3170 1572 3227 die
1601 3171 1636 3223 6
1663 3172 1869 3228 mensis

210 3248 442 3303 Ianuar.
477 3264 632 3320 papa:
680 3254 934 3322 promisit
978 3268 1138 3310 omne
1189 3257 1336 3327 quod
1368 3259 1598 3328 petivit;
1649 3265 1704 3317 et
1742 3266 1867 3331 post

212 3334 342 3391 dies
374 3336 529 3392 unxit
557 3352 694 3408 papa
744 3341 995 3411 Pipinum
1035 3357 1158 3398 cum
1207 3344 1425 3401 duobus
1462 3347 1590 3403 filiis
1627 3349 1743 3403 suis
1772 3362 1869 3403 re-

212 3438 314 3494 ges
368 3426 720 3483 Francorum.
789 3431 940 3485 Tunc
1005 3431 1063 3486 in
1130 3436 1464 3489 monasterio
1515 3436 1570 3490 in
1638 3438 1868 3493 Francia

212 3514 655 3572 Carolomannus
692 3518 993 3574 monachus
1021 3519 1178 3575 obiit.
1222 3522 1448 3590 Pipinus
1512 3530 1569 3578 et
1631 3525 1868 3594 Stepha-

214 3618 322 3659 nus
355 3618 514 3674 papa,
539 3606 740 3662 occisis
768 3608 1150 3678 Langobardis
1170 3608 1316 3664 bello
1342 3617 1397 3664 et
1423 3609 1609 3681 fugato
1637 3613 1868 3670 Aistulfo

213 3709 354 3765 rege
384 3707 595 3762 eorum,
636 3696 671 3749 8
698 3696 827 3751 Idus
856 3697 1129 3754 obsedent
1157 3699 1430 3755 civitatem
1462 3702 1700 3770 Papiam.
1734 3705 1867 3758 Item

210 3782 487 3839 Aistulfus
532 3784 755 3840 obsides
783 3785 955 3841 dedit.
1010 3788 1212 3843 lterum
1247 3788 1474 3857 Pipinus
1522 3798 1715 3846 contra
1749 3792 1871 3847 Ais-

216 3871 418 3929 tulfum
448 3875 841 3945 Longobardos
877 3875 1066 3931 intrat.
1122 3877 1339 3947 Papiam
1389 3879 1661 3935 civitatem
1710 3882 1872 3938 obse-

215 3962 321 4029 dit,
358 3967 413 4018 et
450 3962 713 4019 Aistulfus
750 3964 986 4020 obsedes
1022 3964 1245 4036 reddit.)

283 4051 419 4105 777.
465 4050 548 4106 l4.
612 4053 817 4123 [DCCLv]
877 4057 966 4119 (A.
1016 4054 1221 4126 Hera/2)
1282 4058 1513 4113 Sanctus
1569 4059 1871 4117 Bonifatius

217 4141 676 4213 archiepiscopus
721 4142 1053 4199 adnuntiens
1099 4145 1323 4201 verbum
1361 4148 1457 4202 Dei
1489 4149 1543 4202 in
1575 4150 1763 4207 Fresia
1782 4151 1867 4219 “9,

222 4244 417 4299 passus
454 4238 538 4288 est
567 4246 691 4287 cum
719 4231 842 4288 aliis
870 4233 1187 4289 martiribus
1215 4236 1354 4292 Non.
1386 4239 1533 4293 Junii
1563 4240 1760 4309 (Παλ).

290 4318 420 4374 778.
464 4319 550 4374 15.
595 4319 819 4391 [DCCLvr]
854 4322 943 4389 (A.
975 4321 1177 4391 Hersf.)
1210 4324 1396 4380 Lullus
1422 4326 1872 4399 archiepiscopus

225 4413 352 4475 post
379 4408 705 4465 Bonifatium
735 4412 1002 4495 successit
1029 4412 1188 4467 annis
1224 4411 1313 4468 32.

290 4514 417 4571 779.
465 4514 547 4571 16.
596 4517 838 4586 [DCCLVII]
881 4520 969 4582 (A.
1017 4516 1221 4588 Hersf.)
1287 4521 1559 4589 Organnm
1612 4522 1866 4591 primitus

219 4604 370 4659 venit
407 4605 465 4660 in
502 4606 806 4673 Franciam,
838 4607 1062 4663 missum
1109 4622 1140 4662 a
1188 4608 1548 4664 Constantino
1578 4624 1707 4681 rege
1735 4614 1865 4667 Gre-

220 4694 321 4749 cire
369 4693 564 4764 Pipino
619 4696 957 4765 imperatori.
998 4725 1070 4734 —
1110 4695 1390 4766 [Aistnlfus
1428 4696 1491 4727 "°
1521 4712 1616 4753 rex
1654 4702 1865 4771 Lango-

221 4784 519 4839 bardorum
556 4784 730 4851 obiit;
763 4786 852 4841 cui
887 4785 1200 4841 Desiderius
1239 4786 1350 4842 (lux
1376 4789 1682 4858 successit.]
1735 4792 1865 4860 [Ste-

222 4873 436 4942 phanus
454 4874 519 4905 ⁴²⁰
557 4888 696 4944 papa
727 4874 866 4929 obiit
892 4875 928 4928 5
956 4874 1075 4929 Kal.
1116 4874 1276 4943 Maii,
1330 4876 1633 4932 indictione
1691 4879 1753 4933 10
1806 4880 1861 4950 ξι.

218 4966 388 5032 ponl.)
423 4962 521 5018 Cui
551 4963 819 5018 successit
847 4976 1139 5033 germanus
1167 4964 1286 5033 ejus
1326 4964 1524 5019 Paulus
1548 5008 1562 5030 ,
1616 4962 1862 5037 tempore

221 5052 425 5106 Leonis
452 5058 507 5106 et
536 5052 879 5110 Constantini
917 5052 1325 5121 imperatorum.

1952 3200 2041 3250 tus
2087 3200 2192 3262 est,
2234 3199 2290 3249 et
2334 3193 2643 3263 Stephanus
2701 3203 2843 3260 papa
2888 3187 3178 3253 successit,
3228 3190 3285 3241 et
3348 3185 3603 3255 quaesivit

1950 3283 2245 3354 episcopos
2274 3282 2484 3352 peritos
2503 3296 2533 3336 a
2555 3280 2764 3348 Pepino
2794 3278 3150 3346 imperatore,
3172 3274 3267 3342 qui
3288 3274 3605 3341 judicarent

1950 3371 2367 3427 Constantinum
2416 3370 2473 3423 in
2504 3367 2737 3437 synodo.
2790 3364 2986 3419 Nuncii
3037 3375 3192 3431 papae
3234 3365 3505 3414 venerunt
3533 3360 3601 3415 ad

1950 3460 2209 3514 Karolum
2241 3464 2296 3512 et
2322 3456 2763 3520 Carlomannum,
2796 3451 2923 3520 quia
2945 3448 3165 3504 interim
3194 3446 3422 3516 Pipinus
3441 3446 3600 3513 obiit,

1952 3553 2007 3601 et
2035 3545 2428 3602 Constantinus
2458 3557 2597 3613 papa
2627 3544 2865 3595 caecatus
2910 3543 3013 3592 est.
3047 3539 3214 3591 Facto
3252 3535 3423 3603 igitur
3459 3549 3601 3590 con-

1952 3635 2082 3690 cilio
2114 3636 2167 3690 in
2209 3633 2434 3688 basilica
2464 3628 2753 3687 salvatoris
2782 3625 2991 3682 domini
3030 3623 3206 3680 nostri
3233 3624 3362 3678 Jesu
3400 3622 3602 3678 Christi

1946 3724 2102 3792 juxta
2158 3722 2439 3778 Lateranis
2504 3722 2696 3785 Rome,
2765 3714 3188 3771 combusserunt
3262 3724 3455 3767 omnes
3509 3724 3603 3765 sa-

1952 3812 2209 3867 cerdotes
2254 3810 2671 3867 Constantinum
2724 3806 2780 3861 in
2827 3803 3009 3860 medio
3058 3801 3391 3872 presbyterii
3428 3800 3604 3871 ipsius

1952 3901 2224 3967 ecclesiae,
2256 3900 2430 3969 alapis
2459 3900 2579 3968 ejus
2607 3895 2876 3951 cervicem
2906 3891 3123 3949 caedere
3152 3891 3307 3961 prius
3337 3888 3603 3946 facientes

1952 3990 2007 4045 in
2064 3988 2337 4056 ecclesia;
2386 3989 2579 4057 sicque
2627 3984 2947 4041 combustus
2993 3986 3077 4038 cst
3116 3980 3172 4052 (ι.
3199 3980 3371 4053 pom.)
3410 3979 3604 4036 Clerus

1953 4086 2007 4135 et
2037 4078 2275 4149 populus
2303 4085 2358 4133 et
2389 4090 2529 4146 papa
2576 4074 2885 4131 clamabant
2932 4071 3336 4142 lIyrieeleyson,
3378 4074 3435 4125 et
3490 4075 3602 4124 sta-

1954 4175 2179 4225 tueruut
2227 4174 2288 4224 ut
2334 4180 2527 4222 omnes
2591 4162 3042 4220 consecratioues
3105 4160 3226 4227 ejus
3282 4159 3496 4214 iteratae
3536 4155 3601 4187 ⁴¹δ

1950 4256 2183 4313 fuissent
2214 4262 2398 4327 preter
2427 4254 2696 4324 baptisma
2753 4256 2807 4304 et
2852 4250 3107 4303 chrisma.
3158 4247 3390 4315 Rogavit
3419 4251 3600 4300 autem

1952 4361 2093 4416 papa
2130 4344 2522 4402 Constantinus
2568 4338 2985 4396 Constantinum
3034 4339 3090 4389 et
3136 4336 3375 4388 Leonem
3420 4345 3599 4401 augu-

1886 4423 2065 4490 Dstos
2094 4446 2322 4503 magnos
2349 4433 2730 4500 imperatores,
2764 4426 3068 4495 deprecans
3117 4434 3307 4477 eorum
3345 4419 3601 4489 imperia-

1948 4524 2054 4579 lem
2085 4521 2451 4584 clementiam,
2485 4525 2543 4573 ut
2584 4519 2642 4573 in
2673 4515 2809 4585 ipsis
2854 4510 3062 4569 Creeiae
3095 4509 3343 4580 partibus
3372 4507 3595 4564 Paulum

1948 4612 2114 4668 exilio
2172 4610 2539 4679 mancipatum
2588 4603 2815 4660 retineri
2855 4601 3255 4673 precepissent.
3306 4627 3379 4637 —
3431 4599 3599 4652 Ante-

1949 4716 2109 4772 quam
2134 4700 2197 4732 W’
2234 4707 2484 4755 mortuus
2515 4701 2661 4751 esset
2707 4692 2906 4748 Paulus
2953 4704 3113 4760 papa,
3156 4687 3285 4743 ilico
3319 4688 3456 4742 Toto
3487 4686 3598 4741 dux

1946 4791 2235 4860 Nepesina:
2282 4788 2517 4843 civitatis
2564 4792 2619 4839 et
2676 4781 2931 4837 Passinus
2987 4785 3042 4833 et
3089 4775 3348 4833 Paschale
3378 4774 3443 4806 ’⁸³⁸
3472 4789 3598 4844 ger-

1946 4892 2161 4934 manum
2200 4891 2357 4932 suum
2395 4874 2812 4931 Constantinum
2844 4870 3043 4924 laicum
3090 4865 3341 4921 fecerunt
3370 4877 3591 4933 papam,

1946 4975 2000 5023 et
2030 4966 2415 5023 comminando
2463 4963 2630 5018 invite
2673 4959 2907 5026 Georgio
2958 4957 3245 5026 episcopo,
3304 4951 3595 5023 compule-

1947 5063 2074 5112 runt
2125 5071 2248 5111 eum
2296 5055 2600 5111 orationem
2658 5050 2950 5105 clericatus
3008 5044 3185 5101 eidem
3232 5042 3594 5099 Constantino

1535 5190 1545 5198 .
1616 5146 1839 5201 VABIAE
1895 5130 2277 5202 LECTIONES.

296 5231 362 5262 ⁸η
396 5232 437 5286 i.
470 5231 648 5300 Pipini
676 5230 729 5285 3.
808 5230 871 5261 ⁸⁸⁸
901 5243 1073 5300 usque
1105 5231 1161 5285 in
1194 5230 1520 5288 hodiernum
1560 5234 1705 5290 diem
1744 5235 1870 5291 add.
1912 5235 1967 5289 3.
2043 5235 2107 5266 ⁸³⁸
2134 5249 2397 5300 superscr.
2447 5232 2493 5288 1.

1646 5305 1705 5337 ⁴²¹
1742 5306 1853 5361 lucc
1897 5323 1950 5361 a.
1991 5299 2278 5360 784—786
2322 5305 2559 5374 sm‘pta;
2610 5308 2659 5357 el
2695 5301 2936 5374 similiter
2971 5300 3139 5374 aliger
3175 5299 3229 5374 i1}
3264 5299 3595 5374 sequeplibus

225 5305 368 5359 riore
400 5302 449 5358 l.
544 5299 609 5333 “9
636 5302 801 5359 frisea
829 5302 883 5356 3.
978 5299 1041 5332 ⁴¹⁰
1070 5302 1181 5356 hac
1206 5303 1261 5356 in
1297 5318 1465 5371 marg.
1504 5306 1550 5357 l.

225 5381 413 5451 (luctor
439 5376 779 5451 agemusque:
807 5374 1572 5451 ad_u11_umgar_mum_p_ertinent
1594 5376 1839 5451 pluribus
1857 5379 2095 5451 smpsit.
2169 5375 2245 5451 _‘”
2274 5376 2395 5451 [nec
2418 5378 2471 5429 in
2501 5388 2668 5451 marg.
2702 5387 2755 5425 (ι.
2785 5374 2893 5451 787
2931 5374 3164 5451 rel788.
3202 5374 3337 5451 [λῃ.
3359 5374 3455 5451 781

854 5443 914 5514 ι’,
948 5444 1089 5519 deest
1133 5444 1196 5519 1.Δ
1222 5438 1486 5514 quildem
1519 5438 2262 5519 progindictione‘scripsisse
2309 5447 2529 5519 videtur.
2579 5438 2727 5519 Idem
2777 5442 3168 5519 Constantinus
3206 5438 3491 5519 για-ἰωὴ
3535 5445 3591 5519 3.

228 5445 414 5499 desunt
450 5445 504 5498 2.
536 5446 600 5497 2*
628 5445 740 5498 2“.

2573 5230 2632 5261 “7
2672 5231 2760 5285 1X.
2802 5230 2857 5283 3.
2932 5230 2995 5260 “3
3034 5229 3143 5284 hare
3170 5226 3224 5280 in
3253 5237 3420 5291 marg.
3442 5239 3595 5291 sape.

2183 5375 2245 5406 δ”
2274 5376 2390 5430 hare
2418 5366 2471 5429 in
2501 5366 2668 5442 marg.
2702 5387 2755 5425 (ι.
2789 5372 2893 5424 787
2931 5371 3012 5426 vel
3038 5369 3164 5425 788.
3202 5369 3251 5433 l,
3285 5384 3337 5423 α.
3365 5366 3495 5442 789.
3534 5375 3589 5431 3.

230 5516 294 5546 διδ
344 5522 399 5571 ta
442 5516 490 5570 1.
524 5517 695 5571 irritae
724 5515 780 5570 2.
811 5514 865 5571 3.
904 5512 913 5514 ἡ
949 5514 1013 5546 ⁸³⁸
1041 5515 1152 5569 hac
1179 5512 1247 5571 ἱιί
1262 5530 1430 5584 marg.
1462 5512 1577 5586 post
1615 5517 1781 5573 locum
1811 5520 1883 5574 ad
1913 5536 1964 5575 a.
1998 5512 2106 5572 732
2141 5518 2361 5573 relatum
2394 5516 2650 5583 leguntur.
2683 5515 2834 5568 Anno
2876 5513 2984 5567 789
3016 5513 3172 5584 (767)
3204 5512 3258 5568 3.
3302 5514 3500 5570 Desunt
3536 5517 3589 5574 2.

229 5586 316 5644 2*.
346 5586 457 5643 2“.
535 5588 600 5618 δ”
632 5588 781 5655 lege:
822 5585 1117 5643 Paschalis.

3492 309 3599 363 762
3685 298 3689 302 ’
