4022 6160
277 399 381 454 765

276 615 618 670 carissimum
648 615 817 675 ﬁlium
849 616 1060 688 planxit
1088 619 1337 675 Karolus.
1375 618 1661 689 [Adrianus
1681 617 1742 651 “7
1775 632 1915 691 papa

276 702 415 759 obiit
449 702 487 756 7
524 703 755 760 Kalend.
797 706 1060 774 Januarii,
1093 706 1395 766 indictione
1425 707 1459 761 4
1502 706 1553 779 (ι.
1580 710 1774 781 pont.)]

345 792 472 845 818.
512 791 603 847 28.
650 793 925 865 [nccxcvr]
977 796 1081 851 Leo
1119 794 1190 849 95
1229 810 1374 867 papa
1421 798 1574 852 annis
1610 797 1702 866 20,
1734 799 1922 854 mensi-

271 879 458 936 (11186.

342 967 470 1025 819.
500 968 590 1024 29.
630 970 922 1043 [nccxcvu]
962 968 1160 1043 (ΒΕΘ.)
1193 973 1424 1029 Romani
1457 976 1694 1033 Leonem
1725 988 1919 1048 papam

271 1056 477 1112 letania
533 1058 740 1129 majore
798 1066 1017 1130 captum
1075 1069 1509 1133 excrecaverunt,
1570 1069 1626 1121 et
1679 1065 1919 1137 linguam

269 1146 392 1216 ejus
429 1144 694 1203 radicitus
740 1149 1113 1207 absciderunt.
1164 1152 1265 1219 Qui
1313 1154 1369 1209 in
1404 1154 1655 1211 custodia
1696 1155 1914 1224 missus,

268 1240 438 1291 noctu
477 1250 579 1306 per
625 1250 839 1294 murum
878 1239 1068 1307 evasit,
1103 1246 1158 1296 et
1203 1240 1271 1297 ad
1321 1242 1534 1314 legatos
1582 1243 1768 1300 Karoli
1796 1243 1918 1301 Wi-

266 1325 506 1381 rundum
549 1324 802 1383 abbatem
851 1333 906 1383 et
941 1328 1315 1401 Winegesium
1360 1330 1770 1401 Spolitanorum
1810 1332 1920 1389 du-

268 1428 389 1469 cem
418 1414 667 1481 veniens,
709 1416 1013 1485 Spoliatum
1033 1416 1099 1451 ι³⁸
1129 1419 1352 1477 ductum
1386 1425 1507 1490 est;
1550 1427 1605 1477 et
1633 1422 1701 1477 ad
1733 1436 1919 1493 regem

266 1499 528 1558 Karolum
558 1504 616 1558 in
656 1502 945 1560 Saxoniam
975 1504 1121 1576 apud
1160 1507 1629 1579 Baderbrunnam,
1659 1517 1918 1580 presente

264 1588 523 1648 Richoifo
580 1592 845 1665 episcopo
902 1594 1241 1667 Mogontino,
1302 1600 1575 1669 pervenit,
1629 1612 1661 1653 a
1717 1601 1919 1670 quibus

262 1695 479 1738 summo
530 1682 743 1739 honore
791 1692 1083 1754 susceptus
1127 1692 1230 1743 est.
1275 1687 1508 1745 Karolus
1553 1689 1816 1760 unguitur
1859 1690 1916 1745 in

262 1770 654 1840 imperatorem
685 1786 715 1827 a
746 1787 885 1843 papa
918 1776 1119 1830 Leone.

336 1855 462 1913 820.
512 1857 601 1913 30.
667 1859 988 1932 [nccxcvm]
1052 1861 1201 1934 (Cod.
1250 1864 1305 1919 in
1350 1864 1567 1936 marg),

260 1946 765 2005 decennovennalis
792 1949 990 2022 incipit
1018 1950 1325 2011 indictione
1356 1958 1554 2022 sexta.)

334 2035 459 2091 821.
518 2037 609 2093 31.
672 2039 950 2112 [nccxcrx]
1013 2042 1191 2109 (EINH.
1252 2057 1303 2098 c.
1361 2041 1480 2115 26.)
1534 2044 1767 2103 Karolus
1822 2045 1911 2103 le-

256 2124 429 2195 gendi
459 2131 515 2182 et
552 2126 822 2198 psallendi
866 2130 1215 2202 disciplinam
1256 2128 1677 2205 diligentissime
1716 2149 1911 2191 emen-

259 2213 431 2274 davit.

335 2304 460 2359 822.
493 2302 583 2360 32.
620 2305 794 2377 [neco]
841 2306 1035 2379 (EINH.
1068 2322 1117 2364 c.
1149 2307 1271 2382 28.)
1304 2310 1538 2368 Karolus
1567 2317 1761 2385 quarta
1790 2315 1909 2373 vice

257 2392 491 2449 Romam
532 2407 655 2449 cum
694 2406 836 2465 papa
864 2398 1046 2452 Leone
1077 2399 1257 2468 pergit
1287 2406 1516 2470 propter
1545 2403 1910 2478 reparandum

260 2482 362 2559 qui
401 2481 565 2537 nimis
614 2484 974 2540 conturbatus
1020 2493 1137 2543 erat
1185 2486 1436 2544 ecclesiae
1474 2494 1697 2562 statum,
1740 2495 1796 2550 et
1832 2492 1910 2551 ibi

262 2576 443 2626 totum
481 2569 717 2627 hiemem
755 2572 1041 2645 transegit.

332 2656 458 2714 823.
489 2658 579 2714 33.
624 2660 821 2733 [DCCCI]
868 2664 956 2730 (A.
988 2664 1187 2736 Hersf.)
1225 2666 1458 2723 Karolus
1486 2668 1650 2725 etiam
1680 2684 1746 2728 eo
1776 2676 1914 2730 tem-

256 2762 397 2821 pore
428 2764 459 2803 a
493 2750 754 2807 Romanis
781 2756 1047 2822 angustus
1076 2754 1384 2824 appellatus
1415 2764 1518 2813 est.

338 2836 463 2893 824.
495 2837 585 2893 34.
638 2839 860 2911 (Dcccu]
918 2841 1011 2913 (A.
1052 2844 1261 2921 Hera/1)
1310 2844 1779 2905 Amarmurmulus
1814 2864 1910 2906 rex

263 2930 552 2985 Persarum
592 2928 882 2986 elefantem
921 2938 975 2987 et
1011 2932 1117 2988 alia
1158 2947 1385 2991 munera
1432 2935 1580 2991 misit
1626 2938 1744 3009 regi
1798 2939 1907 2995 Ka-

259 3016 408 3073 rolo.

336 3103 461 3162 825.
493 3074 595 3162 35..
622 3105 863 3178 [necem]
901 3107 994 3180 (A.
1028 3110 1237 3183 Hersf‘.)
1282 3113 1515 3169 Karolus
1554 3120 1775 3184 pontem
1806 3114 1913 3172 500

258 3210 523 3266 passuum
568 3195 933 3267 longitudinis
971 3204 1124 3255 trans
1160 3201 1373 3257 Renum
1422 3203 1825 3273 Moguntiacum
1846 3204 1975 3274 “’G

259 3284 614 3425 construxit];
678 3291 829 3342 tanta
887 3287 1033 3343 enim
1088 3288 1168 3344 ibi
1225 3295 1310 3346 est
1374 3291 1615 3350 ﬂuminis
1679 3293 1911 3352 latitudo

261 3373 450 3425 (Eme.
482 3387 533 3425 ο.
600 3373 676 3425 7.1

261 3373 450 3443 (Eme.
482 3387 533 3429 ο.
572 3373 676 3444 17.)

334 3460 463 3517 826.
512 3459 603 3519 36.
656 3460 889 3534 [nccctv]
941 3465 1028 3532 (A.
1078 3466 1282 3541 Hersf.)
1341 3468 1451 3525 Leo
1490 3482 1630 3540 papa
1667 3472 1817 3527 venit
1854 3472 1911 3528 in

262 3550 573 3610 Franciam.

336 3640 464 3695 827.
495 3640 585 3696 37.
622 3642 833 3713 [Dccov]
876 3643 966 3715 (Α.
996 3645 1201 3715 Heraf.)
1248 3645 1503 3713 Karolus,
1542 3646 1688 3703 ﬁlius
1727 3650 1911 3706 Karoli

263 3730 655 3803 imperatoris,
714 3732 1009 3789 Bohemios
1070 3738 1265 3802 vastat,
1328 3734 1660 3801 Lechonem,
1728 3752 1913 3808 regem

262 3833 459 3877 eorum
488 3820 767 3879 occidens.
806 3822 1067 3893 [Ecclesia
1085 3820 1150 3854 Μ
1193 3823 1377 3880 Sancti
1407 3823 1601 3881 Albani
1631 3826 1738 3882 hoc
1766 3841 1911 3883 anno

263 3909 559 3969 dedicatur
590 3912 638 3980 *,
670 3912 777 3969 hoc
806 3918 891 3970 est
917 3911 1045 3983 805,
1076 3913 1379 3972 indictione
1416 3914 1519 3984 13.]

550 4000 839 4058 dedicatur
892 4003 1000 4058 hoc
1056 4016 1200 4059 anno
1260 4004 1377 4059 Kal.
1432 4005 1711 4073 Decemb.,
1771 4006 1914 4062 indi-

551 4074 736 4130 ctione
779 4073 864 4142 13,
898 4073 993 4145 qui
1024 4080 1109 4130 est
1136 4088 1315 4130 annus
1351 4076 1647 4147 vigesimus
1675 4077 1910 4134 Richolfi

555 4150 687 4216 post
735 4152 1022 4215 acceptum
1078 4147 1476 4216 episcopatum,
1526 4153 1750 4204 octavus
1806 4163 1908 4205 au-

552 4215 738 4342 t2em2t“
758 4222 1061 4342 1postquam
1090 4215 1386 4290 episcopus
1417 4224 1502 4275 est
1531 4225 1907 4277 consecratus.

338 4372 463 4428 828.
531 4373 621 4431 38.
706 4374 937 4448 [nedcvr]
1019 4378 1105 4449 (Α.
1172 4378 1373 4450 Hers/.)
1414 4380 1663 4437 'Primus
1736 4394 1912 4437 annus

270 4462 575 4522 endicadis.
633 4466 934 4524 Mortalitas
980 4467 1212 4524 maxima
1256 4473 1378 4525 orta
1396 4467 1460 4499 *δ’
1498 4475 1582 4525 est
1619 4471 1677 4526 in
1714 4484 1912 4528 mona—
1978 4462 1979 4465 “

261 4552 436 4610 sterio
465 4554 745 4624 Fuldensi,
777 4556 854 4614 ita
882 4560 943 4613 ut
982 4556 1203 4627 plurimi
1240 4556 1486 4628 ipsorum
1515 4539 1977 4617 monachorumD

264 4649 636 4702 morerentur.

335 4728 463 4787 829.
504 4730 597 4787 39.
642 4732 895 4804 [ncccvn]
938 4735 1123 4800 (Eme.
1165 4749 1215 4790 c.
1256 4732 1366 4805 26.)
1411 4734 1644 4792 Karolus
1680 4736 1909 4809 religio-

262 4833 391 4877 nem
449 4820 803 4878 christianam
827 4865 843 4891 ,
902 4837 1011 4893 qua
1060 4822 1129 4879 ab
1185 4821 1414 4880 infantia
1467 4822 1567 4881 fuit
1626 4823 1869 4883 imbutus
1893 4869 1908 4893 ,

262 4910 610 4969 sanctissime
656 4917 713 4971 et
760 4926 885 4969 cum
932 4927 1141 4969 summa
1180 4913 1385 4985 pietate
1424 4912 1634 4984 coluit;
1681 4914 1913 4972 circa”

265 5012 539 5073 pauperes
595 5002 988 5060 sustentandos
1035 5006 1090 5058 et
1137 5001 1490 5059 elemosinam
1528 5002 1913 5062 devotissimus

265 5093 386 5145 erat
415 5088 598 5160 (Eme.
636 5104 687 5146 c.
718 5090 832 5158 27).

337 5176 465 5233 832.
495 5177 586 5236 42.
610 5178 859 5252 *[ncccx]
900 5180 1092 5254 (Eme.
1116 5195 1166 5242 c.
1186 5179 1310 5254 22.)
1343 5181 1598 5249 Karolus,
1618 5188 1909 5256 antequam

266 5267 555 5324 deciderat
582 5267 666 5338 διδ,
729 5284 829 5339 per
885 5274 1123 5340 quatuor
1177 5283 1353 5328 annos
1409 5272 1608 5330 crebro
1664 5272 1911 5332 febribus

267 5360 578 5428 correptus.

1553 406 1960 463 CHRONICON.
1998 434 2072 447 —
2108 407 2234 462 LIB.
2276 408 2367 463 111.

277 524 417 581 obiit
455 523 513 581 in
552 524 835 583 nativitate
873 528 1125 598 Domini;
1168 542 1329 599 quem
1367 527 1527 587 velud
1568 529 1790 587 fratrem
1829 527 1996 592 autA

1625 1864 1688 1919 15
1735 1864 1907 1923 cicius
1924 1870 1972 1933 Β

3475 416 3649 471 ~766

2296 531 2581 607 Pippi_n_us,
2640 531 2785 607 ﬁlius
2839 533 3189 607 imperatoris
3247 536 3452 607 Karoli,
3510 539 3651 597 obiit

2297 607 2386 670 (ea:
2436 604 2593 673 Theg.
2644 603 2817 675 0.15).
2870 605 3094 661 Maxima
3142 603 3447 664 mortalitas
3482 611 3648 667 boum

2292 680 2463 752 totam
2495 689 2638 752 pene
2655 676 2884 752 vastavit
2904 678 3198 748 Europam.
3221 678 3310 749 (cf.
3333 681 3401 735 Α.
3432 682 3645 752 Weiss.)

2291 746 2488 801 addunt
2524 748 2577 801 2.
2609 746 2693 803 2*.
2726 748 2830 804 2".

2074 833 2199 891 833.
2231 833 2321 891 43.
2364 836 2390 862 *
2414 836 2650 906 [ncccxi]
2709 836 2903 908 (Eme.
2944 852 2994 892 c.
3031 836 3152 909 33.)
3207 839 3459 907 Karolus,
3493 842 3649 913 regni

2003 923 2060 978 in
2092 925 2322 980 Francia
2360 923 2450 993 43,
2491 924 2547 979 in
2586 924 2741 980 Italia
2779 931 2959 981 autem
2998 925 3090 994 36,
3123 926 3341 999 imperii
3380 942 3524 985 anno
3561 922 3645 998 ll,

2002 1011 2307 1069 indictione
2352 1012 2406 1080 4,
2458 1014 2747 1070 thesauros
2784 1020 2839 1070 et
2876 1021 3057 1071 vestes
3102 1021 3414 1088 caeteraque
3463 1018 3650 1075 omnia

2002 1100 2187 1157 divisit
2232 1116 2333 1171 per
2378 1107 2492 1157 tres
2538 1108 2744 1173 partes.
2793 1103 3116 1172 Quarum”
3154 1107 3291 1162 duas
3330 1113 3513 1177 partes
3549 1121 3649 1179 per

2000 1190 2193 1261 viginti
2265 1204 2429 1246 unam
2503 1195 2715 1260 partem
2754 1189 2819 1222 δη
2893 1192 3125 1249 totidem
3208 1196 3649 1266 metropolitanis

2002 1280 2335 1347 civitatibus,
2376 1294 2501 1350 quas
2550 1280 2609 1337 in
2660 1294 2832 1352 regno
2871 1283 2991 1352 ejus
3034 1288 3344 1341 noscuntur
3361 1284 3446 1355 δυ,
3479 1285 3650 1355 parti-

2003 1375 2091 1426 tus
2120 1378 2240 1437 est;
2279 1383 2512 1440 quarum
2551 1370 2773 1426 nomina
2812 1370 2932 1427 haec
2982 1376 3112 1428 sunt
3154 1392 3167 1429 :
3216 1375 3390 1430 Roma
3442 1373 3491 1440 l,
3533 1376 3645 1432 Ra-

2000 1472 2176 1516 venna
2221 1460 2276 1527 2,
2319 1458 2684 1516 Mediolanum
2729 1458 2786 1527 3,
2827 1462 3027 1517 Forum
3063 1460 3194 1518 Julii
3240 1461 3296 1530 4,
3330 1463 3542 1520 Gradus
3587 1463 3643 1531 5,

2001 1548 2228 1604 Colonia
2264 1549 2319 1616 6,
2360 1550 2738 1620 llloguntiacus
2764 1548 2820 1615 7,
2868 1552 3149 1619 Juvavum,
3191 1565 3316 1622 quae
3364 1558 3447 1607 est
3493 1552 3645 1609 Salz-

2002 1637 2155 1709 burg‘
2188 1637 2241 1705 8,
2302 1638 2569 1693 Treverus
2599 1636 2662 1669 “8
2710 1637 2766 1705 9,
2817 1640 3063 1694 Senones
3119 1638 3203 1706 10,
3252 1641 3515 1697 Vesontio
3560 1641 3643 1709 ll,

1999 1726 2323 1798 Lugdunum
2352 1725 2416 1758 “9
2459 1726 2544 1795 l2,
2584 1728 2921 1798 Rotomagus
2962 1726 3049 1794 13,
3098 1728 3288 1783 Remis
3332 1727 3415 1796 14,
3455 1729 3646 1785 Areles

2006 1815 2088 1884 l5,
2139 1817 2351 1872 Vienna
2396 1816 2480 1882 l6,
2539 1815 2948 1872 Darantasia‘“
2999 1815 3083 1883 17,
3141 1816 3497 1873 Ebrodunum
3559 1818 3643 1886 l8,

1993 1906 2283 1977 Burdigala
2319 1906 2401 1973 19,
2432 1906 2679 1964 Turones
2704 1905 2794 1974 20,
2827 1905 3099 1976 Bituriges
3126 1904 3219 1963 21.
3251 1907 3640 1977 Unusquisque

1991 1999 2173 2052 autem
2212 1995 2670 2065 metropolitanus
2717 1995 3012 2066 episcopus
3058 2008 3221 2051 unam
3262 2003 3472 2066 partem
3528 2011 3641 2053 suae

1992 2084 2242 2141 ecclesia:
2310 2090 2365 2141 et
2429 2084 2566 2142 duas
2629 2082 2987 2155 suﬁ‘raganeis
3050 2085 3167 2141 suis
3230 2084 3362 2142 dare
3424 2084 3640 2141 debuit.

1992 2175 2175 2230 Tertia
2201 2188 2332 2230 vero
2364 2188 2491 2244 pars
2518 2174 2603 2231 vel
2632 2188 2809 2245 usque
2837 2174 2905 2230 ad
2937 2174 3149 2231 obitum
3179 2176 3320 2244 ejus,
3350 2175 3435 2230 vel
3468 2190 3642 2246 usque

1992 2264 2123 2319 dum
2168 2263 2333 2319 vellet
2370 2276 2581 2330 carere,
2631 2264 2688 2319 in
2737 2262 2863 2319 usu'
2887 2263 3192 2319 cottidiano
3230 2262 3527 2319 haberetur
3551 2266 3642 2333 **;

1993 2353 2151 2421 cujus
2179 2355 2311 2406 tunc
2342 2350 2517 2422 prima
2546 2365 2674 2421 pars
2704 2350 2974 2421 predictis
3014 2351 3490 2421 metropolitaneis
3519 2353 3646 2422 epi-

1993 2442 2179 2512 scopis
2207 2440 2275 2497 ad
2316 2439 2536 2497 easdem
2577 2439 2857 2511 predictas
2895 2444 3081 2513 partes
3122 2439 3441 2508 adderetur,
3472 2440 3647 2497 altera

1994 2530 2122 2588 ﬁliis
2180 2536 2235 2588 et
2291 2530 2509 2588 ﬁliabus
2565 2536 2622 2588 et
2678 2530 3013 2602 nepotibus;
3079 2529 3242 2586 tertia
3288 2531 3644 2601 pauperibus,

1994 2625 2189 2691 quarta
2246 2621 2421 2677 servis
2486 2625 2542 2679 et
2596 2620 2818 2678 ancillis
2880 2619 3330 2677 distribueretur.
3396 2620 3649 2676 Precium

1996 2709 2261 2766 librorum
2311 2722 2558 2779 suorum,
2608 2722 2845 2779 quorum
2899 2722 3149 2780 magnam
3204 2709 3262 2763 in
3300 2707 3640 2764 bibliotheca

1996 2812 2094 2855 sua
2122 2797 2336 2870 copiam
2366 2796 2736 2869 congregavit,
2762 2796 3098 2868 pauperibus
3116 2809 3346 2867 erogare
3367 2797 3636 2866 precepit.

2280 2886 2534 2954 Karolus,
2602 2884 3002 2956 primogenitus
3062 2884 3434 2955 imperatoris,
3503 2885 3643 2940 obiit

2286 2959 2373 3028 (ea:
2431 2958 2694 3028 Theg.gc.
2724 2956 2827 3028 ,5.)
2883 2958 3005 3027 Ipse
3052 2968 3181 3013 vero
3234 2956 3536 3028 imperator
3574 2957 3637 3012 K.

2278 3026 2478 3086 addunt
2508 3028 2563 3083 2.
2594 3026 2678 3103 2f.
2710 3027 2822 3084 2“.

2280 3118 2409 3174 dum
2466 3131 2568 3174 usu
2618 3120 2753 3174 cett.
2806 3131 2955 3188 c.gv.
3010 3117 3230 3188 mansit,
3276 3116 3506 3188 ipsaque
3545 3130 3642 3188 po-

2282 3194 2487 3247 stremo
2552 3193 2791 3259 quatuor
2855 3186 3221 3245 divisionibus
3283 3186 3467 3245 secata
3534 3186 3639 3244 est.

2283 3261 2636 3342 Primaupars
2683 3259 2872 3342 addita
2919 3265 3005 3316 est
3044 3260 3118 3342 ad
3136 3260 3353 3342 "viginti
3381 3266 3437 3342 ett
3479 3273 3643 3342 unam

2279 3332 2646 3402 supradictas,
2696 3331 2868 3387 altera
2915 3330 3083 3386 cessit
3132 3330 3259 3385 ﬁliis
3306 3335 3361 3387 et
3397 3330 3438 3386 ί.
3471 3337 3526 3384 et
3555 3344 3637 3397 n.,

2278 3404 2441 3459 tertia
2506 3402 2843 3472 pauperibus
2906 3400 3204 3472 distributa
3261 3406 3411 3472 est,‘
3448 3406 3643 3472 quarta

2278 3472 2453 3527 servis
2499 3468 2556 3527 et
2597 3468 2814 3526 ancillis
2861 3470 3064 3539 palatio
3112 3468 3519 3526 famulantibus.
3559 3470 3642 3525 Ad

2279 3544 2496 3598 tertiam
2533 3556 2665 3597 vero
2696 3546 2906 3610 partem
2936 3540 3125 3610 addita
3150 3545 3283 3610 sunt
3310 3555 3436 3596 vasa
3476 3545 3642 3610 atque

2279 3612 2565 3669 ustensilia
2595 3626 2663 3667 ex
2692 3608 2800 3667 {ere
2831 3616 2888 3665 et
2923 3608 3072 3666 ferro
3110 3609 3366 3680 alliisque
3404 3608 3643 3666 metallis

2281 3698 2405 3740 cum
2449 3682 2617 3738 armis
2654 3687 2710 3738 et
2756 3680 3001 3737 vestibus
3047 3684 3103 3736 et
3139 3682 3321 3739 omnis
3357 3680 3645 3751 suppellex

2281 3756 2351 3812 ad
2380 3754 2565 3812 varios
2594 3767 2758 3823 usus,
2809 3759 2868 3808 ut
2904 3757 3033 3807 sunt
3080 3752 3333 3820 cortinae,
3375 3752 3640 3823 stragula,

2283 3826 2507 3898 tapetia,
2548 3822 2711 3898 ﬁltra,
2762 3823 2936 3898 coria,
2984 3828 3245 3898 saginata,
3288 3829 3349 3880 ut
3397 3822 3643 3898 erogatio

2279 3869 2714 3954 ὲῖὲὧέἇὲἷηῖἕὰ
2764 3869 2951 3966 [lilii-8's
2984 3869 3643 3966 'ﬁé’é'v'eh'ii‘eEotui'éséf.

2279 3969 2573 4040 Capellam,
2634 3968 2690 4023 id
2747 3973 2831 4023 est
2882 3966 3323 4040 ecclesiasticum
3389 3967 3644 4025 ministe-

2279 4038 2459 4109 rium,
2518 4040 2667 4111 quod
2724 4054 2825 4111 per
2876 4038 3241 4111 hereditatem
3297 4040 3405 4097 sibi
3460 4040 3638 4106 venit,

2276 4110 2550 4184 integrum
2605 4110 2810 4184 servari
2857 4110 3122 4184 decrevit,
3176 4111 3427 4184 exceptis
3454 4112 3641 4184 siqua

2277 4181 2418 4255 ipsae
2462 4183 2641 4239 eidem
2662 4181 2721 4213 ‘5‘
2774 4181 3001 4252 capella:
3049 4182 3108 4236 in
3156 4181 3439 4239 vasis’aut
3485 4181 3644 4238 libris

2277 4254 2604 4320 addidisset,
2638 4267 2761 4323 quae
2810 4253 2905 4322 qui
2942 4250 3107 4307 vellet
3154 4259 3381 4309 emeret.
3434 4254 3644 4309 Horum

2280 4340 2413 4397 ergo
2461 4322 2705 4395 precium
2754 4327 2920 4404 atque
2968 4322 3259 4390 librorum,
3292 4339 3349 4393 q.
3383 4337 3457 4377 m.
3489 4338 3543 4403 (ξ.
3585 4324 3642 4378 in

2355 4396 2638 4524 s§*ha;31t,
2661 4393 2999 4465 pauperibus
3026 4399 3305 4463 erogatur.
3344 4395 3429 4463 (ea:
3456 4393 3643 4463 Emh.)

2071 4554 2196 4613 835.
2235 4553 2326 4610 45.
2382 4554 2661 4627 [ncccxui]
2715 4551 2803 4625 (cf.
2855 4554 3022 4608 EINH.
3070 4548 3264 4619 c.17.)
3312 4550 3458 4606 Pons
3495 4549 3641 4619 apud

1990 4645 2413 4717 Mogontiacum,
2448 4658 2611 4715 quem
2640 4657 2740 4715 per
2768 4641 2961 4699 decem
2991 4653 3165 4697 annos
3203 4638 3418 4710 in‘genti
3447 4637 3641 4695 labore

1991 4739 2048 4792 et
2075 4747 2243 4806 Opere
2271 4733 2509 4791 mirabili
2539 4733 2608 4789 de
2636 4732 2787 4803 ligno
2818 4730 3051 4787 Karolus
3080 4728 3389 4785 construxit
3408 4727 3453 4795 ί,
3497 4740 3643 4784 anno

1994 4825 2172 4896 primo
2228 4828 2521 4895 antequam
2578 4821 2752 4889 obiit,
2810 4820 2989 4876 tribus
3047 4818 3201 4875 horis
3258 4815 3639 4887 conﬂagravit,

1994 4930 2098 4973 nec
2129 4915 2354 4987 quidem
2384 4926 2493 4969 una
2523 4926 2590 4969 ex
2620 4924 2687 4967 eo
2725 4909 2903 4966 astula
2941 4906 3221 4966 remansit.
3274 4907 3421 4963 Pons
3438 4906 3487 4930 ”
3524 4919 3645 4976 pre-

1994 5007 2179 5064 dictus
2222 5003 2371 5076 apud
2418 5002 2752 5074 Mogontiam
2798 5004 2917 5058 erat
2972 5003 3126 5057 trans
3170 4999 3405 5065 Renum,
3457 5009 3641 5083 quem,

1993 5097 2124 5170 quia
2170 5094 2239 5153 de
2288 5107 2355 5151 eo
2404 5092 2649 5149 latrones
2704 5094 2896 5158 noctu,
2945 5087 3265 5146 hominibus
3319 5086 3378 5142 in
3432 5087 3645 5141 Renum

1994 5186 2280 5259 projectis,
2329 5183 2616 5254 rapiebant
2664 5180 2912 5253 predam,
2965 5176 3256 5239 Richolfus
3291 5175 3644 5249 Mogontinus

1993 5276 2291 5347 episcOpus
2333 5270 2584 5330 comburi
2651 5270 2923 5342 precepit.
2974 5268 3057 5342 (Α.
3107 5265 3308 5339 Hersf.)
3359 5262 3645 5322 Richolfus

1992 5364 2342 5437 Mogontinus
2398 5362 2695 5435 episcopus
2750 5358 2922 5431 obiit,
2980 5353 3284 5415 Haistoltus
3337 5357 3466 5428 post
3518 5366 3641 5412 eum

1618 5464 1842 5521 VARIE
1879 5464 2267 5523 LECTIONES.

337 5555 404 5591 “7
422 5556 490 5627 in
515 5568 686 5627 marg.
722 5555 746 5609 1
843 5550 909 5589 ’⁸³⁸
936 5555 1210 5626 spoletum
1238 5554 1315 5627 3.,
1397 5557 1461 5591 ⁴³⁹
1489 5569 1578 5614 mo

1581 5562 1824 5631 guntiaci
1854 5562 1908 5619 3.

2003 5562 2067 5594 W’
2094 5564 2151 5620 in
2178 5575 2349 5632 marg.
2384 5559 2433 5617 l.
2480 5629 2494 5632 ᾼ
2527 5558 2644 5632 “fa.
2678 5556 2828 5632 0.72.
2923 5555 2987 5590 ⁸⁵³
3017 5555 3278 5632 mortal.
3309 5630 3315 5632 _
3380 5552 3448 5586 ιδ’
3485 5553 3556 5632 ad
3586 5569 3640 5632 ρ.

266 5626 499 5703 831.12
546 5624 937 5703 Ml"decederat
966 5624 1121 5683 'corr.
1162 5626 1444 5703 decid._l.
1517 5624 1788 5703 “Vada.
1820 5633 1947 5691 836.
1987 5634 2034 5690 1.
2061 5633 2118 5688 3.
2194 5633 2260 5665 *⁸⁸
2288 5624 2443 5703 parte
2478 5629 2527 5687 l.
2558 5630 2613 5689 3.
2692 5631 2754 5663 “7
2792 5643 2912 5688 esse
2961 5643 3016 5689 n.
3067 5628 3121 5686 3.
3198 5625 3263 5662 ⁸³⁸
3300 5625 3536 5683 treueris
3585 5624 3639 5681 3.

267 5699 330 5731 δι’
368 5698 647 5771 lugdunus
673 5697 727 5758 3.
803 5699 867 5732 ”°
894 5699 1229 5758 datrantasia
1262 5699 1310 5758 1.
1344 5700 1680 5759 dratantasia
1708 5702 1762 5761 3.
1840 5704 1899 5736 ⁴³¹
1934 5719 1984 5759 c.
2018 5720 2068 5762 e.
2100 5704 2155 5761 2.
