4000 6158
302 5686 307 5693 ·
389 5673 452 5705 ⁸⁸⁹
490 5675 633 5730 deest
660 5672 715 5728 2.
744 5673 857 5730 2“.

375 359 481 411 707

1792 355 2068 409 ItlAlllANl
2108 356 2335 410 SCOTTI

3646 357 3752 409 763

375 483 644 540 successit
688 484 850 539 annis
907 482 989 537 ll.
1046 463 1258 553 (Erum
1286 495 1337 535 c.
1390 478 1513 550 30.)
1574 481 1825 547 Karolus,
1880 479 2309 540 circaAitinere
2354 481 2602 547 servitio,
2635 480 2703 537 ad
2735 482 2958 537 Romam
2991 495 3022 536 a
3070 495 3199 552 rege
3237 481 3518 544 dimissus.
3550 489 3608 538 et
3645 496 3754 539 non

381 572 656 629 Kalendas
684 572 1026 638 Novembris,
1059 571 1247 626 habito
1277 568 1519 640 generali
1549 576 1843 636 conventu,
1868 584 2028 626 voca-

379 661 459 716 vit
497 661 566 717 de
616 662 909 731 Aquitania
947 661 1013 715 ad
1054 674 1113 715 se
1152 658 1505 714 Ludowicum
1552 657 1723 713 ﬁlium
1761 673 1940 724 suum,
1973 665 2030 715 et

383 764 507 806 cum
562 764 686 806 eum
744 754 1013 814 moneret,
1083 748 1172 803 die
1229 747 1507 803 dominico
1566 746 1816 816 precepit
1862 748 1912 802 ei
1968 753 2028 802 ut

384 838 628 910 propriis
676 838 928 893 manibus
975 837 1089 892 suis
1137 837 1204 891 de
1248 849 1444 906 magno
1497 834 1656 890 altari
1702 836 2027 905 Aquisgrani

386 942 647 986 coronam
687 927 905 998 imperii
944 926 1111 996 capiti
1142 939 1243 981 suo
1282 930 1704 994 superponeret,
1737 926 1831 995 qui
1862 924 2029 980 dona-

383 1022 476 1073 tus
522 1016 733 1087 magnis
779 1015 1100 1071 muneribus
1152 1014 1498 1083 Aquitaniam
1554 1014 1814 1083 perrexit.
1859 1016 2031 1070 Karo-

384 1108 571 1164 lus***
618 1120 741 1162 cum
796 1104 1125 1176 Aquisgrani
1182 1104 1486 1169 hiemaret,
1545 1116 1733 1158 mense
1786 1103 2030 1158 Januarii

381 1196 538 1252 febre
594 1200 885 1265 correptus
932 1200 1036 1260 est,
1094 1193 1149 1247 in
1196 1207 1306 1263 quo
1353 1191 1389 1244 5
1434 1191 1664 1248 Kalend.
1724 1192 2027 1258 Februarii,

386 1285 524 1341 hora
571 1283 682 1340 diei
726 1282 781 1349 3,
816 1282 1123 1338 indictione
1168 1280 1224 1348 7,
1272 1279 1346 1333 72
1393 1293 1537 1336 anno
1586 1281 1784 1347 atatis,
1839 1280 2026 1350 [incar.

384 1373 492 1427 814
508 1373 588 1444 “²]
633 1373 774 1429 obiit
805 1375 989 1438 (Eum.
1016 1386 1065 1427 c.
1098 1369 1228 1441 31);
1280 1376 1336 1426 et
1373 1370 1450 1425 ibi
1480 1370 1808 1441 Aquisgrani
1841 1370 2030 1426 eadem

387 1463 477 1518 die
517 1463 573 1518 in
623 1461 850 1518 basilica
897 1460 1191 1517 Salvatoris
1236 1465 1552 1529 sanctaque
1590 1460 1687 1514 Dei
1724 1460 2030 1530 genitricis,

381 1566 547 1623 quam
584 1552 703 1623 ipse
742 1566 809 1607 ex
836 1549 1194 1606 fundamento
1225 1547 1458 1605 miriﬁco
1497 1562 1666 1619 opere
1698 1550 2029 1617 construxit,

387 1640 639 1710 sepultus
668 1644 771 1697 est.

609 1731 636 1756 *
672 1728 749 1783 ita
802 1735 864 1784 ut
927 1732 1197 1797 perpetuo
1256 1726 1456 1783 durare
1526 1739 1687 1797 posse
1752 1726 2034 1783 videretur

672 1742 749 1783 ita
802 1742 864 1784 ut
927 1743 1027 1797 per
1068 1742 1174 1783 etut

672 1799 800 1855 add.
841 1801 895 1854 2.
926 1742 1174 1871 (2*??2“.

576 1888 632 1914 **
670 1889 899 1943 Pontem
947 1892 1128 1943 autem
1173 1889 1352 1958 ipsum
1400 1886 1687 1943 Richolfus
1733 1888 2028 1957 episcopus

672 1959 876 2014 dicitur
900 1961 1129 2029 jussisse
1158 1959 1456 2015 incendere
1488 1965 1714 2028 propter
1739 1958 2029 2015 latrocinia

671 2045 795 2100 qua
855 2032 1111 2087 noctibus
1161 2032 1218 2086 in
1277 2044 1343 2086 eo
1402 2030 1838 2095 exercebantur,
1898 2030 2026 2085 dum

670 2102 923 2158 homines
967 2102 1188 2172 spoliati
1236 2102 1293 2157 in
1347 2101 1634 2157 ﬁumen‘”
1671 2102 1849 2170 ipsum
1892 2102 2027 2171 jacti

672 2173 1051 2237 necabantur;
1125 2172 1221 2230 sed
1281 2172 1593 2228 Einhardus
1627 2214 1642 2238 ,
1711 2173 1806 2241 qui
1863 2173 2026 2227 vitam

671 2244 857 2300 Karoli
914 2244 1074 2298 istius
1129 2244 1372 2313 scripsit,
1414 2243 1521 2299 hoc
1576 2242 1807 2299 fortuitu
1862 2241 2031 2300 refert

673 2314 991 2385 contigisse.
1019 2316 1072 2369 2.
1105 2314 1189 2369 2*.
1221 2314 1334 2370 2**.

672 2404 973 2473 Imperator
1010 2417 1139 2460 vero
1188 2418 1375 2460 mense
1428 2404 1689 2460 Januario
1742 2410 1868 2473 post
1905 2403 2032 2459 bal-

682 2488 843 2546 neum
881 2475 1035 2530 febre
1074 2476 1395 2544 corripitur.
1433 2477 1495 2531 In
1525 2489 1635 2546 quo
1666 2489 1789 2530 cum
1819 2480 2029 2544 septem

674 2544 795 2600 dies
840 2546 1164 2611 laborasset,
1204 2547 1439 2615 septimo
1479 2544 1589 2613 die,
1631 2552 1861 2615 accepto
1900 2560 2030 2602 cor-

675 2629 809 2685 pore
858 2624 914 2672 et
961 2618 1225 2687 sanguine
1280 2618 1515 2683 Domini,
1574 2624 1635 2673 ut
1681 2618 2032 2673 conﬁrmaret

676 2687 880 2742 exitum
918 2702 1096 2754 suum,
1148 2688 1417 2745 laboravit
1462 2689 1585 2758 ipso
1629 2688 1719 2744 die
1768 2696 1823 2744 et
1868 2696 2031 2745 nocte

674 2759 949 2827 sequenti.
981 2760 1243 2829 Sequenti
1271 2774 1401 2816 vero
1432 2759 1522 2816 die
1551 2760 1674 2816 luce
1705 2760 2030 2816 adveniente

675 2831 858 2885 sciens
907 2831 1057 2900 quod
1113 2829 1355 2887 facturus
1412 2836 1550 2897 erat,
1596 2844 1757 2886 manu
1806 2832 2032 2888 dextera

675 2906 736 2955 ut
773 2901 954 2970 potuit
990 2902 1149 2973 signo
1178 2910 1385 2958 sancta
1414 2903 1597 2958 crucis
1624 2908 1799 2961 totum
1830 2916 2033 2971 corpus

675 2986 835 3042 suum
875 2974 1129 3041 signavit,
1161 2973 1473 3042 deindeque
1522 2973 1791 3042 colligens
1841 2973 2028 3042 pedes,

676 3046 734 3096 et
776 3041 841 3072 ⁸⁸⁸
904 3042 1129 3097 brachia
1191 3057 1360 3112 super
1391 3041 1398 3042 ⁷⁷
1422 3057 1624 3112 corpus
1665 3041 1991 3099 extendens
2015 3087 2029 3109 ,

675 3111 878 3202 (ἓξὲξΡὲ
918 3096 2397 3202 9931‘s“h.“§§_'.ve€%i1éf?_selialiisit?(13335131.!

679 3195 871 3237 manus
918 3189 1059 3249 tuas,
1109 3183 1366 3249 Domine,
1407 3185 1733 3240 commendo
1779 3185 2034 3254 spiritum

678 3266 858 3327 meum
881 3272 909 3304 »
940 3254 995 3327 in
1027 3260 1312 3310 senectute
1343 3255 1487 3309 bona
1516 3255 1674 3321 obiit,
1698 3261 1795 3311 etc.
1829 3255 1884 3311 2.
1917 3257 2033 3327 (2“?)

674 3323 778 3379 2".
809 3326 899 3391 (ea:
932 3325 1158 3393 Tltegan.
1192 3341 1239 3380 c.
1269 3327 1349 3391 7.)

462 3415 811 3485 Romanorum
838 3413 909 3465 77
958 3413 1265 3469 Ladoa'icas
1308 3415 1547 3484 regnavit
1585 3415 1739 3471 annis
1766 3415 1856 3483 26,
1891 3431 2035 3471 men-

390 3501 533 3557 sibus
578 3502 632 3555 ll
677 3518 905 3573 usque...

460 3589 586 3646 836.
624 3591 672 3645 1.
711 3590 983 3664 [Dcccxw]
1021 3595 1209 3665 (Tusc.
1243 3609 1293 3649 c.
1328 3592 1434 3660 13.)
1462 3594 1790 3650 Ludowicus
1819 3607 2033 3650 omnem

392 3680 713 3751 injustitiam
751 3682 836 3737 sui
866 3683 1021 3753 regni
1051 3683 1338 3753 inquirens
1367 3684 1712 3739 restauravit.

459 3768 587 3825 837.
614 3769 669 3825 2.
723 3770 974 3840 [ncccxv]
1028 3775 1111 3835 (Α.
1143 3774 1341 3843 Hersf.)
1386 3771 1678 3844 Baugolfus
1708 3772 1880 3827 abbas
1914 3772 2037 3828 Ful-

391 3860 579 3915 densis
608 3860 767 3926 obiit,
803 3860 837 3912 8
884 3860 1013 3915 ldus
1056 3860 1207 3916 Julii.
1259 3864 1587 3932 Jussumque
1635 3867 1719 3917 est
1747 3867 1808 3917 ut
1846 3876 2038 3918 omnes

391 3948 645 4003 monachi
676 3962 893 4004 cursum
927 3951 1101 4005 sancti
1135 3951 1412 4007 Benedicti
1439 3957 1744 4008 cantarent.
1769 3953 2037 4022 Batgcrus

390 4035 563 4090 abbas
590 4035 752 4089 annis
779 4034 833 4092 5.

463 4122 589 4179 838.
639 4121 690 4176 3.
750 4124 1023 4196 [ncccxvr]
1090 4127 1283 4197 ('l‘nna.
1342 4143 1393 4183 c.
1448 4128 1533 4195 15,
1589 4128 1693 4199 16.)
1754 4128 2033 4185 Ludowici

390 4212 668 4268 exercitus
695 4213 917 4269 Sclavos
945 4222 1228 4285 superant,
1262 4223 1317 4273 et
1345 4219 1454 4274 Leo
1487 4232 1627 4288 papa
1656 4219 1815 4274 obiit.

457 4301 601 4371 [ϐοά.
633 4302 688 4357 in
714 4317 909 4372 marg.,
940 4304 1123 4360 Ciclus
1157 4305 1221 4358 16
1249 4305 1751 4362 decennovennalis
1780 4307 1975 4377 incipit

987 4394 1290 4451 indictione
1334 4395 1437 4464 10.]

459 4479 585 4535 839.
617 4483 671 4536 4.
709 4481 999 4552 [ucccxvu]
1044 4483 1241 4554 (THEG.
1275 4499 1325 4540 c.
1372 4482 1455 4550 16,
1496 4484 1597 4555 17.)
1639 4479 2099 4555 SIephanusQ6D

383 4585 528 4641 papa
558 4571 710 4625 annis
734 4570 861 4637 2‘”,
886 4572 1143 4626 mensibus
1169 4572 1224 4627 7.
1256 4572 1566 4641 Stephanus
1595 4586 1754 4644 papa,
1779 4574 2032 4630 obviante

2047 1817 2095 1876 B

2111 570 2277 640 longe
2310 576 2435 640 post
2464 570 2624 627 obiit.

2179 659 2304 713 841.
2335 660 2390 714 6.
2436 658 2714 729 [ncccxix]
2768 657 2857 730 (Α.
2896 660 3100 729 Hersf.)
3146 659 3443 716 Dedicatur
3484 666 3758 716 monaste.

2110 749 2248 803 rium
2289 749 2473 804 Sancti
2512 746 2769 803 Bonifatii
2809 748 2980 803 Fulda
3018 748 3135 803 Kal.
3177 751 3313 805 Nov.

2180 836 2306 889 842.
2336 836 2390 892 7.
2450 835 2703 906 [neccxx]
2746 838 3016 907 Ratgerus
3062 837 3235 893 abbas
3282 836 3572 893 Fuldensis
3617 838 3758 894 obiit

2109 926 2163 980 8.
2196 924 2324 980 Idus
2353 927 2480 981 Dec.
2514 925 2632 996 Egil
2670 925 2838 981 abbas
2867 927 3135 982 successit
3162 927 3323 982 annis
3349 927 3405 981 5.

2184 1013 2456 1069 Paschalis
2501 1014 2572 1067 97
2611 1030 2759 1086 papa
2808 1014 3130 1070 annis...“°.
3188 1016 3282 1085 (A.
3313 1015 3523 1087 Hcrsf.)
3566 1016 3755 1073 Ludo-

2111 1103 2283 1159 wicus
2341 1103 2641 1173 imperator
2697 1104 3032 1159 Britanniam
3087 1104 3327 1175 subegit,
3384 1105 3581 1161 ducem
3635 1106 3758 1174 ejus

2112 1193 2557 1248 Murcomannum
2604 1192 2888 1249 occidens.
2918 1193 3051 1249 Inde
3101 1193 3423 1264 regrediens
3464 1194 3757 1265 lrmingar-

2112 1280 2235 1335 dam
2274 1281 2518 1351 reginam
2562 1279 2967 1337 febricitantem
3016 1281 3245 1348 invenit,
3278 1296 3402 1352 qua
3434 1281 3598 1352 paulo
3631 1288 3757 1353 post

2115 1370 2242 1425 inde
2273 1370 2430 1426 obiit.
2472 1371 2668 1442 [Tum
2703 1384 2752 1426 c.
2786 1370 2901 1436 25.)

2184 1457 2311 1515 843.
2340 1459 2395 1514 8.
2437 1459 2711 1529 [ncccxxr]
2749 1458 2837 1530 (A.
2869 1460 3067 1531 Hersf.)
3099 1460 3430 1518 Ludowicus
3458 1462 3757 1532 imperator

2112 1548 2283 1615 Judit,
2316 1547 2480 1603 ﬁliam
2518 1547 2707 1603 Hwelﬁ
2738 1547 2896 1604 ducis
2923 1548 3210 1619 Bajoaria,
3252 1549 3494 1621 reginam
3532 1551 3638 1606 sibi
3672 1564 3757 1606 so-

2113 1636 2301 1704 ciavit,
2329 1642 2386 1692 et
2423 1636 2797 1707 [ngulenheim
2827 1636 2957 1693 villa
2994 1638 3144 1709 regia
3188 1638 3447 1709 generale
3495 1638 3752 1710 placitum

2111 1740 2270 1782 suum
2298 1724 2508 1781 habuit.
2541 1726 2741 1793 (Tune.
2774 1740 2823 1782 c.
2857 1725 2973 1798 26.)

2186 1813 2312 1869 844.
2343 1813 2399 1866 9.
2434 1813 2732 1884 [ncccxxn]
2767 1815 2962 1885 (Tune.
2996 1829 3046 1871 c.
3078 1815 3189 1887 27.)
3228 1815 3557 1873 Ludowicus
3585 1817 3758 1887 impe-

2111 1910 2263 1959 rator
2300 1916 2400 1973 per
2430 1902 2731 1958 exercitum
2768 1917 2927 1958 suum
2966 1903 3265 1960 orientales
3301 1904 3525 1962 Sclavos
3560 1911 3753 1970 vastat,

2110 1992 2305 2047 ducem
2345 2004 2535 2047 eorum
2573 1990 2795 2046 nomine
2837 1991 3021 2047 Liduit
3055 1990 3262 2063 fugato.

2181 2077 2307 2134 845.
2362 2077 2447 2134 10.
2512 2078 2836 2149 [ncccxxm]
2902 2079 3111 2150 (Tusc.
3170 2095 3220 2136 c.
3271 2080 3391 2152 28.)
3450 2081 3757 2138 Ludovicus

2111 2169 2413 2237 imperator
2469 2167 2838 2238 primogenito
2887 2167 3000 2224 ﬁlio
3048 2182 3150 2225 suo
3198 2169 3497 2237 Lothario,
3555 2169 3754 2240 placito

2110 2256 2354 2327 generali
2392 2256 2604 2319 habito,
2637 2256 2801 2312 ﬁliam
2831 2257 2973 2328 Hugi
3007 2257 3227 2313 comitis
3255 2257 3546 2329 conjunxit
3564 2258 3651 2312 “7.

2183 2344 2309 2398 846.
2371 2344 2455 2399 ll.
2520 2346 2842 2417 [ncccxxrv]
2909 2348 3106 2418 (Tuae.
3157 2362 3210 2404 c.
3255 2346 3367 2419 29.)
3432 2348 3756 2404 Ludowicus

2112 2435 2413 2505 imperator
2458 2435 2527 2490 de
2577 2434 2780 2505 placito
2838 2436 3094 2507 generale
3138 2436 3499 2494 Attiniaco‘“
3556 2437 3752 2507 palatio

2112 2524 2427 2580 Lutharium
2481 2524 2651 2580 ﬁlium
2710 2540 2834 2581 cum
2874 2527 3108 2598 conjuge
3165 2541 3264 2583 sua
3318 2526 3655 2598 Irmingarde
3698 2527 3756 2581 in

2112 2613 2321 2668 Italiam
2360 2614 2580 2681 direxit,
2621 2614 2862 2685 indeque
2910 2615 3312 2672 Franconofurt
3358 2617 3528 2681 venit,
3560 2622 3617 2671 et
3664 2629 3757 2671 na-

2113 2702 2276 2758 talem
2306 2703 2519 2759 Domini
2549 2702 2866 2760 celebravit.
2910 2704 3186 2760 Paschalis
3215 2720 3354 2776 papa
3381 2705 3541 2761 obiit.

2187 2789 2268 2860 (A.
2304 2793 2505 2862 Hersi.)
2553 2784 2822 2861 Eugeniae
2850 2793 2920 2846 98
2960 2809 3104 2865 papa
3153 2796 3306 2850 annis
3348 2796 3403 2849 3.
3456 2794 3753 2850 Haistolfus

2115 2880 2411 2950 episcopus
2448 2882 2798 2951 Mogontinus
2827 2882 2987 2938 obiit.

2185 2968 2311 3023 847.
2351 2970 2435 3025 l2.
2480 2971 2766 3041 [ncccxxv]
2813 2972 2898 3043 (A.
2932 2974 3136 3043 Hersf.)
3174 2974 3428 3044 Otgarius
3465 2974 3757 3046 episcopus

2114 3071 2338 3113 ann.....
2365 3062 2387 3080 θ
2420 3058 2616 3129 (Tum.
2654 3076 2703 3115 c.
2736 3059 2849 3131 31.)
2901 3061 3211 3118 Ludovicus
3253 3062 3555 3133 imperator
3588 3071 3758 3119 vastat

2402 3162 2471 3202 ll].

2344 3281 2365 3303 ⁸
2403 3282 2504 3349 Qui
2542 3297 2663 3338 cum
2714 3283 2782 3339 ad
2829 3284 3038 3340 Italiam
3081 3285 3153 3341 ob
3193 3285 3529 3342 discordiam
3568 3286 3667 3342 ﬁlii
3694 3286 3760 3342 ab
3814 3338 3821 3343 .

2402 3354 2896 3427 imperatoreicum
2932 3356 3058 3411 aliis
3096 3356 3366 3413 directum
3406 3358 3628 3427 Papiam
3666 3372 3756 3413 ve-
3824 3401 3832 3407 .

2406 3425 2597 3500 uisset,
2629 3426 2858 3500 quidam
2875 3427 3136 3500 clericus
3182 3442 3304 3483 cum
3326 3427 3391 3459 δ”
3418 3425 3683 3500 reliquiis
3700 3428 3785 3460 “"

2402 3497 2577 3551 sancti
2633 3498 2817 3554 Severi
2846 3497 2911 3528 “°
2966 3500 3240 3555 Ravenna
3306 3499 3459 3555 urbis
3516 3497 3754 3570 episcopi

2402 3580 2618 3641 necnon
2649 3570 2838 3624 uxoris
2866 3570 3317 3641 ejusAVincentia
3364 3570 3606 3641 ﬁliaque
3643 3574 3752 3641 ejus

2403 3640 2760 3711 innocentia,
2792 3654 2931 3711 quas
2974 3638 3120 3697 furto
3163 3641 3484 3708 abstulerat,
3514 3638 3585 3698 ad
3628 3638 3752 3699 eun-

2403 3710 2526 3785 dem
2564 3710 2842 3785 Otgarium
2879 3726 2939 3785 se
2968 3712 3202 3768 contulit
3231 3718 3286 3768 et
3314 3713 3364 3767 ei
3394 3713 3530 3782 quid
3557 3715 3754 3785 egisset

2404 3781 2661 3854 innotuit.
2720 3782 2972 3852 Otgarius
3017 3791 3199 3839 autem
3244 3781 3491 3854 gaudens
3538 3781 3750 3841 easdem

2403 3852 2684 3926 reliquias
2708 3854 2972 3926 suscepit,
3014 3860 3069 3911 et
3104 3869 3198 3910 eas
3235 3852 3642 3926 Mogontiacum
3678 3871 3754 3913 se-

2402 3937 2526 3979 cum
2583 3924 2829 3991 adduxit,
2870 3932 3035 3995 atque
3086 3926 3144 3981 in
3200 3924 3537 3983 monasterio
3582 3929 3751 3983 sancti

2402 3995 2597 4051 Albani
2651 4000 2893 4051 sanctam
2950 3997 3287 4053 Vincentiam
3337 3998 3406 4053 ad
3462 4000 3749 4055 australem

2405 4066 2615 4136 plagam
2649 4109 2664 4133 ,
2739 4074 2981 4123 sanctam
3045 4082 3175 4124 vero
3250 4070 3625 4126 Innocentiam
3687 4068 3748 4125 ad

2401 4137 2769 4207 aquilonalem
2809 4140 3014 4208 posuit,
3046 4144 3293 4195 sanctum
3332 4154 3463 4196 vero
3501 4143 3744 4197 Severum

2395 4210 2551 4283 juxta
2587 4208 2780 4283 altare
2835 4211 3012 4265 sancti
3051 4211 3294 4283 _Albani,
3354 4213 3516 4280 cujus
3571 4219 3747 4283 postea

2401 4279 2664 4351 reliquias
2709 4279 3152 4351 adgErphesl‘urt
3202 4279 3503 4351 transtulit.
3566 4279 3749 4339 addunt

2397 4350 2452 4404 2.
2484 4349 2564 4406 2'.
2598 4350 2703 4406 2".
2736 4349 2829 4417 (cf.
2858 4349 3040 4407 Lamb.
3073 4368 3127 4407 a.
3158 4350 3305 4423 836.)

2184 4483 2430 4539 848.13.
2484 4485 2797 4556 [ncccxxvx]
2858 4486 2974 4557 Egil
3031 4487 3201 4543 abbas
3256 4487 3546 4544 Fuldensis
3602 4489 3754 4545 obiit.

2120 4572 2184 4626 l4
2222 4572 2340 4628 Kal.
2380 4572 2487 4629 Jul.
2529 4574 2785 4629 Rabanus
2822 4575 3089 4630 successit
3124 4576 3284 4630 annis
3321 4575 3410 4631 20.
3466 4577 3753 4633 Ludowico

388 4658 685 4715 Ludowico
737 4660 792 4715 in
851 4674 1046 4730 campo
1098 4673 1294 4730 magno
1350 4662 1722 4729 Remensium,
1778 4663 2031 4733 sequenti
2111 4662 2461 4732 imperatoris
2486 4662 2658 4732 Aquis
2685 4662 2850 4733 legati
2878 4662 3236 4734 Vulgarorum
3256 4677 3482 4721 munera
3513 4665 3755 4736 portanti]

389 4746 479 4803 die
511 4749 789 4803 dominico
828 4763 1014 4805 coram
1045 4751 1194 4805 omni
1241 4750 1446 4819 popqu
1471 4757 1598 4806 ante
1628 4752 1846 4807 missam
1875 4752 2032 4807 unxit

388 4850 513 4891 eum
553 4838 609 4892 in
649 4838 1058 4908 imperatorem,
1091 4846 1146 4894 et
1180 4852 1397 4894 auream
1429 4853 1690 4896 coronam
1721 4841 1874 4896 mira
1912 4841 2032 4910 pul-

390 4925 742 4991 chritudinis,
794 4941 916 4983 cum
966 4928 1390 4997 preciosissimis
1435 4929 1666 4999 gemmis
1710 4928 2036 4985 mirabiliter

391 5021 659 5079 ornatam,
701 5023 971 5086 portatam
1002 5016 1071 5072 de
1116 5018 1289 5072 Roma
1322 5030 1529 5084 secum,
1572 5017 1832 5087 imposuit
1868 5032 2037 5087 super

391 5110 556 5174 caput
594 5108 732 5175 ejus,
764 5105 1035 5176 aliamque
1074 5120 1336 5162 coronam
1375 5121 1596 5163 auream
1625 5107 1793 5177 capiti
1831 5107 2033 5163 Irmin-

390 5192 573 5263 garda
605 5194 829 5271 regina,
863 5194 1155 5251 nominans
1184 5209 1303 5252 eam
1333 5201 1636 5267 augustam.

459 5281 584 5337 840.
641 5285 694 5339 5.
760 5283 1079 5354 [ncccxvm]
1140 5285 1259 5357 (1b.)
1321 5285 1632 5355 Stephanus
1680 5299 1810 5341 vero
1868 5300 2028 5357 papa,

394 5377 584 5440 postea
631 5371 867 5428 donatus
923 5374 1134 5443 magnis
1191 5375 1509 5430 muneribus
1565 5381 1620 5430 et
1684 5375 1919 5431 honesto
1974 5377 2031 5431 in

2113 4752 2310 4820 (ΤΗΕρ.
2353 4765 2403 4807 c.
2434 4749 2545 4822 32.)

2182 4839 2308 4897 849.
2363 4839 2448 4895 14.
2502 4841 2840 4912 [ncccxxvn]
2901 4842 3097 4907 (Tum.
3147 4857 3201 4898 c.
3249 4842 3365 4915 33.)
3429 4844 3747 4902 Ludovvicus

2116 4930 2417 4999 imperator
2469 4929 2831 5002 Ingilenheim
2887 4931 3192 4988 Herioltum
3242 4932 3312 4987 de
3360 4934 3560 4989 Danais
3578 4932 3637 4965 “‘
3685 4933 3747 4988 de

2116 5016 2266 5073 fonte
2324 5019 2689 5088 baptismatis,
2749 5024 2803 5075 et
2869 5033 3097 5076 uxorem
3152 5021 3271 5089 ejus
3326 5023 3518 5092 regina
3570 5021 3747 5078 Judith

2117 5107 2365 5163 elevavit.
2415 5107 2514 5163 Cui
2544 5121 2668 5163 cum
2707 5121 2963 5179 magnum
3002 5111 3303 5165 Fresonum
3341 5116 3555 5180 partem
3583 5111 3749 5173 dedit.

2115 5195 2277 5252 donis
2304 5195 2628 5252 honoriﬁcis
2658 5210 2782 5252 cum
2812 5196 3007 5268 legatis
3038 5198 3154 5254 suis
3182 5211 3306 5254 eum
3335 5197 3564 5255 dimisit.

2196 5286 2496 5342 Valentinus
2524 5285 2614 5340 99.
2643 5303 2808 5358 papa.
2967 5291 2972 5297 ’

2183 5377 2307 5431 850.
2366 5376 2448 5429 15.
2504 5376 2860 5448 [ncccxxvm]
2913 5378 3113 5448 (Tune.
3167 5393 3217 5433 υ.
3267 5375 3380 5433 34.ἰ
3435 5378 3752 5435 Ludowicus

1747 5466 1972 5520 VARle
2027 5466 2413 5521 LECTIONES.

461 5531 526 5605 Ψ
554 5545 719 5605 erasa,
747 5532 795 5586 1.
826 5532 1015 5588 desunt
1040 5532 1094 5605 3.
1206 5534 1272 5566 ’⁸⁵³
1302 5536 1356 5591 ﬁ.
1398 5535 1833 5605 projiciebantur
1865 5537 1948 5590 2*.

2056 5536 2120 5567 ³⁸⁸
2136 5538 2205 5592 ad
2236 5536 2321 5591 2?
2419 5535 2484 5568 ⁸⁵⁸
2511 5538 2578 5592 Χ.
2608 5536 2662 5592 2.
2695 5536 2773 5593 2‘.
2806 5552 2946 5594 corr.
2978 5539 3044 5594 11.
3101 5537 3147 5592 1.
3197 5552 3437 5594 numerus
3482 5554 3664 5594 erasus
3692 5537 3742 5590 3.

389 5601 454 5680 ff
490 5602 567 5680 ita
603 5603 798 5680 173111.
821 5618 852 5680 _e
875 5604 1089 5680 0071.3.
1121 5620 1269 5680 a..:..
1309 5601 1562 5680 desant'2.
1593 5606 1701 5680 2”.
1742 5606 1829 5662 ubi
1857 5607 1967 5662 haec
1997 5608 2066 5663 ad
2099 5624 2151 5663 a.
2185 5607 2308 5662 841.
2343 5608 2449 5661 840
2475 5609 2786 5678 re/ernntur.
2866 5610 2926 5640 “7
2955 5610 3202 5680 conjuxit
3238 5610 3283 5664 1.
3363 5608 3426 5640 ⁵⁸⁸
3456 5611 3659 5670 attinco
3691 5608 3734 5661 1.

935 5674 998 5706 “°
1025 5676 1166 5732 deest
1193 5676 1269 5733 2?
1341 5678 1401 5710 ⁸⁶¹
1427 5676 1584 5733 danis
1609 5677 1656 5732 1.

2506 5862 2534 5883 ρ
