4000 6158
333 246 336 255 ‘
371 248 470 312 771

1785 244 2065 327 ΜΑῌΙΑΝΙ
2101 246 2329 305 SCOT'I‘l

3632 234 3741 293 772

441 383 791 439 Romanorum
817 379 882 434 81
924 374 1251 444 Ludowicus,
1300 373 1472 448 quiet
1513 371 1811 431 Lothorium
1863 370 2147 443 (148)Asi
2212 332 2541 444 culpabilem
2566 415 2580 440 ,
2650 376 2711 427 ut
2774 336 3355 443 condignasremedia
3420 366 3740 437 pauitantia“,

371 472 606 542 regnavit
636 472 789 527 armis
819 468 904 523 15.

443 561 568 617 878.
616 562 664 615 1.
699 558 993 632 [DCCCLVL]

443 650 588 721 [Cod.
629 650 685 704 in
722 663 914 717 marg.,
965 646 1153 702 Annus
1198 642 1478 700 secundus
1520 639 1646 698 cicli
1702 638 1765 695 13
1812 638 2016 696 decen-

704 735 1050 793 .novennalis
1079 734 1383 790 indictione
1414 730 1646 804 quarta.]

366 896 371 899 7
447 828 573 883 879.
640 827 695 883 2.
767 823 1057 896 [coccum]
1127 823 1437 878 Benedictus
1525 819 1625 875 103
1698 834 1839 890 papa
1896 821 2017 889 post

375 920 610 973 Petrum.

446 1005 573 1061 880.
612 1003 665 1060 3.
704 1001 1019 1074 [DCCCLvm]
1053 1000 1138 1072 (Α.
1186 1000 1346 1071 Aug.)
1398 997 1709 1057 Folcwinus
1746 996 1810 1028 ⁵⁸⁰
1846 995 2017 1053 abbas

376 1093 536 1150 obiit.
1393 1108 1400 1115 '

446 1180 572 1239 881.
613 1182 666 1237 4.
704 1181 974 1254 [DCCCLIX]
1022 1180 1107 1253 (.4.
1158 1180 1324 1252 Aug.)
1378 1176 1690 1237 Waldarins
1736 1175 1795 1207 ⁵⁸¹
1848 1175 2019 1231 abbas

374 1277 502 1342 post
538 1272 718 1342 ipsum
748 1272 1035 1328 successit.

445 1360 570 1415 882.
598 1360 652 1415 5.
692 1360 943 1432 [DCCCLx]
992 1358 1086 1431 (Α.
1126 1358 1283 1431 Aug.)
1335 1356 1683 1430 Meginradus
1730 1354 2019 1413 hieremita

377 1450 757 1523 martyrizatus
786 1455 890 1506 est.

445 1537 569 1594 883.
629 1538 682 1593 6.
743 1536 1015 1607 [DCCCLXI]
1086 1537 1248 1592 IIatto
1310 1535 1482 1591 abbas
1536 1532 1826 1591 Fuldensis
1881 1531 2021 1589 obiit

376 1618 556 1697 pridie
585 1627 715 1682 Idus
751 1627 977 1697 Aprilis.

2099 463 2428 532 susciperet,
2462 460 2821 516 nihilominus
2849 460 2969 516 sine
3008 458 3274 515 dilatione
3302 455 3539 513 veniret.
3582 456 3737 523 (nec.

2099 567 2188 608 an.
2229 549 2373 621 869.)
2415 549 2517 618 Qui
2566 563 2688 606 cum
2718 550 2945 605 Romam
2993 546 3353 620 pervenisset,
3394 544 3464 602 ab
3502 543 3739 600 Adriano

2097 655 2237 711 papa
2265 639 2570 697 honoriﬁce
2609 644 2899 709 susceptus
2946 642 3050 695 est.
3100 637 3202 705 Qui
3233 649 3356 692 cum
3395 649 3426 690 a
3476 648 3620 705 papa
3656 635 3741 691 in-

2097 735 2406 801 terrogatus
2471 732 2574 796 est,
2635 728 2682 784 si
2738 733 3000 798 precepta
3036 725 3213 782 sancti
3267 723 3526 791 Nicolai,
3578 724 3741 780 immo

2094 820 2244 876 beati
2271 819 2440 885 Petri,
2474 823 2529 874 et
2561 817 2945 888 jusjurandum
2971 815 3242 872 Dominici
3272 814 3528 884 corporis
3558 813 3744 870 obser-

2095 913 2268 979 varet,
2309 906 2598 977 respondit
2629 921 2688 962 se
2715 905 2793 961 ita
2821 906 3142 963 observasse
3177 902 3364 961 omnia
3390 916 3455 958 ac
3507 902 3556 958 si
3601 900 3744 957 divi-

2096 1000 2246 1057 nitus
2273 999 2382 1055 sibi
2420 1002 2606 1055 essent
2636 998 2921 1068 imperata.
2952 995 3112 1063 Quod
3159 995 3324 1053 etiam
3373 1007 3638 1066 proceres
3680 1007 3742 1049 ac

2099 1088 2394 1147 obtimates
2430 1088 2517 1145 sui
2564 1101 2689 1143 cum
2739 1100 2805 1142 eo
2840 1085 3401 1143 contestiﬁcaverunt.
3459 1082 3561 1141 Cui
3608 1096 3745 1153 papa

2099 1178 2275 1235 dixit:
2341 1196 2370 1230 «
2416 1179 2649 1248 Oportet
2709 1181 2763 1232 te
2822 1189 2976 1247 ergo,
3042 1174 3119 1231 ﬁli
3177 1173 3487 1241 karissime,
3548 1185 3747 1243 corpus

2098 1268 2303 1327 Christi
2361 1267 2649 1325 nobiscum
2701 1265 3056 1336 participare,
3098 1268 3158 1320 ut
3195 1277 3295 1334 per
3332 1262 3477 1320 hanc
3528 1261 3750 1332 partici-

2098 1357 2377 1428 pationem
2406 1356 2670 1413 membris
2697 1354 2921 1421 Christi,
2954 1353 3100 1409 unde
3130 1352 3384 1409 abscisus
3411 1350 3741 1419 videabaris,

2099 1448 2156 1504 in
2195 1460 2431 1516 corpore
2470 1446 2643 1503 inseri
2695 1444 2986 1503 merearis.
3035 1460 3065 1495 a
3096 1444 3245 1513 Papa
3280 1442 3492 1512 itaque,
3531 1445 3744 1499 cantata

2101 1536 2284 1606 missa,
2363 1535 2501 1591 hora
2575 1532 3093 1595 communicationis
3184 1532 3468 1602 accipiens
3549 1543 3749 1600 corpus

2101 1625 2306 1682 Christi
2346 1624 2405 1680 in
2442 1624 2695 1682 manibus
2732 1623 2870 1691 suis,
2908 1621 3049 1679 dixit
3078 1619 3379 1682 Lothario:
3429 1638 3460 1671 (ι
3509 1619 3566 1675 Si
3596 1620 3751 1675 inno-

446 1714 573 1769 884.
619 1716 674 1770 7.
720 1714 1016 1785 [uccccxn]
1069 1713 1282 1770 Thiodo
1339 1710 1510 1770 abbas
1563 1717 1689 1785 post
1726 1726 1847 1769 eum
1888 1705 2229 1773 suc-Bxins
2257 1730 2318 1772 es
2355 1730 2385 1771 a
2415 1714 2701 1785 predictis,
2734 1712 2986 1768 remissio
3024 1712 3097 1767 sit
3132 1711 3235 1767 tibi
3284 1710 3406 1767 haec
3452 1708 3753 1766 communi-

376 1804 543 1860 cessit
578 1802 738 1859 annis
772 1802 857 1856 13.

448 1891 571 1946 885.
606 1890 666 1946 8.
707 1890 1032 1961 [nccccxm]
1073 1890 1167 1962 (A.
1208 1892 1430 1962 Hiersf.)
1464 1889 1694 1947 Carolus
1731 1889 2026 1961 episcopus

375 1982 721 2054 Mogontinus
808 1980 963 2036 obiit.
1035 1980 1353 2037 Liutbertus
1410 1981 1705 2050 episcopus
1759 1978 2028 2036 successit

375 2071 447 2126 26
476 2072 654 2128 annis.

448 2163 679 2219 Sanctus
706 2159 966 2217 Nicolaus
987 2174 1133 2232 papa
1170 2158 1290 2214 104.

448 2249 572 2304 886.
612 2250 666 2304 9.
703 2247 1022 2322 [DCCCwa]
1063 2250 1151 2318 (Α.
1193 2248 1363 2319 Aug.)
1414 2248 1693 2309 Walterus
1744 2248 1804 2280 ‘8‘
1854 2248 2025 2309 abbas

376 2339 537 2396 obiit.
569 2341 752 2396 Hecco
784 2343 911 2409 post
941 2352 1065 2394 eum
1094 2337 1384 2395 successit.
1424 2336 1609 2409 (11126.)
1639 2337 1934 2394 Lothorins
1961 2336 2025 2366 ‘3’

373 2429 675 2499 imperator
702 2468 718 2497 ,
789 2428 939 2498 quod
1015 2427 1385 2497 Thietbirgam
1468 2427 1713 2497 reginam
1799 2439 2024 2481 uxorem

374 2516 699 2587 legittimam
737 2529 995 2572 recusare
1051 2514 1236 2584 vellet,
1295 2529 1459 2585 quam
1512 2527 1732 2570 exosam
1789 2514 2027 2569 habebat

376 2610 608 2676 propter
653 2603 1005 2660 Waldradam
1042 2617 1196 2659 suam
1249 2602 1636 2671 concubinam,
1676 2616 1858 2673 quam,
1901 2616 2024 2658 cum

374 2693 703 2765 adolescens
732 2697 897 2761 esset,
938 2692 995 2748 in
1036 2691 1202 2749 domu
1251 2698 1480 2763 paterna
1534 2692 1704 2749 nimio
1761 2690 2025 2763 diligebat

373 2795 581 2852 amore,
641 2795 753 2839 non
803 2796 969 2852 parva
1015 2796 1106 2838 res
1150 2782 1281 2838 inde
1328 2780 1394 2813 ’⁸⁸³
1440 2782 1642 2839 evenit.
1704 2783 1922 2838 Fratres
1959 2779 2024 2811 ’⁸⁸⁵

375 2886 507 2943 ergo
538 2872 744 2943 regina:
773 2869 880 2927 hoc
919 2870 987 2927 ad
1026 2870 1310 2927 Nicolaum
1349 2885 1546 2942 papam
1583 2873 1809 2927 Romam
1848 2870 2024 2927 dedu-

375 2966 534 3016 cunt.
608 2960 742 3015 Inde
808 2959 1068 3016 Nicolaus
1124 2974 1264 3030 papa
1320 2961 1608 3017 Arsenium
1678 2959 2020 3029 episcopum,

376 3047 776 3119 apocrisiarum
840 3052 897 3103 et
959 3047 1334 3103 consiliarium
1371 3061 1552 3116 suum,
1609 3048 1728 3105 vice
1798 3062 1896 3104 sua
1968 3039 2091 3103 inC

377 3137 663 3194 Franciam
729 3149 874 3192 anno
944 3137 1053 3193 isto
1119 3137 1340 3192 direxit.
1407 3137 1508 3204 Qui
1574 3151 1696 3193 cum
1763 3138 2025 3204 venisset,

382 3230 685 3283 convocato
726 3225 1114 3295 episcoporum
1147 3226 1444 3292 conventu,
1503 3230 1796 3296 antequam
1853 3226 2031 3297 proti-

381 3328 486 3372 nus
541 3314 904 3370 anathematis
956 3313 1142 3385 gladio
1199 3313 1478 3381 feriretur,
1517 3314 1846 3373 necessitate
1901 3330 2031 3372 con-

381 3404 607 3461 strictus
658 3402 972 3469 Lotharius,
1004 3402 1168 3459 vellet
1205 3403 1398 3471 nollet,
1442 3403 1686 3473 reginam
1736 3405 1795 3462 in
1842 3406 2030 3462 matri-

380 3493 625 3564 monium
670 3491 920 3562 recepit;
952 3491 1283 3562 interposito
1329 3491 1693 3562 jurisjurandi
1734 3488 2028 3563 sacriﬁcio,

376 3595 446 3638 ne
479 3595 599 3639 eam
651 3594 682 3636 a
718 3593 777 3636 se
824 3587 1128 3649 separaret,
1183 3594 1363 3650 neque
1418 3580 1540 3651 ipsa
1594 3581 1810 3639 vivente
1866 3584 2028 3641 aliam

378 3685 549 3742 super
578 3684 695 3727 eam
728 3669 1038 3726 induceret.
1069 3670 1176 3728 Sed
1216 3676 1409 3740 postea
1432 3672 1697 3741 ‘projecta
1728 3673 1938 3743 regina,
1973 3678 2030 3730 et

381 3760 677 3817 Waldrada
705 3773 807 3830 pro
847 3774 912 3816 ea
940 3760 1186 3828 inducta,
1235 3764 1458 3817 sanctus
1498 3760 1758 3819 Nicolaus
1801 3762 1837 3816 4
1883 3765 2024 3822 Non.

382 3848 667 3905 Februarii
695 3848 753 3903 in
793 3846 1175 3917 puriﬁcatione
1204 3855 1409 3905 sanctae
1441 3851 1645 3917 Mariae,
1678 3851 2026 3909 Waldradam

380 3936 746 3994 anathematis
811 3936 1085 3992 sententia
1144 3937 1212 3993 ab
1269 3939 1420 3995 omni
1479 3941 1766 3997 consortio
1821 3948 2027 3998 sancta:

381 4026 635 4082 ecclesiae
666 4024 1177 4088 excommunicavit.

449 4112 576 4172 890.
616 4113 700 4169 13.
739 4114 1091 4185 [DCCCvauI]
1143 4114 1227 4178 (Α.
1280 4115 1440 4187 Aug.)
1505 4110 1729 4175 Cometa
1764 4119 1881 4175 visa
1944 4124 2029 4176 est

383 4202 827 4260 manifestissime
866 4200 973 4258 hoc
1001 4214 1169 4261 anno.

450 4292 581 4349 891.
627 4292 713 4348 l4.
763 4291 1087 4364 [DOOCLXIX]
1137 4290 1226 4363 (Α.
1265 4293 1427 4366 Aug.)
1458 4252 1717 4361 ’Sanctus
1770 4296 2028 4356 Nicolaus

2108 1805 2290 1874 catio;
2323 1805 2408 1861 sin
2448 1808 2650 1872 autem,
2683 1815 3028 1874 nequaquam
3075 1814 3291 1857 sumere
3340 1812 3651 1871 presumas,
3688 1811 3752 1854 ne

2106 1893 2249 1952 forte
2289 1893 2359 1949 ad
2402 1892 2673 1964 judicium
2719 1895 2775 1947 et
2821 1889 3337 1948 condemnationem
3394 1888 3498 1944 tibi
3554 1900 3754 1958 perve-

2108 1984 2241 2040 niat.
2278 2002 2305 2036 »
2340 1984 2455 2039 Rex
2484 1986 2664 2039 autem
2721 1985 2916 2050 captus
2944 1985 3147 2046 mente,
3198 1978 3504 2035 obduratus
3550 1977 3755 2047 pariter

2108 2078 2163 2129 et
2230 2072 2564 2139 obcaecatus,
2633 2070 2842 2140 absque
2907 2068 3243 2126 retractione
3310 2065 3749 2124 communicavit.

2107 2163 2379 2232 Deinceps
2417 2174 2557 2232 papa
2604 2159 2673 2215 ad
2711 2173 2981 2228 sequaces
3016 2163 3072 2213 et
3118 2156 3365 2213 fautores
3410 2157 3560 2228 regis
3614 2155 3749 2212 dixit

2104 2251 2372 2322 singulis:
2423 2268 2451 2304 «
2491 2250 2546 2307 Si
2585 2250 2642 2305 in
2689 2248 2963 2304 adulterio
3002 2247 3254 2318 predicto
3305 2260 3429 2303 cum
3489 2259 3620 2317 rege
3658 2250 3749 2300 tuo

2107 2355 2219 2397 non
2250 2338 2689 2407 communicasii,
2730 2339 2853 2394 haec
2890 2336 3202 2393 communio
3250 2335 3503 2405 corporis
3547 2334 3746 2389 Christi

2107 2430 2180 2485 sit
2208 2429 2309 2485 tibi
2347 2427 2403 2483 in
2452 2428 2617 2484 vitam
2667 2433 2948 2485 atternam.
3001 2444 3030 2478 »
3086 2424 3279 2481 Nullus
3335 2427 3517 2480 autem
3549 2424 3607 2479 in
3644 2422 3745 2478 hoc

2106 2518 2316 2575 scelere
2373 2517 2490 2589 regi
2548 2517 2903 2573 consentiens
2962 2514 3075 2586 [qui
3129 2512 3211 2587 ⁵⁸⁸]
3284 2513 3740 2576 communicavit,

2108 2614 2233 2678 post
2261 2621 2460 2667 annum
2510 2606 2664 2665 vixit.
2700 2604 2993 2663 Lotharins
3046 2618 3177 2663 vero
3227 2603 3531 2674 imperator
3574 2605 3743 2659 Roma

2107 2711 2383 2768 egressus,
2415 2698 2610 2753 morbo
2640 2695 2961 2766 corripitur,
3021 2699 3077 2750 et
3132 2693 3459 2764 perveniens
3515 2693 3743 2748 Placen-

2104 2787 2235 2843 tiam
2266 2785 2733 2854 civitatem,-obiit
2766 2785 2801 2838 6
2846 2782 2976 2839 Idus
3017 2783 3267 2854 Augusti.
3320 2782 3452 2839 inde
3482 2783 3647 2838 etiam
3693 2787 3744 2837 et

2105 2877 2163 2933 in
2213 2876 2418 2948 populo
2486 2874 2791 2932 mortalitas
2848 2873 3081 2931 maxima
3134 2880 3257 2930 acta
3311 2876 3415 2930 est.
3475 2872 3634 2943 (ΡιΕθ.
3692 2887 3744 2926 a.

2109 2965 2266 3037 870.)
2300 2967 2469 3036 Cujus
2498 2979 2728 3036 regnum
2778 2964 3108 3022 Ludowicus
3163 2968 3220 3020 et
3275 2962 3511 3020 Karolns
3544 2962 3746 3027 senior,

2114 3056 2225 3115 duo
2255 3054 2454 3112 fratres
2485 3056 2623 3127 ejus,
2657 3055 2712 3113 in
2752 3053 2877 3113 loco
2906 3056 3153 3111 Marsana
3186 3055 3343 3124 juxta
3379 3055 3603 3120 Mosam,
3650 3066 3751 3109 una

2111 3160 2236 3201 cum
2266 3145 2594 3214 proceribus
2623 3150 2678 3201 et
2707 3143 3064 3203 obtimatibns
3100 3142 3165 3177 ⁸⁵⁸⁸
3201 3143 3338 3212 suis,
3369 3142 3547 3213 aequis
3584 3142 3752 3213 parti-

2112 3234 2217 3291 bus
2255 3233 2402 3291 inter
2454 3247 2515 3289 se
2556 3232 2883 3291 diviserunt.
2950 3233 3184 3291 Karolus
3247 3233 3318 3290 ad
3381 3232 3750 3291 Heristellium

2112 3323 2376 3393 perrexit,
2412 3323 2568 3392 cujus
2597 3321 2858 3392 palatium
2897 3322 2948 3378 ei
2978 3315 3276 3381 acuiderat.

2182 3413 2536 3467 Romanorum
2600 3410 2670 3465 82
2724 3411 3034 3467 Ludowicus
3098 3410 3267 3479 (148),
3341 3410 3480 3482 filius
3558 3410 3750 3468 Letha-

2108 3500 2179 3555 rii
2214 3498 2295 3554 uel
2324 3499 2605 3566 Ludowicz',
2648 3501 2884 3570 regnauit
2915 3501 3069 3558 annis
3107 3506 3356 3573 quatuor.

2182 3588 2308 3645 893.
2365 3587 2415 3645 1.
2478 3589 2796 3661 [DCCCLxxr]
2861 3591 3013 3661 (RBG.
3072 3592 3139 3647 Α.
3207 3591 3369 3664 Aug.)
3428 3590 3748 3648 Ludowicus

2108 3691 2239 3734 vero
2265 3677 2334 3735 ad
2371 3678 2542 3748 Aquis
2572 3678 2831 3749 palatium
2870 3679 3089 3737 redivit.
3139 3681 3322 3737 Hecco
3367 3679 3541 3736 abbas
3577 3680 3749 3742 obiit;

2110 3768 2341 3825 Ruadho
2371 3769 2658 3826 successit.

2179 3855 2304 3913 894.
2346 3856 2402 3911 2.
2462 3856 2800 3929 [coccum]
2859 3859 3130 3917 Adrianus
3160 3874 3306 3932 papa
3363 3857 3510 3915 obiit.
3551 3858 3751 3916 John-

2108 3960 2201 4001 nes
2237 3945 2336 3999 106
2357 3961 2506 4018 papa
2532 3947 2781 4005 successit
2809 3949 2961 4004 annis
2995 3947 3079 4003 12.

2180 4033 2305 4090 895.
2375 4035 2429 4092 3.
2510 4036 2865 4107 [DCCCLxxm]
2945 4034 3030 4108 (Α.
3106 4036 3265 4108 Aug.)
3329 4039 3449 4095 lctn
3514 4035 3750 4094 fulminis

2108 4125 2410 4180 Wormatia
2438 4126 2800 4183 comburitur.
2840 4125 3004 4203 (RBG.
3035 4143 3123 4183 an.
3154 4126 3284 4195 871,
3315 4127 3463 4199 872.)
3502 4128 3742 4185 Ludovi-

2109 4227 2207 4269 cus
2243 4212 2546 4282 imperator
2590 4216 2816 4271 Romam
2866 4217 3113 4285 veniens,
3171 4216 3361 4287 ibique
3419 4222 3739 4274 conventum

2112 4302 2401 4363 celebrans
2437 4317 2622 4360 coram
2669 4318 2808 4375 papa
2854 4306 3123 4373 Iohanne,
3163 4306 3454 4378 Adalgisns
3505 4307 3620 4364 dux
3654 4307 3745 4361 Be-

379 4397 521 4454 papa
559 4381 701 4440 obiit
752 4381 954 4438 81dus
1010 4383 1346 4443 Decembris.
1406 4385 1553 4444 lctus
1607 4384 1852 4445 fulminis
1906 4367 2486 4461 Kal.Dneventanus,
2553 4367 2850 4452 CreCorum
2916 4367 3369 4467 persuasionibus
3418 4402 3746 4466 corruptus,

377 4472 483 4529 Jul.
518 4472 656 4529 hora
700 4469 784 4525 10.

448 4560 576 4618 892.
614 4560 697 4617 15.
743 4559 1032 4631 [ococnxx]
1074 4562 1233 4627 (Rau.
1272 4576 1362 4619 an.
1412 4561 1561 4635 868.)
1600 4565 1871 4623 Adrianus
1925 4566 2026 4625 105

371 4666 518 4724 papa
545 4650 698 4706 anuis
725 4647 781 4703 3.
813 4648 1110 4706 Lothorins
1145 4653 1327 4706 autem
1365 4665 1492 4707 cum
1537 4653 1745 4711 audivit
1791 4662 2023 4713 mortem

376 4740 588 4798 Nicolai
626 4752 805 4811 papae,
847 4739 997 4796 misit
1033 4739 1101 4797 ad
1142 4753 1338 4810 papam
1367 4740 1687 4811 Adrianum,
1735 4758 1937 4816 rogans
1965 4751 2026 4803 ut

376 4845 501 4888 cum
547 4830 723 4902 gratia
778 4832 924 4886 enm'
957 4829 1321 4907 suscipisset._
1361 4831 1459 4888 Cui
1517 4846 1657 4903 papa
1713 4835 2028 4893 rescribens

377 4920 534 4989 dixit,
568 4920 616 4978 si
645 4934 705 4977 se
743 4920 1037 4977 immunem
1075 4920 1144 4975 ab
1174 4920 1409 4990 objectis
1447 4922 1714 4991 predictis
1745 4925 1934 4994 sciret,
1967 4931 2028 4983 ut

377 5009 446 5066 ad
490 5010 794 5082 appetitam
832 5008 1281 5067 benedictionem
1310 5010 1488 5069 sancti
1508 5012 1656 5069 Petri
1686 5016 2023 5087 perveniret;

2109 4487 2165 4538 et
2202 4488 2396 4545 contra
2423 4484 2779 4541 Ludowicum
2808 4487 3198 4556 imperatorem
3226 4500 3445 4542 manum
3493 4486 3745 4549 elevans,

2107 4586 2139 4627 a
2167 4576 2361 4630 senatu
2390 4577 2653 4644 tyrannus
2695 4579 2861 4645 atque
2900 4576 3076 4633 hostis
3122 4577 3202 4631 rei
3250 4575 3490 4645 publicas
3532 4574 3747 4647 procla-

2108 4667 2308 4731 matur,
2349 4663 2665 4736 bellumque
2731 4669 2924 4721 contra
2982 4679 3103 4722 eum
3155 4665 3497 4723 decernitur.
3540 4664 3748 4722 Thiodo

2109 4751 2279 4809 abbas
2343 4753 2635 4811 Fuldensis
2707 4754 2848 4812 obiit
2910 4754 2946 4807 7
3008 4754 3137 4811 Idus
3198 4758 3297 4827 Ag.
3368 4756 3624 4827 Sigehart
3684 4753 3750 4809 22

2111 4842 2291 4898 annis.

2115 4931 2261 5002 [00d.
2302 4932 2358 4988 tn
2402 4946 2594 5004 marg.,
2644 4933 2828 4991 Ciclus
2886 4933 2950 4987 19
3003 4933 3509 4993 decennovennalis
3563 4934 3751 5005 incipit

2728 5022 3033 5080 indictione
3058 5024 3135 5095 7.]

1732 5115 1957 5172 VARJ/E
2012 5113 2295 5178 LECTION
2299 5122 2396 5178 ES.

447 5206 513 5239 ⁴⁸⁰
541 5208 723 5264 desunt
750 5206 806 5263 2.
837 5207 951 5262 2“.
1026 5205 1087 5240 ‘9‘
1120 5208 1305 5265 desunt
1331 5208 1385 5265 2.
1413 5208 1499 5265 2*.
1573 5209 1639 5244 η’
1666 5213 1912 5272 Lothor’.
1951 5217 1999 5272 l.
2075 5216 2138 5249 ⁸⁸³
2175 5218 2326 5277 indie
2361 5220 2410 5276 1.

378 5293 502 5336 ann.
543 5280 845 5336 887—890.
922 5277 989 5311 ⁸⁸⁸
1011 5279 1154 5336 deest
1183 5281 1234 5334 l.
1308 5280 1375 5312 ⁴⁸⁶
1400 5282 1827 5343 obtimtimtibus
1860 5287 1908 5345 1.

2504 5219 2570 5253 ⁸⁸⁸
2597 5222 3388 5282 Fratres—excommunicavit
3414 5224 3615 5298 scriptu
3639 5226 3749 5281 sunt

451 5462 916 5559 ςξςιβλ-ξίξιινξξιξξιε
942 5468 1277 5528 Ludovicum
1315 5470 1704 5542 imperatorem
1743 5479 1798 5532 et
1832 5390 2166 5539 magis?
2189 5493 2372 5554 regem
2417 5494 2528 5541 non
2582 5489 2733 5542 recte
2780 5483 3068 5555 discernit,
3118 5483 3360 5559 ideoque
3419 5487 3576 5547 illum
3622 5481 3741 5545 huic

374 5538 709 5599 susceSSisse
739 5539 893 5595 dicit.
