4022 6160
198 258 296 318 773

1467 258 1870 321 CHRONICON.
1909 288 1981 303 -—-
2017 260 2141 319 LIB.
2182 259 2272 314 Ill.

3448 266 3555 329 774

260 389 385 444 896.
424 389 477 443 4.
521 390 863 461 [ncceuxxrv]
915 388 1106 462 (Rea)
1153 389 1483 447 Ludowicus
1528 389 2004 461 imperatorAtur
2031 385 2249 453 Balbus,
2280 398 2348 443 eo
2378 386 2527 456 quod
2566 386 2933 457 impeditioris
2960 393 3108 447 esset
3134 392 3362 465 eloquii,
3394 400 3554 459 anuis

194 493 342 536 cesar
368 478 541 535 Italiae
588 478 748 547 obiit,
799 485 854 535 et
900 478 1133 536 Karolus
1161 479 1349 536 senior
1376 494 1474 535 rex
1500 479 1687 536 Gallias
1718 482 1828 536 Ro-

192 583 325 629 mam
356 569 619 641 perrexit.

380 661 730 717 Romanorum
756 658 827 712 83
855 658 1092 716 Karolns
1119 660 1355 729 regnavit
1384 660 1535 716 annis
1562 660 1617 715 2.

255 745 381 802 897.
421 746 467 802 1.
506 747 841 817 [noccnxxv]
890 747 1078 819 (Rea)
1140 747 1374 804 Karolus
1420 762 1551 819 ergo
1599 749 1825 804 Romam

188 835 534 906 perveniens,
568 835 712 892 datis
757 836 994 892 Johanni
1044 851 1198 906 papae
1230 842 1285 892 et
1319 838 1580 893 Romanis
1616 836 1825 907 magnis

186 924 527 993 muneribus,
560 914 879 996 imperator
915 924 1093 982 factus
1128 932 1233 982 est.
1271 926 1462 999 (Rea)
1497 926 1825 984 Ludowicus

184 1028 299 1082 rex,
342 1014 513 1070 frater
559 1014 767 1081 Karoli,
808 1015 953 1085 apud
1004 1014 1368 1074 Franconfurt
1396 1017 1657 1087 palatium
1687 1016 1827 1073 obiit

181 1103 217 1156 5
263 1104 396 1162 Kal.
454 1104 785 1174 Septembr.,
841 1104 1200 1176 sepultusque
1247 1112 1332 1162 est
1376 1107 1433 1164 in
1492 1108 1825 1164 monasterio

181 1194 368 1250 Sancti
423 1193 635 1250 Nazarii
694 1196 1021 1263 Loraszam;
1080 1196 1175 1266 qui
1233 1210 1300 1251 ex
1356 1197 1548 1267 regina
1606 1196 1826 1253 nomine

96 1353 101 1359 μ
181 1284 408 1339 Hemina
474 1288 588 1339 tres
654 1281 796 1341 ﬁlios
859 1284 1071 1351 habuit,
1132 1284 1189 1341 id
1255 1290 1339 1341 est
1384 1285 1824 1354 Carlomannum,

179 1371 387 1429 Arnolﬁ
418 1376 651 1442 patrem,
711 1377 767 1429 et
801 1373 1152 1431 Ludowicum
1209 1373 1580 1444 Karoiumque
1633 1375 1825 1443 junio-

181 1476 319 1531 rem,
371 1468 562 1534 postea
612 1464 1022 1535 imperatorem.
1084 1463 1318 1521 Karolus
1364 1478 1495 1522 vero
1534 1465 1724 1521 senior
1772 1468 1827 1521 et

177 1550 484 1623 imperator
536 1552 766 1609 audiens
830 1561 1061 1612 mortem
1118 1552 1302 1610 fratris
1362 1555 1467 1621 sui,
1534 1555 1605 1611 ad
1660 1554 1829 1625 Aquis

180 1642 488 1721 palatium;
523 1648 578 1698 et
607 1643 702 1698 ubi
750 1644 941 1714 paucis
992 1644 1189 1701 diebus
1235 1650 1501 1712 moratus,
1550 1660 1618 1715 ap
1656 1645 1827 1702 Colo-

1911 476 2146 533 duobus.

1979 564 2106 621 900.
2165 564 2220 621 2.
2278 564 2673 636 [ncconxxvm]
2725 567 2908 639 (Rne.)
2970 569 3299 628 Ludowicus
3354 576 3552 635 Balbus

1909 656 2071 721 obiit,
2106 660 2217 711 tres
2246 655 2390 711 ﬁlios
2418 655 2756 726 relinquens,
2798 657 2959 728 duos,
2991 658 3046 715 id
3077 664 3161 716 est
3196 662 3552 723 Ludowicum

1911 750 1966 801 et
2014 744 2437 802 Carlomannum
2503 759 2569 800 ex
2622 746 2806 815 puella
2861 748 3081 805 nomine
3142 752 3410 823 Ansgrad,
3453 769 3553 825 pro

1910 849 2019 906 qua
2058 835 2354 891 interdicta
2391 850 2422 891 a
2459 835 2655 894 Carolo
2689 843 2842 907 patre
2884 853 3006 908 suo,
3038 840 3168 909 quia
3203 841 3324 899 sine
3363 847 3553 902 consi-

1910 924 1986 980 lio
2016 939 2117 981 suo
2157 925 2409 981 uxoravit
2447 939 2586 993 eam,
2646 932 2804 996 pater
2850 928 2958 985 sibi
3015 943 3240 987 uxorem
3286 933 3551 993 Adalheid

1910 1014 2236 1083 conjunxit;
2269 1029 2394 1084 quae
2442 1021 2570 1084 post
2618 1022 2850 1072 mortem
2895 1018 2998 1075 viri
3037 1021 3228 1090 genuit
3255 1022 3424 1080 tilium
3455 1038 3557 1084 no—

1909 1104 2055 1158 mine
2084 1103 2202 1171 Avi,
2261 1103 2318 1158 id
2376 1108 2460 1160 est
2518 1105 2797 1162 Karolum.
2856 1106 3092 1178 Eclipsis
3148 1109 3303 1180 solis,
3359 1112 3395 1167 4
3432 1114 3550 1171 Kal.

1909 1193 2233 1250 Novembris
2270 1193 2357 1262 (A.
2398 1195 2584 1266 Aug.).

1982 1283 2281 1349 [Iohannes
2310 1282 2370 1314 δ⁹¹
2403 1298 2544 1354 papa
2574 1284 2703 1341 dum
2741 1300 2843 1356 pro
2874 1288 3201 1358 quibusdam
3231 1295 3554 1364 oppressio-

1910 1372 2073 1428 nibus
2120 1372 2445 1429 eclesiarum
2502 1373 2558 1428 in
2616 1376 2807 1432 Partes
2854 1376 3148 1436 Galliarum
3194 1396 3339 1439 anno
3377 1383 3551 1443 incar.

1908 1460 2033 1530 878,
2074 1461 2190 1517 ind.
2250 1462 2333 1528 l2,
2374 1461 2410 1516 3
2456 1461 2587 1517 idus
2633 1466 2731 1535 Ag.
2764 1464 3020 1522 sinodum
3057 1467 3122 1522 31
3166 1472 3554 1542 episcoporum

1910 1551 1967 1607 in
1998 1551 2200 1608 eclesia
2228 1552 2413 1607 Sancti
2451 1552 2599 1609 Petri
2629 1552 2909 1611 Tricasina
2938 1554 3042 1626 ⁴⁹².]
3298 1620 3301 1623 _

1979 1643 2329 1697 Romanorum
2377 1639 2447 1693 84
2502 1642 2739 1711 regnavit
2783 1644 3020 1699 Karolus
3062 1646 3248 1715 junior
3292 1648 3357 1681 ⁸9³
3402 1653 3555 1709 annis

177 1731 326 1788 niam
356 1732 487 1791 inde
525 1736 610 1789 est
647 1731 948 1802 profectus.
999 1732 1395 1790 Carlomannus
1430 1747 1583 1802 vero,
1616 1734 1824 1804 primo-
1846 1727 1980 1785 B10
2006 1735 2124 1801 post
2146 1731 2371 1802 primum
2408 1730 2675 1787 introitum
2713 1732 2824 1804 ejus
2851 1734 2907 1788 in
2935 1733 3172 1791 Italiam.

175 1821 401 1893 genitus
428 1820 733 1889 Ludowici,
766 1822 903 1878 ﬁnes
948 1821 1120 1878 Italiae
1160 1823 1404 1892 intravit,
1436 1824 1565 1893 quia
1595 1823 1827 1879 Karoius

174 1912 370 1968 senior
404 1910 535 1967 inde
586 1909 818 1968 recedit.
871 1912 1103 1969 Karolus
1146 1918 1348 1980 autem,
1399 1912 1569 1969 frater
1598 1915 1735 1983 ejus,
1768 1914 1825 1969 in

172 1999 426 2058 Almania
454 2001 792 2059 morabatur.
824 2003 997 2059 Porro
1022 2002 1371 2069 Ludowicus,
1390 2001 1484 2073 qui
1515 2001 1583 2057 ad
1614 2003 1823 2058 obitum

174 2091 354 2160 patris
408 2090 531 2160 luit,
591 2091 736 2162 apud
785 2090 1204 2159 Franconafurt,
1247 2091 1607 2162 principalem
1638 2092 1824 2148 sedem

173 2180 467 2237 orientalis
523 2182 700 2252 regni,
768 2182 1067 2238 residebat.
1122 2182 1223 2249 Qui
1282 2195 1505 2251 quoque
1564 2181 1824 2237 Karoium

173 2269 457 2325 seniorem
495 2269 687 2325 Sidus
715 2271 939 2325 Octobr.
982 2269 1129 2325 bello
1160 2269 1215 2324 in
1249 2282 1389 2340 pago
1431 2270 1741 2341 Meginense
1762 2269 1824 2299 “7

174 2357 404 2413 nomine
434 2356 715 2427 Ripuaria,
748 2372 858 2412 non
908 2357 1070 2428 longe
1122 2356 1189 2411 ab
1232 2357 1556 2413 Andrenaco
1596 2358 1824 2413 castello

166 2446 332 2514 juxta
362 2446 596 2513 Renum,
629 2453 963 2516 pugnantem
1008 2444 1079 2497 50
1107 2446 1343 2514 amplius
1372 2445 1594 2501 milibus
1631 2452 1839 2502 contra;

174 2550 262 2600 se,
299 2534 597 2604 superavit.
631 2532 837 2591 Deinde
866 2539 983 2590 tres
1018 2533 1216 2589 fratres
1254 2535 1309 2589 in
1340 2534 1465 2590 loco
1497 2535 1591 2605 qui
1622 2535 1825 2592 dicitur

170 2622 431 2679 Sualifelt
496 2623 642 2680 inter
704 2638 763 2680 sc
842 2638 1069 2695 regnum
1135 2628 1422 2694 paternum
1498 2625 1821 2681 diviserunt.

167 2712 575 2768 Carlomannus
630 2715 955 2785 Bajoariam,
1007 2714 1363 2779 Pannoniam,
1415 2714 1711 2770 Carnutum
1770 2720 1824 2771 et

169 2815 348 2873 regna
386 2801 703 2859 Sclavorum
748 2803 1201 2872 Behemensium;
1255 2803 1583 2861 Ludowicus
1631 2805 1821 2861 orien-

167 2890 339 2947 talem
406 2891 711 2960 Franciam,
769 2890 1141 2962 Thuringiam,
1210 2892 1519 2960 Saxonlam,
1580 2895 1821 2949 Fresiam

1979 1818 2105 1876 901.
2155 1820 2202 1875 l.
2268 1820 2621 1891 [nccouxrx]
2685 1821 2773 1893 (Α.
2842 1824 3000 1895 Aug.)
3050 1824 3284 1882 Karolus
3341 1828 3552 1900 junior,

1908 1908 2053 1967 ﬁlius
2118 1909 2419 1977 Ludowici,
2481 1910 2690 1968 italiam
2759 1913 2995 1982 primum
3075 1915 3318 1983 intravit,
3386 1916 3555 1974 frater

1906 1999 2179 2057 Carlmani
2209 1999 2273 2032 ⁵⁸⁸
2311 2004 2367 2057 et
2404 2001 2707 2058 Ludowici.

1978 2089 2104 2146 902.
2138 2091 2192 2145 2.
2231 2090 2563 2161 [DCCCLxxx]
2621 2092 2808 2163 (ΒΕΘ.)
2842 2094 3005 2161 Boso,
3046 2109 3339 2165 germanus
3368 2097 3552 2155 Karoli

1907 2179 2164 2245 senioris,
2196 2192 2468 2249 occupare
2502 2194 2729 2251 regnum
2769 2182 2972 2250 nitens,
3013 2198 3044 2238 a
3074 2184 3201 2239 ﬁliis
3239 2185 3390 2243 Balbi
3421 2200 3551 2255 per-

1908 2272 2132 2323 secutus
2169 2272 2225 2323 et
2253 2267 2472 2339 fugatus
2508 2271 2566 2324 in
2596 2270 2705 2325 vita
2734 2285 2853 2327 sua.

1978 2355 2104 2411 903.
2145 2356 2199 2412 3.
2246 2357 2601 2428 [DCCCLxxxI]
2665 2358 2852 2430 (Rem)
2918 2359 3316 2417 Carlomannus
3379 2363 3553 2432 major

1907 2460 2004 2502 rex
2046 2448 2331 2517 Bajoariae,
2374 2452 2530 2517 pater
2583 2448 2810 2514 Arnolﬁ,
2872 2448 3011 2505 obiit
3050 2449 3270 2519 paralisi
3318 2451 3353 2503 7
3407 2453 3549 2508 Non.

1906 2535 2101 2605 April.,
2153 2537 2508 2606 sepultusque
2567 2541 2651 2592 est
2690 2538 2970 2608 Hodingas
3016 2536 3072 2592 in
3105 2540 3338 2613 Bajoria.
3372 2540 3553 2596 Ludo-

1907 2624 2077 2679 wicus
2124 2639 2273 2692 vero,
2323 2624 2491 2681 frater
2528 2627 2668 2695 ejus,
2736 2627 3029 2696 possidens
3084 2642 3240 2685 suum
3298 2642 3547 2699 regnum,

1907 2712 2182 2769 concessit
2210 2712 2435 2770 Arnolfo
2465 2716 2847 2783 Carantanum,
2881 2715 3030 2785 quod
3061 2716 3113 2772 ei
3151 2722 3308 2785 pater
3336 2716 3549 2786 pridem

1906 2802 2080 2858 dedit.

1973 2890 2102 2946 904.
2155 2892 2191 2945 4
2251 2891 2633 2963 [noecuxxu]
2697 2892 2885 2965 (Rem)
2951 2893 3186 2950 Karolus
3234 2894 3425 2965 junior
3479 2894 3548 2951 de

166 2980 222 3035 et
283 2984 498 3050 partem
564 2980 718 3052 regni
796 2981 1082 3049 Lothorli;
1151 2982 1380 3037 Carolus
1424 2981 1723 3045 Almanlam
1765 2978 2148 3053 et_Almanla
2205 2994 2480 3052 egressus,
2536 2982 3137 3053 Langobardorumque
3186 2982 3324 3039 ﬁnes
3372 2984 3551 3053 possi-

166 3069 388 3141 aiiquas
416 3070 667 3127 civitates
706 3085 773 3127 ex
802 3085 974 3142 regno
1018 3071 1258 3127 Lotharll
1300 3073 1494 3127 tenuit.

234 3158 371 3215 898.
412 3159 465 3215 2.
504 3160 853 3231 [DCCCLXXVI]
891 3160 1080 3232 (ΗΕΘ.)
1148 3160 1376 3217 Carolus
1425 3165 1607 3217 autem
1637 3162 1815 3232 impe-

163 3253 322 3306 rator
380 3251 606 3307 Romam
663 3250 909 3331 secundo
968 3250 1249 3321 profectus
1307 3256 1409 3318 est,
1470 3257 1524 3307 et
1573 3253 1641 3307 ab
1682 3252 1817 3308 urbe

164 3341 342 3396 Roma
376 3340 433 3394 in
479 3338 740 3396 Bracham
803 3352 1074 3406 reversus,
1134 3341 1336 3397 Bosonl
1383 3353 1642 3412 germano
1691 3354 1814 3410 suo,

164 3426 467 3485 Richiildis
510 3428 715 3499 reginaa
764 3427 894 3499 [ﬁlio
944 3427 1052 3495 “3],
1092 3427 1466 3500 irmigardam,
1498 3428 1663 3485 ﬁliam
1701 3430 1814 3485 Lu-

166 3514 376 3573 dowici
433 3517 802 3587 imperatoris,
861 3532 984 3573 cum
1034 3517 1266 3572 maxima
1321 3516 1497 3589 gloria
1545 3519 1815 3587 uxoravit,

164 3606 439 3677 deditque
487 3607 538 3663 ei
594 3606 975 3674 Provinciam;
1009 3610 1064 3661 et
1093 3619 1299 3661 corona
1351 3606 1519 3676 capiti
1561 3607 1680 3676 ejus
1708 3607 1815 3663 im-

166 3697 374 3765 posita,
406 3709 590 3766 regem
632 3710 756 3752 eum
798 3696 963 3766 jussit
1011 3694 1296 3766 appellari.
1331 3695 1398 3751 Et
1426 3693 1553 3750 inde
1584 3695 1818 3753 evolutis

74 3763 104 3853 7
138 3763 370 3855 {diebus
400 3763 612 3855 paucis,
660 3763 885 3855 Papiam
927 3763 1255 3855 ingreditur.
1307 3786 1369 3839 in
1418 3798 1524 3855 qua
1555 3797 1678 3840 cum
1707 3799 1816 3856 pu-

164 3873 371 3930 blicam
418 3884 533 3930 rem
590 3873 931 3930 disnoneret.
982 3878 1209 3930 repente
1266 3873 1585 3929 nunciatum
1635 3878 1718 3929 est
1766 3873 1816 3929 ei

242 3886 371 3931 cam
418 3886 533 3930 rem
590 3886 931 3945 disponeret,
982 3886 1209 3945 repente
1266 3886 1585 3929 nuncnatum
1635 3886 1718 3929 est
1766 3888 1794 3929 Θ

162 3965 587 4022 Carlomannum
641 3974 764 4021 cum
822 3964 1033 4036 ingenti
1091 3968 1424 4020 armatorum
1464 3963 1816 4020 multitudine

164 4055 655 4127 Langobardorum
712 4068 881 4126 regna
938 4054 1219 4110 introisse.
1281 4052 1381 4122 Qui
1430 4066 1555 4110 mox
1612 4067 1815 4125 pavore

163 4145 404 4213 solutus,
470 4145 752 4203 Ticianum
817 4138 881 4175 “9
954 4144 1268 4215 Padumque
1354 4143 1691 4214 pertransiit,
1761 4147 1814 4199 et

161 4249 380 4291 summo
419 4235 614 4291 annisu
653 4235 709 4289 in
748 4232 946 4291 Callias
985 4234 1296 4304 repeditare
1350 4234 1655 4290 contendit.
1706 4233 1813 4290 Sed

166 4325 488 4403 priusquam
553 4324 768 4396 Alpium
844 4324 1208 4394 preminentia
1276 4324 1407 4395 juga
1471 4328 1809 4395 angustaque

1840 3048 2059 3136 Cdens,
2128 3070 2185 3124 in
2241 3048 2432 3139 paucis
2465 3048 2687 3127 diebus
2723 3074 2895 3127 totam
2952 3048 3165 3126 italiam
3221 3048 3459 3142 accepit,
3492 3078 3552 3129 et

1901 3159 2128 3214 Romam
2159 3158 2507 3229 perveniens,
2556 3173 2586 3214 a
2636 3174 2776 3229 papa
2803 3159 3052 3217 Iohanne
3092 3166 3148 3217 et
3177 3164 3372 3218 senatu
3401 3160 3551 3219 favo-

1901 3247 2152 3302 rabiliter
2180 3253 2441 3317 acceptus
2480 3254 2535 3303 et
2582 3261 2705 3303 cum
2753 3262 2947 3321 magna
2976 3249 3153 3321 gloria
3191 3250 3317 3306 oleo
3356 3262 3553 3307 conse-

1900 3341 2054 3393 crato
2086 3343 2307 3400 unctus,
2329 3336 2632 3407 imperator
2660 3343 2901 3395 creatur.

1970 3426 2096 3482 905.
2129 3427 2183 3481 5.
2223 3426 2622 3496 [θοοοωίιχιιι]
2663 3427 2858 3496 (Rea)
2916 3427 3244 3483 Ludowicus
3288 3442 3405 3496 rex,
3440 3428 3549 3486 fra-

1900 3520 1986 3570 ter
2014 3515 2386 3585 imperatoris,
2420 3515 2559 3570 obiit
2596 3513 2996 3570 Frauconai‘urt
3059 3514 3125 3568 l3
3154 3517 3383 3572 Kalend.
3416 3522 3551 3589 Sep-

1901 3604 2125 3671 tembr.,
2166 3602 2524 3674 sepultusque
2564 3608 2649 3658 est
2680 3604 2939 3659 Lorozam
2989 3603 3045 3658 in
3078 3605 3334 3673 cenobio,
3368 3606 3461 3661 ubi
3492 3615 3549 3663 et

1898 3698 2057 3765 pater
2086 3692 2225 3762 ejus.
2284 3698 2291 3703 '
2775 3729 2784 3738 -

1969 3781 2095 3836 906.
2165 3782 2218 3837 6.
2284 3780 2670 3853 [DCCCLXXXIV]
2738 3776 2928 3855 mea.)
2998 3782 3346 3852 Ludowicus,
3403 3784 3548 3841 ﬁlius

1901 3871 2073 3939 Balbi,
2108 3870 2248 3927 obiit
2295 3870 2440 3941 apud
2488 3872 2745 3927 Sanctum
2774 3869 3099 3936 Dlonlsium,
3133 3870 3227 3929 ubi
3258 3878 3313 3928 et
3341 3874 3547 3944 sepul—

1900 3966 2007 4017 tus.
2040 3961 2207 4031 Cujus
2245 3973 2472 4032 regnum
2502 3958 2919 4028 Carlomannus,
2969 3959 3139 4016 frater
3187 3963 3326 4032 ejus,
3367 3968 3542 4021 tenet.

1898 4051 2172 4108 Bertuifus
2210 4051 2557 4108 Trevirorum
2598 4051 2893 4125 episcopus
2940 4051 3080 4107 obiit
3134 4051 3169 4104 4
3220 4051 3349 4109 ldus
3379 4052 3540 4111 Febr.

1896 4144 1993 4199 Cui
2032 4141 2301 4199 successit
2357 4139 2657 4198 Rabbodus
2695 4142 2730 4195 6
2778 4140 2906 4198 ldus
2951 4141 3175 4212 Aprilis,
3227 4142 3323 4213 qui
3381 4145 3544 4200 etiam

1894 4230 2274 4291 Ruodbertum
2315 4229 2639 4301 episcopum
2677 4230 2937 4289 Metensis
2967 4230 3219 4286 ecclesia}
3250 4244 3543 4289 consecra-

1896 4324 1973 4379 vit
2019 4322 2081 4376 10
2110 4319 2338 4376 Kalend.
2363 4320 2487 4375 Mai.

167 4385 372 4468 itinera
405 4385 723 4485 attingeret,
757 4385 1083 4485 aegritudine
1132 4385 1403 4480 tunditur,
1437 4412 1504 4468 de
1536 4385 1643 4483 qua
1674 4385 1808 4484 pro-
1829 4385 1879 4442 Β
1966 4409 2094 4464 907.
2123 4410 2178 4465 7.
2217 4407 2586 4479 [Dcccnxxxv]
2628 4407 2876 4464 Marinus
2913 4406 3010 4460 107
3033 4419 3199 4479 papa.

169 4502 319 4558 tinus
362 4502 396 4556 2
437 4505 579 4560 Non.
638 4503 863 4559 Octobr.
934 4503 1094 4559 obiit.
1148 4503 1315 4571 Cujus
1353 4515 1556 4571 corpus
1611 4500 1695 4557 sui
1755 4502 1811 4556 in

165 4589 375 4648 feretro
406 4598 560 4648 extra
606 4593 817 4649 italiam
864 4592 1219 4659 levaverunt;
1252 4588 1350 4646 sed
1380 4591 1452 4645 ob
1481 4588 1809 4645 intolerabi-

165 4680 269 4737 lem
299 4681 555 4739 i'oetorem
604 4684 723 4754 ejus
777 4680 1045 4754 compulsi
1094 4684 1222 4736 sunt
1270 4678 1405 4734 illud
1448 4686 1609 4735 terra:
1653 4692 1809 4735 com-

164 4772 448 4828 mendare.
503 4773 634 4830 Post
690 4776 871 4831 autem
928 4772 1240 4842 aiiquantos
1290 4782 1466 4826 annos
1522 4782 1645 4825 ossa
1693 4769 1812 4839 ejus

160 4863 429 4919 translata
493 4868 641 4932 sunt,
702 4868 758 4919 et
813 4862 1053 4919 Parisius
1119 4863 1175 4918 in
1234 4860 1569 4917 monasterio
1633 4858 1809 4917 sancti

157 4952 395 5010 Dionisii
424 4953 731 5011 honoriﬁce
762 4952 996 5023 sepulta.

220 5041 352 5098 899.
413 5043 463 5098 l.
530 5042 897 5115 [neccnxxvn]
968 5040 1159 5113 (ΗΕΘ.)
1228 5040 1359 5096 Post
1423 5034 1488 5069 ‘9‘
1552 5038 1809 5094 Carolum

157 5134 410 5205 regnavit
452 5133 597 5190 ﬁlius
634 5134 754 5203 ejus
780 5130 1127 5199 Ludowicus,
1160 5130 1255 5200 qui
1282 5130 1448 5186 etiam
1485 5128 1807 5200 appellaba-

1965 4496 2089 4552 908.
2130 4497 2184 4554 8.
2232 4497 2627 4568 [DCCCLXXXVI]
2672 4494 2867 4568 (REG.)
2922 4495 3337 4564 Carlomannus,
3397 4497 3541 4553 illius

1893 4586 2068 4656 Balbi,
2118 4586 2278 4653 obiit,
2331 4592 2387 4643 et
2442 4587 2691 4657 sepultus
2739 4585 2885 4658 apud
2939 4586 3197 4643 Sanctum
3236 4585 3539 4642 Dlonlsium

1894 4692 2017 4733 cum
2049 4676 2215 4733 fratre
2247 4680 2302 4733 et
2331 4691 2451 4733 avo.

1964 4766 2090 4821 909.
2122 4766 2176 4819 9.
2240 4765 2649 4839 [ncchxxxvn]
2707 4763 2900 4837 (Rem)
2938 4761 3202 4836 Agapitus
3245 4763 3346 4819 108
3368 4780 3538 4838 papa.

1894 4857 2126 4913 Karolus
2157 4856 2459 4926 imperator
2487 4867 2723 4925 corpore
2744 4858 2799 4910 et
2828 4854 3010 4909 animo
3042 4854 3211 4924 coepit
3242 4860 3535 4926 aegrotare.

1891 4950 2074 5004 Mense
2139 4945 2435 5003 Novembri
2510 4945 2658 5001 circa
2714 4943 3004 5000 transitum
3079 4944 3256 5003 sancti
3325 4944 3541 5001 Martini

1892 5036 2152 5093 Triburas
2198 5035 2447 5104 veniens,
2507 5038 2836 5090 conventum
2893 5038 3180 5091 convocat.
3221 5030 3373 5091 Tunc
3411 5046 3541 5091 cer-

1893 5132 2090 5185 nentes
2148 5124 2441 5182 obtimates
2514 5123 2670 5195 regni
2734 5121 3126 5193 imperatorem
3192 5137 3305 5181 non
3370 5123 3536 5182 modo

1514 5332 1739 5389 VARle
1800 5329 2184 5387 LECTIONES.

234 5494 299 5526 “7
332 5491 615 5550 moinense
652 5493 706 5547 2.
747 5488 858 5546 2“.
936 5486 1001 5521 “8
1029 5486 1170 5542 deest
1214 5484 1259 5537 1.
1338 5482 1400 5517 “9
1430 5486 1578 5554 tege:
1619 5486 1888 5541 Ticinum.
1966 5483 2030 5514 “0
2060 5485 2429 5539 Romanorum
2458 5482 2583 5551 post
2608 5477 2664 5534 2.
2740 5476 2798 5509 “9'
2831 5477 2887 5533 in
2913 5490 3081 5548 marg.
3114 5477 3297 5537 desunt
3324 5480 3379 5536 2.
3418 5480 3532 5536 2“.

164 5566 228 5598 δ”
257 5567 513 5623 tritasina
546 5565 617 5621 1?
686 5563 751 5599 m
780 5568 903 5618 cum
937 5558 1186 5616 distortis
1214 5556 1469 5613 cruribus
1488 5556 1613 5612 add.
1646 5555 1701 5610 3.

1780 5554 1843 5590 ³⁸⁸
1873 5555 2099 5611 carlmui
2137 5553 2183 5611 ι.
