4022 6160
174 307 263 360 777

1421 305 1830 365 CHRONICON.

1868 333 1938 344 —
1976 305 2102 359 LIB.
2145 303 2235 358 ΙΙΙ.
3401 305 3508 361 778

228 429 340 486 926.
379 429 436 486 5.
481 429 650 501 [cam]
696 429 884 501 (Βκα.)
930 430 1114 487 Focho
1155 431 1449 486 Remorum
1488 431 1782 501 episcopus
1803 442 1855 500 Α
1946 428 2072 484 940.
2111 429 2168 483 7.
2215 425 2468 499 [cuxvm]
2511 425 2686 496 Huogi
2735 424 2906 482 abbas
2951 426 3240 485 Fuldensis
3278 432 3416 488 obiit
3453 434 3509 489 6.

164 535 191 576 a
223 518 448 590 quodam
487 520 724 575 satellite
773 519 1022 575 Balduini
1061 520 1300 584 comitis,
1345 521 1565 575 nomine
1606 521 1785 576 Wini-

165 621 318 674 maro,
350 608 569 664 occisus
615 615 718 664 est.
771 608 868 663 Cui
908 608 1175 664 successit
1215 607 1495 674 lleriveus,
1538 609 1786 678 quicum

163 698 332 754 multis
370 697 494 752 aliis
531 697 810 767 episcopis
847 698 1080 753 eundem
1111 698 1468 752 Winimarum
1502 713 1602 767 pro
1633 705 1786 756 tanto

163 787 355 842 scelere
395 794 662 858 perpetuo
701 787 1044 842 anathemate
1077 787 1586 843 excommunicavit.

225 874 344 929 927.
385 875 439 930 6.
470 903 475 906 -
505 875 655 946 [om]
701 877 887 946 meo.)
929 876 1274 942 Ludowicus,
1319 877 1462 932 ﬁlius
1519 878 1784 946 Bosonis,

161 965 245 1036 qui
282 965 512 1020 sortitus
541 973 624 1020 est
662 978 861 1020 nomen
909 967 1278 1035 imperatoris,
1319 968 1670 1037 Berngarium
1719 968 1786 1023 de

159 1052 297 1109 italia
337 1053 642 1124 expellens,
669 1061 841 1110 totum
870 1055 1004 1110 illud
1041 1070 1267 1126 regnum
1291 1057 1557 1126 possidet.
1589 1058 1687 1124 Qui
1720 1058 1788 1113 de

158 1143 446 1198 securitate
488 1158 829 1213 presumens,
862 1144 1114 1200 absoluto
1147 1146 1412 1212 exercitu,
1446 1161 1567 1201 cum
1602 1148 1790 1216 paucis

157 1234 415 1288 Veronam
454 1233 736 1303 ingressus
789 1240 893 1300 est,
951 1234 1277 1290 adhortante
1331 1235 1604 1291 Adalardo
1661 1251 1788 1305 prc-

157 1321 310 1376 dictze
378 1322 617 1377 civitatis
683 1323 966 1392 episcopo.
1037 1323 1192 1390 Quod
1233 1338 1354 1378 cum
1397 1325 1544 1379 cives
1581 1339 1790 1379 summa

154 1409 497 1466 festinatione
546 1412 861 1482 Berngario,
896 1412 990 1480 qui
1038 1420 1168 1467 tunc
1209 1413 1261 1466 in
1313 1413 1557 1482 Bajoaria
1597 1414 1788 1468 exula-

158 1499 264 1565 bat,
294 1500 682 1568 promittentes
702 1507 756 1555 et
779 1509 964 1569 portas
1003 1501 1239 1556 civitatis
1267 1502 1371 1556 sibi
1413 1503 1614 1570 aperiri
1658 1516 1791 1571 pro-

153 1588 511 1657 nunciantes;
546 1589 895 1645 Ludowicum
936 1590 1262 1660 Berngarius
1303 1604 1472 1658 reguo
1505 1591 1793 1660 oculisque

151 1676 416 1744 privans,
488 1691 715 1748 regnum
777 1678 948 1734 Italiae
1009 1680 1269 1734 obtinuit.
1309 1681 1414 1734 Leo
1477 1679 1596 1733 121.
1649 1695 1796 1750 papa

154 1763 328 1820 diebus
358 1766 450 1822 57.

213 1853 340 1910 928.
412 1855 470 1912 7.
535 1856 704 1926 {cum}
767 1856 954 1926 (Bne)
1015 1857 1337 1912 Cuonradus
1391 1872 1596 1923 comes,
1639 1865 1794 1926 pater

148 1944 423 2000 Cuonradi
456 1946 716 2013 junioris,
756 1945 809 2001 3.
853 1946 949 2000 Kal
981 1947 1155 2001 Martii
1197 1947 1342 2003 bello
1400 1947 1673 2003 occiditur
1737 1947 1793 2001 in

147 2032 356 2100 Hessia,
393 2034 448 2089 in
481 2034 604 2090 loco
656 2036 751 2105 qui
799 2036 1003 2090 dicitur
1051 2036 1328 2104 Friteslar,
1389 2037 1456 2091 ab
1496 2036 1793 2092 Adalberto

149 2121 372 2176 comite.
432 2123 636 2178 Eodem
703 2137 847 2178 anno
887 2138 1073 2179 mense
1139 2125 1267 2179 Julii
1335 2124 1662 2180 Ludowicus
1699 2138 1795 2178 rex

147 2218 478 2267 conventum
547 2213 860 2283 generalem
927 2213 1227 2269 celebravit
1301 2215 1447 2283 apud
1515 2214 1798 2269 Triburias

142 2298 268 2354 villa
306 2303 484 2372 regia,
518 2308 572 2356 et
601 2302 655 2356 in
687 2310 869 2357 castro
919 2303 1065 2371 quod
1120 2304 1349 2357 Terasso
1398 2303 1602 2358 dicitur
1649 2304 1796 2358 obsi-

141 2385 311 2444 dione
354 2389 529 2444 cinxit
565 2389 940 2454 Adalbertum,
983 2398 1038 2445 et
1084 2390 1377 2445 decollavit
1404 2391 1458 2444 5.
1500 2393 1628 2447 ldus
1664 2394 1798 2461 Sep~

135 2477 400 2531 tembris.
443 2476 842 2546 Chrisiophorus
887 2476 1004 2530 122.
1032 2493 1177 2547 papa
1205 2477 1464 2532 mensibus
1492 2479 1546 2533 4.

207 2562 346 2616 929.
384 2563 437 2618 8.
476 2563 666 2634 [omn]
720 2563 805 2632 (A.
838 2564 996 2633 Aug.)
1036 2567 1270 2633 Bajoarii
1318 2567 1386 2620 ab
1427 2567 1678 2637 Ungariis
1715 2569 1799 2623 in-

136 2651 522 2708 teriiciuntur.
581 2653 801 2724 Sergius
865 2653 981 2708 123.
1021 2655 1155 2710 sedit
1213 2656 1366 2711 annis
1409 2656 1464 2725 7,
1523 2672 1688 2712 mens.
1742 2657 1797 2724 3,

145 2740 257 2795 dies
299 2739 392 2794 16.

213 2827 346 2884 930.
409 2826 464 2883 9.
512 2828 724 2902 [CMVIII]
788 2831 872 2900 (A.
932 2829 1092 2902 Aug.]
1134 2832 1356 2903 Ungarii
1411 2833 1698 2889 Saxoniam
1748 2840 1802 2890 et

149 2917 468 2988 Turingiam
507 2925 741 2974 vastant.

215 3004 344 3060 931.
414 3006 498 3060 10.
563 3006 738 3076 [cum]
800 3005 884 3076 (A.
953 3008 1115 3080 Aug.)
1152 3008 1375 3078 Ungarii
1427 3009 1800 3066 Alamanniam

147 3100 380 3149 vastant.

213 3182 341 3237 932.
381 3181 469 3238 11.
517 3183 671 3255 [oux]
716 3185 800 3255 (A.
832 3184 999 3258 Aug.)
1047 3186 1242 3242 Franci
1289 3185 1357 3241 ab
1403 3186 1656 3258 Ungariis
1702 3191 1794 3243 aut

152 3273 316 3328 occisi
350 3280 487 3328 sunt
514 3273 599 3330 vel
637 3272 828 3344 fugati.

214 3361 340 3416 933.
393 3361 480 3417 l2.
519 3362 692 3433 [cui]
738 3364 823 3428 (A.
854 3363 1016 3433 Aug.)
1057 3362 1382 3419 Ludowicus
1410 3378 1507 3420 rex
1539 3365 1696 3432 obiit,
1738 3370 1796 3420 et

149 3450 476 3506 Cuonradus
506 3451 561 3506 in
603 3465 784 3522 regem
825 3451 1084 3507 elevatur.

216 3541 573 3596 Romanorum
600 3539 690 3594 87.
720 3541 956 3610 regnauit
985 3539 1293 3596 Cuonradus
1320 3541 1490 3595 annis.
1521 3541 1576 3596 7.

156 3626 291 3697 [ϐοά.
333 3631 391 3686 in
455 3644 648 3699 marg.,
699 3630 882 3686 Ciclus
925 3629 1016 3683 21.
1064 3629 1563 3685 decennovennalis
1600 3628 1797 3700 incipit

755 3719 1060 3774 indictione
1092 3717 1193 3787 15.]

216 3805 339 3860 934.
378 3808 430 3863 l.
484 3806 675 3878 [cmxu]
705 3805 792 3876 (A.
821 3806 1022 3878 Hers/Z)
1056 3807 1218 3861 Hattu
1248 3805 1545 3876 episcopus
1573 3807 1796 3877 Mogon-

153 3896 292 3953 tinus
347 3897 516 3954 obiit.
568 3897 865 3968 Herigerus
914 3896 1201 3963 successit,
1263 3896 1423 3951 annis
1465 3894 1549 3961 l4,
1591 3895 1794 3951 mensi-

152 3983 245 4040 bus
281 3987 335 4041 6.
1057 4041 1062 4047 .

215 4074 340 4129 935.
382 4076 442 4132 2.
495 4076 713 4146 [cuxm]
771 4075 860 4147 (A.
926 4078 1088 4145 Aug.)
1145 4076 1368 4146 Ungarii
1421 4074 1791 4131 Alamanniam

152 4169 377 4233 vastant,
413 4170 477 4221 et
500 4166 654 4235 juxta
684 4166 778 4220 1na
807 4165 1008 4220 ﬂumen
1037 4178 1068 4219 a
1108 4164 1371 4232 Bajoariis
1399 4173 1455 4219 et
1481 4163 1796 4220 Alamannis

153 4254 316 4310 occisi
343 4260 502 4311 sunt.

1868 518 1997 574 Idus
2052 519 2177 573 Jun.
2247 515 2510 572 Hclmlrid
2568 515 2835 570 successit
2887 530 3032 572 anno
3087 517 3133 572 1.
3197 519 3284 585 (A.
3340 523 3506 594 Aug.)

1868 608 2194 664 Cuonradus
2231 622 2327 662 rex
2384 606 2524 661 obiit
2585 603 2664 659 10.
2728 605 2958 662 Kalend.
3022 608 3287 675 Januarii,
3329 613 3511 680 sepul-

1870 705 2068 768 tusque
2117 705 2200 754 est
2258 699 2312 753 in
2355 697 2524 753 Fulda
2582 698 2915 754 monasterio
2967 701 3118 769 juxta
3159 699 3330 758 altare
3373 702 3512 774 [san—

1870 795 1972 842 ctae
2011 786 2088 857 δοδ]
2123 787 2333 843 Crucis.

1941 879 2289 932 Romanorum
2318 875 2406 930 88.
2437 876 2673 943 regnavit
2702 876 2981 932 Heinricus
3010 879 3160 934 annis
3196 877 3276 936 17.

1939 965 2067 1018 941.
2106 964 2151 1022 l.
2199 963 2412 1036 [caxxxx]
2457 963 2718 1020 Helmfrid
2751 965 2920 1021 abbas
2957 967 3096 1023 obiit
3143 968 3198 1024 8.
3248 970 3375 1026 ldus
3411 973 3512 1030 De-

1873 1055 2050 1110 ccmb.

1941 1143 2071 1196 942.
2112 1142 2164 1196 2.
2204 1141 2396 1212 [cuxx]
2440 1134 2647 1197 Ila’icho
2677 1143 2847 1198 abbas
2871 1147 3137 1202 successit
3175 1151 3332 1204 annis
3368 1151 3420 1205 6.

1943 1231 2064 1284 945.
2108 1233 2160 1285 5.
2200 1230 2451 1300 [cmxxui]
2496 1231 2584 1302 (A.
2624 1232 2784 1301 Aug.)
2815 1235 3252 1293 Pretiosissimus
3290 1240 3514 1296 thesau-

1875 1336 1970 1377 rus
2012 1321 2293 1391 sanguinis
2333 1320 2543 1374 Domini
2582 1323 2732 1376 venit
2784 1324 2837 1376 in
2877 1327 3100 1395 Augiam
3141 1327 3193 1382 6.
3237 1329 3364 1385 ldus
3411 1332 3513 1386 No-

1874 1413 2132 1467 vembris.
2178 1413 2338 1466 Forte
2370 1411 2462 1465 ille
2501 1412 2744 1480 sanguis,
2794 1416 2888 1482 qui
2939 1415 3005 1470 de
3045 1418 3278 1488 imagine
3318 1405 3520 1476 Christi

1875 1503 2238 1566 conﬂuxerat,
2272 1515 2392 1555 cum
2424 1515 2454 1554 a
2482 1500 2672 1555 Judeis
2710 1503 3023 1570 patiebatur
3074 1506 3262 1562 eadem
3303 1523 3427 1578 quae
3467 1515 3522 1566 et

1876 1594 2138 1649 Dominus
2178 1605 2369 1660 passus
2395 1591 2461 1644 ab
2502 1590 2599 1643 eis.

1947 1681 2072 1734 947.
2106 1681 2160 1735 7.
2215 1679 2442 1749 [cmxxv]
2496 1679 2664 1734 Ilaico
2717 1679 2888 1736 abbas
2944 1681 3232 1740 Fuldensis
3287 1685 3426 1741 obiit
3463 1685 3518 1740 4.

1806 1767 1854 1824 B
1877 1771 1971 1826 Kal
2003 1769 2170 1824 Junii.

1947 1859 2072 1913 948.
2116 1857 2166 1909 8.
2226 1856 2479 1927 [cmxxvx]
2538 1858 2624 1922 (A.
2685 1856 2841 1925 Aug.)
2883 1858 3208 1915 Hiltibertus
3245 1861 3415 1917 abbas
3452 1863 3520 1918 ad

1877 1947 2100 2003 Fuldam
2141 1947 2408 2001 successit
2447 1947 2604 2000 annis
2655 1946 2707 2000 4.
2771 1948 2990 2017 Ungarii
3047 1947 3111 1978 ⁵⁰⁹
3150 1957 3316 2005 totam
3360 1953 3525 2006 Fran-

1877 2036 2035 2102 ciam,
2094 2037 2388 2101 Alsatiam,
2455 2035 2677 2091 Galliam
2743 2041 2799 2090 et
2853 2037 3223 2094 Alamanniam
3287 2040 3411 2111 igne
3472 2049 3528 2098 et

1876 2126 2062 2197 gladio
2101 2134 2332 2180 vastant.

1948 2214 2074 2267 949.
2116 2214 2170 2266 9.
2233 2211 2506 2282 [cmxxvu]
2567 2212 2864 2282 Herigerus
2927 2215 3222 2286 episcopus
3262 2218 3526 2288 Mogonti-

1879 2317 1983 2358 nus
2013 2302 2153 2357 obiit
2195 2301 2421 2356 Kalend.
2465 2303 2796 2356 Decembris.

1951 2391 2073 2444 950.
2126 2390 2206 2445 10.
2273 2390 2581 2462 [csrxxvm]
2629 2391 2955 2446 lliltibertus
3011 2393 3180 2448 abbas
3239 2393 3528 2450 Fuldensis

1880 2480 2148 2534 successit
2178 2480 2335 2533 annis
2372 2479 2424 2545 9,
2461 2480 2740 2534 mensibus
2777 2478 2830 2534 5.
2891 2481 2987 2535 Cui
3028 2483 3294 2537 successit
3349 2483 3526 2538 llada—

1882 2582 2064 2622 marus
2094 2569 2262 2622 abbas
2293 2569 2488 2622 tertius
2517 2567 2580 2597 ³¹⁰
2610 2569 2856 2622 decimus
2883 2570 2948 2623 ad
2981 2570 3203 2625 Fuldam
3234 2571 3393 2626 annis
3431 2571 3520 2627 28.

1887 2655 2031 2724 [Cod.
2072 2657 2128 2710 in
2173 2670 2364 2724 marg,
2407 2656 2589 2710 Ciclus
2640 2656 2728 2719 22,
2773 2657 3272 2714 decennovennalis
3328 2659 3525 2730 incipit

2488 2744 2792 2799 indictione
2839 2746 2914 2815 4.]

1954 2831 2080 2885 953.
2129 2831 2212 2886 13.
2285 2832 2539 2903 [CMXXXI]
2602 2834 2891 2890 Heinricus
2929 2849 3024 2890 rex
3071 2850 3254 2908 regem
3311 2838 3528 2896 Obrito-

1884 2935 2003 2976 rum
2043 2928 2098 2976 et
2126 2923 2585 2976 Nortmannorum
2628 2923 2796 2979 etiiclt
2834 2925 3184 2982 christianos.

1953 3012 2057 3064 Leo
2096 3010 2155 3041 ⁸¹¹
2192 3025 2336 3080 papa
2361 3011 2620 3066 mensibus
2655 3013 2710 3067 7.

1816 3092 1860 3152 Ο
1955 3098 2082 3153 954.
2121 3098 2202 3153 14.
2242 3099 2518 3170 [cuxxxn]
2553 3101 2643 3170 (A.
2677 3103 2852 3173 Aug.)
2882 3103 3184 3175 Stephanus
3213 3104 3276 3138 ⁸¹¹
3307 3105 3462 3162 annis
3486 3106 3523 3160 2

1879 3187 2138 3243 mensibus
2166 3189 2220 3242 2.

1947 3277 2072 3333 956.
2112 3276 2193 3330 16.
2232 3276 2526 3348 [cuxxxrv]
2563 3278 2650 3349 (A.
2699 3280 2860 3351 Aug.)
2903 3283 3123 3352 Ungarii
3171 3283 3239 3338 ab
3279 3285 3524 3340 exercitu

1875 3367 2022 3435 regis
2061 3365 2304 3420 Heinrici
2342 3367 2512 3421 occisi
2550 3373 2678 3421 sunt
2723 3375 2777 3422 et
2815 3369 2970 3424 multi
3010 3385 3231 3440 quoque
3279 3385 3346 3426 ex
3385 3372 3519 3441 ipsis

1875 3455 2260 3522 comprehensi
2289 3461 2437 3507 sunt.

1946 3541 2072 3595 957.
2129 3541 2212 3594 17.
2259 3539 2526 3610 [cmxxxv]
2566 3543 2797 3596 Joannes
2833 3542 2891 3574 ⁵¹¹
2939 3542 3058 3598 126.
3101 3544 3164 3576 ⁸¹²
3195 3561 3344 3617 papa
3380 3561 3518 3602 men-

1873 3629 2016 3685 sibus
2040 3628 2094 3683 4.

1947 3717 2072 3770 958.
2113 3716 2194 3770 18.
2245 3716 2539 3786 [cuxxxvr]
2583 3716 2910 3773 Hiltibertus
2965 3720 3260 3790 episcopus
3299 3723 3520 3793 Mogon-

1878 3807 2027 3861 tinus
2058 3805 2216 3860 obiit.
2257 3804 2312 3859 2.
2345 3804 2442 3859 Kal
2471 3806 2594 3859 Jun.
2631 3805 2909 3862 Fridricus
2937 3811 3206 3865 successit
3241 3811 3303 3863 17
3339 3812 3517 3867 annis.

1878 3895 1968 3965 (A.
2027 3892 2186 3964 Aug.)
2247 3893 2539 3948 Heinricus
2577 3908 2673 3949 rex
2712 3894 2850 3950 obiit
2885 3897 2941 3949 7.
2994 3897 3057 3928 ¹⁶¹³
3093 3899 3233 3954 Non.
3272 3899 3422 3967 Juli;
3467 3906 3520 3955 et

1876 3986 2026 4050 Otto,
2066 3983 2211 4038 ﬁlius
2248 3985 2386 4053 ejus,
2418 3983 2475 4037 in
2505 3997 2733 4054 regnum
2773 3987 3149 4043 constituitur.

1947 4075 2050 4128 Leo
2107 4071 2166 4104 '“
2231 4071 2351 4126 127.
2410 4071 2474 4103 ⁸¹⁸
2506 4088 2650 4143 papa
2716 4076 2869 4130 annis
2925 4074 2978 4142 3,
3021 4076 3280 4132 mensibus
3317 4078 3372 4145 6,
3415 4079 3522 4133 die-

1877 4162 1976 4218 bus
2020 4163 2100 4218 10.

1949 4255 2302 4308 Romanorum
2337 4251 2425 4305 89.
2494 4252 2730 4321 regnauit
2779 4253 2898 4309 Otto
2965 4258 3118 4309 annis
3180 4255 3270 4308 36.
3337 4259 3522 4311 mensi-

219 4341 344 4399 936.
383 4344 440 4399 3.
491 4342 699 4414 [cmxrv]
743 4341 835 4414 (A.
872 4343 1034 4413 Aug.)
1065 4341 1290 4411 Hiemps
1318 4355 1510 4412 magna
1548 4342 1712 4397 nimis
1741 4347 1796 4397 et
1881 4341 1975 4397 bus
2018 4340 2100 4395 10.

156 4426 342 4485 durus.
376 4432 463 4500 (A.
495 4432 665 4502 Aug.)
706 4433 1026 4488 Anastasius
1050 4431 1112 4461 ⁸⁰⁷
1143 4431 1295 4486 annis
1340 4431 1396 4497 2,
1450 4431 1707 4486 mensibus
1736 4419 1858 4486 2.D
1948 4428 2072 4484 959.
2122 4429 2168 4483 1.
2215 4427 2519 4498 [cumvn]
2578 4429 2669 4498 (A.
2710 4429 2870 4500 Aug.)
2921 4429 3247 4485 Monasteria
3303 4436 3521 4486 sancto-

220 4516 344 4573 937.
385 4521 444 4576 4.
493 4520 678 4592 [cmv]
723 4519 814 4593 (cf.
850 4523 920 4576 A.
951 4521 1154 4591 Her-sf.)
1195 4520 1416 4589 Ungarii
1455 4525 1625 4574 totam
1668 4520 1799 4575 Ala-

155 4609 423 4667 manniam
468 4610 594 4682 igne
632 4617 689 4666 et
725 4610 910 4683 gladio
948 4615 1004 4664 et
1059 4608 1370 4679 Turingiam
1427 4613 1662 4675 vastant,
1702 4623 1802 4664 ve-

154 4697 367 4754 nientes
396 4714 578 4770 usque
609 4701 676 4756 ad
708 4699 952 4756 Fuldam.

219 4785 344 4843 938.
385 4789 444 4844 5.
507 4788 720 4859 [cum]
782 4787 870 4859 (A.
932 4789 1090 4857 Aug.)
1147 4785 1461 4857 Erchanger
1497 4792 1553 4841 et
1590 4787 1799 4842 Bertolt

151 4871 411 4933 decollati
452 4884 600 4933 sunt.
643 4877 828 4932 Laudo
853 4891 998 4948 papa
1028 4873 1286 4930 mensibus
1312 4874 1366 4929 5.

218 4963 349 5022 939.
400 4967 458 5021 6.
512 4965 747 5038 [cuxvn]
798 4964 888 5037 (A.
935 4966 1096 5036 Aug.)
1145 4963 1367 5034 Ungarii
1408 4977 1507 5033 per
1545 4963 1798 5018 Alaman-

153 5051 292 5110 niam
332 5055 391 5110 in
425 5055 685 5112 Alsatiam
734 5061 790 5111 et
827 5070 1001 5126 usque
1059 5054 1127 5110 ad
1167 5054 1304 5109 ﬁnes
1356 5053 1510 5123 regni
1551 5052 1799 5108 Lotharii

150 5147 442 5200 venerunt.
476 5143 742 5201 Johannes
765 5159 909 5216 papa
956 5144 1108 5199 anuis
1149 5141 1234 5209 14,
1283 5140 1541 5197 mensibus
1585 5140 1639 5208 2,
1687 5141 1797 5196 die-

153 5226 327 5289 bus3.

1883 4532 2002 4574 rum
2042 4519 2375 4580 Scottorum,
2433 4517 2608 4570 sancti
2675 4517 2809 4572 Galli
2876 4523 2930 4572 et
2995 4519 3168 4572 sancti
3234 4517 3517 4584 Bonifacii,

1883 4608 2008 4678 igne
2065 4610 2480 4662 consumuntur.
2532 4606 2754 4675 Ungarii
2793 4620 2893 4675 per
2948 4606 3244 4661 orientales
3281 4608 3523 4662 Francos

1883 4702 1938 4751 et
2001 4695 2395 4762 Alamanniam,
2454 4694 2641 4749 multis
2679 4695 3000 4750 civitatibus
3047 4697 3172 4766 igne
3230 4702 3285 4751 et
3337 4695 3520 4766 gladio

1884 4783 2243 4852 consumptis,
2280 4784 2435 4852 juxta
2473 4783 2826 4837 Wormatiam
2869 4785 3020 4838 Beno
3054 4784 3304 4850 transito,
3347 4798 3521 4854 usque

1881 4874 1949 4929 ad
1989 4887 2136 4927 mare
2176 4885 2440 4926 oceanum
2501 4885 2727 4943 regnum
2765 4871 3427 4938 Galliaedevastaverunt,
3469 4881 3525 4928 et

1883 4975 1982 5031 per
2021 4960 2226 5016 Italiam
2257 4959 2558 5014 redierunt.

1953 5049 2079 5104 960.
2139 5049 2190 5102 2.
2261 5047 2597 5119 [cmxxxvm]
2641 5047 2728 5116 (A.
2770 5050 2930 5120 Aug.)
2970 5052 3095 5106 Otto
3155 5050 3224 5106 de
3264 5051 3528 5120 Bajoariis

1879 5139 1981 5194 sibi
2024 5136 2410 5192 resistentibus
2448 5136 2630 5190 rediit.
2667 5138 2856 5192 Frater
2895 5139 3012 5206 ejus
3060 5138 3351 5194 Heinricus
3381 5152 3525 5194 com-

1881 5227 2186 5298 prehensus
2243 5231 2327 5281 est
2378 5225 2446 5280 ab
2505 5225 2844 5282 Eberhardo.
2905 5227 3004 5282 lllo
3043 5233 3223 5283 autem
3267 5227 3529 5310 liberato,

1507 5327 1734 5382 VARle
1787 5326 2069 5381 LECTlON
2075 5324 2172 5378 ES.

219 5425 285 5498 fw
315 5442 462 5498 papa
497 5427 618 5483 122.
650 5433 702 5484 et
728 5429 805 5484 ita
823 5427 881 5482 in
906 5439 1029 5498 καί]

153 5495 334 5553 νειαιᾱ
371 5495 425 5554 1“.
518 5500 582 5531 ⁵³⁸
611 5504 738 5555 tert.
777 5499 823 5555 1.

1037 5468 1049 5480 .
1080 5423 1134 5480 2.
1166 5424 1250 5480 2*.
1344 5421 1409 5455 ⁸⁸⁸
1437 5423 1580 5480 deest
1615 5424 1635 5477 l
1662 5430 1684 5480 *Ρ
1776 5422 1841 5456 ⁸⁰⁹
1867 5423 1979 5479 hac

916 5489 1063 5552 Μῖνι
1097 5494 1144 5549 1.
1175 5495 1228 5550 hi
1252 5509 1408 5566 papw
1435 5495 1490 5549 in
1525 5497 1760 5566 margine
1797 5511 1851 5551 a.
1890 5489 2220 5566 9514958._
2245 5489 2534 5566 leguniufi
2570 5491 2623 5566 in

2022 5424 2263 5494 primum
2283 5418 2355 5474 ad
2402 5435 2456 5474 α.
2505 5417 2610 5494 958
2665 5419 2840 5494 (935).
2890 5423 3087 5494 scripta
3125 5429 3274 5479 erant
3301 5425 3391 5478 sed.
3430 5424 3528 5478 huc

2711 5531 2723 5544 .
2775 5508 2827 5548 α.
2878 5493 3007 5548 951.
3051 5494 3176 5550 956.
3222 5495 3348 5548 957.
3397 5493 3522 5550 958.

155 5563 216 5598 ⁸⁸³
243 5568 499 5627 CXXVI].
529 5569 584 5625 2.
614 5570 700 5638 2*,
731 5571 818 5643 qui
844 5583 941 5626 suo
961 5567 1144 5625 ordine
1166 5559 1408 5639 pefgu'nt.
1483 5565 1548 5599 ⁸⁸⁸
1575 5559 1724 5635 lege:
1757 5568 1844 5622 γι.
1919 5565 1984 5597 ⁵³⁸
2011 5564 2165 5622 CXX.
2205 5561 2252 5618 1.
2285 5561 2556 5619 CXXVIII.
2588 5559 2643 5616 2.
2675 5561 2759 5620 2'.

332 5675 576 5736 Panos.
604 5676 848 5736 CXLVII.

3246 5670 3320 5729 25
