4022 6160
581 329 686 380 783

651 450 806 506 1039.
844 452 1040 521 [mxvu]
1079 450 1160 505 15.
1201 449 1542 520 [Benedictus
1577 447 1694 501 120.
1723 446 1922 519 papa.]

651 541 804 596 1042.
870 539 1023 611 [axx]
1091 539 1172 594 18.
1233 538 1560 594 Benedictus
1617 552 1786 608 papa,
1846 544 2100 607 presente
2168 545 2222 592 et

574 631 830 686 audiente
861 631 1117 685 Heiurico
1149 630 1498 698 imperatore,
1523 627 1799 683 Richardo
1831 629 1992 682 etiam
2025 626 2220 682 abbate

574 721 692 776 viro
724 719 1187 782 reverentissimo,
1221 716 1369 772 sedis
1411 717 1586 771 sancti
1635 715 1911 783 Bonifatii,
1948 715 2219 785 publicam

575 811 810 865 cantavit
857 808 1070 862 missam
1123 806 1499 876 apostolorum
1543 807 1778 876 Philippi
1819 813 1874 860 et
1909 806 2099 860 Jacobi
2129 820 2221 860 su-

575 914 672 968 per
691 900 860 953 altare
883 903 936 953 et
955 894 1434 951 sancti'Bonifatii.
1460 941 1470 951 .
1495 940 1508 954 .
1558 895 1622 926 ⁸⁸⁵
1643 897 1698 950 in
1739 896 1905 950 Fulda
1939 896 2056 951 Kal.
2093 897 2216 950 Mai.

650 986 802 1040 1043.
860 985 1043 1056 [MXXI]
1091 984 1172 1038 19.
1223 985 1605 1040 Erkaubaldus
1651 986 1949 1055 episcopus
1996 987 2220 1056 Mogon-

571 1077 718 1130 tinus
749 1075 887 1130 obiit
931 1075 1012 1127 16.
1047 1074 1163 1129 Kal.
1199 1076 1348 1144 Sept.

648 1164 800 1218 1044.
855 1164 1058 1233 [srxxn]
1114 1164 1202 1219 20.
1252 1164 1420 1219 Aribo
1467 1163 1733 1219 successit
1779 1166 2074 1234 episcopus
2113 1178 2219 1219 an-

566 1253 652 1309 nis
689 1252 743 1319 9,
779 1254 1057 1308 mensibus
1086 1252 1139 1305 6.

643 1342 796 1396 1045.
855 1342 1078 1412 [nixxm]
1130 1341 1220 1396 21.
1277 1341 1542 1413 [Eclipsis
1581 1341 1644 1373 ⁵³⁸
1690 1343 1824 1398 solis
1881 1343 2016 1399 hora
2072 1355 2216 1397 nona

563 1446 733 1488 verno
775 1431 1078 1501 tempore]

641 1519 796 1574 1046.
853 1520 1060 1590 [mxxw]
1109 1519 1198 1574 22.
1253 1521 1584 1576 Benedictus
1631 1535 1769 1590 papa
1819 1521 1956 1576 obiit
1991 1521 2046 1574 7.
2088 1521 2216 1575 ldus

566 1609 742 1679 April.
781 1611 1072 1664 Ileinricus
1122 1609 1421 1678 imperator
1467 1611 1605 1666 obiit
1652 1611 1703 1663 2.
1755 1610 1881 1665 Idus
1926 1610 2076 1676 Julii,
2117 1625 2209 1664 se-

565 1701 858 1770 pultusque
916 1707 999 1754 est
1057 1698 1431 1768 Bambergw.
1493 1699 1755 1754 Iohannes
1799 1716 1940 1771 papa
2002 1699 2215 1770 [Johan-

563 1803 653 1844 nes
690 1787 809 1841 121.
837 1787 1020 1858 papa.)

632 1880 981 1932 Romanorum
1009 1875 1100 1929 93.
1125 1877 1360 1943 regnavit
1383 1877 1710 1942 Cuonradus,
1735 1880 1974 1933 Francus
2003 1893 2210 1944 genere,

560 1969 714 2022 annis
751 1966 833 2018 15.

636 2055 791 2110 1047.
831 2055 1020 2125 [δίκῃ]
1059 2053 1108 2110 1.

636 2143 791 2198 1048.
831 2143 1034 2214 [uxxw]
1069 2144 1121 2198 2.

637 2233 797 2303 [Cod.
830 2233 884 2288 in
911 2248 1108 2302 marg.,
1141 2233 1324 2289 Ciclus
1351 2233 1442 2300 27,
1476 2235 1976 2290 decennovennalis
2013 2236 2210 2306 incipit

1171 2322 1475 2378 indictione
1513 2322 1601 2394 9.]

634 2412 787 2466 1050.
825 2411 1082 2481 [mxxvm]
1115 2411 1168 2466 4.
1208 2410 1352 2480 [Ego
1390 2410 1454 2442 ⁵³⁸
1495 2412 1659 2467 miser
1688 2413 1959 2468 Marianus
1990 2413 2046 2468 in
2079 2428 2204 2482 pec-

559 2502 697 2557 catis
727 2500 810 2555 fur
831 2501 885 2554 in
916 2501 1022 2555 hoc
1047 2513 1192 2554 anno
1224 2501 1437 2570 natus]

634 2587 788 2642 1053.
826 2588 1040 2658 [mxxxrl
1071 2588 1125 2642 7.
1158 2588 1327 2643 Aribo
1360 2589 1654 2658 episcopus
1691 2590 2037 2658 Mogontiuus
2067 2590 2205 2645 obiit

555 2676 692 2733 feria
720 2676 774 2730 3.
805 2675 860 2730 8.
894 2676 1022 2731 ldus
1048 2676 1223 2744 April.

634 2765 792 2819 1054.
843 2765 1093 2834 [κλωπ]
1145 2764 1198 2818 8.
1251 2767 1482 2820 Sanctus
1519 2765 1697 2821 Bardo
1743 2768 2008 2821 successit
2045 2768 2204 2824 annis

552 2854 651 2922 20,
713 2855 966 2910 baculum
1023 2853 1078 2908 3.
1139 2854 1258 2909 Kal.
1316 2855 1442 2910 Juni
1499 2854 1588 2910 die
1648 2862 1998 2924 pentecostes
2057 2857 2201 2912 acci-

551 2957 728 3012 piens.

630 3029 782 3086 1055.
848 3029 1107 3100 [uxxxm]
1150 3031 1204 3085 9.
1269 3030 1461 3099 [Bardo
1507 3029 1572 3060 ⁸³³
1629 3031 1923 3102 episcopus
1978 3032 2046 3086 ab
2101 3035 2200 3088 Jo-

1988 321 2269 377 MARIANI
2309 323 2536 377 SCOTTI

2241 446 2536 505 Aomnino
2565 446 2634 502 ad
2664 445 2945 502 Coloniam
2981 445 3134 500 vivus
3158 443 3400 499 venisset
3428 443 3496 499 de
3545 449 3710 501 curte
3754 447 3952 516 episco-

3863 323 3951 376 784

2305 551 2407 605 pus
2454 536 2767 608 Piligrinus.
2822 537 2888 591 Et
2935 537 3010 590 ita
3065 533 3329 589 Dominus
3394 533 3740 603 complevit;
3809 541 3946 608 atque

2305 625 2487 680 Helias
2518 625 2628 682 duo
2660 625 2994 681 monasteria
3028 623 3294 694 regnavit.

2381 714 2533 768 1059.
2589 714 2863 785 [uxxxvu]
2926 713 3008 767 13.
3059 713 3358 782 Piligrinus
3395 711 3460 742 '”
3511 713 3825 784 episcopus
3864 718 3942 772 Co-

2302 803 2567 860 loniensis
2596 804 2734 860 obiit
2780 804 2835 857 8.
2887 803 3004 858 Kal.
3047 804 3199 872 Sept.
3244 801 3616 857 Herimannus
3667 804 3941 875 episc0pus

2301 895 2568 949 successit
2597 895 2756 949 annis
2788 892 2874 946 l9.
2919 893 3096 964 [Bwn
3125 890 3191 922 W‘
3220 892 3516 962 episcopus
3545 892 3941 964 Wirziburgen-

2299 984 2376 1038 sis
2413 983 2603 1055 obiit.]
2657 984 2888 1038 Sanctus
2936 982 3390 1051 archiepiscopus
3427 981 3638 1048 Bardo,
3694 987 3936 1052 presenti

2299 1073 2553 1127 Conrado
2601 1072 2954 1142 imperatore,
3005 1070 3310 1126 indictione
3357 1069 3412 1136 5,
3454 1078 3662 1139 quarto
3712 1071 3809 1128 die
3845 1073 3942 1128 ldus

2299 1163 2614 1229 Novembr.,
2667 1161 2801 1218 feria
2849 1175 3071 1231 quoque
3123 1161 3354 1231 quinta,
3403 1161 3458 1215 in
3509 1175 3624 1231 qua
3675 1161 3820 1218 feria
3854 1166 3945 1218 crio

2299 1253 2433 1306 sima
2465 1251 2528 1282 ⁵⁸⁸
2568 1259 2928 1307 consecratur
2967 1258 3024 1306 et
3063 1249 3232 1306 multa
3270 1250 3433 1305 etiam
3481 1257 3685 1306 sancta
3728 1257 3788 1306 et
3829 1252 3942 1307 bona

2299 1354 2468 1410 Opera
2520 1341 2899 1411 perficiuntur,
2943 1341 2998 1394 in
3047 1354 3155 1409 qua
3189 1339 3440 1408 equidem
3475 1339 3753 1396 dominus
3786 1349 3942 1397 noster

2295 1433 2497 1487 Jhesus
2546 1431 2798 1487 Christus
2846 1431 2900 1485 in
2951 1443 3154 1500 corpus
3195 1443 3353 1484 suum
3394 1443 3594 1500 panem
3638 1439 3700 1486 et
3741 1433 3801 1486 in
3843 1445 3943 1488 san-

2297 1521 2520 1592 guinem
2572 1535 2729 1575 suum
2759 1521 2943 1575 vinum
2995 1519 3156 1574 nobis
3201 1519 3589 1585 sanctiﬁcavit,
3627 1521 3840 1590 quique
3881 1530 3944 1577 est

2299 1609 2418 1664 dies
2449 1608 2832 1665 honorabilior
2877 1609 3048 1664 totius
3093 1608 3414 1663 ebdomada
3447 1616 3579 1678 post
3611 1610 3772 1665 diem
3801 1610 3942 1665 domi-

2300 1699 2504 1764 nicum,
2537 1698 2880 1754 consecravit
2925 1697 3316 1753 monasterium
3365 1698 3541 1752 sancti
3597 1699 3842 1758 Martini.
3868 1714 3938 1754 se-

2233 1778 2387 1843 Bdis
2435 1788 2894 1858 Mogontiacensis
2941 1786 3470 1857 archiepiscopatus,
3503 1787 3681 1844 immo
3726 1790 3936 1844 omnium

2300 1878 2673 1944 Francorum,
2724 1877 2781 1931 in
2830 1876 3041 1932 honore
3099 1877 3275 1931 sancti
3323 1877 3540 1931 Martini
3596 1878 3849 1948 episcopi
3895 1887 3934 1934 et

2295 1965 2651 2035 confessoris,
2675 1981 2798 2022 cum
2834 1965 3022 2021 multis
3057 1965 3335 2036 episcopis
3355 1971 3521 2036 atque
3542 1968 3932 2023 venerabilibus

2294 2070 2446 2111 Vll‘ls.

2371 2143 2526 2198 1061.
2583 2143 2845 2214 [unum]
2905 2142 2989 2200 15.
3037 2143 3364 2200 Cuonradus
3393 2144 3708 2214 imperator
3738 2145 3928 2203 obiit:

2293 2234 2420 2289 ldus
2465 2234 2612 2300 Juni,
2663 2234 3022 2303 sepultusque
3072 2239 3156 2289 est
3193 2234 3369 2303 Spira.
3419 2234 3746 2291 Richardus
3793 2237 3933 2291 abbas

2293 2322 2582 2378 Fuldensis
2610 2321 2788 2379 felicis
2816 2323 3095 2378 memoriae
3125 2323 3264 2378 obiit
3300 2321 3382 2378 l3.
3417 2323 3537 2379 Kal.
3586 2329 3736 2395 Aug.
3771 2327 3863 2382 Hic
3887 2324 3934 2357 '“

2291 2412 2455 2466 etiam
2516 2411 2716 2467 multos
2771 2417 2994 2467 sanctos
3049 2411 3381 2482 Scottigenze
3439 2414 3627 2483 gentis
3685 2415 3839 2470 viros
3889 2417 3931 2469 in

2289 2515 2578 2556 commune
2637 2499 2864 2556 fratrum
2923 2501 3198 2568 habebat,
3267 2508 3431 2571 atque
3495 2503 3835 2558 caminatam
3892 2513 3936 2558 et

2287 2590 2672 2646 dormitorium
2732 2590 2868 2658 ipsis
2920 2603 3168 2645 seorsum
3229 2589 3390 2645 simul
3445 2596 3502 2645 et
3551 2592 3709 2646 inter
3760 2591 3935 2647 fratres

2285 2678 2736 2734 subministrabat
2781 2680 2927 2735 sicut
2975 2685 3149 2749 pater.
3212 2678 3313 2734 Cui
3369 2680 3640 2736 successit
3704 2681 3935 2753 Sigiwart

2284 2769 2475 2824 abbas.

2354 2859 2702 2913 Romanorum
2738 2856 2828 2911 94.
2875 2857 3110 2926 regnavit
3140 2857 3438 2920 mimicus,
3481 2857 3623 2929 ﬁlius
3674 2861 3934 2916 σκοπιαί

2280 2947 2636 3017 imperatoris,
2671 2946 2822 3000 annis
2859 2945 2946 3002 l7.

2359 3034 2512 3090 1062.
2569 3034 2718 3106 [me]
2776 3035 2822 3090 1.
2886 3033 3188 3091 Donnchad
3224 3033 3288 3065 “7
3337 3049 3435 3091 rex
3479 3037 3683 3092 Scotia:
3738 3038 3801 3094 in
3850 3053 3932 3093 au-

551 3118 732 3172 hanne
782 3132 920 3187 papa
967 3117 1272 3173 indictione
1329 3118 1412 3172 l5.
1465 3133 1649 3174 mense
1694 3122 1915 3176 Januar.
1968 3101 2466 3190 palliumCtumno
2524 3101 2800 3180 occiditur
2859 3123 2963 3194 [19.
3015 3123 3078 3155 ⁸⁸⁸
3135 3123 3255 3180 Kal.
3313 3124 3486 3195 Sept.]
3535 3139 3567 3180 a
3625 3125 3783 3183 duce
3842 3142 3929 3182 suo

549 3204 803 3275 accepit.]

2277 3214 2598 3270 Macbethad
2629 3228 2749 3269 mac
2777 3213 3098 3281 Finnloech,
3122 3215 3212 3270 cui
3236 3212 3300 3244 ⁸³⁸
3328 3217 3599 3270 successit
3616 3215 3680 3270 in
3708 3231 3928 3289 regnum

627 3294 782 3348 1056.
818 3294 1071 3364 [mxxrv]
1112 3293 1194 3349 10.
1227 3294 1556 3350 Mcelcoluim
1586 3295 1650 3326 “°
1691 3295 1838 3366 (151)
1871 3312 1966 3353 rex
1996 3300 2195 3355 Scotize
2278 3305 2438 3360 annis
2472 3303 2533 3356 17
2565 3303 2732 3374 (153).

551 3384 691 3440 obiit
735 3384 789 3438 7.
842 3384 960 3438 Kal.
1015 3384 1302 3438 Decembr.
1359 3385 1643 3452 Donchad,
1684 3385 1828 3441 ﬁlius
1865 3387 1990 3442 tilia:
2035 3387 2193 3461 (152)

553 3474 690 3541 ejus,
725 3473 831 3527 sibi
862 3473 1130 3527 successit
1156 3473 1211 3537 5,
1246 3472 1526 3527 mensibus
1553 3472 1608 3527 9.

629 3561 782 3616 1058.
839 3561 1088 3632 [mxxxw]
1139 3561 1220 3614 12.
1269 3563 1502 3631 Pr0pter
1541 3562 1861 3633 religionem
1893 3563 2197 3620 districtam

551 3650 1008 3720 disciplinamque
1057 3649 1274 3704 nimiam
1325 3657 1380 3705 et
1428 3658 1657 3720 propter
1703 3651 1918 3721 aliquos
1955 3654 2194 3722 Scottos,

549 3753 689 3808 quos
745 3753 931 3794 secum
992 3739 1228 3793 habebat
1285 3738 1469 3794 Helias
1542 3739 1764 3795 Scottus
1827 3741 2033 3809 abbas,
2103 3745 2196 3812 qui

551 3829 938 3883 monasterium
1001 3828 1176 3882 sancti
1235 3827 1572 3883 Pantalionis
1629 3835 1684 3883 et
1740 3830 1916 3885 sancti
1982 3832 2195 3886 Martini

551 3918 604 3970 in
654 3915 883 3970 Colonia
932 3916 1139 3984 pariter
1189 3916 1453 3986 regebat,
1504 3917 1804 3986 Piligrinus
1849 3918 2198 3976 Coloniensis

550 4004 864 4073 episcopus,
925 4003 1146 4058 invidiis
1191 4003 1252 4034 5“
1311 4005 1442 4059 viris
1498 4004 1818 4076 instigatus,
1869 4009 2040 4064 Heliae
2097 4010 2193 4075 ait,

551 4093 656 4148 nisi
693 4105 865 4161 usque
914 4091 1041 4146 dum
1091 4093 1209 4162 ipse
1257 4093 1552 4164 Piligrinus
1601 4094 1670 4149 de
1721 4101 1875 4150 curte
1922 4099 2072 4167 regia
2103 4113 2199 4154 re-

550 4182 822 4246 vertisset,
871 4194 972 4235 nec
1019 4181 1201 4236 Helias
1250 4196 1427 4251 neque
1469 4183 1610 4237 alius
1647 4185 1867 4238 Scottus
1904 4185 1960 4239 in
2001 4201 2194 4243 mona-

549 4271 719 4325 sterio
778 4270 1114 4325 Pantalionis
1168 4268 1377 4326 fuisset.
1437 4272 1589 4326 Tunc
1646 4272 1828 4326 Helias
1883 4281 2048 4344 atque
2103 4279 2196 4334 alii

2357 3393 2510 3448 1064.
2575 3391 2772 3463 [una]
2831 3391 2886 3446 3.
2946 3392 3131 3448 Helias
3185 3395 3404 3448 Scottus
3462 3394 3635 3450 abbas
3688 3396 3834 3452 obiit
3875 3394 3924 3450 3.

2280 3483 2407 3538 ldus
2436 3481 2659 3552 Aprilis,
2700 3482 2784 3536 vir
2835 3481 3079 3552 prudens
3123 3488 3179 3538 et
3227 3483 3540 3553 religiosus,
3575 3490 3631 3540 et
3663 3487 3797 3542 ideo
3825 3500 3921 3542 mo-

2280 3571 2579 3627 nasterium
2617 3572 2792 3626 sancti
2842 3571 3180 3627 Pantalionis
3226 3587 3348 3627 cum
3385 3587 3508 3639 suo,
3552 3573 3610 3628 id
3642 3584 3730 3630 est
3759 3576 3921 3630 sancti

2279 3661 2523 3727 Martini,
2581 3659 2688 3715 sibi
2745 3659 2928 3714 datum
2987 3667 3090 3715 est.
3151 3662 3274 3730 Ipse
3331 3661 3603 3717 obtimum
3660 3665 3919 3719 missalem

2280 3748 2479 3804 librum
2509 3747 2763 3803 monachi
2803 3748 2966 3803 etiam
2997 3748 3213 3815 Franci,
3245 3749 3364 3804 sine
3402 3748 3632 3805 licentia
3683 3752 3921 3808 conscri-

2281 3843 2469 3908 ptum,
2537 3837 2592 3891 in
2660 3850 2948 3892 commune
3010 3837 3403 3894 monachorum
3467 3839 3526 3894 in
3596 3841 3922 3896 monasterio

2279 3927 2455 3982 sancti
2512 3924 2848 3980 Pantalionis
2906 3925 3032 3996 igne
3075 3927 3438 3995 consumpsit,
3486 3940 3559 3983 ne
3617 3929 3760 3984 alius
3811 3930 3922 3984 sine

2280 4015 2502 4071 licentia
2550 4014 2929 4069 conscriberet
2974 4021 3067 4070 aut
3115 4014 3222 4070 tale
3270 4015 3476 4084 aliquid
3527 4014 3774 4073 fecisset.
3833 4021 3921 4073 Cui

2279 4103 2546 4159 successit
2575 4102 2819 4172 Majobus
2837 4102 2901 4133 ⁸⁵⁰
2929 4103 3172 4170 Scottus,
3199 4104 3352 4174 virgo
3371 4105 3586 4175 patiens
3605 4114 3660 4160 et
3678 4109 3921 4178 sapiens,

2279 4194 2438 4248 annis
2474 4191 2557 4245 18.

2356 4281 2510 4336 1065.
2565 4280 2786 4350 [arma]
2836 4279 2891 4333 4.
2939 4279 3308 4337 Animchadus
3355 4283 3574 4339 Scottus
3619 4287 3922 4342 monachus

547 4360 720 4415 Scotti
785 4359 986 4428 quibus
1051 4359 1346 4430 episcopus
1411 4360 1550 4415 dixit
1623 4362 1990 4418 condixerunt
2049 4386 2062 4420 :
2149 4369 2196 4422 si
2279 4376 2334 4425 et
2389 4367 2634 4424 inclusus
2689 4368 2829 4424 obiit
2873 4366 2927 4421 3.
2977 4369 3095 4424 Kal.
3156 4370 3439 4426 Februarii
3484 4372 3544 4426 in
3591 4374 3920 4428 monasterio

545 4448 795 4504 Christus
851 4449 907 4504 in
966 4449 1100 4518 ipsis
1157 4448 1260 4505 fuit
1315 4451 1623 4521 peregrinis
1679 4451 1742 4482 ’δ’
1809 4466 1876 4508 ne
1936 4455 2560 4524 umquamDFuldensi.
2611 4458 2788 4528 Super
2823 4459 2981 4527 cujus
3027 4458 3382 4527 sepulchrum
3411 4460 3537 4516 visa
3565 4470 3700 4518 sunt
3728 4461 3917 4518 lumina

1898 4543 2121 4600 VARle
2177 4549 2567 4605 LECTIONES.

619 4625 683 4656 ⁸³⁸
712 4624 1014 4680 vocabulum
1052 4640 1258 4680 erasum
1295 4632 1371 4681 est
1407 4627 1453 4682 1.
1534 4627 1598 4660 ⁸³⁸
1635 4628 1745 4683 alia
1774 4645 1930 4684 manu
1959 4633 2084 4687 add.
2125 4633 2172 4688 l.
2248 4636 2312 4669 ⁸³⁷
2344 4638 2398 4692 in
2430 4635 2665 4691 Babonis
2695 4641 2878 4691 monte
2909 4635 2946 4690 i.
2980 4635 3358 4692 Babenberch.
3390 4636 3446 4692 2.
3487 4643 3496 4660 ’
3524 4637 3593 4669 ⁸⁸⁸
3632 4638 3743 4694 alia
3771 4653 3918 4692 seu

547 4697 672 4752 add.
707 4695 754 4752 1.
787 4769 797 4775 _
833 4696 896 4727 ⁸³⁸³
933 4696 1046 4775 haec
1071 4697 1122 4775 in
1155 4711 1321 4766 marg.
1352 4713 1513 4775 prope
1543 4717 1596 4754 α.
1648 4699 1799 4775 1047.
1832 4701 2088 4770 teguntur,
2123 4707 2304 4764 desunt
2336 4709 2388 4762 2.
2420 4708 2474 4762 3.
2551 4705 2615 4737 “°
2642 4705 2752 4761 hac
2789 4705 2971 4762 desunt
3000 4707 3052 4760 2.
3098 4705 3178 4775 (2*
3196 4712 3237 4774 ?)
3266 4708 3379 4763 2“.
3455 4706 3519 4739 ‘“
3553 4709 3845 4766 invidiosis
3865 4709 3918 4763 3.

546 4769 888 4870 aporuudam
928 4768 1249 4870 Iinvidoiugivn
1285 4771 1672 4870 {ponacﬂo’rum
1723 4768 2173 4870 deomonastegO
2205 4781 2260 4835 S.
2293 4776 2731 4870 Pantaleonis‘2n.
2843 4768 3270 4870 mperegrinus‘
3449 4779 3533 4870 ’ξ’
3548 4782 3821 4863 pilgrinus
3857 4782 3918 4870 1‘?

637 4841 691 4923 in
720 4838 972 4921 marg..1.
1007 4839 1247 4923 (513.057.
1448 4840 1513 4923 fl“
1543 4841 1709 4923 (egeni
1743 4842 1969 4923 crism_a._
2016 4916 2027 4923 _
2074 4847 2136 4878 ⁵⁵⁸
2163 4853 2430 4923 sequentia
2480 4851 2662 4905 desunt
2691 4847 2745 4902 2.
2854 4838 3056 4904 “hac
3071 4838 3270 4906 desunt
3299 4849 3352 4905 2.
3464 4838 3826 4920 ’δ’ἰηυωανρ.
3868 4851 3911 4903 1.

544 4909 607 4941 ἰθ
636 4911 747 4979 lege
769 4932 786 4965 .-
827 4911 942 4981 qui.
1020 4910 1083 4941 ⁸⁵⁰
1111 4911 1186 4966 ita
1224 4913 1271 4967 l.
1303 4912 1387 4966 hic
1411 4917 1458 4967 et
1483 4928 1537 4967 a.
1578 4909 1732 4968 1083.
1762 4943 1835 4954 —
1871 4916 2099 4985 Majolus
2126 4909 2243 4977 rell:

2119 5010 2482 5151 Nom'usl)
2525 5080 2563 5135 i.
2615 5094 2665 5135 e.
2716 5078 3060 5151 Malcolmus,
3112 5081 3407 5136 Hibernice
3455 5083 3795 5139 Μαιεοιαέιι.
3845 5084 3919 5137 De

2267 5167 2376 5223 quo
2406 5150 3000 5223 v.'Tigerna_cbigAnn.,
3031 5150 3086 5223 h.
3119 5164 3195 5217 a.,
3228 5151 3266 5206 l.
3303 5152 3362 5219 Ι.⁹
3399 5153 3467 5220 11,
3500 5169 3559 5222 p.
3591 5154 3724 5210 284.

2341 5223 2480 5296 (152)
2530 5221 2654 5292 quae
2701 5221 2990 5277 dicebatur
3035 5222 3294 5291 Beatrix;
3347 5238 3398 5277 v.
3435 5221 3666 5292 ibidem,
3701 5223 3914 5296 p.288,

2263 5295 2476 5493 37:53:)
2511 5366 2786 5490 8notam
2815 5364 2884 5420 ad
2912 5367 3054 5420 Ann.
3101 5365 3424 5436 Tigernacbi
3449 5409 3463 5431 ,
3511 5381 3604 5438 ap.
3636 5368 3921 5424 O'Connor

2311 5481 2328 5508 ,
2363 5451 2486 5509 pag.
2517 5451 2644 5490 κδδ.

545 5071 829 5126 Donnchad
861 5086 975 5125 mac
1003 5070 1222 5125 Ποπηωί
1246 5085 1371 5126 ann.
1405 5070 1488 5127 18.

540 5144 646 5197 Ᾰίά
678 5158 793 5196 mac
822 5141 944 5196 Νεὶι
973 5157 1098 5196 ann.
1131 5141 1220 5196 22.

538 5212 839 5269 Conchobor
866 5228 984 5280 γηαο
1009 5214 1332 5268 Donnchada
1362 5229 1486 5270 ann.
1526 5215 1608 5269 19.

537 5284 688 5341 Niall
716 5301 832 5339 ηιαο
858 5286 1002 5340 ιΕάα
1031 5300 1154 5339 ante.
1191 5285 1272 5338 13.

535 5355 885 5411 Malsechnwt
914 5371 1037 5411 ann.
1077 5357 1158 5411 13.

538 5427 643 5481 zEd
673 5442 818 5484 macc
840 5427 946 5484 Net
975 5443 1099 5483 ann.
1140 5428 1221 5482 l4.

538 5497 708 5552 Ftann
736 5515 852 5555 mac
879 5497 1262 5555 Moitsechnaitl
1295 5499 1408 5570 (a).

599 5586 665 5649 (α)
694 5586 792 5649 Qui
819 5601 870 5635 a.
905 5589 1021 5638 916.
1062 5585 1245 5636 abiisse
1269 5586 1493 5648 dicitur;
1525 5587 1791 5639 O'Connor
1811 5605 1871 5654 p.
1900 5589 2174 5644 LXXXIII.
