4022 6160
87 307 178 361 785
1330 273 1736 360 cunomcori.
1780 333 1851 344 —
1889 305 2014 359 LIB.
2058 307 2148 360 ill.
3318 308 3424 361 786

86 440 130 490 et
156 429 438 504 psalmodia
468 429 674 485 audita.
696 430 874 500 Super
893 444 1055 500 quem
1079 445 1211 502 ergo
1241 430 1513 486 Marianus
1540 429 1962 497 Scot-Acapita
1993 428 2222 485 feminas
2258 442 2553 484 conversas
2583 429 2785 484 debere
2818 429 3161 498 predicabat,
3202 445 3423 488 earum-

82 529 157 578 tus
193 519 251 573 10
275 518 432 574 annis
469 517 734 585 inclusus,
758 532 926 589 super
964 519 1134 589 pedes
1162 522 1281 589 ejus
1309 525 1460 574 stans
1489 518 1694 574 cotidie
1781 532 1886 586 que
1925 519 2127 574 scolam
2197 526 2252 574 et
2318 518 2644 588 puellarum,
2680 532 2980 588 puerorum
3034 524 3090 574 et
3153 519 3420 574 laicorum

83 608 263 666 cantavi
307 607 520 662 missas.
570 607 941 663 Willihelmus
989 609 1290 665 monachus
1337 615 1392 663 et
1422 607 1695 678 presbiter
1778 608 2002 662 multam
2043 609 2281 664 habebat
2310 639 2380 648 —
2409 609 2480 664 ob
2513 609 2566 663 id
2598 609 2666 664 de
2709 609 2969 664 Hibernia
3003 610 3300 678 projectns.

79 711 346 755 conversus
376 695 611 751 clericus
658 703 712 751 et
758 698 999 772 sapiens,
1034 697 1340 754 districtius
1369 704 1424 752 et
1463 696 1695 766 religio-
1853 698 2006 752 1076.
2042 699 2207 768 [mur]
2251 698 2330 752 l5.
2372 701 2479 753 Leo
2521 713 2659 768 papa
2699 699 2839 753 obiit
2884 698 2962 752 l6.
3001 698 3120 764 Kal,
3160 697 3282 753 Mai.

78 789 174 843 sior
206 787 441 842 omnium
499 786 890 842 monachorum
952 786 1324 852 Fuldensium,
1393 785 1535 840 sicut
1595 799 1692 840 nos
1852 785 2008 842 1077.
2045 787 2185 856 [κων]
2226 787 2308 842 16.
2348 788 2522 841 Victor
2556 803 2700 858 papa
2745 788 2868 843 1...
2912 792 3030 857 post
3060 789 3265 843 Petrum
3291 803 3416 840 suc-

76 877 300 942 vidimns,
369 875 723 932 Animcadum
792 877 1002 946 rogavit
1060 884 1120 932 ut
1183 891 1243 931 se
1308 876 1687 932 benediceret.
1773 877 1926 929 cessit
1956 877 2114 930 annis
2152 876 2204 930 3.

77 966 246 1021 Eadem
283 979 415 1020 vero
474 965 591 1034 ipsa
641 971 826 1030 nocte,
878 965 1020 1020 sicut
1069 965 1203 1020 mihi
1261 964 1475 1020 incluso
1525 979 1691 1034 super
1852 964 2004 1018 1078.
2050 965 2207 1035 [mw]
2258 965 2337 1020 17.
2401 966 2764 1020 Herimannus
2820 966 3116 1035 episcopus
3171 966 3412 1021 Colonia:

71 1053 399 1109 Animcadum
469 1053 830 1119 conﬁrmavit,
890 1054 1183 1108 somniavit
1238 1053 1592 1109 Animcadum
1632 1054 1688 1108 in
1773 1053 1911 1108 obiit
1941 1054 1994 1108 in
2028 1054 2442 1123 quadragesima
2489 1054 2572 1106 ⁸³⁸.
2615 1058 2769 1108 Anno
2801 1056 3096 1124 episcopus
3125 1056 3410 1110 successit.

71 1157 152 1199 suo
179 1143 468 1212 sepulchro
497 1148 730 1198 stantem
771 1143 940 1198 nimio
988 1143 1200 1214 fulgore
1246 1143 1591 1207 candentem,
1635 1149 1690 1198 et
1773 1143 1884 1212 Ego
1925 1144 2195 1198 Marianos
2239 1143 2564 1213 peregrinus
2611 1142 2787 1198 factus
2828 1159 2926 1212 pro
2959 1159 3127 1215 regno
3166 1145 3412 1211 C(elcste,

71 1237 267 1287 extensa
304 1246 402 1287 sua
435 1245 597 1286 manu
645 1245 704 1285 se
736 1231 804 1286 ab
835 1245 900 1288 eo
933 1232 1208 1287 benedici.
1249 1234 1492 1301 Cumque
1523 1233 1686 1286 etiam
1771 1233 1999 1300 patriam
2059 1233 2296 1287 motuavi
2336 1231 2420 1297 ⁵⁵⁷,
2461 1239 2515 1286 et
2573 1232 2626 1285 in
2686 1232 2914 1287 Colonia
2971 1233 3024 1287 5.
3091 1232 3247 1299 feria,
3293 1236 3409 1288 Kal.

68 1319 190 1375 fossa
217 1320 494 1391 sepulchri
530 1321 634 1375 mei
659 1321 813 1390 juxta
845 1320 986 1376 latus
1015 1322 1135 1390 ejus
1162 1322 1216 1376 in
1251 1328 1411 1376 nocte
1441 1320 1686 1376 nondum
1769 1321 2018 1391 Augusti,
2078 1320 2379 1376 monachus
2442 1320 2690 1375 effectus.
2763 1322 3054 1377 Heiuricus
3114 1324 3415 1392 imperator

68 1409 310 1479 completa
351 1415 700 1480 permaneret
746 1417 956 1478 aperta,
1019 1416 1190 1466 totam
1247 1411 1419 1480 ipsam
1467 1416 1684 1466 noctem
1769 1409 1908 1464 obiit
1944 1407 1999 1464 3.
2032 1411 2170 1465 Non.
2204 1410 2480 1476 Octobris,
2512 1409 2870 1479 sepultusque
2911 1419 2993 1466 est
3021 1412 3198 1480 Spira,
3234 1413 3324 1466 ubi
3359 1419 3412 1466 et

66 1498 299 1554 mellitluo
339 1499 515 1554 odore
542 1499 755 1554 scilicet
784 1499 1040 1554 conduxi.
1074 1499 1176 1566 Qui
1206 1501 1334 1568 quia
1365 1513 1487 1554 cum
1516 1499 1686 1554 licen-
1768 1507 1926 1570 pater
1962 1503 2082 1569 ejus
2112 1502 2280 1570 jacet.
3353 1525 3357 1528 -

66 1589 126 1642 tia
183 1587 416 1644 senioris
481 1588 564 1642 sui
623 1589 844 1643 nomine
883 1589 1138 1645 Corcram
1199 1589 1255 1642 in
1313 1589 1488 1643 insola
1530 1588 1684 1643 Kelta
1840 1592 2185 1644 Romanorum
2230 1589 2320 1646 95.
2367 1590 2602 1659 regnavit
2650 1590 2947 1657 Heinricus,
2987 1589 3124 1661 ﬁlius
3175 1591 3408 1645 Heinrici

65 1677 316 1732 caritatem
370 1675 632 1732 fratribus
679 1675 830 1741 fecit,
891 1677 1082 1747 paucis
1110 1690 1242 1732 vero
1273 1678 1684 1732 remanentibus
1766 1678 2116 1748 imperatoris,
2146 1679 2298 1733 annis
2335 1678 2416 1734 10.

65 1775 168 1835 post
209 1766 345 1821 alios
385 1773 650 1821 exeuntes
690 1771 987 1836 potumque
1037 1766 1371 1836 petentibus,
1414 1766 1530 1836 ipse
1559 1757 1747 1821 siueB
1846 1766 2000 1821 1079.
2065 1767 2246 1837 [sum]
2298 1768 2344 1820 1.
2408 1769 2590 1821 Victor
2663 1781 2799 1836 papa
2857 1767 2996 1822 obiit
3049 1767 3103 1820 5.
3148 1766 3266 1823 Kal.
3307 1770 3403 1834 Ag.

64 1854 260 1910 licentia
301 1854 542 1925 prebuit,
585 1862 639 1910 et
692 1854 818 1910 inde
867 1856 1028 1911 etiam
1088 1861 1219 1910 tunc
1267 1855 1410 1910 sicut
1451 1857 1682 1925 primum
1769 1853 2084 1925 [Macfinlaeg
2115 1854 2180 1886 ³⁸⁸
2209 1855 2353 1925 (155)
2387 1855 2661 1910 occiditur
2684 1855 2739 1910 in
2779 1858 3042 1925 Augusto.
3078 1855 3246 1925 Lulag
3275 1869 3406 1908 suc—

65 1950 225 2011 potum
281 1944 489 2000 seniori
531 1943 698 1998 misit.
751 1943 880 2000 Ideo
920 1945 1009 2000 die
1049 1945 1291 1999 crastino
1331 1957 1439 1999 non
1472 1951 1679 1998 tantum
1763 1943 1931 1998 cessit
1986 1949 2041 1998 et
2097 1943 2372 2000 occiditur
2428 1945 2481 1998 in
2540 1944 2769 2007 Martio;
2825 1945 2913 1999 cui
2963 1943 3190 1999 Moelcol
3245 1942 3403 2013 (156)

63 2031 116 2086 de
145 2033 313 2088 insola
363 2033 540 2098 Kelta,
573 2033 670 2088 sed
711 2032 780 2088 de
820 2040 932 2088 tota
975 2033 1236 2089 Hibernia
1276 2033 1453 2102 ipsum
1493 2035 1682 2088 senior
1761 2033 2068 2101 successit.]
2127 2061 2200 2074 —
2254 2033 2599 2088 Moelcoluim
2667 2033 2826 2101 (156),
2897 2033 3040 2088 titius
3104 2032 3402 2096 Donchaed,

64 2122 306 2189 projecit;
365 2121 512 2192 quod
551 2122 834 2178 humiliter
886 2122 1198 2192 complevit.
1259 2124 1335 2178 Ita
1375 2122 1678 2193 Tigernach
1762 2121 1903 2190 regit
1931 2122 2213 2177 Scottiam.
2263 2151 2332 2162 —
2389 2122 2649 2177 Donchad
2696 2121 2760 2153 ³⁸⁵
2799 2121 2940 2190 (157)
2973 2123 3217 2192 regnavit
3246 2123 3404 2176 annis

59 2207 123 2261 η’.
149 2209 301 2281 (154)
325 2211 607 2267 Borchecb
636 2211 768 2266 mihi
799 2210 1139 2281 culpabiliin
1169 2211 1350 2281 aliqua
1384 2210 1484 2266 levi
1517 2209 1678 2279 culpa
1758 2209 1815 2274 5,
1875 2209 1981 2265 hoc
2028 2218 2111 2265 est
2157 2225 2188 2264 a
2236 2211 2401 2266 missa
2457 2212 2633 2266 sancti
2683 2211 2915 2265 Δηὼ-επ
2973 2211 3038 2264 ad
3081 2210 3311 2264 eandem
3352 2217 3407 2264 et

60 2298 430 2364 pronuntiavit.
1758 2299 1986 2367 insuper
2012 2299 2080 2354 ad
2132 2299 2468 2355 nativitatem
2517 2308 2722 2355 sancta:
2773 2300 2976 2354 Mariae.
3019 2300 3149 2354 lude
3190 2298 3407 2353 Mactin-

117 2385 241 2440 1066
301 2386 506 2455 [κίων]
566 2385 620 2440 5.
662 2385 972 2441 Benedictus
1016 2401 1160 2456 papa
1216 2385 1504 2440 Iohannem
1559 2402 1674 2440 suc-
1759 2389 1863 2458 lteg
1920 2391 2164 2458 regnavit
2221 2390 2382 2444 annis
2417 2390 2480 2442 17
2509 2390 2576 2444 ad
2631 2389 2876 2444 eamdem
2931 2389 3148 2443 missam
3197 2394 3402 2441 sanctae

56 2475 198 2529 cessit.
242 2476 350 2530 Hic
393 2489 514 2529 cum
562 2475 833 2544 papatiam
881 2489 1032 2530 suam
1070 2475 1348 2530 vendisset
1375 2474 1458 2530 '3’.
1503 2475 1673 2530 Hein-
1757 2477 1960 2532 Maria».
1992 2478 2196 2533 Lulacb
2234 2493 2265 2533 a
2296 2479 2578 2534 nativitate
2627 2485 2832 2533 sanctae
2863 2477 3044 2533 Maria:
3082 2477 3150 2531 ad
3182 2476 3399 2532 missam

57 2564 174 2618 ricus
221 2564 526 2633 imperator
555 2563 798 2633 perrexit
834 2564 1080 2628 Romam,
1115 2569 1170 2617 et
1198 2577 1298 2632 pro
1328 2577 1396 2618 eo
1425 2563 1674 2618 Clemen-
1753 2566 1927 2620 sancti
1967 2567 2187 2622 Patricii
2217 2569 2272 2622 in
2314 2582 2498 2622 mense
2529 2568 2720 2622 Martio
2762 2568 3026 2637 regnavit.
3062 2566 3192 2621 Inde
3232 2565 3400 2620 Moel-

55 2657 137 2706 tem
172 2651 469 2707 constituit
517 2665 732 2722 papam,
783 2665 907 2707 cum
955 2666 1021 2707 ex
1077 2664 1174 2706 ore
1221 2652 1396 2706 sancti
1437 2652 1582 2706 Petri
1615 2651 1669 2706 in
1753 2654 1954 2709 coluim
1988 2656 2233 2725 regnavit
2282 2657 2442 2711 annis
2477 2655 2549 2708 20
2603 2671 2776 2726 usque
2825 2657 2891 2710 ad
2941 2657 3159 2711 missam
3215 2654 3390 2708 sancti

55 2740 243 2798 Simone
301 2754 461 2810 mago
518 2747 696 2796 emtor
743 2742 951 2811 pariter
987 2748 1041 2796 et
1079 2740 1332 2796 venditor
1369 2739 1671 2809 spiritualis
1752 2743 2012 2813 Patricii.]

54 2832 212 2898 gratia:
240 2837 372 2886 sunt
409 2829 721 2885 anatemati.
1829 2830 1980 2886 1080.
2027 2833 2237 2903 [MLVIII]
2287 2833 2340 2888 2.
2400 2833 2701 2905 Stephanus
2746 2849 2890 2905 papa
2940 2832 3066 2890 1...
3121 2832 3388 2887 successit.

59 2935 158 3003 ςσοά
209 2937 262 2992 in
307 2951 502 3006 marg”
560 2935 743 2992 Ciclus
791 2935 883 2988 23.
931 2935 1430 2991 decennoycnnalis
1472 2936 1668 3006 ίηοίρίι
1749 2919 2128 2975 Badtebrunna
2179 2921 2370 2976 civitas
2401 2935 2523 2976 cum
2555 2922 2773 2977 duobus
2810 2921 3180 2987 monasteriis,
3221 2921 3276 2976 id
3307 2925 3392 2975 est

59 2995 67 3003 ’
425 2995 449 3006 ’
487 2995 499 3004 ’
621 3025 924 3080 indictione
962 3023 1064 3093 13,]
1588 2995 1604 3006 ’
1688 3008 2104 3093 “episcopatus
2149 3017 2206 3064 et
2251 3010 2666 3075 monachorum,
2714 3009 2850 3065 feria
2897 3010 2951 3076 6,
3001 3016 3129 3064 ante
3188 3009 3392 3079 palmas

116 3112 251 3169 1067.
296 3113 475 3186 [unv]
508 3113 562 3166 6.
621 3071 636 3080 ’
661 3071 713 3080 Ν
744 3071 794 3080 ﬂ
823 3071 849 3080 ν
1050 3071 1064 3093 λ
1687 3071 1730 3131 C
1751 3096 1876 3165 igne
1909 3099 2272 3153 consumitur.
2317 3100 2375 3153 In
2416 3100 2750 3154 monasterio
2789 3106 2968 3154 autem
3001 3098 3392 3154 monachorum

115 3199 250 3256 1063.
294 3201 498 3274 μηνι]
529 3201 584 3257 7,
610 3200 842 3258 cum
885 3199 1008 3257 ιη,
1047 3199 1111 3230 m
1137 3215 1279 3272 ραρα
1311 3205 1432 3271 post
1461 3199 1664 3255 beatum
1751 3195 1868 3240 erat
1923 3189 2189 3243 Paternus
2238 3187 2456 3243 nomine
2495 3188 2797 3243 monachus
2826 3192 3066 3251 Scottus,
3100 3187 3395 3255 multisque

56 3288 247 3346 Petrum,
1747 3276 1906 3330 annis
1954 3276 2219 3342 inclusus,
2255 3277 2347 3346 qui
2387 3277 2550 3332 etiam
2600 3277 3039 3332 combustionem
3081 3275 3396 3344 prenuntia-

114 3377 248 3433 1069,
284 3379 506 3452 [κηνιι]
541 3379 595 3434 8,
637 3379 868 3438 clemens
890 3394 1036 3451 ραρα
1067 3377 1196 3433 obiit
1222 3379 1278 3434 7,
1328 3378 1458 3434 [dus
1507 3379 1659 3436 οειο-
1745 3367 1859 3434 bat,
1893 3367 2142 3422 ambiens
2179 3366 2484 3421 martirium
2515 3381 2616 3435 pro
2672 3366 2825 3420 nullo
2884 3366 3021 3420 foris
3077 3365 3393 3452 exivit,sed

57 3465 157 3521 bris.
185 3451 320 3540 Βορο
371 3484 546 3542 papa,
605 3470 692 3541 qui
747 3474 796 3523 et
851 3470 1134 3536 Damasus,
1167 3469 1433 3524 successit.
1465 3469 1564 3524 Nix
1606 3469 1645 3522 ir

1831 3469 1928 3510 sua
1959 3455 2200 3510 clausola
2249 3454 2568 3509 combustus
2599 3467 2697 3522 per
2735 3453 2915 3521 ignem
2958 3451 3306 3519 pertransivit
3336 3451 3389 3504 in

58 3537 302 3614 occidente
327 3537 390 3615 in
416 3537 629 3614 tantum
663 3565 722 3613 ut
749 3557 913 3612 silvas
941 3556 1214 3631 fregisset.
1745 3542 2111 3612 refrigerium
2145 3543 2218 3631 De
2248 3542 2408 3609 cuius
2437 3540 2599 3631 etiam
2630 3538 2924 3631 sepulchro
2965 3537 3214 3631 (ξιιεεξαλιξι
3247 3538 3388 3592 bona

118 3645 244 3701 1070.
281 3648 526 3719 [muva
561 3647 616 3702 9‘
649 3647 826 3703 30be
860 3661 1007 3718 papa
1029 3624 1320 3701 διωριεο
1345 3660 1490 3716 papa
1526 3644 1576 3700 ι,
1601 3685 1649 3702 η
1746 3638 2056 3685 narrantur.
2100 3629 2240 3719 Ipsis
2274 3641 2405 3719 vero
2462 3629 2670 3719 statim
2704 3626 2920 3719 diebus,
2981 3624 3137 3719 feria.
3166 3625 3387 3719 2.-pos_t

57 3740 144 3800 ροει
169 3703 380 3805 ραι-ξω,
414 3703 670 3793 subices,“
701 3703 950 3792 anmts‘g.‘
1345 3703 1362 3715 ’
1421 3703 1434 3716 ’
1745 3728 1966 3775 octavas
2013 3718 2252 3787 paschae,
2307 3717 2496 3771 exiens
2543 3715 2611 3770 de
2641 3715 2870 3805 Colonia
2901 3727 3063 3768 causa
3091 3712 3383 3805 claudendi

199 3828 342 3883 'lste
367 3803 464 3883 est
498 3829 606 3882 Leo
638 3826 729 3881 ille
760 3825 854 3895 qui
880 3838 1078 3880 novum
1111 3830 1330 3878 cantum
1369 3821 1437 3876 de
1467 3829 1659 3877 sancto
1744 3823 1865 3863 cum
1911 3807 2107 3862 abbate
2156 3805 2426 3861 Ριιιάθηδθ
2474 3805 2541 3859 ad
2591 3803 2838 3895 Fumat“,
2871 3817 3038 3872 ευμεν
3068 3807 3290 3895 mam"!
3330 3803 3384 3857 in

139 3897 381 3970 Gregorio
413 3900 613 3970 Magno
643 3893 793 3952 fecit.
836 3896 984 3951 addit
1015 3895 1067 3948 2.
1744 3897 1986 3954 clausola
2024 3896 2219 3965 ipsius,
2275 3896 2368 3950 ubi
2415 3909 2581 3964 supra
2611 3894 2854 3949 eamdem
2897 3899 3116 3948 mattam
3154 3893 3384 3948 combu-

116 3981 246 4040 1072.
308 3988 410 4059 [ML]
489 3987 573 4041 11.
643 3988 756 4042 Rex
795 3985 1017 4041 Scottia:
1084 3982 1402 4038 Macbethad
1471 3983 1657 4039 Romae
1741 3996 1860 4043 stus
1889 3993 1943 4042 et
1975 4001 2166 4056 passus
2195 3992 2296 4052 est,
2324 3999 2426 4055 ego
2448 3985 2619 4040 oravi.
2641 4014 2713 4024 —
2739 3983 3050 4052 Stephanus
3080 3997 3216 4052 papa
3247 3983 3384 4037 obiit

59 4081 293 4140 argentum
334 4076 676 4147 pauperibus
705 4074 1027 4130 seminando
1060 4072 1361 4128 distribuit.
1741 4077 1794 4133 4.
1843 4077 1959 4132 Kal.
2011 4075 2184 4145 April.
2247 4074 2504 4130 Nicotaus
2557 4089 2720 4145 papa.
2775 4103 2844 4112 —
2894 4073 3160 4128 Ecbertus
3215 4073 3385 4127 abbas

116 4159 245 4216 1073.
280 4166 401 4237 [xu]
461 4165 542 4218 12.
575 4166 804 4220 Sanctus
851 4164 1027 4219 Bardo
1058 4162 1354 4233 episcopus
1383 4161 1656 4231 Mogonti-
1741 4167 2048 4230 Fuldensis,
2091 4164 2227 4220 feria
2269 4164 2449 4228 tertia,
2502 4164 2637 4220 hora
2685 4163 2942 4232 septima,
2996 4162 3076 4215 l5.
3120 4161 3236 4216 Kal.
3275 4163 3384 4217 De-

60 4257 137 4300 nus
160 4251 283 4308 obiit
315 4255 366 4309 4.
399 4253 538 4310 ldus
564 4253 732 4309 Junii.
1741 4256 1978 4314 cembris
2035 4255 2194 4309 obiit.
2253 4253 2522 4324 Sigfridus
2568 4252 2834 4307 successit
2866 4252 2920 4304 in
2952 4252 3232 4336 nativitate
3273 4251 3382 4304 Do-

114 4338 248 4396 1074.
312 4343 464 4414 [XLII]
534 4343 616 4396 l3.
678 4341 976 4415 Liuholdus
1031 4341 1326 4410 episcopus
1391 4341 1873 4415 successitnmini
1913 4358 2058 4399 anno
2099 4343 2145 4398 l.

57 4427 186 4481 annis
219 4393 269 4495 6,
307 4393 2171 4502 Eﬁgiboé'lif'éédmuériéhis"Eécuium'iéii-Dwi-osﬁmli]
2206 4431 2260 4486 3.
2303 4433 2414 4500 Ego
2461 4431 2733 4484 Marianus
2788 4425 3047 4495 indiguus
3093 4437 3216 4478 cum
3265 4422 3393 4492 Sig-‘

57 4516 146 4581 (lui.
1739 4519 1883 4576 frido
1940 4520 2138 4575 abbate
2195 4518 2452 4573 Fuldensi
2500 4520 2655 4587 juxta
2713 4529 2917 4584 corpus
2971 4512 3147 4568 sancti
3178 4510 3378 4565 Kiliani

116 4601 248 4662 1075.
284 4609 442 4682 [nun]
505 4609 571 4663 l4
622 4608 734 4665 Aed
786 4607 1024 4664 clericus
1050 4606 1115 4638 ⁵⁸⁵
1163 4606 1434 4661 barbosus
1472 4606 1526 4660 in
1560 4607 1652 4660 lli-
1738 4610 1979 4664 martiris
2027 4608 2333 4663 Wirziburc
2403 4613 2758 4662 consecratus
2805 4604 2871 4658 ad
2929 4602 3373 4672 presbiteratum,

61 4685 213 4748 bemia
255 4698 332 4753 vir
382 4699 543 4756 valde
598 4697 992 4754 famosissimus
1039 4703 1093 4751 et
1154 4695 1304 4751 mirae
1343 4694 1647 4765 religionis,
1735 4698 1964 4753 sabbato
2021 4697 2199 4752 medie
2257 4695 2688 4766 quadragesimae
2721 4693 2803 4756 “0,
2837 4694 2889 4744 3.
2934 4691 3060 4746 ldus
3082 4688 3278 4751 Martii,
3322 4695 3376 4742 et

62 4803 112 4815 —
137 4780 237 4848 ipse
272 4787 411 4843 enim
449 4787 684 4844 feminas
712 4793 767 4842 et
817 4785 1079 4857 puerulos
1125 4798 1277 4840 more
1325 4783 1652 4839 clericorum
1738 4785 1872 4842 feria
1900 4786 1954 4842 6.
2001 4794 2126 4856 post
2171 4786 2547 4841 ascensionem
2596 4782 2832 4846 Domini,
2867 4779 3044 4849 pridie
3074 4778 3202 4832 ldus
3231 4777 3374 4839 Maii,

63 4874 334 4932 coronando
379 4877 442 4908 ⁸⁸⁸
491 4877 777 4942 tondebat,
837 4882 892 4931 et
948 4888 1183 4930 coronas
1221 4887 1331 4929 non
1368 4873 1653 4944 velataque
1739 4875 1984 4932 inclusus
2015 4875 2070 4930 in
2104 4874 2270 4930 Fulda
2303 4888 2400 4943 per
2430 4884 2604 4927 annos
2649 4869 2731 4924 10.
2767 4867 3066 4924 Liuholdus
3084 4866 3379 4935 cpiscopus

1360 4973 1584 5026 VARle
1635 4974 2018 5030 LECTIONES.

115 5052 162 5084 ⁸³⁸
190 5058 258 5135 ita
291 5061 380 5135 ΙΨ
412 5064 478 5096 ⁸⁸⁹
509 5064 731 5120 emisset
760 5063 814 5135 2.
908 5060 1150 5135 2³143.
1171 5077 1265 5115 suo
1297 5061 1478 5135 ordine
1512 5076 1740 5135 pergens
1772 5063 1849 5135 2._
1915 5061 2002 5135 βξ
2030 5059 2319 5135 Edcri‘cus
2349 5061 2400 5113 3,
2476 5129 2486 5135 ᾳ
2513 5055 2674 5135 “fdo
2715 5057 2760 5108 1.
2871 5050 3383 5135 “.“ﬂuagragesimo

65 5129 294 5262 $2311.!
319 5132 382 5164 ⁵³⁷
409 5136 449 5191 i.
486 5151 534 5192 e.
569 5134 831 5192 mutuavi.
907 5131 972 5164 ⁸⁸⁸
999 5131 1109 5188 lucc
1133 5132 1187 5186 in
1215 5145 1383 5202 marg.
1421 5131 1468 5186 1.
1504 5121 1686 5189 desunt
1714 5133 1768 5190 2.
1799 5133 1938 5206 (2*?)
1973 5133 2084 5187 2".
2164 5130 2230 5162 ⁸⁸³
2255 5129 2524 5203 sequentia
2569 5129 2625 5184 in
2661 5141 2829 5196 marg.
2878 5121 2997 5194 inf‘.‘
3049 5123 3111 5154 “°
3143 5121 3384 5191 quadra-

202 5215 244 5258 e
307 5242 321 5257 .

97 5356 260 5440 ,(154)
321 5365 570 5440 Fortasse
609 5364 1009 5440 Tigernachus-
1045 5361 1136 5440 ille
1204 5277 1958 5440 rerum__Hiberlf-OTE.(_1_55_)
1990 5379 2042 5440 _v.
2075 5361 2396 5440 ann._1062.

67 5433 267 5505 njcarum
327 5438 586 5508 scriptor,
651 5433 816 5508 q'uem
881 5435 1512 5508 Marianiitemporibus
1577 5438 1656 5493 vi-
1815 5433 1956 5508 (156)
1988 5435 2027 5490 i.
2059 5449 2109 5490 e.
2143 5433 2409 5508 Malcolm.

68 5495 179 5578 ﬁsse
227 5495 474 5574 constat}
530 5495 602 5566 cf.
658 5495 944 5567 0’Connor
990 5507 1082 5563 SS.
1128 5507 1171 5571 l,
1236 5495 1654 5577 Prolegomena,
1812 5495 1951 5578 (I573
2000 5522 2050 5562 v.
2099 5519 2228 5578 ann.
2285 5504 2438 5569 1056,
2473 5501 2679 5578 _10§2,_
2712 5507 2768 5556 et
2798 5511 3015 5578 carmen
3058 5495 3125 5551 de
3157 5495 3377 5567 regibus

68 5577 109 5633 P-
141 5585 332 5632 CLXIIII.
462 5570 469 5574 ⁷
1158 5570 1162 5571 ⁷
1400 5570 1427 5577 ⁷
1641 5570 1649 5574 ⁷
1739 5570 1962 5636 Scottite
1989 5577 2136 5648 apud
2159 5577 2444 5632 O’Connor
2473 5575 2515 5644 1,
2557 5571 2773 5644 Proleg.
2811 5570 2859 5639 1,
2891 5584 2946 5641 p.
2981 5583 3137 5625 cxxx.
