4022 6160
537 283 642 336 787

1943 281 2223 336 MARIAN]
2263 279 2491 334 SCOTTI

3810 260 3919 316 788

538 405 888 477 Mogontinus
937 403 1077 461 obiit
1140 404 1274 461 feria
1312 404 1364 460 3.
1406 406 1462 458 7.
1515 407 1644 462 Idus
1689 405 2044 472 Decembris;
2096 401 2558 465 cuiAtraderitis.
2589 403 2722 457 Cum
2762 404 2942 456 autem
2973 396 3148 453 nostri
3180 394 3553 465 promiserunt
3581 390 3719 446 dare
3749 394 3920 445 totam

540 494 811 568 Sigfridus
839 495 1126 550 successit.

2263 506 2414 547 suam
2455 491 2776 562 peccuniam
2827 489 2930 544 nisi
2979 487 3202 552 victum,
3257 497 3432 554 usque
3480 481 3548 536 ad
3579 480 3920 537 christianos

620 584 774 639 1082.
813 585 950 654 [MLX]
985 584 1037 638 4.
1071 581 1338 652 Sigfridus
1367 582 1656 638 Fuldensis
1702 583 1872 638 abbas
1905 581 2182 638 dominico
2265 581 2460 636 ducem
2517 579 2861 636 Arabitarum
2910 590 3033 632 cum
3080 575 3213 629 viris
3247 572 3312 626 16
3345 570 3692 639 totidemque
3723 565 3921 638 gladiis

546 675 636 730 die
700 674 899 729 natalis
953 673 1167 727 Domini
1225 673 1293 726 de
1353 673 1521 727 Fulda
1579 673 1645 728 ad
1715 674 1916 744 regiam
1975 680 2182 727 curtem
2267 669 2702 726 intromiserunt.
2745 667 2845 734 Qui
2894 679 3015 722 cum
3055 663 3281 719 vidisset
3318 663 3614 732 episcopos
3644 655 3920 728 gloriosos

549 763 756 828 exiens,
799 761 1049 816 baculum
1117 761 1415 831 Mogontini
1474 763 1984 831 archiepiscopatus
2051 759 2186 815 feria

549 859 698 909 sexta
736 853 792 906 in
824 851 1116 920 epiphania
1145 851 1378 920 accepit,
1422 866 1577 921 papas
1609 853 1769 906 etiam
1810 859 1940 907 tunc
1978 850 2188 905 Nicolai

552 945 730 1013 legato
758 940 1089 1006 Alexandro,
1113 940 1206 1009 qui
1239 953 1347 994 non
1380 940 1541 1010 longe
1575 948 1762 1010 postea
1795 955 1932 1010 papa
1965 939 2190 994 eiiectus

550 1038 653 1099 est,
696 1031 801 1086 hoc
857 1029 1000 1085 idem
1057 1030 1113 1084 in
1171 1037 1324 1084 curte
1384 1031 1530 1099 regia
1592 1038 1885 1085 annuente.
1931 1031 2193 1084 Witratus

551 1122 793 1178 decanus
827 1119 1117 1174 Fuldensis
1146 1126 1271 1188 post
1311 1134 1431 1175 eum
1464 1121 1519 1174 in
1552 1121 1722 1175 Fulda
1762 1121 1931 1175 abbas
1968 1133 2194 1174 succes-

551 1211 622 1266 sit
654 1223 782 1264 ann.
825 1207 906 1262 10.
936 1208 1194 1264 Nicolaus
1225 1223 1364 1278 papa
1397 1209 1556 1264 obiit.
1587 1209 1896 1264 Alexander
1923 1224 2062 1280 papa
2098 1207 2196 1264 1...

552 1299 798 1356 successit
827 1298 980 1352 annis
1016 1297 1098 1351 10.

595 1387 787 1533 b1083.
827 1387 988 1457 [MLXI]
1021 1385 1074 1442 5.
1116 1387 1361 1456 Majobus
1399 1387 1568 1442 abbas
1605 1389 1916 1442 Scottorum
1956 1385 2200 1442 Coloniae

634 1478 716 1532 iit.
749 1477 777 1503 *

557 1478 716 1534 obiit.
749 1477 777 1503 *

707 1567 748 1636 [*
806 1564 1084 1620 Foillanus
1157 1570 1282 1634 post
1339 1579 1460 1620 eum
1541 1565 1825 1620 successit.
1891 1564 2089 1620 addunt
2145 1565 2201 1619 2.

774 1653 858 1709 2*.
890 1652 1012 1722 2".)

639 1740 796 1797 1085.
841 1742 1066 1814 [unum]
1098 1742 1152 1797 7.
1181 1743 1209 1770 *

715 1833 757 1902 [*
786 1832 968 1888 Ciclus
1005 1831 1202 1886 solaris
1251 1837 1304 1885 et
1335 1831 1833 1888 decennovennalis
1871 1832 2030 1886 simul
2063 1831 2210 1886 inci-

783 1921 957 1991 piunt.
992 1920 1118 1975 add.
1160 1919 1214 1976 2.
1249 1920 1343 1982 (2".
1375 1920 1462 1974 2“
1483 1921 1538 1990 ἢ]

647 2009 801 2065 1086.
845 2009 1038 2080 [uLx1v]
1093 2008 1146 2063 8.
1189 2009 1372 2064 Ciclus
1425 2023 1651 2079 magnus
1710 2008 1982 2079 paschalis
2029 2007 2210 2078 [tertio

572 2099 655 2164 5"]
687 2099 883 2168 incipit
919 2098 1224 2154 indictione
1273 2099 1530 2153 secunda.
1576 2099 1726 2153 Multi
1770 2099 1968 2155 divites
1997 2106 2051 2153 et
2084 2113 2216 2167 pau-

575 2203 736 2259 peres
801 2200 921 2243 cum
991 2187 1308 2256 Mogontino
1379 2188 1819 2256 archiepiscopo,
1881 2187 2215 2256 Trajactensi

576 2279 860 2348 episcopo,
925 2277 1312 2345 Bambergensi
1364 2278 1628 2346 episcopo
1695 2284 1749 2332 et
1815 2276 2217 2332 Radisbonensi

576 2368 860 2437 episcopo,
903 2372 1028 2435 post
1064 2367 1351 2420 transitum
1392 2367 1565 2420 sancti
1598 2367 1834 2433 Martini,
1880 2367 2217 2421 Hierusalem

578 2454 702 2525 plus
737 2453 769 2505 7
801 2454 1022 2509 milibus
1070 2462 1448 2524 perrexerunt.
1486 2455 1585 2509 Ubi
1616 2469 1746 2510 vero
1787 2456 2033 2525 episcopi
2064 2455 2222 2510 sede-

580 2544 731 2610 bant,
793 2542 1031 2598 dorsalia
1096 2544 1257 2612 pallia
1301 2545 1634 2612 pendebant,
1696 2545 1955 2600 scutellas
2003 2553 2058 2599 et
2097 2560 2224 2600 vasa

582 2646 747 2689 aurea
805 2638 859 2687 et
923 2639 1181 2702 argentea
1236 2633 1549 2699 habebant;
1621 2649 1688 2688 ex
1745 2635 1944 2703 quibus
1983 2634 2223 2704 gloriose

585 2721 934 2778 comidebant
965 2721 1171 2790 pariter
1201 2729 1255 2776 et
1284 2723 1566 2777 bibebant.

664 2810 818 2866 1087.
865 2810 1040 2880 [ium]
1074 2811 1128 2865 9.
1159 2812 1399 2866 Arabitae
1447 2825 1577 2866 vero
1619 2810 1755 2866 fama
1799 2812 2048 2881 pecunia:
2089 2825 2228 2867 con-

587 2900 820 2972 gregati,
853 2901 1166 2970 multosque
1205 2901 1580 2970 predictorum
1637 2901 1692 2956 in
1734 2915 2026 2969 parasceve
2083 2903 2232 2957 occi-

590 2991 785 3045 dentes
829 2991 1008 3058 (Mart.
1058 2989 1172 3056 25),
1215 3003 1335 3043 cum
1376 3003 1486 3044 non
1525 2990 1924 3056 sustinuerunt,
1971 2991 2028 3045 in
2059 2991 2236 3060 quod-

2270 775 2392 816 cum
2433 759 2618 815 multis
2649 757 2935 822 militibus,
2968 761 3023 810 et
3052 752 3291 808 dorsalia
3341 750 3502 820 pallia
3534 746 3847 818 pendentia
3875 753 3919 799 et

2271 855 2475 915 cetera,
2517 848 2661 903 sicut
2699 843 3116 902 consuetudinis
3163 848 3248 896 est
3299 851 3634 910 paganorum
3668 849 3806 890 reos
3845 840 3920 888 te-

2273 953 2427 1005 nere,
2461 936 2710 993 extendit
2757 935 3050 1004 corrigiam
3108 930 3254 986 circa
3293 928 3493 984 collum
3545 925 3919 993 Bambergen-

2275 1030 2352 1084 sis
2379 1027 2646 1097 episcopi,
2681 1025 2835 1095 quasi
2867 1021 3077 1079 domini
3116 1026 3428 1076 nostrorum
3460 1014 3852 1086 magnitudine
3877 1018 3922 1067 et

2278 1116 2689 1189 pulchritudine
2737 1112 2990 1182 corporis
3038 1111 3177 1179 ejus,
3229 1114 3284 1164 et
3329 1107 3406 1162 ait
3447 1126 3460 1160 :
3506 1107 3582 1161 Tu
3609 1109 3661 1159 et
3691 1105 3809 1157 ista
3846 1107 3924 1156 tua

2280 1207 2453 1261 omnia
2491 1219 2608 1259 mea
2663 1207 2833 1257 erunt.
2894 1201 3200 1270 Episcopus
3244 1209 3375 1252 vero
3414 1209 3514 1264 per
3563 1194 3921 1260 interpretem

2281 1295 2357 1350 ait
2393 1315 2404 1349 :
2439 1293 2575 1360 Quid
2604 1291 2730 1348 mihi
2757 1291 2967 1361 facies?
2997 1291 3062 1344 Et
3099 1288 3194 1342 ille
3233 1285 3373 1341 dixit
3414 1305 3426 1339 :
3465 1286 3629 1340 Istum
3660 1280 3924 1352 pulchrum

2281 1384 2587 1452 sanguinem
2643 1380 2870 1451 gutturis
2919 1379 2993 1435 tui.
3036 1391 3239 1446 sugam,
3290 1379 3338 1429 et
3366 1371 3686 1445 suspendam
3715 1374 3771 1424 te
3806 1370 3926 1424 sicut

2282 1489 2440 1530 unum
2486 1487 2666 1528 canem
2721 1474 2844 1526 ante
2898 1466 3188 1524 castellum.
3237 1467 3388 1520 Tunc
3427 1465 3752 1533 episcOpus,
3806 1473 3925 1529 pre-

2287 1565 2460 1620 henso
2491 1561 2671 1631 capite
2701 1561 2841 1629 ejus,
2877 1572 2988 1615 uno
3019 1556 3256 1626 colapho
3283 1553 3348 1585 ⁸⁶³
3378 1552 3699 1624 percutiens
3741 1549 3924 1604 ducem

2288 1655 2345 1710 in
2383 1659 2624 1717 terram;
2687 1663 2878 1704 omnes
2933 1647 3026 1702 alii
3084 1645 3234 1716 ligati
3289 1649 3438 1698 sunt.
3484 1642 3585 1708 Qui
3627 1653 3764 1696 vero
3793 1637 3927 1693 foras

2223 1736 2271 1794 B
2292 1749 2450 1799 erant
2477 1741 2765 1796 audientes
2801 1739 2926 1803 ista,
2960 1737 3241 1792 irruerunt
3286 1747 3452 1803 supra
3480 1731 3792 1787 castellum.
3831 1727 3924 1783 Sed

2292 1831 2383 1886 isti
2415 1830 2566 1901 ligati
2593 1843 2759 1898 supra
2789 1841 3002 1883 murum
3041 1825 3143 1880 sub
3173 1823 3371 1895 gladiis
3410 1822 3527 1877 suis
3565 1827 3765 1876 contra
3787 1821 3926 1888 jacu-

2294 1921 2344 1976 la
2375 1934 2598 1976 suorum
2630 1917 2925 1989 suppositi,
2955 1920 3285 1987 rogaverunt
3311 1913 3456 1969 filios
3483 1917 3540 1967 et
3558 1913 3770 1966 amicos
3787 1923 3923 1968 suos.

2296 2011 2390 2080 qui
2421 2018 2639 2065 ceteros
2669 2007 3092 2078 prohibuerunt.
3116 2004 3248 2059 Inde
3279 2002 3482 2058 bellum
3522 2001 3672 2056 inter
3702 2000 3927 2054 latrones

2296 2107 2476 2156 actum
2509 2104 2612 2164 est,
2655 2111 2776 2152 cum
2820 2095 2977 2151 multi
3024 2108 3214 2150 eorum
3264 2092 3548 2162 elegerunt
3597 2089 3925 2160 peccuniam,

2299 2189 2454 2244 multi
2488 2192 2670 2258 patres
2717 2193 2772 2241 et
2809 2186 3018 2240 amicos
3066 2197 3216 2238 suos.
3258 2183 3414 2237 Feria
3445 2194 3575 2236 vero
3614 2179 3651 2232 2
3690 2186 3811 2249 post
3838 2191 3928 2246 pa-

2300 2279 2428 2333 scha
2479 2279 2666 2342 (Ma-rt.
2723 2275 2808 2344 28)
2871 2279 3127 2344 rogantes
3175 2285 3297 2326 eum
3336 2269 3428 2324 alii
3480 2271 3578 2338 qui
3634 2273 3927 2328 evaserunt,

2301 2367 2450 2423 venit
2495 2366 2604 2421 dux
2656 2365 2724 2420 de
2774 2363 2999 2418 Bamula
3046 2375 3169 2418 cum
3219 2359 3387 2416 multa
3427 2372 3612 2422 manu,
3662 2362 3716 2412 et
3754 2354 3931 2424 fugans

2304 2457 2573 2522 Arabitas,
2625 2455 2838 2524 accepit
2887 2453 3220 2523 quingentos
3248 2450 3518 2505 bisantios
3548 2460 3747 2503 aureos
3783 2445 3849 2515 {id
3879 2442 3931 2471 κ’

2306 2555 2389 2604 est
2418 2546 2676 2602 denarios
2714 2544 2978 2614 magnos],
3021 2542 3403 2611 captivumque
3455 2539 3651 2594 ducem
3702 2535 3934 2591 Arabita-

2308 2651 2448 2702 rum,
2483 2635 2760 2690 inimicum
2807 2633 2978 2688 multo
3011 2638 3258 2700 tempore
3306 2631 3453 2700 regis
3483 2629 3932 2688 Sarracenorum;

2310 2733 2366 2780 et
2394 2726 2549 2780 duxit
2596 2723 2928 2778 christianos
2975 2719 3335 2786 Hierusalem,
3377 2726 3432 2774 et
3473 2718 3598 2772 inde
3637 2715 3706 2771 ad
3739 2727 3934 2769 navem.

2312 2815 2574 2871 Dominus
2607 2820 2787 2868 autem
2843 2818 3006 2867 vento
3046 2823 3314 2881 prospero
3375 2814 3599 2879 portans
3648 2820 3746 2860 eos
3778 2817 3938 2872 usque

2314 2905 2382 2960 ad
2434 2905 2804 2971 christianos;
2864 2915 2968 2957 nec
3005 2901 3116 2956 duo
3155 2899 3303 2955 milia
3355 2898 3423 2954 de
3470 2903 3679 2967 septem
3736 2894 3942 2950 milibus

2317 2993 2522 3050 reversi
2589 2998 2734 3048 sunt.
2775 3022 2847 3032 —
2884 2990 3003 3046 Nial
3065 2989 3128 3020 ⁵⁸⁵
3181 3002 3298 3043 mac
3336 2985 3593 3042 Eochoda
3655 2983 3794 3054 (158)
3862 2995 3944 3036 rex

593 3078 715 3133 dam
744 3075 806 3105 ⁵⁶¹
853 3075 1138 3131 castellum
1176 3091 1404 3131 vacuum
1435 3078 1762 3133 Carvasalim
1795 3081 2015 3135 nomine
2061 3082 2235 3136 nostri
2259 3066 2302 3125 Ο
2323 3083 2458 3139 Ulad
2489 3082 2628 3138 obiit
2667 3082 2746 3137 ld.
2777 3079 3119 3137 Novembris.
3150 3108 3224 3118 —
3258 3075 3420 3132 Grlfri
3451 3090 3544 3130 rex
3575 3075 3944 3129 Britannorum

593 3167 887 3238 fugerunt;
948 3165 1094 3235 quod
1145 3164 1483 3232 claudentes,
1544 3168 1819 3237 lapidibus
1885 3177 1939 3224 et
2004 3169 2242 3226 fustibus

597 3256 982 3313 deﬂenderunt
1021 3270 1080 3310 se
1130 3263 1322 3310 contra
1374 3257 1555 3326 jacula
1600 3258 1944 3314 Arabitarum
1983 3275 2244 3329 quercu--

598 3348 732 3403 tium
772 3351 1023 3401 cunctam
1058 3345 1375 3414 peccuniam
1407 3360 1596 3402 eorum
1635 3347 1719 3402 vel
1757 3349 1920 3404 vitam
1951 3351 2160 3418 pariter
2189 3355 2245 3406 et

600 3437 941 3508 peccuniam.
975 3437 1124 3490 Tunc
1176 3449 1317 3491 unus
1347 3437 1527 3492 bonus
1557 3437 1713 3492 miles
1743 3437 1894 3494 nullo
1924 3440 2088 3496 modo
2121 3455 2246 3510 pro-

599 3526 809 3582 hibitus
859 3539 889 3580 a
946 3523 1240 3594 sepulchro
1298 3525 1533 3593 Domini,
1610 3527 1790 3582 nudus
1854 3526 1990 3584 foris
2059 3529 2242 3584 exivit.

602 3615 840 3672 Arabita:
895 3627 1026 3670 vero
1085 3628 1209 3669 eum
1265 3615 1449 3670 statim
1506 3616 1867 3672 extendentes
1921 3619 1978 3672 in
2027 3619 2245 3675 modum

2325 3172 2463 3228 obiit
2494 3171 2550 3226 in
2591 3177 2871 3226 autumno.
2902 3198 2974 3208 —
3009 3167 3310 3224 Donnchad
3353 3165 3538 3236 (159),
3577 3164 3720 3218 [ilius
3761 3161 3944 3223 Briain,

2327 3277 2423 3318 rex
2453 3263 2521 3317 de
2553 3260 2812 3315 Hibernia
2861 3264 3024 3328 atque
3074 3255 3442 3312 Echmarcach
3495 3253 3636 3322 (160)
3672 3266 3768 3307 rex
3796 3253 3944 3305 Inna-

2327 3365 2463 3408 renn
2519 3349 2604 3417 5“,
2662 3350 2764 3404 viri
2819 3348 2965 3403 inter
3018 3361 3149 3402 suos
3205 3359 3316 3401 non
3381 3343 3675 3414 ignobiles,
3741 3342 3943 3396 Romam

2327 3441 2611 3496 venientes
2647 3438 2926 3494 obierunt.

2406 3529 2564 3584 1088.
2607 3532 2817 3594 [MLXVI]
2879 3525 2962 3581 10.
3019 3522 3318 3581 Donnchad
3376 3522 3440 3552 ⁸⁵⁷
3497 3535 3565 3577 0a
3630 3520 3942 3590 Hathgamua

2333 3620 2378 3674 ri
2409 3618 2543 3675 Ulad
2575 3617 2711 3686 (161)
2743 3618 2799 3672 in
2841 3615 3045 3685 templo
3075 3613 3388 3670 Bennchuir
3436 3609 3580 3683 (162)
3611 3622 3780 3665 verno
3823 3615 3942 3661 tem-

604 3706 785 3762 crucis
831 3705 1106 3773 sopinum,
1158 3705 1410 3760 manibus
1455 3705 1560 3774 ipsi
1609 3712 1664 3762 et
1703 3707 1938 3775 pedibus
1975 3708 2250 3764 transﬁxis

607 3797 663 3851 in
721 3803 922 3850 terram
981 3793 1226 3848 clavibus
1272 3801 1646 3863 superiectum
1703 3798 1910 3851 ventris
1966 3797 2110 3852 intra
2139 3799 2250 3854 duo

609 3885 799 3948 latera,
853 3887 907 3936 et
945 3888 1206 3950 cooperta
1255 3882 1522 3938 viscerum
1571 3885 1638 3937 ab
1677 3885 1786 3940 imo
1826 3887 2031 3941 ventris
2078 3902 2252 3956 usque

610 3979 774 4042 gutur
802 3985 969 4039 super
1016 3969 1210 4026 faciem
1251 3973 1368 4040 ejus
1418 3975 1806 4042 projecientes,
1849 3982 2250 4045 scrutaverunt,
2338 3980 2393 4033 in
2421 3977 2600 4032 natale
2631 3977 2865 4031 Domini.

613 4060 850 4131 qualiter
907 4059 1139 4114 humana
1213 4061 1421 4116 viscera
1489 4063 1797 4131 habentur;
1867 4066 2066 4120 deinde
2132 4081 2254 4122 eum
2417 4065 2832 4134 1089.[MLXV11]
2891 4062 2974 4116 11.
3013 4060 3248 4118 Araldus
3285 4060 3391 4115 sibi
3429 4057 3717 4114 successit.
3747 4051 3953 4110 Araldus

613 4149 958 4205 membratim
1015 4148 1341 4215 dividentes,
1381 4150 1490 4205 dux
1547 4152 1790 4220 ipsorum
1849 4155 2081 4221 primum
2114 4155 2260 4224 lapi-
2342 4164 2541 4222 autem,
2568 4157 2662 4225 qui
2695 4163 2749 4210 et
2778 4153 2991 4209 Arbach
3021 4152 3318 4208 vocabatur
3335 4148 3420 4217 ⁸⁸⁸,
3445 4163 3540 4204 rex
3567 4143 3953 4202 Nordmanndo-

616 4240 740 4296 dem
772 4252 939 4308 super
968 4252 1091 4293 eum
1125 4246 1181 4293 et
1229 4242 1606 4310 unusquisque
1655 4249 1779 4310 post
1810 4242 1961 4297 illum
2003 4245 2256 4314 projecit.
2346 4261 2488 4312 rum,
2531 4245 2708 4300 minus
2757 4244 2904 4299 mille
2952 4243 3179 4298 navibus
3226 4241 3374 4297 venit
3422 4253 3604 4294 mense
3651 4232 3951 4306 Septembri.

617 4330 769 4384 Tunc
806 4328 1012 4383 nostris
1042 4329 1296 4384 omnibus
1333 4329 1401 4385 de
1437 4331 1662 4386 castello
1693 4331 2055 4399 intuentibus,
2101 4334 2260 4388 dixe-
2346 4334 2625 4405 Anglicam
2675 4339 2876 4389 terram
2930 4337 3276 4403 regnaturus.
3337 4329 3439 4397 Qui
3487 4327 3719 4383 Eburaci
3769 4326 3823 4380 in
3865 4336 3957 4376 au»

621 4426 748 4475 runt
781 4439 794 4476 :
837 4421 935 4474 Vos
981 4420 1058 4475 ita
1095 4421 1262 4488 eritis,
1295 4421 1341 4475 si
1393 4425 1554 4476 totam
1602 4424 1906 4493 peccuniam
1963 4423 2111 4479 nobis
2157 4420 2327 4480 nonD
2350 4431 2540 4480 tumno
2578 4423 2702 4493 plus
2730 4437 2893 4493 quam
2932 4420 3081 4477 mille
3120 4419 3388 4476 laicorum
3427 4423 3732 4487 ceutosque
3773 4410 3956 4484 presbi-

1990 4553 2214 4606 VARL‘E
2252 4552 2620 4607 LECTIONES

695 4672 757 4748 ﬁ“
788 4671 929 4748 deest
961 4670 981 4723 1
1007 4677 1030 4725 ?
1097 4670 1165 4748 γ⁸⁶²
1196 4671 1502 4748 quotaml.
1579 4673 1644 4704 ⁸⁸³
1673 4675 1923 4748 colopho
1951 4677 1994 4730 l.
2073 4676 2136 4707 ⁵⁵⁸
2161 4677 2566 4748 superscriptum
2608 4673 2656 4731 1.
2731 4673 2793 4705 ⁵⁸⁵
2822 4673 2934 4748 haec
2959 4672 3152 4748 desunt
3181 4672 3235 4726 2.
3265 4676 3321 4748 ut
3350 4667 3555 4748 reliqua
3592 4681 3708 4748 qua
3746 4666 3816 4748 ad
3842 4675 3960 4748 [99a

626 4743 934 4826 Hibernicos
961 4736 1231 4826 spectant..—
1327 4736 1928 4826 “.“_in,arennm1._t}uod
1956 4748 2128 4826 nescio
2159 4736 2236 4803 ari
2256 4755 2395 4804 recte
2419 4736 2750 4818 explicarim.
2863 4745 2926 4776 “7
2955 4744 3225 4802 Haraldus
3265 4736 3526 4812 Harfager
3555 4736 3736 4796 autem
3765 4737 3820 4790 2.
3849 4736 3963 4790 Har—

629 4817 790 4872 much
821 4823 1004 4870 autem
1029 4815 1142 4870 2".
1175 4815 1427 4870 l-larwich
1457 4817 1572 4886 Sig.

2334 3723 2466 3779 pore
2516 3707 2808 3764 occiditur.
2859 3703 3146 3760 Domnnall
3195 3717 3263 3759 oa
3307 3701 3526 3772 Loigsig
3576 3699 3621 3754 ri
3655 3697 3796 3754 Arad
3828 3693 3945 3765 (Ιὸξῆ

2335 3798 2547 3854 iceneol
2601 3810 2812 3867 cogam.
2870 3795 3232 3866 ifeltigernseg
3287 3791 3482 3848 cluana
3537 3791 3659 3858 ejus
3704 3787 3944 3870 occissus.

2336 3889 2632 3943 lletbartus
2663 3901 2757 3941 rex
2780 3885 3076 3955 Anglorum
3110 3883 3233 3953 plus
3262 3882 3334 3936 30
3361 3881 3520 3936 annis
3550 3891 3805 3949 regnans,
3834 3873 3949 3930 obiit

1650 4816 1712 4848 ⁸⁸⁸
1748 4816 1868 4873 ἐξα.
1901 4820 2143 4875 aciebus.

2204 4945 2420 5001 NOTAE.

706 5039 844 5110 (158)
874 5041 917 5095 Ι.
951 5053 1001 5095 e.
1041 5039 1250 5095 Niallus
1297 5039 1440 5095 ﬁlius
1479 5041 1725 5097 Eochodi
1779 5056 1874 5098 rex
1923 5043 2180 5110 Ultoniaa,
2224 5049 2278 5098 et
2361 5044 2523 5108 citur,
2554 5044 2696 5098 Ann.
2720 5039 2906 5097 Ulton.
2949 5041 3034 5105 1V,
3079 5053 3132 5110 p.
3173 5036 3301 5094 342.

635 5127 745 5195 quo
775 5110 843 5168 cf.
877 5114 1287 5196 Annzquatuor
1329 5114 1596 5183 magistr.,
1628 5128 1679 5167 a.
1719 5113 1890 5182 1062;
1923 5117 2064 5170 Ann.
2109 5115 2280 5171 Ulto—
2399 5114 2583 5196 .(_16_l')'
2615 5116 2656 5169 1.
2700 5127 2901 5196 eznrex
2953 5111 3229 5179 Ultoniae;
3284 5125 3334 5165 v.
3392 5111 3532 5165 Ann.
3586 5110 3823 5177 quatuor
3867 5113 3973 5156 uta-

636 5182 856 5257 nienses
885 5198 934 5239 a.
976 5183 1129 5237 1063.
1322 5253 1337 5257 _
1362 5182 1447 5257 _’_
1507 5255 1535 5257 η
1567 5256 1574 5257 7
1663 5256 1666 5257 ν
2359 5182 2485 5257 gist.
2517 5187 2607 5252 lll,
2643 5200 2696 5254 p.
2730 5182 2860 5238 624.

667 5255 969 5339 .(lo59')_'De
1001 5269 1116 5339 quo
1140 5270 1190 5338 γ.
1233 5253 1699 5339 a...1036_‘('l-014)..
1727 5257 2280 5339 .Hujusperegrina:
2360 5248 2912 5339 :__(162)_'Bemtehair
2958 5253 2994 5308 l.
3046 5253 3084 5307 1.
3145 5251 3369 5314 dicitur,
3429 5250 3696 5306 Benncoir
3751 5248 3808 5303 in
3857 5250 3972 5300 Ann.

642 5327 809 5382 tionis
837 5327 1159 5398 Tigernachi
1207 5327 1410 5396 aliique
1460 5328 1741 5384 liibernici
1783 5328 2020 5384 Annales
2054 5344 2107 5384 a.
2145 5329 2279 5383 1064
2361 5328 2546 5384 Ulton.
2579 5328 2635 5382 h.
2669 5341 2719 5381 a.

642 5389 975 5482 mentionem
1006 5397 1230 5482 faciunt.
1276 5470 1288 5482 Ι
1321 5389 1337 5396 ’
1564 5470 1598 5482 η
1679 5471 1690 5481 ι
2018 5473 2028 5482 ν
2150 5474 2160 5482 Α
2380 5398 2573 5482 “(163)
2605 5401 2648 5454 1.
2681 5412 2733 5454 e.
2781 5396 3061 5453 Donaldus
3105 5395 3266 5452 O'Loi
3306 5394 3383 5467 (η)
3431 5394 3552 5464 gsig
3589 5406 3689 5448 rex
3730 5389 3855 5462 (Ball
3883 5400 3978 5440 m‘

716 5469 857 5541 (160)
911 5470 1311 5526 Eachmarcach
1368 5484 1465 5526 rex
1529 5470 1956 5541 alienigenarum
2014 5473 2069 5526 in
2134 5474 2276 5527 Ann.
2363 5470 2512 5528 dia}.
2575 5514 2588 5527 .
2646 5512 2661 5528 .
2716 5505 2734 5525 .
2791 5513 2804 5526 .
2861 5512 2946 5541 .7.
3001 5510 3018 5528 .
3073 5507 3088 5524 .
3146 5506 3160 5523 .
3217 5511 3230 5523 .
3286 5511 3300 5524 .
3360 5507 3373 5520 .
3429 5507 3442 5522 .
3502 5503 3518 5520 .
3573 5507 3591 5524 .
3649 5508 3662 5520 .
3721 5507 3735 5520 .
3791 5501 3804 5513 .
3856 5499 3870 5512 .
3920 5479 3975 5516 ος

644 5531 968 5611 Tigeriiachi
997 5557 1047 5597 a.
1086 5542 1220 5597 1052
1249 5544 1580 5601 nominatur.
1622 5531 1740 5600 Hoc
1768 5557 1913 5602 anno
1954 5543 2159 5600 abiisse
2189 5544 2282 5601 di-
2363 5558 2415 5599 v.
2444 5544 2587 5600 Ann.
2625 5540 2969 5614 Tigernachi,
3009 5541 3149 5597 Ann.
3190 5545 3342 5610 quat.
3374 5551 3518 5609 mag.
3551 5541 3607 5593 et
3637 5535 3819 5593 Ulton.
3859 5531 3907 5586 h.
3933 5544 3974 5581 a-
