4022 6160
146 257 247 312 τεο

1437 256 1848 315 οηΒοΝιεοΝ.
1888 285 1962 296 -
1999 257 2123 311 LIB.
2168 256 2258 309 111.

3388 254 3498 307 790

148 390 374 441 terarum
420 378 570 436 bello
616 380 825 438 occidit
869 381 938 437 de
983 380 1192 452 Anglis.
1241 381 1475 441 Araldus
1502 395 1631 439 vero
1672 380 2035 443 reanbbati
2092 380 2358 447 deberet,
2416 379 2687 435 violenter
2740 378 3057 449 compulsus
3081 421 3095 445 ,
3154 380 3485 450 Mogontiam
3540 379 3545 385 ’

151 472 434 543 Anglorum
477 484 601 525 cum
648 474 859 540 septem
906 471 1096 526 acibus
1122 469 1187 500 “9
1234 470 1365 526 belli
1416 472 1600 527 statim
1646 486 1773 541 per-

148 560 304 626 venit,
334 565 541 616 etcum
579 558 836 615 Araldum
883 558 1210 629 imparatum
1253 560 1460 629 absque
1499 559 1688 615 loricis
1718 566 1773 614 et

149 646 340 705 ceteris
371 647 614 716 ejusdem
666 648 747 703 rei
794 648 1113 715 invenisset,
1146 647 1291 705 bello
1326 648 1551 714 occidit,
1584 662 1770 704 mense

146 736 356 795 Octobr.
388 735 754 795 Willihelmus
780 751 932 803 vero,
963 737 1058 807 qui
1088 743 1144 793 et
1180 739 1410 804 Bastart,
1443 751 1567 793 cum
1598 739 1774 797 Fran-

148 826 221 881 cis
259 825 467 883 intrant
512 826 735 881 interim
779 826 1017 897 Anglos;
1080 826 1175 896 qui
1221 841 1346 884 cum
1392 826 1574 885 statim
1624 826 1770 882 bello

145 914 429 973 occidisset
472 915 729 975 Araldum
778 930 961 986 regem
1006 916 1325 987 Anglorum,
1358 916 1500 987 regit
1543 915 1767 985 Anglos.

147 1003 351 1073 [110cm
382 1017 533 1063 anno
558 1012 791 1061 cometa)
818 1005 974 1061 stella
1005 1006 1116 1061 visa
1148 1004 1271 1074 est.]

210 1093 360 1153 1090.
398 1092 639 1166 [mnu]
679 1093 762 1149 12.
802 1096 919 1151 Duo
952 1108 1105 1164 papa;
1144 1095 1201 1148 in
1229 1096 1427 1158 Roma;
1455 1093 1513 1150 id
1543 1099 1627 1148 est
1656 1095 1771 1166 epi-

142 1196 330 1253 scopus
348 1184 682 1250 Parmensis,
705 1183 801 1253 qui
821 1183 1102 1253 expulsus,
1126 1190 1183 1238 et
1208 1184 1494 1253 Lucensis,
1515 1184 1611 1254 qui
1632 1198 1771 1255 papa

140 1271 377 1331 etl‘ectus.
405 1302 478 1314 —-
525 1272 783 1329 Murchad
831 1272 1013 1328 Sciath
1061 1286 1229 1342 guerr
1278 1272 1423 1342 (164)
1469 1286 1537 1327 oa
1573 1273 1770 1328 Briaen

140 1362 405 1418 occiditur
431 1375 620 1417 mense
648 1364 799 1431 Sept.

207 1448 356 1503 1091.
387 1449 584 1520 [nm]
616 1448 698 1503 13.
723 1450 983 1506 Murchad
1013 1463 1080 1505 oa
1112 1449 1454 1505 Moelnambo
1480 1464 1547 1506 oa
1577 1450 1771 1505 Briaen

139 1538 267 1593 obiit
292 1552 468 1595 verno
507 1544 755 1607 tempore
790 1538 958 1606 (1651.
991 1569 1056 1579 -—
1105 1540 1220 1609 Ego
1266 1540 1434 1594 miser
1479 1539 1769 1603 Marianus,

134 1626 343 1695 jusione
401 1628 647 1697 episcopi
707 1627 1012 1699 Mogontini
1070 1634 1125 1683 et
1180 1628 1397 1683 abbatis
1462 1627 1773 1685 Fuldensis.

1853 470 1907 523 8.
1939 471 2069 527 Idus
2097 469 2413 525 Decembris
2442 468 2627 525 rediit.

1932 576 2084 630 1095.
2113 576 2350 647 [MLIXIII]
2390 574 2558 630 17.1n
2588 575 2692 630 hoc
2712 587 2857 632 anno
2887 574 3071 633 omnia
3094 575 3249 644 juxta
3274 588 3493 630 cursum

1854 665 1989 719 solis
2016 672 2072 720 et
2110 665 2254 720 luna;
2294 664 2566 719 habentur
2602 665 2746 718 sicut
2782 664 2836 718 in
2877 676 3021 718 anno
3058 662 3139 717 15.
3174 662 3404 730 Tiberii,
3437 664 3494 719 in

1854 768 1965 823 quo
2005 753 2311 823 baptizatus
2346 761 2431 809 est
2470 754 2749 815 Dominus.
2784 752 2837 809 id
2877 759 2960 808 est
2998 752 3119 808 dies
3156 751 3499 821 baptismatis

1853 842 1907 897 8.
1942 843 2068 897 ldus
2095 842 2359 905 Januarii,
2394 842 2704 911 epiphaniaa
2726 842 2815 897 die
2837 841 3139 907 dominico,
3170 847 3225 897 et
3254 842 3498 897 crastino

1854 931 1943 986 die
1978 930 2113 986 feria
2148 932 2201 984 2.
2233 930 2450 985 initium
2489 930 2688 1000 jejunii
2721 930 2973 995 Domini;
3032 931 3112 984 l5.
3146 930 3265 988 Kal.
3298 930 3495 993 Martii,

1855 1021 1910 1075 in
1942 1021 2032 1075 die
2079 1020 2169 1086 40,
2201 1020 2287 1074 sui
2329 1019 2547 1088 jejunii,
2580 1019 2639 1082 6,
2671 1018 2826 1085 feria,
2859 1020 3085 1077 victoria
3118 1021 3237 1089 ejus
3274 1020 3343 1075 de
3374 1020 3496 1076 dia-

1856 1109 1983 1165 bolo
2014 1114 2275 1177 superato
2305 1108 2361 1163 in
2400 1107 2526 1178 gula
2575 1115 2631 1162 et
2658 1122 2795 1163 vana
2838 1108 3014 1179 gloria
3054 1116 3219 1177 atque
3250 1109 3494 1174 avaritia,

1854 1198 1910 1253 in
1960 1197 2162 1267 quibus
2209 1196 2464 1253 diabolus
2518 1197 2753 1265 primum
2800 1198 2970 1253 Adam
3020 1198 3075 1253 in
3124 1199 3313 1254 eadem
3362 1197 3497 1255 feria

1854 1286 2168 1356 prostravit.
2216 1288 2262 1341 A
2309 1286 2634 1355 baptismate
2675 1285 2857 1355 itaque
2897 1287 3114 1342 Domini
3144 1287 3201 1341 in
3228 1300 3373 1343 anno
3410 1288 3492 1343 15.

1853 1375 2057 1431 Tiberii
2114 1374 2399 1441 hocusque
2456 1374 2568 1429 duo
2623 1376 2805 1444 magni
2854 1374 3000 1439 cicli,
3052 1375 3155 1429 hoc
3209 1383 3293 1430 est
3348 1376 3496 1430 mille

1854 1466 2135 1536 sexaginta
2164 1470 2401 1534 quatuor
2424 1464 2574 1519 anni.
2606 1494 2676 1503 ——
2705 1464 3037 1519 Conchobor
3066 1464 3207 1531 (168)
3244 1479 3310 1520 oa
3342 1466 3501 1535 Mael-

1854 1554 2133 1610 sechnaell
2172 1567 2268 1609 rex
2318 1553 2446 1609 Midi
2488 1551 2542 1605 9.
2578 1553 2695 1607 Kal.
2736 1553 2909 1622 April.
2942 1553 3221 1609 dominico
3253 1554 3342 1608 die
3360 1550 3500 1623 pal-

1857 1657 2064 1698 marum
2096 1644 2390 1697 occiditur.
2421 1674 2493 1682 —
2538 1641 2848 1697 Alexander
2888 1657 3031 1711 papa
3069 1641 3195 1696 obiit
3239 1642 3496 1696 dominico

134 1714 257 1771 feria
302 1716 340 1770 6
390 1724 517 1772 ante
565 1718 790 1787 palmas,
819 1717 858 1771 3
903 1720 1044 1774 Non.
1081 1717 1285 1788 Aprilis
1324 1717 1483 1789 (Apr.
1513 1716 1599 1788 3),
1641 1723 1767 1788 post

1861 1733 1959 1799 die,
1987 1732 2073 1787 11.
2100 1731 2228 1787 Kal.
2252 1733 2385 1787 Mai.
2422 1731 2778 1787 Illdibrandus
2807 1733 3069 1786 Romanus
3098 1730 3499 1785 archidiaconus

134 1819 297 1861 annos
342 1805 409 1860 10
453 1820 589 1863 mete
637 1806 965 1863 inclusionis
1009 1807 1244 1873 solutus,
1295 1807 1364 1862 de
1421 1807 1663 1863 clausola
1711 1808 1767 1863 in
1847 1822 2114 1875 successu,

136 1894 292 1950 Fulda
336 1895 409 1951 ad
454 1896 785 1966 Mogontiam
832 1896 1161 1953 conductus.
1211 1896 1495 1953 Dedicatio
1539 1897 1765 1967 capella:

136 1984 388 2041 clausolaa
434 1987 753 2042 monasterii
799 1986 975 2042 sancti
1024 1986 1238 2042 Martini
1285 1987 1341 2041 in
1397 1988 1672 2057 Mogontia
1711 1988 1765 2042 in

136 2075 339 2131 honore
390 2076 566 2131 sancti
622 2076 990 2132 Bartholomei
1048 2076 1284 2146 apostoli
1336 2076 1372 2129 6
1425 2076 1552 2132 ldus
1604 2077 1763 2141 Julii,

135 2162 262 2219 feria
292 2164 328 2217 6
372 2163 496 2235 (Jul.
534 2164 635 2233 1(1),
667 2172 983 2221 sanctorum
1029 2172 1240 2233 septem
1288 2163 1514 2221 fratrum
1560 2166 1615 2220 in
1656 2164 1768 2223 tes-

136 2252 362 2309 tivitate.
410 2256 470 2308 ln
517 2267 625 2323 qua
671 2253 913 2309 clausola
959 2252 1154 2308 eodem
1202 2252 1292 2307 die
1340 2267 1443 2323 ego
1498 2255 1771 2310 Marianus

134 2355 231 2409 pro
288 2343 535 2411 peccatis
590 2342 727 2397 meis
780 2341 1027 2397 secundo
1086 2342 1362 2398 includor.
1417 2343 1771 2399 Consecratio

133 2431 257 2485 novi
308 2430 628 2486 monasterii
665 2436 868 2485 sanctae
917 2430 1098 2485 Mariae
1129 2431 1185 2485 in
1229 2431 1525 2501 Mogontia.
1563 2431 1618 2484 9.
1652 2432 1770 2487 Kal.

126 2518 451 2574 Decembris
497 2518 651 2588 (Nov.
679 2516 791 2587 23),
822 2516 962 2574 feria
998 2519 1263 2586 secunda,
1308 2518 1399 2574 die
1426 2522 1605 2575 sancti
1642 2520 1771 2576 Cle-

130 2606 353 2663 mentis.

204 2694 365 2749 1092.
410 2695 585 2765 [nux]
643 2696 726 2750 l4.
784 2696 989 2753 Scottis
1044 2702 1099 2752 et
1157 2697 1381 2753 Francis
1438 2698 1778 2754 vastantibus

136 2784 356 2855 Anglos,
397 2784 790 2855 disperguntur
826 2790 882 2841 et
928 2784 1067 2840 fame
1107 2786 1417 2841 moriuntur
1444 2801 1776 2857 carnemque

140 2873 424 2928 humanam
461 2873 792 2930 manducare
840 2879 897 2929 et
937 2874 1005 2929 ad
1051 2874 1157 2930 hoc
1213 2875 1464 2930 homines
1520 2876 1776 2932 occidere

143 2962 361 3018 condire
401 2968 676 3033 coguntur
710 2968 876 3033 atque
913 2964 1274 3033 suspendere.

212 3050 363 3106 1093.
390 3050 588 3122 [nun]
620 3050 700 3107 15.
730 3052 880 3108 Unus
898 3051 1247 3117 clericorum,
1272 3051 1499 3108 Carolus
1529 3051 1772 3118 nomine,
1794 3040 1837 3099 (Σ

145 3152 283 3195 more
333 3139 573 3196 Simonis
626 3139 768 3211 magi
796 3140 880 3207 ‘7“,
921 3141 1017 3210 qui
1072 3141 1279 3197 donum
1335 3139 1620 3210 spirituale
1674 3152 1775 3208 pro

148 3229 321 3294 precio
368 3229 584 3300 rogavit
626 3229 695 3284 ab
739 3228 1028 3299 apostolis,
1059 3242 1091 3284 a
1137 3243 1266 3300 rege
1315 3228 1574 3285 Heinrico
1617 3242 1774 3285 com-

148 3319 339 3384 paravit
381 3320 763 3389 episcopatum
792 3319 1028 3375 civitatis
1054 3319 1409 3375 Constantiae.
1431 3318 1534 3387 Qui
1564 3319 1621 3373 iu
1641 3332 1774 3374 con-

146 3408 407 3465 venticulo
463 3408 849 3478 episcoporum
910 3414 967 3464 et
1018 3408 1275 3465 abbatum
1333 3409 1388 3464 in
1413 3408 1773 3465 'monasterio

146 3499 305 3554 sancti
350 3499 573 3555 Martini
631 3497 922 3569 Mogontiae
948 3541 962 3564 ,
1024 3499 1081 3553 in
1136 3499 1510 3567 assumptione
1567 3504 1774 3553 sanctae

148 3586 311 3643 Mariae
364 3586 517 3644 facto
574 3584 732 3657 (Aug.
798 3585 904 3655 l5),
963 3600 995 3642 a
1048 3584 1288 3656 Sigfrido
1354 3585 1774 3653 archiepiscopo

147 3673 451 3746 Mogontino
497 3690 683 3732 coram
727 3689 855 3746 rege
903 3675 1165 3731 Heinrico
1205 3671 1480 3743 culpatus,
1509 3673 1638 3742 quia
1677 3687 1777 3742 per

147 3765 328 3820 ostium
357 3764 579 3822 Domini
600 3764 658 3795 ⁶⁷¹
702 3777 813 3820 non
843 3763 1086 3828 intravit,
1118 3762 1328 3833 absque
1357 3761 1555 3817 baculo
1584 3776 1614 3817 a
1646 3774 1780 3817 con—

146 3853 403 3910 venticulo
438 3853 644 3918 exivit;
676 3852 879 3908 deinde
908 3858 1035 3921 post
1060 3864 1262 3906 annum
1294 3864 1404 3906 non
1434 3849 1586 3906 vixit.

214 3939 356 3996 1094.
405 3941 632 4014 [xum]
691 3940 773 3997 l6.
824 3940 1085 3996 Diarmait
1133 3939 1275 4011 (166)
1324 3954 1421 3995 rex
1466 3942 1669 4011 Lagen.
1718 3939 1774 3993 8.

147 4028 260 4085 ldus
303 4033 471 4088 Febr.
520 4030 657 4086 feria
700 4030 943 4086 secunda
986 4029 1233 4086 occissus
1261 4029 1468 4086 Cunlad
1508 4028 1666 4100 (167)
1708 4042 1776 4084 oa

150 4118 362 4178 Flathraa
388 4120 535 4178 feria
562 4126 715 4176 sexta
743 4119 799 4172 4.
828 4119 957 4175 ldus
985 4119 1145 4175 Febr.
1169 4118 1463 4175 occiditur.
1485 4147 1558 4158 —-
1586 4116 1777 4188 Sigfri-

152 4207 241 4264 dus
273 4211 570 4281 episcopus
617 4209 964 4279 Mogontinus
1007 4206 1064 4261 5.
1115 4208 1244 4263 ldus
1287 4209 1438 4277 Sept.
1483 4207 1652 4278 (Sept.
1684 4206 1771 4277 9),

152 4297 234 4353 die
260 4300 555 4368 dominico,
601 4298 759 4370 quasi
806 4312 969 4354 causa
1015 4298 1283 4355 orationis
1330 4298 1385 4353 in
1423 4296 1672 4353 Galitiam
1701 4297 1770 4352 ad

152 4386 386 4444 Sanctum
410 4388 678 4445 Jacobum
712 4386 970 4457 perrexit.
1003 4389 1136 4442 Cum
1164 4394 1344 4441 autem
1384 4386 1774 4441 monasterium

154 4477 528 4534 monachorum
577 4476 725 4546 quod
758 4482 841 4531 est
886 4475 1155 4531 Cluaneca
1203 4475 1481 4531 dominico
1518 4474 1609 4530 die
1646 4483 1773 4530 ante

155 4562 353 4620 missam
396 4566 578 4622 sancti
624 4563 906 4620 Michaelis
965 4563 1142 4635 (Sept.
1190 4561 1286 4634 23)
1349 4568 1513 4630 esset,
1563 4563 1775 4618 intrans

155 4649 428 4710 claustrum
486 4653 702 4724 respuit
756 4652 1022 4708 seculum.
1087 4651 1193 4707 Sed
1252 4650 1382 4706 dum
1448 4651 1774 4707 mercenarii

154 4738 505 4810 Mogontinum
542 4742 920 4812 episcopatum
966 4753 1284 4810 comparare
1322 4738 1526 4795 vellent
1564 4739 1772 4809 precio,

154 4826 401 4899 Sigfridus
451 4833 511 4888 iu
567 4829 885 4888 obedientia
913 4828 978 4860 ⁸⁷²
1027 4829 1203 4885 sancti
1259 4828 1563 4895 Benedicti,
1613 4842 1775 4899 quam

1928 1926 2080 1982 1096.
2128 1927 2361 1997 [δίωξιν]
2422 1927 2503 1980 18.
2557 1928 2699 1995 Papa
2742 1926 3023 1995 prodictus
3074 1925 3321 1980 decrevit
3372 1940 3498 1994 prc-

1850 2023 2013 2086 cepto
2044 2018 2189 2073 Petri
2218 2016 2457 2087 apostoli
2489 2022 2544 2071 et
2572 2016 2747 2070 sancti
2778 2016 3096 2081 Clementis,
3130 2022 3190 2069 ut
3219 2028 3407 2083 supra,
3442 2021 3501 2068 et

1849 2107 2155 2161 canonibus
2194 2112 2408 2175 patrum
2440 2120 2538 2174 per
2576 2105 2815 2159 bannum
2846 2106 2961 2169 Dei,
2996 2105 3141 2159 Petri
3173 2110 3228 2159 et
3256 2103 3411 2158 Pauli
3443 2111 3497 2158 et

1850 2208 2031 2260 suum,
2080 2194 2328 2263 synodali
2362 2194 2574 2261 judicio
2633 2192 2929 2248 multorum
2979 2193 3388 2260 episcoporum,
3446 2199 3501 2246 et

1852 2283 2241 2338 contradicens
2289 2283 2573 2337 interdixit
2622 2281 2963 2351 presbiteris,
3007 2280 3334 2336 diaconibus
3372 2294 3496 2335 om-

1854 2372 2127 2442 nibusque
2184 2372 2422 2439 clericis,
2477 2385 2678 2426 uxores
2728 2371 2933 2424 habere
2992 2376 3047 2423 et
3099 2371 3323 2424 omnino
3377 2383 3499 2424 cum

1855 2459 2073 2515 feminis
2104 2462 2371 2525 habitare,
2392 2444 2503 2516 nisi.
2531 2475 2654 2515 cum
2686 2460 2767 2515 eis
2796 2473 2933 2530 quas
2965 2458 3152 2527 regula
3183 2458 3267 2513 vel
3298 2458 3503 2513 Nicena

1855 2548 2100 2619 synodus
2129 2551 2422 2605 concessit.
2465 2548 2717 2605 Decrevit
2747 2561 2966 2618 quoque
2994 2555 3054 2602 ut
3082 2547 3185 2602 sub
3225 2547 3502 2602 sententia

1856 2639 2032 2692 sancti
2086 2640 2232 2694 Petri
2292 2653 2413 2693 cum
2469 2639 2689 2694 Simone
2746 2638 3099 2693 damnaretur
3154 2650 3265 2692 non
3322 2635 3501 2691 solum

1858 2732 2075 2795 emptor
2112 2732 2167 2781 et
2213 2727 2468 2783 venditor
2518 2728 2786 2796 cujusque
2843 2726 3279 2782 consecrationis
3335 2723 3503 2780 ofﬁcii

1859 2813 2243 2881 ecclesiastici,
2275 2816 2330 2871 id
2370 2822 2454 2871 est
2502 2816 2877 2885 episcopatus,
2928 2814 3345 2885 presbiteratus,
3379 2813 3503 2868 dia-

1860 2908 2109 2969 conatus,
2153 2905 2540 2973 preposituraa,
2574 2904 2899 2970 decanatiae,
2932 2903 3184 2959 ecclesiae
3230 2902 3315 2957 vel
3346 2901 3507 2957 deci-

1861 2991 2137 3058 mationis,
2177 2992 2275 3048 sed
2324 2992 2510 3048 socius
2555 2993 2999 3061 transgressoris.
3050 2990 3313 3047 Dominus
3358 2990 3503 3045 enim

2304 3081 2601 3153 accepistis,
2642 3082 2809 3149 gratis
2847 3081 2991 3136 date.
3040 3080 3196 3136 Unde
3243 3080 3313 3135 de
3370 3093 3503 3150 pre-

1856 3169 2003 3225 dicta
2032 3170 2247 3241 synodo
2279 3170 2441 3241 legati
2492 3185 2649 3241 papae
2682 3171 2831 3226 missi
2864 3171 2929 3225 ad
2972 3170 3288 3225 Heinricum
3318 3183 3500 3239 regem

1856 3262 2247 3327 Romanorum,
2281 3261 2335 3315 id
2380 3266 2465 3316 est
2502 3261 2613 3316 duo
2662 3260 2911 3330 episcopi
2950 3274 3072 3315 cum
3112 3259 3323 3329 regina,
3358 3259 3503 3328 regis

1856 3350 2100 3421 ejusdem
2144 3357 2337 3416 matre,
2371 3356 2431 3405 ut
2460 3357 2517 3405 et
2547 3349 2842 3405 universali
2882 3349 3093 3418 synodo
3126 3360 3310 3402 coram
3350 3360 3501 3416 rege,

1857 3440 2133 3495 communi
2174 3440 2417 3493 omnium
2465 3438 2855 3506 episcoporum
2905 3435 3222 3499 interdictu,
3276 3432 3506 3490 feminas

1857 3532 2178 3597 separarent
2206 3542 2236 3580 a
2267 3526 2507 3591 clericis,
2536 3532 2592 3580 et
2621 3525 2852 3578 maxime
2904 3538 2934 3577 a
2982 3522 3346 3591 presbiteris;
3399 3536 3505 3577 no-

1861 3617 2079 3671 luerunt
2108 3628 2227 3669 esse
2258 3615 2313 3668 in
2352 3612 2553 3682 pascha
2584 3626 2707 3666 cum
2742 3624 2869 3680 rege
2902 3611 2956 3664 in
2988 3608 3208 3663 civitate
3238 3607 3507 3680 Bamberg

1863 3706 2010 3775 (Apr.
2049 3703 2158 3772 20),
2191 3716 2294 3758 nec
2345 3704 2430 3771 [ne
2460 3692 2566 3756 ΕΒ.
2601 3700 2780 3769 Pun.)
2834 3700 3020 3753 cibum
3058 3697 3141 3753 vel
3181 3697 3503 3752 societatem

1861 3794 2155 3851 Hermanni
2195 3792 2438 3861 ejusdem
2477 3790 2713 3845 civitatis
2748 3788 3017 3858 episcopi,
3051 3786 3144 3856 qui
3185 3785 3314 3841 olim
3349 3799 3504 3842 com-

1861 3883 2070 3955 paravit
2115 3882 2494 3952 episcopatum
2524 3884 2579 3934 et
2626 3878 2848 3934 servivit
2881 3877 2995 3947 regi
3037 3877 3092 3931 in
3140 3875 3246 3931 hoc
3279 3876 3499 3945 pascha,

1859 3974 2144 4029 haberent.
2178 4001 2248 4010 —
2300 3967 2661 4041 [Dunatus"’,
2704 3968 3001 4038 episcopus
3042 3965 3221 4022 Dulim
3240 3964 3307 3997 ⁸⁷⁸
3339 3964 3497 4036 (169)

1858 4063 1998 4119 obiit
2036 4061 2163 4116 ldus
2199 4059 2341 4128 Mai]

1935 4168 2089 4223 1097.
2126 4167 2339 4241 [MLxxv]
2379 4166 2461 4221 19.
2503 4168 2635 4222 Cum
2666 4164 2888 4234 quidam
2921 4162 2985 4194 ⁸⁷⁸
3024 4163 3213 4219 clerici
3243 4163 3345 4219 sub
3374 4176 3498 4218 sen-

1857 4260 2027 4315 tentia
2076 4256 2358 4313 interdicti
2405 4254 2695 4326 apostolici
2743 4253 3006 4308 libentius
3035 4266 3154 4306 esse
3184 4251 3496 4315 voluerunt,

1794 4363 2018 4422 unam
2067 4346 2297 4403 feminas
2346 4352 2400 4400 et
2442 4357 2642 4399 uxores
2690 4355 2918 4405 carere,
2981 4347 3039 4393 ut
3085 4339 3168 4393 vel
3220 4353 3319 4406 per
3359 4336 3499 4393 alios

1856 4439 2277 4508 castigarentur,
2302 4434 2543 4489 decrevit
2572 4445 2712 4501 papa
2737 4428 3001 4499 synodica
3030 4426 3304 4495 legatione
3334 4424 3495 4483 etiam

1859 4527 1963 4582 hoc
2019 4538 2183 4591 anno,
2217 4530 2275 4577 ut
2302 4521 2551 4591 predicto
2581 4532 2726 4574 anno
2760 4516 2941 4572 nullus
2978 4513 3311 4570 Christianus
3347 4510 3501 4565 audi-

1858 4621 1943 4669 ret
1989 4613 2209 4668 missam
2264 4609 2543 4681 conjugati
2593 4604 2908 4678 presbiteri.
2950 4632 3018 4643 —
3065 4602 3146 4655 17.
3190 4600 3309 4656 Kal.
3359 4602 3496 4670 Aug.

1858 4704 1997 4760 obiit
2026 4700 2321 4758 Widradus
2347 4701 2517 4755 abbas
2544 4696 2852 4753 Fnldensis.
2879 4694 2902 4719 *τ

2036 4810 2061 4836 *
2091 4806 2423 4864 Ruozelinus
2455 4810 2577 4874 post
2607 4816 2730 4859 eum
2759 4798 3045 4855 successit.
3080 4794 3277 4850 addunt
3308 4793 3361 4848 2.
3385 4792 3498 4846 2".

1484 4927 1707 4983 VARUS
1753 4926 2139 4984 LECTIONES.

215 5013 274 5087 f"
300 5015 351 5070 in
386 5031 555 5087 marg.
594 5017 640 5072 1.

155 5083 280 5141 didit
308 5093 363 5142 et
408 5083 713 5157 baptizatus
741 5083 863 5152 fuit,
898 5088 1038 5143 hanc
1069 5087 1534 5156 comparationem
1580 5087 1651 5142 ab
1688 5083 1957 5158 apostolis
1996 5085 2191 5141 voluit.

154 5169 304 5227 marg.
339 5158 387 5212 1.
461 5159 527 5190 ⁵⁷⁸
553 5159 634 5215 vel
671 5159 875 5215 tulini?
909 5158 956 5213 1.
1032 5157 1095 5188 ⁸⁷³
1125 5158 1347 5227 quidem
1391 5158 1437 5212 l.

733 5016 797 5046 ⁸⁷⁰
826 5017 1002 5085 glossa
1032 5017 1085 5071 in
1121 5015 1141 5068 1
1172 5036 1184 5070 :
1218 5014 1360 5070 Psal.
1395 5016 1454 5069 1n
1487 5022 1561 5081 te,
1596 5016 1842 5075 Domine.
1884 5012 2121 5085 speravi.
2152 5014 2356 5085 Symou
2385 5014 2564 5085 autem
2598 5002 2911 5085 mag-nusiu‘
2938 4998 3503 5085 Samaria,‘ubi"c‘ref

2287 5082 2347 5113 ⁸⁷¹
2381 5082 2512 5137 dum
2547 5079 2595 5134 1.
2686 5068 2752 5107 δι’
2781 5072 3176 5131 obidendeutia
3214 5069 3259 5123 ι.
3354 5068 3418 5099 ⁵⁷³
3447 5068 3501 5122 in

1710 5232 1925 5287 NOTAE.

215 5314 348 5385 (164)
378 5319 675 5388 Epitheton
706 5326 809 5386 est,
843 5318 992 5389 quod
1022 5319 1255 5374 vertitur
1288 5338 1313 5368 α
1338 5319 1481 5375 scuti
1510 5319 1712 5387 brevis;
1740 5339 1768 5371 »

153 5399 196 5439 γ.
224 5390 354 5463 Ann.
386 5398 536 5463 quat.
570 5404 712 5463 mag.
746 5392 837 5463 111,
874 5406 926 5461 p.
953 5389 1078 5463 628.

203 5458 449 5540 (165)}.
498 5458 834 5540 Ann.'_laud.
874 5458 928 5517 a.
992 5460 1145 5528 1070,
1186 5460 1281 5518 ubi
1323 5459 1467 5517 illius
1502 5462 1771 5518 Diarmitii

152 5526 235 5584 lilii
270 5526 554 5591 Malnambi
585 5534 809 5592 dicitur.
1132 5526 1137 5528 ⁷
1382 5566 1385 5567 ν

1924 5317 2155 5391 (166λΥ.
2178 5317 2318 5391 Ann.
2340 5307 2691 5391 Tigernuachi,
2716 5321 2770 5377 p.
2793 5303 2925 5369 308,
2947 5309 3099 5373 quat.
3117 5315 3283 5372 mag.,
3301 5296 3477 5370 p.633

1931 5380 2093 5462 ζωή·
2114 5389 2174 5462 v.
2206 5380 2456 5462 i_bid.,_p.

1929 5451 2070 5528 (168‘,
2112 5460 2171 5513 ν.
2204 5460 2343 5513 Ann.
2379 5451 2551 5519 laud.,
2586 5451 2727 5528 h._a.
2789 5520 2801 5528 _
3036 5518 3072 5528 Ἀ
3241 5514 3272 5525 υ

1928 5514 2069 5603 (169i
2108 5530 2146 5585 i.
2180 5543 2231 5585 e.
2266 5514 3009 5593 Dunanus'archiniscOpus
3034 5514 3299 5579 Dublinii.
