4022 6160
483 311 592 363 791‘

1889 303 2169 358 MARIANI
2207 299 2434 356 SCOTTI

3751 282 3856 339 792

559 434 715 490 1098.
751 432 987 506 [Μυκη]
1019 433 1108 488 20.
1155 434 1215 489 In
1246 431 1310 464 ⁸⁷⁸
1347 432 1454 489 hoc
1499 443 1643 487 anno
1681 429 1957 486 dominica
1997 442 2124 498 pas-
2147 424 2408 489 Aducem
2437 423 2750 478 Suaevorum
2790 432 2957 489 super
2985 432 3044 473 se
3085 417 3451 506 constituunt,
3483 419 3541 472 et
3576 413 3852 471 dominica

481 528 565 582 sio
595 525 896 582 secundum
945 539 1164 580 cursum
1211 523 1345 579 solis
1373 530 1428 578 et
1476 521 1618 577 lunae
1650 520 1814 575 tertio
1863 519 2116 584 habetur,

479 617 589 672 hoc
619 623 702 672 est
740 630 771 670 a
821 616 1074 686 passione
1120 613 1322 670 Christi
1373 612 1483 666 duo
1530 610 1710 681 magni
1750 608 1898 676 cicli,
1929 607 1985 663 id
2037 611 2121 662 est

487 705 624 761 1064
656 706 806 761 anni.

480 796 768 867 Octoginta
789 794 856 826 ⁵⁷⁷
884 794 1107 850 ducenti
1137 805 1352 849 necnon
1385 790 1532 847 milia
1557 789 1800 860 quinque

482 890 746 944 Constant
775 899 965 941 omnes
993 885 1122 938 anni
1152 888 1368 952 tempus
1397 895 1570 951 usque
1600 881 1706 936 hoc
1734 877 1923 934 Adam.

484 976 704 1032 Multum
733 975 877 1047 (170)
909 974 979 1029 ob
1010 979 1302 1042 excerptos
1332 971 1562 1041 legimus
1592 967 1909 1024 barbaricos

483 1069 660 1138 Reges
685 1064 1068 1136 justiﬁcandos
1101 1070 1363 1133 gestaque
1395 1061 1613 1116 turbida
1643 1071 1871 1130 egenos.

1089 1168 1182 1207 ανυ
1188 1167 1269 1206 um

1125 1168 1182 1205 ..υ

485 1226 690 1298 Collige
720 1225 957 1280 litteram
989 1168 1340 1290 anlfgtl'iour'gm,
1373 1221 1574 1278 volvito
1606 1232 1890 1285 summam,

487 1319 695 1373 Existat
725 1320 1042 1371 numeratus
1069 1320 1301 1379 auctor;
1343 1312 1486 1366 intra
1517 1310 1758 1381 require,

1273 1447 1284 1457 .
1317 1401 1504 1456 librum

1273 1447 1284 1457 .
1317 1401 1354 1455 li
1390 1425 1394 1428 ·
1447 1417 1504 1454 -ηι

487 1481 691 1534 Rectus
720 1491 910 1533 omnes
940 1490 1024 1531 me
1056 1474 1180 1530 tulit
1295 1401 1494 1528 noli/rulm
1535 1472 1729 1527 ordine
1760 1469 1957 1525 laudis.

563 1567 718 1620 1099.
760 1565 1014 1638 [anxvn]
1048 1565 1138 1620 21.
1199 1566 1259 1619 In
1309 1561 1547 1619 concilio
1595 1561 1665 1615 24
1713 1559 2122 1629 episcoporum,

488 1657 740 1712 abbatum
816 1657 1223 1724 multorumque
1299 1653 1623 1709 clericorum
1660 1693 1674 1717 ,
1750 1650 2026 1705 Vurmatia
2063 1647 2128 1679 ⁵⁷⁸

2203 513 2398 571 mediae
2445 509 2876 583 quadragesima:
2926 506 3106 576 (Mart.
3147 504 3258 573 26.)
3310 503 3587 574 Mogontia
3637 509 3850 572 ungunt

2201 605 2258 659 in
2289 617 2492 674 regem,
2524 601 2748 669 viasque
2778 597 2898 667 Alpi
2929 595 3130 652 montis
3159 599 3352 651 contra
3381 592 3703 649 Heinricum
3735 605 3848 646 mu-

2203 694 2379 749 niunt.
2431 693 2560 746 Ilaec
2589 702 2712 745 cum
2745 685 3003 758 cognovit
3051 683 3362 749 Heinricus,
3396 696 3497 753 per
3540 680 3846 752 Aquileiam

2204 781 2570 837 Radisbonam
2602 783 2727 848 post
2765 775 2937 845 pacha
2969 773 3239 844 pervenit,
3272 777 3327 828 et
3355 772 3422 827 ad
3453 768 3757 827 Rodulfum
3795 769 3846 824 in

2204 870 2452 928 Suaviam
2508 872 2701 924 contra
2753 880 2813 921 se
2869 869 3083 920 certare
3137 867 3494 931 temptantem
3546 857 3843 916 festinavit.

2203 962 2334 1016 Cum
2364 971 2494 1014 vero
2543 953 2811 1012 Rodulfus
2846 951 3024 1023 fugit;
3047 951 3337 1007 Heinricus
3375 949 3625 1006 Suaviam
3659 947 3849 1018 pretia-

2203 1050 2298 1105 vit.
2333 1047 2734 1104 Convenientes
2763 1056 2984 1114 quoque
3015 1041 3162 1096 circa
3192 1042 3402 1095 Renum
3448 1039 3593 1094 inter
3627 1039 3848 1107 Mogon-

2206 1139 2334 1194 tiam
2378 1142 2433 1192 et
2461 1133 2814 1190 Wormatiam
2865 1145 3051 1186 mense
3097 1132 3234 1200 Aug.
3286 1141 3529 1199 pugnare
3581 1126 3848 1196 prohibiti

2206 1225 2581 1284 Conventione
2612 1235 2833 1292 quoque
2855 1221 2910 1276 in
2932 1219 3125 1275 eodem
3156 1218 3280 1274 loco
3311 1216 3453 1272 facta
3481 1217 3536 1272 in
3567 1214 3692 1271 Kal.
3714 1216 3843 1270 Nov.

2212 1308 2375 1388 (Nov.
2422 1313 2526 1386 1.),
2578 1310 2848 1368 Rodultus
2895 1309 3154 1365 Heinrico
3204 1307 3379 1364 oviam
3428 1319 3538 1362 non
3586 1305 3741 1360 venit
3768 1303 3843 1358 ⁵³⁸.

2207 1405 2498 1462 Heinricus
2527 1402 2774 1459 Suaviam
2794 1398 2859 1430 ⁸⁸⁷
2891 1397 3139 1469 predavit
3167 1401 3223 1452 et
3253 1395 3475 1452 castella
3514 1409 3614 1464 per
3651 1394 3846 1450 himem

2207 1495 2388 1565 fregit.

2289 1581 2440 1636 1101.
2480 1578 2712 1651 (Μυσία)
2763 1576 2852 1631 23.
2895 1573 3260 1645 Gregorius”8
3299 1572 3438 1645 (174)
3471 1588 3641 1645 papa,
3675 1573 3770 1642 qui
3801 1581 3846 1627 et

2209 1671 2540 1730 lllibrandus
2592 1669 2907 1738 episcopus,
2965 1679 3145 1721 servus
3173 1661 3236 1695 ⁵⁸⁸
3280 1676 3550 1718 seruorum
3596 1661 3716 1727 Dei,
3762 1676 3848 1732 per

488 1759 674 1801 mense
723 1745 897 1801 Martii
947 1743 1090 1799 facto
1140 1741 1306 1813 (171),
1359 1748 1614 1812 presente
1663 1739 1922 1796 Heinrico
1973 1752 2368 1818 rege,Btamm
2416 1759 2657 1815 Italicum
2702 1771 2916 1826 regnum
2971 1759 3020 1810 ει
3076 1749 3569 1813 Teutam-comma»,
3629 1749 3845 1805 dabam

489 1835 770 1890 decretum
819 1840 903 1888 est
949 1841 1007 1893 ut
1055 1833 1293 1887 banuum
1343 1829 1708 1886 lllibrandim
1758 1844 1912 1900 papae
1943 1827 2128 1883 nullus

488 1929 725 1987 curaret,
759 1937 861 1978 nec
892 1935 1031 1990 papa
1071 1929 1234 1976 esset.
1283 1923 1423 1989 Papa
1465 1933 1593 1975 vero
1633 1933 1817 1990 regem
1849 1932 1970 1973 cum
2014 1918 2129 1972 suis

489 2012 545 2066 in
592 2011 1005 2081 quadragesima
1054 2011 1230 2066 tribus
1276 2009 1766 2065 excommunicavit
1815 2008 2014 2073 causis,
2057 2008 2128 2062 ob

490 2101 762 2158 infamiam
832 2109 1182 2172 peccatorum
1248 2115 1469 2157 suorum
1529 2109 1584 2156 et
1649 2101 1912 2156 unitatem
1976 2113 2128 2154 suam

491 2207 612 2248 cum
643 2192 976 2257 simoniacis,
1011 2198 1064 2246 et
1095 2191 1234 2245 hanc
1272 2191 1534 2245 scisuram
1575 2189 1824 2244 ecclesiae
1865 2189 2009 2243 inter
2038 2203 2132 2258 pa-

492 2297 613 2353 pam
644 2289 700 2336 et
726 2281 882 2337 alios.
934 2280 1067 2334 Inde
1105 2294 1268 2335 causa
1307 2279 1461 2348 quasi
1497 2281 1644 2347 justa
1685 2279 1946 2348 primates
1977 2278 2130 2349 regni

489 2371 645 2442 quasi
704 2367 1269 2425 excommunicato'mo
1334 2368 1725 2423 contradicunt
1790 2368 1926 2436 regi,
1988 2375 2133 2421 tem-

492 2467 710 2531 ptantes
756 2473 878 2513 eum
931 2459 1202 2526 projecire
1253 2471 1444 2525 regno.
1477 2485 1546 2494 —
1599 2454 1848 2525 (111118⁸⁵⁸⁸,
1899 2456 2130 2510 militum

495 2548 737 2618 Boponis
768 2554 822 2602 et
849 2546 1138 2602 Gotobaldi
1168 2545 1355 2609 frater,
1391 2545 1698 2614 Wirziburg
1727 2545 1900 2598 sancti
1934 2545 2131 2598 Kiliani

497 2635 902 2701 03ηο01ου5³⁸²,
936 2635 1179 2690 moribus
1218 2641 1272 2688 et
1309 2640 1451 2688 etate
1483 2639 1538 2687 et
1582 2635 1892 2689 cantatioue
1939 2634 2132 2688 lauda-

496 2729 644 2792 bilis,
679 2729 732 2782 in
772 2727 944 2780 choro
983 2725 1208 2779 multum
1251 2723 1418 2785 utilis,
1453 2724 1580 2777 dum
1629 2725 1914 2780 Decembr.
1950 2741 2134 2784 mense

489 2818 660 2889 jacuit
711 2823 960 2871 mortuus
996 2814 1236 2867 clamans
1275 2821 1329 2866 et
1376 2827 1601 2882 gemens
1630 2813 1698 2868 de
1742 2817 2050 2872 terroribus
2080 2825 2135 2874 et

495 2906 889 2964 minationibus
919 2910 974 2957 et
1003 2902 1268 2957 calumuis
1310 2905 1581 2971 presentis
1609 2903 1837 2969 diaboli,
1872 2906 1943 2960 ob
1983 2921 2135 2962 suam

497 2996 862 3054 cantationem
911 2992 1328 3046 misserabiliter
1374 2992 1668 3057 laboravit;
1719 3007 1830 3046 non
1871 2996 2012 3050 enim
2047 3012 2136 3051 va-

2208 1855 2389 1906 sancto
2449 1851 2601 1904 Petro
2667 1845 3012 1901 obedientiam
3083 1841 3440 1898 exhibentibus
3512 1838 3845 1911 apostolicam

2211 1938 2637 1994 benedictionem.
2686 1935 2751 1990 Si
2788 1934 2874 2004 qui
2910 1937 3028 1987 sunt
3067 1930 3347 2003 presbiteri
3391 1927 3472 1984 uel
3518 1929 3732 1984 diaconi
3776 1927 3844 1981 sel

2210 2027 2537 2092 subdiaconi,
2569 2025 2656 2096 qui
2683 2024 2900 2094 jaceant
2935 2022 2991 2076 in
3019 2021 3233 2076 crimine
3267 2018 3658 2089 fornicationis,
3689 2017 3842 2071 inter-

2214 2119 2432 2174 dicimus
2471 2117 2546 2170 eis
2588 2129 2658 2168 ex
2699 2116 2854 2184 parte
2901 2109 3261 2181 omnipotentis
3307 2109 3406 2163 Dei
3448 2113 3495 2162 et
3544 2108 3844 2162 auctoritate

2213 2207 2382 2262 sancti
2427 2203 2569 2259 Petri
2614 2202 2882 2257 introitum
2928 2198 3178 2264 ecclesiae,
3220 2212 3382 2267 usque
3427 2196 3548 2251 dum
3591 2196 3843 2266 peniteant

2215 2300 2262 2350 et
2309 2293 2592 2349 emendent.
2643 2292 2709 2347 Si
2745 2292 2833 2362 qui
2879 2304 2998 2344 vero
3037 2289 3093 2343 in
3134 2292 3348 2359 peccato
3378 2301 3472 2342 suo
3513 2298 3844 2357 perseverare

2214 2381 2510 2448 maluerint,
2559 2379 2730 2435 nullus
2777 2383 3002 2432 vestrum
3057 2376 3284 2447 ofﬁcium
3328 2389 3507 2429 eorum
3559 2372 3844 2428 auscultare

2212 2475 2496 2544 presumat,
2546 2469 2669 2540 quia
2724 2467 3010 2522 benedictio
3066 2465 3208 2520 illius
3263 2465 3480 2519 vertitur
3531 2463 3586 2517 in
3639 2460 3843 2516 maledi-

2216 2560 2452 2625 ctionem,
2484 2563 2532 2612 et
2579 2557 2748 2612 oratio
2796 2556 2850 2610 in
2893 2559 3180 2626 peccatum,
3230 2556 3451 2608 testante
3498 2550 3719 2605 Domi-uo
3763 2563 3846 2620 per

2209 2647 2536 2721 prophetam,
2591 2663 2617 2696 ‹‹
2658 2643 2996 2710 Maledicam,
3054 2643 3240 2712 inquit,
3290 2638 3731 2695 benedictionibus
3776 2652 3847 2691 re-

2214 2739 2360 2794 stris.
2386 2756 2414 2788 »
2447 2735 2737 2790 Heinricus
2768 2747 2862 2788 rex
2891 2734 2945 2787 in
2975 2737 3330 2801 pentecosten
3363 2729 3658 2799 Mogontiae
3689 2728 3848 2796 depo-

2218 2826 2299 2881 nit
2345 2824 2700 2880 1|lihrandum
2741 2836 2934 2893 papam
2978 2821 3096 2890 (an.
3135 2819 3288 2885 1080,
3320 2819 3438 2876 Mai
3466 2816 3590 2888 31),
3631 2821 3687 2871 et
3718 2818 3847 2886 Vng-

2217 2917 2430 2972 bertum
2472 2915 2742 2968 Ravennae
2790 2911 3110 2980 episcopum
3154 2909 3210 2963 in
3260 2907 3542 2963 nativitate
3587 2905 3848 2960 Johannis

2223 3005 2370 3076 (Jun.
2401 3002 2495 3072 24)
2548 3003 2800 3071 baptista:
2852 2998 3154 3055 Pressea‘m
3204 2998 3341 3068 (175)
3383 2997 3704 3066 episcopatu
3752 3007 3844 3064 pro

495 3099 596 3141 cua
627 3081 1016 3138 vociferatione
1055 3078 1297 3149 falsaque
1327 3079 1629 3134 litterarum
1662 3081 1950 3137 multarum
1984 3085 2134 3154 adja-
2156 3089 2198 3150 (ξ.
2220 3106 2285 3148 eo
2334 3090 2463 3146 facit
2513 3105 2725 3160 papam,
2777 3089 3070 3145 Rodanum
3109 3101 3330 3157 quoque
3361 3098 3544 3156 regem
3583 3085 3844 3138 Saxonum

497 3175 679 3231 ctione
700 3170 764 3202 ⁵⁸³
792 3183 958 3240 super
984 3182 1144 3222 unam
1176 3168 1410 3222 litteram
1431 3168 1515 3222 vel
1549 3168 1958 3237 pulchritudine
1988 3176 2132 3239 soni,

495 3262 591 3319 sed
615 3260 784 3316 corde
814 3261 945 3313 trito
972 3272 1069 3327 per
1093 3257 1301 3311 intenta
1322 3257 1486 3311 verba
1518 3257 1763 3325 placatus
1792 3261 1952 3315 Deus.
1977 3263 2133 3328 Quod

495 3352 663 3422 igitur
699 3348 854 3418 quasi
904 3347 1150 3417 angelus.
1188 3386 1202 3398 .
1241 3388 1252 3399 .
1291 3385 1304 3397 .
1343 3388 1354 3399 .
1388 3343 1484 3398 ,⁵⁸⁵⁵
1532 3346 1762 3414 pulchre
1811 3363 2028 3419 semper
2078 3351 2134 3406 in

494 3441 666 3497 choro
686 3437 944 3502 cantavit,
970 3435 1268 3491 moriturus
1288 3447 1317 3487 a
1339 3433 1561 3489 diabolo
1586 3435 1830 3505 earpitus
1860 3438 2135 3494 acriter‘”

493 3527 737 3597 audivit.)

569 3616 724 3672 1100.
762 3613 1036 3687 [mxxvm]
1070 3612 1160 3667 22.
1191 3613 1482 3669 Heinricus
1513 3627 1644 3684 ergo
1675 3628 1771 3670 rex
1800 3621 1855 3670 et
1884 3615 2137 3672 lllibran-

495 3708 597 3763 dus
628 3719 767 3776 papa
813 3703 1206 3758 convenientes
1253 3715 1439 3758 mense
1488 3703 1679 3757 Martio
1712 3703 1853 3773 (172)
1905 3705 1961 3759 in
1997 3708 2137 3760 Lon-

493 3795 780 3866 gobardia,
813 3807 908 3848 rex
951 3806 982 3846 a
1032 3806 1171 3860 papa
1219 3791 1550 3846 solutionem
1600 3791 1787 3856 banni,
1828 3807 1965 3863 papa
2005 3809 2135 3850 vero

495 3885 680 3940 sedem
711 3882 1066 3951 apostolicam
1098 3895 1128 3933 a
1172 3895 1298 3948 rege
1329 3880 1563 3948 accepit.
1605 3882 2005 3939 Convenicutes
2042 3900 2134 3940 au-

498 3979 604 4028 tem
636 3975 793 4026 Suavr
843 3977 898 4024 et
943 3971 1184 4024 Saxones
1216 3977 1269 4021 et
1299 3969 1454 4037 Walp
1497 3969 1605 4024 dux
1647 3972 1986 4036 Boariorum,
2021 3976 2137 4043 epi—

496 4061 652 4128 sc0pi
699 4067 908 4127 septem
955 4058 1023 4112 de
1071 4058 1377 4112 Saxonibus
1407 4066 1460 4112 et
1498 4059 1589 4113 alii
1629 4074 1743 4125 sex,
1778 4062 2132 4129 Pataviensis,

498 4148 974 4218 Salsabogiensis,
1033 4147 1547 4218 Wirziburgiensis,
1613 4151 2026 4206 Wurmatiensis
2082 4159 2137 4207 et

499 4239 893 4310 Mogontiensis
929 4237 1197 4306 episcopi,
1224 4239 1376 4306 juxta
1409 4239 1669 4294 Bamberc
1705 4240 1773 4310 [in
1803 4255 1969 4309 marg.
2005 4242 2138 4296 For-

501 4327 660 4398 kem.]
697 4327 971 4383 dominica
1002 4326 1162 4382 tertia
1184 4325 1325 4396 (173)
1357 4327 1808 4396 quadragesimae,
1841 4328 2136 4385 Rodulfum

2217 3180 2423 3236 occidit
2453 3180 2598 3236 bello
2630 3180 2964 3244 Merseburc,
2988 3178 3082 3233 ubi
3113 3182 3167 3231 et
3196 3175 3446 3245 sepultus
3474 3173 3603 3228 ldus
3631 3171 3844 3228 Octobr.

2217 3270 2490 3340 Mogontia
2540 3284 2661 3324 cum
2711 3269 2880 3323 muris
2927 3267 3043 3323 Kal.
3091 3265 3375 3321 Decembr.
3410 3272 3558 3318 terre
3597 3269 3745 3316 motu
3783 3261 3846 3314 ita

2217 3371 2506 3424 concussa,
2542 3365 2600 3412 ut
2631 3357 2684 3412 in
2736 3355 3070 3412 monasterio
3109 3354 3286 3410 sancti
3320 3350 3554 3408 Victoris
3591 3349 3744 3419 quasi
3773 3348 3845 3402 di-

2216 3445 2399 3501 medio
2449 3445 2683 3501 miliario
2729 3459 2760 3499 a
2807 3442 3081 3515 Mogontia
3139 3447 3412 3498 mortuum
3460 3446 3610 3495 terra
3648 3450 3843 3491 sursum

2218 3552 2338 3593 cum
2380 3536 2583 3593 feretro
2623 3534 2920 3604 proiceret.

2294 3624 2446 3679 1103.
2503 3623 2714 3695 [MLxxx]
2776 3621 2864 3676 25.
2927 3620 3218 3677 Heinricus
3265 3633 3361 3675 rex
3414 3634 3442 3674 a
3501 3626 3842 3690 pentecosten

2219 3714 2415 3769 diebus
2444 3711 2859 3783 quadragesima
2891 3712 3115 3766 Romam
3149 3714 3343 3766 contra
3376 3708 3726 3764 lllibrandum
3762 3721 3844 3775 pa-

2220 3818 2342 3873 pam
2373 3808 2647 3872 expugnat
2678 3800 2832 3870 (Mai.
2864 3799 2933 3852 23
2961 3802 3126 3864 Jun.l,
3160 3811 3270 3854 non
3307 3798 3515 3853 intrare
3560 3798 3743 3867 petivit
3768 3793 3839 3846 δ”.

2218 3892 2493 3960 Mogontia
2544 3891 2737 3945 civitas
2768 3890 2909 3943 intra
2950 3894 3170 3942 octavas
3217 3891 3577 3956 pentecosten
3615 3901 3681 3941 ex
3707 3891 3844 3954 parte

2219 3984 2424 4048 majore
2455 3986 2509 4035 et
2548 3979 2938 4034 monasterium
2988 3976 3303 4046 episcopale
3341 3975 3557 4044 aliaque
3598 3983 3704 4030 tres
3741 3985 3846 4027 mo-

2219 4070 2456 4125 nasteria
2514 4070 2638 4139 igne
2697 4074 2980 4122 consumta
3038 4065 3236 4135 (Aug).
3269 4066 3428 4120 Suevi
3488 4065 3550 4120 in
3605 4071 3845 4118 autumno

2218 4158 2492 4214 Cuonradi
2523 4156 2746 4212 fratrem
2786 4157 3198 4221 Herimannum,
3232 4155 3480 4210 Heinrici
3511 4154 3581 4209 de
3608 4151 3770 4208 Lacha
3785 4148 3846 4179 ⁸⁸³

2219 4245 2403 4301 fratris
2450 4246 2639 4312 tilium,
2683 4259 2783 4315 pro
2833 4244 3068 4300 Rodulfo
3107 4242 3313 4299 faciunt
3353 4257 3559 4314 regem,
3598 4251 3650 4298 et
3674 4241 3727 4296 in
3754 4252 3845 4294 na-

2222 4336 2435 4391 tivitate
2465 4334 2678 4390 Domini
2707 4335 2760 4390 in
2791 4333 3024 4390 Saxonia
3053 4333 3276 4404 ungitur
3305 4333 3362 4388 in
3391 4347 3597 4403 regem.

1850 4485 2073 4540 VARLE
2126 4488 2511 4544 LECTIONES.

573 4608 638 4640 ⁵⁷⁸
665 4604 1074 4684 λρζᾳήᾳηηδῇωο
1102 4605 1299 4684 adjecit_
1329 4608 1605 4672 antequam
1635 4621 1688 4660 α.
1726 4605 1942 4680 (1074.)
1975 4626 2089 4681 sqq.
2122 4612 2392 4668 historiam
2419 4614 2647 4681 scripsit.
2689 4613 2867 4684 hisque
2895 4610 3172 4684 chronicon
3211 4610 3437 4684 primum
3476 4608 3674 4684 ﬁmisse

502 4685 606 4736 tur.
664 4679 744 4757 _"’
776 4679 856 4757 Ab
885 4677 1053 4757 Adam
1085 4690 1257 4757 usque
1285 4674 2114 4757 hunclaunum_§iin_t_an'no_rum
2149 4685 2293 4757 milia
2324 4674 2567 4754 quinque
2599 4693 2653 4740 et
2677 4674 2908 4757 insuper
2936 4682 3161 4738 ducenti
3191 4674 3484 4750 octoginta
3500 4679 3555 4733 2.
3588 4674 3848 4757 2"._Reli-

503 4767 607 4822 qua
644 4750 846 4830 ἀέδέιηέ·
899 4747 1246 4830 ,δῖ”,υντηδίῇἒι
1285 4747 1606 4830 {gain/"17};
1648 4748 1742 4830 _""_
1767 4750 2002 4830 lllibrani
2037 4753 2223 4830 1.ω³⁸⁰
2253 4747 2640 4812 exconicacato
2676 4756 2721 4811 l.
2797 4747 2854 4785 ‘8'
2880 4756 2933 4809 in
2954 4755 3186 4820 margine
3213 4753 3259 4805 1.
3282 4747 3471 4806 desunt
3501 4750 3625 4805 rell.
3695 4747 3751 4780 ⁵⁸³
3776 4759 3848 4801 ca-

503 4816 696 4898 nonze’
733 4821 778 4875 1.
803 4826 847 4898 ξ-
897 4819 962 4898 5f”
988 4816 1494 4898 i._e‘._adjection_e._'
1547 4818 1612 4898 “f”
1640 4818 1742 4898 legi
1768 4826 1940 4898 nequit
1970 4823 2014 4876 l.
2090 4825 2153 4856 ⁸⁸⁵
2180 4842 2285 4882 ηοη
2303 4826 2462 4898 plane
2491 4832 2747 4898 constant.
2781 4822 2984 4898 carpit”
3011 4816 3176 4898 acrit'f
3199 4838 3311 4877 esse
3333 4823 3591 4898 uidentur.
3669 4816 3844 4898 “frag.

503 4893 539 4946 2
578 4906 761 4964 hpogr.
792 4892 948 4964 (Vrat.
978 4889 1129 4964 addit
1157 4893 1357 4964 animo
1388 4890 1732 4946 uoloniensis
1762 4889 2057 4964 episcopus
2086 4898 2242 4953 obiit.

754 4963 827 5035 ’τῇ
879 4960 1109 5035 a_._‘1097
1160 4959 1358 5025 (1075).
1389 4967 1550 5035 -ροεζ,
1578 4959 1868 5032 presbiteri
1919 4959 2174 5035 leguntur,

2337 4898 2400 4929 ⁵⁸⁷
2451 4900 2656 4968 pariam
2711 4897 2757 4953 1.
2825 4886 2916 4968 ίδέθ
2952 4894 3518 4968 Gregorius—vestris
3546 4895 3601 4947 in
3631 4886 3844 4968 eodm}.

2225 4975 2274 5024 et
2323 4956 2462 5025 certe
2493 4971 2563 5025 ad
2592 4971 2724 5024 hunc
2751 4967 2836 5023 vel
2872 4969 2942 5024 ad
2980 4983 3034 5024 a.
3060 4956 3228 5022 V1074.
3255 4965 3558 5038 pertinent;
3589 4963 3662 5034 cf.
3693 4979 3744 5018 ιι.
3768 4956 3845 5012 54.

715 4963 827 5015 ‘2".
879 4975 930 5016 a.
978 4963 1109 5012 1097
1160 4963 1358 5025 (1075).
1407 4967 1524 5032 post
1578 4965 1868 5032 presbiteri
1919 4963 2174 5035 leguntur,
2225 4975 2274 5024 et
2323 4963 2462 5053 certe
2493 4971 2563 5025 ad
2592 4971 2724 5024 hunc
2751 4967 2836 5023 vel
2872 4985 2896 5024 a

636 5041 748 5090 eest
784 5032 831 5090 1.
908 5031 972 5064 ⁵⁹⁰
1001 5039 1352 5088 teutonorum
1387 5033 1434 5088 1.
1512 5032 1572 5065 ⁸⁹ι
1608 5036 1821 5104 preslea
1853 5036 1907 5093 2.
1985 5038 2048 5069 ⁵³⁸
2077 5039 2224 5109 lege:
2260 5048 2466 5111 potuit.
2541 5041 2605 5072 ⁵³³
2633 5041 2812 5097 Lacha
2845 5039 2896 5094 1.

2082 5185 2300 5240 ΝΟΤᾸΕ.

647 5366 682 5419 9

556 5408 730 5507 '(ﬁi)
767 5435 1026 5494 Januarii.
1055 5434 1316 5509 more;
1354 5451 1406 5494 v.
1440 5437 1604 5509 Legg.
1637 5438 1705 5506 ιι,
1737 5436 1916 5508 p.48.

590 5509 735 5582 (ηεξ)
770 5511 991 5582 Januar.
1025 5523 1076 5564 a.
1114 5508 1268 5582 1_0_77.

592 5578 736 5649 (173)
763 5581 805 5647 i,
837 5595 912 5649 e.,
942 5581 1097 5638 Mart.
1132 5579 1216 5649 12,
1249 5580 1455 5639 rectius
1490 5581 1648 5639 Mart.
1685 5578 1767 5636 13.

514 5382 549 5424 ll

586 5295 744 5420 (ΞΟ)
812 5295 889 5349 De
953 5292 1060 5350 hoc
1123 5292 1248 5350 loco
1314 5307 1364 5349 v.
1433 5293 1831 5364 praefationem,
1901 5310 1956 5366 p.
2023 5295 2152 5366 484,

2308 5297 2448 5369 (174)
2490 5314 2542 5355 v.
2573 5299 2765 5366 Mansi,
2812 5299 2924 5366 XX,
2967 5314 3023 5370 p.
3075 5297 3181 5354 433
3227 5312 3296 5354 ex
3339 5297 3582 5370 Gerhobi
3621 5293 3852 5370 Reicher:

2235 5359 2550 5500 :pélrgggsis
2598 5359 2944 5443 expositione
2967 5359 3353 5428 'Psalmorum.
3413 5367 3604 5428 Refert
3654 5369 3763 5425 hac
3792 5359 3849 5418 ad

2309 5513 2452 5586 (175)
2493 5514 2532 5571 i.
2565 5528 2616 5571 e.
2650 5514 2849 5572 Brixia.
