4022 6160
414 256 525 312 795

1815 254 2094 311 ΜΔΕΙΔΝΙ
2134 252 2368 309 SCOTTI

3672 244 3783 301 796

410 380 754 464 *Florentiug
781 381 913 463 ita;
953 380 1485 464 Apostolicushpapa
1532 378 1945 464 Hildepganduyg
1994 376 2119 443 inA
2209 392 2364 449 1107.
2392 392 2667 464 [utnxv]
2696 390 2836 463 (178)
2864 390 2955 447 29.
2979 389 3619 449 HeinricusWSaxones
3636 388 3786 445 bello

519 453 778 509 extremis
804 452 920 507 suis
946 449 1015 508 ad
1046 467 1105 508 se
1143 451 1355 507 vocavit
1387 463 1552 506 unum
1583 450 1652 506 de
1688 449 1752 502 12
1790 450 2050 505 cardina-

518 524 683 589 libus,
717 538 878 593 quem
926 523 1190 593 diligebat
1227 521 1477 587 multum,
1518 528 1573 576 et
1631 519 1916 577 confessus
1974 526 2057 576 est

522 596 884 667 omnipotenti
915 596 1026 651 Deo
1057 601 1112 667 et
1148 600 1337 667 sapcto
1370 595 1529 667 Petro
1569 600 1625 647 et
1653 593 1752 648 toti
1783 593 2053 667 ecclesiae,

520 664 683 722 valde
708 680 767 721 se
798 680 1054 736 peccasse
1093 666 1147 720 in
1180 664 1438 734 pastorali
1472 678 1624 729 cura,
1652 679 1774 734 quae
1798 666 1855 736 ei
1877 664 1944 719 ad
1976 678 2060 719 re-

521 738 757 808 gendum
797 735 913 793 erat
938 737 1246 808 commissa,
1280 736 1656 808 suadenteque
1677 735 1899 791 diabolo
1931 749 2061 791 con-

523 807 604 864 tra
635 822 809 879 genus
836 809 1130 863 humanum
1169 807 1354 862 odium
1377 807 1585 862 etiram
1618 807 1895 861 incitasse.
1929 809 2060 879 Post

525 894 586 935 ea
632 878 761 935 vero
793 879 1138 942 sententiam,
1181 893 1306 949 quae
1334 879 1389 933 in
1420 879 1554 933 orbe
1584 886 1850 934 terrarum
1892 878 2059 933 effusa

525 956 628 1016 est,
678 964 776 1020 pro
807 957 1098 1022 augmento
1129 950 1547 1022 christianitatis
1575 964 1633 1004 se
1663 949 1875 1022 cepisse
1914 950 2061 1005 dice-

523 1023 635 1077 bat.
677 1019 828 1076 Tunc
865 1019 1081 1077 demum
1132 1022 1280 1077 misit
1319 1021 1640 1090 praedictum
1688 1019 2058 1076 confessorem

520 1106 677 1148 suum
717 1093 784 1147 ad
824 1094 1210 1163 imperatorem
1259 1096 1314 1146 et
1352 1092 1419 1147 ad
1461 1098 1629 1148 totam
1661 1092 1973 1159 ecclesiam,
2001 1098 2061 1148 ut

523 1170 779 1234 optarent
826 1164 905 1219 illi
946 1164 1360 1234 indulgentiam,
1396 1164 1522 1232 quia
1571 1164 1730 1218 linem
1769 1164 1896 1218 vita;
1947 1179 2061 1218 suae

527 1235 847 1305 aspiciebat,
883 1242 934 1291 et
958 1236 1125 1290 tacito
1150 1235 1411 1289 induebat
1431 1249 1490 1290 se
1511 1235 1809 1304 angelicam
1830 1243 2056 1300 vestem,

528 1314 583 1362 et
612 1306 901 1362 dimisitac
931 1306 1183 1362 dissolvit
1203 1306 1419 1360 vincula
1449 1307 1750 1361 bannorum
1784 1307 2060 1361 omnium-

527 1392 633 1448 que
663 1391 885 1433 suorum
916 1378 1232 1447 imperatori
1265 1384 1319 1432 et
1343 1378 1490 1432 omni
1514 1377 1717 1447 populo
1738 1377 2058 1443 christiano,

524 1450 660 1504 vivis
708 1457 763 1503 et
791 1448 1086 1515 defunctis,
1120 1448 1338 1504 clericis
1376 1463 1439 1504 ac
1474 1448 1648 1514 laicis,
1682 1455 1737 1503 et
1760 1449 1926 1517 jussit
1968 1462 2065 1504 eos

527 1521 678 1575 abire
732 1520 801 1575 de
848 1521 1011 1576 domo
1067 1520 1419 1586 Theodorici,
1479 1527 1534 1575 et
1583 1520 1789 1576 amicos
1841 1520 2062 1575 Henrici

528 1591 848 1658 ascendere,
901 1598 1040 1648 teste
1098 1592 1417 1662 Moguntino
1475 1590 1920 1661 archiepiscopo,
1962 1605 2064 1645 nec

531 1662 703 1733 multo
736 1668 862 1731 post
880 1664 1038 1719 obiit.
1071 1693 1144 1702 —
1170 1665 1299 1717 Hcce
1344 1664 1399 1717 in
1422 1663 1591 1733 primo
1622 1663 1816 1718 codicis
1843 1663 1897 1715 2.
1937 1662 2064 1733 folio

530 1734 606 1787 ita
635 1730 873 1801 leguntur
902 1753 918 1787 :
950 1734 1211 1789 Volumus
1240 1748 1336 1789 vos
1363 1730 1526 1799 scire,
1552 1734 1646 1802 qui
1678 1730 2067 1789 ecclesiasticis
2086 1730 2134 1787 B

534 1818 681 1859 curae
711 1805 933 1860 solliciti
966 1806 1119 1870 estis,
1144 1805 1291 1874 quod
1323 1805 1661 1875 apostolicus
1681 1804 2070 1860 Hiltebrandus

536 1888 683 1931 nunc
730 1877 787 1930 in
836 1876 1094 1931 extremis
1121 1877 1237 1931 suis
1266 1876 1333 1931 ad
1360 1892 1419 1932 se
1448 1878 1660 1932 vocavit
1690 1891 1857 1932 unum
1896 1877 1966 1932 de
2010 1875 2073 1929 12

536 1946 926 2017 cardinalibus,
955 1962 1115 2016 quem
1139 1947 1365 2002 multum
1396 1948 1658 2017 diligebat
1689 1963 1801 2017 prae
1832 1948 2070 2014 caeteris,

537 2023 593 2072 et
629 2016 914 2074 confessus
932 2027 1016 2074 est
1042 2019 1406 2088 omnipotenti
1429 2016 1656 2074 Domino
1688 2016 1743 2073 et
1761 2025 1952 2074 sancto
1977 2020 2072 2073 Pe-

535 2096 622 2144 tro
643 2102 706 2144 ac
728 2089 828 2144 toti
847 2091 1095 2145 ecclesiae
1116 2090 1271 2144 valde
1297 2089 1416 2160 [se]
1445 2104 1700 2157 peccasse
1723 2091 1776 2145 in
1808 2090 2072 2161 pastorali

536 2174 687 2226 cura,
723 2175 847 2230 quae
879 2162 929 2215 ei
961 2161 1027 2215 ad
1073 2162 1371 2231 regendum
1416 2169 1535 2217 erat
1581 2163 1889 2217 commissa.
1937 2163 2070 2217 Sua-

534 2231 699 2287 dente
742 2232 962 2287 diabolo
993 2239 1184 2287 contra
1225 2232 1517 2288 humanum
1564 2247 1740 2303 genus
1785 2233 1971 2289 odium
2018 2240 2073 2288 et

533 2302 1182 2371 iram_incitasse.Postea
1209 2319 1338 2359 vero
1369 2302 1715 2370 sententiam,
1749 2320 1872 2374 quae
1897 2306 1953 2359 in
1985 2318 2071 2359 or-

534 2374 655 2447 bem
680 2380 962 2447 terrarum
1003 2374 1169 2447 effusa
1210 2383 1312 2440 est,
1355 2390 1456 2445 pro
1491 2383 1782 2447 augmento
1822 2376 2071 2430 christia-

534 2445 721 2500 nitatis
750 2447 963 2516 cepisse
992 2446 1229 2501 dicebat.
1263 2448 1413 2502 Tunc
1444 2445 1657 2503 demum
1690 2447 1838 2502 misit
1869 2447 2069 2516 praedi-

534 2522 680 2571 ctum
747 2515 1117 2573 confessorem
1158 2532 1313 2572 suum
1363 2519 1429 2572 ad
1470 2515 1880 2587 imperatorem
1908 2523 1963 2573 et
2000 2518 2067 2572 ad

536 2588 1058 2659 totamecclesiam,
1118 2594 1177 2643 ut
1224 2595 1482 2657 optarent
1522 2590 1600 2644 illi
1649 2589 2069 2659 indulgentiam,

534 2658 662 2727 quia
700 2657 861 2713 ﬁnem
883 2659 1008 2714 vitae
1029 2674 1142 2714 suae
1174 2660 1493 2729 aspiciebat.
1527 2662 1593 2715 Et
1614 2668 1718 2715 tam
1745 2657 1855 2716 cito
1884 2660 2071 2715 indue-

534 2729 628 2783 bat
672 2743 731 2784 se
775 2730 1076 2800 angelicam
1116 2736 1341 2797 vestem,
1374 2738 1428 2786 et
1473 2732 1682 2788 dimisit
1719 2747 1783 2788 ac
1822 2731 2073 2787 dissolvit

540 2799 753 2874 vincula
785 2799 1089 2857 bannorum
1129 2804 1368 2858 omnium
1408 2816 1628 2859 suorum
1670 2803 1987 2874 imperatori
2020 2809 2074 2857 et

539 2872 687 2927 omni
729 2874 934 2943 populo
981 2874 1283 2930 christiano
1341 2879 1395 2930 et
1432 2874 1707 2931 defunctis
1748 2872 1972 2930 clericis
2009 2888 2074 2928 ac

536 2943 710 3008 laicis,
769 2951 821 2999 et
844 2946 1011 3014 jussit
1048 2960 1180 3001 suos
1225 2946 1378 3001 abire
1413 2946 1480 3001 de
1527 2947 1692 3002 domo
1723 2945 2068 3013 Theoderici,

536 3020 591 3068 et
627 3014 834 3069 amicos
882 3017 1121 3070 Heinrici
1174 3016 1492 3071 ascendere.
1547 3019 1706 3072 Teste
1754 3015 2070 3072 Mogontino

2138 483 2289 550 vicit,
2322 483 2549 553 patriam
2589 481 2850 547 obtinuit,
2889 494 3097 550 eosque
3144 480 3250 537 sibi
3284 481 3476 550 jurare
3524 484 3581 535 et
3624 479 3786 537 obse-

2138 573 2231 642 qui
2270 573 2490 643 coegit;
2532 571 2633 628 sed
2680 576 2972 641 postquam
3010 569 3313 626 exercitum
3342 568 3574 633 dimisit,
3614 570 3781 623 Saxo-

2139 676 2239 716 nes
2274 661 2490 717 occulte
2520 666 2788 731 ceperunt
2825 658 3151 730 congregari
3190 657 3455 713 adversus
3492 656 3786 725 imperato-

2141 764 2254 806 rem
2286 750 2598 805 Heinricum
2630 748 2714 814 °°",
2748 748 2878 803 dolo
2919 747 3169 803 volentes
3217 760 3339 802 eum
3372 745 3652 802 occidere.
3693 746 3787 802 Ille

2142 847 2343 906 autem,
2375 840 2505 896 dolo
2563 844 2868 908 comperto,
2923 836 3221 892 declinavit
3276 834 3507 891 insidias
3572 848 3785 902 eorum,

2142 925 2479 999 egrediendo
2518 926 2587 982 de
2618 925 2712 981 illa
2757 924 3060 995 provincia.

2217 1050 2369 1105 1108.
2436 1049 2734 1122 [MLXXXVI]
2798 1047 2887 1102 30.
2948 1047 3241 1104 Heinricus
3287 1045 3352 1077 ‘°‘
3396 1047 3552 1116 juxta
3590 1046 3793 1101 Wine-
3859 1040 3879 1055 ⁸

2143 1140 2374 1210 burgum
2426 1140 2616 1195 Suevis
2673 1143 2727 1193 et
2776 1137 3084 1193 Saxonibus
3142 1135 3287 1191 belle
3346 1149 3683 1205 congressus
3745 1144 3797 1189 et

2142 1228 2487 1299 quorundam
2537 1240 2761 1283 suorum
2793 1226 3151 1295 perﬁdorum,
3183 1225 3239 1280 in
3280 1226 3403 1295 ipso
3436 1224 3700 1280 conﬂictu
3738 1238 3797 1279 se

2143 1320 2212 1374 ad
2250 1319 2465 1373 hostem
2508 1316 2571 1347 ⁶⁰⁷
2620 1316 3083 1381 convertentium,
3138 1314 3385 1385 presidio
3440 1314 3720 1379 desertus,
3770 1329 3800 1369 a

2149 1407 2386 1477 quodam
2428 1407 2590 1461 etiam
2625 1404 2932 1461 collaterali
2957 1418 3058 1460 suo
3088 1403 3144 1459 in
3183 1403 3391 1458 vertice
3420 1417 3551 1458 ense
3579 1417 3801 1474 percus-

2146 1512 2258 1563 sus,
2292 1495 2446 1552 dedit
2477 1510 2536 1551 se
2584 1509 2708 1551 cum
2740 1494 2931 1565 paucis
2967 1494 3022 1548 in
3065 1492 3267 1565 fugam.
3302 1495 3501 1550 Hostes
3538 1507 3673 1549 vero
3722 1494 3795 1548 in-

2147 1585 2323 1641 secuti
2354 1599 2528 1655 usque
2560 1585 2626 1639 ad
2660 1584 2851 1640 urbem
2896 1582 3220 1653 predictam,
3262 1587 3531 1652 ceperunt
3569 1596 3714 1649 eam,
3746 1588 3800 1637 et

2152 1675 2471 1745 episcopum
2521 1674 2847 1729 Alberonem
2887 1688 2918 1728 a
2957 1671 3021 1704 ⁶⁰⁸
3077 1672 3337 1727 Heinrico
3387 1671 3459 1726 ob
3514 1670 3797 1741 perﬁdiam

2154 1763 2438 1833 expulsum
2488 1763 2690 1818 ibidem
2740 1762 3122 1829 restituerunt,
3162 1760 3392 1830 expulso
3433 1759 3799 1816 Mainardom

2153 1853 2415 1923 episcopo
2448 1851 2652 1907 ibidem
2683 1866 2713 1906 a
2737 1849 2802 1881 ⁶⁰⁸
2832 1850 3092 1907 Heinrico
3124 1849 3446 1906 constituto.
3472 1848 3641 1904 Paulo
3672 1855 3801 1919 post

2157 1942 2445 1997 Heinricus
2473 1941 2701 1997 eandem
2734 1940 2925 1996 urbem
2973 1943 3310 2010 congregato
3357 1938 3603 1994 exercitu
3645 1938 3799 1993 obse

2153 2032 2233 2087 dit
2272 2038 2327 2086 et
2373 2032 2541 2102 cepit,
2592 2030 2966 2101 episcopoque
3004 2028 3288 2095 Alberoni,
3350 2029 3445 2098 qui
3502 2042 3639 2083 suus
3686 2034 3800 2083 erat

2155 2122 2425 2191 patrihus,
2458 2120 2753 2185 concessit,
2787 2125 2847 2175 ut
2897 2123 3208 2174 remaneret
3245 2117 3351 2173 sibi
3398 2116 3581 2173 ﬁdelis
3610 2123 3667 2173 et
3692 2118 3802 2187 epi.

2152 2226 2355 2280 scopus
2384 2210 2558 2265 urbis.
2591 2208 2690 2264 lllo
2739 2213 2920 2264 autem
2971 2206 3195 2263 nolente
3238 2205 3495 2261 Heinrico
3544 2207 3796 2269 subesse,

2154 2301 2461 2367 Heinricus,
2521 2299 2649 2369 quia
2700 2299 2926 2354 nimium
2987 2298 3111 2368 pius
3175 2302 3312 2360 erat,
3354 2295 3587 2352 liberum
3647 2297 3796 2352 illum

2154 2390 2403 2461 permisit
2438 2389 2611 2445 abire.
2652 2417 2721 2426 —
2759 2387 3047 2443 Wilelmus
3092 2400 3189 2441 rex
3226 2386 3527 2457 Anglorum
3574 2386 3639 2417 “°
3671 2385 3798 2442 fecit

2153 2477 2393 2534 describi
2435 2491 2627 2533 omnes
2666 2476 2839 2532 totius
2879 2475 3089 2547 Anglia
3120 2475 3501 2545 possessiones
3529 2475 3586 2530 in
3626 2476 3793 2545 agris,

2150 2569 2207 2623 in
2246 2567 2582 2633 hominibus,
2631 2566 2687 2620 in
2745 2565 3073 2620 animalibus
3120 2564 3395 2633 omnibus,
3436 2565 3494 2619 in
3542 2565 3798 2621 omnibus

2152 2655 2529 2712 mansionibus
2578 2669 2609 2708 a
2656 2654 2850 2724 majori
2882 2668 3056 2723 usque
3107 2651 3176 2707 ad
3225 2653 3502 2708 minimam
3535 2651 3594 2683 ⁶¹¹
3637 2658 3694 2709 et
3743 2655 3796 2709 in

2152 2745 2301 2802 omni
2331 2758 2523 2812 censu,
2556 2745 2650 2813 qui
2683 2758 2751 2799 ex
2780 2743 3021 2798 omnium
3061 2742 3224 2797 terris
3264 2747 3453 2812 posset
3499 2741 3693 2809 reddi;
3744 2750 3799 2798 et

2152 2840 2343 2889 vexata
2373 2838 2457 2888 est
2486 2838 2631 2888 terra
2672 2831 2858 2888 multis
2887 2830 3138 2887 cladibus
3183 2830 3313 2886 inde
3344 2830 3795 2901 procedentibus.

2230 2974 2384 3029 1109.
2412 2974 2704 3045 [uLxxxvn]
2728 2973 2816 3028 31.
2858 2972 3148 3029 Wilelmus
3183 2987 3280 3029 rex
3318 2972 3617 3043 Anglorum
3659 2974 3801 3029 obiit

2093 3051 2137 3111 ὓ
2154 3064 2190 3118 5
2212 3064 2342 3121 Idus
2379 3063 2752 3154 Septembris;
2799 3062 3118 3154 Wilelmus,
3134 3062 3279 3154 ﬁlius
3308 3063 3448 3133 ejus,
3490 3070 3802 3133 unctusque

536 3156 774 3210 extitisse
791 3156 1048 3223 uidentur,
1064 3173 1134 3211 ea
1147 3172 1251 3227 quo
1271 3173 1335 3212 ea
1354 3159 1547 3229 recepit
1567 3157 1864 3227 Sigebertus
1887 3157 2044 3229 (178)
2056 3200 2069 3213 .

2158 3160 2242 3212 est
2264 3154 2327 3185 ⁶¹²
2357 3155 2412 3210 in
2445 3168 2629 3225 regem
2658 3152 2693 3206 4
2721 3155 2862 3209 Non.
2893 3151 3151 3209 Octobris
3168 3151 3253 3206 ⁶¹³.

993 3378 1146 3463 EX
1208 3379 1796 3466 FLORENTII
1850 3373 2655 3466 WIGORNIENSIS
2719 3373 3247 3464 HISTORIA

505 3577 658 3633 1113.
705 3578 973 3650 [summ]
1263 3581 1431 3635 Erant
1480 3580 1613 3646 duo,
1663 3584 1724 3635 ut
1778 3579 1835 3635 in
1883 3578 2074 3649 Anglia

428 3666 726 3739 ferebatur,
767 3670 861 3739 qui
919 3669 1248 3726 dicebantur
1284 3670 1515 3725 Romani
1572 3669 1881 3740 pontiﬁces,
1936 3682 1968 3724 a
2013 3683 2072 3725 se

2156 3577 2389 3634 invicem
2430 3575 2816 3632 discordantes
2843 3579 2900 3632 et
2930 3574 3218 3631 ecclesiam
3266 3574 3363 3631 Dei
3393 3573 3541 3630 inter
3567 3588 3627 3630 se
3656 3574 3800 3631 divi-

2155 3680 2268 3722 sam
2309 3670 2435 3736 post
2463 3679 2522 3721 se
2572 3664 2855 3720 trahentes
2887 3684 2900 3719 :
2938 3664 3191 3729 Urbanus
3226 3662 3462 3728 scilicet,
3510 3663 3609 3733 qui
3647 3662 3800 3734 prius

1788 3795 2011 3850 VARLE
2066 3792 2349 3849 LECTION
2352 3791 2432 3845 ES

502 3884 566 3916 ⁶⁰⁵
596 3887 660 3940 Η.
694 3901 791 3959 rex
819 3886 923 3959 Fl._
980 3886 1042 3919 ⁶⁰⁸
1071 3888 1481 3959 imperatorem.
1515 3890 1805 3948 Heinricus
1831 3890 1884 3945 2.
1980 3889 2045 3921 ⁶⁰⁶
2073 3891 2140 3945 Η.
2172 3902 2268 3945 rex
2297 3886 2415 3959 Fl._
2476 3885 2539 3916 ⁰⁰⁷
2568 3886 2758 3959 hostes
2778 3883 3082 3959 Fl.‘apo_gr.
3116 3885 3203 3938 Vr.
3232 3897 3262 3936 e
3288 3895 3427 3959 corr.
3524 3880 3682 3959 “tab
3707 3879 3795 3959 ΡΙ.

433 3956 497 3986 ⁶⁰⁹
527 3958 828 4013 menandro
857 3956 942 4013 Fl.
1040 3959 1104 3989 ⁶¹⁰
1133 3956 1276 4016 deest
1320 3961 1405 4017 Fl.

826 3957 942 4059 ioFl.
1033 3959 1104 4042 f”
1133 3957 1276 4042 deest
1320 3961 1405 4017 Fl.
1456 3963 1542 4033 qui
1569 3963 1680 4017 haec
1727 3962 1882 4018 aliter
1913 3962 2208 4032 expressit,-
2250 3964 2299 4015 et
2336 3957 2542 4029 reliqua
2578 3957 2769 4012 omisit.

852 4029 891 4060 18
923 4046 1042 4060 nam“
1076 4037 1251 4060 ιιηγικδι
1285 4039 1399 4060 nunc
1427 4049 1587 4060 ..ιη-...ι
1615 4034 1680 4060 ..Δ
1718 4034 1731 4060 1
1752 4033 1851 4060 100
1891 4031 2071 4060 nam“

434 4040 618 4098 apogr.
667 4030 749 4082 Vr.
826 4030 891 4060 ⁶¹⁸
920 4031 1045 4086 anni
1071 4032 1254 4104 scripti
1279 4039 1399 4089 sunt
1427 4030 1587 4104 usque
1610 4034 1681 4089 ad
1716 4033 1851 4088 1122
1890 4030 2092 4104 (1099).

2870 3952 2941 3986 ⁶¹¹⁷
2968 3956 3110 4011 deest
3138 3968 3321 4026 apogr.
3365 3955 3454 4009 Vr.
3559 3952 3624 3985 ⁶¹³
3650 3952 3793 4007 deest

2016 4156 2232 4212 NOTAE.

510 4248 669 4327 (178)
711 4250 785 4327 Cf
810 4252 1052 4322 Hirscb.,
1076 4256 1150 4310 De
1170 4256 1290 4327 Vita
1319 4256 1595 4327 Sigiberti,
1629 4271 1685 4326 p.
1724 4254 1823 4308 139
1850 4285 1920 4327 5—
1954 4253 2074 4310 143.
2095 4256 2284 4322 unm
2306 4249 2585 4327 in_c_odice
2604 4248 2919 4327 Udalriceo,
2943 4262 3000 4327 n_.
3042 4249 3240 4327 CLXVI
3270 4246 3395 4327 legu

434 4322 736 4397 Bethmann
767 4326 882 4391 SS.,
929 4327 1011 4392 V1,
1062 4340 1118 4395 p.
1160 4326 1287 4382 365.
1339 4322 1410 4367 -ἐ
1459 4322 1587 4383 Hoc
1629 4322 1765 4382 loco
1819 4326 2075 4397 adjiciam

434 4396 655 4467 brevem
719 4398 1111 4463 narrationem,
1157 4399 1391 4467 primum
1441 4413 1472 4453 a
1536 4397 1851 4454 Mabillonio
1909 4399 2069 4466 (Ann.

435 4466 662 4540 Bened.,
725 4469 782 4533 V,
817 4483 871 4537 p,
904 4467 1049 4540 214),
1083 4466 1257 4538 posta
1288 4484 1373 4540 me
1397 4482 1463 4524 ex
1501 4469 1694 4525 codice
1726 4470 2072 4526 Laudunensi

434 4538 774 4622 descriptam.
809 4539 987 4622 tArch.
1013 4538 1016 4540 ⁷
1042 4542 1171 4622 V1.1“
1192 4554 1247 4621 p.
1282 4539 1400 4621 220)
1453 4559 1465 4594 :
1508 4541 2077 4622 li‘piscop'us_:4ugust_i-

433 4609 678 4681 dunensis
715 4609 951 4681 (Agano)
998 4616 1112 4680 post
1151 4610 1409 4666 biennium
1454 4609 1661 4667 rediens
1691 4609 1756 4666 ab
1785 4609 2077 4668 Hierosoli-

436 4681 531 4736 mis
558 4679 1129 4754 interfuitfdepositioni
1148 4682 1321 4754 damni
1333 4697 1477 4754 pape
1493 4683 1752 4753 Gregorii,
1785 4688 1833 4739 et
1862 4685 2071 4748 asserit,

434 4756 572 4832 ante
611 4758 726 4836 octo
779 4752 890 4836 dies
918 4753 1064 4836 diem.
1099 4758 1147 4836 et
1197 4752 1381 4836 horam
1406 4752 1949 4836 ‘obitusfrediaisse,
1979 4771 2075 4836 nec

434 4822 639 4895 omnino
697 4822 882 4879 lectulo
913 4823 1234 4895 decubuisse,
1278 4825 1371 4880 sed
1422 4825 1534 4895 ipso
1583 4822 1668 4882 die
1712 4827 1795 4881 sui
1823 4828 2074 4883 transitus

433 4893 707 4977 ecclesiam
726 4895 886 4977 Iadiit,
911 4894 1266 4977 allocutusque
1290 4893 1495 4977 publice
1519 4897 1799 4977 cumulem
1824 4898 2073 4977 populum

435 4965 592 5020 totius
613 4964 862 5040 _S_alerne
903 4965 1068 5040 urbis,
1104 4964 1273 5040 primi)
1290 4964 1387 5040 fde
1432 4968 1736 5024 credulitate
1760 4964 1996 5040 corporis
2023 4974 2072 5024 et

430 5037 706 5105 sanguinis
760 5038 969 5093 Domini
1015 5037 1200 5106 nostri,
1232 5039 1418 5094 deinde
1464 5040 1529 5094 de
1582 5037 1865 5095 intentione
1916 5041 2070 5095 totius

431 5109 517 5162 sui
543 5109 734 5181 operis,
768 5109 1019 5182 imposita
1066 5109 1185 5182 sibi
1201 5109 1359 5178 stola,
1420 5110 1640 5166 absoluit
1670 5116 1879 5166 cunctos
1908 5127 2068 5182 quos-

431 5180 630 5261 cunque
659 5181 810 5261 modo
848 5180 893 5235 α
910 5195 994 5261 __se
1039 5180 1528 5261 anathematiuatos,
1567 5198 1631 5261 nc
1667 5188 1782 5254 post
1825 5180 2069 5261 incedens

351 5292 359 5301 .
430 5250 1049 5326 genibusnetgmanibus,
1068 5252 1238 5308 altare
1284 5253 1436 5326 adiit,
1466 5250 1710 5326 viaticum
1756 5254 1990 5326 corporis
2017 5261 2068 5311 et

426 5323 698 5397 sanguinis
733 5324 934 5397 Domini
959 5324 1082 5379 inde
1118 5339 1344 5397 sumens,
1374 5325 1551 5397 sicque
1574 5325 1779 5381 domum
1806 5323 2063 5394 reversus,

426 5392 558 5449 hora
589 5410 691 5465 qua
732 5395 1044 5467 predixerat
1092 5394 1241 5469 obiit,
1264 5392 1504 5469 predicl‘o
1536 5398 1771 5469 pontiﬁci
1816 5392 2061 5469 superiné

374 5516 381 5519 ν
423 5479 621 5540 ponens
648 5466 808 5523 totum
842 5483 953 5540 suae
986 5466 1720 5540 sepulture'omcium,'etiam
1764 5466 2066 5525 divisionem

426 5536 628 5593 modice
655 5552 809 5608 quam
847 5536 1070 5597 habebat
1122 5536 1447 5597 substantias.
1496 5570 1567 5581 —
1611 5540 1858 5612 Denique
1894 5542 2059 5598 etiam

3397 4251 3530 4303 ntur
3552 4245 3797 4302 addenda

2159 4317 2287 4379 sunt
2320 4342 2332 4377 :
2364 4323 2474 4377 Pia:
2527 4322 2788 4376 memoriae
2845 4320 3081 4375 dominus
3135 4317 3417 4389 Gregorius
3457 4333 3604 4390 papa
3644 4317 3798 4390 septi-

2159 4332 2287 4379 sunt
2320 4342 2332 4377 :
2364 4332 2474 4377 Pus
2527 4335 2788 4376 memoriae
2845 4332 3081 4375 dominus
3135 4332 3417 4389 Gregorius
3457 4333 3604 4390 papa
3644 4332 3797 4443 επὶ-

2159 4410 2272 4450 mus
2313 4408 2434 4472 cum
2480 4392 2622 4472 apud
2667 4390 2946 4472 Salernum
2973 4392 3296 4472 inﬁrmitate,
3337 4405 3465 4472 qua.
3489 4404 3623 4472 mag
3653 4405 3683 4442 ο
3726 4389 3759 4399 ’⁸
3779 4432 3797 4469 ε

2159 4470 2417 4545 aegrotare
2470 4460 2726 4545 caepisset,
2784 4460 3060 4544 astiterunt
3109 4463 3190 4544 ei.
3222 4460 3521 4545 cardinales
3577 4460 3795 4545 immani

2158 4531 2483 4607 aliarumque
2511 4531 3055 4607 ciuitatumnepiscopi,
3091 4533 3191 4589 viri
3242 4532 3493 4607 religiosi,
3532 4531 3799 4607 sciscitqn-

2158 4614 2234 4664 tes
2281 4607 2348 4663 ab
2395 4600 2485 4672 'eo,
2536 4620 2685 4677 quem
2728 4600 2845 4659 sibi"
2873 4605 2929 4660 in
2974 4600 3278 4677 episcopatu
3316 4600 3595 4672 subrogari
3650 4600 3799 4677 uellet

2156 4679 2263 4735 illis
2291 4678 2528 4734 indicare
2542 4674 2886 4747 dignaretur.
2918 4674 3105 4732 Atille
3142 4674 3313 4731 secum
3341 4689 3515 4747 pauca
3542 4674 3794 4747 cogitans,

2154 4751 2366 4806 tandem
2405 4748 2513 4804 illis
2549 4748 2659 4803 lucc
2694 4746 2853 4803 verba
2901 4747 3043 4803 dedit
3073 4767 3090 4801 :
3125 4764 3154 4799 «
3194 4745 3573 4816 Quenicumque
3620 4745 3798 4799 horum

2156 4823 2312 4879 trium
2374 4820 2566 4876 habere
2605 4819 2840 4891 possitis,
2892 4816 3134 4891 uidelicet
3171 4821 3452 4891 Lucensem
3501 4816 3797 4891 episcopum

2153 4893 2236 4948 uel
2269 4888 2713 4948 Hostiensem'vel
2759 4889 3171 4958 Lugdunensem,
3221 4889 3355 4945 hunc
3400 4889 3455 4943 in
3501 4889 3796 4959 episcopum

2154 4963 2348 5034 eligite.
2395 4980 2423 5013 »
2472 4965 2605 5034 Item
2650 4961 2717 5034 de
2737 5033 2742 5034 ί
2761 4961 3221 5034 excommunicatis
3259 4959 3563 5034 requisitus,
3590 4972 3798 5034 nespas-

2153 5028 2277 5091 dit':
2303 5036 2502 5090 Praeter
2557 5033 2857 5087 Heinricum
2914 5047 3087 5102 regem
3133 5028 3343 5087 dictum
3365 5035 3413 5086 et
3476 5028 3796 5102 Wigbertum

2150 5108 2501 5162 Ravennatem
2559 5099 3002 5175 archiepiscopum
3060 5108 3112 5175 et
3153 5102 3293 5158 alias
3685 5112 3795 5175 per:

2149 5193 2328 5233 sonas"
2354 5191 2485 5248 quin
2518 5167 2750 5230 consilia
2791 5167 2894 5229 uel'
2930 5173 3133 5248 audio
3179 5167 3357 5245 favent
3379 5242 3389 5248 _
3410 5167 3794 5248 impietgti'pcl

2197 5337 2230 5376 a
2514 5354 2517 5357 -
2980 5362 2999 5386 ,

2197 5337 2307 5376 anu
2370 5337 2581 5374 αυεοιυο
2637 5337 2686 5373 σι
2733 5337 2999 5386 (leucatae,

2150 5332 2307 5376 Bauli
2370 5332 2581 5374 aosowo
2637 5332 2686 5373 et
2733 5332 2999 5386 uertentes,
3057 5332 3106 5373 et
3159 5332 3463 5389 quicumque
3516 5332 3603 5370 me
3659 5332 3785 5369 ηαισ

2142 5396 2449 5465 potestatem
2475 5387 2666 5465 habere
2714 5388 2886 5465 credet
2938 5387 3311 5465 indubitanter,
3370 5407 3403 5465 ε
3418 5463 3423 5465 _
3436 5387 3581 5465 ⁵Ηιιςο

2147 5454 2349 5520 intima
2366 5462 2477 5532 ejus
2515 5459 2674 5517 verba
2717 5462 2925 5531 fuerunt
2956 5481 2972 5515 :
3005 5478 3035 5513 ‹‹
3065 5458 3535 5532 justitiam
3568 5461 3618 5512 et
3647 5454 3782 5512 odivi

2144 5529 2487 5606 iniquitatem,
2512 5529 2795 5605 propterea
2826 5532 3049 5589 morrior
3076 5531 3131 5587 in
3362 5548 3390 5584 ι)
