4022 6160
289 283 392 337 ’797

1081 283 1487 339 CHRONICON.
1530 313 1602 323 —
1638 283 1727 339 EX
1763 283 2118 339 FLOBENTII
2157 280 2648 336 WIGORNIENSIS
2686 281 2857 334 HIST.

3549 279 3662 333 798

288 409 462 465 fuerat
489 412 714 464 vocatus
733 408 871 475 Odo,
896 409 1190 479 episcopus
1214 410 1521 465 Hostiensis
1544 429 1558 474 ;
1583 415 1639 465 et
1654 411 1926 475 Clemens,
1941 411 1995 470 A
2011 407 2228 478 pascha
2250 420 2502 477 magnum
2523 405 2819 462 concilium
2842 405 3021 460 tenuit
3032 407 3238 462 Roma.
3256 409 3440 477 lnquo
3463 407 3659 463 recisis

289 498 381 568 qui
447 497 726 552 Wibertus
799 498 1107 567 appellatus
1197 496 1394 562 fuerat,
1480 499 1931 568 archiepiscopus

291 586 682 644 Ravennensis.
733 588 864 653 Qua
922 602 1030 654 res,
1081 593 1142 642 ut
1185 587 1254 642 de
1303 587 1426 642 aliis
1464 587 1652 642 mundi
1684 588 1933 656 partibus

291 677 568 741 sileamus,
592 690 692 744 per
711 675 899 745 plures
917 691 1092 732 annos
1121 677 1407 732 ecclesiam
1437 676 1679 747 Anglica
1713 677 1768 730 in
1807 683 1934 731 tan-

293 772 404 821 tum
445 765 754 834 occupavit,
799 771 859 820 ut
905 780 972 820 ex
1020 780 1130 836 quo
1171 766 1484 836 Gregorius,
1531 766 1627 835 qui
1657 773 1712 821 et
1742 766 1935 820 Hilde-

292 854 555 920 brandus,
606 853 899 909 defunctus
936 853 1058 920 fuit,
1109 855 1246 909 nulli
1294 855 1419 911 loco
1468 870 1624 925 papa
1655 870 1828 924 usque
1867 855 1936 910 ad

293 943 399 999 hoc
430 949 646 1013 tempus
703 943 864 998 subdi
918 943 1003 998 vel
1060 943 1288 999 obedire
1343 944 1598 1000 voluerit.
1660 944 1937 1000 Urbanum

293 1047 394 1102 pro
422 1033 629 1088 vicario
678 1033 825 1088 beati
875 1034 1024 1088 Petri
1070 1033 1224 1088 Italia
1261 1034 1541 1104 Galliaque
1567 1037 1678 1104 jam
1705 1047 1936 1102 recepe-

295 1127 496 1178 rat.....

371 1210 526 1264 1118.
590 1209 1058 1282 [numq-40..."
1133 1211 1382 1266 Urbanus
1472 1227 1612 1281 papa
1669 1213 1818 1268 venit
1885 1214 1940 1268 in

291 1301 540 1366 Galliam,
594 1306 649 1354 et
705 1299 849 1369 apud
908 1300 1121 1355 Clarum
1183 1309 1423 1357 montem
1482 1302 1942 1373 quadragesimali

292 1396 546 1460 tempore
592 1389 804 1460 synodo
852 1389 1150 1456 celebrata,
1200 1391 1268 1446 ad
1318 1393 1540 1457 Turcas,
1583 1393 1939 1461 Sarracenos,

292 1478 636 1548 Turcopolos
663 1478 910 1548 aliosque
961 1493 1205 1549 paganos
1258 1479 1639 1547 debellandos,
1673 1482 1941 1537 Hierusa-

292 1568 402 1624 lem
459 1568 736 1638 proﬁcisci
793 1568 1044 1624 hortatus
1092 1574 1176 1624 est
1213 1569 1567 1626 christianos.
1608 1573 1775 1640 Cujus
1805 1572 1940 1627 hor-

291 1663 412 1713 tatu
458 1671 585 1712 mox
639 1658 697 1712 in
734 1657 852 1726 ipsa
899 1657 1111 1728 synodo
1151 1671 1337 1713 comes
1379 1660 1562 1714 Sancti
1602 1659 1780 1730 Egidii
1811 1661 1940 1715 Bai-

2016 497 2333 554 recidendis
2391 501 2445 552 et
2518 496 2738 550 statutis
2793 494 3118 560 statuendis,
3201 495 3257 549 in
3313 497 3659 552 adversarios

2015 594 2220 643 sancta
2277 587 2526 643 ecclesia
2592 585 3175 641 excommunicationis
3239 587 3567 641 sententiam
3601 587 3656 641 in

2015 691 2206 733 omnes
2272 677 2442 732 laicos
2499 676 2848 730 investituras
2913 675 3268 730 ecclesiarum
3335 673 3551 740 dantes,
3604 681 3661 730 et

2017 781 2210 822 omnes
2265 767 2483 822 easdem
2558 765 2911 820 investituras
2985 765 3053 820 de
3121 763 3372 819 manibus
3439 762 3659 819 illorum

2020 856 2375 925 accipientes,
2444 868 2663 910 necnon
2729 868 2919 910 omnes
2977 854 3031 908 in
3102 851 3341 907 ofﬁcium
3399 852 3480 907 sic
3547 852 3662 906 dati

2021 946 2250 1001 honoris
2295 943 2608 1014 hujusmodi
2660 948 3069 1006 consecrantes,
3119 956 3241 996 cum
3281 947 3400 995 toto
3427 940 3660 995 consilio

2024 1050 2162 1104 papa
2218 1035 2461 1090 intorsit.
2504 1035 2610 1088 Eos
2648 1047 2869 1102 quoque
2899 1032 3260 1086 anathematis
3288 1031 3508 1086 vinculo
3539 1029 3661 1084 col-

2023 1124 2229 1193 ligavit,
2287 1123 2380 1191 qui
2421 1135 2521 1192 pro
2578 1121 2970 1176 ecclesiasticis
3028 1121 3332 1176 honoribus
3398 1119 3663 1174 laicorum

2021 1211 2274 1268 homines
2321 1211 2475 1275 fiunt,
2519 1210 2737 1274 dicens,
2791 1209 2955 1263 nimis
3011 1208 3319 1264 execrabile
3367 1207 3563 1273 videri,
3606 1213 3666 1262 ut

2025 1315 2235 1367 manus,
2269 1315 2392 1369 qua
2443 1299 2499 1353 in
2549 1304 2750 1353 tantam
2791 1297 3142 1352 eminentiam
3174 1302 3547 1360 excreverant,
3583 1303 3662 1359 ut,

2024 1389 2172 1459 quod
2203 1387 2339 1443 nulli
2369 1387 2688 1458 angelorum
2736 1399 3060 1440 concessum
3107 1391 3210 1451 est,
3260 1387 3429 1440 Deum
3467 1388 3666 1438 cuncta

2025 1485 2299 1533 creantem
2357 1491 2457 1531 suo
2513 1475 2796 1546 signaculo
2855 1480 3045 1530 creent
3102 1479 3157 1528 et
3212 1473 3445 1528 eundem
3490 1472 3666 1541 ipsum

2025 1583 2125 1638 pro
2156 1567 2535 1636 redemptione
2586 1573 2640 1620 et
2695 1565 2871 1620 salute
2899 1565 3068 1619 totius
3106 1563 3292 1618 mundi
3334 1562 3529 1616 summi
3569 1560 3666 1616 Dei

2026 1657 2197 1726 patris
2253 1656 2540 1711 obtutibus
2589 1654 2844 1719 oiferant,
2904 1654 2960 1708 in
3017 1653 3159 1707 hanc
3189 1652 3544 1722 ignominiam
3576 1650 3666 1704 de-

294 1746 554 1813 mundus,
604 1753 660 1801 et
707 1761 828 1802 cum
860 1761 927 1802 eo
966 1747 1122 1802 multi
1152 1747 1246 1802 alii
1291 1763 1454 1804 cruce
1483 1750 1687 1804 Christi
1720 1751 1940 1821 signati,
1967 1740 2340 1810 Btrudantur,
2375 1751 2435 1798 ut
2463 1744 2678 1799 ancilla
2728 1743 2857 1797 fiant
2894 1757 3079 1797 earum
3110 1755 3388 1806 manuum,
3422 1753 3544 1808 qua
3577 1737 3666 1792 die

295 1836 798 1907 peregrinationem
827 1851 887 1892 se
926 1851 1027 1906 pro
1075 1839 1188 1892 Deo
1225 1838 1508 1893 subituros
1538 1843 1593 1893 et
1631 1839 1779 1908 quod
1810 1854 1941 1893 sua-

294 1933 442 1980 serat
500 1932 823 1995 peracturos
868 1925 1305 1996 spoponderunt.
1358 1927 1567 1994 Quibus
1614 1928 1838 1993 auditis,
1874 1928 1943 1982 de

297 2015 472 2083 Italia,
531 2017 837 2082 Germania,
893 2016 1082 2084 Gallia,
1144 2017 1357 2087 Anglia,
1417 2017 1605 2073 cateri
1659 2016 1944 2073 christiani

297 2105 366 2160 ad
399 2105 628 2161 eandem
669 2104 1066 2175 profectionem
1107 2107 1356 2161 certatim
1396 2121 1455 2160 se
1488 2121 1767 2176 paravere.
1802 2109 1946 2173 Quo-

299 2208 419 2250 rum
446 2195 616 2251 duces
645 2203 702 2250 et
744 2197 1005 2265 primates
1052 2197 1283 2251 extitere
1323 2197 1612 2251 Podiensis
1651 2198 1948 2266 episcopus

299 2284 575 2350 Aimerus,
608 2285 916 2339 Hostiensis
967 2286 1264 2354 episcopus
1329 2301 1453 2341 cum
1519 2286 1642 2341 aliis
1671 2287 1950 2356 episcopis

301 2387 467 2441 quam
525 2373 794 2441 pluribus,
853 2375 1048 2428 Petrus
1109 2376 1430 2440 monachus,
1490 2377 1644 2445 Hugo
1703 2377 1947 2445 Magnus,

305 2462 544 2530 Philippi
600 2463 744 2531 regis
800 2463 1133 2516 Francorum
1193 2477 1505 2532 germanus,
1566 2464 1677 2519 dux
1738 2466 1946 2520 Lotha-

305 2551 504 2604 riensis
531 2550 878 2618 Godefridus,
919 2554 1292 2619 Carnotensis,
1343 2568 1548 2609 comes.
1579 2555 1947 2624 Sthephauus,

301 2640 779 2696 Nordmannorum
819 2656 1005 2697 comes
1044 2644 1338 2708 Robertus,
1383 2643 1735 2698 Flandrensis
1765 2657 1952 2698 comes

304 2729 604 2796 Robertus,
673 2731 784 2785 duo
863 2732 1107 2800 germani
1189 2731 1470 2786 Godefridi
1545 2734 1703 2788 ducis
1769 2746 1954 2788 comes

305 2819 634 2873 Eustachius
697 2819 1061 2874 Bononiensis
1135 2827 1190 2874 et
1255 2821 1584 2886 Baldwinus,
1657 2822 1955 2890 pradictus

306 2921 495 2964 comes
569 2908 927 2975 Reimundus,
971 2911 1339 2976 Boemundus,
1379 2910 1608 2965 Roberti
1668 2911 1952 2966 Guiscardi

309 2997 573 3052 ﬁlius.....

2026 1851 2090 1891 ac
2129 1842 2292 1891 nocte
2357 1835 2636 1890 obscoenis
2699 1833 3046 1890 contactibus
3106 1831 3485 1900 inquinantur,
3554 1827 3667 1882 sive

2029 1926 2234 1995 rapinis
2293 1938 2357 1979 ac
2413 1925 2633 1993 injusta
2720 1922 3044 1992 sanguinum
3113 1919 3364 1974 eﬂ‘usioni
3431 1916 3668 1972 addicta

2027 2014 2516 2072 commaculantur.
2559 2015 2702 2078 Fiat,
2744 2016 2877 2080 fiat;
2938 2011 3008 2066 ob
3057 2010 3313 2065 omnibus
3349 2013 3431 2062 est
3471 2005 3671 2062 clama-

2030 2113 2180 2171 tum;
2213 2109 2269 2158 et
2305 2102 2361 2157 in
2419 2103 2506 2157 his
2543 2101 2837 2156 concilium
2896 2105 3329 2154 consummatum
3379 2101 3478 2152 est.
3542 2096 3674 2150 Post

2029 2193 2150 2247 hac
2187 2191 2640 2260 archiepiscopus
2677 2189 3004 2258 Lugdunum
3040 2188 3351 2256 perrexit...

2104 2282 2232 2336 ldus
2257 2281 2407 2347 Julii,
2468 2279 2602 2335 feria
2669 2280 2860 2348 quinta
2910 2277 3248 2332 Hierusalem
3287 2290 3316 2328 a
3345 2271 3673 2330 Christianis

2033 2377 2192 2441 capta
2223 2377 2326 2436 est,
2379 2375 2433 2424 et
2479 2375 2605 2438 post
2654 2369 2771 2422 hac
2826 2366 2882 2419 ll
2943 2366 3058 2420 Kal.
3093 2363 3338 2434 Augusti,
3373 2361 3562 2416 eadem
3589 2359 3678 2413 fe—

2033 2463 2134 2527 ria,
2169 2459 2542 2515 Lothariensis
2570 2457 2680 2512 dux
2734 2455 3062 2511 Godefridus
3117 2453 3185 2507 ab
3243 2451 3390 2506 omni
3430 2448 3674 2505 exercitu

2033 2551 2088 2604 in
2121 2564 2302 2620 regem
2352 2555 2435 2604 est
2482 2547 2708 2602 electus.
2757 2575 2829 2584 —-
2877 2546 3128 2600 Urbanus
3168 2555 3305 2611 papa
3335 2540 3369 2592 4
3410 2538 3530 2594 Kal.
3569 2541 3679 2592 Au-

2034 2638 2199 2708 gusti,
2232 2637 2367 2691 fcria
2396 2637 2606 2705 quinta,
2659 2634 2817 2689 obiit.
2868 2661 2934 2672 -—
2973 2630 3270 2687 Christiani
3302 2642 3424 2684 cum
3463 2625 3677 2681 Amira-

2038 2728 2176 2792 viso,
2221 2726 2469 2795 principe
2500 2724 2711 2778 militia
2752 2729 2807 2777 et
2836 2721 3080 2777 secundo
3120 2721 3173 2774 in
3207 2723 3478 2788 potestate
3509 2714 3682 2770 totius

2037 2817 2192 2886 regni
2251 2815 2395 2884 regis
2451 2813 2782 2882 Babylonia,
2843 2817 2968 2866 ante
3025 2810 3296 2865 civitatem
3360 2805 3679 2862 Ascalonam

2037 2906 2070 2957 2
2129 2905 2257 2959 Idus
2313 2904 2561 2974 Augusti,
2631 2901 2820 2957 eadem
2894 2898 3052 2965 feria,
3130 2897 3335 2953 bellum
3413 2895 3681 2949 habentes

2039 2993 2350 3057 maximum,
2384 2986 2602 3046 Christo
2651 2989 2939 3059 largiente,
2981 2987 3142 3056 potiti
3173 2992 3301 3039 sunt
3329 2982 3580 3038 victoria.
3610 3011 3682 3020 —

385 3085 543 3140 1120.
606 3085 846 3156 [uxcvni]
1121 3086 1411 3141 Antiochia
1477 3085 1669 3140 civitas
1717 3101 1747 3140 a
1799 3065 2336 3148 chri-CPaschalis,
2387 3083 2469 3135 vir
2506 3078 2868 3145 venerandus,
2902 3077 2996 3146 qui
3034 3077 3102 3131 ab
3135 3072 3506 3129 llildebrando
3539 3084 3680 3141 papa

305 3175 504 3230 stianis
559 3173 613 3231 3.
675 3177 858 3230 Nonas
910 3176 1077 3240 Junii,
1130 3173 1264 3229 feria
1315 3183 1529 3244 quarta,
1558 3181 1716 3244 capta
1755 3182 1862 3230 est.
1894 3177 1954 3229 In

307 3279 418 3334 qua
479 3264 670 3332 paucis
725 3264 921 3319 diebus
978 3264 1272 3319 transactis
1333 3264 1544 3329 lancea,
1602 3279 1708 3333 qua
1765 3265 1954 3320 mundi

304 3354 560 3409 Salvator
595 3353 652 3408 in
692 3354 874 3408 crucis
913 3353 1158 3423 patibulo
1209 3354 1456 3423 pendens
1482 3353 1802 3409 vulneratus
1829 3353 1954 3408 fuit.

304 3443 529 3498 Andrea
585 3443 836 3512 apostolo
885 3450 1200 3498 sanctorum
1248 3443 1537 3498 mitissimo
1569 3443 1866 3508 revelante,
1902 3444 1958 3497 in

306 3532 549 3589 ecclesia
599 3532 773 3587 sancti
813 3533 958 3587 Petri
1009 3525 1246 3600 apostoli
1278 3533 1498 3587 inventa
1527 3538 1628 3587 est.
1661 3533 1829 3600 Cujus
1867 3532 1958 3586 in-

305 3621 574 3678 ventione
630 3620 916 3676 christiani
969 3620 1212 3675 animati.
1252 3621 1287 3672 4
1327 3621 1444 3675 Kal.
1492 3620 1643 3685 Julii,
1689 3619 1825 3674 feria
1870 3633 1960 3674 se-

306 3711 518 3777 cunda,
559 3725 745 3767 secum
776 3710 922 3764 illam
963 3708 1293 3773 deferentes,
1336 3709 1404 3764 de
1436 3709 1655 3764 civitate
1686 3709 1960 3776 exierunt,

305 3809 360 3857 et
437 3815 560 3856 cum
628 3801 855 3870 paganis
928 3799 1121 3869 pralio
1195 3799 1508 3864 commisso,
1567 3797 1961 3864 Curbaranum,

306 3891 627 3961 principem
657 3890 867 3945 militia
897 3889 1112 3945 soldani
1143 3889 1366 3952 Persia,
1391 3896 1446 3943 et
1474 3889 1700 3954 Turcos,
1733 3888 1962 3954 Arabes,

309 3983 673 4047 Sarracenos,
705 3979 1055 4044 Publicanos,
1105 3978 1395 4040 Azimatos,
1437 3979 1650 4042 Persas,
1690 3977 1967 4047 Agulanos

315 4078 367 4127 et
396 4071 541 4126 alias
583 4069 780 4124 multas
811 4077 1005 4138 gentes
1042 4068 1098 4122 in
1138 4083 1232 4122 ore
1263 4067 1430 4137 gladii
1469 4065 1739 4137 iugantes,
1782 4066 1969 4121 multis

318 4161 546 4216 milibus
575 4173 641 4214 ex
688 4158 770 4214 eis
818 4157 1038 4223 occisis,
1069 4158 1167 4212 Dei
1197 4157 1396 4212 virtute
1437 4156 1652 4225 plenam
1681 4157 1966 4211 victoriam

321 4251 656 4306 habuerunt.
689 4247 963 4317 Splendor
993 4246 1246 4302 insolitus
1276 4261 1376 4315 per
1405 4252 1574 4300 totam
1605 4245 1718 4300 fere
1750 4253 1968 4301 noctem

319 4342 354 4395 5
406 4339 530 4396 Kal.
594 4338 848 4394 Octobris
897 4337 1163 4392 emicuit..
1195 4375 1236 4402 .,
1269 4338 1517 4406 Hogerus
1571 4336 1682 4391 dux
1735 4336 1968 4406 Apulia,

322 4430 568 4485 adunato
597 4427 791 4497 grandi
835 4426 1102 4492 exercitu,
1151 4426 1459 4494 Capuanam
1499 4425 1773 4479 civitatem
1806 4439 1836 4478 a
1875 4438 1971 4479 sua

324 4519 540 4575 ditione
561 4516 894 4572 resilientem
926 4515 1163 4570 obsedit.
1206 4515 1454 4568 Urbanus
1485 4527 1643 4584 papa,
1675 4514 1971 4569 comitante

325 4621 516 4664 secum
572 4604 979 4662 Dorobernensi
1035 4602 1454 4672 archiepiscopo
1494 4602 1770 4666 Anselmo,
1805 4608 1865 4656 ut
1894 4601 1974 4655 illi

328 4696 634 4761 mandarat,
693 4695 761 4750 ad
829 4693 1123 4751 concilium
1181 4692 1330 4761 quod
1395 4691 1541 4760 apud
1602 4693 1794 4746 Barum
1854 4690 1974 4745 Kal.

328 4785 588 4842 Octobris
605 4784 874 4840 celebrari
896 4783 1201 4849 constituit,
1228 4780 1616 4851 proﬁscicitur.
1641 4781 1824 4848 lnquo
1847 4792 1980 4834 con-

331 4878 461 4933 cilio
496 4877 728 4947 plurima
766 4875 834 4930 de
865 4875 972 4930 tide
1011 4873 1282 4929 catholica
1311 4873 1380 4928 ab
1425 4871 1734 4942 apostolico
1773 4871 1979 4926 diserta

329 4974 458 5022 sunt
509 4965 742 5022 facunda
789 4966 1062 5020 oratione.
1105 4963 1207 5019 Ubi
1260 4963 1426 5018 etiam
1483 4967 1630 5016 mota
1673 4961 1980 5030 quastione

333 5071 398 5113 ex
447 5063 604 5127 parte
651 5059 985 5123 Gracorum,
1018 5053 1330 5123 evangelica
1377 5051 1704 5107 auctoritate
1746 5050 1981 5120 probare

335 5147 657 5213 volentium,
699 5145 958 5215 Spiritum
1005 5151 1253 5198 sanctum
1285 5141 1696 5210 processionem
1728 5153 1838 5195 non
1878 5139 1983 5193 ha-

340 5235 473 5292 bere
504 5236 609 5291 nisi
642 5242 848 5290 tantum
889 5248 919 5288 a
968 5235 1146 5294 Patre,
1179 5230 1441 5301 praefatus
1478 5229 1766 5285 Anselmus
1794 5230 1876 5284 sic
1914 5228 1982 5284 de

340 5325 566 5396 negotio
596 5325 867 5391 tractavit,
900 5322 1178 5387 disseruit,
1215 5319 1468 5387 absolvit,
1502 5324 1558 5374 ut
1597 5319 1654 5374 in
1692 5319 1814 5388 ipso
1845 5332 1984 5374 con-

340 5422 504 5470 ventu
535 5428 695 5470 nemo
735 5414 1014 5478 existeret,
1064 5411 1158 5480 qui
1189 5423 1299 5466 non
1353 5409 1483 5465 inde
1511 5409 1616 5464 sibi
1646 5407 1984 5465 satisfactum

347 5505 707 5559 consentiret.

424 5589 576 5648 1121.
615 5590 840 5664 [luent]
869 5590 958 5646 43.
995 5589 1242 5647 Urbanus
1272 5601 1411 5658 papa
1441 5588 1603 5644 tertia
1642 5585 1986 5644 hebdomada

2041 3172 2328 3242 presbyter
2364 3169 2542 3225 fuerat
2580 3169 2886 3232 ordinatus,
2920 3181 2950 3221 a
2997 3168 3242 3221 Romano
3299 3162 3506 3233 populo
3539 3161 3679 3216 ldib.

2037 3261 2264 3331 Augusti
2295 3259 2523 3325 electus,
2548 3258 2636 3313 die
2659 3256 2933 3326 sequenti,
2963 3255 3018 3310 id
3041 3262 3126 3310 est
3152 3254 3215 3306 19
3238 3253 3355 3308 Kal.
3378 3249 3682 3322 Septemb.,

2039 3349 2174 3405 feria
2206 3350 2398 3418 prima,
2432 3350 2486 3403 in
2521 3361 2711 3417 papam
2744 3352 2828 3401 est
2859 3350 3280 3400 consecratus...

2119 3438 2274 3490 1122.
2311 3436 2444 3508 [ne]
2488 3436 2581 3490 44.
2639 3436 2890 3490 Clemens
2929 3446 3088 3502 papa,
3139 3432 3234 3499 qui
3287 3435 3343 3484 et
3379 3427 3680 3491 Wibertus,

2045 3526 2252 3580 obiit...

2115 3616 2330 3668 Interea
2403 3609 2740 3665 Hierusalem
2817 3608 3039 3663 domum
3114 3606 3397 3660 redierunt
3454 3599 3686 3656 comites

2045 3702 2320 3756 Robertus
2379 3696 2729 3754 Flandrensis
2792 3701 2848 3751 et
2937 3693 3262 3749 Eustachius
3327 3686 3690 3746 Bononiensis

2049 3791 2336 3861 primitus;
2371 3788 2499 3844 dein
2556 3789 2992 3842 Normannorum
3047 3797 3232 3839 comes
3260 3781 3534 3838 Robertus
3563 3789 3686 3832 cum

2048 3897 2238 3947 uxore,
2281 3895 2442 3950 quam
2498 3879 2604 3934 sibi
2660 3879 2717 3933 in
2774 3877 2958 3933 Sicilia
3011 3876 3457 3945 desponsaverat,
3516 3882 3692 3938 repa-

2049 3972 2250 4026 triavit.
2262 4012 2297 4025 ..

2127 4058 2280 4112 1123.
2330 4056 2482 4128 [Μαι]
2527 4056 2615 4110 43.
2674 4055 2842 4110 Filius
2887 4053 3166 4110 Eustachii
3195 4050 3432 4107 senioris
3469 4044 3690 4104 comitis

2050 4147 2434 4212 Bononiensis,
2491 4144 2819 4201 Godefridus
2871 4158 2968 4200 rex
3025 4141 3552 4212 Hierosolymorum,
3593 4134 3687 4205 qui

2054 4244 2368 4308 prapotens
2398 4236 2682 4292 exstiterat
2722 4235 2831 4290 dux
2862 4233 3322 4298 Lothariensium,
3357 4229 3503 4284 diem
3533 4225 3688 4280 clau-

2054 4329 2126 4382 sit
2155 4327 2423 4390 ultimum,
2467 4326 2606 4380 etin
2660 4324 2894 4378 ecclesia
2937 4321 3278 4391 Golgothana
3323 4315 3574 4384 sepultus
3601 4325 3694 4366 re-

1989 4391 2309 4486 uniescit.
2344 4417 2510 4484 Cujus
2558 4420 2680 4482 post
2710 4412 2919 4467 obitum
2949 4408 3235 4464 christiani
3276 4403 3517 4461 unanimi
3555 4413 3693 4456 con-

2056 4505 2183 4560 silio
2217 4506 2336 4573 ejus
2373 4515 2688 4572 germanum
2718 4500 2824 4555 sibi
2855 4499 2908 4553 in
2939 4511 3125 4567 regem
3168 4495 3452 4565 elegerunt
3480 4487 3694 4545 Baldui-

2062 4608 2210 4650 num.

2139 4681 2292 4735 1128.
2331 4680 2523 4752 [nevi]
2577 4678 2712 4735 48...
2759 4681 2875 4746 Quo
2915 4689 3058 4731 anno
3089 4673 3229 4730 facta
3261 4675 3345 4727 est
3381 4667 3546 4725 nimis
3574 4678 3700 4720 exe-

2062 4771 2286 4826 crabilis
2323 4769 2606 4826 contentio
2653 4769 2800 4823 inter
2844 4767 3232 4836 imperatorem
3275 4760 3344 4816 de
3381 4753 3700 4814 Alemannia

2064 4868 2119 4918 et
2150 4861 2319 4915 ﬁlium
2349 4861 2535 4929 ejus...

2134 4953 2504 5006 Romanorum
2533 4948 2622 5002 96.
2672 4944 2942 5003 Henricus
2971 4949 3200 5014 quartus
3238 4939 3397 5004 obiit,
3438 4935 3528 4992 cui
3560 4931 3703 4988 illius

2066 5057 2214 5098 suam
2253 5039 2521 5096 Henricus
2559 5037 2882 5102 succedens,
2915 5031 3161 5104 regnavit
3188 5031 3348 5086 annis
3381 5025 3514 5081 19...

2145 5128 2298 5184 1132.
2355 5127 2520 5198 [mox]
2582 5126 2635 5181 4.
2696 5127 2810 5202 ilex
2863 5123 3160 5195 Anglorum
3217 5119 3486 5175 Henricus
3542 5112 3704 5168 tiliam

2065 5235 2196 5276 suus
2244 5219 2486 5274 Henrico
2531 5216 2648 5285 regi
2713 5214 3137 5270 Teutonicorum
3182 5209 3335 5265 dedit
3399 5206 3456 5260 in
3515 5204 3705 5273 conju-

2106 5324 2259 5367 em...

2069 5327 2300 5452 €811.33.
2341 5394 2530 5468 [non]
2563 5395 2618 5448 5.
2653 5393 2921 5449 Henricus
2972 5405 3068 5446 rex
3131 5387 3555 5446 Teutonicorum
3599 5386 3708 5440 Ro-

2069 5503 2210 5546 mam
2237 5488 2407 5554 venit,
2432 5483 2744 5541 Paschalem
2766 5496 2962 5553 papam
2991 5480 3139 5551 cepit
3167 5485 3222 5537 et
3258 5479 3313 5534 in
3344 5477 3595 5534 custodia
3616 5490 3711 5546 po.

2069 5579 2201 5648 suit,
2231 5577 2326 5633 sed
2360 5573 2706 5647 postmodum
2731 5573 2799 5629 ad
2824 5579 3047 5643 pontem
3085 5571 3186 5626 via
3215 5568 3459 5637 Salaria,
3492 5566 3586 5624 ubi
3617 5580 3709 5636 pa-
