4022 6160
338 263 447 319 799

1754 263 2038 320 MARIANI
2078 262 2305 319 SCOTTI

3610 266 3716 321 eoo

340 390 553 447 chalem
581 388 929 445 festivitatem
976 388 1033 445 in
1092 402 1286 458 campo
1322 389 1769 455 celebraverunt,
1804 402 1993 459 pacem
2011 392 2339 451 Acramento
2368 390 2802 461 conﬁrmaverunt
2849 391 3053 447 domino
3097 391 3404 463 imperatori
3445 393 3667 449 Henrico
3700 413 3718 448 :

343 494 465 537 cum
496 493 563 536 eo
620 477 771 535 fecit.
835 480 949 535 Hoc
1006 483 1186 534 autem
1226 476 1391 533 modo
1423 476 1806 534 reconciliatio
1845 478 1991 534 inter

345 582 528 640 regem
567 574 623 624 et
660 567 943 623 dominum
991 579 1187 637 papam
1235 565 1378 622 facta
1425 572 1528 633 est,
1561 573 1617 623 et
1658 567 1764 623 hoc
1794 572 1879 623 est
1900 569 1990 638 ju-

343 663 652 715 ramentum
705 656 853 726 regis
914 655 1072 726 (179)
1119 657 1278 725 :Ego
1324 656 1583 711 Henricus
1640 670 1741 711 rex
1797 655 1990 712 liberos

343 747 602 802 dimittam
646 744 682 798 4
726 743 807 799 vel
851 743 887 797 5
929 745 1067 814 feria
1108 744 1356 815 proxima
1403 744 1663 800 dominum
1704 760 1902 817 papam
1941 750 1989 800 et

341 835 613 907 episcopos
649 837 699 888 et
727 830 1046 897 cardinales,
1086 836 1135 887 et
1179 847 1356 887 omnes
1403 834 1635 905 captivos
1674 838 1723 887 et
1758 832 1987 899 obsides,

342 924 432 995 qui
454 938 555 996 pro
594 939 653 979 eo
700 921 781 977 vel
826 937 938 977 cum
986 936 1045 977 eo
1075 922 1215 993 capti
1242 928 1383 990 sunt,
1422 937 1633 977 securos
1659 922 1880 993 produci
1906 924 1991 994 fa-

342 1014 481 1068 ciam
509 1013 649 1069 intra
693 1017 875 1083 portas
917 1010 1321 1067 Transtiberino:
1365 1012 1616 1078 civitatis,
1647 1026 1743 1066 nec
1770 1011 1989 1067 ulterius

342 1103 551 1173 capiam
579 1107 669 1157 aut
721 1102 839 1172 capi
875 1101 1169 1171 permittam
1198 1115 1288 1155 eos
1316 1102 1405 1172 qui
1430 1102 1487 1155 in
1514 1098 1764 1169 ﬁdelitate
1790 1100 1991 1154 domini

340 1205 496 1262 papa:
562 1189 837 1247 Paschalis
899 1196 1227 1263 permanent,
1287 1195 1337 1246 et
1385 1189 1580 1263 populo
1639 1192 1871 1245 Romano
1938 1194 1988 1244 et

348 1279 752 1338 Transtiberime
798 1285 847 1336 et
883 1278 1070 1335 insulis
1118 1281 1343 1335 civitatis
1388 1295 1570 1351 pacem
1634 1284 1682 1335 et
1736 1279 1990 1334 securita-

345 1374 444 1426 tem
472 1368 714 1436 servabo,
746 1373 853 1424 tam
894 1385 994 1441 per
1021 1384 1101 1424 me
1128 1384 1285 1439 quam
1322 1384 1482 1437 meos,
1515 1374 1563 1423 et
1591 1369 1646 1423 in
1668 1370 1910 1440 personis
1940 1372 1988 1422 et

343 1459 398 1513 in
424 1456 597 1525 rebus,
635 1458 723 1529 qui
759 1458 885 1513 mihi
909 1473 1090 1529 pacem
1121 1458 1462 1514 servaverint.
1494 1458 1767 1513 Dominum
1790 1471 1987 1528 papam

343 1545 649 1601 Paschalem
695 1546 919 1618 ﬁdeliter
973 1547 1253 1617 adjuvabo,
1312 1552 1367 1602 ut
1419 1552 1669 1618 papatum
1724 1546 1891 1617 quiete
1937 1549 1986 1599 et

341 1650 523 1691 secure
577 1641 771 1703 teneat,
827 1637 1145 1708 patrimonia
1210 1641 1262 1691 et
1324 1636 1682 1708 possessiones
1739 1638 1987 1691 Romanis

2076 480 2264 534 Petrus
2328 480 2629 536 Portuensis
2720 481 3012 554 episcopus,
3110 482 3319 539 Gentius
3395 481 3722 540 Sabiniensis

2073 568 2364 640 episcopus,
2414 569 2667 625 Robertus
2712 570 3001 626 cardinalis
3046 571 3235 627 Sancti
3274 570 3513 639 Eusebii,
3563 574 3722 628 Boni-

2073 654 2246 723 facius
2273 655 2562 712 cardinalis
2609 658 2795 714 Sancti
2837 658 3029 722 Marci,
3078 659 3395 715 Anastasius
3431 658 3724 715 cardinalis

2075 744 2262 827 sancti
2326 744 2622 813 Clementis,
2701 747 2985 817 Gregorius
3051 746 3343 803 cardinalis
3406 748 3722 804 Sanctorum

2074 833 2428 904 apostolorum
2462 836 2606 891 Petri
2653 840 2702 891 et
2757 836 2931 904 Pauli,
2961 838 3084 893 item
3112 838 3398 905 Gregorius
3433 836 3722 892 cardinalis

2073 921 2255 978 Sancti
2302 924 2602 994 Grisogoni,
2642 926 2873 981 Joannes
2929 923 3220 981 cardinalis
3274 925 3490 981 Sancta
3533 926 3721 981 Poten-

2072 1009 2249 1079 tiame,
2299 1011 2488 1067 Rhisus
2542 1012 2833 1068 cardinalis
2872 1013 3090 1083 Sancti.
3113 1013 3405 1081 Laurentii,
3457 1013 3722 1068 Rainerus

2071 1098 2363 1154 cardinalis
2431 1100 2752 1156 Sanctorum
2813 1100 3116 1157 Marcellini
3189 1106 3238 1157 et
3302 1102 3467 1169 Petri,
3537 1098 3722 1156 Vitatis

2070 1185 2360 1242 cardinalis
2412 1192 2609 1243 sanctae
2645 1187 2903 1255 Balbinte,
2962 1191 3145 1245 Dunzo
3194 1186 3484 1245 cardinalis
3530 1188 3723 1245 Sancti

2069 1274 2311 1344 Martini,
2397 1276 2727 1333 Theobaldus
2800 1276 3092 1333 cardinalis
3146 1278 3367 1334 Joannis
3422 1282 3471 1332 et
3536 1277 3717 1332 Pauli.

2068 1363 2300 1418 Joannes
2329 1363 2588 1421 diaconus
2616 1367 2836 1423 Sanctre
2863 1366 3052 1422 Maria:
3075 1366 3130 1421 in
3156 1365 3339 1421 schola
3370 1367 3578 1422 erca.

2140 1450 2416 1508 Paschalis
2438 1453 2584 1521 (181)
2614 1455 2907 1527 episcopus,
2927 1470 3109 1511 servus
3126 1469 3391 1511 servorum
3411 1454 3531 1520 Dei,
3553 1457 3723 1510 caris-

2066 1539 2197 1595 sima
2247 1542 2299 1596 in
2356 1542 2559 1599 Christo
2606 1542 2714 1615 ﬁlio
2762 1545 2992 1601 Henrico
3063 1545 3457 1601 Teutonicorum
3512 1544 3623 1614 regi
3664 1552 3719 1600 et

2063 1642 2163 1699 per
2190 1630 2287 1684 Dei
2334 1631 2505 1702 operis
2560 1634 2788 1702 gratiam
2835 1636 3183 1690 Romanorum
3246 1633 3552 1705 imperatori
3616 1648 3718 1688 au-

343 1723 596 1791 ecclesiw,
636 1738 751 1794 qua
801 1724 1011 1793 abstuli,
1061 1728 1351 1792 restituam,
1405 1730 1591 1781 cuncta
1639 1740 1754 1797 qua
1797 1712 2220 1785 habaengto
2266 1717 2489 1775 salutem
2525 1726 2574 1777 et
2620 1721 2965 1794 apostolicam
3011 1722 3433 1778 benedictionem.
3483 1723 3715 1791 Regnum

346 1812 494 1868 debet
521 1826 668 1867 more
699 1818 1081 1869 antecessorum
1109 1829 1336 1869 meorum
1380 1829 1691 1885 recuperare
1728 1819 1777 1868 et
1814 1818 1989 1868 tenere

347 1899 606 1970 adjuvabo
645 1899 782 1956 bona
836 1902 960 1972 ﬁde,
1019 1908 1069 1957 et
1121 1902 1326 1958 domino
1371 1918 1526 1974 papte
1577 1901 1823 1957 Paschali
1867 1900 1990 1956 obe-

347 1989 615 2053 dientiam,
643 1988 790 2045 salvo
837 1990 1030 2045 honore
1056 1992 1204 2060 regni
1231 1997 1279 2046 et
1312 1992 1536 2063 imperii,
1576 1992 1708 2047 sicut
1745 1988 1989 2046 catholici

346 2077 686 2148 imperatores
730 2077 1001 2133 catholicis
1040 2079 1372 2150 pontiﬁcibus
1401 2080 1670 2135 Romanis.
1720 2080 1849 2134 ch
1878 2093 1993 2133 orn-~

350 2164 441 2219 nia
468 2164 751 2221 observabo
780 2166 916 2222 bona
934 2167 1056 2238 ﬁde,
1080 2170 1193 2223 sine
1217 2168 1407 2238 fraude
1430 2174 1478 2223 et
1497 2167 1635 2223 malo
1664 2167 1892 2236 ingenio.
1910 2169 1985 2222 ‘Et

337 2253 426 2308 isti
452 2259 571 2308 sunt
584 2255 854 2323 juratores
892 2271 962 2309 ea:
976 2260 1130 2327 parte
1147 2257 1312 2327 ipsius
1331 2258 1471 2326 regis
1492 2275 1509 2310 :
1548 2255 1860 2313 Fredericus
1888 2257 1985 2313 Co—

339 2340 583 2398 loniensis
648 2344 1089 2417 archiepiscopus,
1167 2345 1504 2402 Gebehardus
1570 2346 1863 2401 Tridentius
1919 2344 1983 2377 ⁶¹⁵

335 2432 626 2503 episcopus,
685 2435 992 2490 Burhardus
1061 2435 1127 2466 ⁶¹⁶
1187 2437 1621 2493 Monasteriensis
1685 2438 1978 2508 episcopus,

338 2523 514 2576 Bruno
544 2523 812 2593 Spirensis
848 2526 1140 2596 episcopus,
1189 2525 1432 2580 Albertus
1485 2524 1849 2591 cancellarius,
1892 2540 1982 2580 co-

336 2624 442 2664 mes
496 2611 879 2679 Heremannus,
938 2613 1251 2668 Fredericus
1319 2628 1488 2668 comes
1537 2611 1827 2685 palatinas,
1878 2615 1981 2668 Be-

333 2700 610 2767 rengarius
647 2716 837 2768 comes,
868 2702 1173 2774 Bonifacius
1202 2704 1398 2758 martio
1427 2701 1512 2769 ⁸³³,
1534 2701 1780 2758 Albertus
1807 2718 1979 2759 comes

334 2789 399 2843 de
425 2789 767 2859 Blandriaco,
826 2795 1139 2849 Fredericus
1193 2810 1382 2862 comes,
1428 2795 1745 2865 Godelridus
1786 2810 1976 2861 comes,

344 2880 653 2936 Warnerius
681 2883 871 2937 martia
902 2882 985 2938 ⁸³⁸.

405 2969 655 3024 Dominus
685 2970 826 3041 (180)
872 2987 1016 3043 papa
1059 2971 1331 3028 Paschalis
1367 2972 1466 3025 156
1495 2973 1737 3028 concedet
1766 2973 1972 3029 domino

2070 1810 2295 1862 vestrum
2330 1815 2528 1865 sancta:
2581 1813 2829 1868 Romana:
2875 1810 3106 1868 ecclesia
3150 1811 3491 1881 singulariter
3534 1810 3714 1866 coha-

2068 1907 2186 1950 rere
2232 1896 2502 1969 dispositio
2541 1899 2718 1955 divina
2759 1901 3042 1957 constituit.
3095 1901 3517 1957 Prtedecessores
3552 1899 3714 1956 vestri

2067 1985 2377 2056 probitatem
2404 2004 2518 2044 cum
2545 1990 2834 2061 prudentiae
2880 1990 3150 2063 amplioris
3204 1991 3383 2061 gratia
3419 2006 3487 2046 ac
3511 1992 3712 2046 Roma-

2067 2088 2149 2129 nae
2202 2075 2346 2132 urbis
2399 2093 2646 2134 coronam
2704 2086 2753 2135 et
2810 2081 3079 2151 imperium
3129 2080 3392 2136 consecuti
3446 2084 3586 2135 sunt.
3626 2079 3712 2135 Ad

2068 2164 2213 2234 cujus
2267 2167 2503 2224 videlicet
2565 2183 2771 2224 corona
2825 2175 2875 2224 et
2940 2171 3145 2242 imperii
3207 2168 3513 2239 dignitatem
3567 2174 3709 2225 tuam

2065 2268 2265 2325 quoque
2304 2271 2607 2328 personam,
2648 2257 2724 2329 ﬁli
2767 2259 3067 2315 carrissime
3114 2259 3359 2324 Henrice,
3402 2250 3509 2330 per
3540 2258 3707 2313 nostri

2063 2344 2348 2401 sacerdotii
2376 2347 2716 2403 ministerium
2746 2348 2993 2418 majestas
3033 2349 3211 2404 divina
3242 2349 3509 2420 provexit.
3553 2346 3708 2402 Illam

2063 2432 2223 2502 igitur
2277 2434 2546 2503 dignitatis
2594 2438 3022 2508 prtcrogativam,
3090 2452 3245 2509 quam
3295 2436 3707 2509 prwdecessores

2062 2524 2225 2578 nostri
2271 2526 2456 2580 vestris
2503 2526 2998 2597 prwdecessoribus,
3056 2526 3326 2583 catholicis
3380 2528 3705 2598 imperatori-

2062 2610 2181 2679 bus,
2221 2622 2582 2670 concesserunt
2634 2621 2682 2671 et
2716 2616 3104 2687 privilegion
3152 2616 3365 2689 paginis
3418 2616 3700 2686 conﬁrma-

2060 2706 2263 2770 verunt,
2295 2718 2390 2759 nos
2427 2719 2627 2776 quoque
2665 2704 2929 2762 dilectioni
2974 2711 3076 2762 tua
3103 2706 3451 2773 concedimus,
3491 2710 3541 2761 et
3563 2720 3704 2777 pra:-

2059 2791 2221 2845 sentis
2268 2792 2529 2864 privilegii
2600 2795 2799 2865 pagina
2873 2795 3256 2866 conﬁrmamus,
3314 2800 3369 2850 ut
3422 2796 3572 2865 regni
3628 2795 3699 2851 tui

2058 2878 2313 2954 episcopis
2359 2880 2439 2937 vel
2493 2881 2789 2950 abbatibus,
2830 2882 2989 2939 libere
3037 2889 3236 2957 printer
3299 2882 3602 2940 violentiam
3651 2888 3699 2938 et

2058 2973 2347 3045 sgmoniam
2377 2970 2574 3039 electis,
2618 2972 2972 3028 investituram
3020 2974 3178 3043 virgae
3219 2977 3270 3028 et
3314 2970 3498 3028 annuli
3524 2972 3699 3042 confe-

332 3056 444 3125 regi
496 3058 722 3113 Henrico
753 3064 801 3115 et
829 3034 987 3128 regno
1017 3061 1149 3129 ejus,
1200 3065 1248 3116 et
1290 3060 1560 3131 privilegio
1598 3077 1692 3117 suo
1721 3061 1816 3117 sub
1846 3079 1977 3118 ana-
1999 3034 2044 3095 α
2062 3034 2172 3117 ras.
2232 3063 2355 3117 Post
2411 3062 2785 3117 investitionem
2831 3076 2952 3117 vero
2981 3062 3229 3117 canonice
3264 3061 3699 3117 commotionem

335 3143 557 3198 themate
632 3146 956 3217 conﬁrmabit
1025 3154 1073 3202 et
1147 3148 1528 3216 corroborabit,
1605 3150 1845 3222 episcopo
1900 3150 1981 3205 vel

334 3230 524 3287 abbate
570 3232 730 3289 libere
769 3234 929 3290 electo
964 3236 1077 3291 sine
1103 3238 1343 3307 symonia
1379 3252 1597 3293 assensu
1642 3240 1800 3308 regis,
1842 3240 1981 3311 quod

334 3319 570 3377 dominus
623 3337 723 3378 res:
767 3340 882 3379 eum
934 3325 1126 3381 armqu
1182 3333 1232 3382 et
1275 3328 1424 3397 virga
1460 3329 1721 3384 investiat.
1762 3329 1978 3400 Episco-

330 3424 430 3479 pus
457 3415 629 3466 autem
656 3412 738 3467 vel
774 3413 939 3469 abbas
968 3430 1002 3469 a
1031 3429 1151 3484 rege
1203 3417 1491 3483 investitus,
1542 3415 1700 3472 libere
1751 3418 1977 3488 accipiat

331 3503 773 3558 consecrationem
801 3502 869 3558 ab
925 3504 1167 3575 episcopo
1223 3506 1294 3560 ad
1340 3520 1489 3577 quem
1532 3508 1861 3577 pertinuerit.
1911 3508 1979 3564 Si

331 3589 445 3659 quis
474 3603 594 3644 vero
624 3606 658 3645 a
707 3589 845 3647 clero
896 3596 946 3647 et
991 3591 1186 3664 populo
1240 3592 1484 3662 eligatur,
1535 3595 1638 3649 nisi
1667 3611 1701 3650 a
1727 3609 1849 3664 rege
1878 3598 1972 3651 iri-

330 3678 599 3745 vestiatur,
658 3695 693 3735 a
747 3682 949 3736 nemine
1002 3687 1350 3749 consecretur,
1400 3687 1449 3737 et
1504 3683 1881 3757 archiepiscopi
1925 3690 1975 3741 et

329 3767 559 3838 episcopi
613 3767 904 3825 libertatem
960 3769 1185 3826 habeant
1243 3773 1583 3827 consecrandi
1632 3789 1666 3828 a
1712 3788 1833 3842 rege
1896 3776 1976 3828 in-

330 3858 562 3913 vestitos.
618 3859 793 3929 Super
838 3858 919 3914 his
982 3860 1139 3915 etiam
1202 3860 1439 3916 dominus
1500 3877 1643 3933 papa
1701 3862 1975 3919 Paschalis

329 3960 434 3999 non
487 3946 794 4016 inquietabit
845 3948 1107 4003 dominum
1161 3963 1334 4018 regem
1387 3950 1694 4014 Henricum,
1742 3966 1836 4005 nec
1863 3953 1975 4021 ejus

328 4047 543 4102 regnum
569 4040 618 4089 et
662 4036 952 4106 imperium.
985 4037 1236 4092 Dominus
1258 4053 1403 4110 papa
1437 4038 1713 4096 Paschalis
1757 4056 1861 4095 non
1896 4042 1972 4095 in-

330 4122 578 4194 quietabit
630 4124 892 4179 dominum
949 4139 1121 4195 regem
1162 4128 1463 4196 Henricum,
1512 4143 1607 4183 nec
1652 4129 1764 4199 ejus
1818 4130 1975 4202 impe-

326 4213 463 4267 rium
509 4211 597 4268 vel
648 4227 883 4283 regnum,
942 4215 1007 4271 de
1069 4216 1375 4272 investitura
1430 4218 1830 4290 episcopatuum
1893 4219 1974 4276 vel

326 4300 679 4369 abbatiarum,
728 4318 893 4375 neque
938 4304 1004 4360 de
1048 4305 1243 4375 injuria
1287 4305 1389 4362 sibi
1433 4306 1589 4363 illata
1633 4311 1682 4362 et
1718 4309 1849 4377 suis,
1879 4324 1971 4365 ne-

325 4406 424 4464 que
496 4390 709 4463 aliquod
754 4391 949 4449 malum
1002 4394 1182 4450 reddet
1236 4394 1338 4451 sibi
1389 4394 1472 4450 vel
1526 4394 1685 4452 alicui
1727 4412 1969 4469 persona:

322 4495 419 4553 pro
448 4479 549 4536 hac
588 4496 773 4549 causa,
804 4487 858 4537 et
900 4483 1105 4555 penitus
1150 4484 1207 4539 in
1249 4499 1527 4556 personam
1572 4486 1712 4555 regis
1752 4488 1969 4543 Henrici

321 4584 586 4641 nunquam
623 4570 903 4627 anathema
944 4577 1124 4644 ponet,
1182 4588 1279 4628 nec
1322 4573 1627 4641 remanebit,
1676 4575 1731 4630 in
1759 4576 1965 4633 domino

317 4673 490 4731 papa,
525 4660 646 4731 quin
693 4665 904 4716 coronet
944 4676 1078 4729 eum,
1127 4663 1261 4718 sicut
1315 4664 1371 4718 in
1424 4664 1607 4720 ordine
1653 4667 1962 4734 continetur,

2062 3150 2288 3220 accipiat
2335 3148 2402 3203 ab
2448 3149 2712 3222 episcopo,
2770 3149 2842 3205 ad
2899 3164 3046 3220 quem
3100 3149 3428 3221 pertinuerit.
3479 3149 3545 3206 Si
3588 3149 3700 3221 quis

2061 3244 2234 3294 autem
2263 3254 2297 3294 a
2326 3236 2464 3293 clero
2494 3242 2544 3293 et
2588 3237 2782 3310 populo
2805 3243 3003 3310 prater
3045 3243 3187 3294 tuum
3215 3254 3486 3294 assensum
3512 3237 3699 3294 electus

2056 3328 2236 3398 fuerit,
2294 3328 2397 3383 nisi
2452 3342 2487 3383 a
2542 3333 2591 3383 te
2626 3327 2953 3395 investiatur,
3003 3343 3037 3383 a
3090 3329 3295 3383 nemine
3349 3332 3691 3383 consecretur.

2059 3417 2204 3472 Sane
2240 3417 2467 3488 episcopi
2513 3415 2591 3471 vel
2621 3416 2998 3486 archiepiscopi
3048 3415 3337 3472 libertatem
3376 3416 3625 3483 habeant,
3661 3431 3697 3470 a

2057 3510 2107 3561 te
2160 3506 2425 3561 investitos
2474 3505 2744 3577 episcopos
2796 3504 2879 3561 vel
2933 3505 3149 3562 abbates
3204 3507 3453 3561 canonice
3501 3520 3696 3562 conse-

2057 3595 2262 3650 crandi.
2291 3594 2710 3651 Praedecessores
2754 3594 2891 3650 enim
2942 3595 3099 3650 vestri
3154 3594 3402 3651 ecclesias
3447 3595 3595 3665 regni
3616 3594 3695 3649 sui

2057 3684 2216 3740 tantis
2253 3683 2510 3753 regalium
2555 3698 2766 3740 suorum
2807 3681 3068 3754 beneﬁciis
3117 3684 3454 3757 ampliarunt,
3506 3691 3562 3741 ut
3597 3700 3694 3740 re—

2056 3788 2209 3843 gnum
2263 3774 2431 3845 ipsum
2476 3774 2836 3845 episcoporum
2882 3775 3113 3830 maxime
3158 3772 3241 3829 vel
3286 3773 3533 3830 abbatum
3566 3789 3693 3847 pra-

2056 3863 2157 3918 diis
2210 3868 2447 3934 oporteat
2493 3862 2816 3931 communiri,
2861 3866 2910 3918 et
2958 3868 3079 3934 post
3119 3862 3298 3935 plures
3326 3863 3685 3930 dissensiones,

2055 3967 2170 4022 qua:
2242 3950 2575 4006 electionibus
2661 3966 2801 4022 stupe
2890 3951 3209 4021 contingunt,
3300 3950 3467 4021 regali
3550 3967 3689 4024 opor-

2056 4043 2161 4094 teat
2224 4040 2497 4109 majestate
2570 4039 2842 4110 compesci.
2928 4040 3096 4106 Quam
3177 4039 3242 4096 ob
3303 4054 3415 4096 rem
3475 4041 3687 4114 pruden-

2055 4129 2141 4185 tia:
2200 4133 2248 4184 et
2302 4128 2625 4200 potestatium
2688 4142 2828 4183 cura:
2891 4128 3046 4185 debes
3108 4129 3342 4186 solicitus
3406 4132 3678 4195 imminere,

2052 4221 2107 4271 ut
2161 4218 2408 4273 Romanis
2470 4216 2702 4273 ecclesia
2748 4217 2997 4275 celsitudo
3070 4223 3121 4275 et
3183 4224 3497 4277 caterarum
3549 4218 3680 4277 salus

2050 4311 2334 4378 praestante
2393 4307 2611 4362 Domino
2662 4306 2923 4378 beneﬁciis
2974 4313 3026 4363 et
3069 4309 3295 4365 servitiis
3341 4315 3681 4365 conservetur.

1985 4353 2036 4412 Β
2050 4353 3690 4470 ἓῖἇέιῖἷρειὶῖἕ’ἓέἱεεέἇέὶέἓῐῖει”ἐεὲἰιὶι”νὲεῗ”ρὲέῖηῖι’”ιιῖιὲ

2047 4489 2241 4541 nostra
2284 4484 2630 4540 concessionis
2665 4485 2918 4557 paginam
2973 4486 3250 4542 temerario
3299 4502 3434 4542 ausu
3482 4502 3690 4560 perva-

2050 4577 2158 4630 tere
2194 4574 2540 4646 temptaverit,
2581 4573 2928 4630 anathematis
2982 4574 3207 4641 vinculo,
3262 4577 3366 4632 nisi
3392 4576 3685 4649 resipuerit,

2048 4662 2345 4731 innodetur,
2375 4662 2587 4718 honoris
2615 4678 2814 4734 quoque
2851 4678 2917 4718 ac
2957 4663 3234 4733 dignitatis
3270 4679 3379 4720 sua
3403 4665 3687 4737 periculum

323 4754 373 4804 et
398 4764 613 4818 regnum
657 4754 707 4805 et
741 4750 1009 4822 imperium
1057 4752 1219 4823 ofﬁcii
1268 4754 1352 4807 sui
1407 4752 1609 4808 auditio
1648 4768 1762 4809 eum
1792 4760 1968 4810 tenere
2040 4752 2300 4823 patiatur.
2332 4750 2679 4809 Observantes
2717 4757 2890 4808 autem
2917 4752 3280 4808 misericordia
3316 4752 3497 4810 divina
3516 4761 3685 4828 custo-

323 4837 590 4907 adjuvabit
630 4853 732 4910 pro
775 4854 932 4911 posse
974 4855 1091 4907 suo,
1135 4845 1184 4896 et
1231 4841 1342 4897 hac
1386 4841 1686 4914 adimplebit
1727 4842 1965 4899 dominus

316 4941 459 5000 papa
494 4929 609 4984 sine
651 4928 841 4999 fraude
870 4932 919 4984 et
968 4927 1105 4985 malo
1149 4929 1375 4999 ingenio.
1428 4931 1558 4985 Haec
1602 4936 1720 4987 sunt
1752 4932 1963 4989 nomine

320 5014 527 5073 illorum
570 5019 931 5090 episcoporum
1002 5022 1051 5074 et
1118 5017 1487 5088 cardinalium,
1562 5020 1651 5091 qui
1699 5026 1960 5093 praecepto

2050 4842 2182 4909 diat,
2212 4846 2261 4897 et
2286 4855 2568 4913 personam
2585 4845 2990 4913 potestatemque
3010 4845 3149 4897 tuam
3188 4840 3257 4896 ad
3276 4839 3524 4898 honorem
3549 4858 3692 4899 suum

2044 4937 2093 4989 et
2112 4930 2334 5001 gloriam
2368 4928 2589 5001 feliciter
2624 4930 2881 5003 imperare
2908 4929 3178 4986 concedat.

2115 5019 2212 5075 His
2250 5018 2713 5076 conventionibus
2757 5025 2812 5074 et
2853 5020 3179 5089 juramentis
3223 5018 3372 5075 inter
3399 5021 3682 5078 dominum

320 5105 515 5162 domini
553 5122 710 5179 papa
761 5106 1035 5164 Paschalis
1084 5108 1416 5180 privilegium
1460 5113 1511 5164 et
1540 5109 1825 5165 amicitiam
1874 5126 1959 5166 sa-
2042 5123 2238 5182 papam
2285 5116 2342 5165 et
2387 5122 2572 5181 regem
2639 5108 2697 5164 in
2745 5108 2992 5180 paschali
3056 5107 3351 5165 festivitate
3407 5107 3553 5167 facta
3607 5117 3691 5168 est

1662 5234 1884 5291 VARIE
1948 5235 2232 5294 LECTION
2237 5234 2335 5291 ES.

1891 5378 2111 5441 ΝΟΤᾸεῖ.

391 5300 671 5359 '“itaed.

421 5460 540 5589 ἓξὲξ
655 5464 808 5589 gap.
825 5465 1034 5589 mn
1062 5464 1130 5531 ll,
1163 5477 1218 5535 p.
1249 5461 1340 5518 72.

418 5531 538 5601 180)
565 5534 631 5592 V.
655 5533 793 5593 ibid.
825 5549 882 5605 ρ.
911 5531 1005 5590 71.

2133 5464 2293 5537 (181)
2324 5467 2389 5523 v.
2417 5463 2555 5523 ibid.
2587 5462 2766 5535 p.72.
