4022 6160
287 279 380 333 801

1084 285 1499 342 CHRONICON.
1541 317 1609 327 —-
1650 289 1735 344 EX
1775 287 2130 346 FLORENTII
2171 288 2658 344 WIGORNIENSIS
2693 289 2861 343 HIST.

3552 293 3657 346 802

285 405 604 462 concordia.
651 406 860 462 Deinde
907 409 1130 463 Romam
1179 409 1309 465 ldus
1352 411 1556 480 Aprilis
1601 427 1698 468 rex
1751 413 2347 481 venit,Ainvestiatur,
2379 411 2516 483 quod
2561 410 2626 444 “'
2671 417 2747 468 est
2796 418 2979 468 contra
3025 420 3261 469 sanctum
3307 418 3562 488 Spiritum
3609 424 3658 474 et

282 507 443 563 quem
475 508 636 565 papa,
690 495 746 551 in
793 496 1028 552 ecclesia
1075 497 1250 553 sancti
1308 499 1453 554 Petri
1513 502 1730 557 missam
1791 501 1931 558 cele-

280 581 467 650 brans,
526 584 583 639 in
633 585 1019 654 imperatorem
1077 587 1438 654 consecravit,
1498 596 1554 644 et
1605 591 1653 644 ei
1703 591 1929 661 suisque

279 671 534 728 omnibus
559 672 962 730 absolutionem
1001 673 1152 738 fecit,
1194 683 1250 733 et
1279 689 1494 732 omnem
1536 679 1790 747 injuriam
1821 679 1927 735 sibi

279 758 476 816 iactam
516 763 915 818 condonavit...

354 849 474 904 113.
528 849 724 921 [ucxn]
765 851 820 906 6.
862 855 1016 908 Anno
1077 853 1428 922 pontiﬁcatus
1494 855 1704 912 domini
1771 871 1926 928 papae

281 939 557 994 Paschalis
604 939 833 995 secundi
897 939 979 1006 13,
1029 942 1334 999 indictione
1399 944 1454 1008 5,
1515 960 1701 1002 mense
1737 948 1928 1002 Martio

282 1027 346 1080 15
401 1029 519 1084 Kal.
573 1029 794 1099 Aprilis,
855 1029 1190 1086 celebratum
1231 1041 1316 1087 est
1381 1035 1672 1089 concilium
1741 1037 1928 1091 Romae

274 1118 562 1173 Lateranis
627 1119 681 1173 in
723 1119 946 1174 basilica
1003 1121 1452 1176 Constantiniana
1496 1122 1662 1192 (182.
1707 1126 1764 1179 In
1817 1139 1928 1194 quo

273 1221 398 1264 cum
440 1207 696 1264 dominus
737 1223 875 1278 papa
923 1209 1220 1265 resedisset
1259 1209 1323 1240 ⁸³⁵
1377 1226 1498 1266 cum
1555 1213 1927 1283 archiepisco-

271 1297 360 1368 pis
390 1303 445 1352 et
485 1298 764 1368 episcopis
794 1305 848 1353 et
885 1298 1260 1354 cardinalibus
1297 1306 1351 1355 et
1391 1301 1538 1356 varia
1578 1304 1928 1359 multitudine

275 1386 607 1442 clericorum
675 1392 730 1442 et
789 1387 1073 1453 laicorum,
1114 1387 1303 1442 ultima
1345 1389 1435 1445 die
1475 1391 1718 1458 concilii,
1787 1391 1928 1448 facta

270 1489 461 1531 coram
491 1475 748 1530 omnibus
779 1474 1123 1545 professione
1171 1477 1460 1533 catholicae
1514 1479 1661 1545 ﬁdei,
1697 1495 1764 1536 ne
1805 1483 1928 1551 quis

268 1563 339 1620 de
403 1564 510 1620 ﬁde
558 1565 732 1634 ipsius
789 1565 1090 1632 dubitaret,
1151 1566 1326 1621 dixit:
1383 1567 1684 1640 Amplector
1731 1586 1926 1625 omnem

268 1654 503 1708 divinam
528 1654 878 1725 Scripturam,
907 1654 1106 1709 scilicet
1134 1657 1322 1711 ueteris
1344 1672 1408 1711 ac
1424 1658 1564 1732 Novi
1598 1660 1924 1728 Testamenti,

2011 503 2322 556 canonicam
2370 501 2766 556 institutionem.
2835 502 3082 558 Perlecta
3144 515 3270 558 vero
3325 503 3427 560 hac
3483 511 3654 572 carta,

2011 589 2408 645 acclamantum
2449 594 2533 644 est
2570 589 2639 644 ab
2685 591 2941 646 universo
2981 590 3258 646 concilio:
3309 595 3494 659 Amen,
3539 593 3655 664 ﬁat,

2009 679 2123 746 fiat,
2163 667 2580 748 Archiepiscopi
2629 693 2750 733 cum
2802 681 2917 734 suis
2955 679 3313 750 suﬁraganeis
3359 681 3453 750 qui
3494 681 3664 737 inter-

2010 766 2232 824 fuerunt
2260 769 2315 823 hi
2355 774 2520 823 sunt:
2552 767 2792 823 Joannes
2831 768 3138 838 patriarcha
3180 770 3492 836 Veneticus,
3527 771 3660 826 Sen-

2012 871 2110 912 nes
2157 856 2221 888 ⁶¹⁸
2275 858 2586 926 Capuanus,
2649 855 2945 912 Landulfus
2996 859 3429 925 Beneventanus,
3487 858 3662 916 Amal-

2012 945 2309 1014 phitanus,
2378 945 2716 1014 Rogitanus,
2788 945 3188 1013 Hidrontinus,
3261 947 3656 1013 Brundusinus,

2010 1035 2310 1102 Capsanus,
2351 1034 2694 1099 Girontinus,
2728 1038 2782 1088 et
2811 1034 3008 1099 Graeci,
3051 1035 3304 1089 Rosanus
3342 1041 3397 1089 et
3451 1035 3664 1090 archie-

2011 1123 2274 1192 piscopus
2328 1123 2543 1178 Sancta:
2597 1122 2894 1177 Severinaa.
2939 1123 3196 1192 Episcopi
3253 1138 3383 1179 vero
3438 1125 3663 1180 Centius

2011 1211 2344 1274 Savinensis,
2395 1212 2590 1266 Petrus
2628 1212 2969 1274 Portuensis,
3023 1213 3130 1267 Leo
3179 1213 3468 1279 Ostiensis,
3508 1215 3660 1268 Cono

2011 1299 2388 1366 Prenestinus,
2427 1298 2702 1353 Gerardus
2762 1299 3128 1368 Engolismus.
3160 1301 3289 1354 Calo
3339 1302 3660 1369 Leonensis,

2010 1387 2221 1458 legatus
2261 1401 2360 1457 pro
2400 1387 2725 1442 Bituricensi
2767 1393 2822 1441 et
2867 1389 3161 1442 Viennensi
3201 1389 3658 1458 archiepiscopis,

2010 1479 2259 1547 Rogerus
2287 1476 2689 1542 Vulturnensis,
2720 1475 3010 1531 Gaufridus
3047 1479 3324 1542 Senensis,
3359 1479 3663 1534 Rollandus

2010 1565 2450 1635 Populoniensis,
2520 1566 2816 1635 Gregorius
2872 1567 3300 1633 Terracineusis,
3363 1567 3663 1624 Gulielmus

2012 1657 2298 1724 Trojanus,
2348 1653 2576 1708 Gibinus
2618 1655 2996 1720 Siracusanus,
3033 1654 3241 1724 legatus
3275 1669 3373 1724 pro
3406 1656 3662 1710 omnibus

267 1741 435 1812 legem
464 1757 498 1797 a
535 1745 720 1812 Moyse
756 1743 1005 1814 scriptam
1053 1749 1102 1798 et
1149 1760 1181 1798 (ι
1219 1747 1415 1800 sanctis
1456 1747 1746 1818 prophetis.
1797 1744 2230 1810 Am—BSiculis,
2273 1743 2365 1797 alii
2420 1741 2534 1797 fere
2570 1741 2670 1795 100
2707 1744 2976 1812 episcopi.
3029 1744 3286 1812 Siguinus
3333 1752 3386 1798 et
3423 1745 3664 1800 Joannes

262 1832 476 1901 plector
504 1836 728 1903 quatuor
773 1831 1062 1901 evangelia,
1104 1837 1298 1904 septem
1326 1836 1608 1890 canonicos
1653 1836 1921 1908 epistolas,

269 1919 524 1991 epistolas
560 1919 776 1989 gloriosi
825 1921 1054 1976 doctoris
1107 1921 1247 1977 beati
1292 1922 1447 1978 Pauli
1493 1924 1738 1995 apostoli,
1790 1942 1921 1982 san-

269 2013 381 2064 ctos
411 2024 636 2064 canones
674 2009 1048 2080 apostolorum,
1091 2016 1316 2081 quatuor
1344 2012 1565 2067 concilia
1605 2015 1924 2070 universalia

267 2099 404 2153 sicut
452 2104 675 2169 quatuor
721 2098 1014 2168 evangelia,
1076 2101 1350 2168 Nicenum,
1391 2102 1730 2173 Ephesinum,
1791 2105 1924 2159 Con-

267 2186 806 2259 stantinopolitanum,
840 2187 1258 2243 Chalcedonense
1277 2211 1295 2254 ;
1329 2191 1704 2245 Antiochenam
1743 2193 1922 2246 conci.-

269 2275 394 2352 lium
425 2281 474 2331 et
511 2276 721 2330 decreta
749 2281 1044 2330 sanctorum
1083 2283 1292 2346 patrum
1344 2280 1695 2334 Romanorum
1750 2282 1923 2350 ponti-

269 2365 446 2434 ficum,
478 2369 526 2418 et
562 2365 820 2433 prwcipue
857 2364 1066 2417 decreta
1105 2364 1300 2418 domini
1347 2366 1444 2418 mei
1485 2382 1643 2436 papa:
1683 2369 1923 2437 Gregorii

273 2451 480 2521 septimi
509 2456 558 2505 et
586 2451 750 2505 beata:
779 2451 1040 2505 memoria:
1070 2466 1227 2522 papa:
1262 2451 1479 2507 Urbani.
1519 2455 1646 2521 Qua:
1674 2456 1776 2526 ipsi
1813 2455 1925 2512 lau-

276 2538 554 2606 dauerunt,
595 2537 772 2594 laudo.
808 2540 935 2606 Quis
970 2540 1075 2610 ipsi
1111 2546 1402 2606 tenuerunt,
1443 2547 1607 2598 teneo.
1652 2545 1777 2611 Qum
1806 2561 1922 2600 eon-

272 2627 634 2698 ﬁrmaverunt,
702 2629 968 2700 conﬁrmo.
1039 2629 1166 2695 Qua:
1221 2629 1643 2699 damnaverunt,
1711 2634 1920 2690 damno.

276 2717 411 2784 Qua:
455 2716 774 2788 repulerunt,
806 2715 1019 2787 repello.
1054 2718 1182 2783 Qua
1209 2719 1612 2786 interdixerunt,
1645 2723 1922 2778 interdico.

277 2805 410 2872 Qua
445 2805 838 2878 prohibuerunt,
892 2805 1164 2876 prohibeo.
1209 2809 1272 2862 In
1309 2807 1544 2863 omnibus
1586 2815 1635 2864 et
1675 2825 1776 2880 per
1820 2827 1924 2866 om-

277 2894 370 2949 nia
400 2895 454 2948 in
489 2894 568 2948 his
605 2909 808 2965 semper
845 2894 1212 2966 perseverabo.
1253 2896 1460 2962 Quibus
1509 2898 1763 2966 expletis,
1805 2914 1921 2955 sur-

280 2984 426 3038 rexit
473 2997 574 3053 pro
621 2983 876 3039 omnibus
929 2984 1191 3039 Girardus
1247 2985 1676 3055 Engolismensis
1714 2988 1926 3057 episco—

2009 1831 2350 1889 Tusculanus
2372 1831 2640 1900 episcopi,
2665 1845 2785 1886 cum
2809 1839 2994 1886 essent
3015 1833 3201 1886 Romae
3221 1832 3312 1886 illa
3343 1833 3454 1898 die,
3479 1834 3662 1888 conci-

2007 1922 2082 1979 lio
2123 1935 2233 1978 non
2278 1919 2668 1977 interfuerunt.
2716 1921 2818 1987 Qui
2859 1928 3070 1989 postea,
3113 1919 3254 1975 lecta
3308 1920 3659 1977 damnatione

2007 2011 2288 2083 priviligii,
2329 2016 2731 2066 consenserunt
2761 2016 2815 2064 et
2847 2009 3296 2065 laudaverunt....

2082 2100 2239 2155 1136.
2279 2099 2488 2170 [ucxxv]
2523 2099 2577 2153 8.
2633 2099 2871 2154 Henrico
2912 2099 3282 2154 Romanorum
3338 2099 3658 2170 imperatori

2006 2189 2264 2253 Matildis,
2316 2188 2424 2242 ﬁlia
2483 2187 2629 2257 regis
2684 2185 2982 2256 Anglorum
3032 2187 3276 2253 Henrici,
3320 2188 3536 2244 8.1dus
3571 2189 3658 2244 Ja-

2007 2277 2206 2343 nuarii,
2266 2276 2560 2345 Moguntite
2610 2274 2981 2344 desponsata,
3023 2280 3078 2328 et
3137 2275 3192 2328 in
3252 2275 3652 2344 imperatricem

2007 2372 2090 2422 est
2119 2370 2510 2420 consecrata...

2086 2453 2240 2508 1137.
2277 2451 2466 2524 [ucxv]
2509 2450 2564 2506 9.
2597 2452 2714 2507 Hoc
2742 2464 2887 2506 anno
2921 2451 3096 2506 hiems
3123 2450 3306 2506 extitit
3333 2452 3652 2521 asperrima,

2006 2541 2081 2596 ita
2122 2547 2181 2596 ut
2219 2556 2411 2596 omnes
2448 2539 2562 2596 fere
2610 2554 2710 2610 per
2757 2539 3002 2610 Angliam
3053 2547 3251 2610 pontes
3297 2540 3471 2610 glacie
3510 2539 3656 2595 fran-

2007 2637 2285 2700 gerentur.
2329 2632 2634 2700 Imperator
2681 2630 2972 2694 Henricus,
3023 2637 3310 2699 postquam
3369 2629 3652 2685 Coloniam

2008 2718 2103 2773 diu
2141 2717 2451 2773 obsedisset
2508 2715 2661 2787 (183)
2722 2724 2776 2771 et
2831 2718 3032 2773 multos
3088 2731 3310 2772 suorum
3361 2717 3654 2787 campestri

2007 2808 2200 2877 praelio
2242 2807 2592 2876 perdidisset,
2635 2819 2824 2876 pacem
2853 2806 2998 2877 apud
3030 2807 3301 2862 civitatem
3332 2807 3560 2862 Nussam
3590 2804 3654 2836 ⁶¹⁹

2002 2897 2316 2965 juramento
2346 2895 2543 2950 fecit...

2085 2983 2240 3037 1139.
2313 2983 2545 3054 [mcxvu]
2611 2983 2742 3038 11...
2800 2984 2957 3053 Apud
3018 2982 3399 3038 Lumbardiam
3463 2996 3660 3054 magno

282 3088 408 3143 pus,
480 3073 690 3144 legatus
755 3073 810 3127 in
865 3073 1180 3142 Aquitania,
1244 3080 1299 3129 et
1362 3077 1637 3130 communi
1705 3071 2176 3134 assensuGterrm
2209 3079 2358 3128 motu
2399 3071 2562 3138 facto,
2595 3077 2670 3140 et,
2712 3078 2770 3127 ut
2810 3073 2994 3127 testati
3033 3079 3163 3127 sunt
3201 3072 3294 3141 qui
3327 3084 3551 3135 novere,
3591 3070 3664 3125 4O

280 3161 493 3218 domini
536 3176 690 3231 papae
730 3161 1008 3217 Paschalis
1038 3163 1316 3232 totiusque
1347 3163 1570 3219 concilii
1601 3178 1783 3221 coram
1824 3180 1937 3222 om-

280 3252 450 3306 nibus
481 3250 612 3322 legit
642 3251 782 3306 hanc
820 3251 1186 3320 scripturam:
1239 3251 1568 3322 Privilegium
1606 3252 1758 3318 illud,
1801 3255 1937 3326 quod

279 3356 385 3395 non
418 3346 497 3395 est
522 3340 868 3411 priuilegium,
893 3340 986 3394 sed
1015 3355 1135 3395 vere
1163 3339 1311 3395 debet
1343 3341 1448 3395 dici
1471 3341 1825 3412 praeelegium
1852 3344 1934 3410 "°,

274 3445 374 3501 pro
409 3428 722 3484 liberatione
771 3429 1089 3500 captivorum
1129 3434 1178 3484 et
1216 3426 1467 3484 Ecclesia:
1497 3446 1528 3484 a
1560 3431 1766 3485 domino
1791 3447 1936 3502 papa

279 3516 537 3575 Paschali
568 3533 667 3589 per
697 3517 994 3572 violentiam
1040 3517 1178 3586 regis
1229 3519 1444 3571 Henrici
1500 3523 1781 3581 extortum,
1844 3534 1938 3574 nos

276 3622 462 3662 omnes
489 3607 543 3660 in
570 3606 668 3661 hoc
697 3605 916 3661 concilio
947 3620 1059 3659 cum
1093 3605 1300 3658 domino
1331 3607 1651 3674 congregati,
1684 3608 1936 3662 canonica

274 3709 505 3752 censura
527 3700 575 3750 et
594 3695 950 3750 ecclesiastica
972 3693 1284 3748 auctoritate
1293 3693 1495 3762 judicio
1516 3686 1686 3749 sancti
1705 3695 1938 3766 Spiritus

272 3787 612 3853 damnamus,
663 3791 712 3841 et
756 3786 969 3840 irritum
997 3797 1110 3837 esse
1139 3782 1463 3850 judicamus,
1523 3789 1680 3854 atque
1729 3787 1934 3839 omnino

271 3888 614 3946 quassamus,
636 3879 767 3928 etne
787 3871 912 3943 quid
931 3871 1263 3926 auctoritatis
1292 3876 1340 3925 et
1369 3871 1701 3941 efficacitatis
1720 3871 1932 3939 habeat,

271 3965 482 4035 penitus
511 3963 1054 4027 excommunicamus;
1094 3960 1268 4016 ethoc
1316 3960 1432 4014 ideo
1483 3960 1784 4016 damnatum
1833 3968 1930 4030 est,

281 4054 402 4123 quia
429 4053 488 4108 in
519 4067 578 4106 eo
602 4050 881 4122 privilegio
910 4049 1200 4104 continetur
1228 4048 1365 4120 quod
1391 4047 1582 4103 electus
1619 4050 1869 4104 canonice
1899 4065 1934 4104 a

280 4139 416 4196 clero
447 4144 500 4196 et
529 4139 720 4212 populo
750 4155 783 4194 a
812 4139 1012 4194 nemine
1039 4142 1369 4192 consecretur
1404 4137 1507 4192 nisi
1528 4139 1680 4208 prius
1728 4154 1761 4192 a
1810 4152 1932 4207 rege

2021 3159 2234 3215 dierum
2280 3160 2460 3229 spatio
2505 3159 2760 3225 durante,
2815 3159 3047 3229 plurima
3106 3158 3393 3215 domorum
3434 3159 3666 3216 aediﬁcia

2019 3263 2301 3304 corruere.
2345 3251 2432 3312 Et,
2463 3249 2610 3318 quod
2635 3251 2752 3304 visu
2803 3248 3066 3318 dictuque
3113 3255 3328 3303 constat
3379 3249 3626 3304 mirabile
3652 3291 3666 3313 ,

2018 3338 2144 3392 villa
2183 3337 2434 3407 quaedam
2476 3337 2801 3407 pergrandis
2839 3343 2986 3390 mota
3025 3342 3109 3389 est
3148 3342 3375 3403 repente
3424 3335 3492 3389 de
3524 3343 3669 3391 statu

2018 3426 2269 3495 proprio,
2316 3427 2537 3492 jamque
2578 3425 2646 3478 ab
2676 3423 2934 3479 omnibus
2991 3422 3150 3490 longe
3210 3429 3422 3477 remoto
3481 3423 3666 3478 consi-

2019 3520 2166 3568 stere
2196 3511 2443 3567 cernitur
2472 3510 2618 3565 loco.
2653 3510 2943 3564 Mediolani
2973 3508 3100 3562 dum
3143 3510 3335 3578 patriae
3382 3510 3668 3580 dignitatis

2019 3603 2120 3657 viri
2179 3601 2249 3656 de
2288 3614 2346 3654 re
2384 3599 2603 3668 publica
2659 3603 2962 3652 tractantes
3024 3597 3126 3652 sub
3184 3611 3290 3651 una
3357 3599 3666 3653 residerent

2021 3691 2179 3755 turri,
2212 3687 2438 3744 auribus
2467 3687 2706 3742 omnium
2737 3699 2837 3741 vox
2876 3684 3024 3740 foras
3067 3685 3337 3751 insonuit,
3381 3700 3548 3740 unum
3597 3701 3663 3741 ex

2017 3781 2130 3835 illis
2166 3777 2387 3834 nomine
2434 3789 2638 3831 vocans
2687 3782 2740 3830 et
2778 3773 3036 3830 festinato
3088 3775 3237 3829 exire
3287 3788 3504 3844 rogans.
3547 3776 3665 3842 Quo

2018 3867 2292 3931 tardante,
2327 3877 2561 3933 persona
2593 3861 2842 3932 quaedam
2893 3875 3078 3918 coram
3106 3863 3382 3931 apparuit,
3423 3875 3548 3930 qua:
3577 3875 3668 3917 vo-

2017 3962 2196 4012 catum
2227 3954 2400 4008 virum
2441 3958 2500 4007 ut
2529 3951 2888 4022 egrederetur
2915 3964 3081 4020 prece
3121 3951 3378 4006 obtinuit.
3422 3951 3666 4005 Exeunte

2014 4046 2134 4110 illo,
2202 4043 2370 4098 turris
2425 4047 2653 4110 repente
2710 4039 2913 4095 cecidit
2969 4047 3024 4094 et
3081 4051 3272 4094 omnes
3327 4038 3422 4108 qui
3462 4038 3666 4094 ibidem

2014 4134 2241 4190 aderant
2277 4144 2406 4186 casu
2439 4129 2677 4184 mirabili
2717 4128 2995 4199 Oppressit
3026 4127 3196 4197 (184).

1657 4253 1883 4308 VARIIE
1911 4248 2193 4308 LECTION
2199 4246 2297 4303 ES.

355 4354 414 4386 “'
443 4351 687 4410 redisset
712 4352 797 4407 ed.
874 4350 937 4383 ⁶¹⁶
963 4350 1310 4422 privilegium
1339 4349 1425 4407 ed.
1499 4348 1564 4381 ⁶¹⁷
1594 4351 1744 4420 quod
1786 4364 1897 4408 non
1928 4355 2013 4406 est
2039 4347 2128 4403 ed.
2201 4342 2269 4376 ⁶¹⁸
2291 4341 2501 4400 Semies
2528 4340 2616 4396 ed.
2690 4338 2755 4372 "9
2787 4338 3008 4395 missam
3036 4339 3121 4394 ed.

1957 4448 2084 4502 TE.

354 4550 501 4617 (182)
539 4550 603 4604 V.
634 4545 1015 4604 Ekkehardum
1053 4547 1145 4602 SS.
1187 4546 1273 4600 V1.
1314 4559 1370 4614 p.
1413 4543 1538 4612 246,
1589 4553 1645 4599 et
1682 4559 1806 4614 qua:
1857 4451 2334 4617 pleniuambo
2372 4536 2446 4592 hi.
2471 4539 2636 4617 LUnus
2671 4533 2922 4617 religione
2949 4539 2997 4589 et
3028 4532 3282 4613 dig-nitate
3317 4531 3667 4617 θηρσί-ἰοῖς.νεί

290 4623 518 4678 notavit.

361 4692 482 4747 1831
518 4693 576 4746 V.
610 4687 988 4745 Ekkehardum
1027 4702 1075 4743 a.
1115 4686 1270 4741 1114.
1304 4700 1390 4742 ex.

357 4755 509 4833 (184)
552 4764 611 4818 1n
651 4760 1064 4817 continuatione
1103 4755 1618 4833 anonyminonnisi
1650 4770 1832 4833 pauca
1861 4757 1930 4812 de

291 4827 546 4890 Lothario
596 4835 947 4902 imperatore,
1007 4844 1169 4900 quem
1225 4827 1276 4884 a.
1344 4827 1478 4880 1125
1532 4828 1926 4902 Leodegarium

288 4906 440 4972 dicit,
496 4899 762 4974 papisque
811 4899 1075 4957 Anacleto
1139 4908 1194 4957 et
1258 4900 1581 4974 Innocentio
1647 4914 1696 4954 a.
1744 4899 1927 4974 Δ1137,

289 4977 354 5031 de
420 4971 730 5032 Saxonibus
791 4975 1152 5043 Turingorum
1217 4972 1520 5026 victoribus
1586 4979 1674 5043 (ex
1743 4971 1932 5025 Widu-

290 5045 455 5102 kindo
476 5051 520 5112 7)
547 5060 600 5110 a,
637 5046 793 5110 1138,
827 5045 894 5099 de
924 5042 1187 5098 miraculo
1218 5044 1273 5097 in
1314 5042 1619 5096 Prumiensi
1659 5051 1931 5096 monaste-

290 5119 372 5174 rio
402 5126 527 5174 acto
555 5132 604 5173 a.
655 5115 790 5171 1138
839 5117 1076 5171 notanda
1127 5123 1294 5181 sunt;
1337 5127 1460 5182 quae
1510 5113 1599 5166 hic
1643 5113 1927 5168 excribere

544 5330 558 5336 _
587 5257 902 5336 Fluctuabat
967 5255 1137 5336 adhuc
1189 5255 1306 5336 jam
1369 5254 1548 5336 annish
1594 5254 1630 5305 7
1694 5255 1930 5336 Romana

297 5328 425 5384 1137
467 5330 616 5385 sedes
660 5334 872 5401 propter
916 5331 1166 5401 papatum
1222 5326 1460 5401 duorum,
1483 5325 1743 5401 Gregorii
1779 5324 1927 5379 scili-

291 5406 389 5469 cet,
420 5403 508 5472 qui
535 5406 583 5456 et
621 5396 1081 5472 [umectata—met
1113 5397 1274 5463 Petri,
1315 5396 1402 5467 qui
1439 5400 1489 5472 et
1535 5398 1658 5452 Leo.
1700 5398 1930 5464 Quorum

294 5467 456 5527 causa
517 5473 652 5530 inter
685 5471 988 5528 Lotharium
1047 5470 1397 5524 Romanorum
1459 5467 1825 5530 imperatorem
1881 5473 1928 5522 et

294 5544 548 5611 Rogerum
574 5542 778 5615 Apulia
814 5543 992 5598 ducem
1039 5546 1277 5594 exortum
1323 5537 1420 5606 fuit
1457 5536 1664 5594 bellum.
1722 5537 1928 5595 Divitiis

2015 4603 2355 4667 excellentior
2371 4630 2390 4673 ,-
2424 4608 2560 4662 alter
2587 4609 2641 4661 in
2671 4607 3022 4675 confusionem
3050 4604 3133 4658 sui
3153 4617 3285 4657 auro
3302 4603 3662 4675 praestantior.

2014 4681 2310 4754 Imperialis
2349 4685 2520 4754 tamen
2547 4673 2867 4754 sublimitas,
2893 4683 2946 4754 u_t
2977 4676 3185 4754 dignum
3233 4679 3282 4728 et
3320 4673 3531 4754 jus_tum_
3565 4678 3660 4740 est,

2015 4743 2152 4809 omni
2181 4755 2338 4820 regia:
2367 4751 2609 4818 dignitati
2651 4753 2869 4820 praestat
2915 4749 2970 4801 in
3007 4743 3261 4820 omnibus.
3291 4743 3458 4798 Ambo
3487 4746 3664 4820 Roma:

2007 4817 2289 4896 praedictos
2346 4817 2722 4896 constituerunt
2782 4818 3058 4896 episcopos
3111 4817 3470 4896 episcoporum
3491 4833 3549 4896 ;n

2013 4888 2218 4950 tharius
2275 4893 2580 4960 Gregorium
2635 4888 2885 4944 canonice
2933 4889 3166 4956 electum,
3224 4889 3457 4960 Rogerus
3508 4888 3662 4960 Petro

2012 4969 2174 5022 Leoni
2207 4957 2453 5021 Romana
2499 4963 2644 5016 urbis
2699 4962 2951 5014 concessit
3005 4966 3306 5030 papatum,
3346 4959 3528 5030 Verum
3565 4957 3665 5011 hac

2012 5041 2153 5092 inter
2189 5052 2277 5091 eos
2323 5035 2655 5099 dessensione
2700 5029 3046 5085 cardinalium
3075 5029 3408 5084 auctoritati
3444 5034 3491 5082 et
3525 5041 3664 5097 prte-

2009 5109 2246 5179 fectoriw
2310 5106 2553 5179 dignitati
2575 5101 2910 5179 _displicente
2932 5146 2967 5179 ,_
3004 5116 3188 5179 amore
3241 5100 3490 5179 pecuniai
3527 5113 3664 5179 nunc

2014 5171 2322 5248 Gregorium
2368 5171 2384 5174 ’
2412 5178 2466 5248 in
2523 5247 2528 5248 ί
2565 5171 2708 5228 Petri
2754 5244 2763 5248 _
2807 5172 3132 5248 expulsione,
3228 5185 3372 5248 nunc
3449 5171 3660 5248 Petrum

2013 5241 2254 5320 Gregorii
2329 5246 2687 5320 exclusione,
2744 5244 2800 5320 in
2872 5241 3213 5320 apostolicam
3262 5241 3452 5320 sedem
3527 5241 3660 5320 reci-

2006 5312 2174 5393 piunt.
2208 5319 2570 5393 __Constitutus
2654 5315 2874 5393 denique
2903 5312 2920 5315 “
2940 5329 2980 5393 a
3023 5313 3302 5393 Lotharig
3379 5312 3662 5393 Gregorius

2011 5383 2353 5464 apostolicam
2420 5389 2552 5464 regit
2615 5383 3117 5464 sedem’;h_electus_.
3158 5399 3208 5464 ai
3257 5385 3459 5464 lingere
3485 5456 3504 5464 _
3525 5383 3660 5464 velut

2012 5455 2156 5534 alter
2203 5477 2348 5534 papa
2423 5455 2700 5534 Lateranis
2763 5455 2897 5511 sedit
2921 5501 2940 5524 ,
2992 5455 3208 5534 antiqui
3274 5455 3419 5534 Petri
3462 5455 3661 5534 Leonis

2009 5521 2222 5589 soboles
2277 5521 2472 5589 'Petrus
2545 5531 2685 5594 Leo;
2763 5541 2861 5599 quo
2921 5521 3190 5598 utrosque
3279 5526 3329 5580 si
3423 5521 3660 5582 stimulas

3661 5788 3997 5930 “in.

3703 6085 3928 6122 Δ
