4022 6160
362 315 3724 382 ἐ

364 360 3723 399 5W

1828 497 1971 536 ANNO
2011 494 2266 535 MXLV-MC

1085 663 2219 812 LANDULFUS
2338 658 3014 801 SENIOR

1365 924 1852 993 CLERICUS
1932 917 2730 1003 MEDIOLANENSIS

1852 1093 2252 1106 —-_

725 1248 1401 1391 LANDULFI
1523 1241 2171 1380 HISTORIA
2291 1235 3382 1376 MEDIOLANENSIS

1181 1477 1568 1534 EDlDERUNT
1610 1477 1668 1531 L.
1712 1477 1774 1530 C.
1818 1473 2184 1529 BETHMANN
2222 1471 2306 1526 ET
2344 1472 2428 1526 W.
2471 1470 2934 1525 WATTENBACH

919 1634 1101 1706 (Apud
1134 1635 1327 1697 Penrz,
1359 1632 1698 1688 Monumenta
1729 1627 2024 1683 Germania:
2051 1625 2321 1690 historica,
2357 1624 2555 1693 Script.
2593 1631 2724 1679 tom.
2757 1625 2895 1687 Vill,
2929 1637 3052 1693 pag.
3082 1619 3200 1689 32.)

1379 1939 1831 2026 NOTITIA
1894 1937 2006 2019 IN
2073 1934 2756 2018 LANDULFUM

978 2118 1250 2197 AETAS,
1305 2113 1719 2190 NATALES,
1775 2109 2121 2187 PATRIA,
2178 2109 2343 2174 RES
2393 2109 2726 2187 GEST/E,
2779 2109 3140 2176 SCRIPTA

442 2306 703 2362 Ecclesiae
754 2307 1177 2363 Mediolanensis
1223 2306 1516 2362 discidium
1567 2309 1691 2374 post
1726 2297 2082 2359 ArnulfumA
2103 2299 2426 2368 popularem
2465 2314 2525 2355 se
2556 2299 2818 2365 ostendit,
2861 2306 2935 2365 et,
2978 2298 3266 2354 Widonem
3305 2296 3536 2352 laudans
3575 2308 3752 2364 πεδί-

374 2395 606 2452 alterum
661 2397 729 2451 ad
787 2398 1138 2452 scribendum
1196 2397 1451 2452 excitavit
1514 2392 1858 2459 Landnlium,
1928 2390 2020 2460 qui

375 2485 552 2541 eidem
594 2500 716 2541 cum
749 2485 844 2542 illo
876 2488 1017 2555 parti
1049 2485 1199 2552 favit,
1243 2486 1343 2540 sed
1376 2485 1549 2540 multo
1597 2483 1853 2538 acerbius
1890 2479 2025 2534 scri-

377 2575 506 2646 psit,
560 2589 663 2629 nec
700 2576 1027 2630 sententiam
1076 2581 1338 2644 quantum
1387 2574 1590 2629 scimus
1627 2577 1817 2642 postea
1854 2574 2026 2624 muta-

378 2666 493 2731 vit;
529 2664 763 2734 partium
804 2665 976 2734 magis
1005 2679 1164 2733 quam
1195 2665 1442 2719 veritatis
1478 2662 1662 2718 studio
1711 2662 1927 2727 ductus,
1971 2666 2026 2715 et

382 2767 532 2808 caeco
572 2766 962 2822 nonnunquam
994 2752 1179 2809 furore
1209 2754 1490 2823 abreptus.
1525 2754 1731 2808 Nomen
1773 2751 2025 2806 codicum

380 2841 820 2910 subscriptiones
849 2841 1113 2909 indicant,
1156 2849 1211 2897 et
1240 2842 1432 2897 iittera
1471 2844 1531 2896 L.
1582 2841 1638 2895 in
1687 2838 2029 2910 prmfationis

379 2930 609 2986 exordio
641 2931 882 2985 nominis
916 2931 1039 2986 loco
1072 2932 1272 3000 posita.
1303 2934 1485 2985 Genus
1510 2930 1662 2994 latet,
1693 2929 1788 2982 sed
1823 2926 2027 2996 populo

381 3020 554 3089 magis
609 3033 770 3087 quam
829 3019 1104 3073 nobilitati
1151 3033 1273 3074 eum
1318 3017 1532 3084 favisse,
1575 3018 1715 3071 bene
1757 3017 1868 3085 jam
1915 3015 2029 3069 ani-

379 3107 673 3161 madvertit
697 3121 883 3162 comes
911 3107 1114 3161 Giulini
1166 3106 1276 3176 (1);
1327 3121 1449 3161 nam
1503 3113 1559 3161 et
1601 3106 1655 3159 in
1706 3103 2030 3160 enarrandis

381 3195 582 3265 pugnis
610 3209 734 3264 quae
764 3209 955 3249 versus
983 3208 1033 3249 a.
1063 3193 1199 3247 1045
1220 3194 1364 3250 inter
1392 3201 1656 3264 utrosque
1686 3198 2027 3259 exarserunt,

380 3336 650 3404 dignitatis
717 3334 929 3390 ambitio
965 3379 978 3402 ,
1046 3342 1226 3392 neuter
1277 3335 1491 3406 placens
1555 3337 1685 3389 Deo.
1737 3335 1863 3400 Quae
1915 3349 2032 3406 cum

381 3408 507 3476 ﬁunt
536 3407 589 3460 in
639 3407 849 3472 mundo,
900 3407 997 3462 Dei
1041 3405 1316 3463 seruantur
1360 3407 1581 3476 judicio,
1637 3405 1780 3474 cujus
1826 3405 2034 3474 judicia

382 3477 602 3548 abyssus
665 3477 846 3532 multa.
889 3480 1064 3534 Causa
1119 3484 1278 3534 tanta:
1334 3479 1694 3543 dissensionis,
1753 3477 1807 3530 in
1841 3477 2034 3548 capite

383 3547 607 3604 omnium
634 3564 728 3620 per
757 3548 933 3604 orbem
978 3549 1314 3605 ecclesiarum
1361 3552 1536 3605 Roma:
1585 3563 1739 3620 quam
1792 3547 2034 3620 plurimis

2106 2391 2448 2458 episcopum,
2482 2389 2679 2444 acerbe
2709 2389 2984 2443 invehitur
3031 2389 3086 2442 in
3141 2385 3376 2442 clericos
3421 2385 3626 2455 quibus
3663 2383 3752 2439 hic

2108 2486 2336 2548 propter
2372 2479 2591 2548 generis
2637 2478 3000 2533 humilitatem
3051 2477 3256 2532 invisus
3294 2480 3430 2531 erat.
3477 2473 3750 2530 Clericum

2105 2583 2164 2623 se
2221 2566 2386 2622 fuisse
2445 2574 2500 2622 et
2555 2569 2673 2636 ipse
2712 2584 2796 2636 ιιι,
2859 2569 2908 2635 l,
2964 2567 3174 2622 indicat
3210 2564 3300 2634 t2),
3359 2570 3415 2619 et
3470 2561 3750 2618 scribendi

2107 2672 2281 2729 genus
2321 2671 2614 2726 rerumque
2661 2657 3160 2712 ecclesiasticarum
3214 2655 3445 2710 scientia
3501 2665 3752 2722 compro-

2109 2747 2237 2811 bat;
2293 2745 2527 2814 epistola
2583 2752 2764 2800 autem
2821 2747 2976 2815 operi
3036 2745 3317 2814 prtemissa
3373 2743 3442 2798 ad
3501 2741 3750 2797 ecclesia

2109 2836 2533 2892 Mediolanensis
2597 2837 3170 2906 archipresbyterum,
3240 2835 3418 2890 locum
3491 2833 3544 2888 ei
3612 2833 3751 2886 inter

2110 2926 2424 2982 ordinarios
2461 2923 2740 2995 assignare
2769 2925 3008 2980 videtur.
3047 2927 3121 2980 De
3163 2930 3410 2994 tempore
3458 2935 3570 2993 quo
3618 2921 3750 2976 scri—

2111 3016 2238 3085 psit,
2267 3014 2403 3070 nihil
2435 3015 2572 3070 certi
2605 3015 2766 3070 nobis
2798 3015 3056 3070 traditum
3083 3020 3184 3069 est.
3217 3014 3270 3069 Si
3307 3013 3444 3068 tldes
3481 3018 3566 3067 est
3602 3009 3751 3066 codi-

2112 3105 2288 3170 cibus,
2331 3103 2797 3174 archipresbyteri
2829 3103 2976 3158 illius
3006 3117 3204 3159 nomen
3235 3103 3304 3158 ab
3334 3102 3516 3158 littera
3562 3103 3624 3156 L.
3677 3101 3752 3154 in-

2111 3193 2353 3263 cipiebat
2374 3209 2389 3256 ;
2413 3193 2508 3249 sed
2537 3193 2742 3248 nullius
2761 3208 2861 3263 per
2881 3207 2978 3250 eos
2997 3207 3172 3250 annos
3189 3193 3523 3249 mentionem
3551 3190 3751 3254 inveni,

2111 3333 2417 3404 fortitudine
2477 3333 2603 3389 bene
2659 3338 2774 3404 regi
2829 3340 3024 3391 terram
3078 3335 3285 3390 illorum
3315 3375 3332 3400 ,
3401 3336 3754 3400 conveniunt;

2111 3405 2422 3477 statuto_die
2451 3406 2690 3477 condicto
2725 3406 2922 3477 placito
2971 3423 3028 3461 se
3083 3408 3341 3476 ingerunt,
3398 3407 3453 3459 in
3497 3404 3757 3477 cautelam

2115 3481 2163 3530 et
2203 3474 2415 3530 tutelam
2443 3477 2524 3530 sui
2555 3474 2742 3546 longos
2765 3477 2959 3533 cultros
2987 3474 3318 3547 inuaginatos
3355 3477 3408 3531 in
3456 3476 3757 3532 abscondito

2114 3563 2287 3602 secum
2315 3554 2567 3620 gerentes.
2602 3551 2721 3604 Non
2748 3550 2898 3620 pacis
2927 3565 3197 3616 consensu,
3236 3551 3329 3605 sed
3357 3550 3412 3603 in
3439 3548 3760 3603 dissensione

383 3621 535 3692 annis
583 3617 795 3687 habitae,
845 3623 1102 3676 communi
1141 3622 1459 3692 principium
1513 3617 1730 3692 consilio
1761 3689 1772 3692 _
1784 3619 2033 3692 statuitur
2053 3633 2304 3692 Bmagna
2363 3617 2670 3689 placitatum
2733 3617 2828 3676 est.
2890 3622 3026 3688 Quid
3091 3621 3264 3677 multis
3285 3622 3315 3676 Ρ
3381 3620 3596 3689 Turingi
3651 3621 3760 3692 uin-

383 3691 515 3759 dies,
565 3707 663 3761 quo
711 3693 845 3747 inter
896 3689 1158 3748 Romanos
1211 3699 1260 3749 et
1297 3689 1606 3763 Apulienses
1653 3689 1876 3763 duellum
1913 3691 2027 3763 ﬁat,

381 3767 428 3834 et
495 3763 636 3817 Deus
693 3763 1010 3834 omnipotens
1065 3764 1236 3832 judex
1301 3761 1524 3818 omnium
1581 3763 1664 3816 cui
1719 3761 2031 3832 disposuerit

378 3833 656 3904 uictoriam
711 3833 936 3904 tribuat.
990 3836 1316 3903 Congregato
1366 3834 1599 3888 exercitu
1641 3836 1752 3904 fere
1801 3835 2033 3886 innume-

380 3902 561 3971 rabili,
602 3903 882 3960 Lotharius
945 3902 1250 3976 imperator,
1306 3905 1423 3960 licet
1478 3902 1780 3976 inﬁrmitate
1830 3905 2031 3976 positus

381 3978 782 4056 castrametatus
830 3981 926 4056 est
953 3973 1264 4056 in_Ap_ulia.
1314 3973 1876 4056 Rogerus_-tliultorum_
1916 3973 2032 4056 mil-

381 4043 506 4098 lium
577 4045 806 4118 peditum
877 4052 927 4101 et
1000 4043 1224 4118 equitum
1314 4043 1639 4103 multitudine
1711 4047 2030 4118 constipatus

383 4117 627 4170 occurrit.
659 4117 948 4184 Pugnatum
977 4116 1052 4172 est
1092 4119 1347 4188 utrinque.
1376 4131 1379 4134 '
1408 4121 1514 4173 Deo
1573 4123 1743 4172 autem
1767 4187 1777 4188 ί
1798 4117 1875 4170 sic
1931 4116 2032 4170 dis-

377 4191 618 4256 ponente.
667 4188 950 4257 imperator
1004 4203 1117 4243 cum
1161 4187 1271 4243 suis
1307 4190 1514 4245 uincens
1571 4187 1870 4258 triumphat,
1931 4189 2032 4241 Ro-

381 4271 536 4327 gerus
573 4273 686 4312 cum
715 4258 826 4330 suis
871 4261 1035 4314 uictus
1069 4261 1250 4330 fugam
1284 4262 1420 4316 iniit.
1473 4263 1630 4329 Cujus
1676 4259 1823 4326 regia
1872 4273 2033 4312 coro—

379 4344 471 4400 na,
505 4343 659 4400 quam
697 4328 800 4383 sibi
823 4331 1021 4400 fecerat
1068 4328 1123 4384 ut
1169 4346 1269 4386 rex
1311 4328 1672 4397 coronaretur,
1724 4343 1853 4384 auro
1895 4344 2032 4400 pra:-

376 4397 605 4468 fulgida,
634 4397 886 4456 insidiose
915 4407 1086 4457 tamen
1113 4409 1343 4472 reperta,
1385 4404 1438 4458 in
1477 4403 1666 4457 donum
1712 4397 2032 4471 acceptabile

378 4472 731 4543 imperatoria:
759 4473 987 4528 traditur
1023 4473 1364 4528 excellentiae.
1408 4474 1511 4541 Qui
1556 4473 1875 4543 repairians,
1927 4487 2033 4527 non

380 4540 549 4612 multo,
565 4548 684 4612 post
721 4557 934 4612 regnum
962 4559 1075 4598 cum
1104 4545 1212 4599 vita
1241 4540 1484 4600 amisit...

459 4557 684 4665 ltt06808l
721 4557 934 4612 regnum
962 4559 1075 4598 cum
1104 4557 1212 4599 vita
1241 4557 1484 4600 amisit...

459 4612 516 4664 ll
601 4652 615 4666 .
669 4612 718 4668 1.
769 4617 1120 4671 Romanorum
1174 4615 1264 4671 99.
1333 4615 1625 4682 Conradus,
1695 4615 1806 4669 dua:
1868 4613 2021 4670 1138.

382 4685 748 4769 Davaﬁorum,
800 4701 962 4769 nepos
990 4687 1208 4769 Henrici
1252 4688 1560 4769 superioris,
1611 4685 1720 4768 qui.
1746 4685 1929 4740 habuit
1977 4686 2032 4769 in

380 4755 763 4828 imperatricem
789 4755 955 4828 ﬁliam
982 4758 1121 4826 regis
1171 4755 1452 4827 Anglorum
1506 4755 1740 4828 Henrici,
1793 4757 2029 4828 regnavit

383 4825 535 4880 annis
562 4825 645 4880 l2.
670 4825 806 4882 Olim
828 4825 1070 4899 temporis
1090 4844 1214 4897 gens
1235 4825 1470 4899 quadam
1492 4829 1558 4884 ab
1578 4826 1866 4899 aquilonali
1877 4832 2030 4898 parte

380 4899 609 4971 ueniens.
637 4899 940 4971 Turingiam
987 4905 1182 4955 terram
1227 4900 1554 4956 incolendam
1586 4900 1896 4971 penetravit.
1930 4900 2030 4954 Cu-

2114 3695 2298 3744 cuntur
2370 3696 2554 3764 extera
2628 3707 2752 3764 gens
2827 3692 2985 3762 effera
3058 3693 3358 3764 triumphat.
3435 3693 3598 3764 Nam
3652 3689 3760 3764 lon-

2113 3775 2291 3833 gorum
2367 3759 2651 3816 cultrorum
2717 3763 2836 3830 jam
2854 3759 2878 3762 ’⁷
2910 3759 3304 3833 euaginatorum
3377 3762 3632 3817 exercitio
3705 3762 3759 3833 ﬁt

2113 3833 2167 3885 in
2220 3832 2493 3906 Thuringis
2529 3848 2632 3887 non
2678 3834 2884 3889 modica
2928 3832 3198 3905 sanguinis
3243 3835 3442 3906 effusio.
3492 3835 3574 3888 De
3619 3832 3758 3906 terra

2113 3907 2162 3978 et
2228 3903 2306 3978 de
2353 3906 2664 3978 cognatione
2727 3920 2824 3960 sua
2888 3902 3104 3978 Turingi
3164 3902 3526 3978 propelluntur
3577 3902 3760 3959 incola:

2112 3975 2435 4056 ignominia;
2473 3976 2585 4044 fere
2627 3980 2735 4031 tota
2778 3982 2926 4058 terra
2963 3975 3178 4034 illorum
3216 3975 3351 4033 cedit
3399 3975 3585 4057 quibus
3621 3979 3761 4030 rota-

2113 4043 2180 4118 tis
2223 4047 2734 4118 arnseratifortuna
2770 4063 2824 4101 in
2870 4050 3109 4105 victoria.
3158 4051 3361 4105 Mutato
3408 4047 3629 4118 denique
3667 4062 3758 4118 no-

2112 4115 2418 4190 mine,quae_
2442 4115 2596 4190 adid
2627 4124 2822 4190 tempus
2865 4120 3132 4189 Turingia,
3191 4136 3261 4175 ea:
3315 4119 3486 4188 long-is
3541 4115 3758 4190 cultelli:

2111 4188 2203 4242 sed
2233 4187 2528 4259 victoriosis
2549 4187 2900 4259 postmodum
2955 4187 3142 4247 uocata
3198 4197 3294 4257 est,
3334 4187 3439 4244 non
3489 4189 3749 4254 Samnio,

2111 4259 2214 4330 sed
2253 4258 2470 4327 Anglico
2509 4258 2756 4315 elemento
2809 4262 3116 4317 Sexcnia...
3174 4264 3423 4330 Defuncto
3461 4259 3603 4315 sedis
3639 4274 3758 4330 apo-

2112 4328 2310 4383 stolica:
2358 4332 2602 4384 invasore
2640 4333 2792 4386 Petro
2841 4334 3012 4388 Leone
3059 4348 3196 4388 anno
3233 4328 3268 4385 9
3305 4332 3594 4388 inuasionis
3630 4328 3756 4396 sua,

2113 4400 2424 4456 uenerabilis
2465 4417 2607 4473 papa
2637 4403 2939 4475 Gregorius,
2994 4405 3080 4475 qui
3136 4409 3185 4460 et
3235 4403 3586 4468 Innocentius,
3612 4473 3619 4475 _
3643 4416 3763 4456 san-

2115 4476 2249 4527 ctam
2313 4487 2510 4547 regens
2558 4473 2849 4538 ecclesiam,
2919 4473 3016 4530 ad‘
3037 4476 3448 4547 satis/actionem
3505 4473 3762 4528 uenientes

2114 4547 2322 4597 cunctos
2360 4543 2447 4614 qui
2493 4543 2548 4598 in
2592 4550 2744 4615 parte
2792 4547 2935 4600 Petri
2977 4543 3311 4602 contra'eum
3359 4550 3635 4602 tenuerant
3678 4560 3764 4598 su-

2111 4615 2718 4689 scepit._Et_paciﬁcatis
2757 4616 3010 4682 omnibus,
3043 4618 3128 4672 die
3159 4616 3401 4689 paschali
3439 4618 3617 4689 Romae
3640 4631 3766 4689 con—

2111 4687 2335 4758 secrauit
2391 4686 2445 4739 in
2517 4688 2811 4758 episcopum
2877 4689 3100 4758 Ostinsis
3159 4685 3417 4758 ecclesiis,
3461 4685 3763 4742 Albericum

2114 4755 2352 4811 abbatem
2420 4755 2756 4812 Verzeliensis
2811 4757 3061 4815 ecclesiae.
3121 4761 3289 4816 Fama
3335 4757 3476 4815 uolat
3521 4772 3618 4816 per
3664 4759 3764 4813 cir-

2113 4827 2303 4882 cuitum
2357 4826 2454 4881 hoc
2515 4832 2712 4898 factum
2776 4830 3100 4885 miraculum.
3158 4861 3230 4870 —
3286 4833 3350 4886 In
3415 4826 3764 4899 archiepisco-

2109 4903 2241 4967 patu
2286 4901 2609 4971 _Treoerensi
2673 4900 2954 4956 ctenobium
3018 4901 3189 4957 nobile
3241 4903 3395 4957 situm
3459 4905 3558 4965 est,
3607 4900 3764 4971 quod

371 4967 461 5036 jus
489 4973 645 5052 terra:
667 4968 871 5052 incolis,
913 4976 967 5026 ut
988 4972 1367 5052 ipsius'eaterw
1384 4978 1539 5052 terra:
1557 4967 1779 5052 populus
1801 4971 2035 5040 expetie-
2054 4969 2363 5052 Gyrumia‘
2399 4970 2642 5052 dicitur,‘
2676 4972 2730 5052 in
2794 4973 2988 5052 honore
3013 5043 3026 5052 _
3050 4977 3349 5052 sanctorum
3377 4967 3766 5052 apostolorum

382 5053 461 5114 re,
483 5039 626 5114 haud
641 5041 898 5114 modicam
917 5039 1276 5114 sui'incolatus
1288 5039 1581 5114 portionem
1602 5039 1680 5096 illi
1714 5039 2030 5114 concessere.

382 5110 556 5165 Crevit
581 5111 804 5184 populus
833 5117 881 5168 et
928 5110 1306 5184 multiplicatus
1335 5120 1411 5170 est
1449 5115 1620 5168 nimis.
1651 5115 1826 5180 Longo
1857 5111 2033 5182 elapso

383 5186 631 5254 tempore,
673 5183 899 5238 debitam
953 5183 1195 5253 Turingis
1253 5186 1510 5254 abnegant
1551 5184 1880 5239 deditionem.
1919 5185 2036 5250 Qua

384 5251 448 5306 de
477 5251 536 5325 re
564 5269 678 5309 cum
709 5255 892 5323 armis,
933 5261 988 5311 ut
1016 5251 1177 5311 moris
1207 5262 1283 5313 est
1312 5251 1476 5312 eidem
1519 5257 1678 5325 genti,
1735 5256 2034 5310 convenitur

385 5323 625 5399 utrinque
654 5331 708 5399 ut
738 5325 964 5399 debitum
1001 5328 1248 5399 exigatur
1304 5334 1352 5384 et
1405 5323 1752 5399 persoluetur.
1786 5326 1851 5380 Id
1905 5340 2034 5380 sane

384 5396 550 5467 semel
573 5401 621 5451 et
669 5396 872 5463 iterum,
922 5398 1034 5454 sine
1090 5397 1300 5454 uulnere
1351 5396 1542 5466 tamen,
1603 5397 1873 5467 agebatur,
1934 5403 2034 5452 ter-

384 5464 455 5518 tio
491 5466 826 5546 .sine_armis_
850 5468 916 5524 ab
946 5476 1167 5546 ut_raque
1194 5475 1346 5540 parte
1371 5469 1485 5546 sub
1511 5464 1661 5542 pacis
1688 5469 1884 5546 findere
1910 5482 2037 5523 con-

385 5537 572 5620 uenire.
617 5537 931 5620 decernitur.
973 5537 1292 5620 Eat—erorum
1343 5537 1572 5620 plurima
1609 5537 1881 5620 multitudo
1919 5554 2034 5596 sen-

383 5606 517 5660 tiens
553 5606 955 5666 imbecillitatem
1016 5606 1380 5681 Turingorum,
1433 5617 1484 5668 et
1537 5626 1632 5668 nec
1687 5609 1903 5667 consilio
1940 5623 2035 5666 nec

2116 5040 2258 5114 Petri
2315 5045 2363 5096 et
2417 5041 2571 5096 Pauli
2610 5043 2922 5109 dedicatum,
2971 5043 3036 5098 ab
3093 5045 3320 5114 antiquis
3369 5040 3764 5114 teniporibusia

2115 5111 2328 5194 l’ipino,
2360 5126 2481 5181 rege
2512 5115 2858 5194 Francorum,
2879 5121 3048 5194 patre
3089 5111 3272 5194 Caroli
3322 5111 3527 5194 Magni,

2116 5187 2240 5248 tum,
2308 5183 2363 5236 in
2427 5199 2526 5253 quo
2592 5185 2714 5240 talis
2768 5183 2972 5240 novitas
3024 5187 3100 5241 rei
3165 5185 3232 5241 ab
3289 5183 3522 5240 omnibus
3575 5183 3767 5239 ibidem

2115 5254 2538 5328 conuersentibus
2586 5257 2842 5328 accidisse
2889 5260 3130 5328 refertur.
3181 5256 3420 5324 Quodam
3448 5262 3762 5328 mane,_etc.

2115 5325 2397 5398 Diabolum
2428 5328 2484 5380 in
2525 5327 2661 5398 cella
2709 5329 2916 5384 vinaria
2944 5325 3374 5398 deprehensum
3434 5325 3764 5398 monachum

2113 5394 2383 5468 fecerunt;
2445 5397 2542 5452 sed
2583 5407 2771 5468 postea
2829 5419 2858 5452 »
2917 5394 3202 5455 cum—eum
3253 5395 3533 5454 monachili
3588 5395 3766 5454 habitu

2111 5467 2416 5544 spoliarent,
2449 5467 2794 5544 interimanus
2823 5485 3005 5544 eorum,
3026 5475 3081 5527 ut
3107 5472 3282 5544 fumus
3311 5468 3545 5528 evanuit.
3582 5487 3610 5519 »

2210 5538 2258 5602 1)
2289 5539 2447 5594 Mem.
2481 5540 2536 5595 di
2567 5542 2766 5597 Milano
2798 5557 2878 5606 Ill,
2909 5541 3034 5597 363.

2216 5607 2270 5676 2)
2303 5609 2498 5665 Verbis
2536 5614 2638 5666 mei
2661 5611 2829 5669 animi
2855 5611 2936 5668 uel
2972 5612 3192 5669 ordinis.
