4022 6160
239 339 344 391 805

1026 337 1420 393 ΙιΑΝΠΠΙλΡΙἻΒ
1454 335 1789 391 (ILE‘RICUS
1829 334 2376 390 MEDMIANENSlS.
2420 365 2490 375 -—-
2526 339 2810 390 ΝΟΤΙΤΙΑ.

3507 343 3611 394 806

237 462 295 516 in
340 475 503 531 quem
561 462 667 516 hoc
724 462 1062 517 conveniret.
1124 463 1279 517 Patet
1323 467 1507 516 tamen
1559 461 1715 515 locus
1745 459 1892 514 inter
1906 477 1956 533 Α
1975 466 2220 529 possent,
2273 460 2474 516 deinde
2522 475 2553 515 a
2588 461 2869 530 Walperto
2918 462 3231 518 continuam
3289 469 3620 523 narrationis

236 551 557 605 Anselmum
588 551 682 620 qui
721 565 772 606 a.
813 549 951 604 1100
979 551 1260 606 invenitur
1292 549 1388 621 (3),
1431 557 1486 604 et
1512 549 1751 604 Olricum
1789 550 1884 618 qui

235 653 267 694 a
303 639 444 692 1110
482 639 694 695 electus
742 646 844 694 est.
899 641 1086 709 Neque
1137 653 1268 695 vero
1318 640 1458 694 ultra
1501 639 1647 693 hunc
1686 651 1885 692 annum

237 727 580 802 descendere
631 742 943 798 possumus,
993 743 1115 784 cum
1157 735 1284 799 post
1330 728 1606 783 Heriberti
1655 733 1886 782 mortem

236 816 420 888 (1045)
452 833 576 887 quae
624 818 708 872 sui
750 818 923 886 ipsius
961 818 1304 887 temporibus
1353 819 1635 873 evenerint
1663 831 1722 871 se
1752 817 1886 871 scri-

237 913 459 976 pturum
511 922 630 962 esse
679 908 950 977 spondeat
987 924 1048 972 11,
1079 906 1170 972 34,
1214 907 1399 963 multis
1447 913 1758 977 quassatum
1789 908 1886 960 tri-

237 996 616 1051 bulationibus
645 997 799 1065 quasi
831 997 949 1066 ipse
981 1011 1103 1051 cum
1135 997 1330 1053 ordine
1361 1010 1461 1052 suo
1492 998 1563 1051 sit
1593 1010 1887 1066 perpessus

239 1086 348 1156 (4).
392 1087 512 1141 Non
550 1093 754 1152 tamen,
797 1093 857 1140 ut
904 1084 1182 1152 Arnulfus,
1226 1087 1373 1141 inter
1412 1087 1530 1155 ipsa
1579 1101 1668 1141 res
1705 1091 1886 1155 gestas

232 1175 476 1245 scripsit,
529 1175 776 1244 quamvis
813 1175 1006 1229 mirum
1055 1175 1126 1229 sit
1177 1189 1301 1230 eum
1339 1189 1607 1244 nusquam
1659 1174 1888 1228 mentio-

233 1278 359 1318 nem
395 1263 593 1319 fecisse
625 1278 809 1319 rerum
841 1264 1103 1320 memoria
1130 1265 1412 1334 praecipue
1445 1263 1729 1333 dignarum
1761 1277 1884 1332 quae

233 1358 380 1422 post.
421 1367 472 1408 a.
519 1351 654 1405 1085
683 1352 1024 1417 acciderunt,
1057 1359 1112 1407 et
1141 1366 1360 1407 carmen
1393 1352 1536 1407 libro
1567 1368 1606 1405 11
1639 1352 1886 1420 praemis-

231 1456 351 1496 sum
384 1442 530 1496 inter
558 1441 766 1496 medias
795 1442 984 1496 turbas
1011 1441 1134 1496 illas
1165 1442 1430 1510 scriptum
1463 1456 1580 1496 esse
1610 1440 1880 1495 videatur.

230 1531 365 1584 Nam
398 1529 626 1585 comites
655 1529 794 1584 duos
841 1532 1079 1599 majores
1121 1531 1269 1585 sedis
1307 1531 1680 1585 Ambrosianm
1712 1529 1885 1583 ober-

233 1625 440 1685 rantes,
473 1633 612 1689 quos
657 1620 736 1674 ibi
785 1627 1194 1686 commemorat,
1236 1618 1588 1675 Gotofredum
1631 1625 1685 1674 et
1721 1621 1884 1673 Atto-

233 1723 358 1763 nem
390 1723 509 1764 esse
549 1710 868 1778 suspiceris,
903 1711 1086 1778 itaque
1127 1711 1212 1764 his
1241 1709 1549 1764 viventibus
1593 1723 1715 1763 eum
1746 1709 1880 1763 scri-

1972 549 2171 604 seriem
2219 563 2448 605 exorsus
2504 556 2606 604 est.
2667 551 3071 606 Postremorum
3132 552 3249 621 ipse
3303 556 3459 609 testis
3498 556 3617 622 fuit,

1968 637 2074 691 alia
2103 651 2134 691 a
2165 638 2482 693 videntibus
2520 639 2828 708 comperuit
2868 639 2979 709 (7),
3012 655 3074 695 ea
3114 647 3295 695 autem
3334 657 3458 712 qua;
3493 651 3618 700 ante

1969 739 2166 780 annum
2235 727 2370 779 1045
2425 727 2786 794 acciderunt,
2846 729 3017 783 multo
3075 729 3276 785 sudore
3334 732 3616 801 multoque

1970 813 2179 879 labore,
2247 818 2505 886 antiquos
2570 817 2904 872 sciscitando
2971 833 3161 873 omnes
3221 835 3279 874 so
3345 823 3617 890 reperisse

1969 904 2186 971 asserit,
2219 911 2274 958 et
2317 906 2594 959 civitatum
2639 906 2808 961 Italiae
2861 907 3030 961 totius
3078 907 3342 963 librorum
3391 911 3618 981 paginas

1970 992 2218 1047 rimando
2268 1008 2387 1049 esse
2436 1000 2736 1049 scrutatum
2771 995 2881 1066 (8).
2932 997 3010 1050 Ex
3049 997 3134 1050 his
3173 998 3339 1067 igitur
3378 1000 3496 1068 ipse
3536 1001 3617 1056 in-

1967 1081 2134 1146 dicat,
2169 1089 2373 1150 praater
2409 1083 2811 1152 Scripturarum
2843 1099 3053 1140 sacram
3084 1092 3138 1140 et
3175 1088 3468 1154 Ambrosii,
3501 1093 3614 1145 Au-

1966 1171 2192 1240 gustini,
2242 1173 2488 1242 Gregorii
2547 1174 2721 1242 Magni
2772 1188 2939 1242 opera
2998 1175 3330 1246 theologica,
3381 1193 3613 1247 quorum

1967 1260 2122 1315 locos
2159 1261 2464 1330 largissime
2503 1262 2679 1326 affert,
2725 1263 2933 1317 Paulini
2967 1264 3138 1319 Vitam
3186 1267 3456 1322 Ambrosii
3501 1266 3612 1338 (9),

1965 1351 2212 1421 Gregorii
2242 1351 2550 1420 Registrum
2585 1350 2689 1421 (10)
2741 1359 2795 1406 et
2844 1353 3098 1422 Dialogos
3125 1354 3259 1424 (11),
3302 1355 3497 1410 librum
3539 1358 3613 1411 De

1966 1441 2075 1495 situ
2117 1440 2270 1495 urbis
2300 1441 2591 1496 Mediolani
2625 1455 2747 1495 cum
2778 1441 2915 1495 Vitis
2953 1443 3251 1510 primorum
3295 1446 3612 1513 pontificum

1970 1528 2095 1598 (12),
2152 1537 2208 1584 et
2263 1530 2582 1584 Pontificalc
2643 1532 3010 1586 Romanorum
3065 1534 3334 1602 Gestaque
3391 1536 3612 1604 Longo-

1965 1618 2259 1674 bardorum
2295 1619 2447 1691 (13);
2498 1620 2595 1674 sed
2634 1620 2700 1674 ad
2735 1620 2852 1674 haec
2890 1621 3107 1691 ablegat
3156 1623 3338 1691 potius
3378 1623 3614 1679 lectores

1963 1722 2125 1776 quam
2157 1717 2216 1763 ut
2254 1709 2370 1778 ipse
2402 1723 2468 1764 ex
2520 1710 2587 1764 iis
2633 1709 2915 1776 hauserit;
2949 1725 3139 1764 versus
3179 1717 3445 1780 praeterea
3475 1712 3616 1766 basi-

235 1799 430 1868 psisse.
483 1799 587 1852 Sed
637 1797 704 1853 de
761 1805 958 1854 neutro
1007 1799 1228 1868 quando
1283 1799 1486 1854 obierit
1543 1796 2088 1868 compertumBlicaa
2129 1799 2438 1854 Nazarianze
2488 1805 2542 1853 et
2587 1798 2918 1867 cenotaphio
2972 1800 3266 1853 Frontonis
3318 1799 3616 1869 inscriptos

229 1888 517 1954 habemus,
558 1894 614 1943 et
652 1887 843 1942 eadem
894 1890 1128 1957 partium
1180 1887 1362 1942 studia
1412 1902 1510 1956 per
1549 1887 1710 1957 longa
1749 1893 1884 1942 tem-

232 1992 368 2047 pora
413 1976 850 2032 Mediolanenses
907 1977 1086 2032 adhuc
1136 1977 1470 2043 exercuisse,
1517 1991 1582 2032 ex
1634 1976 1881 2031 Landulfi

231 2082 262 2121 a
303 2069 357 2122 S.
388 2066 556 2122 Paulo
598 2067 835 2122 Historia
875 2066 1160 2122 discimus.
1203 2069 1398 2122 Misera
1435 2081 1596 2136 quam
1629 2067 1884 2134 deplorat

234 2155 369 2210 cleri
397 2157 739 2211 Ambrosiani
770 2156 1038 2222 conditio,
1075 2158 1212 2212 bene
1245 2157 1503 2212 convenit
1540 2156 1884 2224 temporibus

231 2243 540 2309 Grosolani,
582 2243 676 2312 qui
705 2257 805 2312 per
832 2258 882 2296 a.
924 2243 1223 2296 1102-1112
1261 2243 1448 2298 sedem
1488 2243 1633 2297 illam
1669 2248 1884 2310 pertur-

234 2331 400 2397 bavit,
434 2337 495 2386 ut
538 2333 615 2385 ait
663 2339 856 2385 auctor
901 2331 1143 2400 Catalogi
1193 2345 1320 2386 mox
1368 2331 1591 2385 edendi.
1642 2331 1786 2384 Nihil
1829 2331 1884 2384 in

234 2411 482 2474 Landulfl
514 2421 690 2474 nostri
721 2433 889 2487 opere
921 2420 1121 2488 legitur
1151 2419 1298 2488 quod
1333 2433 1443 2475 non
1476 2420 1668 2474 eodem
1702 2420 1884 2474 omnia

235 2515 487 2575 tempore
531 2508 736 2576 scripta
768 2521 887 2562 esse
932 2507 1157 2576 probet;
1191 2508 1420 2563 deduxit
1449 2514 1629 2563 autem
1661 2522 1778 2563 eam
1818 2508 1884 2562 ad

237 2609 441 2650 annum
490 2609 664 2664 usque
723 2595 875 2661 1085,
926 2603 981 2651 et
1029 2612 1112 2664 111,
1170 2596 1261 2662 30,
1320 2598 1400 2652 rei
1458 2597 1705 2652 meminit
1762 2611 1886 2666 quae

231 2683 481 2764 secundo
507 2685 748 2740 Anselmi
778 2686 843 2739 ιν
873 2699 1016 2741 anno
1048 2686 1250 2752 evenit,
1284 2687 1323 2740 i.
1356 2701 1406 2741 e.
1445 2686 1583 2739 1099
1611 2687 1691 2741 vel
1730 2685 1883 2742 1100.

233 2773 389 2839 Quod
439 2787 563 2828 cum
614 2781 803 2842 postea
853 2774 1130 2830 addidisse
1164 2777 1426 2844 potuerit,
1461 2776 1566 2830 alia
1597 2789 1759 2831 causa
1799 2790 1889 2830 ac-

234 2861 384 2916 cedit
414 2877 538 2932 quae
570 2864 680 2928 jam
713 2865 781 2919 de
814 2864 977 2918 rebus
1015 2865 1149 2919 satis
1187 2866 1415 2920 remotis
1445 2881 1565 2920 eum
1598 2866 1887 2934 scripsisse

233 2951 452 3020 prodat.
484 2954 618 3006 Nam
649 2967 769 3007 cum
803 2961 1109 3022 temporum
1142 2955 1391 3010 ordinem
1425 2956 1628 3024 ubique
1661 2969 1888 3024 prorsus

232 3040 560 3110 neglexerit,
602 3040 685 3096 vel
719 3041 773 3094 in
812 3041 882 3096 iis
911 3056 1033 3110 quae
1076 3043 1130 3096 in
1180 3050 1424 3098 extremo
1465 3057 1635 3112 opere
1681 3042 1883 3111 tetigit,

1965 1887 2092 1955 (l4).
2137 1889 2334 1942 Verum
2386 1895 2589 1956 praeter
2630 1887 2749 1942 hzec
2798 1903 2855 1951 11,
2889 1887 2942 1952 8,
2978 1896 3368 1944 commemorat
3414 1889 3612 1943 librum

1967 1977 2058 2044 qui
2089 1977 2289 2032 Genua:
2339 1978 2593 2032 inventus
2642 1977 2733 2040 sit,
2768 1977 3002 2031 eundem
3051 1977 3107 2031 ni
3157 1976 3317 2032 fallor
3346 1991 3509 2046 quem
3558 1979 3614 2032 in

1967 2065 2070 2120 fine
2121 2067 2334 2136 prologi
2373 2067 2556 2121 verbis
2594 2067 2884 2121 admodum
2927 2067 3179 2120 obscuris
3227 2066 3497 2136 designat.
3543 2068 3616 2121 Ex

1965 2155 2072 2209 hoc
2102 2155 2270 2224 igitur
2309 2155 2448 2209 libro
2482 2154 2828 2209 narrationes
2857 2153 3054 2208 fabulis
3093 2155 3282 2223 plenas
3319 2155 3388 2209 de
3421 2155 3618 2224 priscis

1967 2242 2227 2297 Ecclesiae
2279 2243 2700 2297 Mediolanensis
2755 2242 2901 2307 fatis,
2949 2243 3151 2311 quibus
3208 2244 3381 2311 prima
3430 2245 3618 2313 operis

1968 2345 2095 2400 pars
2159 2330 2361 2386 referta
2417 2337 2520 2392 est,
2579 2331 2798 2385 videtur
2863 2330 3128 2384 hausisse.
3195 2332 3392 2384 Verum
3453 2332 3614 2386 etiam

1967 2419 2214 2490 singulos
2244 2434 2429 2475 earum
2472 2425 2726 2474 auctores
2757 2419 3020 2474 discimus
3050 2433 3115 2473 ex
3161 2419 3619 2487 inscriptionibus

1969 2510 2204 2578 capitum
2248 2530 2260 2564 :
2320 2511 2498 2579 ipsum
2544 2510 2912 2574 Ambrosium,
2945 2508 3178 2573 Datium,
3215 2509 3616 2576 Constantium,

1970 2599 2343 2663 Benedictum,
2386 2599 2666 2663 Thomam,
2699 2599 2994 2668 episcopos
3023 2598 3476 2654 Mediolanenses.
3510 2600 3614 2653 Sed

1970 2690 2160 2743 harum
2219 2689 2640 2758 inscriptionum
2698 2689 2832 2743 fides
2895 2687 3184 2743 admodum
3243 2695 3327 2744 est
3386 2689 3614 2744 incerta.

1969 2778 2227 2832 Codicum
2288 2792 2428 2847 quos
2485 2778 2733 2833 novimus
2787 2777 2971 2832 nullus
3028 2778 3244 2832 excedit
3301 2792 3431 2832 saac.
3491 2793 3616 2840 xiv,

1971 2881 2270 2935 eorumque
2310 2867 2539 2922 maxima
2579 2874 2662 2921 est
2703 2868 2760 2920 in
2809 2867 2982 2921 titulis
3030 2866 3268 2935 capitum
3309 2866 3617 2921 diversitas.

1970 2957 2021 3009 Is
2073 2970 2233 3024 quem
2274 2958 2336 3010 B.
2389 2970 2663 3017 vocamus,
2703 2955 2868 3024 capiti
2917 2970 2996 3019 ιιι,
3050 2954 3140 3016 30,
3184 2955 3400 3009 titulum
3441 2968 3618 3024 appo-

1969 3045 2097 3110 suit,
2147 3060 2176 3098 a
2216 3044 2483 3100 Landulfo
2533 3051 2682 3100 certe
2731 3058 2840 3099 non
2889 3044 3176 3111 scriptum,
3211 3042 3308 3098 sed
3355 3043 3517 3098 etiam
3547 3047 3617 3110 A,

231 3128 532 3185 foedissime
580 3131 762 3185 omnia
810 3131 1169 3200 perturbavit.
1225 3132 1522 3188 Tedaldum
1574 3132 1738 3198 enim,
1789 3127 2027 3200 quiCn,
2087 3132 2175 3188 30.
2245 3134 2457 3202 praebet
2515 3132 2931 3201 inscriptionem
2999 3145 3160 3200 quam
3218 3144 3249 3186 a
3309 3133 3618 3201 posteriore

229 3233 282 3272 a.
333 3219 467 3272 1075
521 3220 974 3290 archiepiscopus
1023 3219 1198 3275 factus
1236 3227 1339 3287 est,
1381 3230 1507 3277 ante
1557 3221 1883 3276 electionem

230 3308 429 3376 praelio
477 3307 718 3364 adfuisse
763 3316 967 3376 narrat,
1001 3324 1111 3379 quo
1163 3311 1456 3366 Heinricus
1500 3326 1598 3366 rex
1643 3312 1886 3366 Saxones

229 3397 538 3454 devicerit:
573 3398 628 3453 in
659 3399 853 3454 eodem
901 3406 1080 3455 autem
1119 3400 1316 3469 praelio
1365 3399 1660 3456 Rodulfum
1700 3415 1883 3470 regem

231 3487 480 3542 occisum
537 3501 656 3542 esse
712 3486 903 3542 refert.
963 3489 1076 3543 Nec
1124 3488 1297 3542 multo
1346 3489 1543 3543 melius
1599 3491 1886 3557 sequentia

232 3576 529 3632 ordinavit.
571 3578 746 3643 Quare
792 3575 925 3630 mihi
974 3577 1196 3646 quidem
1227 3577 1522 3631 verisimile
1570 3591 1688 3631 esse
1735 3577 1888 3632 vide-

231 3675 326 3719 tur
373 3663 690 3719 Landulfum
736 3678 922 3720 senem
964 3665 1075 3733 jam
1115 3663 1336 3729 factum,
1371 3679 1493 3719 cum
1542 3664 1886 3720 adversario-

232 3768 356 3808 rum
407 3752 573 3809 factio
608 3753 813 3809 dudum
863 3753 1261 3822 przevaluisset,
1291 3753 1459 3807 animi
1505 3754 1885 3823 aegritudinem

232 3843 405 3899 solari
449 3843 692 3898 voluisse
751 3842 1096 3912 expositione
1155 3856 1440 3897 causarum
1499 3857 1623 3912 quae
1682 3843 1887 3898 clerum

232 3932 304 3987 de
336 3939 482 3986 statu
512 3945 613 3987 suo
645 3933 981 4002 dejecerant.
1032 3932 1137 3985 Eas
1178 3932 1323 3985 enim
1364 3932 1642 3986 memoriae
1672 3945 1786 3986 suae
1815 3930 1884 4001 (5)

231 4021 468 4076 firmiter
521 4022 794 4077 inhaerere
850 4021 946 4088 ait,
1010 4033 1153 4075 nunc
1221 4034 1351 4076 vero
1409 4019 1474 4075 ad
1539 4026 1886 4090 posterorum

233 4111 466 4166 tutelam
513 4110 738 4167 littteris
766 4124 887 4165 sese
928 4123 1048 4165 esse
1097 4111 1564 4180 consignaturum.
1619 4110 1675 4165 1d
1721 4124 1884 4164 unum

231 4200 474 4265 mireris,
508 4199 655 4269 quod
686 4198 815 4253 talia
855 4198 1092 4268 dirigere
1133 4198 1353 4254 licuerit
1395 4199 1462 4255 ad
1504 4199 1889 4268 archipresby-

232 4296 416 4344 terum
446 4288 778 4358 praevalente
801 4293 963 4358 “parte
989 4288 1275 4357 'pontiflcia
1316 4287 1551 4344 electum
1606 4289 1886 4344 Neminem

236 4377 420 4432 adhuc
448 4383 627 4432 tantas
666 4392 755 4432 res
784 4377 1106 4433 scribendas
1135 4377 1239 4432 sibi
1279 4379 1576 4446 sumpsisse
1616 4378 1885 4447 queritur,

1968 3221 2152 3291 aliquo
2213 3221 2515 3291 profectam
2573 3235 2692 3276 esse
2741 3219 2996 3290 equidem
3055 3220 3231 3275 habeo
3273 3234 3614 3289 persuasum.

1966 3313 2078 3365 Jam
2112 3325 2240 3366 vero
2280 3317 2536 3366 auctores
2575 3311 2700 3365 illos
2731 3324 2871 3379 quos
2902 3309 2954 3363 in
2988 3309 3122 3363 solis
3160 3311 3399 3376 capitum
3440 3309 3618 3364 titulis

1967 3401 2238 3468 ascriptos
2303 3400 2608 3454 invenimus
2641 3441 2654 3463 ,
2733 3411 2922 3466 parum
2987 3396 3283 3450 verisimile
3349 3396 3567 3450 videtur
3600 3439 3613 3462 ,

1971 3503 2236 3557 nusquam
2258 3503 2287 3542 a
2312 3487 2577 3542 Landulfo
2608 3487 2664 3540 in
2696 3486 2816 3553 ipso
2847 3484 3138 3538 verborum
3161 3489 3420 3538 contextu
3451 3483 3618 3539 fuisse

1970 3583 2426 3632 commemoratos
2460 3607 2532 3616 —
2582 3581 2641 3629 ut
2695 3573 3138 3628 commemoravit
3193 3573 3511 3641 Gregorium
3549 3603 3622 3615 ——

1970 3666 2015 3719 si
2063 3674 2172 3720 tam
2223 3665 2526 3733 locupletes
2562 3662 2648 3717 vel
2688 3662 2969 3716 habuisset
2998 3660 3081 3714 vel
3131 3660 3397 3713 finxisset.
3432 3662 3619 3729 itaque

1973 3756 2026 3808 in
2068 3769 2185 3808 eam
2234 3754 2458 3809 omnino
2506 3752 2714 3807 inclino
2762 3749 3112 3816 sententiam,
3144 3748 3468 3803 Landulfum
3521 3748 3620 3803 ali-

1972 3845 2190 3912 quoties
2239 3843 2460 3914 quidem
2508 3841 2784 3897 indiculos
2831 3838 3104 3909 capitibus
3142 3839 3485 3907 ascripsisse,
3519 3852 3621 3893 cae-

1970 3938 2122 3989 teros
2169 3939 2347 3988 autem
2389 3947 2418 3986 a
2467 3929 2868 4002 posterioribus
2907 3942 3027 3983 esse
3067 3927 3333 3996 adjectos.
3391 3928 3456 3981 Et
3507 3927 3623 3996 pri-

1972 4037 2116 4077 mum
2165 4023 2387 4092 quidem
2437 4021 2584 4090 quod
2640 4035 2688 4075 c.
2741 4035 2780 4085 1,
2831 4018 2912 4083 11,
2965 4031 2995 4072 a
3049 4018 3108 4071 Β.
3154 4016 3442 4072 Ambrosio
3501 4029 3620 4071 esse

1969 4111 2196 4178 dicitur,
2249 4109 2537 4166 manifesto
2577 4107 2874 4164 absurdum
2923 4113 3025 4172 est,
3067 4105 3223 4172 Quod
3271 4121 3310 4172 1,
3343 4105 3397 4172 4,
3432 4107 3619 4160 Sermo

1972 4199 2260 4255 Constantii
2298 4199 2636 4264 inscribitur,
2689 4205 2870 4253 ortum
2914 4210 3033 4250 esse
3084 4199 3312 4262 apparet
3343 4207 3409 4248 ex
3439 4194 3623 4248 verbis

1973 4288 2131 4344 initio
2162 4304 2213 4344 c.
2247 4288 2281 4341 8
2311 4288 2450 4343 male
2482 4287 2795 4343 intellectis.
2830 4283 3182 4338 Benedictum
3214 4289 3394 4335 autem
3433 4295 3496 4346 11,
3534 4279 3620 4345 15,

1975 4378 2092 4445 ipse
2140 4377 2478 4445 ascripserit,
2528 4388 2651 4429 cum
2695 4373 2784 4426 hic
2825 4371 2888 4424 1'11
2935 4371 3054 4437 ipsa
3107 4368 3356 4422 oratione
3419 4379 3619 4421 nomen

240 4465 390 4520 unde
426 4465 631 4521 Arnulﬁ
663 4479 802 4536 opus
832 4480 954 4521 eum
993 4465 1217 4520 latuisse
1264 4473 1512 4534 apparet.
1545 4467 1667 4535 Ipse
1706 4473 1886 4520 autem
1909 4463 2200 4529 Dindicet,
2233 4477 2356 4532 qute
2403 4469 2582 4516 tamen
2629 4459 2800 4514 multo
2849 4465 2974 4526 post
3012 4470 3134 4510 eum
3177 4463 3423 4523 tempore
3464 4466 3620 4508 com-

237 4555 622 4621 remim‘scens,
679 4561 742 4609 ut
804 4554 881 4609 ait
952 4552 1082 4625 (6),
1155 4568 1184 4608 e
1250 4560 1453 4622 quanta
1511 4554 1888 4623 magnitudine
1974 4553 2154 4622 posita
2210 4559 2312 4606 est.
2374 4551 2564 4620 Capita
2615 4562 2746 4604 vero
2797 4563 2833 4612 1,
2893 4544 3069 4611 10-14,
3131 4558 3254 4612 quae
3313 4543 3498 4599 Sermo
3552 4546 3616 4597 Β.

236 4645 570 4714 quantisque
601 4643 907 4700 honoribus
936 4643 1118 4698 clerus
1147 4642 1463 4708 cecidisset,
1487 4643 1676 4698 sedule
1708 4643 1890 4698 omnia
1978 4642 2183 4696 Thomaz
2236 4640 2632 4704 inscribuntur,
2689 4637 3043 4692 inveniuntur
3099 4634 3261 4688 etiam
3315 4633 3371 4686 in
3425 4631 3619 4687 codice

238 4734 479 4790 contulit
515 4748 638 4804 quae
688 4734 923 4803 priscam
953 4734 1072 4802 ejus
1118 4731 1575 4802 magnificentiam
1614 4731 1889 4788 illustrare
1972 4744 2102 4786 saec.
2170 4745 2299 4796 x111,
2367 4743 2528 4798 quem
2593 4728 2801 4783 Novum
2870 4722 3158 4779 Beroldum
3224 4727 3450 4787 vocant,
3519 4719 3618 4774 sed

320 4913 388 4982 (3)
429 4913 559 4968 Inde
589 4913 656 4968 ab
687 4928 736 4968 a.
778 4911 913 4965 1096
962 4916 1086 4981 post
1119 4909 1718 4982 Gothefredumquia.
1757 4909 1894 4982 1095

241 4979 610 5054 subscripsit;
659 5000 710 5040 v.
763 4979 975 5038 Giulini‘
1010 4984 1099 5054 11",
1128 4997 1202 5054 _p.
1259 4981 1391 5054 301,
1432 4979 1722 5054 328L427,
1762 4980 1889 5048 539,

241 5055 374 5117 544,
413 5049 540 5108 545.
598 5049 813 5112 Olricus
872 5068 1000 5108 ann.
1054 5049 1188 5106 1120
1245 5052 1487 5120 archiep.
1553 5049 1731 5107 factus
1785 5058 1889 5107 est.

245 5125 409 5192 1128,
450 5129 569 5183 Oct.
634 5127 718 5192 18,
757 5125 1015 5181 Tetaldus
1070 5123 1138 5178 de
1187 5122 1496 5177 Landriano
1555 5137 1892 5178 commemo-

2049 4903 2110 4976 (7
2169 4903 2382 4971 111,19.

2051 4903 2129 5046 (8;
2171 4976 2259 5039 lll,
2291 4974 2345 5030 2.
2387 4972 2466 5046 Cf.
2482 4972 2808 5046 prologum.

2049 5039 2121 5116 (9)
2157 5048 2201 5112 'l,
2240 5046 2260 5098 l
2291 5067 2304 5112 ;
2348 5047 2412 5109 Il,
2435 5039 2552 5116 ‘15;
2592 5039 2687 5109 1U;
2724 5041 2807 5109 12,
2841 5039 2930 5095 30.

2085 5117 2173 5188 10)
2216 5118 2308 5181 ιιι,
2336 5113 2479 5188 6,9.

243 5187 421 5281 εειειιίν
463 5187 815 5281 αυετη.ι’¹4ξ
869 5195 1892 5281 0,1181%"?,$;_0bi,zive-e¢etm<Sed
2053 5187 2465 5281 £11.231':.7-..

242 5249 851 5339 i6iiaém‘iiéhipresb.
880 5249 944 5322 1..
963 5249 1087 5320 non
1117 5265 1262 5320 inter
1293 5249 1893 5338 ordinariosquaeren-
2215 5249 2364 5339 11,72.
2405 5255 2820 5339 l5..Editusﬂest
2848 5249 3598 5339 in‘SSA11_er.Ilt:‘Yogl;lpgu

245 5321 825 5406 a'tis'"é1?ii,"é{s‘1"iér'135
856 5321 1182 5408 repugnant.
1650 5321 1668 5338 ⁸
1737 5321 1765 5322 ᾗ
2052 5321 2176 5401 (13)
2211 5321 2286 5408 ⁸11⁷,
2318 5328 2371 5408 2,
2406 5333 2460 5382 et
2489 5326 2779 5408 inscriptio
2809 5340 2859 5408 c.
2899 5321 3621 5408 15.ilfaulijllstorite‘pihil

319 5383 632 5480 ("ﬁll-1'12“:-
671 5383 825 5395 M"
856 5383 1208 5480 "r'auw"_
1252 5477 1285 5480 __
1471 5476 1487 5480 _
1541 5477 1553 5480 _
1829 5477 1839 5480 _
1977 5383 2171 5480 eorum
2207 5383 2504 5480 inest'quze
2533 5412 2582 5480 c.
2614 5383 2901 5459 2'narrat;
2953 5393 3051 5449 sed
3095 5391 3328 5447 fortasse
3369 5391 3621 5447 codicem

320 5471 400 5606 (531
428 5471 710 5553 Siquidem
748 5483 823 5536 ita
849 5478 1212 5552 interpretari
1247 5477 1381 5534 iicet
1408 5476 1616 5533 tubulas
1655 5477 1885 5533 cumulet

1978 5471 2169 5528 habuit
2207 5473 2264 5526 in
2296 5471 2402 5525 flne
2440 5477 2679 5525 auctum.

2053 5542 2170 5614 (14)
2207 5543 2248 5608 Ι,
2280 5541 2352 5607 6;
2403 5541 2470 5602 11,
2500 5538 2556 5596 3.

247 5554 340 5618 Ill,
379 5552 430 5606 1.
509 5552 522 5553 ί

2053 5552 2170 5614 (14)
2207 5552 2248 5608 1,
2280 5552 2352 5607 o;
2404 5552 2470 5602 ιι,
2500 5552 2556 5596 δ.

322 5623 392 5695 (6)
433 5626 501 5692 ιι,
535 5624 625 5679 34.
