4022 6160
435 305 541 361 807

1448 301 1854 361 LANDULFUS
1888 297 2216 355 CLEBJCUS
2250 297 2800 356 MEDIOLANENSIS.

435 432 678 488 auctoris
743 430 963 486 nomine
1028 443 1138 486 non
1205 429 1486 498 inscripta.
1565 427 1820 484 Thomam
1897 423 2244 484 autemAlas
2273 427 2494 481 minime
2532 425 2818 495 castigato,
2851 422 2945 492 qui
2974 422 3031 478 in
3061 419 3348 477 codicibus
3393 420 3601 477 nostris
3648 420 3810 476 etiam

437 521 914 590 archiepiscopum
953 533 1017 574 ea
1062 519 1305 574 scribere
1353 517 1570 572 minime
1621 517 1885 586 potuisse,
1918 528 2077 571 nemo

439 611 533 680 qui
583 624 643 666 ea
694 609 889 680 legerit
926 608 1182 677 ambiget.
1244 605 1403 661 Solus
1448 605 1616 675 igitur
1664 612 1834 660 restat
1871 605 2077 672 Datius,

437 699 528 755 cui
567 699 745 768 capita
800 698 845 765 1,
877 696 930 763 2,
960 698 1015 763 4,
1054 695 1136 763 12,
1177 695 1261 761 l3,
1312 695 1663 762 tribuuntur;
1717 701 1771 749 at
1815 693 1973 760 falso,
2022 701 2081 750 ut

441 788 643 844 dudum
711 787 1079 856 probaverunt
1135 786 1238 839 VV.
1299 785 1406 838 DD.
1474 784 1802 840 Muratorius
1845 783 1965 855 (15)
2027 787 2081 838 et

438 875 731 947 Fumagalli
792 873 916 945 (l6).
977 875 1116 928 Datii
1173 872 1470 929 Landulqu
1527 875 1793 938 meminit,
1856 872 1953 927 sed
2011 885 2079 926 ne

438 967 659 1022 verbum
699 962 917 1033 quidem
958 963 1026 1018 de
1065 964 1287 1032 scriptis
1323 965 1442 1032 ejus
1480 961 1689 1032 profert
1718 963 1850 1027 (l7).
1893 963 2080 1031 Itaque

440 1054 587 1109 nulla
619 1056 735 1121 ejus
783 1051 941 1122 culpa
972 1053 1218 1107 evenisse
1257 1052 1497 1107 arbitror
1526 1059 1585 1106 ut
1631 1065 1741 1107 non
1772 1051 1949 1106 solum
1989 1049 2082 1104 illa

437 1144 634 1212 capita,
686 1140 784 1196 sed
831 1147 1004 1196 totum
1044 1154 1184 1211 opus
1231 1141 1369 1197 miro
1415 1141 1649 1211 quodam
1691 1155 1880 1196 errore
1925 1140 2081 1197 Datio

435 1235 526 1288 isti
576 1234 967 1288 tribuerentur.
1009 1233 1197 1288 Codici
1246 1235 1310 1288 Β.
1353 1233 1676 1288 Franciscus
1723 1232 1990 1288 Castellus
2028 1249 2076 1288 a.

442 1322 576 1375 1574
605 1321 924 1390 inscripsit:
960 1322 1220 1378 Chron—ica
1265 1322 1410 1377 Dalii
1457 1321 1836 1393 archiepiscopi
1880 1322 2082 1379 Medio-

437 1410 546 1465 lani
581 1415 882 1480 nuncupata
931 1409 1035 1479 (18)
1075 1416 1129 1465 et
1175 1416 1324 1465 recte
1371 1411 1614 1478 quidem,
1647 1425 1768 1466 eum
1809 1424 1923 1466 eam
1969 1413 2079 1480 jam

436 1500 596 1556 initio
635 1514 764 1555 saec.
810 1514 902 1554 xxv
942 1499 1046 1554 hoc
1077 1500 1296 1555 nomine
1327 1501 1616 1555 vocitatam
1647 1499 1814 1555 fuisse
1843 1506 2077 1556 constet.

435 1590 568 1644 Nam
615 1589 917 1643 Galvaneus
963 1587 1030 1643 de
1070 1588 1120 1642 la
1168 1589 1404 1643 Flamma
1452 1589 1598 1644 inter
1651 1597 1906 1645 auctores
1952 1605 2083 1646 suos

437 1679 683 1733 nominat
747 1679 960 1733 Datium
1019 1683 1074 1732 et
1135 1677 1474 1747 Arnulphum
1537 1677 1689 1746 (19),
1750 1686 1804 1734 et
1868 1680 2080 1734 Datium

2164 515 2335 571 multo
2365 515 2536 586 magis
2565 513 2893 584 depravatus
2929 518 3033 567 est.
3084 511 3126 566 1i
3170 510 3314 566 enim
3362 517 3620 566 recentes
3661 517 3809 577 sunt,

2164 610 2220 659 et
2249 619 2316 659 ex
2353 618 2462 659 uno
2503 617 2692 659 omnes
2740 602 3034 665 ﬂuxerunt,
3084 601 3195 670 jam
3235 600 3449 666 mutilo,
3491 613 3616 654 nam
3657 598 3810 654 lacu-

2163 706 2249 748 na:
2288 701 2654 749 extremorum
2696 692 2933 761 capitum
2967 690 3221 745 omnibus
3257 704 3380 760 qua:
3419 691 3673 745 novimus
3703 703 3811 744 ma-

2164 783 2463 850 nuscriptis
2500 788 2629 836 sunt
2667 793 3005 836 communes.
3045 780 3234 848 Neque
3264 792 3332 834 ex
3368 777 3625 833 Galvanei
3655 777 3725 832 de
3763 777 3812 832 la

2165 871 2400 926 Flamma
2439 872 2621 927 verbis
2659 885 2781 926 eum
2839 868 3131 925 emendare
3178 881 3487 937 possumus,
3539 881 3705 937 quum
3749 867 3813 921 iis

2164 961 2330 1016 verba
2371 960 2616 1016 Landulli
2657 973 2780 1015 raro
2820 967 3028 1014 tantum
3059 957 3374 1013 servaverit.
3405 958 3542 1012 Vitae
3579 955 3809 1021 Arialdi,

2165 1053 2320 1120 cujus
2367 1056 2560 1105 auctor
2596 1049 2778 1119 aliqua
2817 1046 3063 1103 Landulfi
3112 1047 3290 1116 capita
3329 1047 3386 1100 in
3423 1044 3809 1114 compendium

2165 1140 2397 1210 redegit,
2433 1153 2543 1194 non
2575 1140 2750 1208 major
2778 1144 2861 1193 est
2891 1137 3115 1193 utilitas.
3160 1136 3290 1191 Loci
3320 1141 3499 1190 autem
3539 1135 3812 1190 Ambrosii

2164 1235 2220 1284 et
2255 1229 2486 1284 aliorum
2526 1229 2856 1298 scriptorum
2897 1240 3037 1296 quos
3073 1224 3249 1291 affert,
3291 1238 3414 1280 cum
3463 1223 3586 1279 aliis
3636 1238 3815 1279 exem-

2166 1318 2412 1387 plaribus
2442 1317 2628 1372 collati
2669 1315 2969 1372 ostendunt
3007 1315 3173 1370 verba
3209 1314 3266 1368 in
3297 1313 3583 1369 codicibus
3613 1314 3818 1368 nostris

2164 1407 2456 1463 admodum
2490 1421 2608 1462 esse
2652 1406 2843 1461 vitiata
2876 1403 2998 1470 (24),
3031 1404 3127 1459 sed
3167 1403 3446 1472 corrigere
3478 1402 3614 1457 nihil
3655 1417 3816 1457 ausus

2165 1511 2306 1562 sum,
2358 1511 2480 1552 cum
2530 1496 2776 1552 auctoris
2823 1495 2996 1564 ipsius
3043 1493 3377 1564 negligentia
3417 1492 3624 1547 eisdem
3682 1492 3816 1546 locis

2164 1585 2450 1650 manifesta
2515 1592 2798 1655 appareat,
2857 1585 2951 1654 qui
3010 1598 3059 1638 e.
3120 1599 3172 1652 g.
3244 1581 3493 1638 eumdem
3567 1582 3813 1652 Gregorii

2166 1676 2345 1731 locum
2390 1682 2472 1730 ter
2517 1675 2701 1731 attulit
2749 1673 2890 1744 (25),
2940 1673 3037 1728 sed
3077 1686 3293 1742 semper
3340 1673 3416 1726 ita
3453 1680 3812 1741 corruptum,

436 1772 631 1821 testem
661 1765 890 1820 advocat
922 1765 1013 1820 ubi
1053 1780 1142 1820 res
1172 1780 1238 1820 ex
1276 1766 1520 1821 Landulfi
1572 1767 1802 1822 historia
1839 1747 2227 1837 sumptasBut
2263 1778 2428 1819 sensu
2467 1769 2670 1819 careat.
2712 1765 2884 1818 Etiam
2925 1763 3224 1831 Scripturae
3261 1775 3434 1816 sacrae
3472 1760 3650 1825 locos,
3679 1775 3813 1830 quos

438 1853 615 1909 affert.
647 1855 803 1909 Circa
834 1854 978 1908 idem
1010 1861 1224 1924 tempus
1254 1855 1476 1910 codices
1505 1857 1678 1910 nostri
1710 1856 1901 1924 scripti
1932 1863 2078 1916 sunt.

437 1945 530 2012 qui
575 1945 728 1998 Datio
768 1941 1200 2012 archiepiscopis
1257 1957 1454 1998 nomen
1503 1944 1770 1999 tribuunt.
1821 1945 2082 2013 Sequenti

438 2032 642 2088 saeculo
673 2037 868 2087 auctor
904 2031 1042 2085 Vitas
1081 2030 1356 2085 Mathildis
1384 2031 1548 2086 verba
1591 2032 1833 2087 Landulﬁ
1876 2031 2084 2102 profert

437 2136 466 2176 e
500 2141 528 2173 «
561 2121 702 2177 libro
744 2121 838 2190 qui
879 2121 1069 2176 Darius
1099 2121 1407 2190 appellatur
1436 2139 1463 2171 »
1499 2120 1626 2191 (20).
1679 2121 1887 2176 Datium
1920 2123 2082 2177 etiam

435 2211 806 2267 Bernardinus
837 2210 1032 2265 Corius
1061 2223 1182 2265 eum
1214 2208 1470 2278 appellat.
1507 2209 1660 2265 Unde
1690 2210 1810 2266 haec
1839 2211 2082 2280 appella-

437 2301 516 2356 tio
548 2307 668 2356 orta
705 2299 796 2364 sit,
836 2311 1063 2368 prorsus
1109 2299 1402 2353 obscurum
1454 2304 1556 2353 est.
1610 2300 1885 2368 Nusquam
1935 2314 2083 2369 prae-

433 2396 582 2445 terea
612 2387 836 2443 verbum
867 2387 926 2440 ﬁt
957 2387 1026 2441 de
1062 2385 1284 2455 scriptis
1322 2386 1486 2455 hujus
1517 2388 1677 2454 Datii,
1710 2387 1815 2442 nisi
1845 2388 1993 2456 quod
2027 2389 2081 2442 in

433 2478 612 2535 Gestis
661 2476 982 2532 Pontiﬁcum
1036 2474 1138 2546 (21)
1182 2483 1236 2530 et
1281 2476 1336 2530 in
1384 2476 1624 2531 Historia
1679 2477 1923 2532 miscella
1971 2476 2087 2546 (22)

438 2579 608 2636 pauca
637 2565 802 2620 verba
842 2564 892 2619 ei
941 2563 1276 2628 tribuuntur,
1320 2577 1444 2633 quae
1475 2577 1540 2619 ex
1578 2564 1809 2633 epistola
1849 2565 2079 2634 quadam

433 2657 650 2722 sumpta
693 2665 813 2707 esse
842 2651 1117 2705 videntur.
1168 2652 1377 2720 Itaque,
1413 2659 1471 2706 ut
1511 2652 1766 2721 equidem
1805 2653 2079 2718 existimo,

434 2739 734 2799 Landulfus
779 2753 868 2794 res
914 2753 1086 2807 usque
1135 2738 1204 2793 ad
1253 2753 1311 2805 ιι,
1361 2737 1432 2793 35
1479 2747 1724 2796 narratas
1772 2742 1967 2810 partim
2015 2756 2083 2796 ex

433 2829 832 2899 scriptionibus
852 2841 990 2896 quas
1018 2828 1246 2893 invenit,
1271 2828 1366 2883 sed
1401 2836 1458 2883 ut
1484 2837 1640 2884 erant
1668 2830 1737 2884 ab
1762 2831 2083 2886 auctoribus

431 2915 540 2987 ipsi
589 2915 887 2986 incognitis
935 2916 1277 2986 compositae,
1311 2916 1478 2971 nullis
1523 2923 1808 2972 auctorum
1850 2918 2082 2973 nomini-

432 3005 537 3060 bus
583 3005 872 3074 appositis,
925 3006 1119 3072 partim
1170 3017 1237 3059 ex
1289 3005 1698 3060 narrationibus
1744 3021 1869 3075 qua:
1916 3007 2077 3077 vulgo

431 3065 769 3157 ferebantur,
801 3065 1148 3160 composuit;
1201 3106 1421 3147 carmen
1464 3095 1533 3148 de
1570 3065 1795 3150 Alberto
1834 3110 1962 3166 rege
1992 3065 2136 3152 vvelCl

431 3181 696 3251 scriptum
728 3179 812 3235 vel
841 3178 1020 3234 adhuc
1050 3193 1080 3234 a
1110 3179 1469 3249 popularibus
1497 3183 1612 3236 suis
1642 3182 1922 3239 decantari
1951 3184 2080 3240 soli-

411 3277 567 3337 tum,
600 3283 723 3325 eum
771 3267 1170 3338 interposuisse
1222 3269 1481 3325 arbitror.
1532 3271 1592 3325 In
1643 3273 1902 3328 continua
1951 3281 2078 3344 post

434 3358 768 3428 Walpertum
816 3357 1149 3412 narrationis
1194 3357 1337 3413 serie
1384 3358 1651 3414 librorum
1691 3374 1796 3430 ope
1835 3364 2076 3418 caruisse

427 3449 666 3514 videtur,
717 3446 962 3502 referens
1013 3460 1137 3516 quae
1175 3446 1452 3504 audiendo
1499 3457 1863 3518 compererat,
1897 3452 2076 3508 donec

428 3550 518 3593 res
555 3537 851 3606 attingeret
879 3547 1016 3605 quas
1055 3536 1172 3605 ipse
1201 3536 1440 3592 videndo
1484 3546 1834 3608 cognoverat.
1877 3542 2074 3596 Verum

428 3632 482 3681 et
512 3625 568 3680 in
599 3624 686 3680 his
717 3629 773 3679 et
803 3624 858 3678 in
890 3621 999 3678 illis
1027 3622 1320 3678 admodum
1351 3622 1587 3680 licenter
1613 3633 1877 3694 versatus,
1906 3627 2076 3683 multa

427 3714 789 3784 ampliﬁcasse
837 3717 892 3766 et
936 3713 992 3766 in
1041 3713 1216 3781 majus
1255 3712 1471 3768 auxisse
1520 3712 1736 3770 videtur
1776 3714 1881 3787 (23)
1930 3716 2076 3773 inter

426 3817 551 3873 quae
602 3802 880 3872 praecipue
931 3801 1223 3856 censenda:
1266 3809 1394 3856 sunt
1443 3804 1723 3859 orationes
1754 3807 1952 3874 passim
1984 3807 2076 3861 in-

424 3896 609 3958 sertae,
643 3903 780 3958 quas
807 3888 996 3944 nescio
1028 3897 1208 3944 utrum
1241 3890 1358 3959 ipse
1389 3890 1494 3945 sibi
1526 3893 1872 3960 conﬁnxerit,
1907 3908 1974 3950 an
2005 3896 2073 3950 ab

425 3977 550 4033 aliis
577 3983 832 4046 acceptas
870 3977 1181 4046 receperit:
1215 3991 1340 4033 nam
1368 3979 1444 4034 ita
1484 3994 1670 4036 revera
1709 3980 1923 4038 habitas
1952 3998 2072 4040 esse

425 4067 550 4136 quis
597 4064 827 4120 credat?
879 4065 1206 4135 Temporum
1244 4066 1494 4122 ordinem
1535 4083 1801 4140 nusquam
1841 4073 2070 4141 curavit,

423 4162 480 4211 et
509 4153 744 4224 partium
773 4153 958 4209 studio
989 4161 1228 4210 caecatos
1255 4169 1286 4210 a
1309 4156 1537 4213 veritate
1567 4160 1870 4228 saepissime
1899 4160 2075 4217 disce-

423 4244 523 4311 dit,
559 4249 618 4300 ut
647 4244 704 4298 in
746 4256 930 4299 rerum
970 4243 1200 4300 historia
1239 4246 1530 4302 condenda
1559 4249 1648 4303 vix
1678 4262 1746 4304 eo
1776 4249 1854 4304 uti
1890 4250 2075 4319 possi-

2168 1868 2234 1908 ex
2272 1853 2534 1908 memoria
2592 1853 2851 1919 laudavit,
2905 1852 2977 1907 ita
3035 1864 3427 1920 nonnunquam
3484 1851 3716 1905 mutavit
3757 1858 3810 1906 ut

2164 1943 2254 1998 vix
2293 1956 2389 1998 eos
2426 1956 2729 2013 agnoscas;
2787 1942 3000 2011 aliquot
3047 1940 3248 1996 frustra
3296 1940 3521 1995 omnino
3560 1939 3804 2009 quaesivi.

2165 2031 2270 2088 Sed
2313 2032 2484 2088 libros
2537 2032 2737 2101 quibus
2783 2046 2916 2087 usus
2972 2038 3056 2086 est
3110 2030 3178 2085 ab
3231 2029 3354 2085 aliis
3409 2028 3809 2097 exemplaribus

2165 2121 2504 2191 aliquantum
2553 2121 2800 2176 diversos
2847 2119 3014 2175 fuisse
3053 2125 3300 2188 apparet,
3343 2117 3483 2173 alios
3524 2116 3809 2186 pseudepi-

2165 2211 2406 2280 grapbos
2443 2209 2631 2275 fuisse,
2683 2210 2740 2264 in
2789 2209 2990 2278 quibus
3036 2222 3087 2265 e.
3117 2223 3170 2278 g.
3221 2207 3506 2278 Augustini
3549 2206 3717 2261 verba
3746 2205 3808 2260 de

2166 2300 2315 2354 ranis
2352 2315 2434 2366 ιιι,
2461 2298 2515 2362 8,
2549 2299 2774 2354 invenit.

2239 2390 2419 2444 Editio
2472 2389 2738 2443 hactenus
2792 2387 2954 2442 unica
3010 2387 3066 2442 in
3124 2385 3405 2442 Muratorii
3461 2387 3552 2440 SS.
3617 2385 3807 2438 Rerum

2166 2478 2285 2532 Ital.
2336 2479 2442 2533 vol.
2494 2479 2559 2532 IV
2617 2491 2717 2547 per
2761 2477 3044 2532 Horatium
3103 2475 3357 2531 Blaneum
3399 2480 3590 2530 curata
3629 2480 3711 2528 est
3745 2471 3806 2526 ad

2166 2566 2307 2622 duos
2328 2567 2552 2622 codices
2581 2566 3059 2635 metropolitanos,
3083 2577 3317 2634 quorum
3347 2563 3489 2618 alter
3510 2565 3624 2631 jam
3655 2561 3811 2630 periit

2167 2653 2292 2724 (26).
2353 2655 2682 2710 Muratorius
2739 2661 2896 2709 antea
2938 2654 2994 2708 in
3041 2667 3198 2708 usum
3245 2666 3404 2707 suum
3443 2650 3809 2719 descripserat

2165 2745 2446 2800 recentius
2483 2744 2620 2800 bibl.
2670 2744 3046 2799 Ambrosianae
3084 2742 3482 2812 apographum,
3541 2739 3694 2810 quod
3749 2752 3808 2793 ex

2165 2831 2432 2888 alterutro
2496 2833 2716 2889 illorum
2785 2832 3005 2888 fluxisse
3057 2830 3420 2886 existimabat
3461 2828 3610 2900 (27).
3677 2829 3805 2884 Eum

2164 2921 2534 2976 Bethmannus
2591 2927 2782 2977 noster
2837 2927 3060 2976 secutus
3097 2927 3200 2985 est,
3249 2927 3306 2974 et
3353 2933 3468 2989 prae
3507 2917 3804 2988 apograpbi

2164 3012 2282 3078 ejus
2323 3011 2423 3081 (A‘)
2473 3010 2579 3066 ﬁde
2617 3010 2803 3066 Blanci
2833 3016 3038 3065 textum
3085 3009 3315 3064 minoris
3353 3008 3662 3064 aestimavit.
3702 3004 3803 3061 Sed

2163 3098 2296 3154 mihi
2326 3113 2448 3154 cum
2481 3099 2692 3168 aliquas
2717 3099 2984 3155 lectiones
3012 3111 3080 3154 ex
3112 3099 3236 3153 cod.
3268 3100 3331 3153 A.
3364 3095 3511 3166 apud
3549 3095 3802 3152 Blaneum

2159 3187 2351 3242 allatas
2383 3187 2505 3258 (28)
2539 3201 2570 3243 a
2599 3188 2818 3244 caeteris
2856 3187 3016 3258 plane
3046 3186 3290 3242 diversas
3317 3169 3438 3242 esse
3467 3184 3805 3240 animadver-

2160 3281 2354 3344 terem,
2387 3274 2493 3330 hoc
2523 3289 2633 3331 non
2673 3277 2749 3331 ita
2787 3281 2997 3331 certum
3028 3275 3200 3330 visum
3232 3281 3353 3341 est;
3397 3274 3583 3343 itaque
3622 3271 3803 3328 Blanci

2159 3364 2337 3440 varias
2373 3364 2662 3431 lectiones,
2714 3364 2816 3419 etsi
2864 3364 2922 3419 in
2972 3369 3179 3419 textum
3233 3376 3326 3418 eas
3380 3361 3632 3431 recipere
3680 3373 3800 3416 raro

2158 3467 2324 3508 ausus
2351 3452 2474 3516 sim,
2506 3459 2687 3507 tamen
2726 3450 3033 3508 afferendas
3065 3464 3186 3506 esse
3215 3449 3368 3516 duxi,
3401 3449 3561 3504 initio
3593 3462 3797 3514 omnes,

2158 3540 2359 3596 deinde
2391 3554 2514 3610 quae
2544 3541 2768 3610 majoris
2797 3541 3058 3596 momenti
3089 3547 3293 3596 essent.
3321 3538 3426 3594 Sed
3457 3539 3633 3607 ipsam
3661 3551 3800 3592 nunc

2159 3627 2501 3700 proferamus
2557 3629 2810 3684 codicum
2867 3629 3317 3700 descriptionem,
3368 3628 3587 3699 qualem
3649 3625 3798 3682 nobis

2157 3719 2526 3775 Bethmannus
2564 3718 2864 3774 transmisit
2893 3739 2905 3774 :

2233 3808 2331 3878 [A.]
2374 3808 2558 3864 Codex
2598 3807 2727 3862 olim
2768 3806 3018 3863 ecclesia:
3056 3805 3497 3876 metropolitana:
3543 3803 3796 3861 Mediola-

2157 3897 2364 3962 nensis,
2398 3896 2542 3952 idem
2582 3910 2743 3966 quem
2783 3897 2838 3951 in
2877 3895 3084 3951 Arnulfi
3117 3895 3345 3950 historia
3381 3894 3418 3947 5
3444 3894 3791 3964 signavimus,

2150 3988 2260 4056 jam
2301 3985 2641 4056 deperditus,
2684 3999 2752 4041 ex
2799 3985 3017 4040 duobus
3066 3990 3275 4040 tantum
3313 3985 3432 4054 ejus
3469 3981 3793 4054 apographis

2155 4076 2416 4147 cognosci
2457 4080 2677 4146 potest;
2718 4080 2846 4130 sunt
2885 4073 3107 4144 quidem
3140 4073 3296 4130 haec:

2225 4167 2288 4220 Α.
2320 4165 2456 4220 Cod.
2506 4163 2900 4220 Ambrosianus
2938 4177 2993 4220 ιι.
3036 4161 3155 4218 128.
3199 4176 3330 4218 saec.
3375 4177 3508 4229 xvn,
3539 4174 3700 4231 quem
3735 4159 3788 4214 in

2153 4251 2381 4308 Amulio
2429 4253 2470 4307 B
2523 4253 2569 4317 1,
2615 4253 2948 4320 vocavimus,
2988 4250 3272 4308 Arnulfum
3323 4265 3391 4307 ex
3435 4249 3787 4306 Ambrosiano

423 4347 562 4400 mus,
604 4338 754 4388 certe
799 4331 1014 4403 singula
1053 4347 1289 4406 quaeque
1327 4336 1736 4392 accuratissime
1774 4337 2210 4412 debeamus_n.
2244 4341 2314 4395 89
2352 4341 2665 4412 descripsit.
2707 4339 3030 4396 Landulfum
3060 4354 3128 4396 ex
3155 4344 3219 4397 A.
3261 4341 3321 4396 In
3351 4342 3593 4410 capitum
3624 4336 3790 4394 titulis

419 4435 750 4478 examinare.

490 4512 752 4568 Sermone
783 4511 957 4567 utitur
984 4510 1280 4581 negligenti
1312 4517 1369 4567 et
1396 4511 1465 4567 ad
1504 4514 1871 4583 grammaticae
1901 4530 2065 4588 regu-

492 4652 595 4724 (15)
634 4655 695 4708 In
748 4652 1054 4724 appendiee
1111 4651 1380 4710 Anecdot.
1423 4654 1542 4711 Vol.
1601 4657 1646 4723 1,
1698 4663 1752 4713 et
1800 4658 1957 4729 praef.
1997 4660 2064 4714 ad

420 4722 764 4780 Landulfum.

497 4738 764 4780 nautium.

497 4796 597 4863 (16)
639 4795 917 4851 Antiehita
954 4795 1668 4866 Longobardico-Milanesi,
1702 4801 1792 4866 ΙΙΙ,
1823 4799 1948 4856 333.

491 4867 594 4938 (17)
635 4867 888 4934 Quiuimo
918 4866 1082 4938 1,12,
1115 4867 1252 4922 dicit
1287 4881 1346 4922 se
1386 4876 1510 4937 post
1547 4871 1828 4938 expositos
1874 4871 2066 4929 Eccle-

420 4938 516 4994 siae
556 4939 782 4994 ordines
813 4941 923 5004 jam
963 4937 1032 4993 de
1071 4938 1480 4994 catechumenis
1518 4937 1860 4997 narraturum
1901 4958 2063 5000 esse:

418 5009 700 5082 secundum
753 5009 998 5082 ordinem,
1042 5023 1192 5077 quem
1230 5010 1376 5082 ,vidi,
1407 5012 1663 5082 cordeque
1704 5015 1919 5082 cognovi
1955 5020 2004 5070 et
2033 5031 2068 5070 a

457 5079 658 5165 aclibus
971 5081 1101 5165 Qua:
1130 5081 1296 5165 verba
1335 5081 1381 5135 si
1417 5079 1816 5165 cum_prologo
1863 5093 2065 5165 co_nt_u_-

414 5150 558 5278 ἐξὲἒέ
596 5150 941 5218 Landulfum,
990 5163 1102 5206 non
1151 5152 1364 5207 Datium
1414 5150 1600 5223 loqui,
1637 5150 1858 5210 minime
1907 5156 2066 5212 dubi-

511 5237 576 5278 18.

515 5293 598 5360 18)
639 5296 699 5349 V.
741 5295 934 5349 Murat.
965 5292 1174 5348 Anecd.
1206 5296 1247 5360 1,
1279 5291 1409 5348 236.

491 5298 577 5366 (18
639 5298 699 5349 V.
741 5298 934 5349 Murat.
965 5298 1174 5348 Anecd.
1206 5298 1247 5360 1,
1279 5298 1409 5348 236.

488 5298 598 5506 (al
1082 5366 1424 5494 causa
1442 5365 1642 5492 λιιι)-
1922 5382 1972 5424 ο·
2009 5369 2058 5452 ιτ

1021 5475 1035 5489 .
1199 5479 1211 5492 .
1337 5475 1352 5491 .
1429 5477 1444 5503 ,
1605 5479 1619 5493 .
1727 5451 1794 5496 oc
1849 5440 2058 5496 Horatii

507 5432 594 5499 20)
635 5432 892 5492 Leibnitii
943 5436 1035 5491 SS.
1082 5437 1211 5492 Rer.
1261 5438 1352 5494 Br.
1400 5438 1444 5503 Ι,
1493 5432 1619 5493 694.
1677 5439 1794 5496 Hoc
1849 5440 2061 5496 Horatii

414 5505 599 5576 Blanci
637 5507 980 5562 adnotationi
1016 5505 1302 5563 debemus.
1623 5572 1626 5576 ,

485 5573 593 5647 (21)
633 5577 699 5631 V.
727 5576 976 5646 Sylverii.

2087 4391 2140 4454 D

2155 4431 2222 4486 ab
2260 4430 2352 4487 A"
2398 4432 2438 4486 Β
2475 4430 2614 4485 adeo
2645 4430 2875 4497 recedit,
2910 4436 2970 4485 ut
3007 4443 3104 4486 eos
3131 4429 3200 4485 de
3238 4442 3339 4485 suo
3377 4427 3577 4485 fecisse
3615 4426 3791 4484 videa-

2149 4526 2241 4576 tur
2278 4518 2405 4591 (29).
2456 4519 2596 4575 Usus
2633 4532 2700 4575 eo
2746 4517 2850 4575 fuit
2885 4519 3234 4576 Muratorius.
3295 4519 3376 4574 Ex
3428 4519 3553 4588 ipso
3594 4516 3792 4574 descri-

2221 4661 2326 4732 (22)
2370 4663 2429 4716 L.
2460 4676 2576 4727 va,
2619 4675 2674 4730 p.
2723 4661 2840 4717 107.
2874 4662 3086 4717 Manu.

2225 4729 2330 4802 (23)
2371 4729 2634 4802 Exemplo
2664 4741 2793 4788 sunt
2830 4734 2995 4788 verba
3024 4748 3085 4797 ιι,
3117 4731 3171 4798 2,
3210 4731 3296 4797 15,
3329 4745 3360 4787 e
3390 4729 3534 4787 libro
3581 4730 3660 4787 De
3688 4731 3792 4787 situ

2148 4801 2440 4862 Mediolani
2472 4805 2661 4872 petita,
2691 4804 2893 4872 quibus
2921 4803 3089 4858 multa
3121 4803 3237 4872 ipse
3267 4801 3488 4872 adjecit.

2224 4876 2329 4941 (24)
2369 4877 2429 4930 E.
2471 4890 2527 4941 g.
2568 4875 2838 4930 Ambrosii
2878 4875 2944 4939 ll,
2976 4873 3049 4941 3;
3099 4875 3189 4939 111,
3222 4873 3312 4940 24,
3341 4872 3430 4928 26.

2224 4890 2329 4936 :24)
2369 4890 2429 4930 ιιι.
2514 4913 2527 4928 .
2568 4890 2838 4930 Αιιιιιτοδιι
2879 4890 2944 4939 ιι,
2976 4890 3049 4941 σς
3099 4890 3189 4939 ιιι,
3222 4890 3312 4940 και,
3341 4890 3430 4928 zo.

2221 4940 2323 5015 (25)
2366 4947 2432 5010 ιι,
2464 4890 2518 5011 ξ,
2551 4944 2664 5011 35;
2707 4946 2797 5012 111,
2828 4944 2917 5001 23.
2957 4945 3231 5002 Ambrosii
3296 4943 3618 5001 testimonio
3657 4957 3791 5014 quo-

2147 5019 2312 5074 modo
2351 5017 2554 5072 abusus
2592 5017 2683 5084 sit,
2725 5032 2774 5072 v.
2815 5017 2907 5084 111,
2947 5015 3041 5071 30.

2219 5089 2324 5161 (26)
2369 5091 2668 5161 Utrumque
2703 5089 2866 5143 etiam
2904 5087 3208 5161 Purice_llu_s
3247 5086 3418 5161 novit.
3460 5086 3790 5161 De_sanctis

2146 5155 2316 5286 inerit."
2340 5173 2393 5230 p.
2433 5157 2516 5214 14.
2565 5155 2672 5214 Sed
2721 5174 2851 5215 usus
2888 5165 2972 5215 est
2999 5158 3125 5215 cod.
3169 5159 3229 5226 B,
3269 5157 3416 5214 unde
3454 5155 3629 5213 multa
3666 5170 3790 5228 pro-

2171 5247 2245 5286 ιιι
2278 5274 2290 5285 .

2145 5232 2290 5288 tulit.

2236 5300 2325 5372 27)
2365 5301 2745 5372 ss.,tv,,pag,
2783 5299 2875 5357 51.

2217 5305 2325 5444 ἓἔέ
2365 5305 2796 5438 ῗῖῗίἒῖέῧῗεέδῖ

2233 5441 2325 5514 29)
2365 5442 2496 5514 Mihi
2535 5444 2718 5512 potius
2746 5443 2793 5498 si
2824 5443 2918 5513 qui
2947 5457 3014 5500 ex
3043 5441 3132 5514 his
3157 5441 3385 5514 genuini
3412 5441 3648 5514 sunt,_in
3667 5442 3782 5514 hoc

2141 5511 2498 5641 cgdbslervati
2535 5511 2657 5571 esse
2685 5511 2962 5582 viden—tur,
2994 5519 3055 5570 ut
3081 5511 3272 5581 II,'16,
3301 5511 3394 5580 34;
3434 5513 3528 5580 III,
3565 5511 3615 5580 1,
3643 5513 3699 5578 4,
3725 5511 3776 5576 7,

2210 5628 2230 5655 ρ
2266 5623 2358 5642 υ..
