4064 6162
154 305 264 360 809

1196 311 1408 367 PRAEI".
1451 312 1795 369 HURATOB.
1838 315 1903 369 IN
1944 315 2113 372 HIST.
2157 318 2507 375 LANDULFI.

3427 325 3535 379 810

155 439 285 503 ptus
329 438 415 489 est
455 433 587 490 cod.
628 433 764 490 bibl.
800 436 985 490 Breraa
1014 437 1078 498 A,
1112 436 1169 501 i-‘,
1202 435 1266 500 Χ,
1297 435 1352 499 6,
1384 435 1653 501 chartac.,
1685 435 2105 502 lol.,Aratione
2134 441 2241 498 cod
2273 444 2331 499 Β.
2366 451 2578 500 retenta
2626 444 2753 515 (30).
2786 447 2915 502 Eam
2961 449 3191 514 servavi,
3236 464 3356 505 cum
3390 453 3536 509 Lau-

152 536 285 576 saec.
317 535 453 577 xvn.
477 522 617 587 inc.,
649 522 726 577 nil
759 524 864 579 nisi
898 522 1217 579 Landult'um
1247 527 1558 581 continens.

224 610 338 665 A".
383 611 520 668 Cod.
565 612 902 667 serenissimi
951 612 1109 668 ducis
1157 615 1312 669 Litta:
1359 615 1800 681 Mediolanensis,

151 713 205 755 a.
246 700 403 767 I703,
443 715 607 772 quem
656 701 712 757 in
744 700 971 759 Arnullo
1000 700 1056 755 5⁸
1089 703 1520 773 appellavimus;
1561 706 1617 760 iu
1661 706 1802 760 Lan-

152 788 311 846 duilo
363 792 610 859 proxime
658 791 727 846 ad
775 792 848 846 A"
893 793 1129 855 accedit,
1188 795 1434 864 exceptis
1492 794 1687 860 titulis,
1746 793 1804 850 in

151 880 362 949 quibus
387 878 710 949 plerumque
744 893 867 935 cum
903 882 941 935 Β
969 883 1247 937 convenit.

226 969 288 1023 Β.
339 967 477 1024 Cod.
526 967 656 1024 olim
707 968 1187 1039 metropolitanus,
1231 972 1341 1041 jam
1390 972 1801 1040 Ambrosianus,

151 1069 210 1111 n.
243 1054 338 1124 89,
373 1070 505 1113 saac.
536 1071 649 1124 xxv,
690 1057 918 1114 multum
949 1059 1018 1114 ab
1055 1061 1100 1115 A
1148 1059 1378 1126 recedit,
1407 1052 1707 1132 praecipue
1748 1062 1804 1118 in

151 1146 334 1217 priori
384 1153 560 1215 parte,
610 1159 677 1203 eo
724 1148 874 1217 quod
920 1160 1066 1204 nunc
1120 1148 1365 1219 singulas
1416 1163 1599 1216 voces,
1658 1165 1806 1207 nunc

153 1234 350 1306 plures
378 1235 605 1301 omittit,
637 1235 746 1292 imo
779 1236 1024 1308 integras
1051 1239 1355 1294 sententias
1383 1245 1438 1295 et
1466 1254 1596 1296 vero
1625 1241 1805 1309 capita

151 1324 211 1379 in
277 1324 497 1379 brevius
550 1323 848 1380 contrahit.
906 1325 1155 1396 Capitum
1209 1326 1399 1383 titulos
1449 1341 1590 1397 quos
1637 1329 1806 1385 rubro

150 1412 424 1483 scripsit,
474 1425 866 1484 nonnunquam
924 1414 994 1471 de
1042 1429 1143 1472 suo
1191 1417 1453 1484 mutavit;
1513 1416 1809 1489 aliquoties

152 1501 323 1558 etiam
356 1502 524 1558 rubro
555 1508 715 1558 notas
741 1503 972 1574 margini
1002 1504 1314 1574 adscripsit.

228 1592 365 1645 Ilaec
411 1590 802 1659 Bethmannus,
850 1592 945 1662 qui
993 1599 1200 1648 textum
1250 1595 1593 1664 potissimum
1630 1596 1700 1651 ad
1738 1596 1807 1651 ii-

155 1677 284 1735 dem
330 1678 461 1735 cod.
509 1681 583 1735 A'
630 1689 939 1737 correctum
977 1682 1140 1737 nobis
1177 1685 1499 1751 transmisit,
1529 1685 1808 1741 scribendi

231 1784 361 1859 (30)
396 1788 455 1843 in
483 1787 676 1865 primis
702 1802 732 1843 e
759 1794 823 1865 et
841 1789 939 1865 ξμς
964 1796 1111 1865 etas,
1132 1805 1192 1865 se
1218 1804 1366 1865 saepe
1394 1791 1538 1865 inter
1565 1806 1625 1848 se
1657 1805 1811 1865 com-
1830 1778 1878 1835 Β
1896 1800 2105 1851 mature
2159 1795 2271 1865 jam
2330 1797 2625 1855 invaluissc
2649 1842 2664 1865 ,
2723 1801 2970 1857 ostendit
3026 1816 3077 1857 e.

156 1866 465 1915 mutantur.
499 1861 628 1917 Haec
665 1868 721 1916 et
752 1860 859 1916 alia
888 1861 946 1916 in
976 1862 1263 1918 codicibus
1302 1863 1358 1917 in
1399 1862 1553 1918 italia
1588 1864 1814 1933 scriptis

1884 529 2015 585 duiii
2060 545 2265 588 morem
2305 534 2631 601 nesciamus,
2663 543 2719 591 et
2767 538 3026 593 nonnulis
3066 537 3221 604 locis,
3254 540 3349 610 qui
3381 539 3534 596 dubii

1885 629 2125 688 manent,
2152 623 2399 687 proderit
2431 624 2777 681 librariorum
2809 627 3088 684 scribendi
3119 631 3385 685 rationem
3419 644 3532 699 pra:

1886 710 2063 765 oculis
2091 710 2313 768 habere.
2349 713 2508 770 Locis
2536 730 2603 770 ex
2622 716 2893 773 Ambrosii
2920 725 3291 789 caeterumque
3310 719 3535 791 scriptis

1887 798 2239 869 interspersis
2257 804 2433 858 varias
2463 804 2728 861 lectiones
2756 808 2986 876 apposui
3008 807 3310 864 editionum
3343 822 3536 865 recen-

1888 888 2110 953 tiorum,
2144 904 2209 945 ex
2240 892 2442 960 quibus
2471 893 2758 951 manifesto
2793 893 2978 965 prodit
3008 910 3167 968 quam
3202 897 3339 953 male
3368 897 3534 954 verba

1887 990 1917 1031 a
1949 976 2188 1032 librariis
2217 978 2402 1036 habita
2431 982 2560 1037 sint.
2611 984 2821 1039 Titulos
2853 985 3113 1054 capitum,
3148 986 3240 1041 ubi
3281 999 3391 1042 non
3430 1000 3538 1042 nc-

1887 1066 2111 1121 cessarii
2142 1073 2289 1134 sunt,
2322 1068 2467 1126 inter
2495 1070 2671 1126 varias
2701 1072 2967 1129 lectiones
2996 1074 3183 1142 rejeci.
3216 1090 3337 1131 cum
3368 1074 3539 1147 pluri-

1888 1168 2008 1210 mos
2058 1162 2250 1225 postea
2292 1157 2542 1228 adjectos
2589 1174 2710 1216 esse
2755 1170 3035 1232 appareat,
3085 1170 3140 1219 et
3185 1178 3345 1221 veros
3386 1171 3539 1222 certa

1889 1242 2103 1299 ratione
2149 1245 2488 1317 distinguere
2542 1261 2651 1303 non
2700 1248 2993 1306 valeamus.
3045 1253 3118 1307 De
3158 1252 3323 1308 rebus
3359 1260 3539 1310 autem

1892 1346 2062 1403 pauca
2095 1340 2300 1388 tantum
2333 1335 2609 1403 adnotavi,
2644 1352 2764 1393 cum
2799 1346 3002 1408 praesto
3042 1341 3115 1396 sit
3152 1341 3219 1396 ad
3259 1355 3544 1412 compara-

1890 1420 2095 1477 tionem
2127 1422 2333 1479 Arnulli
2366 1425 2630 1490 Iiistoria,
2664 1426 3022 1496 plurimorum
3064 1437 3244 1486 autem
3282 1432 3421 1487 adeo
3453 1433 3543 1487 in-

1890 1511 2141 1566 certa-sit
2172 1510 2326 1577 fides,
2350 1521 2410 1568 ut
2438 1514 2571 1583 quid
2602 1516 2746 1571 inter
2773 1515 2986 1574 fabulas
3014 1521 3128 1575 veri
3158 1519 3325 1575 lateat
3354 1520 3546 1590 exqui-

1846 1648 1857 1657 .
1890 1613 2013 1655 rere
2045 1599 2311 1670 longioris
2339 1601 2412 1658 sit
2449 1602 2858 1674 disputationis.

2874 1696 2962 1751 W.
3003 1697 3402 1754 Waneseacn.

1900 1802 2105 1851 mature
2159 1802 2271 1865 jam
2330 1802 2625 1855 invaluissc
2649 1842 2664 1865 ,
2723 1802 2970 1857 ostendit
3026 1816 3077 1857 e.
3137 1816 3192 1873 g.
3234 1802 3361 1858 cod.
3402 1815 3550 1858 nunc

1900 1866 2210 1923 Vindobon.
2242 1882 2290 1922 s.
2324 1870 2411 1936 1x,
2445 1870 2515 1925 de
2542 1884 2652 1940 quo
2681 1886 2732 1926 γ.
2763 1873 3002 1928 Annales
3031 1880 3256 1930 nostros
3276 1874 3388 1939 VII,
3422 1872 3548 1926 275.

160 1963 3542 1992 mm

678 2184 685 2193 .
816 2049 984 2192 IN
1083 2047 1894 2193 LANDULFI
1997 2052 2902 2201 HISTORIAM

621 2254 1361 2322 PROLEGOMENA
1452 2255 1940 2325 LUDOVICI
2032 2259 2446 2327 ANTONII
2539 2262 3109 2332 MURATORII

1438 2370 1662 2442 (Script.
1699 2369 1841 2434 itai.,
1876 2377 1915 2428 t.
1948 2374 2037 2440 IV,
2071 2389 2126 2444 p.
2156 2374 2279 2447 59.)

234 2523 346 2606 Qui
382 2536 530 2606 nunc
558 2522 768 2606 prodit
816 2523 869 2578 in
902 2520 1667 2606 lucemuLauduiphusseuior,
1702 2524 1818 2606 Die-

163 2593 512 2665 diolanensis
557 2592 879 2659 historicus,
918 2592 1140 2649 difﬁcile
1187 2592 1414 2665 gratiam
1456 2595 1617 2649 inibit
1648 2609 1677 2649 a
1716 2594 1819 2649 de-

165 2665 355 2720 licatis
383 2664 707 2730 lectoribus,
739 2666 832 2720 ubi
853 2668 971 2734 ejus
991 2666 1121 2720 vitia
1152 2664 1507 2735 m’uculasque
1536 2666 1817 2736 detegant.

165 2740 423 2792 Attamen
465 2736 642 2806 ipsum
692 2737 921 2791 innuere
960 2737 1058 2791 has
1087 2737 1234 2806 ipsas
1265 2740 1504 2792 maculas
1534 2737 1824 2792 lectorem-

167 2821 280 2878 que
319 2814 532 2862 mature
587 2809 918 2877 praemunire
965 2816 1159 2863 contra
1196 2809 1517 2872 calumnias,
1560 2809 1823 2878 ignoran-

169 2883 329 2945 tiam,
378 2886 435 2933 et
471 2879 816 2934 dicacitatem
856 2879 1165 2949 scriptoris,
1207 2880 1301 2940 ita.
1345 2881 1399 2935 ni
1448 2878 1626 2944 fallor,
1660 2892 1824 2934 exar-

170 2950 352 3005 mabit
396 2953 517 3018 ejus
561 2950 767 3020 alioqui
827 2949 1031 3006 fatuum
1081 2963 1384 3015 venenum,
1435 2958 1495 3006 ut
1551 2951 1822 3005 neminem

172 2991 772 3091 ἵιὶἷὸἑὶιῶᾜῦιέὧνῆὶῖἓ
803 2991 1031 3078 εἶ’ἲῐῑέῗ
1054 2991 1824 3091 sit}???Bbgié'ﬁnﬁviiiﬁéiiﬁ
1843 2991 1887 3051 Ο

173 3094 389 3163 Nempe
432 3092 732 3163 historicus
778 3092 904 3158 iste,
944 3096 1102 3162 cujus
1147 3093 1461 3149 Chronicon
1510 3094 1828 3148 ad‘annum

174 3162 473 3239 ἴδη-,1085
499 3164 795 3220 deductum
818 3173 921 3239 est,
944 3166 1075 3220 vixit
1103 3165 1350 3239 Gregorii
1375 3166 1566 3239 VII_._P.
1591 3165 1658 3220 Di.
1687 3172 1829 3219 tem-

176 3235 434 3306 poribus,
467 3241 524 3290 et
570 3244 721 3290 certe
771 3235 898 3291 ante
942 3250 1141 3291 annum
1196 3235 1331 3289 1⁷100
1375 3249 1405 3290 a
1439 3235 1658 3292 Christo
1700 3242 1829 3290 nato

179 3307 393 3364 ﬂoruit.
424 3307 484 3361 In
514 3308 635 3377 ejus
664 3308 858 3376 patria,
891 3307 997 3363 hoc
1036 3316 1119 3364 est
1163 3307 1477 3373 Mediolani,
1504 3307 1832 3362 clericorum

182 3391 374 3435 mores
419 3390 529 3432 non
579 3392 769 3448 parum
819 3379 1098 3448 depravati
1148 3385 1278 3434 tunc
1326 3387 1503 3443 erant,
1553 3377 1834 3433 nonnullis

182 3448 448 3507 Simoniae
480 3449 708 3504 crimine
760 3449 999 3515 intectis,
1030 3451 1155 3505 aliis
1199 3464 1407 3505 sacram
1438 3449 1833 3504 continentiam

181 3533 409 3577 servare
468 3520 801 3577 nolentibus.
861 3522 979 3577 illic
1037 3530 1330 3591 propterea
1389 3520 1835 3591 presbyterorum

186 3593 980 3671 praeipuehcmterorumque
1021 3594 1351 3671 clericorurn
1400 3596 1607 3671 IIIIpldiB
1647 3591 1835 3671 iniusti

187 3661 377 3743 erant,
406 3661 666 3733 nullaque
713 3661 1020 3743 habebatur
1056 3662 1624 3743 ratio_ecciesiastica=.
1663 3661 1839 3743 dnisci-

186 3734 380 3805 plinae,
418 3747 544 3804 qum
578 3732 713 3789 Sane
752 3735 820 3790 ab
859 3736 980 3805 ipso
1009 3736 1385 3806 apostolorum
1415 3746 1552 3797 aevo,
1593 3732 1649 3787 in
1678 3732 1839 3787 Occi-

185 3806 506 3862 dentalibus
550 3806 744 3861 saltem
794 3805 1091 3873 Ecclesiis,
1142 3805 1209 3861 ad
1259 3819 1323 3861 ea
1370 3817 1545 3875 usque
1590 3810 1841 3872 tempora

186 3877 769 3947 obtinuerat._Neque
811 3891 953 3933 unus
1001 3884 1132 3933 tunc
1179 3875 1843 3947 Mediolanens‘isclerus

186 3948 292 4004 hac
323 3948 450 4003 labe
486 3945 741 4003 infectus.
773 3949 842 4003 Ut
877 3948 1013 4004 alias
1043 3951 1209 4004 urbes
1237 3956 1582 4019 praeteream,
1615 3946 1841 4019 Romam

191 4021 369 4090 ipsam
402 4032 471 4075 eo
498 4033 759 4098 successu
788 4020 1197 4098 divegtabathic
1239 4016 1581 4098 'morbushut
1607 4016 1843 4098 Stepha-

192 4086 299 4146 nus
328 4104 472 4170 papa
503 4090 590 4157 IX,
622 4104 785 4170 anno.
805 4091 957 4159 1057,
990 4090 1194 4170 crebris
1218 4088 1665 4170 synodiscierum
1688 4086 1846 4143 Urbis

571 4162 866 4225 conuenire,
896 4163 1222 4233 maximeque
1246 4158 1503 4233 conjugiis
1540 4158 1847 4233 clericorum

191 4230 604 4288 et‘sacerdotum
632 4232 873 4289 tollendis
900 4230 1150 4289 insistere
1166 4230 1393 4289 coactus
1412 4230 1607 4296 fuerit,
1643 4230 1696 4285 id
1728 4236 1845 4284 tes-

1904 2526 2194 2595 prudentis
2241 2540 2304 2582 ac
2352 2529 2553 2584 eruditi
2604 2528 2829 2587 lectoris
2866 2535 3221 2589 contemnere
3264 2546 3327 2589 ac
3377 2533 3559 2590 ridere

1904 2611 2011 2667 qua
2032 2610 2249 2672 cunque
2280 2599 2328 2653 is
2357 2599 2662 2657 liberaliter
2689 2601 2867 2659 etfutit
2898 2604 2951 2658 in
2983 2605 3133 2659 viros
3159 2606 3557 2672 sanctissimos,

1905 2674 2070 2737 atque
2103 2670 2157 2747 in
2197 2669 2381 2747 ipsam
2401 2672 2699 2727 Romanam
2735 2674 3055 2747 Ecclesiam,
3094 2676 3183 2730 cui
3215 2675 3397 2731 honor
3425 2669 3559 2747 per;

1909 2747 2073 2822 petuo
2104 2738 2575 2822 _dei:erendus,_et
2621 2758 2650 2798 a
2680 2759 2788 2814 qua
2834 2738 3135 2802 succedere
3180 2738 3555 2817 gravissimum

1908 2809 1963 2865 in
1994 2809 2171 2866 oculis
2201 2812 2292 2865 Dei
2329 2813 2599 2881 piaculum
2632 2809 2736 2870 est.

1977 2881 2151 2958 Quid?
2180 2883 2329 2958 quod
2351 2891 2406 2938 et
2430 2885 2805 2958 Landulphum
2837 2888 3146 2958 ignorantia
3174 2901 3287 2944 non
3318 2887 3474 2955 levis,
3499 2895 3554 2944 et

1909 2952 2247 3030 impudentia
2278 2967 2387 3009 non
2410 2952 2655 3030 vulgaris
2676 2952 2946 3030 denigfat.
2980 2960 3122 3030 Lege
3151 2952 3561 3030 capitulum—Dc

1910 3024 2230 3101 monogamia
2255 3024 2633 3101 sacerdotibus,
2670 3029 2762 3082 ubi
2793 3024 2848 3084 ἑ.
2880 3024 3234 3086 Ambrosium
3256 3038 3350 3085 aut
3380 3030 3554 3101 lingit,

1910 3102 2004 3150 aut
2035 3096 2219 3164 inepte
2249 3096 2425 3151 credit
2471 3098 2748 3154 addictum
2798 3101 3161 3157 matrimoniis
3188 3096 3557 3166 sacerdotum,

1911 3180 2147 3242 eumque
2180 3167 2270 3242 illa
2298 3170 2895 3242 scribeutcminducit,
2937 3187 3061 3242 qua;
3093 3172 3343 3242 profecto
3373 3181 3467 3228 aut
3507 3175 3560 3227 in

1914 3237 2071 3325 libris
2099 3240 2429 3294 sanctissimi
2462 3241 2726 3325 antistitis
2757 3237 3108 3325 nequaquam
3123 3250 3442 3325 occurrunt,
3471 3249 3566 3297 aut

1912 3308 2023 3384 alio
2069 3322 2235 3384 sensu
2288 3319 2603 3384 accurrunt,
2636 3327 2758 3367 cum
2790 3308 2996 3383 alioqui
3027 3322 3236 3369 certum
3279 3316 3350 3368 sit
3389 3308 3568 3384 agno-

1914 3381 2055 3434 visse
2086 3380 2427 3436 Ambrosium
2461 3396 2569 3437 non
2603 3396 2713 3438 uno
2750 3384 2803 3438 in
2852 3380 2975 3439 loco
3004 3385 3387 3440 sacerdotibus
3417 3380 3570 3438 nefas

1915 3464 2034 3523 esse
2067 3450 2256 3505 liberis
2285 3466 2506 3523 operam
2528 3453 2692 3523 dare.
2724 3455 2860 3509 Sunt
2891 3456 3010 3523 ejus
3029 3456 3193 3510 verba
3220 3455 3566 3523 apertissima

1916 3521 2027 3594 lib.
2048 3535 2085 3585 ι,
2124 3536 2254 3594 cap._
2286 3522 2332 3586 l,
2369 3525 2439 3577 De
2468 3522 2623 3579 Oliic.
2652 3543 2664 3578 :
2700 3521 3010 3594 Iaoﬁ'eusum
3031 3530 3202 3580 autem
3222 3521 3572 3579 exhibendum

1916 3596 1965 3664 et
2012 3591 2397 3664 immaculatum
2446 3591 2820 3660 ministerium,
2844 3609 2939 3650 nec
2974 3595 3080 3650 ullo
3119 3595 3383 3664 conjugali
3432 3596 3573 3649 coitu

1916 3660 2600 3737 uiolandumhcognoscitis,
2633 3665 2722 3736 qui
2766 3667 2955 3735 integri
2990 3660 3227 3737 corpore,
3267 3660 3567 3736 incorrupto

1914 3734 2136 3807 pudore,
2160 3732 2333 3807 alieni
2359 3737 2515 3790 etiam
2545 3734 2612 3790 ab
2644 3732 2770 3807 ipso
2814 3732 3095 3792 consortia
3116 3737 3399 3806 conjugaii,
3427 3732 3572 3807 sacri

1918 3804 2192 3859 ministerii
2233 3806 2459 3874 gratiam
2503 3804 2790 3877 recepistis.
2832 3807 2949 3863 Reli
2995 3822 3063 3863 ua
3113 3804 3252 3879 lege,
3274 3804 3339 3862 at
3381 3821 3450 3863 ue
3493 3806 3568 3861 ibi

1921 3883 2082 3930 notas
2111 3876 2431 3931 Mabillonii.
2463 3878 2594 3932 Tum
2626 3881 2679 3933 in
2712 3879 2932 3933 epistol.
3078 3879 3146 3933 ad
3173 3823 3568 3933 Verceiiensem

1921 3883 2082 3930 notas
2111 3876 2431 3931 Mabillonii.
2463 3878 2594 3932 Tum
2620 3876 2679 3933 in
2712 3879 2932 3943 epistol.
2964 3876 3055 3943 63,
3078 3879 3146 3934 ad
3170 3876 3571 3935 Vercellensem

1923 3946 2244 4021 Ecclesiam,
2266 3947 2427 4003 class.
2453 3962 2491 4012 ι,
2515 3962 2664 4021 num.
2695 3946 2768 4002 62
2801 3969 2816 4004 :
2856 3951 3003 4015 Hec,
3036 3950 3236 4020 inquit,
3264 3950 3437 4021 posui,
3459 3963 3573 4021 quin

1922 4016 2161 4093 cauenda
2186 4021 2496 4093 acceperim.
2531 4020 2785 4093 Virtutum
2815 4027 2988 4077 autem
3015 4016 3574 4093 magister'Apostolus

1923 4093 2021 4155 est,
2072 4089 2161 4158 qui
2204 4103 2320 4162 cum
2344 4091 2614 4162 patientia
2660 4092 3053 4162 redarguendos
3091 4089 3276 4148 doceat
3307 4089 3576 4147 contradi-

1924 4162 2117 4225 centes,
2147 4161 2235 4230 qui
2262 4160 2415 4235 auius
2441 4163 2627 4235 uxoris
2664 4160 2837 4218 virum
2863 4164 3139 4235 prwcipiat
3176 4177 3309 4235 esse,
3339 4178 3444 4218 non
3475 4177 3573 4233 quo

1928 4235 2189 4305 exsortem
2216 4231 2464 4305 excludat
2502 4234 2729 4305 conjugii
2768 4231 2904 4305 (nam
2932 4231 3039 4289 hoc
3055 4248 3218 4305 supra
3244 4233 3405 4305 legem
3431 4231 3573 4305 prve-

194 4304 444 4383 tantibg
493 4304 673 4383 Leone
717 4305 976 4383 Ostiensi,
1020 4307 1180 4383 Petro
1228 4303 1492 4383 Damiani,
1527 4301 1759 4383 Beronio
1789 4306 1842 4355 et
1865 4301 2062 4380 Dcepti
2090 4302 2304 4383 estised
2340 4309 2394 4358 ut
2425 4301 2686 4383 conjugali
2732 4301 3041 4383 castimonia
3081 4301 3267 4383 servet-
3295 4301 3577 4383 uitiationis

194 4376 340 4430 aliis.
374 4375 442 4430 Et
474 4375 741 4443 plurimus
768 4376 991 4446 quidem
1022 4376 1178 4431 labor
1204 4376 1432 4431 summis
1468 4372 1842 4446 pontiﬁcibus2

195 4446 456 4524 nimirum
476 4441 709 4524 laudato
727 4441 1005 4524 Stephano
1028 4448 1121 4524 IX,
1138 4446 1450 4524 Nicolaoii,
1472 4441 1783 4524 Alexandro
1802 4441 1847 4524 _II

195 4524 248 4573 et
268 4517 542 4595 Gregorio
564 4513 1005 4595 Vil,_praesertim
1028 4527 1087 4574 ut
1107 4520 1163 4573 in
1194 4515 1584 4595 Mediolanensi
1608 4513 1851 4595 Ecclesia

197 4594 546 4667 restant-etp!
582 4587 827 4667 collapsa
861 4603 951 4667 ex»
975 4591 1305 4667 hAac_parte__
1337 4587 1654 4667 disciplina,
1686 4587 1850 4667 ‘utjn

196 4659 345 4737 libro
365 4658 442 4737 de
464 4660 559 4715 SS.
582 4653 910 4737 Martjribus
922 4653 1150 4737 μιαιαρ
1179 4667 1252 4737 et
1267 4653 1650 4737 ilerlembaldo
1683 4653 1852 4737 {usis-

196 4731 337 4856 sin'ile
367 4731 502 4787 olim
531 4728 774 4788 ostendit
802 4732 1053 4789 eruditus
1071 4733 1155 4787 vir
1170 4732 1450 4788 Johannes
1480 4731 1672 4786 Petrus
1693 4728 1852 4782 Puri-

199 4816 265 4856 ce
313 4815 427 4856 ius.

199 4803 427 4860 cellius.

269 4874 350 4955 iis
395 4886 531 4955 ergo
581 4875 922 4955 temporibus
966 4874 1258 4955 Mediolani
1314 4872 1550 4955 degebat
1591 4875 1661 4955 _et
1710 4868 1854 4955 b'anc

200 4939 502 5024 Historiam
533 4939 836 5024 adornabat
868 4947 1221 5017 Landulphus
1250 4939 1458 5024 nostér,
1486 4950 1545 5024 et
1589 4943 1704 5024 ipse
1735 4939 1855 4995 ior-

199 5022 352 5096 tasse
380 5018 641 5096 sacerdos
668 5019 1015 5090 conjugatus,
1047 5015 1198 5096 certe
1241 5015 1520 5087 conjugati
1567 5015 1682 5096 sive
1719 5024 1856 5096 conf

200 5088 641 5166 cubitiariineieri
674 5086 940 5157 patronus
975 5090 1312 5166 acerrimus._
1338 5086 1515 5166 Quare
1536 5086 1630 5166 _nii
1661 5086 1856 5166 mirum

200 5160 246 5238 si
288 5158 444 5214 illius
472 5160 658 5238 libros
673 5156 910 5238 occupet
941 5175 1063 5238 cum
1103 5161 1346 5218 enormis
1376 5156 1756 5238 maledicentia
1801 5156 1856 5208 in

202 5230 486 5308 Itomanos
506 5229 957 5308 pontifices,'t_um
981 5234 1033 5288 in
1062 5245 1421 5308 quoscunque
1446 5229 1651 5308 probos
1671 5229 1860 5308 incon-

203 5302 459 5357 tinentiae
516 5301 748 5359 infestos
804 5305 939 5359 mira
998 5301 1689 5374 petulantia,recurrente
1746 5301 1858 5352 sive

203 5380 523 5445 Opportune
556 5375 670 5431 sive
710 5375 1023 5445 importune
1054 5377 1219 5430 variis
1257 5375 1313 5428 in
1353 5373 1492 5428 locis
1520 5384 1701 5445 pravae
1731 5380 1862 5423 con-

203 5441 520 5523 suetudinis
548 5441 1116 5523 tutela,_a_liorumque
1154 5453 1345 5501 contra
1384 5441 1732 5523 sentiendum
1763 5453 1861 5523 ac-

204 5516 518 5596 cusatione.
572 5518 640 5596 Iit
676 5511 810 5596 quid
847 5519 996 5596 aliud
1026 5511 1452 5596 "exspectes‘ab
1483 5511 1864 5596 hominehhis

204 5586 496 5644 aﬂcctibus
522 5580 721 5645 mirum
749 5591 807 5645 in
837 5589 1058 5646 modum
1090 5580 1452 5661 perturbato?
1483 5583 1598 5639 Erit
1629 5580 1860 5653 proinde

384 5693 622 5751 PATROL.
654 5694 897 5752 CXLVII.

1929 4386 2038 4426 sua
2064 4374 2288 4445 gratiam
2315 4393 2329 4428 :
2354 4388 2519 4445 neque
2547 4377 2730 4429 iterum
2758 4381 2814 4430 ut
2839 4375 2979 4445 ﬁlios
3005 4374 3061 4445 in
3078 4374 3374 4429 sacerdotio
3394 4386 3578 4445 creare

1930 4441 2222 4513 apostolica
2266 4441 2512 4500 incitetur
2556 4441 2895 4512 auctoritate,
2945 4444 3215 4501 habentem
3260 4446 3396 4499 enim
3441 4443 3578 4497 dia-it

1929 4514 2087 4586 filios,
2122 4528 2229 4568 non
2252 4515 2545 4584 facientem.

2003 4585 2279 4658 i’orroiin
2320 4587 2450 4658 aliis
2486 4600 2709 4658 quoque
2761 4600 2871 4644 non
2919 4586 3110 4658 paucis
3150 4586 3287 4643 locis
3322 4584 3580 4658 vacillare

1931 4654 2121 4737 videas
2157 4654 2519 4737 _Landulph_i_'
2543 4654 2738 4737 iidem.
2793 4654 3156 4737 Querimoaim
3184 4660 3271 4737 Β..
3312 4655 3582 4737 Benedicti

1933 4727 2314 4802 archiepiscopi
2364 4727 2766 4786 Mediolanensis
2810 4745 2969 4802 super
3023 4730 3319 4802 Papiensis_
3353 4727 3584 4799 episcopi

1932 4799 2340 4871 consecratione,
2389 4815 2515 4871 quae
2564 4802 2653 4857 hic
2700 4799 2954 4866 habetur,
3000 4799 3223 4871 jamque
3253 4799 3408 4856 edita
3437 4811 3469 4854 a
3498 4810 3583 4871 me

1932 4866 2110 4925 fuerat
2136 4876 2270 4943 tom.
2304 4874 2320 4926 1
2355 4866 2713 4939 Anecdotor.,
2760 4887 2875 4943 cap.
2917 4874 2953 4927 5
2995 4866 3356 4943 Appéndicis,
3403 4869 3584 4943 oratio

1934 4948 2020 4995 est
2064 4941 2242 5015 eidem
2292 4943 2714 5015 archiepiscOpo
2761 4940 2962 5008 afficta,
3016 4940 3315 4999 u't'ibidem
3367 4940 3584 5015 ostendi

1936 5026 2059 5081 cap.
2089 5011 2145 5064 7.
2177 5013 2395 5070 Similes
2422 5011 2703 5071 orationes
2731 5016 2854 5070 aliis
2883 5015 3197 5071 hominibus
3225 5015 3317 5069 hic
3346 5012 3587 5082 scriptor

1939 5095 2039 5152 pro
2069 5096 2170 5157 suo
2202 5084 2423 5155 ingenio
2453 5088 2737 5157 supponit,
2771 5099 2883 5156 quo
2912 5100 3040 5141 suas
3067 5088 3382 5155 opinion‘es,
3413 5096 3586 5157 quan-

1938 5167 2100 5223 quam
2151 5154 2423 5212 interdum
2474 5154 2680 5223 futiles,
2711 5154 2815 5213 sub
2852 5158 3033 5212 alieno
3066 5154 3285 5213 nemine
3319 5154 3586 5219 venditet,

1939 5233 1999 5280 ut
2029 5225 2163 5279 nihil
2196 5228 2372 5283 dicam
2403 5229 2472 5284 de
2522 5229 2799 5284 miraculis
2837 5237 2891 5284 et
2919 5228 3223 5284 visionibus
3263 5227 3427 5282 nimia
3460 5223 3591 5280 fici-

1942 5297 2094 5352 litate
2126 5298 2179 5371 in
2210 5312 2433 5355 suorum
2456 5301 2682 5371 gratiam
2715 5300 2784 5355 ab
2816 5301 2935 5369 ipso
2966 5299 3427 5361 commemoratis,
3453 5297 3589 5371 sive,

1940 5374 2001 5424 ut
2022 5368 2225 5440 rectius
2255 5367 2482 5440 loquar,‘
2494 5373 2763 5429 conﬁctis.
2795 5367 2950 5438 Quod
2976 5382 3154 5427 tamen
3179 5372 3376 5426 mirere
3398 5367 3591 5438 magis,

1942 5451 2050 5495 nou
2096 5439 2150 5493 in
2198 5439 2513 5499 eruditione
2561 5451 2769 5499 tantum
2802 5442 3106 5498 ecclesiasii
3138 5456 3201 5498 ca
3232 5442 3432 5511 ineptit
3455 5440 3593 5494 Lan-

1941 5511 2201 5585 dulphus,
2224 5514 2322 5585 sed
2354 5514 2408 5570 iu
2442 5517 2681 5585 ipsarum
2710 5515 2873 5571 etiam
2905 5527 3086 5570 rerum
3110 5514 3449 5578 narratione,
3471 5523 3597 5581 qua:

1943 5592 2057 5637 non
2086 5581 2274 5640 multis
2300 5581 2523 5642 saeculis
2557 5594 2652 5642 aut
2678 5586 2840 5642 annis
2866 5594 2995 5642 ante
3023 5589 3145 5657 ejus
3171 5592 3422 5656 tempora
3458 5594 3599 5637 con-

3249 5690 3347 5747 '26
