4022 6160
182 309 274 366 813

1198 307 1411 363 PREF.
1455 308 1796 364 MURATOR.
1838 308 1907 363 IN
1945 306 2113 362 HIST.
2158 306 2506 363 LANDULF].

3428 313 3535 370 814

244 436 345 505 Ego
372 445 514 505 vero
569 432 712 505 hanc
770 431 1020 505 eamdem
1077 433 1466 505 questionemi
1496 433 2033 505 agitandamAculo
2065 431 2387 505 x1_vixisse.
2429 438 2485 487 et
2532 431 2791 505 historias
2828 433 3177 505 contexuisse
3209 438 3419 497 Datium
3477 449 3533 498 et

181 502 382 576 suscepi
419 509 554 561 tom.
592 504 616 560 Ι
649 503 1034 576 “Anecdotorq
1076 502 1202 576 pag.
1257 502 1385 570 2'21,
1432 502 1622 575 ibique
1681 506 1809 561 Pro-

213 573 455 634 emoticon
493 573 804 633 inscribens
841 573 1171 632 memorato'
1200 576 1260 631 P.
1301 573 1594 631 Eustachio
1658 590 1689 630 a
1750 577 1805 631 S.

213 594 281 634 cm
317 593 455 632 (icon
493 593 804 633 lHSCl‘lDenS
841 593 1142 632 memorato
1201 593 1260 631 ιι.
1302 593 1594 631 nusracmo
1658 593 1689 630 a
1750 593 1805 631 δ.

182 593 374 707 {ibade
421 648 487 703 de
542 647 753 718 antiquo
781 649 909 704 lure
938 646 1275 719 metropoiila:
1318 646 1728 719 Mcdioianeusis
1756 648 1811 719 in

180 722 459 793 episcopum
484 720 1009 793 _1fic_ine_nsem,icap.
1050 718 1111 793 ti;
1147 719 1550 793 contenidebiam
1581 718 1811 793 Chroni-

183 790 269 849 con
293 790 438 846 Datii
484 790 908 847 Mediolanensis
954 790 1379 860 archiepiscopi,
1421 790 1490 844 ab
1538 790 1806 845 historio-

178 863 392 936 graphis
429 875 547 936 non
580 863 779 936 paucis
800 861 1097 936 laudatum,
1139 862 1275 916 nihil
1314 862 1463 916 aliud
1497 875 1617 916 esse
1647 874 1808 936 quam

181 932 281 991 hoc
304 935 481 1005 ipsum
522 932 816 1005 Landulphi
852 933 1162 999 Chronicon,
1204 946 1351 988 nunc
1390 946 1421 987 a
1468 946 1553 988 me
1602 932 1808 1002 publici

177 1008 306 1078 juris
334 1004 737 1078 faciendumf
769 1005 920 1078 nulla
975 1012 1156 1078 autem
1194 1005 1328 1078 satis
1384 1005 1535 1078 firma
1571 1076 1577 1078 _
1589 1005 1807 1078 ratione

181 1075 415 1148 probari,
482 1076 785 1132 chronicon
851 1076 1076 1145 aliquod
1131 1075 1501 1131 vetustissimo
1567 1075 1662 1148 illo
1728 1089 1813 1129 ar-

180 1146 527 1218 chiepiscopo
558 1149 714 1202 Datio
762 1149 1174 1217 conscriptum;
1217 1161 1387 1217 quare
1426 1146 1680 1202 excidere
1718 1152 1813 1200 aut

182 1228 366 1276 nutare
395 1226 773 1290 argumentum
801 1233 869 1275 ex
915 1218 1158 1288 ejusdem
1207 1218 1381 1273 sancti
1430 1218 1569 1273 Datii
1614 1225 1810 1290 aucto-7

176 1292 327 1347 ritate
371 1296 427 1346 et
462 1289 790 1360 antiquitate
844 1292 1073 1359 petitum
1131 1303 1230 1359 pro
1270 1290 1590 1344 auctoribus
1625 1289 1812 1359 hymni

182 1365 243 1418 Te
273 1364 457 1416 Deum.
512 1364 782 1418 Caeterum
840 1368 1094 1416 constare
1151 1360 1219 1415 ad
1284 1367 1531 1415 sanctum
1600 1361 1811 1414 Datium

176 1432 363 1490 referri
420 1446 532 1488 non
600 1446 760 1502 posse
817 1432 1111 1488 Historiam
1168 1432 1271 1486 sub
1329 1432 1550 1487 nomine
1588 1432 1727 1487 Datii
1783 1445 1814 1485 a

174 1505 427 1569 Flamma,
485 1504 670 1571 Corio,
739 1503 948 1559 Alciato
1012 1504 1243 1573 aliisque
1309 1508 1810 1568 commemoratam,

173 1576 392 1647 quando
431 1574 521 1631 hic
552 1575 777 1630 nimium
818 1575 1005 1640 multa,
1061 1576 1170 1647 imo
1209 1573 1471 1647 pleraque
1521 1574 1812 1647 habentur,

173 1661 291 1719 quae
323 1648 490 1719 longe
531 1654 655 1719 post
684 1653 933 1716 tempora
961 1646 1101 1719 Datii
1131 1646 1435 1719 contigere,
1467 1652 1523 1700 et
1543 1646 1816 1719 aditevuim

174 1716 344 1786 usque
388 1716 733 1773 descendunt
790 1730 899 1786 quo
956 1716 1309 1786 Landulphus
1364 1723 1553 1771 noster
1608 1717 1813 1772 floruit.

1889 502 2290 573 Landulphum,
2330 503 2472 559 duos
2520 503 2770 560 diversos
2834 504 3120 573 homines;
3190 506 3339 564 illius
3401 524 3531 568 vero

1888 575 2223 651 Chronicon
2257 589 2289 629 a
2322 575 2748 651 posterioribus
2802 575 3079 651 laudatum
3134 592 3265 651 non,
3300 582 3534 651 amplius

1890 646 2143 712 inveniri,
2175 646 2404 702 alterius
2439 660 2569 703 vero
2599 653 2836 703 exstare.
2868 650 3132 705 Nimirum
3179 646 3531 708 animadver-

1890 719 1958 793 tit
1995 718 2246 773 eruditus
2260 719 2365 793 Avir
2393 719 2705 793 quaedama
2735 721 3042 775 Gualvaneo
3073 722 3241 777 scribi
3275 730 3533 793 tanquam

1891 789 2153 859 decerpta
2182 804 2211 844 e
2243 790 2495 845 Chronico
2517 792 2665 845 Dalii
2692 805 2816 860 quze
2849 800 3028 847 tamen
3058 794 3220 849 aliter
3239 809 3298 849 se
3330 789 3536 852 habent

1892 860 2283 934 indLanduiphi
2320 862 2581 934 Historia.
2630 864 2698 917 At
2755 877 2858 934 ego
2899 865 2953 918 in
2993 878 3056 919 ea
3095 866 3357 934 opinione
3413 880 3535 923 sum

1890 932 2071 1008 adhuc
2108 933 2210 986 sub
2244 933 2387 1008 petii
2434 933 2655 987 nomine
2678 947 2733 1008 ia
2778 932 3053 1008 Cualveno
3100 932 3426 1008 cieterisque
3463 940 3538 994 si-

1890 1003 2199 1081 gnificatam
2234 1001 2407 1081 fuisse
2465 1018 2626 1058 unam
2666 1005 2959 1081 Landulphi
2999 1008 3288 1063 Historiam
3302 1001 3535 1081 {atque

1892 1076 1960 1130 ab
1991 1088 2054 1129 ea
2093 1074 2357 1143 opinione
2405 1087 2490 1129 me
2537 1076 2780 1130 nondum
2827 1074 3127 1133 avocarunt
3167 1074 3464 1136 Puricellii'
3482 1089 3538 1137 et

1892 1148 1952 1202 Ρ.
1996 1145 2651 1223 Eust_achii_argumenta.
2693 1149 2895 1223 Primo,
2938 1151 3066 1219 quia
3117 1152 3308 1207 saltem
3360 1153 3538 1223 plera-

1893 1232 2002 1294 que
2039 1231 2070 1272 e
2110 1217 2249 1271 Datii
2278 1217 2554 1294 Chronico
2604 1232 2709 1294 per
2739 1217 3125 1294 ‘Gualvaneumi
3165 1217 3413 1294 aliosque
3452 1224 3536 1279 al-

1895 1290 2002 1366 iata
2030 1294 2331 1366 occurrunt
2369 1288 2560 1366 iisdem
2599 1290 2781 1366 verbis
2808 1292 2877 1366 _in_
2926 1293 3164 1366 Historia
3208 1288 3536 1366 Landulphi.

1896 1362 1996 1415 Vix
2060 1366 2241 1415 autem
2302 1360 2576 1430 intelligas
2615 1361 2993 1431 Landulphum
3049 1365 3188 1420 adeo
3245 1360 3538 1423 excordem

1896 1431 2063 1487 fuisse
2094 1438 2171 1495 ut,
2214 1445 2337 1486 cum
2368 1432 2660 1487 Historiam
2699 1433 2805 1487 sibi
2834 1434 3179 1508 scribendam
3208 1439 3535 1508 susciperet.

1898 1510 2006 1558 tam
2033 1511 2224 1577 aperte
2254 1516 2319 1577 ac
2357 1508 2465 1557 tam
2503 1516 2651 1577 saepe
2680 1517 2847 1558 unum
2896 1506 3106 1563 Datium
3156 1506 3442 1577 expilaret,
3485 1517 3540 1565 et

1898 1590 1966 1630 ex
1994 1576 2113 1644 ejus
2152 1573 2308 1628 libris
2347 1580 2516 1629 totam
2554 1573 2725 1630 ferme
2772 1576 3066 1633 Historiam
3114 1573 3267 1633 suam
3313 1573 3541 1636 concin-

1900 1654 2177 1719 naret,ine
2207 1645 2389 1719 verbis
2412 1644 2647 1719 quidem
2688 1647 2930 1713 mutatis,
2959 1656 3015 1703 et
3044 1651 3385 1719 potissimum
3417 1663 3539 1705 cum

1905 1717 2247 1787 excogitatus
2284 1716 2376 1770 ille
2410 1717 2613 1783 Datius,
2654 1725 2714 1771 ut
2760 1716 3086 1775 Puriceilius
3132 1721 3401 1777 afﬁrmare
3440 1735 3545 1777 co-

176 1767 1394 1864 aaia'hs‘saaf"ii“assessiqwie'gsaaar
1409 1767 1812 1864 ξῇίῑιξεοζῑιῑεεῖέ
1836 1767 1884 1823 B
1904 1767 2639 1864 511.}?gregegrege
2660 1767 3358 1864 ‘s'aaee';;,;2;;g;.-“a;;;'
3373 1767 3543 1864 ita}-

174 1875 341 1932 quare
370 1860 637 1932 inscripta
658 1860 791 1914 mihi
813 1860 1135 1932 Priefationc
1162 1859 1573 1932 Dissertationis
1600 1861 1678 1932 De
1715 1872 1818 1914 me-

173 1929 362 2005 tropoli
390 1929 795 2005 Mediolaneasi,
826 1930 990 1986 editae
1019 1929 1310 2005 Mediolani
1347 1945 1437 1985 an.
1488 1929 1651 2005 1690,
1680 1944 1813 2005 per-

170 2002 405 2059 suadere
445 2002 576 2058 mihi
643 2003 877 2072 aliisque
932 2002 1254 2068 conabatur,
1305 2016 1494 2072 parum
1551 2002 1728 2057 solide
1784 2015 1816 2057 a

170 2090 253 2131 me
293 2077 487 2146 negari
513 2116 528 2140 ,
588 2074 886 2144 quodpiam
932 2074 1245 2146 Chronicon
1272 2087 1323 2146 Aa
1372 2075 1436 2130 S.
1478 2074 1637 2146 Datio
1670 2073 1814 2129 scri-

172 2154 321 2216 ptum
349 2144 578 2216 {neque
608 2146 753 2201 enim
779 2146 906 2215 quia
937 2145 990 2200 in
1019 2144 1327 2215 Landulphi
1360 2146 1597 2216 Historia
1627 2145 1817 2213 legun-

166 2214 254 2273 tur
293 2232 424 2289 quae
482 2214 513 2273 εἰ
568 2218 708 2272 Datii
747 2214 1022 2289 Chronico
1060 2231 1120 2289 se
1179 2214 1537 2289 exscripsisse
1575 2214 1818 2289 fatentur

165 2286 449 2355 nonnulli,
508 2290 773 2345 continuo
825 2287 1170 2343 inferendum
1222 2288 1473 2344 eumdem
1514 2301 1636 2342 cum
1676 2286 1816 2341 Datii

163 2359 278 2416 fetu
310 2374 440 2417 esse
478 2358 785 2428 Landulphi
818 2359 1037 2413 librum.
1076 2360 1196 2414 Non
1236 2368 1449 2413 exstare
1489 2358 1710 2427 quidem
1742 2356 1819 2412 fa-

160 2433 399 2488 tebatur
454 2430 546 2484 ille
600 2429 884 2485 historiam
937 2444 967 2483 a
1014 2431 1068 2484 S.
1118 2431 1274 2484 Datio
1313 2429 1717 2499 conscriptam;
1764 2432 1821 2483 at

156 2503 455 2559 exstitisse
492 2505 586 2556 aut
615 2501 849 2555 existere
887 2499 1017 2555 olim
1051 2500 1315 2569 potuisse,
1349 2514 1509 2570 quam
1560 2501 1614 2554 in
1662 2513 1818 2555 suum

154 2588 309 2644 opus
332 2571 600 2644 derivarit
616 2571 1001 2644 Landulphus.
1027 2571 1378 2644 Puriceilium
1406 2585 1634 2627 censere
1652 2572 1818 2644 alium

153 2640 567 2712 a‘Landulpho
606 2640 775 2698 fuisse
834 2640 1066 2707 Datium,
1121 2649 1177 2698 et
1234 2642 1379 2698 hunc
1418 2649 1543 2713 post
1582 2643 1820 2698 medium

158 2715 439 2772 saeculum
477 2727 509 2768 a
537 2713 757 2769 Christo
790 2719 918 2769 nato
945 2714 1293 2770 undecimum
1322 2716 1648 2784 scripsisse;
1682 2716 1821 2769 Lan-

157 2786 442 2857 dulphum
471 2798 598 2857 vero
630 2785 750 2854 ejus
780 2786 1043 2855 aequalem
1084 2785 1277 2841 eodem
1328 2794 1575 2856 tempore
1622 2785 1822 2840 similia

159 2856 370 2914 litteris
402 2856 712 2911 mandasse.
751 2858 919 2911 Porro
958 2856 1227 2912 diversam
1266 2872 1298 2912 a
1346 2857 1610 2927 postremi
1660 2857 1823 2926 hujus

162 2931 301 2985 Datii
330 2927 616 2984 Chronico
647 2941 768 2983 esse
798 2927 1106 2997 Landulphi
1138 2929 1455 2991 Historiam,
1489 2928 1617 2983 inde
1646 2942 1825 2998 appa-

161 3015 286 3058 rere
310 2999 471 3070 quod
489 2997 833 3055 Gualvaneus
853 2999 1107 3064 Flamma,
1131 3000 1327 3055 Corius
1347 3000 1655 3055 etAlciatus
1674 3013 1826 3068 qum-

1897 1857 2005 1916 t'am
2065 1872 2229 1930 supra
2290 1857 2613 1930 millesimum
2640 1899 2655 1924 ,
2714 1874 2842 1915 suas
2899 1857 3219 1930 perduxerit
3276 1857 3546 1919 Historias

1897 1932 2027 1997 imo,
2061 1929 2141 1986 ut’
2160 1930 2254 1984 ille
2284 1930 2401 1999 ipse
2432 1929 2665 1985 affirmat
2694 1945 2815 2001 cap.
2849 1929 2920 1985 39
2949 1934 3174 1989 Dissert.
3208 1935 3422 2001 Nazar.,
3454 1949 3546 1990 us-

1897 2018 2004 2074 que
2029 2003 2098 2057 ad
2123 2002 2409 2075 liberatum
2440 2016 2471 2056 a
2490 2002 2737 2075 Roberto
2766 2004 3067 2060 Guiscardo
3086 2008 3409 2075 Gregorium
3432 2007 3541 2072 νη,

1898 2072 2003 2130 hoc
2042 2079 2127 2130 est
2164 2073 2230 2128 ad
2281 2086 2483 2128 annum
2529 2072 2684 2140 1084,
2726 2088 2837 2142 quo
2874 2076 3069 2132 eodem
3109 2072 3358 2142 tempore
3398 2079 3549 2133 Lan-

1896 2145 2138 2214 dulphus
2197 2151 2253 2198 et
2306 2145 2524 2198 vivebat
2583 2150 2638 2199 et
2694 2146 2990 2201 scribebat.
3032 2145 3305 2215 Secundo,
3347 2151 3544 2204 mirum

1894 2217 2069 2272 videri
2110 2221 2293 2283 potest
2343 2228 2467 2289 cur
2499 2215 2861 2289 Cualveneus,
2916 2223 2972 2272 et
3025 2218 3138 2285 alii,
3198 2222 3290 2288 qui
3331 2234 3548 2289 praece-

1897 2289 2094 2343 dentes
2130 2300 2244 2341 sum
2274 2285 2427 2340 urbis
2456 2285 2717 2341 historias
2743 2287 2979 2343 sollicite
3020 2285 3460 2358 conquisier'unt,
3492 2298 3549 2346 et

1900 2358 2098 2431 multas
2136 2359 2300 2431 etiam
2339 2358 2871 2431 exiiisumemorant
2919 2373 3057 2429 quas
3111 2374 3258 2415 nunc
3315 2363 3545 2431 periisse

1900 2428 2172 2495 dolemus,
2206 2429 2368 2483 unius
2405 2428 2549 2484 Datii
2588 2430 2923 2501 mentionem
2964 2436 3074 2486 tam
3110 2446 3261 2501 saepe
3289 2428 3544 2500 fecerint,

1899 2502 2104 2574 nullam
2142 2515 2272 2556 vero
2313 2513 2551 2570 unquam
2590 2500 2903 2572 Landulphi,
2965 2517 3089 2570 cum
3148 2500 3327 2560 tamen
3385 2504 3548 2574 hujus

1900 2573 2213 2646 Chronicon
2267 2585 2457 2626 eorum
2496 2585 2611 2627 aevo
2669 2573 2973 2646 certissime
3028 2582 3287 2643 exstaret,
3343 2573 3550 2646 quippe

1901 2644 1969 2699 ad
2018 2650 2209 2699 nostra
2247 2656 2420 2712 usque
2468 2650 2715 2712 tempora
2752 2645 2808 2699 in
2856 2644 3046 2701 eadem
3095 2647 3229 2702 urbe
3276 2644 3549 2703 servatum

1903 2718 1959 2771 in
2026 2714 2243 2770 duobus
2306 2715 2498 2787 saltem
2565 2715 2988 2787 exemplaribus,
3055 2718 3234 2787 iisque
3300 2720 3551 2784 vetustis,

1901 2789 2104 2843 Contra
2131 2799 2263 2840 vero
2290 2799 2413 2840 cum
2450 2786 2792 2841 Gualveneus
2828 2785 3062 2843 affirmat
3108 2785 3400 2844 Mediolani
3432 2802 3553 2846 avo

1902 2872 2004 2914 suo
2036 2870 2147 2912 non
2171 2870 2338 2930 unum
2357 2857 2643 2930 exstitisse
2663 2857 2904 2913 Chronici
2922 2860 3141 2915 Datiani
3169 2861 3468 2930 exemplar,
3500 2866 3557 2917 et

1902 2930 2074 2993 Corii,
2142 2935 2196 2983 et
2251 2928 2447 2982 Alciati
2494 2942 2716 3002 quoque
2772 2936 2935 3002 ietate
2975 2931 3185 3002 eadem
3224 2928 3556 3002 exemplaria

1903 3005 2279 3070 superessent,
2314 3012 2541 3053 necesse
2573 3007 2657 3054 est
2688 2999 2741 3053 in
2770 3000 3049 3056 Puricellii
3078 3004 3351 3058 sententia
3373 2999 3557 3059 omnia

162 3069 661 3152 dam-e_C_hro_n_ico
692 3070 831 3152 Datii
861 3084 921 3152 se
951 3069 1202 3152 hausisse
1213 3071 1408 3152 dicant
1427 3076 1763 3152 quantamen
1793 3084 1824 3125 a
1845 3069 1997 3152 Cilla
2029 3071 2184 3152 brevi
2219 3071 2502 3152 temporis.
2522 3071 2716 3152 spatio
2742 3071 3033 3152 excidisse,
3077 3076 3377 3152 superstite
3399 3076 3557 3152 inte:

163 3142 484 3213 Landulphi
525 3141 681 3197 libris
717 3142 918 3196 absunt
945 3148 1040 3196 aut
1069 3143 1125 3197 in
1154 3142 1277 3197 aliis
1305 3142 1446 3197 alter
1484 3141 1817 3197 referuntur.

229 3217 368 3271 Haec
400 3214 522 3269 ille.
554 3214 749 3269 Verum
784 3214 840 3268 P.
874 3213 1173 3280 Eustachii,
1207 3227 1515 3283 quanquam
1565 3213 1818 3279 subirati,

158 3292 493 3358 argumenta
531 3284 599 3339 ad
639 3284 1083 3358 respondendum
1122 3286 1441 3358 pertrahere
1466 3298 1592 3358 non
1625 3291 1822 3358 potue-

158 3356 284 3413 runt
343 3371 439 3413 me
484 3363 614 3412 tunc
653 3356 778 3412 aliis
813 3356 1271 3425 occupationibus
1308 3356 1616 3425 studiisque
1655 3357 1823 3425 impe-

160 3429 357 3485 ditum.
408 3430 481 3483 Et
519 3426 749 3484 fortasse
789 3428 1112 3497 contigisset
1151 3428 1283 3483 mihi
1322 3435 1416 3483 aut
1447 3429 1596 3483 litem
1636 3428 1824 3496 hujus—

158 3500 305 3556 modi
338 3498 689 3557 luculentius
735 3498 1016 3565 dirimere,
1074 3505 1170 3553 aut
1225 3500 1398 3568 ipsam
1454 3513 1485 3553 a
1543 3497 1825 3554 nonnullis

158 3572 426 3639 liberare,
482 3585 605 3641 quae
636 3570 717 3626 vel
750 3568 883 3625 falsa
921 3570 1006 3625 vel
1036 3569 1203 3624 dubia
1246 3576 1398 3639 puto,
1432 3570 1561 3624 dum
1590 3570 1723 3641 olim
1751 3568 1821 3641 ad

156 3639 587 3700 Ambrosianam
644 3641 1033 3697 bibliothecam
1077 3641 1374 3697 advocatus
1403 3640 1694 3696 Mediolani
1734 3639 1825 3694 de-

154 3716 371 3786 gebam.
408 3716 581 3770 Nunc
611 3713 743 3769 mihi
775 3727 806 3768 a
834 3712 1309 3786 charissimauilla
1345 3716 1407 3786 et_
1438 3711 1826 3786 _sple_ndidissi-

158 3782 239 3842 ina
278 3787 427 3842 urbe
482 3792 693 3841 remoto
725 3798 835 3841 non
875 3798 1033 3855 teque
1080 3782 1240 3839 facile
1280 3783 1348 3839 de
1394 3783 1482 3855 his
1519 3783 1823 3852 disputare.

156 3861 413 3914 Attamen
455 3857 652 3928 aliqua
709 3858 765 3912 in
812 3856 935 3928 hoc
966 3862 1344 3928 argumentum
1374 3854 1634 3928 lectores
1671 3868 1701 3909 a
1741 3866 1826 3908 me

156 3931 477 4000 accipiant,
511 3926 637 4000 qua:
667 3942 895 3998 prorsus
926 3927 1160 3993 inutilia,
1183 3927 1252 4000 si
1274 3926 1506 4000 ominari
1530 3926 1680 3991 licet,
1715 3937 1825 3981 non

157 3998 544 4058 videbuntur;
569 4000 751 4055 Primo
791 3999 958 4070 igitur
985 4003 1093 4053 stat
1123 3998 1255 4053 mihi
1295 3998 1469 4053 evinci
1504 4011 1613 4052 non
1663 4010 1826 4070 posse

160 4080 420 4129 sanctum
464 4072 683 4128 Datium
724 4068 1184 4126 Mediolanensem
1223 4070 1699 4139 archiepiscopum
1729 4068 1831 4124 ali-

161 4147 321 4215 cujus
351 4143 937 4215 chroniciauctorem
987 4141 1173 4215 fuisse.
1226 4141 1736 4215 PaulnsDiaconus
1773 4145 1829 4195 et

163 4212 498 4273 Anastasius
528 4214 989 4270 Bibliothecarius
1006 4213 1113 4268 hoc
1135 4226 1300 4268 unum
1324 4212 1593 4277 scribunt,
1616 4212 1827 4267 Datium

157 4287 640 4344 Mediolanensem
670 4286 970 4341 antistitem
1002 4284 1255 4340 retulisse
1289 4284 1545 4354 (fortasse
1572 4298 1670 4354 per
1700 4284 1825 4352 epi-

160 4359 381 4428 stolam)
416 4360 493 4415 ab
525 4358 665 4428 ipsis
701 4358 967 4412 matribus
993 4363 1181 4412 vorata
1210 4355 1443 4411 filiorum
1476 4356 1737 4428 membra,
1756 4360 1830 4428 qut

1904 3140 2382 3216 rimiLandulpho,
2416 3142 2576 3216 cujus
2603 3142 2807 3197 nullam
2832 3144 3121 3216 rationem,
3147 3140 3214 3200 ut
3245 3145 3554 3216 ipseiateri

1903 3214 2141 3296 cogitur,
2173 3212 2749 3296 antiquiuhabuerant.
2765 3214 3001 3296 "Utique
3039 3230 3253 3296 mecum
3269 3212 3557 3296 '_fa_tebitur

1902 3283 2137 3356 quisque
2160 3283 2511 3340 verisimilius
2540 3299 2661 3340 esse
2686 3285 2833 3340 nulla
2862 3283 3072 3341 Datiani
3092 3288 3351 3342 Chronici
3373 3302 3555 3343 exem-

1904 3358 2077 3427 plaria
2107 3356 2359 3425 periisse,
2392 3356 2521 3424 quia
2550 3356 2699 3427 nulla
2747 3369 2985 3425 unquam
3034 3356 3297 3423 fuerunt;
3340 3364 3553 3413 servata

1903 3426 2033 3483 vero
2058 3426 2736 3497 Landulphiexemplaria,
2751 3427 2881 3495 quia
2902 3427 3020 3481 haec
3040 3429 3551 3497 semperexstitere,

1904 3512 2077 3568 eaque
2108 3497 2210 3551 sub
2232 3496 2884 3568 Datiiitantuminomine
2923 3497 3054 3551 olim
3094 3496 3479 3555 laudabautur.

1978 3566 2184 3634 Tertio,
2226 3567 2281 3621 in
2324 3567 2495 3637 priori
2526 3566 2720 3636 pagina
2743 3567 2953 3621 codicis
2990 3568 3308 3624 vetustioris
3345 3575 3554 3624 metro-

1907 3640 2168 3710 politanm
2226 3637 2601 3710 bibliothecae,
2664 3636 2757 3692 ubi
2804 3638 3123 3710 Landulphi
3176 3645 3232 3694 et
3287 3640 3557 3709 Arnulphi

1908 3708 2165 3766 Historia:
2227 3709 2526 3782 habentur,
2561 3708 2650 3782 hic
2711 3709 2923 3782 titulus?
2958 3710 3259 3782 inscriptus
3316 3708 3551 3782 legitur:

1907 3782 2167 3839 Chronica
2195 3780 2341 3836 Datii
2379 3779 2756 3851 archiepiscopi
2790 3779 3093 3851 iMedioiani
3138 3783 3236 3836 mei
3284 3779 3560 3838 Francisci

1907 3851 2122 3910 Castalii
2182 3853 2244 3909 S.
2306 3849 2593 3908 Mediolan.
2673 3849 2818 3907 Eccl.
2878 3851 3135 3907 ordinarii
3208 3855 3554 3910 MDLXXV.

1907 3925 2078 3980 Viden
2120 3929 2180 3979 ut
2217 3925 2272 3978 in
2312 3936 2378 3978 eo
2417 3921 2587 3977 “titulo
2613 3923 2944 3992 apponendo
2997 3924 3195 3979 errarit
3234 3927 3559 3981 Franciscus

1906 3995 2195 4060 Castellus,
2263 3996 2347 4049 vir
2382 3993 2627 4063 alioquin
2686 3996 2973 4050 eruditus:
3035 4009 3157 4051 nam
3217 3997 3284 4052 ad
3344 3999 3558 4054 Datium

1908 4068 2130 4138 quidem
2162 4066 2475 4138 quempiam
2517 4063 2710 4138 referri
2750 4067 2930 4136 potuit
2966 4067 3281 4124 Chronicon
3312 4069 3470 4136 illud,
3502 4076 3560 4125 at

1908 4136 2188 4208 nunquam
2240 4136 2487 4207 profecto
2526 4136 2594 4191 ad
2653 4138 2865 4193 Datium
2927 4140 3227 4195 antistitem
3288 4141 3554 4197 Mediola-

1907 4224 2155 4275 nensem,
2188 4210 2283 4279 qui
2314 4216 2396 4265 tot
2424 4208 2645 4264 saeculis
2674 4218 2799 4278 post
2828 4217 3056 4265 mortem
3083 4226 3234 4265 suam
3272 4218 3415 4277 acta,
3450 4212 3555 4267 nisi

1910 4282 2179 4354 propheta
2218 4280 2403 4347 fuerit,
2462 4281 2664 4334 litteris
2701 4282 3027 4354 consignare
3068 4283 3554 4354 nequivit._Atque

1911 4351 2040 4410 hinc
2078 4354 2292 4408 discere
2333 4365 2623 4422 possumus
2673 4352 2953 4405 censuisse
3003 4352 3297 4407 Castellum
3332 4351 3556 4422 (eodem

158 4426 291 4484 fami
330 4422 730 4486 consuleretur
758 4443 882 4499 quae
913 4442 976 4484 ea
997 4433 1320 4497 tempestate
1350 4427 1609 4482 Insubres
1632 4426 1827 4482 crude-
1846 4425 2120 4499 Dsaeculo
2151 4438 2261 4499 quo
2291 4424 2586 4499 Coriuset
2608 4422 2869 4499 Alciatus,
2912 4423 3223 4499 vivep_tem,_
3244 4436 3558 4492 quanquam

160 4500 374 4558 lissime
420 4501 742 4559 divexabat.
785 4500 1106 4569 Quicunque
1153 4505 1332 4553 autem
1364 4513 1394 4553 e
1426 4499 1829 4569 recentioribus

161 4573 471 4628 Chronicon
502 4572 651 4628 Datii
701 4568 1033 4637 laudarunt,’
1070 4582 1182 4625 non
1222 4569 1446 4624 laudant
1483 4583 1514 4623 a
1561 4570 1616 4624 S.
1676 4568 1833 4624 Datio

160 4644 610 4715 archiepiscopo
651 4643 1023 4715 elucubratam
1055 4641 1340 4715 historiam
1380 4641 1709 4715 quampiam,
1736 4638 1832 4694 sed

163 4710 397 4784 quidem
466 4710 597 4786 quae
637 4722 731 4770 aut
767 4715 838 4770 ab
876 4712 1243 4786 alteroDatio
1296 4713 1622 4786 concinnata
1650 4710 1838 4786 fuerat

162 4783 288 4856 post
318 4783 581 4842 medium
633 4786 895 4841 saeculum
935 4799 965 4840 a
1020 4785 1238 4856 Christo
1278 4790 1405 4839 nato
1462 4783 1834 4856 undecimum,

161 4854 256 4914 aut
296 4859 409 4927 sub
444 4861 575 4927 ejus
613 4858 834 4913 nomine
865 4854 1371 4912 circumferebatur.
1405 4856 1471 4910 Et
1500 4855 1554 4910 id
1589 4854 1837 4925 profecto

162 4930 560 5001 exploratum,
592 4943 715 4985 cum
741 4930 1002 4999 pleraque
1024 4927 1311 5001 desumpta
1333 4942 1362 5001 e
1388 4927 1546 5001 Datii
1561 4927 1837 4982 Chronico

164 4998 248 5056 iu'
280 5007 556 5072 tempora
594 4998 1353 5072 congruant’archiepiscopi
1378 5069 1387 5072 _
1411 4998 1548 5072 Datii
1606 5003 1837 5072 mortem

162 5073 331 5143 plane
394 5068 728 5143 subsecuta:
773 5073 904 5140 Quae
962 5068 1153 5126 autem
1183 5069 1539 5143 Landulphus
1568 5083 1623 5143 _e
1682 5068 1838 5143 Datio

160 5140 417 5216 episcopo
462 5142 661 5210 refert,
682 5143 757 5216 ab
789 5148 1014 5199 auctore
1054 5143 1108 5197 in
1148 5141 1272 5196 aliis
1307 5141 1477 5196 infido
1510 5140 1837 5211 procedunt,

159 5213 218 5272 u't
247 5213 634 5287 acquiescere
672 5213 851 5287 eidem
904 5221 1023 5287 tuto
1071 5226 1424 5287 nequeamus.
1451 5215 1533 5287 _Ac
1574 5219 1842 5287 praeterea

159 5282 439 5357 opinatur
491 5286 823 5342 Puricellius
876 5286 1103 5357 episcopi
1158 5297 1357 5357 nomen
1417 5284 1485 5357 ab
1523 5282 1841 5357 amanuensi

161 5354 380 5415 temere
416 5364 641 5430 praeter
668 5354 974 5430 Landulphi
1003 5354 1240 5430 mentem
1263 5356 1342 5430 iis_
1363 5356 1656 5430 capitibus,
1678 5354 1841 5412 addi-

157 5436 275 5487 tum
308 5426 729 5499 tuisIse.Certe
767 5444 837 5486 ne
882 5426 1012 5499 ipse
1050 5427 1271 5499 quidem
1298 5426 1676 5499 _Landulphus
1719 5439 1842 5483 cum

160 5502 389 5559 Datium
423 5497 930 5572 archiepiscopum
946 5497 1232 5567 memorat,
1263 5497 1500 5571 aliquam
1530 5497 1707 5556 eidem
1737 5499 1842 5555 tri-

158 5572 285 5633 buit
327 5572 664 5632 historiam.

227 5643 524 5703 Succedit
565 5641 843 5702 Purieellil
883 5643 1153 5701 sententia
1213 5641 1457 5715 putantls
1494 5641 1689 5698 eodem
1746 5655 1845 5698 sie-

1911 4493 2219 4568 juniorem)
2272 4508 2387 4568 non
2440 4493 2589 4568 aliud
2644 4507 2767 4568 esse
2825 4494 2966 4548 Datii
3023 4494 3558 4568 Chroniconiquam

1916 4566 2226 4636 Landulphi
2268 4566 2581 4620 Historiam.
2640 4567 2773 4621 Nam
2829 4579 3139 4635 quanquam
3178 4566 3563 4621 vetustissimis

1916 4638 2330 4696 characterihus
2362 4636 2527 4706 (quod
2568 4637 2624 4691 in
2664 4637 2858 4706 primis
2887 4637 3426 4692 animadvertendum
3459 4638 3561 4699 est)

1919 4712 1973 4766 in
2006 4710 2156 4765 calce
2188 4709 2399 4764 codicis
2430 4709 2838 4777 metropolitani
2868 4709 3137 4777 scriptum,
3163 4710 3235 4763 sit
3261 4727 3272 4763 :
3330 4708 3561 4777 Expiicit

1918 4782 2049 4838 iiber
2110 4780 2461 4836 Historiarum
2519 4778 2814 4849 Landulphi
2868 4779 3293 4851 historiographi,
3354 4778 3563 4835 nihilo-

1921 4855 2101 4910 minus
2138 4853 2258 4908 haec
2302 4853 2377 4907 nil
2419 4851 2683 4907 obstitere
2715 4852 3010 4919 quominus
3039 4852 3194 4907 Datio
3232 4865 3348 4906 eam
3382 4852 3565 4907 Histo-

1921 4926 2059 4981 riam
2095 4922 2367 4980 Castellus
2396 4923 2747 4989 inscriberet,
2780 4923 2985 4992 quippe
3015 4924 3110 4992 qui
3142 4923 3315 4992 probe
3354 4929 3564 4990 nosset,

1921 5011 2045 5053 cum
2073 5002 2287 5051 veteres
2317 4994 2560 5050 Chronici
2588 4993 2803 5048 Datiaai
2832 4993 3164 5049 mentionem
3190 4993 3418 5061 faciunt,
3451 5006 3561 5050 non

1922 5069 1990 5124 de
2019 5068 2125 5123 alia
2154 5081 2316 5137 quam
2345 5066 2415 5121 de
2445 5065 2823 5137 Landulphina
2857 5066 3095 5121 Historia
3123 5080 3305 5136 agere.
3338 5066 3575 5121 Accedit

1923 5139 2071 5211 quod
2105 5136 2185 5194 in’
2210 5140 2328 5208 ipsa
2373 5136 2699 5211 Prmfatioue
2738 5144 2933 5211 auctor
2969 5137 3226 5192 Chronici
3251 5151 3334 5211 ise
3362 5137 3565 5211 prodit

1922 5207 2205 5268 scribens:
2230 5207 2291 5265 L.
2319 5210 2544 5264 omnium
2570 5209 2808 5263 minimus
2828 5226 2845 5273 ;
2868 5208 2973 5264 hoc
2994 5216 3096 5275 est,
3117 5207 3476 5279 Landulphum
3504 5220 3564 5264 se

1924 5284 2130 5339 diserte
2152 5281 2405 5337 inscribit
2424 5280 2682 5337 Chronici
2704 5279 2868 5347 hujus
2887 5288 3189 5347 auctorem,
3204 5280 3352 5350 quod
3377 5284 3568 5350 postea

1923 5354 2069 5427 apud
2108 5353 2544 5427 Mediolanenses
2569 5351 2912 5427 appeliatum
2951 5360 3034 5407 est
3071 5352 3363 5427 Chronicon
3398 5352 3564 5427 patii.

1995 5427 2218 5494 Quarto,
2260 5424 2409 5495 quod
2449 5438 2534 5479 me
2565 5425 2619 5478 in
2669 5423 2931 5493 opinione
2978 5437 3097 5480 mea
3140 5437 3208 5480 eo
3238 5423 3363 5494 plus
3390 5423 3571 5480 firma~

1925 5497 2002 5554 vit
2021 5511 2085 5554 ac
2115 5496 2313 5563 firmat,
2354 5495 2491 5552 illud
2523 5501 2643 5551 est:
2684 5496 3023 5552 Gualvaneus
3070 5495 3307 5552 Flamma
3336 5496 3393 5551 in
3428 5508 3573 5552 enu-

1926 5569 2204 5628 merandis
2270 5567 2427 5624 libris
2490 5566 2635 5623 unde
2702 5581 2855 5625 suam
2914 5568 3199 5625 contexuit
3253 5568 3572 5634 Historiam,

1926 5642 2073 5698 inter
2100 5640 2239 5698 alios
2282 5638 2448 5695 refert
2478 5639 2790 5697 Chronicon
2832 5642 2970 5697 Datii
3019 5640 3106 5697 his
3143 5640 3360 5698 verbis:
3412 5640 3574 5697 Chro-
