4022 6160
473 259 579 311 8Ιῦ

1561 254 1884 308 LANDL'LFI
1925 254 2456 310 MEDIOLANENSIS
2492 254 2756 309 CLERICI

3746 250 3844 303 816

468 385 588 438 nica
619 380 765 437 Datii
808 386 855 434 et
902 378 1177 451 Arnulphi.
1227 380 1286 434 ln
1326 378 1543 451 duobus
1579 378 2511 451 autem!,metropoli-Atribuenda.
2573 380 2843 451 Caeterum
2882 376 3018 434 nihil
3060 382 3146 451 est
3201 390 3231 430 e
3270 374 3564 451 ‘Chronico
3622 376 3768 451 Datii
3793 392 3843 451 _a

477 464 617 510 tante
665 450 1018 508 bibliothecae
1065 449 1293 507 vetustis
1346 449 1633 505 codicibus
1685 449 1919 506 vidimus
1972 463 2111 506 con-

467 528 689 595 junctas
711 523 871 579 simul
922 523 1112 578 haberi
1160 535 1283 595 cum
1322 520 1661 595 Landulphi,
1692 527 1806 576 tum
1843 521 2112 595 Arnulphi

473 592 765 662 Historias,
818 595 1070 650 nimirum
1129 593 1274 662 apud
1312 600 1526 649 veteres
1580 592 1843 662 subsequi
1898 594 2114 649 solebat

470 668 831 737 Arnulphus.‘
872 666 971 732 Qui
1010 678 1143 735 ergo
1195 664 1326 719 hinc
1374 677 1484 720 non
1542 665 1910 737 intelligamus
1966 665 2110 720 idem

470 735 778 795 Gualvaneo
809 735 975 791 fuisse
1013 738 1303 793 Chronicon
1329 737 1476 790 Datii
1512 750 1577 790 ac
1615 736 1777 792 nobis
1821 736 2111 791 Chronicon

471 808 811 879 Landulphi?
863 810 973 879 Cur
1024 820 1153 879 vero
1201 807 1506 876 Landulphi
1546 808 1791 879 Historia
1820 807 1923 861 sub
1972 807 2111 862 Datii

473 877 692 937 nomine
757 878 976 934 laudata
1038 877 1223 943 fuerit,
1280 879 1500 947 assequi
1557 881 1726 934 certis
1763 878 2110 934 documentis

473 953 779 1020 nequimus.
801 951 990 1018 Neque
1010 950 1101 1005 hic
1126 949 1513 1015 insudandum,
1536 964 1658 1005 cum
1686 949 1897 1019 reliqua
1927 951 2108 1005 omnia

469 1024 539 1078 ad
568 1024 625 1077 id
662 1024 1011 1077 statuendum
1054 1021 1351 1085 conﬂuant,
1386 1035 1581 1090 nempe
1622 1022 1918 1076 Historiam
1967 1021 2109 1076 hanc

469 1093 776 1162 Landulphi
824 1092 1066 1162 antiquis
1114 1094 1389 1163 cognitam
1428 1101 1891 1162 memoratamque
1938 1091 2107 1148 fuisse

466 1166 569 1220 sub
608 1165 748 1220 Datii
782 1165 1025 1229 nomine,
1058 1178 1234 1234 neque
1282 1177 1652 1220 necessarium
1699 1177 1820 1219 esse
1863 1163 2028 1219 alium
2074 1178 2107 1219 a

465 1234 787 1306 Landulpho
843 1237 1156 1306 excogitare
1211 1236 1422 1291 Datium
1473 1236 1523 1290 ei
1561 1235 1952 1305 synchronum,
1994 1249 2105 1305 quo

467 1307 707 1373 tandem,
748 1307 941 1362 relicta
980 1308 1152 1377 priori
1189 1307 1482 1374 sententia,
1513 1321 1573 1363 se
1604 1307 1851 1376 recipere
1880 1316 2106 1363 coactus

465 1386 549 1433 cst
577 1380 636 1434 P.
673 1379 1017 1433 Eustachius.

532 1453 620 1519 At,
653 1450 910 1518 inquiunt
942 1449 1266 1506 Puricellius
1308 1456 1365 1505 et
1416 1448 1560 1505 idem
1617 1450 1676 1504 P.
1737 1448 2098 1504 Eustachius:

464 1522 794 1587 Gualvaneo,
825 1523 989 1577 Corio
1021 1531 1077 1577 et
1112 1522 1324 1577 Alciato
1354 1520 1615 1576 nonnulla
1654 1520 2034 1590 producuntur
2072 1534 2102 1575 e

461 1592 601 1647 Datii
640 1592 936 1659 Chronico,
997 1608 1121 1662 quae
1176 1606 1322 1648 nunc
1386 1593 1443 1647 in
1500 1593 1739 1648 Historia
1794 1591 2102 1660 Landulphi

460 1672 556 1733 aut
582 1662 784 1718 frustra
812 1675 1138 1732 quaeruntur
1165 1671 1259 1719 aut
1286 1663 1446 1718 aliter
1475 1662 1822 1718 exhibentur.
1846 1664 1989 1733 Ergo
2021 1664 2105 1717 inv

461 1732 645 1788 ferunt
663 1736 823 1789 aliam
844 1750 874 1789 a
896 1736 1274 1805 Landulphina
1294 1734 1460 1790 fuisse
1482 1735 1760 1789 Datianam
1783 1732 2097 1789 llistOriam.

458 1806 642 1861 Prima
669 1806 850 1861 fronte
882 1819 992 1861 non
1022 1807 1218 1876 injuria
1245 1820 1398 1862 sane.
1431 1807 1537 1861 Sed
1566 1806 2103 1861 animadvertendum

464 1878 641 1945 primo
675 1891 845 1947 pauca
876 1877 994 1933 loca
1027 1879 1140 1944 illa,
1182 1892 1304 1947 quae
1344 1880 1403 1934 P.
1457 1878 1780 1932 Eustachius
1828 1877 2003 1943 aliert,
2046 1884 2106 1931 ut

460 1948 603 2003 hanc
618 1948 987 2004 diversitatem
1011 1950 1287 2016 ostendat,
1302 1962 1411 2005 non
1435 1949 1686 2004 omniase
1708 1955 1856 2004 recte
1879 1948 2100 2003 habere.

532 2020 739 2077 Deinde
767 2021 1074 2076 Gualvanco
1114 2021 1255 2075 hanc
1292 2021 1659 2075 diversitatem
1696 2034 1818 2076 esse
1859 2020 2104 2074 tribuen-

459 2090 606 2157 dam,
646 2092 743 2160 qui
771 2099 866 2146 aut
891 2091 1188 2160 ampliﬁcat
1216 2105 1283 2146 ex
1320 2090 1445 2146 aliis
1473 2090 1741 2158 historiis,
1792 2097 1888 2146 aut
1925 2091 1994 2146 de
2025 2092 2105 2145 in-

459 2163 623 2232 genio
662 2170 718 2217 et
764 2162 1076 2218 eruditione
1126 2176 1223 2218 sua
1280 2162 1518 2231 explicat
1572 2162 1881 2231 Landulphi
1919 2176 2098 2218 sensa.

459 2233 704 2302 Denique
736 2232 904 2289 fuisse
944 2235 1094 2300 olim,
1135 2241 1191 2289 et
1217 2233 1398 2289 adhuc
1435 2247 1555 2289 esse
1593 2234 1900 2304 Landulphi
1942 2235 2103 2289 unius

457 2304 682 2360 codices
719 2305 865 2360 inter
892 2316 953 2361 se
984 2305 1292 2365 discordes,
1322 2305 1471 2374 quod
1504 2304 1644 2361 forte
1665 2306 1808 2360 idem
1838 2305 2097 2375 scriptor,

457 2381 553 2431 aut
588 2376 729 2431 alius
784 2376 1054 2446 quispiam
1112 2376 1406 2442 addiderit,
1447 2377 1560 2431 sive
1599 2377 1879 2442 minuerit,
1935 2383 2100 2445 atque

454 2447 755 2502 immutarit
787 2449 991 2517 priora.
1033 2448 1325 2503 Mediolani
1364 2448 1484 2502 haec
1516 2449 1698 2503 omnia
1745 2446 1920 2503 fusius
1967 2461 2099 2503 con-

457 2517 671 2573 ﬁrmare
702 2518 914 2574 liceret.
947 2519 1314 2574 Nihilominus
1352 2519 1472 2573 haec
1518 2519 1646 2574 olim
1697 2517 1957 2574 adnotata
1994 2519 2097 2574 ha-

455 2589 581 2645 beo.
613 2590 951 2646 Gualvaneus
1008 2592 1243 2645 Flamma
1279 2591 1335 2644 in
1379 2588 1590 2656 Politia,
1651 2604 1773 2660 cap.
1838 2589 1958 2655 124,
2017 2590 2098 2645 sic

454 2660 657 2716 habet:
725 2661 863 2716 Dicit
921 2662 1176 2718 Chronica
1233 2661 1374 2717 Dalii
1431 2661 1569 2731 quod
1622 2662 1843 2732 Romani
1891 2662 2096 2732 princi-

450 2746 562 2804 pes,
588 2740 721 2798 etc.,
750 2748 908 2804 super
933 2748 1031 2788 sea:
1057 2739 1239 2804 portas
1269 2733 1493 2787 civitatis
1520 2748 1619 2787 sex
1649 2731 1906 2788 altissima
1937 2733 2099 2788 domi-

449 2802 594 2871 cilia,
636 2812 768 2871 etc.,
805 2802 1214 2874 fabricaverunt.
1247 2806 1347 2860 Hic
1375 2805 1434 2858 P.
1474 2803 1800 2859 Eustachius
1841 2825 1854 2859 :
1908 2804 2039 2874 Sex,
2069 2819 2098 2858 e

448 2876 608 2929 Datio
654 2876 945 2946 Mediolani
995 2882 1199 2946 portas,
1247 2884 1322 2940 et,
1379 2890 1537 2945 super
1564 2876 1641 2946 iis
1676 2890 1775 2929 sea:
1830 2873 2096 2931 domicilia

447 2946 609 3017 refert
646 2945 904 3001 Flamma.
945 2945 1022 3001 De
1054 2945 1838 3017 portarumdomiciliorumque
1882 2960 2094 3001 numero

2192 454 2500 511 Gualvaneo
2564 450 2934 519 desumptum,
3002 445 3152 518 quod
3204 446 3392 519 etiam
3425 445 3481 501 in
3539 445 3841 519 Landulphi

2194 523 2490 584 Chronico.
2513 517 2789 578 interdum
2811 517 3036 591 quidem
3056 518 3247 589 paucis
3265 517 3491 582 additis,
3516 518 3839 588 plerumque

2196 611 2324 654 vero
2355 594 2877 666 ipsissimisgverbis,
2903 605 3011 666 non
3041 597 3334 666 occurrat:
3369 604 3495 666 quae
3525 592 3717 666 omnia
3746 604 3840 647 nos

2194 660 2414 725 tandem
2454 678 2521 721 eo
2569 664 2792 719 trahunt
2851 671 2911 719 ut
2966 664 3086 719 sine
3153 661 3498 717 dubitatione
3554 660 3839 717 credamus

2192 739 2438 797 eamdem
2467 736 2634 792 fuisse
2666 735 2810 791 Dalii
2837 743 3002 805 atque
3041 732 3693 805 Landulphigllistoriam.
3730 734 3837 805 Hoc

2190 820 2371 868 autem
2410 807 2721 878 legentibus
2779 803 2956 876 ipsius
2999 803 3837 878 GualvaﬁneiC/zronicon‘majus

2191 882 2436 952 apertius
2467 874 2824 952 patebit,Aubi
2864 885 2971 952 tam
3014 890 3163 952 saepe
3193 874 3418 952 Datiana
3448 876 3696 952 Historia
3726 875 3836 931 lau-

2191 944 2373 1019 datur,
2404 944 2615 1007 et'inde
2646 949 2808 1004 etiam
2835 949 3013 1019 capita
3043 944 3256 1019 integra
3287 945 3563 1019 descripta
3588 944 3835 1019 referun-

2191 1032 2298 1091 tur,
2341 1017 2464 1093 quze
2494 1027 2685 1091 postea
2715 1020 2770 1075 in
2803 1017 3428 1093 Landulphicodicibus
3448 1018 3720 1087 reperias.

2259 1088 2414 1164 Quod
2455 1088 2511 1149 si
2530 1089 3281 1164 Coriusllistor.Mediola_n.
3323 1088 3420 1143 lib.
3453 1097 3619 1164 t-tres
3647 1104 3835 1145 versus

2188 1182 2218 1223 e
2248 1158 2403 1222 Datio
2433 1164 2618 1229 habet,
2660 1163 2754 1232 qui
2783 1162 2927 1232 apud
2968 1160 3347 1232 Landulphum
3398 1173 3507 1215 non
3532 1158 3830 1232 leguntur,

2188 1239 2294 1294 hoc
2324 1237 2488 1293 tribui
2524 1231 2724 1305 potest,
2756 1231 2949 1289 utalia
2980 1231 3544 1305 mittam,_dive_rsitati
3576 1231 3831 1305 codicum

2187 1302 2583 1377 Landulphinae
2642 1305 2919 1377 Historiis.
2978 1302 3305 1377 Puricellius
3355 1302 3410 1377 in
3450 1302 3579 1358 libr.
3622 1303 3703 1358 De
3732 1304 3831 1377 SS.

2185 1374 2412 1436 Arialdo
2436 1386 2492 1434 et
2523 1376 2926 1442 Herlembaldo,
2966 1389 3088 1445 cap.
3129 1374 3220 1438 92,
3261 1374 3449 1429 nescio
3479 1387 3592 1443 quo
3635 1374 3833 1430 codice

2186 1467 2336 1518 usus,
2369 1451 2488 1506 haec
2519 1447 2827 1517 Landulphi
2856 1446 3020 1502 verba
3049 1446 3288 1518 exhibet
3309 1445 3473 1518 eilib.
3508 1461 3548 1511 ι,
3581 1459 3709 1515 cap.
3737 1446 3830 1518 All,

2185 1515 2491 1592 inscripto:
2560 1523 2637 1575 De
2712 1515 3050 1592 monogamia
3100 1515 3460 1592 sacerdotibus
3531 1516 3831 1592 secundum

2185 1586 2474 1650 doctrinam
2512 1594 2576 1647 Β.
2616 1586 2900 1646 Ambrosii.
2940 1587 3167 1644 Sedente
3204 1589 3269 1642 B.
3300 1586 3577 1642 Ambrosio
3626 1591 3832 1656 gratis-

2189 1667 2323 1721 sima
2360 1664 2613 1720 dissensio
2670 1666 2787 1716 orta
2829 1665 2905 1715 est
2960 1674 3139 1714 coram
3193 1656 3478 1729 apostolico
3524 1658 3582 1712 in
3629 1660 3831 1729 synodo

2123 1719 2170 1776 Β
2191 1719 2325 1792 inter
2358 1719 2658 1790 sacerdotes
2694 1746 3046 1801 monogamos,
3085 1735 3135 1784 et
3190 1719 3325 1784 alios
3372 1728 3469 1784 sub
3526 1719 3827 1801 uirginitate

2187 1814 2276 1863 aut
2306 1809 2545 1863 castitate
2600 1799 2861 1872 degentes.
2892 1802 3041 1869 Quod
3079 1799 3625 1873 factum,_apostotfco
3676 1802 3831 1873 impe-

2186 1884 2336 1934 rante
2360 1922 2374 1944 ,
2434 1883 2483 1932 el
2538 1870 2942 1945 aliis'episcopis
2969 1870 3419 1945 consentientibus,
3459 1871 3641 1927 datum
3664 1870 3763 1927 est
3782 1873 3829 1926 in

2176 1942 2377 2019 judicio
2407 1951 2473 2004 Β.
2500 1942 2783 2012 Ambrosii,
2814 1942 2874 2000 ut
2897 1943 3145 2019 quidquid
3181 1944 3283 2019 ipsi
3328 1942 3543 2019 diceret,
3592 1950 3827 1998 sanctum

2187 2012 2235 2075 et
2279 2021 2482 2091 ﬁrmum
2544 2022 2819 2073 teneretur.
2891 2012 2962 2070 At
2997 2012 3091 2091 _B.
3153 2012 3460 2091 Ambrosius
3513 2029 3829 2091 cognoscens

2183 2085 2382 2170 sensus
2403 2091 2883 2170 humanospronos
2940 2085 3012 2169 ad
3050 2085 3389 2170 peccandum,
3428 2086 3662 2167 maxime
3684 2156 3696 2167 ι
3712 2102 3826 2170 pro-

2178 2169 2299 2235 pter
2363 2155 2822 2235 incontinenliant;
2886 2155 3076 2223 sciens,
3139 2155 3363 2235 aliquem
3416 2171 3512 2235 nec
3559 2155 3828 2226 uirginita-

2182 2227 2301 2301 tem,
2344 2241 2451 2290 etc.
2499 2233 2692 2302 Sicque
2733 2230 2929 2296 dicens,
2968 2243 3169 2302 omnem
3207 2227 3582 2302 disseltsionem
3624 2243 3827 2300 compe-

2180 2300 2335 2362 scuit.
2365 2307 2553 2374 Itaque
2591 2300 2763 2358 Grceci
2791 2300 3119 2374 sacerdotes,
3167 2306 3277 2355 etc.
3316 2300 3394 2374 Et
3430 2300 3482 2353 si
3526 2302 3823 2368 contigerit,

2182 2377 2319 2447 quod
2347 2370 2486 2431 uxor
2524 2389 2623 2429 sua
2669 2373 2963 2447 moriat_ur,_
3001 2376 3091 2447 aut
3145 2375 3291 2447 caste
3320 2370 3545 2447 vitant,
3599 2376 3827 2447 tenentes

2179 2441 2548 2513 sacerdotium,
2616 2450 2708 2500 aut
2768 2442 3124 2515 saderdolium
3179 2441 3439 2515 amittunt,
3494 2442 3545 2496 si
3599 2444 3825 2515 amplius

2180 2518 2412 2589 aliquam
2475 2515 2738 2589 mulierem
2796 2513 3083 2589 carnaliter
3149 2514 3500 2581 cognoverint,
3571 2513 3825 2589 etc.'__'l‘u

2181 2584 2372 2646 confer
2410 2603 2580 2659 pauca
2628 2588 2751 2652 ista,
2803 2594 2863 2641 ut
2890 2586 3015 2659 alia
3063 2591 3425 2659 prte_teream,_
3464 2598 3591 2640 cum
3630 2584 3826 2659 codice

2180 2662 2326 2717 unde
2357 2655 2664 2729 Landulphi
2694 2657 2988 2713 Historiam
3008 2670 3136 2729 gnos;
3158 2655 3555 2729 descripsimus
3590 2670 3727 2729 cap.
3763 2656 3821 2710 ll

2178 2733 2276 2788 lib.
2308 2748 2346 2799 ι,
2379 2740 2544 2802 atque
2572 2726 2847 2802 intelliges
2875 2727 3269 2802 Landulphina}
3309 2726 3570 2802 Historia:
3600 2728 3828 2783 codices

2178 2818 2308 2859 mss.
2333 2798 2672 2860 non'omnes
2701 2798 2980 2857 iniisdem
3011 2798 3347 2868 consentire,
3397 2798 3685 2869 multaque
3729 2807 3827 2856 aut

2177 2875 2362 2931 addita
2393 2881 2486 2929 aut
2511 2873 2733 2943 dempta
2762 2870 2949 2928 fuisse.

2250 2949 2479 3016 Insuper
2537 2941 3005 3016 animadvertente
3071 2943 3130 2998 P.
3190 2941 3505 3016 Eustachio,
3574 2942 3829 2999 Andreas

412 3010 552 3110 mea
578 3010 1187 3110 ιοιιμιίμιζ,ιςιιιάιιιριιριιςπιζ
1220 3015 1474 3072 Profecto
1501 3030 1612 3099 vos
1635 3010 1862 3110 illa‘selx
1890 3019 1958 3099 in_
1978 3031 2088 3073 uno
2110 3051 2152 3110 Ο
2174 3010 2417 3110 Alciatus
2441 3018 2496 3110 in
2529 3016 2621 3071 lib.
2655 3018 2729 3071 De
2760 3014 2878 3098 reb.
2920 3016 3092 3110 Patrﬂ
3136 3028 3266 3110 pag.
3322 3013 3440 3076 150,
3494 3021 3827 3110 auctorvest

443 3099 476 3141 e
524 3086 921 3155 Landulphinis
974 3086 1280 3152 codicibus,
1347 3101 1542 3157 nempe
1598 3089 1657 3143 in
1710 3086 2416 3144 Ambrosianaiusanctum
2447 3089 2658 3143 Monam
2689 3088 3007 3156 episcopum
3047 3086 3504 3157 Mediolanensem
3556 3100 3651 3142 vui
3700 3087 3822 3143 Kal.

445 3156 798 3213 bibliothecae
827 3159 1144 3228 exemplari,
1176 3159 1369 3227 deest;
1410 3167 1465 3214 at
1486 3156 1548 3213 in
1596 3159 1770 3227 altero
1810 3167 2085 3229 metr0po-

446 3228 630 3301 litanai
671 3229 1021 3285 bibliothecae
1058 3245 1157 3286 sea:
1186 3238 1360 3300 portae
1399 3237 1808 3286 enumerantur.
1852 3228 2086 3301 Legatur

443 3313 563 3369 cap.
612 3300 659 3365 l,
694 3300 790 3355 lib.
823 3316 882 3356 ιι.
913 3301 1081 3357 Addit
1121 3303 1177 3357 P.
1210 3301 1536 3357 Eustachius
1572 3302 1692 3358 haec
1729 3303 1834 3357 alia
1863 3316 1894 3356 a
1930 3300 2087 3359 Gual-

443 3385 617 3427 vaneo
656 3372 816 3428 subdi
875 3375 1046 3442 petita
1110 3387 1140 3429 e
1208 3374 1402 3430 Datio:
1470 3375 1664 3428 Arcum
1727 3372 2085 3442 triumphalem

442 3450 719 3500 erexerunt
762 3443 1040 3516 (Romani)
1091 3449 1245 3501 extra
1278 3450 1488 3516 portam
1540 3447 1825 3501 Romanam
1877 3443 2083 3514 longum

435 3529 534 3587 per
569 3516 672 3571 duo
700 3515 971 3572 milliaria.
1012 3516 1178 3572 Addit
1215 3515 1284 3571 P.
1308 3515 1632 3572 Eustachius
1670 3517 1725 3572 in
1762 3515 2081 3586 Landulpho

439 3600 613 3656 pauca
638 3587 711 3659 de
741 3588 848 3643 isto
885 3602 1017 3659 arcu
1054 3588 1267 3654 haberi,
1309 3595 1364 3644 et
1392 3587 1529 3643 nihil
1569 3587 1639 3643 de
1687 3589 1807 3658 ejus
1843 3588 2083 3659 longitu-

439 3658 568 3713 dine
596 3656 876 3715 afﬁrmari.
907 3658 987 3715 Ad
1026 3673 1150 3715 eum
1189 3659 1367 3715 locum
1407 3659 1514 3729 legi
1554 3656 1797 3729 egoms.
1830 3656 2080 3715 codicem

436 3730 727 3800 Gualvanei
757 3732 814 3785 in
843 3732 1199 3786 Ambrosiana
1236 3738 1590 3797 asservatum,
1641 3744 1820 3800 neque
1868 3732 2077 3786 Datium

439 3799 550 3854 vidi
589 3806 783 3855 testem
844 3802 959 3856 illic
1024 3802 1297 3868 adhiberi,
1345 3802 1444 3858 sed
1501 3799 1746 3871 quidem
1789 3801 2081 3857 Chronicon

440 3870 777 3939 Campanum.
837 3874 974 3927 Sunt
1028 3873 1319 3929 Gualvanei
1377 3870 1575 3928 verba:
1611 3874 1677 3927 Et
1735 3871 1858 3927 dicit
1917 3873 2079 3929 Chro-

435 3940 875 4026 nicacampa'na,
914 3943 1051 4013 quod
1104 3944 1412 4026 istenarcu‘s
1443 3943 1558 4026 fuit.
1833 3957 1954 4026 per“
1975 3943 2076 4026 duo

436 4010 725 4067 milliariaI
770 4010 980 4069 Rursus
1033 4027 1155 4084 cap.
1196 4014 1303 4068 690
1357 4010 1617 4070 Chronici
1663 4010 1884 4084 Majoris
1918 4015 2079 4070 Gual-

435 4094 640 4137 vanens
666 4096 696 4139 e
735 4084 891 4140 Datio
929 4092 1136 4151 narrat,
1176 4087 1224 4140 si
1280 4087 1340 4141 P.
1395 4085 1745 4141 Eustachium
1800 4085 2072 4151 audimus,

448 4153 768 4228 [Valperlum
815 4156 1259 4228 archiepiscopum
1302 4155 1770 4223 Mediolanensem,
1819 4162 1868 4211 et
1915 4156 2076 4213 Gual-

431 4224 883 4298 dumepiscopum
925 4224 1210 4283 Camenam
1262 4228 1331 4282 ad
1386 4229 1640 4284 Ottonem
1698 4229 1719 4283 Ι
1772 4229 2074 4283 Germaniae

434 4310 617 4367 regem
647 4298 863 4363 missos,
895 4303 1162 4355 utcontra
1210 4300 1585 4368 Berengarium
1638 4299 1836 4355 hostem
1890 4299 2075 4355 Eccle-

426 4368 522 4423 sia:
558 4368 781 4425 intraret
827 4369 1060 4426 Italiam.
1106 4372 1167 4426 In
1214 4371 1488 4427 Chronico
1536 4378 1714 4427 autem
1766 4371 2071 4441 Landulphi
2162 4368 2271 4426 ’ho
2317 4368 2942 4427 Datium'recentiorem
2980 4368 3134 4426 exeo
3174 4370 3332 4426 itare.
3370 4368 3603 4425 Accedit

432 4439 598 4498 nulla.
643 4450 701 4495 ut
739 4441 798 4495 P.
838 4442 1164 4498 Eustachius
1202 4443 1606 4498 animadvertit.
1637 4442 1829 4498 Gualdi
1859 4385 2503 4498 euisco-Dgossevinus.
2534 4442 2825 4498 Gavantus.
2869 4442 3063 4498 Petrus
3108 4386 3349 4497 lfaturus
3385 4441 3443 4496 in
3488 4439 3603 4497 Adn

432 4439 598 4512 nulla,
643 4450 701 4495 ut
739 4441 798 4495 P.
838 4442 1164 4498 Eustachius
1202 4443 1606 4507 animadvertit,
1637 4442 1829 4499 Gualdi
1859 4439 2069 4512 episco-

430 4511 485 4581 pi
515 4512 740 4567 Cumani
771 4512 831 4567 tit
859 4515 1087 4579 mentio,
1121 4521 1177 4570 et
1223 4528 1314 4570 res
1358 4514 1520 4570 aliter
1566 4523 1837 4569 narratur.
1877 4511 2070 4570 Verum

428 4584 973 4640 animadvertendum
1005 4587 1169 4641 etiam
1200 4592 1317 4641 erat
1366 4586 1509 4640 Patri
1566 4586 1860 4641 Eustachio
1916 4585 2073 4641 Gual-

424 4666 653 4709 vaneum
687 4654 780 4709 illa
809 4668 920 4712 non
958 4669 988 4712 e
1015 4656 1137 4713 solo
1167 4657 1307 4712 Datii
1336 4656 1609 4713 Chronico
1639 4656 1885 4713 hausisse
1909 4698 1925 4722 ,
1973 4655 2071 4712 sed

426 4725 951 4798 etiamePantheo,
1011 4742 1132 4783 cum
1173 4728 1291 4798 ipse
1355 4729 1722 4784 narrationem
1778 4742 1930 4783 suam
1986 4727 2072 4785 his

427 4798 609 4852 verbis
637 4797 967 4853 concludat:
1010 4800 1140 4854 Hac
1185 4797 1472 4867 Pantheon,
1513 4805 1560 4855 el
1618 4800 1873 4856 Chronica
1904 4799 2067 4854 Dalii.

423 4868 645 4941 gertum
680 4882 810 4925 vero
849 4875 934 4925 est
977 4869 1259 4927 Gofridum
1309 4871 1702 4927 Viterbiensem
1766 4879 1918 4941 parte
1956 4885 2070 4925 xvn

420 4939 648 4995 Panthei
697 4954 810 4996 rem
863 4942 1136 5008 retulisse,
1186 4949 1247 4997 ut
1281 4942 1620 4999 Gualvaneus
1658 4939 1841 5007 habet,
1882 4949 1937 4998 et
1973 4942 2072 4997 Da-

422 5010 556 5065 tium
595 5012 720 5067 ideo
744 5012 918 5084 rsimul
957 5026 987 5068 a
1016 5014 1325 5069 Gualvaneo
1356 5015 1428 5068 ibi
1462 5022 1655 5069 testem
1695 5013 1898 5083 aﬂ‘erri,
1940 5014 2069 5084 quia

421 5089 478 5136 et
506 5084 555 5155 is
590 5097 705 5138 rem
736 5083 908 5154 ipsam
958 5093 1163 5150 narrat,
1206 5098 1533 5155 quamquam
1582 5085 1708 5141 aliis
1757 5083 2069 5141 verbis’di-

414 5154 699 5225 versisque
738 5169 920 5211 rerum
950 5154 1337 5212 monumentis.
1372 5154 1451 5213 lbi
1490 5170 1619 5214 vero
1639 5155 1883 5213 Alberlus
1921 5156 2066 5213 idem

418 5231 596 5299 estuac
631 5225 963 5293 Adetbertus,
1013 5229 1106 5297 qui
1163 5242 1287 5283 cum
1332 5229 1674 5299 Bercngario
1716 5235 1942 5299 parente
2008 5229 2064 5285 in

2137 4157 2644 4213 'Mediolanensium
2690 4170 2892 4227 rerum
2957 4156 3279 4227 scriptores.

2169 3161 2320 3228 April
2352 3159 2598 3215 ultimum
2640 3155 2783 3213 diem
2840 3155 3123 3228 clausisse.
3181 3157 3314 3212 Tum
3360 3155 3588 3213 subdit:
3630 3159 3826 3213 Datin

2167 3227 2426 3314 fruendis
2453 3231 2582 3314 ipsis
2617 3228 2887 3314 Aprilibus
2925 3227 3326 3314 mavultaltem
3370 3236 3594 3314 narrata
3640 3230 3821 3314 sancti

2168 3303 2402 3357 Protasii
2432 3299 2681 3370 episcOpi
2713 3309 2889 3357 morte
2938 3306 3065 3370 post
3110 3308 3335 3355 exactos
3379 3299 3455 3371 in
3486 3301 3816 3371 episcopatu

2167 3373 2308 3429 duos
2345 3379 2402 3428 et
2449 3372 2640 3443 viginti
2690 3386 2889 3439 annos,
2928 3370 3172 3427 Alciatus
3207 3370 3517 3443 subnectit.
3564 3370 3703 3426 rm
3740 3373 3821 3426 illi

2170 3443 2395 3515 (annos)
2430 3440 2579 3500 addit
2610 3444 2813 3515 Delius.
2844 3446 2913 3499 At
2943 3443 3061 3498 haec
3103 3443 3165 3515 in
3214 3440 3522 3515 Landulphi
3572 3444 3815 3499 Historia

2165 3513 2275 3586 non
2306 3513 2414 3586 legi
2444 3516 2503 3570 P.
2554 3513 2882 3570 Eustachius
2927 3527 3042 3586 nos
3085 3513 3269 3586 docet.
3329 3514 3503 3570 Porro
3559 3516 3813 3569 noverint

2166 3584 2402 3643 lectores
2431 3586 2485 3641 in
2524 3586 2940 3642 membranaceo
2989 3584 3084 3641 illo
3123 3585 3315 3641 codice
3354 3599 3455 3639 ms.
3488 3586 3812 3655 metropoli-

2163 3663 2306 3714 tana:
2334 3657 2709 3725 bibliothecae,
2741 3657 2834 3713 ubi
2874 3657 3185 3726 conjunctae
3240 3655 3515 3711 habentur
3553 3657 3809 3713 Historia:

2165 3729 2471 3798 Landulphi
2537 3729 2712 3785 nostri
2770 3736 2825 3784 et
2867 3727 3157 3799 Arnulphi,
3210 3727 3534 3799 ,Catalogum
3588 3742 3808 3799 quoque

2162 3800 2647 3856 Mediolanensium
2687 3800 3078 3869 episcoporum
3134 3798 3348 3870 haberi,
3398 3799 3494 3868 qui
3546 3808 3609 3854 ut
3646 3798 3807 3870 supra

2162 3871 2460 3937 innuimus,
2518 3870 2588 3926 ad
2642 3870 2929 3927 Galdinum
2997 3883 3173 3940 usque
3237 3869 3555 3926 deducitur.
3596 3870 3678 3926 Ex
3714 3869 3807 3926 illo

2160 3950 2340 3999 autem
2379 3941 2639 4012 Catalogo
2668 3956 2767 3998 sua
2796 3942 2916 3998 haec
2953 3940 3296 4012 deprompsit
3338 3940 3610 4012 Alciatus,
3660 3942 3808 3997 ideo-

2159 4028 2266 4084 que
2315 4015 2527 4071 Datium
2575 4011 2683 4069 huc
2747 4021 2941 4070 testem
2979 4011 3284 4079 advocavit,
3344 4011 3492 4082 quod
3553 4014 3803 4069 eumdem

2158 4084 2408 4143 codicem
2454 4085 2557 4141 sub
2614 4084 2752 4141 Datii
2805 4085 3026 4141 nomine
3066 4097 3494 4141 commemorare
3560 4086 3807 4141 solerent

3336 4158 3515 4223 Quare
3579 4165 3635 4211 et
3671 4156 3807 4225 hinc

2157 4227 2433 4299 intelligas
2487 4226 2760 4284 immerito
2810 4225 3088 4283 Datianam
3146 4227 3431 4299 historiam
3482 4241 3517 4282 a
3570 4225 3809 4299 Landul-

2159 4297 2648 4371 pbina'distingui,
2707 4312 2888 4369 neque
2935 4300 3247 4369 Oportuisse
3284 4298 3450 4353 alium
3488 4311 3522 4354 a
3570 4297 3810 4354 Landul-

2160 4369 2271 4426 nho
2317 4370 2529 4426 Datium
2579 4371 2942 4426 recentiorem
3000 4370 3332 4426 excogitare.
3370 4368 3603 4425 Accedit
3656 4369 3805 4426 quod

3656 4384 3728 4440 qu

2235 4442 2503 4508 ssevinus,
2534 4442 2825 4511 Gavantus,
2869 4442 3063 4498 Petrus
3108 4439 3349 4497 Maturus
3385 4441 3443 4511 in
3488 4439 3696 4497 Adnot.
3731 4441 3803 4496 ad

2154 4515 2209 4569 S.
2245 4514 2507 4570 Antonini
2564 4510 2862 4579 Chronic.;
2921 4513 3159 4569 Jacobus
3205 4513 3370 4568 Perez
3412 4510 3483 4567 de
3533 4512 3804 4580 Valentia,

2156 4584 2515 4641 Bellarminus
2551 4591 2607 4640 et
2636 4585 2749 4652 alii,
2782 4583 2875 4640 ubi
2905 4599 2972 4641 ex
2996 4584 3324 4641 auctoritate
3354 4582 3498 4638 Datii
3528 4584 3803 4649 scribunt,

2153 4664 2375 4712 sanctos
2410 4656 2753 4713 Ambrosium
2810 4664 2867 4711 et
2919 4656 3279 4713 Augustinum
3316 4662 3579 4711 auctores
3634 4654 3804 4711 fuisse

2152 4725 2341 4794 hymni
2374 4729 2443 4783 Te
2487 4729 2664 4794 Deum,
2714 4735 2908 4784 testem
2962 4725 3245 4783 adducunt
3295 4726 3433 4781 Datii
3484 4727 3806 4784 Chronicon

2153 4743 2186 4782 n
2215 4743 2341 4783 'mni
2374 4743 2443 4783 1e
2487 4743 2664 4794 ueum,
2714 4743 2908 4784 teStem
2962 4743 3245 4783 auuncunt
3296 4743 3433 4781 natu
3484 4743 3806 4784 LDI‘ODICOD

2153 4743 2251 4854 lib.
2284 4815 2322 4864 ι,
2357 4813 2479 4869 cap.
2525 4798 2609 4870 10,
2641 4812 2766 4870 quae
2794 4801 3130 4856 conveniunt
3157 4798 3215 4854 in
3263 4796 3576 4867 Landulphi
3627 4799 3807 4854 nostri

2154 4870 2468 4937 Historiam,
2500 4869 2547 4925 si
2580 4869 2863 4941 prclogum
2893 4870 2987 4926 lib.
3028 4885 3047 4926 ι
3093 4883 3216 4925 cum
3254 4870 3622 4941 sequentibus
3656 4870 3813 4938 capi-

2153 4942 2301 4997 tibus
2330 4939 2636 4998 enumeres.
2669 4939 2844 5011 AtQue
2874 4941 2993 4998 haec
3024 4941 3079 4996 in
3118 4942 3413 5011 praesentia
3451 4939 3645 5005 habui,
3674 4954 3807 5011 qua

2152 5011 2220 5069 de
2241 5012 2552 5084 huiusmodi
2583 5015 2890 5082 quzestione
2911 5026 3013 5084 ego
3043 5012 3395 5084 dissererem,
3428 5012 3687 5068 uberiora
3705 5011 3808 5067 da-

2150 5090 2326 5155 turus,
2368 5086 2415 5139 si
2447 5084 2581 5140 mihi
2610 5085 2666 5140 in
2705 5098 2869 5155 arena
2920 5083 3100 5155 pbsito
3130 5083 3423 5140 consulere
3452 5096 3603 5141 nunc
3632 5091 3807 5153 atque

2149 5153 2401 5212 conferre
2436 5154 2684 5227 licuisset
2713 5154 2884 5227 (quod
2913 5153 3042 5212 olim
3085 5155 3236 5227 nullo
3266 5156 3494 5226 negotio
3527 5157 3805 5226 poteram)

2149 5241 2341 5285 omnes
2366 5226 2672 5296 Landulphi
2704 5226 2946 5293 cOdices,
2987 5236 3043 5283 et
3087 5226 3402 5291 Gualvanei,
3447 5227 3809 5296 aliorumque

416 5295 568 5370 Italia
616 5299 899 5367 regnabat.
941 5295 1113 5354 Pareo
1152 5298 1372 5355 caeteris
1409 5295 1674 5370 exemplis
1711 5295 1741 5355 ἐι
1780 5303 1840 5356 Ρ.
1877 5302 2064 5356 Ευεῑειο
2146 5312 2313 5370 opera
2345 5313 2473 5370 mss.
2507 5295 2630 5368 qua:
2660 5299 2715 5354 in
2744 5298 3101 5356 Ambrosiana
3141 5297 3480 5354 bibliotheca
3513 5295 3811 5370 asservan-

418 5366 546 5422 chio
575 5366 882 5438 productis,
922 5370 979 5425 in
1018 5372 1219 5441 quibus
1251 5370 1426 5441 palam
1467 5366 1584 5427 ﬁeri
1625 5380 1812 5441 posset
1840 5372 2064 5427 Gualva-
2145 5366 2252 5427 tur.
2270 5369 2376 5426 Sed
2399 5366 2650 5440 pluribus
2668 5384 2809 5441 opus
2829 5384 2938 5427 non
2961 5378 3045 5427 est
3063 5370 3119 5425 in
3142 5384 3223 5438 re,
3248 5378 3470 5441 qua:,ut
3492 5370 3567 5426 ita
3591 5369 3805 5436 dicam,

417 5449 580 5513 neum
610 5454 676 5495 ex
706 5441 1216 5513 diversishistoriis
1246 5443 1589 5513 congessisse
1633 5444 1906 5501 interdum
1936 5457 2062 5500 seu-

418 5510 620 5583 tentias
644 5519 882 5583 suas,“et
911 5512 1004 5568 ubi
1036 5521 1161 5583 post
1190 5510 1415 5570 multain
1444 5515 1816 5572 narrationem
1845 5516 2059 5572 Datium

2144 5441 2448 5499 meridiano
2469 5442 2587 5498 sole
2608 5441 2813 5500 clarior
2831 5442 3040 5499 mihiex
3062 5442 3330 5498 hactenus
3349 5440 3533 5497 allatis
3551 5441 3802 5497 videtur.

2213 5514 2499 5571 Postremo
2528 5513 2652 5571 loco
2683 5514 2948 5572 lectorem
2985 5513 3320 5571 monendum
3366 5513 3501 5570 duxi
3550 5512 3678 5569 mihi
3726 5510 3805 5569 in

416 5581 611 5633 testem
640 5581 900 5649 appellat,
927 5581 1051 5639 non'
1076 5585 1258 5641 omnia
1296 5599 1514 5657 semper
1542 5586 1721 5644 eidem
1754 5586 1908 5645 Datio
1938 5601 2059 5645 esse
2141 5585 2324 5643 animo
2354 5584 2484 5643 olim
2520 5585 2866 5643 observatum
2893 5598 3006 5643 non
3044 5584 3229 5643 omnia
3273 5583 3441 5642 edere
3478 5597 3603 5656 qua;
3648 5583 3809 5639 Ian-
