4022 6160
210 311 306 365 817

882 311 1194 367 HISTORIA
1230 309 1780 367 MEDIOLANENSIS.
1824 338 1893 349 --
1931 307 2253 364 EPISTULA
2289 307 2877 368 HISTORIOGRAPHI.

3466 314 3573 370 818

207 434 432 506 dulphus
467 433 670 507 litteris
714 434 960 507 tradidit,
1019 432 1116 491 sed
1169 406 1310 492 duos
1364 439 1573 491 tantum
1624 434 2085 505 prioresAquam
2125 447 2250 507 quae
2279 432 2336 488 in
2367 430 2544 488 lucem
2582 430 2890 502 prodirent,
2923 436 3039 507 tum
3068 434 3232 491 etiam
3270 440 3419 507 quod
3450 442 3571 500 hac

203 508 382 572 libros,
424 521 455 577 e
493 506 694 577 quibus
740 506 979 563 eruditio
1027 506 1313 571 historica,
1363 520 1673 576 quanquam
1715 520 1825 562 non

203 579 382 651 paucis
417 576 633 651 fabellis
660 578 995 648 interspersa
1010 585 1179 651 atque
1209 577 1430 651 fmdata,
1461 577 1668 651 aliquid
1696 577 1835 651 lucis

201 648 259 707 ac
305 649 548 719 praesidii
596 664 819 719 sperare
874 648 1246 719 possit.’Quae
1296 648 1439 705 enim
1490 649 1544 705 in
1594 649 1835 704 Historia

201 720 496 790 Landulphi
527 720 956 791 subsequuntur,
990 726 1045 776 et
1073 720 1271 776 librum
1304 721 1523 776 tertium
1572 726 1628 776 et
1673 734 1834 790 quar-

199 800 303 849 tum
350 792 716 856 constituunt,
786 792 1091 861 peculiares
1156 792 1533 848 tantummodo
1600 791 1725 847 lites
1775 791 1831 847 in

196 863 582 922 Mediolanensi
624 863 871 920 Ecclesia
909 863 1201 919 occasione
1249 862 1382 919 cieri
1441 863 1833 919 continentiam

195 934 623 1008 perosiexortas
652 934 726 990 ita
758 941 1183 1008 persequuntur,
1216 942 1276 1008 ut
1308 933 1534 1008 ins_ulsis_
1561 934 1835 990 orationi—

192 1003 304 1074 bus,
346 1006 529 1076 iisque
575 1003 693 1061 fere
738 1003 993 1062 omnibus
1039 1006 1310 1071 confictis,
1353 1006 1658 1070 abundent,
1702 1020 1827 1075 quae

191 1087 272 1135 aut
324 1077 465 1134 nihil
514 1077 726 1147 gratiae,
768 1083 861 1132 aut
907 1077 1114 1145 aliquid
1156 1077 1317 1133 etiam
1358 1077 1571 1147 ingrati
1620 1076 1831 1133 coloris

192 1151 384 1207 habere
440 1148 769 1219 videantur,
821 1148 1027 1218 quippe
1084 1149 1138 1203 in
1199 1149 1565 1219 patrocinium
1625 1149 1832 1204 erroris

190 1222 560 1292 vitiorumque,
602 1218 826 1292 tutelam
874 1218 1553 1292 excogi_tataa.v_erumea
1589 1219 1830 1292 denique

190 1289 472 1350 sententia
511 1290 643 1347 vicit
684 1290 821 1346 nihil
870 1290 1234 1359 Landuiphini
1273 1289 1502 1347 furfuris
1539 1289 1831 1347 occultan-

192 1365 330 1429 dum,
380 1368 497 1419 tum
546 1376 616 1419 ne
664 1362 789 1432 quis
838 1375 904 1417 ex
950 1362 1158 1417 aversis
1204 1376 1233 1417 a
1284 1361 1556 1419 catholica
1586 1361 1830 1417 Ecclesia

189 1435 439 1499 somniet,
471 1447 575 1491 nos
605 1448 720 1503 pra:
758 1439 905 1489 metu
936 1440 1029 1490 aut
1048 1447 1116 1489 ex
1144 1432 1301 1489 maia:
1331 1448 1511 1490 causa:
1541 1435 1830 1489 conscien-

189 1509 260 1564 tia
302 1507 425 1563 htec
474 1504 745 1573 omisisse,
795 1510 947 1561 ratus
1000 1503 1250 1573 meliora,
1312 1519 1437 1575 quae
1493 1504 1824 1573 celarentur,

1922 513 2030 560 tam
2061 505 2201 561 male
2257 510 2489 560 consuta
2534 510 2683 567 sunt,
2725 511 2786 560 ut
2829 504 2998 561 semei
3047 504 3389 575 exposuisse.
3424 525 3564 569 con-

1915 575 2119 649 futasse
2167 577 2259 649 sit.
2310 575 2576 649 Pleraque
2607 583 2872 649 praeterea
2917 590 2984 631 ex
3011 576 3099 649 his
3130 578 3240 646 jam
3271 580 3561 649 evulgavit,

1915 647 2187 715 simulque
2235 646 2416 702 inania
2464 660 2528 701 ac
2575 645 2803 702 ridenda
2852 645 3177 704 Puricellius
3224 645 3467 709 ostendit
3508 645 3561 711 in

1916 719 2164 792 YitaSS.
2206 717 2411 774 Arialdi
2460 725 2516 792 et
2563 717 3163 792 Heriembaldi.gNihii
3198 720 3438 792 denique
3488 725 3563 781 ef-

1916 789 2138 846 ficacius
2189 788 2541 862 commendet
2595 796 2923 862 praesentem
2971 788 3411 862 Mediolanensis,
3452 795 3563 854 imo

1915 869 1968 917 et
2020 862 2290 917 universae
2342 860 2630 917 catholicae
2680 861 2939 917 Ecclesiae
2983 868 3205 928 statum,
3239 872 3295 920 et
3350 860 3419 923 ex
3462 868 3558 925 Dei

1912 934 1976 989 Ο.
2018 933 2085 989 Μ.
2129 946 2355 988 munere
2384 931 2756 987 sanctioribus
2785 933 3033 988 consiliis
3063 933 3270 991 clerum
3301 944 3560 995 constan-

1913 1004 2124 1059 tissime
2169 1003 2449 1059 addictum
2499 1003 2776 1069 exhibeat,
2810 1018 2972 1074 quam
3019 1005 3210 1061 saeculi
3265 1022 3319 1063 χι
3366 1023 3558 1068 corru-

1914 1081 2039 1147 ptos
2086 1088 2267 1131 mores
2314 1074 2539 1142 intueri,
2572 1088 2780 1147 eosque
2829 1076 3195 1131 Romanorum
3237 1080 3556 1147 pontificum

1911 1146 2096 1202 studio
2154 1153 2503 1216 expurgatos.
2556 1145 2756 1201 Eadem
2805 1148 3017 1203 ratione
3054 1145 3299 1204 veterum
3341 1152 3558 1211 haereti-

1910 1231 2102 1273 corum
2131 1217 2489 1274 deliramenta
2539 1225 2595 1272 et
2642 1217 2844 1288 ﬂagitia
2894 1219 3148 1286 prodenti
3181 1234 3289 1276 non
3321 1230 3406 1278 est
3443 1224 3557 1281 ira-

1910 1289 2196 1363 scendum,
2251 1288 2349 1344 sed
2399 1289 2605 1363 nostris
2651 1289 2996 1363 temporibus
3041 1291 3227 1359 potius
3271 1295 3556 1363 gratulan-

1911 1361 2062 1426 dum,
2103 1375 2227 1431 quae
2282 1366 2434 1416 recta
2470 1360 2712 1430 sapiunt,
2763 1367 2819 1415 et
2871 1361 3153 1418 meliorem
3211 1360 3422 1423 morum
3471 1383 3554 1424 ra-

1911 1430 2376 1506 tionem'Christo
2397 1431 2558 1506 duce,
2587 1430 2646 1506 in
2673 1431 2943 1506 catholica
2969 1433 3209 1489 Ecclesia
3226 1444 3534 1506 sequuntur

1911 1504 2016 1560 Sed
2033 1504 2143 1574 jam
2171 1503 2554 1573 Landuiphum
2582 1503 2763 1573 ipsum
2792 1501 3110 1574 loquentem
3140 1501 3444 1566 audiamus.

780 1821 1329 1960 LANDULFI
1431 1821 1965 1959 HISTORIA
2074 1821 2963 1961 MEDIOLANENSIS

1357 2078 1571 2154 (PEer,
1602 2085 1837 2143 Monum.
1872 2084 2048 2140 Germ.
2089 2084 2229 2149 Vili,
2262 2082 2375 2154 36.)

534 2363 951 2430 EPISTOLA
997 2361 1704 2430 YSTORIOGRAPHI
1749 2361 1862 2427 AD
1909 2360 2826 2431 ARCHIPRESBYTERUM
2874 2364 3133 2431 MISSA
3170 2364 3188 2399 ‘

231 2548 575 2606 Cunctarum
632 2549 889 2607 virtutum
940 2551 1285 2608 documentis
1331 2552 1561 2617 imbuto,
1629 2548 2268 2621 multa-Bimperatores
2331 2554 2475 2625 apud
2531 2557 2702 2612 Deum
2767 2561 2823 2613 et
2887 2556 3139 2612 homines
3194 2555 3550 2613 detestabiles

166 2648 401 2705 rumque
462 2638 812 2695 scientiarum
861 2640 1059 2710 peritia
1107 2639 1265 2707 fulto,
1298 2640 1599 2709 divinoque
1655 2637 1823 2708 magi-

170 2725 339 2780 sterio
370 2725 632 2798 religiose
662 2729 861 2785 edocto
883 2731 943 2785 L.
966 2735 1172 2786 sanctae
1192 2728 1616 2786 Mediolanensis
1645 2725 1820 2783 eccle-

172 2815 263 2869 size
318 2814 373 2871 in
425 2817 669 2888 regimen
745 2820 1316 2892 archipresbyteratus
1361 2825 1666 2889 assumpto,
1715 2830 1818 2872 nec

174 2915 278 2958 nou
307 2905 422 2961 Deo
470 2911 525 2961 et
573 2906 886 2963 hominibus
934 2922 1085 2976 caro,
1118 2910 1179 2965 L.
1213 2910 1234 2940 ¹
1262 2909 1503 2965 omnium
1558 2907 1817 2962 minimus

175 3001 385 3048 tuorum
435 3008 626 3052 servus
644 2997 685 3063 ³,
740 2997 905 3068 hujus
951 2998 1078 3056 vitae
1124 2997 1387 3055 felicitate
1434 2998 1706 3054 bonorum
1759 3000 1816 3052 et

175 3083 357 3139 aeterni
388 3085 544 3155 regni
594 3088 876 3144 consortio
926 3087 1132 3159 perfrui
1172 3088 1513 3159 angelorum.
1556 3085 1814 3143 Caritatis

173 3170 277 3226 ac."
332 3171 636 3244 diligentiae
695 3181 805 3231 tuae
860 3192 1100 3234 amorem
1148 3177 1338 3235 sedule
1367 3176 1388 3208 ⁸
1426 3176 1807 3241 reminiscens,

173 3273 322 3328 quem
351 3275 523 3332 super
560 3264 849 3322 ecclesiam
896 3267 1307 3324 Ambrosianam
1352 3272 1408 3322 et
1445 3267 1564 3337 ejus
1601 3265 1809 3321 clerum

173 3355 225 3402 ut
250 3348 417 3405 tilium
453 3350 694 3408 habuisti
726 3360 781 3409 et
828 3368 1047 3426 semper
1094 3358 1204 3412 Deo
1251 3361 1526 3411 annuente
1554 3353 1804 3419 habebis,

171 3435 503 3510 solicitazque
556 3442 903 3511 paternitatis
950 3449 1145 3501 vestra:
1189 3444 1551 3500 reverentiam
1589 3442 1808 3498 curiose

174 3529 529 3599 prospiciens,
584 3532 838 3602 corporis
892 3533 999 3589 mei
1036 3534 1252 3588 animus
1296 3531 1483 3588 multis
1519 3536 1809 3602 quassatus

173 3615 630 3687 tribulationibus,
672 3635 701 3676 e
750 3622 950 3692 quibus
980 3628 1094 3678 tota
1121 3622 1235 3678 fere
1273 3620 1427 3677 italia
1459 3621 1807 3692 pseudopro-

172 3703 337 3774 phetis
364 3724 466 3779 per
498 3709 882 3767 detestabilem
914 3711 1212 3783 ypocrisim
1248 3709 1808 3781 circumcurrentibus

170 3796 418 3854 maculata
449 3805 560 3863 est,
594 3800 688 3855 Dei
721 3801 866 3872 ignis
903 3801 1086 3857 calore
1133 3815 1398 3857 accensus
1454 3800 1610 3871 quasi
1657 3798 1806 3870 gravi

1902 2645 2023 2695 acta
2051 2654 2198 2709 sunt,
2249 2647 2304 2699 et
2352 2644 2755 2712 tribulationes,
2787 2652 2951 2717 atque
2982 2646 3296 2703 earumdem
3334 2646 3550 2703 dissen-

1901 2730 2086 2786 siones
2128 2747 2252 2803 qute
2301 2747 2400 2804 per
2448 2735 2961 2807 pseudoprophetas
3022 2750 3132 2793 non
3182 2737 3348 2806 hujus
3393 2736 3548 2792 urbis

1900 2825 2059 2875 natos
2104 2826 2325 2891 peracta
2363 2830 2512 2890 sunt,
2544 2824 2671 2882 stilo
2702 2825 2899 2899 humili
2941 2825 3288 2895 prescribere
3327 2825 3545 2882 delibe-

1900 2908 2031 2963 ravi.
2091 2910 2262 2981 Igitur
2307 2912 2692 2984 quamplurimi
2760 2915 2854 2987 qui
2911 2914 3122 2971 ordinis
3182 2914 3542 2972 ecclesiastici

1897 2996 2048 3054 falsis
2085 3000 2575 3069 praedicationibus
2623 3018 2744 3059 esse
2788 3005 3134 3072 videbantur,
3166 3006 3383 3063 actibus
3411 3020 3541 3063 vero

1896 3088 2093 3143 misere
2122 3088 2456 3159 hypocrisim
2504 3091 2695 3148 sedule
2725 3092 3062 3161 insistentes,
3113 3099 3173 3150 ut
3229 3095 3344 3166 lupi
3375 3110 3541 3167 rapa-

1894 3190 1986 3231 ces
2014 3188 2134 3233 sese
2164 3178 2266 3233 sub
2297 3179 2457 3235 ovina
2498 3179 2640 3250 pelle
2689 3188 2960 3254 tegentes,
2991 3182 3236 3240 dimissis
3283 3185 3539 3254 plebibus

1891 3279 1955 3321 ac
1994 3266 2171 3336 ruptis
2208 3269 2532 3336 canonibus,
2576 3275 2632 3326 et
2669 3270 2763 3327 alii
2803 3271 2959 3328 multi
3000 3273 3247 3329 misterio
3287 3274 3535 3330 Romano

1891 3354 2095 3422 edocti,
2128 3355 2357 3411 honoris
2384 3363 2589 3413 sanctae
2638 3359 3013 3414 Ambrosiana:
3060 3360 3311 3417 ecclesiae
3361 3361 3535 3427 lividi,

1890 3442 2046 3511 quasi
2094 3443 2352 3511 tirampni
2402 3443 2605 3499 nullam
2645 3445 2829 3501 ordini
2871 3447 3233 3503 Ambrosiano
3273 3462 3538 3504 reveren—

1890 3531 2018 3586 tiam
2047 3530 2448 3601 impendentes,
2490 3530 2680 3588 urbem
2728 3533 3215 3591 Medioianensium
3255 3534 3536 3593 fascinatis

1890 3618 2045 3674 laicis
2073 3633 2138 3675 ac
2182 3619 2403 3675 zizaniis
2449 3622 2901 3690 superseminatis
2954 3623 3277 3680 Antichristi
3324 3624 3538 3682 facetiis

1889 3707 2260 3764 incubuerunt
2298 3708 2375 3778 ¹⁰;
2434 3723 2669 3779 quorum
2735 3724 2970 3781 namque
3025 3711 3164 3768 vitio
3213 3713 3247 3744 “
3299 3714 3531 3771 ecclesia

1889 3797 2246 3853 Ambrosiana
2313 3797 2606 3855 multorum
2675 3799 3023 3857 sacerdotum
3107 3815 3173 3859 ac
3246 3802 3532 3862 levitarum

170 3898 195 3938 c
245 3900 470 3958 sompuo
537 3889 806 3945 excitatus
880 3905 1022 3946 sum.
1082 3892 1382 3960 l’rOpterea
1439 3889 1707 3960 cogitans,
1757 3879 2363 3960 siCplurimorumque
2408 3889 2755 3946 sacerdotum
2793 3891 3100 3961 sapientum
3148 3892 3361 3950 ordinis
3391 3896 3533 3952 utri-

169 3977 411 4043 Operibus
466 3977 835 4034 saecularibus
891 3986 984 4034 aut
1022 3979 1261 4035 cultibus
1307 3978 1507 4035 divinis
1555 3978 1803 4035 studiose

166 4075 433 4136 vacarem;
475 4072 579 4123 aut
628 4066 791 4122 fortia
846 4067 988 4125 facta
1037 4075 1092 4125 et
1140 4069 1426 4139 magniﬁca
1457 4068 1478 4099 ⁸
1515 4083 1639 4140 qua:
1696 4080 1806 4123 no-

167 4154 282 4209 stris
329 4156 680 4227 temporibus
726 4162 847 4212 acta
884 4164 1012 4227 sunt
1050 4171 1300 4215 enarrem
1330 4158 1369 4226 ⁷,
1411 4164 1505 4214 aut
1533 4157 1678 4213 inter
1714 4172 1805 4213 cc-

166 4246 270 4298 tera
314 4245 710 4302 tribuiationes
752 4261 888 4317 quas
935 4246 1118 4304 clerus
1184 4247 1576 4306 Ambrosianus
1612 4262 1641 4303 a
1681 4262 1802 4319 per-

167 4329 281 4386 fidis
321 4333 533 4391 civibus
590 4342 647 4390 et
695 4335 852 4391 malis
898 4336 1281 4393 sacerdotibus
1319 4339 1470 4409 ipsos
1506 4337 1803 4393 adhortan-

173 4417 307 4477 tibus
333 4437 522 4493 passus
553 4430 660 4490 est,
692 4438 916 4480 narrare
945 4424 967 4455 ⁸
1015 4427 1270 4497 cogitavi.
1329 4428 1518 4497 Itaque
1573 4427 1803 4482 medita-

171 4512 251 4563 tus
283 4510 336 4567 in
369 4514 577 4584 quibus
621 4512 787 4568 animi
828 4515 933 4569 mei
975 4514 1252 4585 ingenium
1283 4529 1541 4572 exercere
1571 4515 1799 4584 valeam,

172 4594 297 4654 hanc
324 4601 484 4658 vitam
540 4609 599 4658 et
636 4601 888 4657 miseram
937 4615 1038 4672 per
1091 4601 1370 4659 silentium
1423 4610 1799 4660 transcurrere

172 4687 366 4756 uolens,
414 4692 629 4749 crebris
664 4706 727 4748 ac
758 4692 969 4764 magnis
1015 4693 1240 4764 ystoriis
1282 4692 1525 4764 undique
1565 4693 1799 4749 circum-

171 4774 480 4849 volantibus,
521 4781 724 4837 ductus
754 4780 946 4850 patria:
971 4788 1134 4852 atque
1164 4782 1403 4837 civitatis
1431 4796 1565 4838 meae
1587 4784 1793 4849 amore,

171 4876 261 4920 nec
287 4880 393 4925 non
440 4876 496 4926 et
544 4869 680 4926 cieri
729 4869 974 4941 ejusdem
1028 4870 1367 4942 diligentiam
1398 4869 1419 4901 ⁹
1459 4869 1586 4942 (31),
1656 4870 1798 4927 ultra

170 4964 345 5011 omnes
387 4957 624 5026 ystorias
664 4965 817 5029 gesta
870 4958 1416 5030 archiepiscoporum
1466 4974 1591 5030 quae
1629 4973 1799 5030 super

1888 3992 2061 4048 usque
2106 3978 2381 4048 quondam
2429 3980 2663 4036 exaltata
2710 3986 2766 4037 et
2804 3989 2995 4039 ornata
3052 3979 3406 4054 eloquentiis,
3459 3986 3527 4042 ad

1889 4067 2119 4123 nihilum
2165 4074 2273 4123 tam
2322 4068 2627 4126 ministerio
2679 4085 2841 4142 quam
2886 4072 2942 4128 in
2990 4073 3245 4143 personis
3280 4073 3529 4135 funditus

1887 4157 2076 4212 attrita
2106 4162 2162 4212 et
2207 4157 2530 4214 conculcata
2578 4165 2680 4215 est.
2724 4159 2879 4216 Enim
2920 4161 3068 4231 quod
3119 4161 3249 4218 olim
3297 4164 3528 4221 Romani

1888 4246 2176 4317 pontiﬁces
2225 4252 2281 4302 et
2314 4246 2623 4303 cardinales
2650 4248 2780 4304 huic
2826 4255 3018 4305 sancto
3052 4251 3313 4320 mysterio
3343 4253 3525 4309 aemuli

1886 4336 2057 4391 multo
2086 4335 2288 4392 sudore
2330 4342 2546 4407 patrare
2597 4350 2707 4392 non
2739 4343 3057 4406 potuerunt,
3098 4337 3250 4394 falsis
3287 4341 3527 4397 catharis

1886 4412 2135 4480 ordinem
2186 4426 2363 4495 ipsum
2418 4425 2895 4492 conturbantibus,
2946 4426 3003 4481 in
3041 4432 3248 4482 tantum
3297 4429 3526 4486 attrive-

1884 4520 2032 4580 runt,
2073 4521 2133 4569 ut
2159 4513 2300 4570 ultra
2356 4529 2458 4571 nec
2506 4521 2653 4571 esset
2698 4529 2827 4586 spes
2872 4515 3117 4586 mysterii
3169 4530 3271 4571 nec
3310 4517 3523 4574 ordinis

1883 4603 2247 4670 restaurandi,
2282 4604 2454 4661 multo
2502 4606 2658 4675 pejus
2680 4605 2718 4636 ¹²
2749 4619 2910 4676 quam
2957 4605 3013 4661 in
3052 4619 3307 4662 sermone
3344 4608 3520 4663 sancti

1882 4692 2105 4748 Eusebii
2135 4693 2265 4749 olim
2314 4692 2506 4749 dicens
2546 4694 2801 4765 apparuit
2832 4714 2845 4750 :
2882 4713 2909 4746 «
2950 4695 3120 4750 Periit
3155 4694 3275 4752 haec
3313 4696 3523 4762 civitas,

1882 4780 2124 4852 collapsa
2180 4787 2265 4838 est
2319 4781 2573 4838 ecclesia.
2624 4782 2778 4839 Unde
2822 4796 2944 4839 cum
3003 4781 3273 4854 propheta
3329 4784 3521 4841 dicens

1882 4871 2131 4942 plangam
2166 4891 2178 4927 :
2209 4871 2340 4940 Quis
2389 4872 2543 4928 dabit
2589 4872 2756 4943 capiti
2821 4885 2943 4929 meo
2982 4886 3177 4944 aquam
3233 4878 3289 4930 et
3343 4872 3521 4932 oculis

1880 4959 2016 5016 meis
2061 4958 2269 5017 fontem
2315 4960 2695 5032 iacrymarum,
2743 4959 3008 5032 plangens
3055 4966 3279 5033 peccata
3328 4963 3519 5034 populi

1510 5084 1732 5141 VARIIE
1770 5086 2053 5142 LECTION
2057 5086 2156 5142 ES.

234 5176 246 5257 ξ
273 5177 348 5257 ita
374 5180 433 5236 Β.
466 5181 1125 5257 Libenystoriographus
1147 5181 1551 5257 primussuper
1578 5184 2148 5257 archiepiscopumac
2177 5184 2385 5242 clerum
2430 5198 2496 5241 ac
2536 5184 2710 5242 iaicos
2746 5185 3205 5253 mediolanenses,
3238 5187 3296 5244 in
3320 5185 3514 5257 primis

172 5246 483 5325 epistolaad
510 5254 571 5308 L.
602 5246 781 5325 direct
810 5246 905 5309 Αἵ
975 5246 995 5284 ί
1025 5262 1079 5325 et
1110 5246 1170 5309 L'.
1191 5254 1248 5308 in
1275 5254 1394 5310 cod.
1426 5246 1485 5311 Β.
1518 5254 1619 5325 leg:

169 5315 331 5407 ιξςςδξε
350 5323 718 5407 ρῇςζειιινδινλ,
770 5323 792 5356 ⁸
816 5331 983 5407 atque
1012 5324 1264 5407 Bianoris:
1352 5326 1374 5356 ⁸
1411 5315 1636 5407 sced_u:le
1664 5329 1724 5384 B.

1645 5257 1851 5313 videtur
1890 5259 1976 5312 W.
2052 5256 2073 5287 ³
2095 5257 2171 5312 ita
2202 5258 2259 5312 Β.
2288 5257 2343 5312 in
2369 5257 2648 5329 specimine
2669 5272 2758 5328 ap.
2790 5260 2935 5314 Mur.
2976 5274 3034 5329 ρ.
3075 5257 3183 5314 55:
3216 5259 3274 5314 in
3299 5256 3538 5329 reliquis.

1664 5329 1724 5384 B.
1819 5327 1895 5383 σῖ.
1929 5332 2042 5384 aut.
2075 5341 2147 5383 in.
2182 5326 2219 5383 f.
2250 5327 2336 5384 BI.
2432 5328 2451 5358 ⁷
2480 5341 2794 5384 enarrarem
2826 5328 2909 5384 BI.
3004 5329 3025 5359 ⁸
3056 5343 3220 5384 narro
3254 5332 3311 5384 B.
3387 5329 3408 5361 ν
3436 5330 3510 5384 itu

2432 5328 2794 5413 :enarrarem
2826 5328 2909 5385 BI.
2980 5328 3025 5359 “⁸
3056 5343 3220 5413 uarro
3254 5332 3311 5386 Β.
3387 5328 3510 5386 “itu

168 5389 306 5445 codd.
338 5392 621 5465 diligentia
650 5394 735 5452 Βι.
816 5396 854 5426 ¹⁰
881 5389 956 5452 {tu
987 5396 1140 5453 codd.
1174 5396 1487 5454 imbuerunt
1517 5397 1702 5455 Blanc.
1782 5399 1816 5430 “
1851 5400 1982 5457 unio
2010 5389 2068 5456 Β.
2149 5400 2186 5430 ¹²
2221 5399 2403 5469 potius
2431 5402 2489 5455 B.

1730 5527 1943 5582 NOTJE.

235 5587 331 5654 :31}
363 5589 421 5645 id
451 5596 536 5648 est
566 5608 758 5648 amore.
787 5594 992 5650 Bnmt.
