4022 6160
439 309 544 362 819

1528 313 1855 367 LANDULFI
1898 312 2426 367 MEDIOLANENSIS
2463 310 2724 365 CLERICI

3710 302 3812 357 820

443 433 569 489 mei.
629 432 840 488 Uterini
895 435 999 489 mei
1057 433 1182 490 facti
1241 441 1368 490 sunt
1425 435 1632 490 inimici
1690 436 1816 501 mei,
1876 436 2079 506 injuste
2095 435 2334 498 Aut-bes
2362 434 2532 491 Italia:
2563 432 2959 505 perscrutando
2989 431 3245 504 cognovi,
3282 431 3500 502 aperire
3547 436 3604 486 et
3651 442 3809 486 enar-

444 521 818 592 spoliaverunt
876 537 980 588 me,
1039 537 1102 577 ac
1156 523 1354 593 gladiis
1432 523 1777 579 inimicorum
1837 539 2082 581 meorum

446 610 679 666 animam
727 612 1134 681 inquirentibus
1154 612 1191 643 ¹³
1231 612 1741 669 immisericorditer
1788 628 1873 670 me
1913 614 2089 670 dede-

447 706 593 755 runt.
654 719 682 750 »
740 700 945 755 Exinde
992 700 1244 770 lacrymis
1291 702 1426 756 meis
1472 703 2089 771 superhabundantibus

443 803 565 844 cum
595 789 840 858 sapiente
880 789 1115 858 quodam
1148 790 1464 860 plangen-do
1495 791 1673 847 dicam

517 922 760 977 Carmina
799 921 886 992 qui
923 923 1144 977 condam
1172 923 1345 979 studio
1375 925 1591 995 ﬂorente
1626 927 1804 996 peregi

585 1009 798 1066 Flebilis
826 1011 962 1064 heu!
991 1017 1196 1067 maestos
1235 1028 1393 1081 cogor
1435 1014 1571 1068 inire
1600 1015 1798 1070 modos.

519 1099 656 1152 Ecce
686 1097 806 1152 mihi
836 1097 1024 1153 lacerae
1054 1100 1251 1154 dicta-nt
1279 1101 1557 1157 scribenda
1586 1104 1846 1170 Camenae,

592 1187 660 1240 Et
689 1186 824 1240 veris
854 1186 986 1256 elegi
1003 1188 1204 1258 ﬂetibus
1235 1204 1329 1244 ora
1359 1190 1553 1258 rigant.

813 1277 916 1346 (De
953 1278 1113 1332 Boer.
1147 1291 1290 1333 cons.
1325 1278 1483 1350 phil.,
1524 1279 1733 1350 initio.)

453 1409 835 1475 Quamobrem,
871 1418 1026 1479 pater
1081 1412 1411 1476 venerande,
1471 1414 1714 1482 quamvis
1772 1429 1871 1484 per
1925 1414 2092 1470 multa

455 1506 702 1568 tempora
751 1500 937 1555 multis
983 1516 1046 1556 ac
1097 1502 1260 1557 variis
1311 1503 1412 1558 sim
1452 1512 1738 1573 quassatus
1785 1504 2092 1573 doloribus,

447 1596 652 1644 nostra:
711 1589 962 1646 ecclesia:
1019 1591 1278 1646 virtutum
1320 1591 1358 1622 ”
1413 1594 1605 1648 videns
1679 1594 2090 1661 detrimentum,

445 1677 768 1733 recordatus
807 1679 954 1747 quod
987 1679 1114 1734 olim
1146 1695 1176 1734 a
1208 1681 1246 1711 ¹⁵
1277 1681 1432 1736 malis
1471 1683 1692 1753 regibus
1721 1684 2095 1740 detestandis-

2170 538 2291 579 rare
2342 529 2685 594 posterorum
2738 522 3069 578 utilitatibus
3107 521 3351 576 fideliter
3391 520 3621 576 curabo.
3685 520 3812 574 Tum

2170 613 2397 682 insuper
2448 613 2582 684 quid
2638 612 2888 678 honoris,
2947 609 3150 682 quidve
3207 610 3557 674 reverentiae,
3617 607 3810 678 quidve

2171 702 2565 772 magnitudinis
2611 716 2708 771 per
2758 701 2927 756 multa
2973 708 3222 769 tempora
3265 698 3653 754 antecedentia
3701 697 3810 751 cle-

2171 807 2265 847 rus
2302 791 2404 846 fuit
2451 792 2862 856 Ambrosianus,
2905 797 2961 846 et
3009 804 3040 844 a
3077 789 3264 844 multis
3311 802 3375 844 ac
3423 786 3635 858 magnis
3690 786 3816 841 viris

2170 881 2492 946 honoratus,
2522 887 2576 936 et
2624 880 2754 950 quid
2796 885 2986 948 postea
3016 878 3237 934 civitate
3269 877 3428 946 plena
3460 875 3598 932 faece
3628 875 3812 930 mundi

2170 970 2450 1038 sustinuit,
2529 978 2588 1025 ut
2630 969 2670 1000 ¹⁸
2708 969 2885 1025 oculis
2941 969 3073 1034 vidi,
3152 975 3232 1034 ut,
3277 966 3317 998 ¹⁹
3353 967 3580 1021 auribus
3632 964 3812 1020 audivi

2172 1060 2449 1129 cordeque
2498 1059 2762 1125 intellexi,
2813 1058 2880 1113 ad
2937 1064 3284 1128 posterorum
3333 1055 3557 1111 tutelam
3611 1060 3666 1108 et
3704 1053 3816 1108 ani-

2173 1163 2377 1204 marum
2431 1149 2659 1203 salutem
2709 1147 2955 1204 studiose
2998 1147 3243 1202 scribere
3299 1145 3486 1200 statui.
3535 1146 3604 1200 At
3643 1142 3818 1212 prius-

2174 1250 2334 1307 quam
2394 1251 2456 1291 ea
2513 1251 2636 1306 quae
2684 1237 2871 1291 dicere
2923 1235 3140 1290 decrevi
3180 1247 3447 1300 enarrem,
3489 1232 3636 1303 ignis
3671 1231 3818 1286 scin-

2173 1326 2363 1392 tillam,
2407 1341 2566 1396 quam
2608 1340 2709 1396 ego
2742 1326 2836 1381 Dei
2868 1324 3249 1381 misericordia
3285 1323 3505 1392 adjutus
3533 1320 3812 1376 memoriae

2175 1416 2546 1471 commendavi
2596 1415 2652 1470 in
2700 1415 2936 1484 quodam
2984 1415 3190 1470 scrinio
3230 1413 3452 1483 Optimis
3508 1410 3818 1482 margaritis

2177 1507 2405 1569 imbuto,
2440 1505 2576 1562 foris
2623 1520 2848 1576 pauper,
2899 1507 3047 1561 intus
3083 1505 3293 1560 divitiis
3343 1501 3576 1559 afﬂuens
3614 1501 3814 1572 reperi,

2175 1596 2242 1651 ad
2293 1597 2387 1651 Dei
2432 1597 2698 1651 honorem
2748 1601 2804 1650 et
2849 1595 2993 1651 beati
3039 1594 3312 1651 Ambrosii
3361 1592 3601 1658 laudem,
3633 1591 3814 1646 debita

2176 1685 2374 1740 ductus
2427 1684 2730 1740 reverentia
2779 1683 3009 1740 edicam.
3041 1684 3171 1750 Quae
3223 1681 3404 1737 omnia
3451 1680 3663 1735 utinam
3703 1682 3818 1734 Am-

443 1779 549 1834 que
602 1767 985 1822 sacerdotibus
1035 1783 1190 1837 passa
1238 1771 1518 1837 sustinuit,
1571 1773 1663 1841 qui
1717 1772 2010 1829 dulcedine
2051 1770 2444 1830 “Bbrosianae
2495 1774 2746 1829 ecclesia:
2795 1788 2969 1843 usque
3008 1774 3061 1828 in
3104 1772 3264 1827 linem
3302 1771 3344 1802 ²⁰
3383 1769 3817 1826 consedentibus

442 1855 654 1910 ordinis
683 1863 887 1912 sancta:
928 1857 1300 1914 Ambrosianaa
1346 1860 1608 1914 Ecclesiae
1661 1863 1727 1916 ab
1776 1861 1914 1930 ipsis
1965 1861 2082 1917 fue-

442 1949 563 1998 rant
593 1944 880 1999 cunabulis
912 1945 1104 2000 nutriti
1129 1946 1188 2013 ",
1231 1948 1432 2016 quibus
1483 1947 1625 2004 foret
1653 1949 1951 2020 gloriosum
1984 1965 2085 2020 pro

436 2046 550 2087 suae
604 2032 866 2088 Ecclesiae
915 2034 1244 2091 utilitatibus
1292 2042 1521 2092 mortem
1571 2039 1867 2103 sustinere,
1913 2053 2082 2108 pauca

438 2133 560 2189 qua:
609 2121 765 2176 libris
814 2123 978 2178 variis
1026 2138 1090 2178 ac
1146 2125 1432 2191 chartulis,
1495 2126 1690 2196 plateis
1745 2128 2084 2184 conculcatis

438 2209 641 2278 reperi,
675 2216 729 2264 et
776 2224 806 2264 a
855 2210 987 2266 viris
1023 2211 1308 2268 virissimis
1356 2221 1411 2269 et
1459 2214 1748 2270 catholicis
1802 2216 1973 2271 didici
2031 2224 2085 2273 et

2169 1864 2248 1918 sic
2296 1871 2482 1919 essent
2527 1863 2692 1918 chara
2741 1869 2799 1917 ut
2828 1871 2955 1917 sunt
3002 1860 3382 1931 acceptabilia,
3415 1860 3496 1915 sic
3543 1858 3735 1914 dulcia
3763 1865 3815 1913 ut

2167 1958 2295 2008 sunt
2325 1951 2626 2018 salutifera,
2671 1952 2752 2006 sic
2799 1949 3053 2005 amabilia
3108 1955 3168 2005 ut
3210 1954 3340 2005 sunt
3380 1962 3446 2004 ex
3504 1947 3681 2004 corde
3721 1945 3817 2002 fra-

2169 2047 2326 2096 terno
2360 2041 2654 2095 manantia.
2690 2040 2840 2106 Vale,
2888 2046 3081 2110 pater!
3127 2053 3248 2094 cum
3307 2036 3566 2094 omnibus
3613 2037 3815 2092 sanctis

2167 2129 2541 2185 Ambrosianae
2580 2127 2840 2184 Ecclesiae
2871 2127 3232 2184 dilectoribus
3273 2125 3492 2198 gaudiis
3529 2126 3816 2195 sempiter-

2172 2219 2257 2273 nis
2297 2216 2502 2288 perfrui
2533 2217 2771 2273 feliciter
2801 2217 3002 2273 valeas.

1510 2419 1904 2505 INCIPIT
1960 2421 2286 2506 LIBER
2349 2421 2751 2505 PRIMUS

522 2607 566 2661 l.
609 2610 1062 2680 Quandoquidem
1112 2615 1389 2684 sapientes
1430 2615 1725 2686 eximiique
1755 2617 1878 2684 viri,
1929 2617 2085 2672 multi

445 2698 643 2765 peritia
683 2699 899 2767 imbuti,
941 2706 1060 2757 acta
1111 2709 1438 2774 temporum,
1494 2707 1826 2762 mutationes
1881 2719 2084 2772 rerum,

445 2792 597 2855 gesta
664 2787 884 2856 ducum,
947 2791 1135 2861 praalia
1206 2807 1417 2864 regum,
1477 2795 1780 2850 seditiones
1848 2795 2087 2859 urbium,

447 2877 847 2934 commotiones
879 2881 1227 2950 populorum,
1262 2883 1433 2953 polite
1475 2884 1540 2940 ad
1583 2885 1806 2940 tutelam
1833 2886 2093 2954 juvenum

2168 2617 2416 2674 sociavit.
2469 2617 2569 2684 Qui
2601 2616 2720 2689 (32)
2756 2624 2892 2673 nutu
2941 2616 3126 2672 divino
3156 2615 3263 2672 hoc
3312 2628 3341 2670 a
3393 2613 3815 2670 clementissimo

2173 2707 2511 2776 imperatore
2543 2706 2714 2761 totius
2743 2705 2896 2761 orbis
2923 2704 3306 2760 Valentiniano
3345 2703 3596 2759 directus
3634 2701 3819 2757 meruit

2174 2795 2364 2850 audire
2399 2815 2410 2850 :
2448 2813 2475 2847 «
2508 2795 2674 2854 Vade.
2703 2809 2802 2865 age
2834 2808 2944 2850 non
2976 2799 3036 2849 ut
3053 2793 3224 2863 judex
3249 2792 3344 2848 sed
3370 2799 3429 2847 ut
3445 2792 3760 2861 episcopus.
3792 2810 3814 2838 ι)

2177 2886 2346 2939 Tanta
2397 2884 2540 2940 enim
2589 2883 2764 2954 gratia
2803 2889 2859 2938 et
2911 2889 3060 2938 tanta
3115 2896 3212 2938 sua
3261 2880 3645 2936 misericordia
3702 2891 3814 2934 eum

451 2969 505 3016 et
551 2966 854 3022 custodiam
905 2983 1094 3026 senum
1147 2978 1446 3026 tractantes
1503 2972 1798 3041 reliquere,
1832 2979 1886 3026 et
1942 2973 1977 3002 ²¹
2038 2971 2092 3025 in
2117 2974 2438 3044 gDominus
2494 2972 2794 3038 decoravit,
2827 2978 2888 3028 ut
2935 2971 3188 3028 inimicos
3235 2969 3639 3040 patientissime
3690 2981 3815 3024 con-

452 3055 690 3120 posteris
729 3060 967 3111 tutamen
1000 3064 1054 3113 et
1084 3059 1373 3114 multarum
1402 3074 1582 3115 rerum
1613 3060 1856 3116 solamen
1890 3080 1902 3115 :
1937 3060 2098 3116 decet

453 3151 600 3195 nunc
631 3142 800 3198 multo
834 3147 1004 3215 magis
1042 3147 1189 3202 viros
1218 3147 1527 3218 religiosos,
1558 3149 1756 3218 spiritu
1787 3149 1972 3206 divino
2011 3165 2097 3205 re-

455 3228 653 3298 pletos,
686 3231 801 3286 suis
830 3235 1159 3303 sequacibus
1207 3237 1315 3291 imo
1346 3237 1460 3292 suis
1492 3236 1751 3293 fratribus
1796 3238 1864 3294 ad
1903 3244 2098 3294 caute-

453 3317 558 3374 lam
606 3320 907 3376 animarum
958 3323 1228 3394 simulque
1274 3338 1588 3395 corporum,
1648 3327 1911 3397 quicquid
1957 3341 2095 3397 aug-

454 3409 620 3463 menti
666 3409 749 3464 vel
791 3409 1106 3467 detrimenti
1163 3415 1549 3483 prospexerint
1578 3414 1640 3483 ²²,
1682 3415 1918 3487 benigne
1965 3414 2097 3470 inti-

454 3511 601 3554 mare
631 3512 695 3553 ac
736 3499 1154 3569 praclarissime
1186 3502 1490 3560 dilucidare
1516 3523 1530 3570 ;
1573 3511 1843 3575 quatenus
1871 3518 2094 3561 suorum

453 3601 719 3656 sequaces
766 3588 942 3645 lacum
995 3599 1310 3662 serpentum
1371 3599 1427 3649 et
1459 3593 1501 3624 ’³
1557 3601 1771 3650 antrum
1821 3594 2094 3665 aspidum,

453 3691 780 3748 caveamque
810 3678 1109 3734 draconum
1140 3681 1410 3752 silvasque
1444 3683 1662 3738 leonum
1707 3683 2092 3753 praevidentes,
2120 3745 2125 3749 _

455 3766 690 3836 benigne
721 3767 905 3822 edocti
936 3775 1202 3839 cauteque
1235 3772 1451 3839 muniti,
1475 3779 1530 3828 et
1558 3772 1625 3827 ab
1664 3771 1775 3827 illis
1803 3787 1862 3828 se
1883 3771 2098 3828 valeant

457 3855 694 3923 eripere,
727 3861 781 3910 et
811 3855 948 3910 alios
978 3859 1251 3914 monendo
1281 3874 1310 3914 a
1342 3866 1517 3916 morte
1539 3860 1794 3926 liberare,
1827 3875 2098 3917 memores

458 3940 764 3996 Salomonis
810 3943 1103 4012 Sapientia;
1144 3945 1380 4002 dicentis
1415 3969 1426 4003 :
1464 3968 1490 3999 «
1533 3951 1830 4018 Propterea
1878 3949 2095 4005 habebo

461 4043 559 4097 per
591 4029 730 4084 hanc
766 4030 1249 4101 immortalitatem,
1284 4042 1339 4090 et
1377 4037 1691 4092 memoriam
1731 4044 1991 4093 aeternam
2029 4038 2097 4092 ab

461 4116 547 4171 his
576 4118 668 4187 qui
722 4126 846 4188 post
889 4135 974 4175 me
1005 4126 1219 4178 venturi
1259 4131 1407 4182 sunt.
1452 4142 1480 4176 »
1521 4127 1663 4196 tSap.
1713 4141 1825 4192 VIII,
1867 4124 1974 4196 13.)
2018 4126 2098 4182 Ob

459 4204 599 4261 hanc
630 4220 846 4263 causam
877 4209 1164 4266 ecclesiam
1195 4213 1370 4268 sancti
1419 4212 1910 4285 gloriosissimique
1960 4228 2097 4270 con-

2179 3067 2438 3128 verteret,
2472 3067 2526 3117 et
2555 3061 2671 3117 suis
2700 3061 2894 3116 ovibus
2931 3060 3040 3115 imo
3071 3060 3187 3115 suis
3217 3059 3343 3114 filiis
3391 3059 3705 3114 rudimenta
3734 3069 3819 3111 ca-

2180 3151 2401 3206 tholica:
2432 3149 2557 3206 fidei
2591 3156 2650 3206 ut
2679 3164 2840 3205 verus
2868 3149 3127 3220 magister
3155 3154 3210 3204 et
3238 3147 3437 3204 doctor
3467 3147 3721 3203 ecclesiae
3742 3160 3823 3201 ca-

2179 3239 2393 3294 ritative
2423 3239 2870 3295 amministraret.
2911 3239 3011 3306 Qui
3060 3237 3288 3308 primus,
3321 3237 3376 3293 id
3423 3243 3509 3292 est
3537 3235 3819 3300 maximus,

2179 3327 2654 3397 metropolitanam
2721 3341 2919 3398 regens
2993 3325 3311 3382 cathedram
3354 3367 3371 3390 ,
3448 3324 3826 3380 ordinationes

2179 3415 2632 3485 presbiterorum,
2695 3416 3074 3482 diaconorum,
3114 3414 3606 3482 subdiaconorum,
3658 3413 3825 3469 cleri-

2177 3517 2387 3570 eorum,
2420 3503 2706 3572 laicorum,
2740 3517 2954 3568 senum,
2977 3505 3262 3573 juvenum,
3305 3502 3562 3567 militum,
3596 3501 3825 3573 populo-

2177 3607 2336 3658 rum,
2402 3593 2671 3664 virginum
2726 3606 3006 3649 sacrarum
3054 3599 3109 3648 et
3161 3592 3395 3663 innupte
3461 3591 3819 3655 manentium,

2179 3681 2494 3737 maritarum
2513 3679 2576 3749 “,
2617 3680 2920 3747 viduarum,
2962 3680 3355 3751 orphanorum,
3385 3680 3824 3751 peregrinorum,

2179 3775 2234 3824 et
2264 3771 2541 3840 hospitum
2573 3769 2908 3826 lucidissime
2950 3769 3378 3840 praeordinavit;
3424 3773 3481 3824 et
3517 3765 3823 3824 ordinando

2180 3860 2396 3915 curiose
2452 3859 2599 3929 quod
2657 3859 2739 3914 sui
2803 3858 3014 3914 ordinis
3079 3857 3411 3929 religiositas
3461 3856 3814 3928 exposcebat,

2181 3945 2360 4002 facere
2391 3948 2637 4014 curabat,
2669 3961 2733 4002 ac
2764 3945 3017 4003 faciendo
3061 3946 3200 4002 alios
3221 3946 3505 4002 mitissime
3535 3945 3823 4010 edocebat,

2181 4049 2388 4092 memor
2415 4035 2563 4092 illius
2591 4035 2865 4106 Evangelii
2895 4036 3131 4106 dicentis
3163 4055 3176 4091 :
3213 4056 3239 4084 α
3281 4037 3440 4091 Prius
3467 4036 3640 4106 erepit
3665 4037 3819 4091 Iesus

2180 4123 2360 4180 facere
2398 4139 2559 4195 quam
2600 4125 2822 4181 docere.
2868 4145 2892 4173 ››
2937 4125 3065 4180 Erat
3102 4125 3247 4180 enim
3277 4125 3719 4195 sapientissimus
3764 4123 3816 4177 in

2185 4214 2598 4284 praedicatione,
2648 4214 2888 4270 disertus
2939 4214 2994 4269 in
3038 4213 3271 4284 judicio,
3323 4214 3538 4269 cunctis
3577 4212 3827 4268 ﬁdelibus

457 4293 682 4350 fessoris
719 4297 990 4353 Ambrosii
1044 4315 1202 4370 quam
1244 4301 1411 4370 clare,
1455 4303 1655 4370 lucide,
1687 4310 1851 4374 atque
1898 4303 2522 4374 ymnis,1)mitissimus,
2564 4303 2928 4374 omnibusque
2967 4301 3282 4358 infidelibus
3331 4301 3499 4368 mitis,
3557 4300 3830 4372 placidus,

455 4386 694 4455 organis,
736 4388 1096 4457 symphoniis,
1139 4391 1393 4447 melodiis
1430 4407 1528 4462 per
1559 4399 1731 4448 totum
1772 4394 1960 4449 orbem
1993 4401 2103 4450 ter-

457 4488 638 4530 rarum
670 4476 912 4543 emicuit,
946 4477 1266 4548 inquantum
1316 4481 1604 4537 scientiola
1644 4497 1761 4538 mea
1792 4483 2099 4553 exprimere

458 4564 707 4631 valuerit,
759 4573 921 4635 prout
970 4571 1215 4638 comperi
1265 4571 1412 4626 etin
1453 4573 1679 4628 veritate
1727 4572 1917 4640 didici,
1961 4588 2102 4628 euu-

457 4654 637 4710 cleare
676 4655 932 4711 studebo.
966 4658 1151 4728 lgytur
1177 4659 1495 4715 Ambrosius
1516 4660 1727 4728 doctor,
1762 4666 1822 4717 ut
1850 4662 2102 4732 egregius

461 4750 648 4812 pastor
678 4742 863 4799 infulis
884 4745 1215 4816 praefulgens
1244 4747 1672 4818 episcopalibus,
1700 4749 1792 4804 Dei
1812 4749 2100 4804 ecclesiam

459 4831 686 4887 mirifice
718 4832 1016 4902 decoravit,
1058 4841 1113 4890 et
1151 4842 1210 4890 ut
1239 4836 1443 4892 nobilis
1479 4835 1699 4892 adletha
1736 4837 1908 4892 lorica
1941 4838 2103 4906 spiri-

459 4921 684 4977 tualium
741 4923 1000 4979 virtutum
1067 4923 1373 4991 adornavit,
1442 4926 1659 4996 sibique
1714 4925 2100 4997 desponsatam

2185 4392 2404 4447 humilis
2431 4399 2594 4462 atque
2642 4407 2889 4456 serenus,
2933 4391 3226 4461 providens
3265 4391 3642 4462 dispensator,
3685 4390 3822 4444 dans

2179 4480 2376 4551 pabula
2405 4479 2659 4561 fortibus,
2693 4481 2897 4537 cibaria
2921 4480 3233 4550 juvenibus,
3276 4480 3536 4536 alimenta
3575 4479 3826 4545 senibus,

2181 4570 2520 4626 nutrimenta
2540 4570 3006 4638 adolescentibus,
3039 4582 3248 4625 memor
3267 4568 3506 4639 apostoli
3528 4568 3774 4625 dicentis
3803 4589 3816 4622 :

2181 4678 2209 4710 «
2248 4659 2512 4714 Omnibus
2539 4659 2721 4714 omnia
2750 4653 2925 4714 factus
2953 4672 3094 4724 sum,
3126 4665 3187 4712 ut
3219 4671 3411 4714 omnes
3439 4655 3828 4714 lucrifacerem

2182 4749 2241 4821 (Ι
2268 4752 2392 4808 Cor.
2423 4766 2495 4816 ιχ,
2544 4749 2646 4816 19).
2691 4769 2718 4802 »
2760 4749 2914 4805 Enim
2958 4748 3077 4820 (33)
3113 4748 3429 4820 providerat
3465 4747 3736 4804 Dominus
3766 4747 3834 4802 ab

2182 4840 2318 4910 ipsis
2355 4838 2644 4894 cunabulis
2664 4838 2705 4869 ’⁸
2734 4838 2840 4894 sibi
2883 4843 3158 4909 pastorem
3187 4844 3243 4894 et
3270 4837 3529 4894 ecclesiae
3558 4852 3674 4894 suae
3707 4838 3835 4894 bea-

2182 4933 2296 4982 tum
2337 4927 2683 4984 Ambrosium
2731 4941 2831 4998 per
2876 4925 3054 4983 favum
3101 4925 3280 4983 mellis
3327 4927 3476 4982 circa
3530 4927 3678 4983 labia
3717 4929 3834 4997 ejus

1813 5079 2038 5134 VARIE
2088 5078 2472 5135 LECTIONES.

525 5202 566 5235 ¹⁸
586 5201 949 5272 querentibus
967 5202 1027 5257 Β.
1090 5199 1148 5274 if‘
1168 5202 1247 5274 ita
1264 5201 1367 5258 A**
1382 5208 1438 5257 et
1461 5201 1660 5274 Blaneo
1690 5207 1817 5259 teste
1841 5207 1903 5260 A.
1947 5203 2208 5274 injustum
2246 5205 2339 5260 A".
2372 5206 2431 5261 Β.

2512 5204 2551 5236 ⁸⁵
2579 5205 2656 5261 ita
2690 5205 2750 5260 Β.
2773 5203 3010 5260 deestA"
3026 5204 3149 5261 A“.
3183 5202 3371 5260 Blanc.
3454 5203 3497 5235 ¹⁶
3527 5201 3827 5260 dulcedinis

457 5273 537 5330 BI.
604 5271 916 5348 “,enutriti
947 5275 1008 5348 Βἶ
1086 5271 1124 5303 ιθ
1154 5273 1296 5348 deest
1324 5275 1396 5348 Β.
1432 5346 1437 5348 Α
1464 5273 1504 5305 ¹⁹
1533 5273 1700 5348 etiBl.
1779 5274 1820 5307 ¹⁰
1849 5275 1956 5332 fine
1986 5271 2071 5331 Βι.
2150 5276 2189 5306 ²¹
2222 5276 2363 5331 deest
2394 5278 2452 5332 Β.
2530 5275 2571 5308 ⁸⁸
2600 5276 2983 5348 perspexerint
3013 5277 3074 5332 Β.
3148 5274 3191 5308 ⁸³
3221 5275 3363 5331 deest
3391 5276 3452 5330 Β.
3534 5274 3578 5306 ’⁵
3607 5275 3822 5331 marito-

459 5359 578 5402 rum
607 5345 694 5402 Βι.
769 5344 812 5376 ’⁸
839 5343 1026 5415 ἐξα-ΒΖ.
1055 5345 1346 5401 cunalibus
1375 5346 1448 5401 Α*
1484 5347 1542 5414 (γ)
1581 5347 1640 5401 Β.

2029 5464 2243 5519 NOT/E.

544 5585 653 5654 (32)
686 5590 746 5642 γ.
778 5585 990 5640 Paulini
1020 5585 1125 5641 Vit.
1159 5587 1214 5640 S.
1240 5585 1425 5641 Ambr.
1459 5585 1511 5640 8.

2231 5584 2338 5656 (33)
2379 5586 2442 5641 V.
2478 5583 2686 5640 Paulini
2720 5585 2777 5639 V.
2811 5581 3002 5641 Ambr.
3029 5583 3082 5641 3.
