4022 6160
217 285 311 340 821

1227 280 1538 336 HISTORIA
1575 279 2128 338 MEDIOLANENSIS.
2172 308 2241 320 —
2280 279 2477 335 LIBER
2516 280 2560 334 1.

3454 327 3466 334 ..
3480 279 3587 337 822

192 407 547 473 .distillantis,
579 412 743 476 atque
782 419 882 475 per
914 405 1175 476 Spiritum
1204 409 1452 461 sanctum
1483 404 1552 460 de
1583 419 1664 471 se,
1695 402 1928 473 quasiA
1947 404 2198 471 eximius,
2249 403 2547 460 Ecclesiam
2583 403 2680 460 Dei
2729 406 2889 472 prout
2939 404 3083 458 Deus
3112 417 3211 472 per
3241 405 3584 465 clementiam

217 499 281 554 de
310 509 374 553 eo
405 502 634 552 noverat
662 494 907 550 dictum:
947 511 975 544 «
1010 496 1082 550 De
1113 507 1210 550 ore
1264 494 1555 563 prudentis
1604 492 1858 561 procedit

194 586 316 643 ,mel
354 592 410 641 et
439 585 544 651 lac,
577 583 733 639 favus
761 583 1034 638 distillans
1064 583 1207 638 labia
1237 585 1377 652 ejus,
1411 582 1648 638 dulcedo
1679 580 1859 636 mellis

219 681 297 730 est
344 673 529 743 lingua
568 673 687 741 ejus
736 672 908 742 (Prov.
942 687 1055 736 xvr,
1096 670 1202 738 24;
1245 673 1397 727 Cant.
1441 686 1520 738 1v,
1551 670 1651 739 ll).
1687 690 1712 719 ιι
1755 668 1856 735 Qui

221 763 422 833 Spiritu
469 761 654 816 divino
702 761 1140 826 administrante,
1193 774 1292 829 pro
1332 766 1494 829 captu
1534 761 1855 830 cujusquam

223 858 275 908 et
301 851 532 906 scientia
561 856 726 920 atque
757 856 918 904 atate
948 850 1150 905 docere
1187 849 1465 912 studebat,
1496 850 1678 904 sciens
1707 846 1855 917 quod

222 940 501 1012 apostolus
529 940 702 995 dicit:
739 958 766 991 «
812 940 1024 994 Pascite
1070 953 1290 1008 gregem
1334 939 1453 1004 Dei,
1506 937 1859 1007 providentes

219 1044 321 1086 non
353 1035 567 1096 coacte,
621 1029 716 1084 sed
767 1036 1069 1098 spontanee
1115 1029 1417 1084 secundum
1457 1029 1646 1094 Deum,
1679 1041 1858 1095 neque

218 1119 387 1189 turpis
416 1117 557 1174 lucri
585 1120 814 1189 gratiam
853 1123 1146 1178 sectantes.
1189 1117 1286 1172 sed
1316 1117 1645 1182 voluntarie,
1677 1121 1857 1186 neque

221 1216 275 1264 ut
302 1208 652 1264 dominantes
699 1207 755 1264 in
805 1207 988 1270 cleris,
1021 1205 1118 1262 sed
1164 1204 1354 1261 forma
1393 1204 1520 1261 facti
1569 1206 1754 1276 gregis
1791 1219 1858 1261 ex

216 1298 412 1365 animo,
446 1302 527 1363 ut,
562 1311 684 1352 cum
729 1296 1047 1368 apparuerit
1086 1297 1344 1364 princeps
1376 1301 1681 1365 pastorum,
1724 1309 1855 1364 per-

175 1399 181 1404 ·
215 1385 424 1456 cipiatis
484 1386 992 1441 immarcescibilem
1051 1397 1310 1440 coronam
1351 1383 1406 1454 (Ι
1439 1386 1580 1439 Patr.
1622 1399 1678 1451 v,
1711 1382 1790 1452 2).
1826 1403 1852 1432 n

215 1476 276 1530 Et
317 1476 462 1547 item
520 1475 759 1545 apostoli
807 1475 992 1530 Petri:
1027 1492 1056 1525 «
1087 1473 1388 1528 Ministrate
1437 1474 1494 1528 in
1525 1473 1632 1528 ﬁde
1673 1478 1856 1528 vestra

215 1565 487 1632 virtutem,
539 1564 594 1620 in
650 1564 852 1619 virtute
907 1569 1089 1618 autem
1145 1562 1453 1628 scientiam,
1508 1563 1565 1616 in
1622 1561 1854 1617 scientia

209 1661 382 1710 autem
443 1654 870 1721 abstinentiam;
919 1653 974 1707 in
1022 1652 1354 1708 abstinentia
1401 1656 1582 1707 autem
1633 1652 1856 1721 patien-

1942 507 2095 548 suam
2142 499 2307 563 atque
2358 500 2607 548 sanctum
2653 493 2915 562 Spiritum
2955 492 3128 562 ipsam
3158 493 3262 549 sibi
3310 499 3586 554 concessit

1941 588 1996 636 et
2043 582 2312 652 permisit,
2344 581 2601 637 omnibus
2640 581 2820 636 modis
2861 587 3026 650 atque
3075 582 3226 637 omni
3273 586 3581 651 conamine,

1939 670 2030 726 die
2059 687 2122 727 ac
2151 677 2314 727 nocte
2354 671 2693 750 meditando,
2733 670 3050 736 scribendo,
3084 671 3338 742 legendo,
3383 674 3585 742 pradi-

1939 760 2146 825 cando,
2172 760 2427 816 exaltavit
2470 766 2525 815 et
2564 759 2791 815 miriﬁce
2822 760 3134 814 decoratam
3166 761 3399 815 ornavit.
3432 763 3579 818 Miti-

1938 857 2062 918 gata
2108 850 2462 904 Arrianorum
2511 848 2742 918 perﬁdia
2789 853 2952 917 atque
3006 849 3442 905 scismaticorum
3491 850 3583 905 de-

1937 938 2081 993 victa
2139 939 2404 1007 nequitia,
2446 937 2680 1006 quadam
2737 937 2827 990 die
2867 941 2993 990 ante
3052 937 3286 992 natalem
3344 938 3578 1007 Domini,

1939 1040 2062 1081 cum
2101 1026 2252 1082 solus
2291 1027 2524 1081 dictaret
2552 1055 2621 1064 —
2660 1025 2757 1080 sed
2797 1038 2908 1080 non
2947 1030 3066 1080 erat
3102 1025 3273 1091 solus,
3311 1041 3432 1082 cum
3471 1041 3581 1097 quo

1940 1122 2057 1171 erat
2103 1115 2248 1171 Deus
2275 1144 2348 1154 —
2393 1120 2454 1170 ut
2500 1115 2680 1170 bonus
2727 1121 2916 1184 pastor
2953 1114 3094 1169 ovile
3132 1116 3472 1171 Dominicnm
3512 1117 3580 1173 ad

1940 1205 2153 1260 Domini
2201 1203 2419 1259 laudem
2457 1203 2700 1258 animare
2741 1209 2796 1258 et
2829 1204 3191 1259 corroborare
3240 1205 3580 1273 desiderans,

1939 1293 2183 1364 cogitare
2248 1295 2418 1362 capit
2476 1292 2754 1362 quomodo
2809 1293 2894 1348 vel
2952 1293 3190 1362 qualiter
3245 1295 3581 1362 sacerdotes,

1939 1384 2221 1449 diacones,
2281 1390 2608 1452 ceterosque
2665 1382 2911 1447 ordines,
2970 1389 3185 1448 cantus,
3241 1385 3452 1449 missas,
3495 1399 3585 1440 ve-

1938 1487 2147 1542 speras,
2191 1473 2450 1541 psalmos,
2477 1479 2533 1526 et
2561 1478 2745 1527 cetera
2765 1471 2951 1526 divino
2973 1471 3122 1526 cultu
3145 1486 3387 1544 congrua
3417 1478 3582 1543 atque

1938 1561 2319 1617 convenientia
2358 1559 2780 1630 praordinaret,
2812 1560 2925 1614 sive
2954 1561 3164 1629 primus
3191 1569 3386 1617 cantus
3414 1563 3582 1618 deno-

1936 1655 2096 1715 taret,
2143 1664 2241 1704 seu
2288 1655 2414 1704 ante
2454 1649 2679 1704 ordines
2709 1654 2763 1702 et
2801 1648 3037 1704 clericos
3065 1651 3132 1704 ad
3173 1650 3339 1706 ofﬁcii
3376 1652 3579 1720 gradus

209 1743 353 1810 tiam,
392 1744 451 1799 in
491 1742 756 1814 patientia
797 1749 978 1798 autem
1018 1742 1296 1812 pietatem,
1329 1742 1384 1796 in
1425 1741 1627 1811 pietate
1663 1740 2237 1803 autemBordinaret.
2297 1740 2483 1793 Visum
2532 1743 2615 1793 est
2660 1737 2767 1792 sibi
2825 1745 2880 1793 et
2919 1738 3126 1807 placuit
3170 1739 3578 1796 ecclesiasticos

207 1845 444 1888 amorem
502 1831 882 1899 fraternitatis,
923 1833 978 1887 in
1036 1845 1221 1900 amore
1259 1836 1440 1887 autem
1489 1829 1850 1886 fraternitatis

206 1920 527 1978 charitatem
568 1921 652 1991 (II
678 1924 819 1977 Petr.
855 1937 893 1988 1,
925 1919 1002 1989 ὃ).
1032 1942 1056 1970 ν
1092 1922 1150 1976 In
1181 1920 1265 1975 via
1297 1921 1392 1976 Dei
1423 1919 1632 1985 ﬁrmus,
1663 1921 1851 1976 catho-

207 2008 310 2064 lica
355 2011 463 2067 ﬁde
501 2011 729 2078 ﬁrmior,
762 2011 894 2067 boni
942 2011 1212 2080 propositi
1262 2009 1662 2080 infatigabilis;
1701 2009 1847 2065 unde

204 2100 641 2168 sapientissimus
689 2100 944 2156 Salomon
992 2101 1116 2156 ait:
1163 2121 1186 2149 α
1223 2101 1352 2156 Esto
1392 2100 1600 2165 ﬁrmus,
1651 2098 1747 2161 ﬁli,
1790 2100 1845 2154 in

205 2188 289 2242 via
327 2189 426 2244 Dei
458 2197 514 2246 et
542 2192 596 2245 in
627 2191 829 2246 virtute
858 2203 1054 2245 sensus
1091 2190 1170 2244 tui
1202 2195 1257 2243 et
1285 2188 1537 2254 scientia,
1570 2191 1626 2242 et
1656 2200 1845 2256 prose-

197 2283 400 2345 quatur
429 2286 486 2334 te
525 2280 747 2335 verbum
798 2280 948 2348 pacis
995 2284 1051 2333 et
1082 2277 1313 2346 justitia
1355 2275 1548 2348 (Eccli.
1582 2293 1638 2339 v,
1677 2275 1780 2348 l2).
1816 2297 1841 2325 ι

193 2366 250 2421 In
318 2373 537 2422 tantum
605 2367 890 2436 religionis
957 2366 1360 2422 honestissima
1425 2370 1481 2420 et
1546 2365 1773 2421 honoris
1805 2365 1848 2396 ’⁸

186 2455 466 2510 Ecclesia
502 2456 599 2510 Dei
631 2469 798 2525 super
836 2468 1027 2510 omnes
1064 2454 1234 2509 Italia
1261 2454 1510 2509 civitates
1537 2454 1846 2510 ordinando

184 2544 500 2613 episcopos
547 2558 728 2600 ramos
771 2544 1123 2611 extendebat,
1155 2550 1216 2598 ut
1244 2543 1514 2613 sapientia
1543 2542 1848 2598 Salomonis

184 2634 286 2689 sub
327 2633 554 2688 alterna
602 2634 787 2702 specie
828 2633 896 2689 de
944 2633 1041 2688 illo
1087 2633 1572 2700 s‘ermocinaretur,
1605 2632 1796 2687 dicens
1830 2651 1842 2687 :

190 2742 214 2772 ι
237 2724 352 2794 Ego
379 2722 553 2792 quasi
584 2722 933 2778 tberebintus
962 2723 1186 2778 extendi
1217 2734 1398 2776 ramos
1427 2734 1598 2786 meos,
1623 2726 1679 2775 et
1708 2720 1843 2775 rami

193 2811 585 2883 meihonoris
637 2818 692 2866 et
741 2811 934 2882 gloria
993 2811 1180 2880 (Evoti.
1220 2826 1366 2875 xxiv,
1400 2809 1509 2878 22).
1545 2830 1570 2858 ι
1613 2811 1678 2864 Et
1715 2809 1842 2864 item

201 2900 444 2970 ejusdem
475 2900 543 2955 ad
575 2900 1020 2956 corroborandos
1049 2906 1104 2956 et
1142 2899 1538 2956 collaudandos
1566 2897 1757 2953 ﬁdeles
1786 2897 1841 2952 in

203 3002 435 3058 persona
472 2989 689 3045 Domini
737 2994 793 3044 et
829 2989 1089 3045 Ecclesia
1137 2988 1382 3044 insonuit
1423 2987 1718 3052 hortando,
1751 2986 1840 3041 di-

1929 1829 2076 1884 viros
2113 1826 2384 1883 catholica
2438 1827 2544 1882 ﬁde
2605 1827 2849 1882 imbutos
2886 1828 2998 1883 Deo
3047 1827 3244 1883 devote
3292 1828 3571 1896 ordinare,

1929 1923 1986 1972 et
2013 1917 2232 1973 assidue
2261 1930 2447 1972 secum
2479 1916 2704 1983 habere,
2727 1931 2792 1971 ac
2822 1916 3040 1972 illorum
3072 1917 3338 1974 conscilio
3359 1918 3574 1974 Domini

1929 2007 2273 2062 ministrante
2329 2007 2504 2076 gratia
2559 2011 2758 2061 cuncta
2811 2006 3130 2074 disponere.
3191 2008 3291 2073 Qui
3350 2013 3576 2062 cunctas

1928 2110 2113 2151 sacras
2141 2109 2205 2150 ac
2234 2101 2452 2149 sanctas
2481 2095 2792 2163 Scripturas
2821 2101 2875 2150 et
2914 2095 3318 2164 descriptiones
3347 2097 3573 2165 patriar-

1929 2185 2174 2249 charum,
2209 2184 2599 2252 prophetarum
2648 2183 3028 2252 supervidens,
3063 2184 3118 2238 in
3158 2185 3359 2253 quibus
3407 2187 3573 2240 Deum

1930 2278 1986 2328 et
2023 2273 2354 2328 Salvatorem
2393 2279 2641 2327 nostrum
2683 2273 2920 2340 posteris
2959 2273 3215 2327 omnibus
3244 2273 3311 2327 ad
3343 2273 3574 2328 salutem

1928 2377 2079 2419 suam
2128 2368 2184 2418 et
2232 2361 2535 2432 proﬁcuum
2585 2360 2818 2416 aliorum
2868 2363 2921 2416 in
2969 2361 3189 2417 Christo
3221 2362 3577 2417 credentibus

1928 2452 2318 2522 prophetarum
2340 2451 2419 2517 ²⁸;
2472 2465 2585 2520 pra
2635 2455 2852 2506 ceteros
2880 2449 2923 2480 ’θ
2970 2450 3146 2505 visum
3185 2457 3269 2505 est
3315 2451 3421 2505 sibi
3473 2465 3574 2520 pa-

1929 2541 2286 2596 triarcham’o
2317 2540 2484 2595 David
2525 2541 2593 2596 de
2633 2539 3012 2595 incarnatione
3050 2539 3264 2594 Domini
3305 2553 3405 2609 per
3444 2551 3574 2609 par-

1929 2637 2043 2686 tum
2087 2630 2333 2700 virginis,
2367 2636 2422 2685 et
2451 2630 2520 2685 de
2559 2630 2814 2699 passione
2854 2644 2953 2699 per
2975 2630 3169 2684 Iudam
3209 2629 3569 2699 proditorem,

1928 2724 1984 2775 et
2011 2719 2080 2774 de
2119 2718 2546 2783 resurrectione,
2580 2723 2634 2772 et
2673 2718 2741 2773 de
2780 2718 3124 2787 apparitione
3164 2725 3290 2787 post
3327 2731 3570 2773 resurre-

1927 2807 2189 2873 ctionem,
2223 2814 2277 2861 et
2306 2806 2584 2875 quomodo
2624 2806 2916 2862 scanderet
2952 2806 3124 2862 cales
3161 2806 3402 2861 nubibus
3439 2820 3566 2860 sus-

1924 2896 2258 2965 cipientibus
2303 2909 2448 2961 cum,
2489 2895 2804 2952 videntibus
2852 2894 3160 2964 discipulis,
3203 2894 3465 2963 praclare
3513 2899 3568 2951 et

1924 2984 2260 3039 lucidissime
2325 2997 2494 3052 super
2549 2989 2779 3039 cunctos
2835 2983 3214 3052 prophetasse.
3274 2983 3375 3049 Qui
3441 2995 3565 3038 cum

201 3093 326 3136 cens
361 3080 403 3111 ’⁷
446 3099 458 3135 :
503 3099 529 3128 ι
581 3081 693 3151 Ego
752 3081 907 3150 quasi
959 3079 1088 3134 vitis
1143 3078 1465 3134 fructiﬁcavi
1521 3078 1840 3133 suavitatem
1863 3072 2289 3142 Cpraviderent
2342 3087 2440 3141 per
2485 3071 2744 3140 Spiritum
2795 3078 3042 3127 sanctum
3092 3071 3196 3126 sibi
3251 3070 3508 3126 collatum
3525 3071 3561 3101 ³¹

199 3168 400 3234 odoris,
443 3176 499 3223 et
548 3169 714 3224 ﬁores
768 3169 874 3224 mei
931 3167 1142 3223 fructus
1189 3168 1427 3223 honoris
1463 3172 1518 3222 et
1572 3167 1836 3222 honesta-

186 3258 281 3314 tis.
338 3260 453 3329 Ego
502 3258 749 3328 pulchra
805 3257 1121 3334 dilectionis
1161 3264 1354 3324 mater,
1402 3262 1458 3311 et
1514 3256 1727 3311 timoris
1783 3261 1838 3310 et

195 3346 486 3415 agnitionis
519 3351 573 3402 et
609 3353 814 3402 sancta
843 3347 961 3415 spei
995 3345 1174 3416 (Ibid.,
1206 3344 1314 3413 23).
1346 3363 1374 3397 »
1411 3346 1518 3401 Sed
1563 3358 1685 3399 cum
1730 3343 1838 3400 do-

200 3435 368 3490 minus
406 3441 603 3506 noster
641 3449 705 3490 ac
744 3434 915 3490 totius
961 3434 1184 3489 humani
1229 3433 1450 3503 generis
1496 3432 1834 3501 redemptor,

197 3537 286 3579 rex
321 3531 376 3580 et
413 3524 659 3580 salvator
695 3529 885 3579 noster
912 3523 1181 3587 Christus,
1224 3522 1372 3577 omni
1403 3521 1654 3577 humana
1685 3534 1840 3575 crea-

200 3616 326 3668 tura
393 3612 739 3684 evangelium
796 3612 992 3668 salutis
1055 3611 1343 3666 mitissime
1401 3624 1502 3680 per
1555 3608 1839 3679 apostolos

195 3709 350 3771 atque
388 3703 656 3759 doctores
692 3701 900 3772 Spiritu
948 3706 1141 3755 sancto
1190 3698 1624 3754 amministrante
1665 3697 1840 3753 denu-

196 3789 389 3859 dasset,
422 3793 637 3863 placuit
674 3791 780 3846 sibi
821 3790 1298 3860 praclarissimnm
1329 3788 1505 3843 virum
1544 3792 1710 3858 atque
1739 3787 1838 3864 dp-

197 3881 493 3938 ctissimum
547 3881 893 3936 Ambrosium
924 3879 1107 3934 divina
1145 3878 1376 3934 scientia
1414 3875 1607 3932 fultum
1637 3875 1836 3932 docto-

197 3970 340 4026 ribus
385 3971 526 4035 illis,
568 3970 625 4025 in
657 3979 903 4039 tempore
947 3969 1041 4040 qui
1081 3968 1366 4034 adherant,
1401 3967 1457 4021 in
1489 3966 1838 4022 ordinatione

196 4058 443 4116 Ecclesia
481 4073 606 4115 sua
637 4067 692 4114 et
723 4057 985 4114 misteriis
1024 4057 1290 4127 ejusdem,
1331 4055 1694 4126 symphoniis,
1727 4069 1840 4110 me-

195 4145 364 4214 lodiis,
395 4149 604 4219 ymnis,
645 4149 876 4203 canticis
933 4144 1316 4216 spiritualibus
1363 4143 1472 4214 (34)
1516 4143 1836 4199 sublimare.

199 4236 338 4293 Unde
369 4245 514 4294 nutu
544 4235 730 4293 divino
761 4244 845 4292 est
872 4234 1073 4291 factum
1105 4241 1186 4302 ut,
1219 4235 1363 4290 sicut
1399 4233 1676 4289 Iohannes
1710 4245 1839 4303 apo-

202 4325 365 4382 stolus
391 4334 446 4383 et
490 4325 954 4396 evangelistamm
986 4323 1219 4380 eximius
1257 4323 1402 4378 inter
1430 4328 1648 4378 ceteros
1677 4321 1839 4377 disci-

1920 3163 2217 3218 Ecclesiam
2265 3162 2360 3216 Dei
2405 3167 2653 3218 ornatam
2695 3161 2950 3217 ﬁdelibus
2984 3166 3040 3216 et
3077 3162 3188 3216 Deo
3219 3160 3471 3216 devotam
3510 3161 3563 3216 in

1919 3251 2136 3308 Christo
2178 3250 2460 3306 humiliter
2497 3264 2819 3320 summaque
2853 3265 2974 3306 cum
3006 3249 3300 3305 devotione
3331 3249 3570 3306 creditu-

1919 3355 2032 3395 ram
2058 3361 2072 3406 ;
2116 3340 2500 3410 prophetando
2531 3340 2586 3394 in
2619 3339 2807 3394 multis
2836 3338 3175 3408 argumentis
3203 3336 3564 3402 conﬁrmavit,

1921 3435 1977 3484 et
2027 3427 2402 3484 conﬁrmando
2459 3427 2646 3481 multis
2703 3425 2970 3493 exemplis
3027 3439 3127 3493 per
3179 3415 3459 3492 sapientes
3513 3430 3571 3479 et

1921 3524 2197 3582 cantores,
2247 3515 2488 3570 musicos
2545 3521 2710 3583 atque
2765 3514 3044 3578 doctores,
3098 3513 3253 3581 quasi
3311 3525 3567 3580 sponsam

1921 3606 2176 3663 omnibus
2231 3604 2528 3658 virtutibus
2582 3603 2902 3658 adornatam
2961 3602 3073 3654 Deo
3131 3599 3351 3668 optulit.
3411 3599 3566 3654 Unde

1921 3695 2114 3750 beatus
2162 3699 2494 3762 sanctusque
2544 3692 2742 3748 doctor
2783 3697 2839 3746 et
2881 3689 3140 3760 magister
3159 3688 3200 3720 ³¹
3246 3688 3567 3744 Ambrosius

1920 3783 2068 3840 velut
2105 3791 2364 3839 strenuus
2406 3781 2562 3836 miles
2593 3781 2660 3836 ad
2691 3779 2886 3835 vexilla
2918 3776 3332 3848 precedentium
3363 3776 3562 3832 ducum

1909 3887 1983 3930 ac
2043 3873 2111 3929 ad
2179 3871 2322 3928 bella
2387 3862 2725 3926 imminentia
2792 3868 3126 3924 unanimiter
3190 3866 3562 3922 hanelantium

1920 3962 2284 4034 prospiciens,
2349 3960 2548 4014 imitari
2615 3959 2780 4014 David
2847 3956 3103 4012 eximium
3171 3956 3563 4026 prophetarum

1919 4050 2234 4122 magistrum
2291 4047 2520 4113 studuit,
2554 4052 2609 4102 et
2636 4046 2705 4102 ad
2745 4048 2864 4116 ejus
2894 4045 3172 4115 exemplar
3210 4050 3265 4100 et
3303 4045 3562 4100 imitatio-

1920 4154 2044 4196 nem
2076 4139 2334 4210 psalmos,
2359 4142 2572 4202 cantus,
2595 4135 2969 4205 symphonias,
2994 4133 3281 4199 melodias,
3305 4133 3565 4200 clericos,

1920 4237 1975 4286 et
2005 4229 2187 4286 omnia
2225 4225 2600 4282 ecclesiastica
2637 4223 2838 4289 ofﬁcia,
2872 4225 2984 4278 Deo
3030 4221 3336 4290 opitulante
3367 4226 3421 4275 et
3451 4221 3568 4289 Spi-

1922 4319 2030 4374 ritu
2059 4323 2250 4373 saucto
2276 4315 2714 4378 administrante,
2739 4324 3073 4379 componere
3104 4316 3160 4364 et
3189 4308 3567 4378 praordinare

208 4414 352 4482 pulos
382 4417 732 4487 privilegium
763 4421 976 4480 tenens,
1005 4414 1191 4470 divino
1220 4412 1534 4468 admonitus
1563 4406 2152 4481 spiraculoDstudnit.
2186 4409 2317 4462 Cum
2359 4405 2504 4460 enim
2543 4401 2804 4459 Dominus
2841 4400 3192 4468 omnipotens
3221 4405 3273 4452 et
3322 4396 3568 4487 Salvator

204 4507 388 4562 meruit
439 4507 633 4562 dicere
679 4525 692 4561 :
740 4524 767 4556 «
807 4507 865 4560 In
898 4504 1173 4575 principio
1213 4509 1330 4558 erat
1358 4501 1594 4557 Verbum
1627 4507 1683 4556 et
1712 4503 1843 4556 Ver-

204 4591 321 4649 bum
353 4603 468 4651 erat
499 4594 650 4666 apud
681 4596 872 4660 Deum,
898 4601 953 4649 et
980 4595 1125 4648 Deus
1153 4597 1270 4647 erat
1289 4590 1555 4656 Verbum;
1590 4589 1694 4644 hoc
1725 4596 1843 4644 erat

203 4682 251 4737 in
304 4685 578 4756 principio
617 4683 764 4755 apud
811 4685 979 4739 Deum
1029 4683 1201 4752 (Joan.
1249 4697 1288 4748 1,
1337 4681 1379 4742 1)
1408 4701 1422 4748 ;
1452 4699 1478 4730 »
1519 4679 1600 4734 sic
1650 4679 1843 4734 beatus

207 4773 452 4843 magister
483 4780 542 4831 et
572 4773 771 4831 doctor
809 4773 1129 4829 Ambrosius
1157 4771 1303 4827 inter
1339 4775 1556 4826 ceteros
1584 4768 1845 4824 doctores

1926 4505 2115 4553 noster
2161 4495 2422 4550 Ecclesia
2470 4507 2585 4548 sua
2633 4489 2921 4546 catholica
2969 4499 3182 4542 murum
3222 4489 3440 4554 pararet
3471 4484 3565 4539 ad-

1924 4599 2113 4642 versus
2150 4583 2404 4640 inimicos
2450 4595 2601 4648 suos,
2632 4586 2687 4636 et
2726 4586 2930 4634 turrem
2979 4576 3217 4646 erigeret
3256 4574 3421 4629 David
3463 4587 3563 4642 pro

1926 4678 2090 4733 domo
2148 4673 2398 4729 ecclesia
2455 4685 2568 4727 sua
2628 4677 2793 4740 atque
2849 4679 3062 4722 murum
3116 4663 3302 4730 Israel,
3345 4669 3405 4718 ut
3448 4663 3566 4732 ejus

1925 4777 2182 4836 sponsam
2229 4763 2297 4817 ab
2356 4760 2672 4816 inﬁdelibus
2728 4754 3052 4813 defenderet
3098 4761 3153 4808 et
3208 4765 3428 4823 gregem
3485 4751 3565 4806 illi

1545 4939 1766 4994 VARLE
1820 4937 2102 4993 LECTION
2110 4935 2206 4990 ES.

265 5068 305 5099 ¹⁶
337 5070 580 5126 honores
606 5067 694 5124 Βι.

787 5068 828 5099 ²⁷
859 5068 914 5123 h.
946 5082 1010 5124 ac
1039 5069 1095 5124 d.
1128 5069 1187 5123 Β.
1220 5068 1332 5138 Ego
1362 5065 1618 5138 quasiL—
1645 5062 1949 5138 honestatis
1989 5061 2172 5138 desunt
2219 5059 2342 5138 A*‘_‘.

2441 5056 2483 5087 ’⁸
2512 5056 2587 5111 ita
2627 5069 2766 5110 corr.
2802 5053 2998 5119 Bel/tm.
3043 5049 3380 5122 prOphetaru
3409 5047 3563 5103 codd.

206 5136 244 5167 "
271 5142 345 5196 ita
374 5140 534 5197 codd.
560 5140 766 5197 ceteris
793 5138 879 5196 BL
957 5139 999 5172 ³ο
1026 5127 1336 5210 patriarcha
1363 5127 1429 5193 Β.
1505 5136 1544 5167 ³⁸
1587 5135 1840 5192 collatam
1868 5133 1953 5190 BI.
2030 5131 2072 5163 ³²
2102 5132 2156 5187 b.
2190 5147 2236 5186 s.
2269 5134 2319 5184 et
2348 5142 2398 5184 e.
2433 5142 2505 5184 m.
2538 5127 2720 5182 desunt
2744 5127 2799 5181 Β.

1774 5285 1992 5342 NOTAE.

269 5406 387 5530 934)
430 5412 562 5469 Hac
600 5428 700 5485 per
724 5413 1070 5471 Ambrosium
1109 5411 1361 5467 instituta
1399 5422 1540 5476 esse,
1581 5408 1840 5464 Paulinus

318 5480 352 5530 3
399 5488 454 5530 et
505 5486 838 5530 Angustian
884 5483 1041 5530 Cnnf.
1095 5484 1179 5530 IX-
1209 5483 1242 5530 ’7
1296 5479 1561 5530 referunt-
1598 5480 1695 5530 sed
1733 5479 1839 5530 alia

207 5491 254 5532 c.
289 5479 376 5558 l3;
399 5488 454 5537 et
501 5479 838 5558 Augustinus
884 5483 1041 5558 Conf.
1091 5484 1180 5549 lX,
1209 5483 1242 5534 7
1276 5479 1561 5558 referunt,
1598 5480 1696 5536 sed
1733 5479 1839 5535 alia

204 5551 512 5622 occasione,
555 5551 735 5630 hcque
773 5557 842 5614 de
881 5557 1136 5615 ordinum
1176 5552 1672 5611 ecclesiasticorum
1711 5563 1840 5607 con-

1923 5403 2217 5487 stitutione
2229 5401 2594 5487 _qui‘dquamu
2619 5398 2878 5469 produnt.
2937 5398 3019 5452 Ct.
3077 5393 3372 5466 Fumagalli
3437 5395 3562 5451 Ant.

1921 5475 2142 5533 Mediol.
2178 5475 2268 5542 lll,
2308 5473 2426 5540 101,
2457 5485 2616 5543 seqq.
