4022 6160
443 244 545 301 823

1528 246 1855 302 LANDULFI
1895 244 2428 302 MEDIOLANBNSIS
2464 243 2729 299 CLERlCI

3713 243 3815 296 8‘24

441 369 790 428 commissum
821 384 854 426 a
882 370 1027 442 lupis
1057 372 1346 442 rapacibus
1377 371 1654 435 liberaret,
1687 372 1802 441 qui,
1836 369 2078 442 quandiu
2098 369 2369 436 Aanelat,
2405 369 2574 440 ipsam
2624 371 2868 424 sanctam
2897 367 3216 424 Trinitatem
3248 373 3304 424 et
3350 379 3544 423 omnes
3591 373 3816 439 sanctos

442 461 596 526 vixit,
648 467 813 530 prout
859 462 1001 516 Deus
1049 475 1148 530 per
1200 461 1544 516 clementiam
1593 474 1746 516 suam
1786 461 2082 525 concessit,

443 550 696 606 ecclesiae
746 549 839 606 Dei
887 563 951 604 ac
1005 548 1193 619 populi
1239 550 1323 603 sui
1374 557 1430 604 et
1478 549 1766 605 multarum
1806 551 2083 606 civitatum

447 652 630 695 curam
671 651 888 709 gerens,
923 637 990 693 de
1028 650 1371 707 quacumque
1409 637 1515 693 sibi
1548 652 1644 707 per
1673 639 1908 710 legatum
1949 639 2082 694 iuti-

448 728 700 787 mabatur
764 733 927 796 prout
983 739 1084 782 nos
1140 727 1196 780 in
1253 740 1408 782 sacra
1465 729 1584 798 ejus
1638 729 1842 798 ystoria
1894 727 1962 784 de
2019 741 2084 783 eo

431 818 652 890 scripta
701 815 1026 881 invenimus,
1061 822 1120 870 ut
1157 815 1335 871 bonus
1369 823 1556 886 pastor
1584 816 1775 873 sedule
1806 817 2082 888 vigilabat,

450 907 663 966 curiose
721 905 975 960 circnens
1029 913 1223 974 gentes
1277 904 1539 970 diversas,
1594 914 1759 976 atque
1816 907 2083 974 civitates,

446 992 782 1064 tyrampnos,
814 1005 993 1064 reges,
1025 993 1216 1060 duces,
1259 1007 1451 1050 omnes
1497 996 1552 1050 in
1599 995 1817 1052 Christo
1857 1010 2086 1052 conver-

444 1082 614 1147 tebat,
657 1087 714 1137 et
761 1081 1059 1151 unicuique
1093 1083 1298 1138 civitati
1339 1091 1395 1138 et
1439 1084 1655 1139 cunctis
1704 1084 1958 1140 ﬁdelibus
1995 1099 2088 1155 pe-

442 1169 686 1226 tentibus
709 1170 1070 1240 similiterque
1093 1170 1348 1241 religiose
1370 1173 1746 1242 quaerentibus
1767 1173 2085 1243 episcOpum

442 1257 754 1324 ordinabat,
786 1265 841 1313 et
889 1259 1202 1314 ordinatum
1249 1264 1459 1314 summa
1490 1275 1610 1316 eum
1651 1262 1843 1317 laetitia
1883 1275 2086 1318 conse-

440 1345 648 1401 crabat.
683 1347 742 1400 In
775 1353 983 1401 tantum
1016 1347 1160 1402 enim
1190 1347 1436 1403 Ecclesia
1465 1349 1560 1404 Dei
1601 1350 1655 1404 in
1687 1350 1938 1405 manibus
1967 1351 2088 1420 ejus

441 1434 768 1504 pullulabat,
800 1441 860 1490 ut
891 1449 1082 1491 omnes
1112 1436 1362 1492 infideles
1399 1438 1455 1492 in
1488 1451 1652 1493 unum
1691 1437 2083 1504 adunarentur,

444 1531 500 1578 et
555 1523 721 1580 tacite
773 1532 1148 1593 supponentes
1203 1525 1433 1596 digitum
1491 1527 1574 1582 ori
1631 1541 1732 1583 suo
1790 1527 2082 1584 dicebant:

448 1630 476 1666 «
511 1615 647 1669 Vere
695 1613 900 1684 digitus
946 1614 1040 1670 Dei
1079 1613 1209 1670 facit
1253 1615 1379 1682 hoc,
1434 1623 1489 1672 et
1537 1624 1802 1688 operatur
1837 1618 1894 1673 in
1933 1631 2020 1675 eo.
2057 1634 2085 1672 »

2170 458 2337 515 corde
2377 467 2433 514 et
2471 471 2568 514 ore
2611 457 2867 512 invocare
2907 470 3015 512 non
3049 469 3226 520 cesso,
3259 464 3319 512 ut
3356 455 3490 512 mihi
3526 470 3654 527 quae
3683 459 3815 514 scri-

2169 547 2349 602 benda
2393 554 2522 602 sunt
2567 546 2802 602 scribam
2835 551 2891 601 et
2934 559 3058 615 quae
3106 544 3338 601 tacenda
3383 552 3514 602 sunt
3551 546 3812 602 reticeam

2171 650 2268 706 per
2304 635 2563 705 Spiritum
2604 641 2851 690 sanctum
2893 647 3051 690 suum
3080 632 3121 663 ³⁷
3160 633 3448 690 concedat.

2238 724 2291 778 2.
2349 724 2521 795 Igitur
2555 722 2598 754 ³⁸
2661 731 2886 778 sanctus
2947 723 3268 779 Ambrosius
3329 723 3561 779 scientia
3627 723 3814 780 divina

2170 813 2430 880 imbutus,
2484 812 2690 884 Spiritu
2747 819 2938 868 sancto
2995 812 3258 883 repletus,
3299 813 3448 868 omni
3496 813 3651 869 clero
3701 827 3818 869 om-

2170 903 2441 973 nibusque
2499 902 2788 958 catholicis
2852 901 3106 956 ﬁdelibus
3171 901 3328 956 laicis
3390 901 3602 958 indicto
3664 904 3818 972 jeju-

2169 993 2284 1058 nio,
2335 1000 2394 1047 ut
2440 992 2701 1048 Dominus
2747 990 2815 1046 ad
2865 990 3131 1047 honorem
3181 990 3440 1046 Ecclesiae
3495 1005 3612 1047 sua:
3652 999 3711 1047 et
3745 991 3813 1046 ad

2169 1079 2384 1136 laudem
2414 1080 2584 1136 divini
2632 1079 2814 1135 cultus
2848 1079 3016 1135 corda
3045 1092 3268 1135 suorum
3312 1080 3529 1149 aperire
3559 1079 3818 1151 dignare-

2169 1175 2278 1235 tur,
2312 1169 2368 1223 in
2407 1177 2604 1239 quarto
2643 1167 2733 1224 die
2771 1169 2926 1238 quasi
2967 1182 3067 1238 per
3096 1175 3333 1238 quatuor
3371 1168 3688 1239 Evangelia,
3719 1184 3816 1239 per

2170 1257 2513 1312 clementiam
2543 1255 2637 1311 Dei
2679 1263 2736 1310 et
2785 1269 2884 1325 per
2921 1254 3310 1311 revelationem
3349 1255 3590 1325 Spiritus
3638 1257 3818 1312 sancti

2169 1345 2511 1415 septuaginta
2568 1351 2624 1400 et
2679 1344 2819 1400 duos
2881 1344 3219 1411 sacerdotes,
3279 1345 3374 1414 qui
3429 1345 3485 1398 in
3541 1345 3815 1414 primitiva

2171 1433 2416 1490 Ecclesia
2480 1433 2728 1504 episcom
2792 1433 3148 1500 vocabantur,
3209 1438 3269 1488 ut
3324 1435 3384 1488 Β.
3445 1435 3818 1505 Hieronymus

2171 1523 2368 1579 doctor
2398 1524 2453 1578 in
2493 1523 2732 1592 quodam
2772 1535 2873 1578 suo
2921 1522 3066 1578 libro
3104 1522 3301 1577 asserit
3329 1522 3463 1594 (35),
3497 1523 3815 1589 ordinavit;

2170 1613 2390 1667 imitans
2435 1625 2623 1667 verum
2670 1611 2984 1680 magistrum
3034 1617 3089 1666 et
3144 1611 3468 1667 salvatorem
3526 1613 3816 1668 Dominum

449 1703 603 1757 Enim
651 1703 912 1772 quamdiu
960 1704 1070 1759 vita
1117 1704 1168 1760 ei
1214 1718 1400 1761 comes
1446 1704 1568 1774 fuit,
1621 1707 1877 1762 laborans
1923 1720 2154 1782 superB
2175 1711 2422 1758 nostrum
2473 1703 2657 1757 Jesum
2703 1700 2999 1756 Christum.
3055 1701 3209 1757 Sicut
3260 1702 3405 1756 enim
3450 1702 3724 1758 Dominus
3767 1710 3818 1758 et

451 1789 653 1846 multos
682 1791 888 1857 ﬁdeles,
915 1793 983 1847 ab
1008 1793 1192 1863 aliquo
1214 1794 1451 1864 gladium
1475 1797 1796 1866 evaginante
1822 1810 2086 1867 nusquam

449 1879 794 1950 calupniatus
831 1886 951 1947 est;
994 1882 1140 1937 unde
1186 1883 1380 1939 dolens
1410 1885 1556 1954 quod
1589 1885 1805 1942 volebat
1844 1901 1962 1942 esse
1995 1901 2091 1942 ne~

450 1969 644 2039 quivit,
689 1969 880 2026 dicens
925 1970 983 2026 in
1033 1985 1194 2041 ymno
1225 1971 1266 2002 ³³
1301 1993 1312 2027 :
1350 1991 1376 2024 «
1416 1974 1718 2044 Nequimus
1769 1989 1889 2030 esse
1939 1989 2089 2031 mar-

449 2063 618 2127 tyres,
666 2058 762 2114 sed
830 2061 1175 2129 repperimus
1238 2069 1585 2132 martyres.»
1639 2065 1704 2120 Et
1743 2071 1802 2120 ut
1838 2065 1894 2120 in
1943 2065 2086 2121 libro

446 2146 900 2216 Paralipomenon
984 2148 1216 2220 legimus
1290 2165 1388 2219 per
1460 2153 1625 2208 David
1703 2155 2083 2224 prophetam:

449 2236 626 2290 «Non
667 2235 875 2292 dimisit
923 2239 1064 2292 Deus
1111 2253 1439 2309 quemquam
1488 2242 1789 2312 calupniari
1840 2256 1956 2310 eos,
1989 2243 2088 2299 sed

445 2324 720 2394 increpuit
777 2339 876 2395 pro
933 2327 1014 2381 eis
1072 2341 1249 2399 reges,
1302 2329 1495 2385 dicens
1545 2350 1556 2384 :
1625 2332 1805 2386 Nolite
1865 2339 2089 2402 tangere

445 2412 684 2468 christos
723 2427 894 2480 meos,
927 2404 982 2470 et
1011 2416 1067 2470 in
1117 2417 1403 2486 prophetis
1441 2418 1576 2474 meis
1605 2419 1776 2474 nolite
1806 2421 2088 2491 malignari

453 2499 512 2570 (1
557 2503 684 2556 Par.
735 2517 842 2570 xvr,
883 2503 1066 2575 22).»
1116 2506 1180 2559 Et
1238 2506 1434 2562 iterum
1489 2508 1545 2562 in
1599 2510 1922 2578 praecordiis
1977 2511 2092 2567 suis

2173 1791 2490 1860 redemptor
2519 1795 2708 1845 noster
2744 1795 2871 1858 post
2888 1790 3332 1854 incarnationem
3371 1790 3815 1861 baptismumque

2170 1880 2319 1950 quod
2350 1880 2407 1935 in
2443 1879 2682 1936 Jordane
2713 1886 2800 1934 ter
2826 1892 3093 1935 converso
3134 1893 3234 1948 per
3261 1879 3526 1950 Spiritum
3566 1890 3815 1938 sanetum

2169 1983 2200 2025 a
2223 1969 2471 2025 Iohanne
2511 1981 2854 2038 praecursore
2884 1976 3048 2037 atque
3077 1968 3336 2038 baptista,
3369 1970 3463 2039 qui
3494 1969 3623 2040 plus
3657 1986 3813 2042 quam

2172 2059 2442 2128 propheta
2498 2058 2784 2123 asseritur,
2842 2057 3076 2127 accepit,
3136 2058 3304 2128 elegit
3356 2060 3712 2131 septuaginta
3765 2071 3815 2116 et

2170 2147 2311 2204 duos
2349 2146 2652 2216 discipulos
2689 2146 2757 2202 ad
2798 2145 3274 2217 evangelizandum
3306 2149 3651 2219 evangelium
3685 2150 3815 2204 divi-

2172 2253 2322 2305 num,
2363 2243 2424 2293 ut
2470 2238 2525 2292 in
2583 2235 2865 2307 evangelio
2905 2238 3065 2292 Luete
3123 2237 3471 2308 evangelista:
3524 2240 3730 2312 legitur
3763 2249 3816 2297 et

2171 2327 2537 2398 approbatum
2583 2325 2961 2381 indubitanter
3007 2331 3245 2381 tenetur.
3309 2327 3464 2383 Unde
3512 2329 3698 2385 bonus
3737 2330 3816 2384 di-

2173 2416 2419 2487 scipulus
2464 2417 2767 2486 sapientem
2815 2428 3056 2484 sequens
3101 2416 3441 2486 magistrum,
3473 2432 3608 2474 suos
3639 2433 3816 2474 sacer-

2175 2507 2354 2572 dotes,
2389 2505 2499 2560 imo
2537 2518 2668 2561 suos
2707 2504 2869 2570 ﬁlios,
2902 2511 2958 2559 et
2988 2511 3048 2560 ut
3076 2503 3211 2571 dixi,
3243 2519 3375 2562 suos
3405 2507 3724 2578 episcopos,
3763 2509 3813 2563 in

452 2596 642 2646 mutuo
682 2597 738 2646 et
783 2592 949 2647 tacite
995 2593 1348 2662 admirantes,
1399 2597 1566 2652 Deum
1616 2598 1998 2668 gloriﬁeabant
2035 2601 2090 2656 in
2177 2610 2317 2664 opus
2335 2594 2378 2624 '9
2425 2593 2715 2650 ministerii
2763 2593 3123 2649 sacerdotalis
3151 2593 3318 2665 elegit
3352 2609 3450 2650 eos
3489 2597 3817 2652 conﬁrmans

455 2683 685 2744 tantum,
715 2685 774 2735 nt
801 2680 858 2736 in
890 2677 987 2737 illo
1025 2682 1174 2752 quod
1220 2685 1486 2754 scriptum
1533 2692 1617 2742 est
1664 2701 1762 2758 per
1807 2689 2096 2758 sapientis-
2178 2694 2232 2741 et
2278 2684 2598 2741 collaudans
2649 2685 2920 2749 hortatur,
2962 2683 3153 2739 dicens
3194 2703 3206 2738 :
3251 2686 3420 2740 «Vos
3466 2687 3604 2742 estis
3649 2701 3819 2758 genus

456 2767 650 2822 simum
690 2767 1036 2825 Salomonem
1074 2771 1416 2842 impleretur,
1451 2775 1678 2831 dicens:
1716 2795 1743 2828 ι(
1774 2779 2000 2832 Narrate
2039 2778 2093 2833 in
2180 2774 2434 2840 electum,
2487 2773 2668 2844 regale
2715 2772 3104 2838 sacerdotium,
3155 2786 3289 2844 gens
3337 2782 3548 2840 sancta,
3585 2776 3819 2846 populus

455 2857 712 2927 gentibus
737 2858 963 2929 gloriam
995 2860 1134 2930 ejus,
1165 2870 1221 2917 et
1251 2863 1305 2918 in
1336 2865 1551 2920 cunctis
1580 2866 1799 2934 populis
1827 2865 2096 2922 mirabilia
2180 2863 2582 2935 acquisitionis.
2608 2880 2635 2914 »
2677 2863 2737 2917 ln
2767 2869 2978 2918 tantum
3005 2862 3152 2918 enim
3179 2862 3308 2920 illos
3334 2872 3462 2920 actu
3491 2866 3821 2922 eLmorihus

457 2947 596 3012 ejus,
650 2946 778 3016 quia
817 2961 1045 3017 magnus
1081 2950 1342 3005 Dominus
1380 2958 1435 3007 et
1474 2952 1764 3009 laudabilis
1817 2954 1997 3021 nimis,
2045 2961 2100 3009 et
2182 2962 2238 3009 et
2283 2953 2609 3018 humilitate,
2649 2952 2880 3007 scientia
2927 2957 2984 3007 et
3040 2952 3303 3022 patientia
3343 2960 3398 3009 et
3444 2953 3821 3010 obedientia“

458 3032 742 3088 horribilis
766 3049 934 3105 super
953 3049 1144 3092 omnes
1165 3038 1300 3095 deos
1322 3039 1448 3108 (10.,
1471 3041 1580 3106 24).
1608 3061 1635 3093 »
1660 3044 1790 3099 Tum
1813 3043 2093 3114 impletum
2117 3079 2159 3137 Ο
2182 3051 2236 3098 et
2272 3043 2328 3098 in
2368 3041 2516 3097 cultu
2550 3041 2780 3097 vestium
2809 3045 2864 3096 et
2907 3041 3162 3097 omnibus
3207 3041 3385 3098 modis
3424 3043 3729 3112 admonuit,
3761 3054 3816 3100 ut

453 3130 536 3180 est
573 3125 721 3196 quod
780 3140 880 3198 per
917 3127 1166 3184 eumdem
1207 3129 1410 3187 dicitur
1442 3151 1453 3186 :
1505 3150 1530 3183 ‹‹
1571 3134 1745 3190 Tonet
1783 3149 1930 3192 mare
1969 3142 2025 3192 et
2051 3135 2093 3168 “
2121 3125 2223 3188 “si
2264 3131 2388 3202 quis
2434 3144 2531 3187 eos
2575 3129 2806 3186 fortuitu
2835 3129 2893 3186 in
2923 3130 3073 3188 clero
3102 3129 3334 3198 videret,
3367 3145 3478 3188 non
3520 3133 3732 3190 diceret
3759 3135 3816 3189 ﬁ-

451 3212 738 3282 plenitudo
777 3216 897 3294 ejus
915 3214 993 3283 ³⁶;
1035 3217 1282 3274 exultent
1309 3219 1425 3289 agri
1467 3227 1520 3276 et
1558 3223 1740 3278 omnia
1769 3238 1893 3294 qua:
1924 3225 1977 3280 in
2011 3225 2092 3281 eis
2176 3221 2280 3277 lios
2327 3233 2448 3276 esse
2480 3220 2742 3284 virorum,
2773 3219 2870 3275 sed
2901 3217 3197 3276 afﬁrmaret
3245 3220 3429 3277 socios
3476 3222 3813 3293 angelorum.
3910 3239 3916 3245 ·

444 3309 592 3358 sunt.
635 3290 805 3360 Tunc'
840 3304 1140 3361 laudabunt
1196 3306 1341 3379 ligna
1388 3310 1561 3366 saltus
1613 3290 1802 3369 coram
1836 3314 2088 3380 Domino,
2176 3311 2270 3365 Est
2299 3315 2353 3364 et
2395 3308 2501 3363 alia
2538 3320 2702 3363 causa
2731 3321 2831 3363 cur
2869 3312 2950 3363 tot
2989 3313 3044 3364 et
3091 3315 3275 3364 tantos
3324 3290 3648 3367 sacerdotes
3686 3312 3814 3367 luci-

444 3391 538 3461 qui
587 3393 738 3449 venit
783 3393 1035 3463 judicare
1076 3402 1277 3452 terram
1321 3398 1454 3468 (ΗΑ,
1505 3399 1625 3470 32.)
1664 3421 1690 3449 ιο
1740 3403 1805 3458 Et
1843 3405 2092 3474 quando-
2174 3399 2397 3454 dissime
2429 3397 2724 3463 ordinavit,
2757 3411 2881 3466 qua:
2919 3410 3005 3453 me
3036 3397 3347 3468 insequitur
3374 3405 3431 3454 et
3460 3401 3618 3470 quasi
3651 3401 3811 3472 impa-

441 3481 665 3550 quidem
703 3483 966 3540 Dominus
993 3499 1058 3539 ac
1088 3493 1278 3540 noster
1317 3487 1564 3544 Salvator
1602 3504 1702 3560 per
1744 3491 2089 3548 clementiam
2175 3489 2317 3544 tiens
2355 3487 2422 3542 ad
2474 3485 2856 3541 disserendum
2907 3486 3177 3542 hortatur.
3236 3488 3368 3542 Cum
3424 3488 3574 3544 enim
3631 3489 3811 3545 huma-

443 3577 500 3625 et
555 3571 988 3628 misericordiam
1045 3589 1197 3630 suam
1256 3576 1312 3630 in
1368 3584 1576 3634 tantum
1635 3582 1998 3650 magniﬁeavit
2037 3589 2092 3638 et
2175 3592 2300 3633 num
2323 3591 2497 3648 genus
2525 3589 2780 3631 sermone
2806 3589 2915 3631 uno
2940 3575 3093 3645 prius
3123 3575 3356 3643 unitum,
3379 3591 3481 3646 per
3502 3579 3805 3647 superbiam

446 3659 701 3714 exaltavit
731 3669 785 3715 et
815 3661 1095 3717 decoravit
1134 3671 1254 3719 acta
1297 3671 1353 3719 et
1391 3667 1662 3723 mirabilia
1702 3669 2005 3726 doctissimi
2037 3677 2092 3726 et
2176 3665 2522 3736 postmodum
2567 3664 2819 3720 diﬁusum
2854 3671 2909 3718 et
2937 3663 3246 3732 dispersum
3277 3678 3397 3719 esse
3426 3664 3633 3735 legitur
3661 3666 3805 3736 quasi

448 3748 844 3817 religiosissimi
877 3751 1123 3806 doctoris
1153 3760 1207 3806 et
1236 3752 1570 3810 confessoris
1599 3758 1890 3825 Ambrosii,
1924 3773 2091 3828 quan-

450 3842 563 3889 tum
590 3837 744 3891 multi
772 3838 995 3892 codices
1017 3841 1200 3894 eximii
1221 3855 1418 3910 capere
1443 3858 1549 3900 non
1575 3854 1823 3913 possunt,
1849 3855 1902 3902 et
1923 3862 2093 3917 quan-

450 3929 564 3977 tum
587 3925 741 3978 multi
771 3927 981 3980 strenui
1013 3934 1068 3982 et
1096 3930 1483 3997 sapientissimi
1507 3933 1605 3986 viri
1629 3941 1792 4004 atque
1819 3936 2091 3992 scolarum

449 4012 693 4081 magistri
733 4027 988 4070 enarrare
1021 4023 1076 4071 et
1116 4018 1407 4073 enucleare
1440 4020 1611 4075 multo
1650 4021 1853 4078 sudore
1895 4025 2094 4081 multos

450 4114 556 4168 que
594 4100 784 4157 labore
835 4106 1074 4172 posteris
1114 4107 1335 4162 minime
1385 4109 1744 4177 quiverint“.-
1788 4112 1942 4168 Unde
1982 4128 2092 4170 non

2175 3770 2274 3824 per
2311 3755 2657 3824 septuaginta
2707 3761 2762 3807 et
2799 3752 2937 3807 duas
2973 3753 3265 3808 varietates
3313 3753 3643 3823 linguarum,
3675 3758 3806 3810 sicut

2175 3845 2228 3900 in
2279 3844 2436 3899 libris
2481 3843 2706 3898 Genesis
2753 3843 3030 3897 invenitur
3080 3846 3172 3912 (χι,
3219 3842 3290 3913 1),
3341 3842 3561 3899 dicente
3615 3846 3803 3915 Moyse,

2175 3949 2295 3990 cum
2329 3947 2438 4003 quo
2467 3934 2609 3987 Deus
2632 3931 2960 4002 loquebatur
2989 3931 3132 3987 sicut
3161 3931 3313 4000 loqui
3342 3931 3485 3988 solet
3512 3935 3722 3990 amicus
3745 3934 3804 3988 ad

2175 4023 2408 4078 amicum
2447 4042 2459 4077 :
2499 4041 2524 4069 α
2559 4022 2686 4076 Erat
2733 4020 2878 4076 enim
2927 4027 3075 4076 terra
3121 4021 3253 4076 labii
3307 4022 3489 4087 unius,
3532 4031 3588 4078 et
3634 4039 3803 4079 sermo

2167 4112 2513 4168 .eorumdem.
2553 4113 2796 4180 Cumque
2834 4110 3114 4165 venissent
3151 4110 3208 4165 in
3239 4117 3384 4166 terra
3421 4112 3643 4178 Senaar,
3674 4113 3803 4167 dixit

450 4189 612 4245 decet
650 4205 735 4246 me
766 4191 938 4248 virum
981 4208 1143 4264 parva
1190 4197 1478 4253 scientiola
1511 4198 1728 4268 plenum
1769 4202 1825 4256 in
1862 4203 2095 4274 singulis
2176 4201 2315 4256 alter
2343 4201 2409 4256 ad
2448 4199 2721 4254 alterum:
2767 4199 2956 4255 Venite
3003 4197 3266 4255 faciamus
3304 4201 3466 4256 nobis
3514 4215 3712 4258 nomen
3757 4213 3803 4258 et

451 4281 571 4349 ejus
597 4280 814 4336 actibus
851 4283 1147 4351 immorari,
1183 4299 1305 4341 cum
1345 4287 1477 4342 mihi
1519 4289 1716 4344 melius
1753 4291 1991 4359 videtur,
2024 4293 2092 4349 de
2177 4291 2448 4346 civitatem
2479 4297 2534 4342 et
2565 4288 2755 4342 turrim
2796 4289 3085 4354 excelsam,
3110 4291 3267 4357 cujus
3296 4289 3512 4345 culmen
3545 4293 3808 4362 pertingat

453 4369 621 4424 tantis
667 4372 884 4438 patroni
933 4372 1210 4428 miraculis
1263 4383 1317 4430 et
1361 4375 1431 4432 de
1481 4380 1648 4434 tantis
1697 4382 2158 4454 strenuissimisD
2181 4379 2248 4434 ad
2284 4377 2502 4443 emtum,
2554 4385 2610 4432 et
2647 4377 2988 4432 celebremus
3043 4377 3204 4432 nobis
3258 4391 3478 4446 nomen,
3527 4388 3802 4452 antequam

455 4457 671 4513 actibus
717 4460 942 4517 omnino
991 4469 1173 4518 tacere
1220 4479 1382 4533 quam
1433 4481 1623 4536 parum
1672 4469 1878 4526 dicere.
1930 4475 1997 4526 At
2044 4480 2103 4527 ut
2186 4469 2501 4524 moriamur.
2569 4465 2862 4520 Descendit
2918 4473 3095 4522 autem
3154 4467 3434 4534 Dominus,
3493 4476 3554 4524 ut
3610 4469 3804 4525 videret

456 4546 524 4601 ad
556 4561 620 4603 ea
649 4550 860 4604 veniam
893 4550 960 4604 ad
992 4565 1115 4621 quae
1147 4566 1266 4608 mea
1304 4555 1539 4612 intentio
1568 4572 1892 4629 summoque
1921 4560 2102 4616 studio
2186 4559 2459 4614 civitatem
2501 4562 2557 4612 et
2608 4556 2822 4620 turrim,
2873 4568 3034 4626 quam
3084 4555 3428 4612 aediﬁcabant
3477 4557 3577 4614 ﬁlii
3632 4559 3803 4620 Adam,

1802 4763 2024 4817 VARUE
2083 4762 2362 4818 LECTION
2368 4761 2464 4815 ES.

534 4904 576 4934 ³³
605 4903 663 4979 d.
695 4917 820 4979 ymo
851 4905 909 4979 Β,
987 4904 1029 4935 ³⁸
1057 4905 1200 4960 deest
1228 4904 1313 4960 Βι.
1381 4906 1441 4979 λ³⁵
1470 4907 1612 4962 deest
1641 4908 1700 4962 Β.
1795 4908 1838 4938 ³⁸
1874 4907 1949 4963 ita
1977 4907 2066 4964 Bl.
2097 4909 2305 4979 quievit
2325 4909 2479 4965 codd.
2574 4907 2615 4940 ⁸⁷
2643 4907 2719 4963 ita
2747 4910 2866 4963 A“.
2902 4905 2987 4962 BI.
3020 4914 3171 4963 tuum
3202 4909 3295 4964 ιν.
3327 4907 3387 4961 Β.
3483 4908 3527 4939 ³⁸
3563 4910 3767 4966 Τὶιιιιαιιι
3799 4930 3810 4961 ς

467 4977 749 5051 Expositio
789 4977 1041 5031 ordinum
1071 4983 1247 5051 sancti
1277 4977 1569 5042 Ambrosii,
1603 4980 1748 5035 edita
1778 4993 1808 5034 a
1846 4989 2033 5035 sancte
2065 4977 2323 5036 memorie
2357 4980 2509 5036 Datio
2539 4981 2803 5051 episeopo
2852 4980 3264 5035 lllediolanensi.
3313 4979 3638 5049 praemittunt
3674 4981 3809 5036 codd.

467 5049 622 5114 Quod
655 5048 744 5122 hic
773 5057 967 5122 auctor
1005 5049 1186 5122 varios
1226 5050 1384 5122 ritus.
1417 5052 1563 5122 varia
1606 5051 1934 5106 clericorum
1964 5065 2164 5122 genera
2205 5053 2454 5108 ecclesiae
2486 5048 2908 5107 Mediolanensis
2940 5052 2995 5105 S.
3026 5048 3324 5107 Ambrosio
3345 5053 3531 5106 omnia
3561 5054 3811 5114 attribuit,

473 5127 660 5193 pareat
689 5120 1099 5193 lectorhomini
1132 5121 1404 5193 nonsatis
1432 5120 1670 5177 erudito.
1718 5125 1786 5193 At
1834 5120 2020 5178 eorum
2071 5124 2451 5192 antiquitatem
2499 5124 2723 5178 omnino
2775 5130 3073 5193 cognoscat
3099 5135 3266 5192 supra
3290 5122 3567 5179 Ambrosii
3597 5132 3810 5179 aetatem.

475 5189 620 5246 addit
639 5191 691 5245 in
710 5190 942 5260 margine
965 5191 1018 5246 in
1048 5193 1113 5247 Β.
1139 5191 1424 5247 Puricettus
1452 5198 1500 5246 el
1528 5196 1648 5248 εντ’.
1726 5192 1768 5223 ³³
1798 5195 2025 5250 misterii
2056 5195 2140 5251 BI.
2205 5189 2260 5224 λθ
2288 5197 2362 5250 ila
2391 5196 2512 5250 A“.
2543 5198 2606 5250 A.
2639 5201 2766 5249 actu
2797 5189 2948 5250 efm.
2981 5201 3104 5249 actu
3135 5189 3191 5248 et
3220 5193 3275 5248 h.
3299 5208 3347 5248 s.
3373 5200 3429 5248 et
3459 5209 3514 5266 p.
3549 5208 3604 5250 ο.
3635 5199 3717 5250 A'.

2051 5394 2261 5453 ΝΟΤίΕ.

554 5520 661 5588 ιβῠλ
702 5518 873 5589 Epist.
907 5520 995 5586 82,
1030 5521 1097 5576 ad
1126 5524 1420 5578 Oceanum.
1457 5522 1548 5579 BL.
