4022 6160
249 241 351 299 825
1257 253 1570 311 HISTORIA
1605 251 2157 310 MEDIOLANENSIS.
2198 280 2270 291 --
2306 251 2507 309 LIBER
2544 253 2586 307 1.
3499 247 3605 303 sas

249 376 300 427 et
334 369 508 429 dixit:
549 374 691 432 Ecce
733 389 877 433 unus
913 384 999 435 est
1044 377 1301 450 populus,
1341 385 1398 437 et
1451 393 1618 436 unum
1674 378 1875 435 labium
1897 382 2085 440 Arum
2142 376 2394 434 diﬁ‘usum
2444 384 2497 434 et
2547 376 2876 447 dispersum,
2928 377 3199 447 pecudum
3248 390 3400 434 more
3445 375 3607 438 ober«

248 461 514 519 omnibus.
548 464 739 522 Venite
784 466 952 539 igitur
1004 476 1061 525 et
1105 468 1503 526 descendamus
1557 474 1613 525 et
1644 465 1881 524 conlun-
1963 482 2112 533 rans,
2152 482 2275 524 sese
2302 468 2533 524 invicem
2562 468 2681 525 sine
2705 468 2829 537 jure
2853 474 2909 524 et
2938 467 3058 523 sine
3088 464 3296 523 findere
3326 465 3609 522 conﬁdens

247 551 434 607 damus
498 551 736 624 linguam
794 567 1005 623 eorum,
1064 563 1127 613 ut
1183 570 1291 614 non
1349 557 1536 614 audiat
1588 556 1882 627 unusquis-
1965 563 2021 613 et
2057 557 2288 623 lanians,
2330 565 2615 629 regeretur
2642 564 2699 613 et
2727 563 2787 613 ut
2823 556 2891 612 ab
2929 555 2971 589 “
3011 555 3250 613 hostium
3290 555 3607 611 incursione

247 653 350 709 que
376 653 564 697 vocem
604 644 842 712 proximi
887 645 1010 702 sui!
1065 649 1242 715 Atque
1287 646 1364 702 ita
1411 645 1597 701 divisit
1634 658 1732 702 eos
1769 646 1880 702 Do-
1965 648 2291 715 muniretur,
2327 660 2424 716 per
2450 646 2797 718 septuaginta
2823 653 2879 703 et
2917 646 3057 702 duos
3093 659 3253 717 reges
3279 658 3311 701 a
3340 645 3450 700 Deo
3490 657 3610 713 per-

247 729 423 786 minus
459 744 528 786 ex
562 730 658 788 illo
705 731 831 790 loco
876 733 934 790 in
982 735 1263 791 universas
1298 742 1495 802 terras,
1545 743 1602 792 et
1636 749 1883 792 cessave-
1962 736 2185 792 missum
2243 744 2300 792 et
2355 736 2785 806 praeordinatum
2853 743 2956 791 est.
3015 736 3161 803 Quos
3207 748 3328 791 cum
3385 738 3610 790 sanctus

244 825 372 874 runt
407 818 681 877 aediﬁcare
720 821 993 880 civitatem
1023 831 1080 880 et
1117 825 1309 880 turrim
1341 839 1456 895 pra:
1504 824 1668 880 nimia
1707 823 1882 880 labio-

243 918 359 963 rum
415 907 762 967 contusione.
817 913 883 967 Et
929 911 1056 969 ideo
1093 920 1345 969 vocatum
1383 921 1469 969 est
1514 926 1713 969 nomen
1761 912 1881 982 ejus

240 994 424 1062 Babel,
454 996 511 1052 id
541 1004 626 1054 est
651 998 905 1069 confusio,
947 1000 1074 1071 quia
1113 1003 1191 1057 ibi
1229 1000 1515 1059 confusum
1553 1010 1639 1058 est
1675 1001 1878 1057 labium

240 1084 507 1143 universae
544 1092 727 1144 terrae.
764 1110 790 1139 »
824 1089 977 1146 Unde
1008 1090 1350 1162 propalatum
1389 1097 1475 1147 est
1503 1098 1583 1157 ut,
1615 1097 1877 1162 quantum

235 1172 457 1231 illorum
506 1174 742 1234 intentio
780 1177 881 1234 luit
918 1193 1082 1249 prava
1128 1188 1185 1235 et
1222 1194 1478 1251 perversa
1515 1180 1659 1251 apud
1707 1181 1877 1236 Deum

236 1268 291 1317 et
309 1263 541 1334 angelos
569 1267 708 1335 ejus,
741 1266 799 1322 in
829 1274 1038 1324 tantum
1077 1268 1223 1324 omni
1271 1268 1421 1338 genti
1468 1266 1730 1339 omnique
1770 1282 1874 1338 po-

234 1350 363 1421 pulo
393 1352 787 1422 innotesceret,
820 1357 1138 1428 relinquens
1175 1358 1231 1413 in
1272 1358 1509 1429 posteris
1544 1357 1873 1428 exemplum,

232 1445 491 1512 tanquam
522 1442 771 1500 diceret:
806 1462 835 1497 «
876 1447 985 1503 Vos
1008 1447 1210 1517 quibus
1253 1447 1487 1503 scientia
1533 1448 1701 1503 animi
1745 1460 1891 1514 cum.

231 1529 432 1588 virtute
470 1534 723 1604 corporis
779 1540 835 1591 et
871 1534 1150 1606 ingenium
1207 1536 1549 1608 operationis
1596 1536 1768 1607 magis
1804 1536 1873 1592 ab

229 1620 450 1677 excelso
486 1622 600 1679 Deo
639 1638 739 1694 per
765 1624 1065 1683 bonitatem
1095 1640 1269 1694 suam,
1302 1627 1456 1697 quasi
1488 1627 1681 1697 ymber
1706 1641 1875 1697 super

1959 825 2281 882 Ambrosius
2320 839 2419 896 per
2474 824 2799 881 industriam
2856 823 3054 879 summi
3120 823 3348 880 Romani
3388 819 3606 892 imperii

1961 915 2151 971 orbem
2191 922 2460 970 terrarum
2518 926 2710 985 regere
2748 913 2996 975 vidisset.
3030 912 3238 983 placuit
3271 911 3400 979 sibi,
3434 909 3502 967 ad
3541 909 3609 966 il-

1960 1003 2137 1061 lorum
2165 1003 2395 1060 salutem
2427 1010 2483 1059 et
2518 1004 2760 1060 omnium
2802 1003 3129 1074 populorum
3175 1002 3521 1073 septuaginta
3550 1006 3608 1056 et

1959 1093 2101 1150 duos
2127 1092 2447 1149 sacerdotes
2476 1094 2586 1149 Deo
2617 1092 2973 1148 conﬁrmante
3013 1092 3271 1149 ordinare
3302 1088 3445 1162 ('36),
3476 1103 3607 1160 qna-

1960 1187 2122 1239 tenus
2149 1182 2421 1254 singulum
2462 1195 2644 1253 regem
2692 1195 2793 1251 per
2826 1181 3101 1251 singultim
3143 1179 3484 1237 sacerdotem
3524 1191 3607 1234 re-

1957 1272 2135 1342 galem
2173 1270 2364 1327 intime
2404 1276 2739 1341 percuteret,
2790 1275 2847 1325 et
2891 1269 3145 1326 docendo
3192 1268 3356 1326 ﬁdem
3403 1267 3606 1325 Christi

1957 1361 2014 1416 in
2046 1363 2158 1417 Deo
2187 1359 2556 1426 conﬁrmaret,
2589 1366 2644 1415 et
2681 1358 3059 1416 conﬁrmando
3099 1359 3152 1414 in
3193 1358 3409 1415 cunctis
3445 1356 3608 1413 bonis

1956 1450 2253 1507 virtutibus
2301 1448 2711 1516 corroboraret,
2761 1453 2822 1503 ut
2864 1447 2931 1502 ad
2980 1446 3227 1503 bravinm
3274 1445 3604 1517 pervenien-

1956 1547 2060 1608 tes,
2101 1538 2433 1610 quandoque
2476 1536 2519 1568 “
2565 1538 2678 1593 Deo
2719 1536 3072 1607 permittente
3111 1550 3234 1593 cum
3291 1535 3509 1593 Christo
3548 1534 3603 1590 in

1954 1628 2110 1686 cmlis
2148 1633 2460 1699 regnarent.

228 1723 458 1779 granum
495 1711 817 1770 distillatum
855 1722 959 1781 est,
1003 1722 1160 1772 caute
1208 1721 1264 1772 et
1301 1716 1538 1773 sollicite
1591 1713 1942 1786 provideteB
2027 1717 2082 1773 3.
2115 1718 2325 1787 Quibus
2361 1716 2405 1748 ⁸⁷
2433 1717 2575 1773 bene
2624 1714 2946 1786 compositis
2988 1712 3397 1782 salubriterque
3447 1710 3601 1768 ordi-

226 1798 656 1870 vobismetipsis,
707 1816 775 1859 ne
823 1802 960 1873 quid
1017 1804 1179 1861 nobis
1215 1803 1256 1835 “
1315 1818 1414 1875 per
1464 1805 1777 1875 superbiam
1816 1810 1872 1861 et

228 1886 557 1945 dementiam
614 1890 813 1947 merito
868 1891 1090 1958 accidit,
1158 1892 1316 1949 vobis
1373 1892 1428 1947 in
1496 1892 1869 1949 testimonium

227 1977 530 2048 contingat,
564 1985 623 2034 ut
647 1979 796 2049 quod
836 1980 998 2037 nobis
1034 1978 1078 2011 ⁴³
1106 1981 1261 2038 male-
1275 1980 1580 2038 dulcoratis
1610 1995 1719 2038 non
1750 1995 1872 2038 cre-

229 2064 380 2133 ditis,
413 2067 821 2139 vobismetipsis
857 2069 1043 2126 multis
1087 2072 1343 2140 suspiriis
1378 2070 1586 2142 fatigati
1625 2071 1869 2141 quando-

224 2168 331 2223 que
364 2155 621 2212 credatis.
658 2176 688 2209 »
726 2158 940 2214 Etenim
979 2173 1102 2215 cum
1128 2159 1295 2216 Adam
1325 2174 1357 2215 a
1386 2161 1499 2215 Deo
1528 2160 1583 2215 in
1616 2159 1869 2229 paradiso

221 2241 509 2311 formatus,
551 2245 620 2301 ad
687 2247 975 2318 imaginem
1032 2248 1130 2303 Dei
1186 2248 1468 2319 ﬁguratus,
1527 2248 1671 2304 sicut
1708 2248 1871 2306 novi-

220 2346 366 2399 mus,
407 2334 638 2390 Domino
686 2348 788 2403 per
830 2336 1071 2405 Moysem
1119 2335 1381 2392 dicente:
1437 2355 1465 2386 ι
1513 2337 1653 2392 Ecce
1699 2336 1867 2392 Adam

219 2418 404 2475 factus
441 2428 526 2476 est
562 2423 716 2491 quasi
744 2435 886 2478 unus
914 2437 980 2479 ex
1009 2423 1189 2491 nobis,
1224 2442 1252 2476 »
1293 2430 1348 2481 et
1377 2425 1631 2480 omnibus
1658 2439 1783 2495 quae
1812 2426 1869 2480 in

220 2506 483 2577 paradiso
518 2510 616 2566 Dei
672 2520 827 2567 erant
882 2513 989 2568 sibi
1044 2514 1344 2579 concessis,
1405 2519 1608 2584 praeter
1662 2514 1867 2584 lignum

215 2596 470 2654 scientiae
498 2599 633 2656 boni
662 2606 719 2656 et
747 2600 895 2669 mali,
927 2602 996 2658 de
1033 2616 1142 2673 quo
1175 2610 1514 2673 praceperat
1534 2604 1583 2659 ei
1602 2604 1870 2660 Dominus

212 2698 282 2743 ne
320 2688 661 2756 comederet,
702 2690 930 2747 dicens:
973 2694 1032 2747 In
1063 2706 1409 2763 quacumque
1461 2693 1552 2749 die
1612 2694 1861 2750 comede-

212 2776 358 2844 ritis,
401 2784 577 2835 morte
634 2780 963 2836 moriemini.
1008 2801 1034 2829 ao
1075 2782 1175 2848 Qui
1232 2782 1278 2836 si
1319 2787 1477 2838 caute
1506 2783 1864 2853 studioseque

213 2867 661 2924 ammonitionem
701 2874 758 2924 et
789 2876 1122 2940 praeceptum
1154 2872 1251 2926 Dei
1279 2877 1445 2940 atque
1492 2871 1731 2943 benigne
1769 2872 1863 2927 ad-

1953 1808 2115 1874 natis,
2178 1807 2450 1878 quendam
2496 1806 2841 1862 sacerdotem
2899 1802 3217 1874 religiosum
3273 1801 3449 1857 virum
3506 1800 3603 1870 qui

1954 1897 2301 1968 primicerius
2349 1901 2637 1953 vocaretur
2684 1893 3006 1965 pr0posuit;
3064 1891 3159 1962 qui
3219 1890 3376 1962 quasi
3415 1888 3600 1958 coepi-

1950 2001 2153 2057 scopus
2190 1986 2337 2041 circa
2385 1997 2576 2041 omnes
2622 1984 2677 2039 in
2717 1983 2945 2039 crimine
2993 1981 3307 2037 laborantes
3364 1982 3605 2049 potesta-
3664 2028 3671 2033 .

1952 2080 2061 2131 tem
2117 2090 2145 2134 a
2192 2081 2385 2131 sancto
2436 2073 2723 2129 Ambrosio
2772 2071 3034 2142 magistro
3072 2068 3308 2140 accepit,
3349 2073 3410 2122 ut
3447 2064 3594 2136 quod

1953 2165 2249 2233 cpiscopus
2286 2161 2514 2231 implere
2573 2175 2671 2230 per
2719 2174 2779 2216 se
2818 2172 2927 2215 non
2986 2164 3193 2227 posset,
3235 2154 3603 2224 coepiscopus

1952 2252 2046 2321 qui
2096 2250 2442 2321 primicerius
2491 2250 2809 2314 vocabatur,
2863 2248 3009 2302 circa
3058 2245 3184 2301 illos
3229 2242 3459 2313 implere
3507 2254 3599 2296 cu-

1951 2341 2098 2397 riose
2127 2340 2396 2396 studeret.
2437 2340 2577 2406 Quin
2608 2338 2771 2394 etiam
2802 2336 2983 2393 locum
3012 2336 3070 2391 in
3109 2348 3220 2405 quo
3250 2345 3444 2389 omnes
3472 2342 3601 2385 con-

1951 2430 2202 2485 venirent
2238 2428 2540 2499 insignivit,
2583 2426 2731 2497 quod
2771 2424 3173 2496 presbyterium
3230 2434 3405 2492 usque
3434 2416 3599 2474 modo

1951 2533 1981 2573 a
2020 2519 2235 2575 cunctis
2271 2520 2580 2587 vocitatur;
2613 2517 2707 2573 ubi
2745 2529 2938 2573 omnes
2965 2514 3285 2570 sacerdotes
3317 2506 3510 2565 urbani
3540 2507 3598 2562 in

1950 2613 2103 2662 sexta
2137 2606 2275 2663 feria
2312 2607 2395 2663 vel
2428 2607 2548 2662 Kal.
2579 2605 2993 2669 convenientes,
3033 2603 3253 2658 curiose
3293 2601 3349 2655 in
3399 2596 3600 2654 divinis

1950 2697 2270 2752 ministeriis
2308 2696 2557 2767 singulos
2613 2694 3100 2765 perscrutabantur
3137 2690 3199 2757 ⁵⁸,
3241 2690 3426 2759 itaque
3466 2685 3595 2741 reli-

1947 2788 2100 2857 giose
2161 2786 2309 2841 circa
2348 2784 2530 2841 divina
2578 2779 2901 2847 ministeria,
2949 2787 3004 2837 et
3048 2778 3427 2836 indesinenter
3472 2787 3595 2830 sese

1945 2874 2296 2929 exercebant.
2365 2875 2482 2940 Quo
2520 2873 2576 2928 in
2630 2872 2756 2930 loco
2822 2870 3093 2927 universis
3138 2864 3590 2927 consedentibus,

214 2956 490 3012 monentis
555 2956 843 3024 tenuisset,
894 2957 1014 3028 ipse
1077 2959 1403 3015 immortalis
1457 2967 1624 3026 esset,
1666 2967 1721 3016 et
1759 2974 1862 3017 nos
1943 2963 2091 3033 quod
2123 2964 2269 3019 Deus
2313 2963 2575 3033 episcopo
2624 2960 2946 3032 inspirabat,
2986 2958 3241 3015 docebat.
3293 2954 3499 3011 Deinde
3548 2950 3589 2982 ³³

210 3044 361 3113 quasi
395 3045 493 3100 Dei
522 3045 731 3102 similes
761 3060 1023 3103 essemus.
1046 3047 1201 3104 Unde
1230 3062 1328 3104 vos
1356 3048 1602 3105 studiose
1632 3047 1851 3119 precor,
1876 3036 1918 3097 α
1938 3052 2359 3122 subepiscopus,
2391 3052 2486 3122 qui
2524 3052 2891 3121 coepiscopus
2937 3048 2980 3081 ⁵ο
3026 3062 3201 3118 usque
3238 3045 3404 3102 modo
3452 3051 3507 3099 et
3543 3042 3580 3073 ⁵¹

211 3138 267 3188 ιιι
302 3132 345 3165 ⁸³
382 3134 538 3205 quod
567 3134 736 3191 Adam
777 3150 877 3206 per
904 3136 1337 3193 inobedientiam
1374 3137 1673 3195 criminose
1720 3137 1856 3194 deli-

209 3222 343 3291 quit,
394 3229 456 3279 et
502 3237 605 3280 nos
650 3238 752 3295 per
788 3225 1009 3281 nimiam
1046 3225 1360 3296 superbiam
1404 3224 1618 3283 confusi
1666 3241 1855 3284 sumus

207 3317 259 3365 et
295 3326 394 3382 per
420 3313 667 3370 omnium
695 3319 965 3370 terrarum
989 3314 1167 3385 spatia
1207 3314 1465 3385 dispersi,
1518 3322 1707 3372 mutuo
1752 3329 1855 3373 nos

206 3407 259 3455 et
293 3401 520 3469 merito,
562 3402 784 3459 minime
831 3403 904 3459 ob
944 3402 1252 3474 linguarum
1299 3403 1617 3461 varietatem
1654 3405 1855 3461 intelli-

204 3496 408 3557 gentes,
459 3490 608 3560 quod
647 3491 791 3547 Deus
819 3505 886 3547 ex
924 3505 1134 3547 summa
1164 3492 1464 3549 dilectione
1502 3493 1849 3560 bnmanatus,

205 3586 475 3645 mortuus,
533 3580 848 3647 suscitatus,
906 3580 1063 3637 vobis
1117 3580 1187 3636 ad
1234 3581 1671 3637 resuscitandum
1702 3583 1852 3651 quod

202 3667 371 3739 angeli
410 3668 480 3723 in
518 3669 675 3725 caelis
732 3684 830 3739 per
872 3670 1185 3740 superbiam
1235 3671 1554 3737 amiserunt,
1615 3671 1851 3742 benigne

201 3756 502 3824 concessit,
532 3758 580 3813 si
617 3757 821 3815 solerte
859 3758 1218 3829 studioseque
1265 3760 1320 3813 in
1371 3758 1476 3815 ﬁde
1527 3773 1851 3829 permanen-

199 3850 275 3901 tes
309 3845 552 3904 Domino
591 3847 895 3916 opitulante
934 3848 1221 3915 steteritis,
1265 3848 1410 3903 unde
1451 3862 1715 3904 concessa
1754 3864 1849 3905 cu-

205 3935 472 4004 stodiatis,
511 3943 567 3991 et
594 3945 840 3992 sanctam
879 3937 1038 3993 ﬁdem
1088 3938 1467 3994 custodientes
1496 3937 1642 3994 bona
1680 3953 1849 4009 opera

209 4019 430 4089 faciatis,
477 4032 538 4081 nt
566 4024 634 4080 ad
662 4025 969 4095 perfectum
1009 4027 1171 4081 tinem
1202 4027 1486 4083 venientes
1516 4028 1849 4097 quandoque

1940 3141 2287 3211 primicerius
2325 3146 2571 3208 vocatur,
2626 3140 2929 3197 secundum
2978 3137 3129 3209 quod
3168 3138 3311 3192 Deus
3345 3132 3586 3190 admini-

1935 3230 2163 3297 strabat,
2221 3230 2348 3287 illos
2376 3230 2689 3296 amonebat,
2723 3229 2953 3286 dicens:
2998 3246 3029 3280 «
3066 3229 3270 3284 Contra
3297 3222 3583 3279 stultitiam

1937 3320 2245 3376 ministrate
2301 3319 2648 3388 sapientiam,
2688 3326 2882 3374 contra
2947 3315 3226 3377 lasciviam
3256 3311 3583 3374 castitatem,

1936 3415 2131 3464 contra
2195 3407 2549 3463 ebetudinem
2609 3404 2972 3469 intellectum,
3030 3408 3222 3458 contra
3275 3396 3588 3468 przecipita-

1937 3496 2142 3551 tionem
2204 3494 2550 3560 conscilium,
2610 3500 2803 3548 contra
2861 3492 3113 3547 timorem
3169 3484 3579 3550 fortitudinem,

1936 3591 2128 3641 contra
2167 3583 2531 3653 ignorantiam
2580 3581 2889 3647 scientiam,
2939 3583 3133 3635 contra
3171 3572 3431 3631 duritiam
3471 3571 3584 3643 pie-

1935 3679 2122 3740 tatem,
2182 3678 2374 3728 contra
2423 3671 2739 3740 superbiam
2795 3668 3195 3727 humilitatem;
3236 3663 3305 3718 de
3344 3674 3452 3732 qua
3488 3673 3584 3715 sa-

1933 3762 2092 3831 piens
2120 3761 2340 3831 quidam
2386 3760 2508 3832 (37)
2551 3759 2723 3816 dicit:
2778 3777 2806 3810 (ι
2837 3757 2937 3825 Qui
2977 3757 3096 3811 sine
3131 3751 3436 3809 humilitate
3473 3749 3581 3804 vir-

1932 3857 2080 3906 tutes
2108 3855 2426 3922 congregat,
2467 3849 2623 3919 quasi
2664 3854 2880 3904 ventum
2937 3847 2993 3901 in
3051 3844 3328 3914 pulverem
3374 3839 3417 3870 ⁵³
3455 3852 3579 3910 por-

1934 3946 2047 4005 tat;
2092 3955 2121 3993 »
2154 3940 2220 3994 Et
2249 3946 2309 3993 ut
2338 3936 2617 3994 estillud:
2654 3955 2684 3988 ‹‹
2723 3934 3014 3991 Humilitas
3065 3931 3247 3988 omnia
3292 3928 3480 3995 vincit,
3523 3933 3578 3983 et

1931 4026 2048 4095 ipsa
2087 4040 2117 4083 a
2157 4026 2374 4083 nemine
2420 4033 2733 4096 superatur.
2783 4042 2813 4076 »
2863 4025 3070 4079 Praeter
3116 4021 3225 4077 ista
3273 4017 3579 4075 instruebat

208 4109 260 4165 in
295 4121 542 4170 extremo
572 4115 819 4171 examine
845 4116 1039 4184 ,udicii
1078 4130 1110 4171 a
1137 4116 1362 4173 dextera
1391 4117 1488 4173 Dei
1527 4117 1692 4188 positi
1724 4131 1845 4174 cum
1930 4115 2057 4172 illos
2114 4115 2318 4172 habere
2374 4114 2726 4172 dilectionem
2792 4113 2888 4169 Dei
2946 4119 3002 4167 et
3054 4108 3311 4181 proximi.
3368 4106 3576 4175 Quibus

208 4201 396 4268 gaudio
442 4202 640 4259 audire
697 4204 953 4260 merentis
1008 4204 1157 4274 quod
1219 4206 1483 4262 Dominus
1546 4206 1850 4264 clementer
1930 4205 2240 4275 completis,
2282 4203 2428 4276 quod
2473 4204 2773 4272 unicuique
2823 4202 2892 4258 de
2950 4199 3173 4270 pr0pria
3214 4210 3375 4253 causa
3415 4208 3577 4263 expe-

214 4287 341 4346 dixit
374 4290 452 4347 δεῖ
519 4309 547 4347 α
590 4293 778 4349 Venite
818 4293 1095 4349 benedicti
1160 4296 1333 4350 Patris
1389 4297 1516 4361 mei,
1574 4297 1902 4366 percipite_
1929 4293 2134 4358 diebat,
2167 4293 2464 4349 salubriter
2492 4292 2780 4348 tractabat.
2822 4290 2901 4344 lta
2938 4296 3120 4343 tamen
3162 4285 3343 4341 omnia
3374 4281 3576 4338 ﬁebant

214 4391 445 4451 regnum,
489 4383 640 4452 quod
699 4383 856 4439 vobis
910 4390 1157 4453 paratum
1214 4392 1299 4439 est
1351 4399 1381 4439 a
1446 4357 2074 4443 constitutioneDinter
2110 4357 2239 4437 illos
2268 4382 2514 4451 paciﬁce,
2556 4390 2610 4437 et
2639 4380 2925 4436 honestate
2956 4375 3333 4431 tractabantur
3370 4380 3424 4426 et
3452 4370 3571 4425 sine

213 4470 383 4525 mundi
416 4470 629 4542 (Matth.
670 4485 793 4538 xxv,
845 4469 952 4539 34).
1001 4491 1025 4521 ι
1083 4472 1164 4528 Ob
1220 4485 1383 4542 quam
1440 4477 1585 4528 enim
1625 4488 1843 4530 causam

212 4566 421 4616 sanctus
474 4561 799 4617 Ambrosius
853 4562 1199 4631 septuaginta
1256 4568 1311 4616 et
1348 4560 1489 4617 duos
1541 4561 1845 4633 discipulds

210 4647 520 4705 sacerdotes
556 4648 814 4706 ordinare
870 4650 1065 4714 voluit,
1115 4656 1174 4706 ut
1229 4657 1367 4720 quot
1412 4648 1634 4705 fuerunt
1670 4652 1845 4706 varie-

213 4738 343 4791 tates
366 4737 622 4808 gentium
673 4726 772 4809 per
818 4738 1220 4808 dispersionem
1268 4739 1595 4811 linguarum,
1637 4745 1720 4795 tot
1758 4754 1844 4796 es-

210 4832 324 4880 sent
376 4827 695 4884 sacerdotes
749 4826 819 4883 ad
876 4827 1105 4885 salutem
1161 4828 1463 4885 animarum
1510 4832 1839 4885 nostrarum.

210 4913 273 4968 At
297 4927 417 4971 cum
454 4915 751 4973 humanum
787 4931 962 4988 genus
990 4917 1269 4988 quondam
1307 4932 1409 4989 per
1445 4918 1635 4974 orbem
1676 4924 1845 4973 terra-

1926 4470 2055 4527 dolo
2094 4477 2149 4525 et
2176 4470 2296 4525 sine
2325 4470 2548 4537 invidia,
2581 4477 2641 4524 ut
2669 4467 2817 4539 quod
2848 4467 2905 4522 in
2934 4465 3162 4522 Actibus
3191 4459 3571 4532 apostolorum

1925 4559 2147 4630 legitur,
2202 4558 2260 4613 in
2315 4559 2442 4614 illos
2494 4558 2847 4628 implebatur,
2905 4554 3140 4611 dicens:
3202 4566 3232 4604 ‹‹
3272 4551 3402 4605 Erat
3460 4547 3571 4603 illis

1927 4661 2023 4704 cor
2053 4661 2217 4704 unum
2250 4654 2306 4703 et
2342 4649 2519 4703 anima
2561 4661 2665 4702 una
2712 4649 2848 4717 (Act.
2883 4659 2955 4710 ιν,
2994 4642 3120 4712 32);
3157 4659 3185 4693 ››
3227 4650 3282 4696 et
3322 4636 3570 4709 quamvis

1923 4735 2093 4794 facies
2127 4737 2348 4794 illorum
2404 4746 2587 4794 essent
2642 4736 2895 4800 diversae,
2937 4746 3104 4789 unum
3151 4745 3249 4789 cor
3286 4735 3341 4786 et
3388 4727 3565 4783 anima

1924 4834 2044 4886 erat
2100 4842 2225 4884 una.
2283 4828 2491 4896 Quibus
2545 4827 2765 4899 egregie
2821 4823 3131 4881 viventibus
3185 4828 3241 4878 et
3307 4818 3563 4890 religiose

1925 4916 2272 4988 degentibus,
2340 4917 2521 4972 omnia
2586 4913 3027 4985 coeperabantur
3092 4912 3148 4967 in
3212 4910 3438 4974 bonum,
3509 4913 3565 4961 ut

1556 5017 1783 5072 VAerE
1838 5016 2119 5072 LECTION
2125 5015 2205 5071 ES

275 5106 309 5141 "
342 5124 413 5168 ne
441 5112 590 5186 quod
620 5113 776 5170 vobis
801 5117 864 5171 A.
896 5116 939 5186 f.
967 5114 1078 5172 illis
1104 5116 1238 5171 Hor.
1270 5113 1520 5186 mancus.

211 5187 354 5239 retur
382 5193 477 5240 aut
503 5184 572 5239 ab
593 5187 688 5243 A'.
722 5186 759 5241 Ι.
794 5196 852 5242 ιιι
880 5184 930 5241 r.
961 5200 1011 5242 e.
1045 5201 1099 5242 ιι.
1122 5200 1174 5242 a.
1207 5187 1266 5241 Β.
1360 5185 1402 5217 ⁸⁸
1431 5187 1573 5242 deest
1600 5189 1660 5243 Β.

1615 5114 1656 5146 ³³
1694 5114 1850 5171 vobis
1877 5113 1962 5170 Bt.

1757 5184 1796 5217 ³⁷
1828 5189 1901 5241 De
1933 5183 2272 5255 primicerio.
2315 5186 2378 5253 Q.
2420 5184 2573 5240 codd.

2385 5112 2430 5145 μ
2459 5112 2595 5168 ἀίω
2624 5110 2709 5169 BL
2795 5109 2836 5142 tu
2862 5110 2939 5166 ειη
2966 5109 3086 5165 Ανιίτ,
3116 5105 3201 5163 11L
3234 5104 3334 5161 lar.
3368 5117 3563 5176 reggcj-

2055 5111 2097 5143 ⁸³
2122 5120 2179 5169 et
2204 5112 2290 5170 Bt.
2385 5112 2430 5145 ιδ
2459 5112 2595 5168 dicit
2624 5111 2709 5169 BL
2795 5111 2836 5142 ³⁸
2862 5111 2939 5166 ita
2966 5111 3086 5165 A“.
3116 5111 3201 5163 Bt.
3234 5111 3334 5161 lar.
3368 5117 3562 5176 regge-

2055 5183 2272 5242 ticerio.
2315 5186 2378 5251 Q.
2420 5184 2573 5240 codd.
2666 5182 2710 5214 ⁸⁸
2737 5184 2813 5239 ita
2842 5182 2908 5238 Β.
2949 5179 3397 5251 perscrutabatur
3443 5173 3562 5231 rell.

213 5244 250 5276 ³⁹
276 5250 489 5311 demum
516 5255 598 5311 BI.
674 5256 718 5288 ⁸ο
745 5272 801 5329 q.
827 5272 876 5313 c.
911 5257 1094 5313 desunt
1130 5255 1216 5313 Bt.
1293 5256 1330 5288 ⁸¹
1365 5257 1505 5313 deest
1535 5259 1595 5314 Β.
1672 5259 1713 5291 ³³
1745 5273 1802 5330 q.
1833 5258 1891 5313 in
1921 5244 2142 5313 ventum
2172 5244 2447 5327 pulverem
2487 5256 2549 5312 ed
2580 5255 2755 5311 Paris.

1768 5360 1983 5418 NOTAﬂ.

284 5449 404 5524 (36)
438 5454 569 5522 llos,
598 5454 932 5515 decumanos
967 5453 1171 5520 dictos,
1199 5469 1331 5513 sec.
1364 5470 1416 5510 ix
1454 5462 1687 5513 exeunte
1735 5456 1838 5514 de-

217 5533 352 5581 mum
381 5523 663 5584 institutos
697 5541 842 5593 esse,
889 5525 1257 5600 probaverunt
1303 5526 1525 5592 Giulini,
1576 5527 1733 5584 Mem.
1783 5528 1839 5585 di

1921 5459 2120 5519 Milano
2156 5455 2299 5524 701,
2321 5454 2466 5519 295;
2498 5449 2948 5524 FumagalliﬂAnt.
2983 5446 3164 5524 Milan.
3206 5448 3296 5514 ιιι,
3325 5445 3453 5524 §40,

1998 5529 2122 5601 (37)
2164 5518 2324 5599 Greg.
2360 5528 2404 5594 l,
2438 5518 2638 5596 Expos.
2671 5518 2828 5579 tertii
2862 5535 2942 5592 ps.
2978 5519 3195 5592 pmnit.,
3236 5534 3285 5573 v.
3327 5518 3379 5573 3.
