4022 6160
439 272 551 329 827.

1469 303 1475 309 -
1528 269 1854 323 LANDULFI
1898 266 2429 321 MEDIOLANENSIS
2465 267 2764 322 CLERICI.

419 398 734 469 'Aposmlus
788 401 1024 455 testatur
1077 397 1120 427 ⁸³
1184 397 1410 451 dicens:
1462 415 1490 444 «
1552 395 1790 460 Fratres,
1856 391 2153 456 scimus,'A
2175 392 2276 446 Et:
2321 391 2706 447 «Ceciderunt
2736 404 2920 448 coram
2951 405 3112 463 agno,
3163 392 3432 448 habentes
3476 392 3679 463 singuli
3730 407 3821 464 cy-

438 488 698 558 quoniam
757 487 1112 560 diligentibus
1159 487 1321 540 Deum
1382 482 1561 538 omnia
1620 487 1990 551 cooperantur
2029 481 2083 534 in

439 578 668 644 bonum,
727 577 836 632 hiis
874 577 964 646 qui
1006 573 1302 630 secundum
1361 572 1702 640 propositum
1742 571 1917 626 vocati
1958 575 2085 624 sunt

443 668 618 723 sancti
653 667 819 737 (Rom.
855 681 972 731 vui,
1005 663 1132 733 28);
1180 681 1206 713 »
1247 661 1596 716 attendentes
1635 661 1769 716 illud
1820 672 2084 730 cyrogra-

440 755 572 827 phi:
618 773 644 805 «
678 754 823 809 Beati
857 753 948 822 qui
988 757 1306 806 scrutantur
1344 750 1654 805 testimonia
1688 751 1830 818 ejus,
1873 749 1926 802 in
1968 755 2084 802 toto

441 844 608 900 corde
639 843 933 917 exquirunt
964 854 1084 896 eum
1122 839 1292 910 (Psal.
1329 854 1516 904 cxvm,
1550 839 1621 908 2).
1673 860 1697 888 »
1747 842 1813 892 At
1852 851 2012 907 quam
2043 835 2086 866 ³⁵

440 933 657 988 fuerunt
697 945 826 1001 erga
866 930 1229 985 ministerium
1262 935 1318 984 et
1362 929 1610 983 ordinem
1650 942 1807 983 suum
1837 926 2081 992 solliciti,

440 1035 598 1077 nemo
631 1021 734 1074 nisi
758 1019 799 1050 ⁸⁸
829 1021 922 1088 qui
955 1019 1050 1074 illo
1078 1025 1324 1088 tempore
1355 1017 1538 1083 fuerit,
1573 1031 1795 1071 narrare
1827 1016 2083 1086 quiverit,

439 1111 795 1180 pertimentes
817 1109 951 1164 illud
975 1109 1121 1178 quod
1151 1109 1355 1162 dicitur
1384 1107 1452 1162 56:
1489 1126 1516 1157 «
1549 1107 1869 1162 Maledictus
1897 1106 2082 1172 homo,

438 1199 530 1268 qui
572 1211 713 1266 opus
751 1197 844 1252 Dei
887 1198 1230 1268 negligenter
1276 1195 1470 1252 fecerit
1521 1197 1644 1265 (Jer.
1687 1210 1871 1262 vam,
1919 1194 2020 1262 10).
2057 1213 2081 1241 ω

438 1285 591 1343 Unde
649 1286 852 1342 accidit
910 1293 989 1353 ut,
1041 1288 1167 1341 dum
1217 1285 1437 1356 quidam
1487 1283 1596 1338 dux
1647 1284 1942 1338 Gothorum
1985 1297 2084 1336 ex-

437 1383 642 1431 traneae
700 1376 872 1446 genti,
934 1376 1153 1430 nomine
1220 1374 1434 1437 Ruilus,
1498 1373 1626 1427 illos
1683 1374 1736 1427 in
1791 1371 2085 1427 festivitate

435 1470 752 1520 sanctorum
791 1464 1001 1520 Nazarii
1041 1470 1095 1519 et
1133 1465 1298 1528 Celsi,
1360 1468 1414 1517 et
1469 1461 1537 1516 ad
1576 1461 1856 1516 silentium
1916 1459 2086 1529 polite

435 1563 668 1611 ornatos
698 1563 752 1611 et
792 1570 913 1612 cum
945 1556 1207 1625 episcopo
1238 1553 1554 1623 gradientes
1586 1551 1866 1620 inopinate
1897 1563 2088 1618 super-

438 1644 688 1710 vidisset,
724 1658 831 1700 non
866 1644 992 1700 illos
1034 1650 1241 1698 tantum
1281 1641 1619 1705 sacerdotes,
1667 1639 1762 1694 sed
1797 1639 2088 1709 episcopos

2170 481 2356 535 tharas
2385 488 2439 536 et
2470 481 2619 536 fialas
2667 496 2863 536 aureas
2909 481 3100 552 plenas
3144 481 3652 547 odoramentorum,
3695 497 3820 552 qua

2167 577 2295 624 sunt
2333 572 2614 626 orationes
2661 577 2996 636 sanctorum,
3048 576 3104 626 et
3141 579 3365 626 cantant
3401 585 3602 626 novum
3650 573 3822 628 canti-

2167 673 2289 712 cum
2321 659 2605 714 dicentes:
2638 681 2662 708 ‹‹
2695 662 2896 730 Dignus
2943 675 3003 715 es
3047 661 3299 730 accipere
3346 661 3577 731 gloriam
3609 667 3665 715 et
3714 661 3821 716 ho-

2168 761 2377 813 norem,
2411 755 2466 802 ct
2503 749 2719 818 aperire
2761 749 2959 803 librum
2991 755 3043 804 et
3074 749 3352 819 signacula
3385 750 3526 818 ejus,
3555 750 3820 818 quoniam

2168 837 2386 891 occisus
2415 851 2475 892 es
2513 844 2568 891 et
2597 837 2878 892 redemisti
2919 852 3044 904 nos,
3085 839 3310 893 Domine
3341 838 3396 893 in
3429 839 3698 908 sanguine
3723 845 3820 893 tuo

2169 939 2235 980 ex
2266 927 2413 980 omni
2447 927 2593 981 tribu
2633 934 2689 980 et
2727 927 2912 997 lingua
2950 933 3003 981 et
3044 927 3250 996 populo
3289 933 3344 982 et
3373 928 3618 991 natione,
3660 935 3717 982 et
3747 926 3819 982 fe-

2169 1015 2292 1069 cisti
2332 1029 2434 1070 nos
2464 1018 2574 1070 Deo
2605 1023 2794 1070 nostro
2828 1029 3054 1085 regnum
3085 1022 3140 1070 et
3168 1016 3596 1082 sacerdotes,.et
3624 1029 3821 1086 regna.

2170 1103 2305 1157 bunt
2342 1118 2511 1172 super
2545 1111 2744 1159 terram
2787 1105 2968 1175 (Apoc.
3017 1120 3072 1159 v.
3131 1105 3215 1174 8).
3277 1124 3305 1156 »
3355 1107 3450 1160 Est
3505 1105 3651 1160 enim
3713 1105 3818 1159 alia

2169 1205 2352 1257 causa,
2395 1207 2564 1260 quare
2611 1193 2802 1262 viginti
2859 1198 3098 1262 quatuor
3143 1193 3451 1248 cardinales
3497 1192 3820 1248 sacerdotes

2169 1281 2480 1335 ordinavit:
2541 1282 2800 1336 videlicet
2854 1283 2998 1336 sicut
3055 1282 3322 1336 naturalis
3374 1282 3496 1337 dies
3543 1281 3821 1352 viginti“

2169 1377 2406 1439 quatuor
2443 1371 2596 1426 horis
2632 1371 2922 1436 solidatur,
2953 1372 3034 1426 sic
3073 1371 3374 1426 misterium
3413 1371 3668 1426 ecclesiae
3699 1375 3822 1426 Am-

2169 1459 2442 1514 brosianze
2501 1473 2598 1528 per
2644 1459 2835 1529 viginti
2886 1466 3124 1529 quatuor
3160 1459 3469 1515 cardinales
3505 1460 3821 1530 aperiretur

2171 1553 2226 1602 et
2255 1555 2576 1617 regeretur;
2611 1548 2679 1603 de
2710 1562 2820 1618 quo
2859 1531 2949 1604 die
2987 1555 3210 1604 sanctus
3245 1550 3568 1605 Ambrosius
3599 1550 3656 1604 in
3689 1551 3823 1605 Exa-

2171 1650 2360 1692 meron
2414 1636 2479 1706 (ι,
2537 1636 2623 1707 10)
2677 1639 2788 1693 ait:
2827 1656 2854 1688 «
2888 1641 3088 1708 Legem
3113 1639 3322 1706 statuit,
3366 1646 3425 1694 ut
3462 1639 3658 1710 viginti
3686 1653 3819 1709 qua-

435 1734 674 1790 credidit
705 1740 759 1789 et
787 1734 1092 1799 affirmavit,
1126 1732 1347 1788 dicens:
1402 1750 1428 1782 ‹‹
1469 1733 1627 1786 Certe
1667 1744 1788 1784 cum
1829 1743 1931 1799 ego
1972 1727 2296 1785 fereBtuor
2334 1725 2486 1782 horae
2523 1725 2737 1784 diurna:
2775 1733 2941 1796 atque
2980 1733 3266 1783 nocturnae
3313 1728 3425 1783 diei
3455 1733 3668 1783 tantum
3724 1741 3819 1784 no-

437 1829 610 1878 totum
640 1823 682 1854 ⁵⁷
713 1823 901 1878 orbem
945 1829 1210 1878 terrarum
1245 1823 1400 1890 jussu
1433 1819 1796 1875 Valentiniani
1848 1819 2086 1888 impera-

437 1912 574 1967 toris
611 1911 934 1967 circumdeli
977 1917 1031 1966 et
1069 1911 1199 1976 vidi,
1250 1910 1536 1978 inquirens
1591 1922 1745 1963 usum
1801 1914 1856 1962 et
1902 1920 2086 1962 mores

435 2001 675 2072 ipsorum
727 2000 769 2032 ⁵⁸
816 2001 1044 2056 maxime
1093 2008 1148 2055 et
1208 1999 1592 2069 religiosorum
1652 1997 2080 2066 episcoporum,

436 2104 711 2160 nunquam
764 2095 916 2145 tanto
972 2096 1198 2159 stupore
1255 2095 1310 2144 et
1367 2095 1474 2142 tam
1532 2085 1794 2141 ineffabili
1850 2085 2086 2140 admira-

435 2181 587 2236 tione
618 2179 856 2250 obrigui.
901 2197 926 2230 »
968 2180 1068 2246 Qui
1106 2178 1298 2233 videns
1328 2182 1383 2232 et
1412 2175 1689 2231 admirans
1719 2174 1860 2242 haec,
1893 2188 2082 2244 parum

435 2269 724 2336 subsistit;
759 2269 977 2323 tandem
1019 2267 1174 2334 abiit,
1217 2281 1402 2322 secum
1452 2266 1656 2320 mirans
1685 2280 1810 2334 quae
1841 2264 2075 2319 viderat.

431 2357 638 2425 Quibus
667 2358 808 2414 odor
845 2358 926 2412 sic
955 2356 1285 2412 facientibus
1324 2354 1741 2420 misericordiae,
1778 2354 1999 2422 pietatis
2029 2358 2084 2407 et

431 2446 734 2512 charitatis,
768 2447 1057 2511 castitatis,
1100 2445 1444 2509 humilitatis,
1498 2441 1877 2505 fraternitatis,
1909 2441 2084 2496 scien-

437 2536 528 2590 tiae
582 2542 638 2589 et
693 2535 936 2590 omnium
993 2535 1253 2589 virtutum
1315 2532 1470 2602 quasi
1529 2531 1670 2587 odor
1725 2531 2080 2586 suavissimus

433 2623 579 2678 circa
611 2635 802 2678 omnes
831 2629 1024 2692 gentes
1072 2623 1303 2677 maxime
1351 2620 1416 2675 ad
1469 2620 1677 2675 vicinas
1715 2615 1881 2675 urbes
1921 2619 2082 2673 reflo-

433 2712 577 2778 ruit;
612 2711 680 2768 de
711 2726 820 2782 quo
861 2712 1123 2768 Dominus
1160 2711 1227 2766 ad
1267 2712 1484 2781 Moysen
1517 2709 1692 2775 dixit;
1729 2727 1756 2759 «
1787 2711 1948 2764 Sume
1981 2708 2081 2762 tibi

432 2806 696 2866 aromata,
728 2807 990 2867 stracten,
1033 2807 1088 2856 et
1125 2800 1384 2870 onigona,
1435 2798 1720 2869 galbanem
1772 2797 1901 2852 boni
1946 2796 2083 2853 odo-

433 2889 528 2954 ris,
572 2895 627 2944 et
656 2889 783 2944 thus
814 2889 1230 2954 lucidissimum,
1279 2887 1558 2956 faciesque
1608 2887 1888 2940 thimiama
1928 2899 2082 2940 com-

431 2976 670 3046 positum
727 2991 832 3046 ope
889 2975 931 3007 δ’
989 2977 1359 3046 unguentarii,
1403 2975 1626 3030 mixtum
1669 2974 1964 3045 diligenter
2027 2980 2082 3030 et

2168 1817 2312 1871 mine
2368 1815 2718 1883 difﬁniamus,
2763 1823 2822 1872 ut
2860 1818 2906 1872 si
2947 1817 3160 1873 diceret
3185 1817 3218 1872 ε’
3244 1839 3270 1866 α
3311 1818 3515 1890 Viginti
3577 1823 3819 1888 quatuor

2168 1906 2425 1960 horarum
2458 1920 2764 1962 mensuram
2805 1907 2970 1962 unius
3007 1907 3117 1962 diei
3167 1913 3383 1977 tempus
3413 1914 3516 1963 cst.
3550 1927 3581 1959 ››
3613 1907 3818 1975 Quibus

2166 1995 2437 2050 ordinatis
2474 1995 3021 2065 archipresbiterum,
3062 2010 3092 2050 a
3131 2010 3242 2066 quo
3270 1996 3317 2051 si
3356 1997 3580 2066 quando
3629 1998 3690 2052 in
3729 1997 3819 2051 ali-

2167 2097 2276 2153 quo
2308 2083 2491 2139 officio
2531 2084 2836 2152 deviarent,
2877 2085 3094 2155 placide
3143 2085 3418 2141 emendati
3465 2088 3815 2156 suaviterque

2167 2174 2402 2228 correcti
2457 2173 2605 2229 bono
2655 2175 2841 2229 animo
2885 2174 3140 2244 bonaque
3184 2175 3465 2230 voluntate
3511 2176 3814 2245 degerent,

2167 2263 2471 2332 prmposuit
2509 2262 2568 2318 ⁵⁸.
2611 2264 2779 2332 Cujus
2823 2276 3023 2318 nomen
3073 2265 3331 2334 princeps
3369 2265 3815 2335 presbyterorum

2168 2351 2357 2406 Latine
2388 2356 2648 2418 resonat;
2681 2351 2884 2407 archos
2919 2353 3064 2407 enim
3091 2355 3300 2420 Graece,
3337 2355 3601 2424 princeps
3629 2353 3814 2409 Latine

2166 2439 2391 2494 dicitur.

2233 2528 2286 2582 5.
2320 2530 2424 2583 Per
2452 2527 2494 2558 “
2530 2528 2674 2584 idem
2725 2534 2940 2599 tempus
2988 2529 3181 2584 beatus
3227 2529 3554 2586 Ambrosius
3604 2537 3811 2602 septem

2165 2617 2450 2683 diaconos,
2493 2623 2549 2672 et
2585 2618 2627 2648 ⁸⁷
2657 2619 2812 2687 quasi
2862 2633 2962 2688 per
3005 2618 3380 2688 septiformem
3425 2622 3659 2691 gratiam
3697 2623 3815 2690 Spi-

2165 2707 2304 2760 ritus
2359 2707 2535 2762 sancti
2593 2707 2672 2761 eis
2729 2721 2828 2776 per
2865 2709 3124 2777 Spiritum
3178 2718 3424 2766 sanctum
3484 2724 3682 2766 manus
3719 2711 3811 2766 im-

2165 2808 2378 2864 ponens
2435 2795 2718 2850 benedixit
2773 2803 2830 2852 et
2884 2797 3179 2864 ordinavit,
3232 2799 3477 2854 imitatus
3530 2791 3814 2870 apostolos

2164 2884 2379 2939 Domini
2413 2883 2473 2951 ‘3,
2520 2886 2612 2954 qui
2658 2891 2785 2954 post
2831 2888 3060 2956 gratiam
3117 2887 3356 2957 Spiritus
3392 2890 3593 2956 sancti,
3652 2904 3808 2960 quam

2165 2972 2219 3026 in
2252 2973 2584 3040 Yerusalem,
2619 2988 2742 3043 quae
2781 2973 2931 3030 Visio
2971 2975 3122 3044 pacis
3167 2976 3394 3044 dicitur,
3435 2978 3673 3049 benigne
3725 2992 3809 3033 ac-

436 3079 628 3134 purum
671 3065 853 3130 [Ex-od
890 3064 1135 3130 xxx,54).
1189 3085 1216 3115 »
1257 3067 1404 3132 Quos
1460 3063 1718 3134 magister
1776 3063 1969 3119 beatus
2025 3057 2452 3131 etheperunt,
2519 3063 2577 3117 in
2634 3075 2801 3118 unum
2849 3065 3264 3132 convenientes,
3310 3074 3523 3136 septem
3554 3067 3812 3124 diacones

433 3152 630 3208 doctor
677 3152 718 3183 ⁶⁰
755 3153 1074 3208 Ambrosius
1119 3153 1346 3208 cottidie
1390 3153 1737 3208 ammonebat
1783 3153 2076 3219 cantando,

431 3241 660 3298 dicens:
699 3263 724 3291 α
766 3241 1062 3314 Diligamus
1093 3255 1195 3298 nos
1223 3242 1478 3310 invicem,
1510 3243 1637 3311 quia
1676 3242 1916 3297 charitas
1939 3244 2082 3297 Deus

430 3336 534 3396 est,
567 3335 621 3386 et
650 3332 744 3401 qui
775 3330 959 3402 diligit
986 3330 1210 3386 fratrem
1251 3345 1428 3396 suum,
1463 3344 1528 3385 ex
1569 3333 1679 3386 Deo
1719 3336 1879 3385 natus
1909 3336 1993 3386 est
2025 3336 2080 3386 et

426 3419 577 3476 videt
615 3421 804 3486 Deum,
838 3426 894 3475 et
923 3420 977 3475 in
1019 3420 1125 3476 hoc
1155 3420 1394 3475 charitas
1431 3420 1526 3474 Dei
1579 3419 1820 3489 perfecta
1851 3427 1971 3486 est;
2025 3427 2082 3476 et

429 3509 525 3579 qui
565 3507 695 3565 facit
732 3509 1066 3565 voluntatem
1107 3510 1224 3574 Dei,
1269 3516 1450 3564 manet
1479 3509 1534 3564 in
1566 3515 1852 3565 aeternum.
1889 3529 1918 3561 »

498 3599 553 3654 4.
587 3601 654 3655 At
684 3598 724 3630 “
755 3613 877 3656 cum
918 3599 1112 3654 beatus
1149 3599 1472 3655 Ambrosius
1509 3599 1860 3669 supradictas
1897 3613 2081 3655 sacer-

431 3688 589 3745 dotes
619 3691 730 3744 Deo
762 3689 1092 3758 disponente
1130 3689 1404 3744 ordinavit
1436 3687 1497 3756 ",
1538 3690 1712 3744 visum
1743 3697 1826 3745 est
1855 3690 1960 3746 sibi
1991 3704 2081 3745 ce-

432 3777 566 3833 teris
603 3792 724 3833 cum
763 3775 1045 3844 fratribus,
1077 3778 1269 3848 viginti
1316 3785 1552 3851 quatuor
1599 3779 1936 3846 sacerdotes,
1985 3779 2080 3850 qui

432 3867 588 3936 quasi
615 3867 924 3923 cardinales
955 3875 1157 3934 essent,
1202 3869 1406 3923 debere
1451 3868 1732 3924 constitui.
1791 3871 1938 3937 Quos
1977 3872 2080 3925 Do-

432 3956 612 4010 minus
643 3962 696 4012 et
740 3957 986 4012 Salvator
1035 3964 1224 4012 noster
1264 3972 1362 4028 per
1410 3957 1798 4014 revelationem
1844 3959 2081 4028 Spiritus

433 4044 609 4099 sancti
675 4045 731 4099 in
798 4044 1126 4115 Apocalypsi
1175 4046 1394 4101 dicente
1447 4047 1696 4102 Iohanne
1755 4048 2076 4103 confirmat:

435 4132 636 4201 «Vidi,
671 4141 725 4189 et
754 4148 882 4189 ecce
911 4133 1102 4205 viginti
1151 4142 1389 4205 quatuor
1434 4136 1702 4203 seniores,
1754 4137 1848 4206 qui
1891 4137 2080 4205 proci-

433 4221 564 4279 dent
593 4227 719 4279 ante
745 4223 1029 4279 sedentem
1078 4223 1134 4279 in
1175 4224 1400 4291 throno,
1450 4231 1505 4281 et
1552 4226 1861 4282 adorabunt
1908 4225 1949 4256 ⁵³
1996 4225 2083 4279 vi-

431 4318 643 4368 ventem
684 4312 740 4368 in
797 4313 998 4369 saecula
1050 4313 1401 4381 saeculorum,
1462 4322 1516 4370 et
1573 4316 1792 4371 mittent
1847 4329 2082 4371 coronas

2165 3164 2262 3219 per
2325 3151 2586 3220 Spiritum
2625 3159 2872 3208 sanctum
2930 3155 3344 3212 ordinaverunt.
3406 3157 3626 3226 Septem
3687 3157 3806 3212 ideo

2163 3241 2525 3308 consecravit,
2567 3243 2696 3312 quia
2732 3249 2940 3312 septem
2991 3251 3121 3298 sunt
3167 3245 3312 3301 dona
3350 3246 3591 3315 Spiritus
3636 3247 3808 3302 sancti

2162 3342 2193 3383 a
2232 3330 2342 3383 Deo
2373 3343 2540 3399 super
2569 3329 2759 3386 fideles
2800 3331 3108 3388 catholicos
3152 3332 3194 3364 ⁶⁹
3242 3333 3479 3402 collata;
3531 3335 3618 3391 vel
3668 3336 3709 3366 ⁷⁸
3756 3343 3808 3390 ut

2155 3417 2390 3474 cottidie
2420 3424 2547 3474 ante
2600 3420 2856 3476 thronum
2913 3422 3010 3478 Dei
3057 3422 3215 3492 quasi
3267 3430 3477 3494 septem
3533 3424 3809 3495 lampades

2163 3508 2307 3564 bona
2342 3508 2451 3562 vita
2481 3509 2815 3579 optimisque
2848 3511 3094 3566 moribus
3122 3519 3288 3582 atque
3318 3512 3573 3569 doctrina
3603 3514 3742 3570 alios
3771 3515 3806 3544 “

2162 3597 2531 3653 accendentes
2561 3597 2978 3667 praeclarissime
3007 3600 3382 3670 splenderent.
3407 3602 3564 3659 Unde
3593 3609 3809 3659 sanctus

2161 3686 2438 3742 Iohannes
2467 3688 2522 3742 in
2560 3687 2925 3759 Apocalypsi:
2973 3709 2998 3738 α
3040 3690 3260 3760 Septem
3300 3691 3585 3761 lampades
3620 3693 3809 3750 arden-

2162 3781 2246 3830 tes
2277 3776 2584 3846 procedunt
2631 3784 2758 3832 ante
2806 3777 3086 3845 thronum,
3139 3794 3264 3849 qua;
3309 3788 3439 3836 sunt
3487 3781 3527 3810 ⁷⁸
3586 3783 3808 3852 spiritus

2161 3865 2258 3919 Dei
2298 3864 2484 3936 (Apoc.
2536 3880 2606 3932 ιγ,
2629 3864 2704 3935 5).
2739 3881 2768 3920 »
2809 3868 2956 3933 Quos
3004 3869 3314 3937 praevidens
3349 3877 3576 3926 sanctus
3617 3871 3809 3928 doctor

2161 3954 2481 4010 Ambrosius
2511 3954 2768 4024 religiose
2807 3955 2998 4026 viginti
3030 3964 3269 4026 quatuor
3305 3958 3680 4016 subdiacones
3706 3959 3804 4029 (38)

2163 4043 2230 4097 ad
2271 4043 2536 4098 honorem
2576 4045 2670 4098 Dei
2729 4051 2786 4098 et
2841 4044 3102 4101 Ecclesiae
3141 4061 3254 4102 suae
3296 4048 3610 4104 ordinando
3648 4050 3808 4105 bene-

2163 4131 2322 4186 dixit.
2351 4133 2560 4198 Quibus
2589 4132 2877 4189 catholicis
2906 4135 3194 4201 ordinatis,
3227 4137 3485 4193 omnibus
3521 4141 3804 4209 magistros

2162 4219 2420 4287 instituit,
2481 4235 2714 4290 quorum
2763 4237 2904 4278 unus
2951 4223 3392 4293 archidiaconus,
3439 4227 3584 4282 alius
3628 4226 3806 4282 archi-

2163 4309 2534 4365 subdiaconus
2563 4319 2871 4367 vocaretur.

429 4416 557 4456 suas
594 4408 721 4457 ante
760 4401 1041 4468 thronum,
1081 4403 1366 4459 dicentes:
1407 4422 1434 4455 «
1478 4404 1681 4474 Dignus
1718 4419 1797 4471 es,
1850 4388 2141 4460 DomineD
2233 4400 2288 4453 6.
2347 4399 2496 4454 Idem
2549 4398 2590 4428 ⁷³
2647 4413 2746 4468 per
2784 4409 2998 4471 tempus
3035 4409 3259 4458 sanctus
3312 4403 3535 4461 nomine
3592 4406 3807 4476 Simpli—

430 4493 571 4546 Deus
610 4495 833 4557 noster,
861 4493 1116 4561 accipere
1162 4492 1393 4563 gloriam
1442 4499 1496 4547 et
1544 4493 1812 4549 honorem
1860 4500 1916 4549 et
1969 4495 2076 4548 vir-

429 4585 622 4646 tutem,
682 4581 810 4650 quia
863 4586 952 4636 tua
1006 4581 1205 4635 creasti
1248 4579 1449 4645 omnia,
1501 4586 1556 4636 et
1608 4581 2078 4650 propter-volun-

428 4675 592 4724 tatem
624 4675 771 4724 tuam
803 4675 958 4724 erant
989 4677 1044 4724 et
1073 4675 1257 4724 creata
1295 4675 1424 4724 sunt
1454 4671 1639 4740 (Apoc.
1674 4685 1744 4735 1v,
1789 4669 1890 4739 10).
1926 4688 1955 4724 n

2162 4491 2353 4546 cianus
2378 4489 2822 4556 archidiaconus,
2864 4491 2947 4546 vir
2987 4491 3156 4546 totius
3201 4493 3486 4562 bonitatis,
3528 4496 3805 4567 totiusque

2162 4579 2464 4651 religionis,
2497 4595 2560 4634 ac
2601 4580 2770 4635 totius
2816 4581 3143 4648 sanctitatis,
3185 4589 3240 4636 et
3282 4583 3453 4638 totius
3500 4584 3803 4649 charitatis,

2162 4671 2442 4739 totiusque
2494 4670 2734 4739 pietatis,
2769 4671 3048 4740 totiusque
3086 4671 3374 4739 castitatis,
3401 4674 3693 4746 gratiaque
3723 4676 3807 4730 di-

1789 4770 2010 4825 VARL‘E
2067 4771 2450 4826 LECTIONES.

497 4856 540 4889 ⁵³
575 4856 797 4913 testavit
825 4859 883 4912 B.
959 4857 1003 4887 ⁵⁸
1030 4857 1104 4912 ita
1134 4859 1196 4912 A.
1230 4862 1394 4926 atque
1423 4856 1540 4912 reti.
1616 4855 1658 4887 ⁸⁵
1686 4857 1760 4912 ita
1790 4859 1848 4912 B.
1885 4859 2028 4914 enim
2054 4857 2170 4914 reti.-
2249 4859 2290 4890 “
2319 4857 2454 4912 dicit
2483 4856 2566 4912 Bt.

427 4929 470 4960 “
501 4943 570 4984 m.
603 4933 652 4984 et
677 4943 729 4984 e.
761 4929 827 4999 d.
849 4928 1031 4983 desunt
1077 4930 1132 4982 Β.
1166 4933 1220 4984 ut
1257 4943 1460 4999 semper
1488 4930 1544 4984 in
1569 4928 1670 4984 his.

427 5001 608 5056 desunt
635 5001 738 5056 A“
762 4998 877 5070 BI.)

426 5070 468 5103 ⁸⁵
497 5072 786 5142 praposuit
813 5069 898 5126 Bt.

911 4999 1212 5056 secundum
1245 4999 1475 5055 Datium.
1510 4999 1811 5056 adscribunt
1840 5001 1994 5056 codd.

993 5071 1036 5102 “
1071 5071 1268 5127 Titulus
1293 5071 1348 5144 in
1375 5071 1554 5127 codd.:
1596 5073 1917 5144 Deiseptem
1949 5073 2219 5129 diaconis.

2660 4856 2702 4886 ⁵⁷
2731 4855 2875 4934 deest
2909 4861 2966 4934 Β.
3003 4929 3014 4934 _
3062 4857 3104 4890 ⁵⁸
3131 4859 3284 4934 ipsos
3312 4861 3372 4915 Β.
3465 4861 3510 4894 ⁸³
3533 4876 3708 4934 Opere
3745 4867 3797 4920 Β.

1765 4928 1810 5007 ⁸⁸7
1846 4930 2333 5007 DeCardinalibus
2363 4927 2785 5007 Mediolapensjs
2815 4929 3066 5007 ecclesiae
3097 4927 3289 5007 viginti
3325 4927 3591 5007 quattuor
3626 4936 3707 5007 (v.
3747 4952 3797 5007 q.

2099 5001 2140 5032 δ’
2171 5001 2506 5058 ordinaverit
2539 5000 2623 5056 BI.

2724 4999 2766 5032 ⁸³
2804 4999 3107 5057 adorabant
3135 4999 3220 5058 Bt.

2699 5070 2741 5101 ⁸⁸
2770 5073 2912 5128 deest
2958 5075 3016 5128 Β.

3317 5002 3361 5034 ⁸⁸
3397 5005 3452 5060 d.
3505 5007 3587 5062 in.
3638 5002 3692 5062 ἢ.
3745 5002 3796 5064 Β.

2314 5073 2354 5103 ⁸⁷
2385 5073 2525 5127 deest
2547 5073 2603 5127 Β.
2699 5073 2912 5145 ‘jdeest
2958 5075 3016 5128 Β.
3049 5073 3136 5144 qui
3163 5077 3433 5145 sequentia
3453 5078 3533 5132 ita
3563 5078 3798 5135 decurta-

427 5141 534 5220 uit";
584 5141 763 5220 quip.
797 5143 1025 5220 gratiam
1056 5143 1305 5220 paracliti
1320 5143 1391 5220 _in
1423 5157 1561 5220 u._c.
1590 5159 1634 5198 s.
1671 5143 1724 5198 d.
1751 5141 2172 5220 ordinaverunt.
2206 5147 2259 5220 S_.
2293 5157 2426 5220 ergo
2457 5157 2507 5220 c_.
2540 5148 2643 5220 etc.
2715 5141 2919 5220 [deest
2949 5146 3036 5220 B._
3059 5141 3126 5220 ’ἷο
3156 5141 3248 5220 vel
3270 5146 3413 5220 deest
3445 5150 3507 5204 Β.
3588 5150 3624 5182 ⁷¹
3657 5164 3795 5220 quo-

425 5214 561 5296 tidie
589 5214 640 5270 a.
674 5214 758 5272 BI.
791 5214 876 5296 ,ξπ
903 5219 1113 5285 septem
1144 5214 2178 5296 ᾳάάειηβζᾳςιὶ,δειζηεηῑίςι-ὶιᾳῆεωὴὶὺρζε
2211 5217 2271 5296 S_.
2285 5215 2424 5296 Dei.
2474 5214 2680 5271 Deinde
2718 5215 2907 5272 XXIIII
2953 5215 3114 5273 subd.
3165 5217 3232 5272 ad
3283 5218 3337 5272 h.
3389 5220 3453 5274 D.
3504 5214 3792 5283 ordinavit,

426 5287 628 5357 quibus
657 5286 912 5343 omnibus
942 5284 1083 5357 mag.
1123 5291 1251 5342 etc.-
1301 5284 1343 5317 ⁷³
1376 5284 1576 5342 Titulus
1597 5284 1653 5342 in
1681 5287 1860 5342 codd.:
1895 5289 1969 5344 De
2000 5303 2046 5342 s.
2081 5287 2448 5358 Simplitiano.

2005 5379 2221 5434 ΝΟΤιΕ.

427 5549 588 5600 teste.

501 5471 624 5550 (38)
659 5475 736 5529 Ita
765 5474 928 5530 etiam
967 5489 1017 5529 c.
1057 5472 1119 5526 13
1147 5481 1202 5529 et
1229 5473 1377 5530 Galv.
1411 5473 1646 5530 Flamma
1677 5474 1875 5545 Manip.
1911 5475 2130 5532 Florum
2160 5474 2249 5529 40.
2290 5473 2396 5530 Sed
2428 5480 2620 5544 postea
2658 5472 3142 5546 septemfuerunt,
3173 5475 3295 5546 ipso
3328 5477 3479 5534 Laud
3508 5479 3576 5546 Il,
3611 5493 3666 5550 p.
3699 5477 3784 5542 35.
