4064 6162
451 310 549 366 831

1506 334 1513 339 λ
1540 310 1870 366 LANDULFI
1909 304 2441 365 MEDIOLANENSIS
2476 304 2741 362 CLERICI

3724 295 3830 349 832

455 435 765 506 completis,
824 434 1140 492 constitutis
1205 440 1262 491 et
1335 434 1624 501 ordinatis,
1681 434 1878 491 devote
1935 433 2398 501 suumADomini
2436 430 2531 488 Dei
2565 429 2729 486 vestri
2778 427 2834 483 in
2871 439 3070 483 vanum
3122 424 3303 495 (Ibid.,
3332 424 3408 491 7).
3452 440 3481 475 »
3517 423 3586 478 Et
3634 421 3828 478 eadem

456 524 707 582 ordinem
765 524 1058 580 servabant
1126 530 1182 580 et
1247 523 1478 580 invicem
1537 536 1729 580 omnes
1784 538 1906 581 sese
1970 525 2100 581 obe-

456 614 701 681 diebant,
769 613 839 669 de
914 614 1115 685 quibus
1171 613 1307 670 dicit
1365 614 1664 683 Apostolus
1715 634 1728 670 :

2183 528 2479 595 praecepta,
2526 520 2654 590 quia
2685 519 2892 587 majora
2932 521 3082 581 sunt,
3118 512 3419 583 majoribus
3448 508 3831 568 commendata

1792 632 1821 665 ‹‹
1867 615 2099 671 Obedite
2180 611 2478 673 videntur;
2510 615 2695 664 cetera
2723 612 2904 661 autem
2936 609 3101 674 prout
3131 601 3430 672 unicuique
3471 599 3657 656 ordini
3686 611 3830 655 con-

458 704 774 774 praepositis
828 705 1026 760 vestris
1111 703 1165 760 in
1223 704 1475 771 Domino,
1535 710 1590 760 et
1645 702 1756 760 illis
1819 704 2099 774 subjacete
2180 700 2352 764 venit,
2393 697 2669 767 disposuit
2706 701 2763 751 et
2790 694 3085 761 ordinavit,
3108 691 3323 748 scilicet
3352 697 3411 746 ut
3439 695 3575 760 quot
3604 686 3833 744 fuerunt

463 791 646 862 (Hebr.
687 808 785 848 xm
851 791 970 860 l7);
1013 811 1041 845 ι)
1102 800 1158 849 et
1210 792 1341 849 item
1398 791 1442 824 “
1493 812 1506 848 :
1550 810 1578 844 «
1628 794 1733 848 Per
1777 792 2099 848 charitatem

459 881 660 937 servite
717 881 948 937 invicem
1008 880 1146 949 (Gal.
1199 898 1256 950 v,
1330 880 1436 953 l3).
1479 900 1508 934 ι)
1567 884 1627 938 ιιι
1675 896 1910 952 quorum
1968 895 2099 951 Spe-

460 969 544 1024 cie
574 969 836 1025 Dominus
867 962 1171 1041 discipulos
1215 986 1346 1028 suos
1372 977 1669 1038 ammonet,
1710 971 1902 1027 dicens
1934 989 1946 1025 :
1982 988 2009 1021 «
2041 971 2101 1024 ln

460 1060 568 1115 hoc
624 1068 962 1130 cognoscent
1022 1056 1215 1118 omnes
1272 1063 1399 1133 quia
1466 1063 1571 1118 mei
1629 1062 1763 1118 estis
1820 1060 2099 1131 discipuli,

459 1148 506 1203 si
542 1148 712 1219 (Joan.
738 1165 854 1216 xm,
885 1149 993 1220 35),
1028 1169 1056 1203 »
1088 1158 1197 1208 etc.
1218 1152 1407 1221 Itaque
1430 1170 1457 1203 α
1481 1151 1726 1217 dilectio,
1753 1169 1782 1204 »
1804 1146 2105 1206 sic’utdicit

462 1237 778 1308 Apostolus,
841 1255 870 1293 α
909 1245 1027 1295 erat
1082 1239 1192 1295 illis
1248 1240 1367 1295 sine
1423 1240 1791 1306 simulatione,
1851 1239 2104 1296 odientes

465 1324 685 1394 malum,
755 1326 1104 1383 adhaerentes
1169 1328 1336 1394 bono,
1399 1329 1680 1383 caritatem
1744 1326 2104 1384 fraternitatis

465 1413 697 1471 invicem
732 1414 1044 1487 diligentes,
1096 1417 1363 1473 honorem
1411 1417 1641 1473 invicem
1683 1417 2101 1487 prmvenientes,

463 1501 838 1560 sollicitudine
869 1518 979 1560 non
1038 1504 1200 1576 pigri,
1259 1505 1456 1574 spiritu
1522 1504 1812 1572 ferventes,
1874 1506 2104 1561 Domino

463 1593 787 1660 servientes,
820 1608 917 1663 spe
955 1594 1277 1665 gaudentes,
1324 1595 1385 1649 in
1424 1595 1780 1651 tribulatione
1810 1595 2102 1665 patientes,

2184 789 2359 860 plagae
2404 787 2550 843 circa
2588 785 2927 841 Pharaonem
2974 783 3030 838 in
3083 782 3280 853 Egipto
3327 778 3396 834 ad
3452 785 3705 845 mortem,
3748 783 3835 833 tot

2185 884 2371 933 essent
2401 875 2642 932 remedia
2680 873 2874 930 salutis
2901 873 2957 927 in
2987 871 3123 939 vita,
3150 872 3206 926 in
3249 867 3433 924 Veteri
3488 873 3545 923 et
3590 867 3648 923 in
3678 866 3835 921 Novo

2185 969 2555 1023 Testamento.
2590 964 2742 1022 Unde
2786 962 2986 1019 factum
3026 968 3110 1017 est
3158 967 3237 1026 ut,
3289 960 3335 1014 si
3385 958 3509 1028 quis
3558 958 3611 1012 in
3643 955 3835 1026 aliquo

2187 1057 2454 1112 oberrans
2512 1060 2787 1125 peccaret,
2839 1065 2941 1122 per
3005 1064 3173 1106 unum
3232 1049 3421 1104 decem
3488 1046 3833 1102 emendaret.

2185 1147 2395 1214 Quibus
2440 1143 2731 1214 completis
2777 1140 3301 1213 religiosissimeque
3349 1135 3640 1202 ordinatis,
3682 1134 3840 1189 anti-

2188 1236 2419 1306 phonas,
2470 1231 2844 1303 responsoria,
2895 1229 3137 1301 psalmos
3182 1235 3239 1284 et
3267 1234 3452 1283 cetera
3488 1238 3613 1296 quae
3643 1222 3840 1280 divino

2187 1324 2359 1380 cultui
2390 1328 2549 1379 erant
2577 1327 2725 1392 apta,
2758 1335 2879 1377 cum
2932 1319 3065 1374 viris
3095 1324 3304 1373 tantum
3351 1314 3687 1386 supradictis
3714 1327 3843 1369 mu-

2186 1413 2301 1469 sica
2356 1416 2474 1468 arte
2539 1409 2767 1468 miriﬁce
2852 1408 3046 1464 imbuti
3104 1419 3457 1477 componere,
3518 1402 3722 1459 docere
3783 1408 3841 1457 et

2186 1501 2424 1573 psallere
2453 1506 2708 1571 satagunt
2753 1518 2768 1565 ;
2821 1502 3093 1568 quatenus
3139 1493 3440 1551 secundum
3486 1492 3621 1549 illud
3671 1491 3840 1547 Davi-

2187 1594 2356 1649 ticum
2397 1590 2697 1661 psallerent
2724 1588 2918 1643 dicens
2951 1606 2964 1640 :
3000 1602 3028 1637 «
3059 1584 3342 1641 Canticum
3372 1596 3571 1639 novum
3599 1580 3841 1637 cantabo

465 1682 704 1736 orationi
732 1682 1021 1747 instantes,
1055 1683 1477 1739 necessitatibus
1520 1690 1833 1740 sanctorum
1864 1697 2108 1740 commu-
2189 1681 2309 1746 tibi,
2343 1681 2399 1736 in
2431 1678 2692 1750 psalterio
2731 1676 2925 1732 decem
2955 1674 3245 1731 cordarum
3277 1671 3504 1743 psallam
3532 1670 3633 1727 tibi
3669 1668 3839 1739 (Paul.

464 1765 735 1832 nicantes,
776 1765 1202 1836 hospitalitatem
1240 1775 1516 1825 sectantes
1547 1770 1713 1840 (Rom.
1765 1786 1862 1837 xu,
1904 1770 1980 1842 9'),
2012 1770 2167 1827 ha-B
2190 1786 2320 1835 XLII,
2350 1769 2421 1841 9).
2464 1788 2492 1821 is
2525 1770 2715 1838 Itaque
2746 1764 2991 1822 Ecclesia
3019 1763 3113 1820 Dei
3143 1762 3450 1834 germinare
3480 1766 3535 1817 et
3565 1758 3840 1831 pullulare

466 1855 662 1945 bentes
693 1861 875 1945 autem
906 1855 1253 1945 donationes
1309 1857 1351 1888 ³⁵
1389 1860 1691 1915 secundum
1712 1860 1948 1931 gratiam
1983 1874 2106 1929 qua:
2189 1859 2487 1924 inchoavit,
2520 1863 2577 1913 et
2605 1855 2763 1927 quasi
2793 1854 2965 1911 lilium
2998 1852 3144 1908 inter
3171 1844 3379 1923 sp'iuas,
3402 1851 3484 1907 sic
3527 1863 3628 1919 per
3646 1861 3844 1905 omnes

469 1940 596 1998 data
635 1948 720 1999 est
747 1942 857 1998 illis
885 1943 1222 2014 differentes,
1266 1948 1568 2003 secundum
1614 1948 1842 2019 gratiam
1875 1949 2110 2018 prophe-
2189 1957 2384 2020 gentes
2413 1947 2602 2004 odoris
2631 1944 2957 2001 suavitatem
3003 1941 3177 1998 dedit.
3229 1942 3362 1996 Nam
3408 1952 3571 2010 quam
3601 1936 3839 1993 lucidis-

466 2031 914 2131 tiae,.secun‘dum
939 2034 1220 2131 rationem
1269 2034 1417 2102 ﬁdei,
1476 2036 1590 2093 sive
1646 2037 2010 2093 ministerium
2050 2037 2107 2092 in
2190 2040 2325 2094 sime
2372 2044 2429 2093 et
2457 2049 2619 2107 quam
2675 2035 2914 2090 discrete
2960 2036 3158 2088 cuncta
3214 2043 3314 2101 per
3368 2028 3838 2099 dispensationem

467 2119 852 2189 ministrando,
904 2123 1017 2179 sive
1047 2124 1140 2194 qui
1188 2124 1355 2182 docet
1405 2127 1462 2181 in
1500 2126 1774 2195 doctrina,
1822 2127 1917 2196 qui
1945 2140 2107 2183 exce-
2188 2128 2286 2184 Dei
2344 2125 2633 2182 constituit
2687 2131 2743 2180 et
2808 2122 3102 2191 ordinavit,
3159 2134 3269 2178 non
3327 2123 3411 2175 est
3456 2116 3563 2174 mei
3620 2114 3837 2172 arbitrii

468 2209 632 2266 datur
661 2208 703 2240 ⁸³
748 2210 807 2265 in
845 2210 1209 2280 exhortando,
1242 2215 1337 2284 qui
1385 2214 1579 2270 tribuit
1620 2216 1677 2271 in
1731 2214 2104 2286 simplicitate,
2191 2216 2518 2281 edisserere,
2551 2213 2648 2270 sed
2679 2213 2795 2279 Del,
2850 2211 2946 2284 qui
2994 2205 3192 2267 cuncta
3240 2207 3415 2265 nutrit
3459 2212 3515 2263 et
3564 2204 3835 2276 disponit,

468 2298 563 2368 qui
596 2306 798 2368 praeest
826 2300 883 2355 in
917 2300 1315 2371 sollicitudine,
1338 2305 1433 2374 qui
1463 2305 1756 2361 miseretur
1783 2304 1840 2361 in
1870 2304 2108 2361 ilaritate
2192 2307 2435 2363 tribuere
2466 2308 2521 2361 et
2549 2304 2669 2374 ejus
2697 2302 2847 2359 dono
2872 2301 3172 2372 assignare.

469 2387 652 2457 (Ῑθέάοε
682 2388 759 2460 6)-
801 2406 830 2441 »
2259 2396 2314 2450 9.
2357 2394 2563 2450 Eodem
2594 2393 2650 2424 ¹⁰¹
2682 2397 2931 2462 tempore
2970 2388 3204 2460 contigit
3234 2394 3297 2444 ut
3341 2385 3562 2458 quidam
3590 2383 3835 2454 sapiens,

534 2477 600 2576 .8.
628 2476 669 2508 ⁸⁷
705 2479 874 2576 Cujus
924 2478 1247 2576 “:laborem
1278 2481 1471 2539 videns
1506 2483 1701 2540 beatus
1731 2487 1922 2554 postea
1974 2484 2106 2539 Sim-
2191 2489 2373 2540 tamen
2437 2481 2843 2538 Manicheorum
2912 2491 3101 2535 errore
3152 2476 3213 2508 ¹⁰³
3266 2475 3549 2538 seductus,
3609 2471 3834 2528 nomine

470 2565 742 2635 plicianus
771 2567 898 2637 quia
944 2569 1208 2626 Dominus
1255 2572 1556 2628 Ecclesiam
1596 2588 1746 2628 suam
1780 2573 2109 2644 permultum
2190 2572 2546 2644 Augustinus,
2569 2570 2907 2642 argumentis
2936 2567 3240 2623 dialectica:
3268 2570 3529 2629 armatus,
3561 2566 3617 2617 et
3644 2566 3839 2632 postea

473 2655 743 2754 pullulare
799 2671 1052 2754 crescere
1108 2666 1164 2715 ct
1200 2660 1519 2717 habnndare
1566 2661 1801 2718 faciebat
1847 2662 1889 2695 θ’
1916 2664 1972 2718 in
2003 2677 2112 2718 ma-
2193 2663 2287 2718 Dei
2318 2660 2495 2717 ﬁdelis
2551 2667 2608 2716 et
2662 2658 2971 2715 catholicus
3016 2657 3203 2712 vivens
3258 2654 3573 2725 episcopus,
3614 2663 3739 2706 cum
3775 2649 3837 2703 in

472 2743 635 2799 nibus
663 2745 801 2814 ejus,
835 2750 949 2801 tres
992 2746 1139 2804 viros
1168 2756 1332 2804 cantu
1365 2750 1574 2820 peritos
1601 2751 1851 2821 adjunxit
1894 2765 2110 2808 necnon
2193 2751 2429 2808 ecclesia
2470 2748 2703 2821 hyemali
2760 2762 2872 2805 non
2929 2746 3197 2803 orationis
3253 2742 3595 2808 curiositate,
3656 2752 3839 2808 neque

387 2878 391 2887 .
470 2831 541 2885 28
568 2834 905 2900 sacerdotes,
930 2836 1025 2905 qui
1052 2851 1172 2893 cum
1204 2838 1326 2894 aliis
1344 2839 1415 2893 72
1446 2840 1727 2910 conjuncti
1755 2838 1963 2897 faciunt
1990 2839 2107 2907 100,
2193 2840 2493 2896 secundum
2527 2851 2745 2895 causam
2778 2837 2965 2893 utilem
2986 2834 3212 2891 videndi
3242 2839 3298 2890 et
3326 2829 3589 2888 audiendi
3619 2827 3839 2884 Domini

472 2929 811 2994 quaprOpter
839 2925 1166 2982 Deciesdeni
1204 2934 1489 2984 vocantur.
1536 2930 1670 2984 lnde
1717 2937 1801 2985 est
1829 2930 1977 2999 quod
2008 2929 2114 2985 de-
2194 2928 2461 3000 mysterii,
2507 2928 2607 2985 sed
2663 2924 3109 2998 reprehendendi
3138 2922 3313 2996 gratia
3349 2922 3570 2978 beatum
3599 2918 3837 2976 Ambro-

473 3012 689 3110 cumani
734 3021 1020 3110 vocantur,
1087 3028 1186 3110 seu
1256 3017 1383 3085 quia
1439 3030 1562 3072 cum
1616 3016 1687 3071 24
1742 3017 2335 3110 cardinalibusnsium
2365 3020 2433 3075 de
2482 3017 2863 3074 incarnatione
2921 3014 3135 3073 Domini
3191 3013 3260 3069 ad
3315 3009 3580 3084 populum
3621 3007 3681 3040 m
3718 3014 3840 3063 tra-

472 3098 636 3167 hujus
677 3100 831 3155 urbis
860 3099 1040 3157 ofﬁcia
1096 3102 1404 3173 implentes,
1456 3105 1803 3173 postmodum
1832 3106 1900 3162 ab
1938 3092 2440 3165 omni-Cetantem
2497 3112 2552 3164 et
2608 3106 3022 3178 praedicantem,
3082 3103 3287 3160 oblitus
3350 3101 3437 3158 sui
3501 3107 3557 3156 et
3611 3110 3837 3154 suorum

476 3187 580 3244 bus
614 3187 858 3245 decimas
886 3196 1211 3247 cunctorum
1242 3193 1637 3263 suscipiebant,
1671 3194 1755 3250 vel
1786 3196 1915 3265 quia
1945 3197 2116 3253 totius
2196 3197 2438 3252 omnium
2497 3195 2914 3267 cogitationum,
2965 3192 3177 3264 pallens
3224 3197 3280 3247 et
3307 3196 3550 3246 tremens
3581 3185 3837 3244 omnibus

474 3277 912 3348 metropolitanze
942 3281 1186 3351 regimen
1216 3282 1272 3337 in
1303 3283 1518 3338 cunctis
1546 3282 1744 3340 ofﬁciis
1780 3284 1971 3342 sedule
2019 3286 2114 3341 de-
2196 3287 2290 3357 qui
2321 3285 2551 3341 aderant
2593 3282 2655 3316 ¹⁰⁸
2701 3283 3015 3339 videntibus
3052 3280 3312 3352 obriguit.
3344 3278 3653 3346 Quinetiam
3682 3272 3840 3330 ﬁnita

473 3366 995 3467 gebantmecclesim,
1031 3371 1387 3467 quamobrem
1442 3371 1614 3467 decus
1639 3373 1902 3443 majorum
1935 3376 2114 3431 vocati
2195 3374 2593 3441 admonitione,
2626 3386 2789 3444 quam
2829 3372 2896 3428 ad
2946 3370 3210 3443 populum
3266 3369 3462 3426 beatus
3519 3364 3839 3423 Ambrosius

471 3456 758 3557 sunthiiis
787 3458 1042 3515 omnibus
1071 3459 1393 3557 compositis
1430 3467 1484 3516 et
1514 3461 1784 3518 ordinatis
1810 3464 2113 3520 secundum
2196 3464 2559 3530 ministrabat,
2617 3463 2869 3533 privatim
2918 3461 2986 3517 ad
3019 3473 3142 3517 eum
3183 3458 3520 3531 Augustinus
3565 3455 3836 3526 pervenit.

475 3544 796 3616 dignitatem
847 3562 1009 3617 quam
1056 3563 1088 3604 a
1145 3550 1307 3606 beato
1354 3550 1645 3608 Ambrosio
1693 3560 1982 3622 acceperat
2032 3552 2113 3619 ¹⁰⁰,
2195 3557 2263 3610 At
2294 3555 2487 3610 beatus
2525 3552 2849 3609 Ambrosius
2877 3550 3099 3621 cognita
3149 3548 3210 3580 ¹⁰⁸
3259 3550 3380 3619 ejus
3433 3546 3688 3612 scientia,
3740 3558 3838 3615 pa-

475 3634 650 3733 polite
690 3635 879 3733 induti
900 3636 1102 3733 ferulas
1129 3639 1384 3733 superius
1417 3646 1471 3696 et
1519 3638 1749 3697 inferius
1777 3648 1997 3697 ornatas
2026 3655 2114 3698 co-
2196 3642 2507 3713 tefactaque
2560 3644 2680 3713 ejus
2735 3640 3049 3710 disciplina,
3107 3638 3241 3709 quid
3304 3637 3361 3692 in
3427 3641 3546 3691 arte
3610 3633 3835 3697 valeret,

476 3724 559 3822 rio
584 3724 653 3779 ad
683 3725 1289 3822 ostendendum,_cujus
1317 3728 1475 3822 ofﬁtii
1495 3730 1581 3785 vel
1603 3730 1888 3802 dignitatis
1906 3739 2111 3800 essent,
2197 3733 2544 3805 qualiterque
2591 3731 2648 3786 in
2708 3730 2813 3786 ﬁde
2862 3727 3181 3809 dissentiret
3237 3725 3508 3783 catholica
3549 3722 3612 3754 ¹⁰⁶
3650 3729 3705 3778 et
3744 3734 3839 3791 per

476 3812 532 3866 in
565 3814 815 3869 manibus
844 3816 1050 3888 cotidie
1099 3815 1485 3885 deportabant,
1518 3827 1790 3888 quatenus
1826 3822 2118 3891 unusquis-
2197 3822 2459 3892 Spiritum
2499 3827 2747 3876 sanctum
2786 3806 3148 3890 cognoscens,
3188 3816 3535 3886 qualiterque
3568 3811 3751 3867 ﬁdelis
3787 3815 3838 3866 et

476 3913 584 3968 que
612 3900 864 3957 subditos
921 3915 1052 3958 suos
1088 3904 1145 3959 in
1184 3906 1333 3977 virga
1391 3913 1447 3962 et
1507 3908 1563 3962 in
1630 3908 1827 3964 baculo
1876 3910 2117 3980 corrige-
2199 3910 2505 3967 catholicus
2551 3908 2783 3966 futurus.
2826 3913 2991 3976 esset,
3061 3904 3429 3976 placidissime
3487 3909 3545 3959 et
3610 3901 3839 3958 multum

482 3995 660 4087 retnet
688 3988 1024 4087 emendaret.
1073 3994 1147 4087 De
1194 4009 1301 4064 qua
1349 4010 1448 4087 per
1493 3996 1823 4087 PrOphetam
1853 3998 2057 4053 dicitur
2098 4019 2111 4053 :
2198 3999 2481 4056 caritative
2546 4013 2670 4056 eum
2735 3998 2998 4068 suscepit.
3050 3998 3238 4066 Itaque
3305 3992 3596 4049 laetabatur
3651 3992 3841 4047 beatus

480 4094 508 4127 «
550 4078 711 4147 Virga
742 4085 834 4133 tua
863 4086 919 4134 et
956 4080 1185 4137 baculus
1208 4090 1333 4138 tuus
1362 4084 1481 4154 ipsa
1510 4098 1615 4151 me,
1642 4086 1888 4153 Domine,
1923 4100 2119 4143 conso-
2195 4089 2517 4144 Ambrosius
2548 4102 2717 4158 super
2745 4101 2890 4152 eum,
2923 4088 3066 4142 sicut
3094 4086 3151 4141 in
3182 4083 3475 4155 Evangelio
3502 4081 3574 4137 de
3603 4078 3838 4151 quodam

481 4165 590 4220 lata
619 4171 746 4222 sunt
789 4167 950 4238 (Psal.
992 4184 1123 4236 χχιι,
1156 4170 1232 4236 4).
1267 4190 1295 4224 »
1346 4172 1477 4229 Ideo
1517 4174 1865 4242 primicerius
1893 4177 2118 4248 presby-
2198 4186 2353 4249 patre
2383 4179 2604 4250 legitur,
2638 4178 2732 4249 qui
2772 4177 2977 4234 cadens
3004 4189 3172 4247 super
3201 4173 3400 4230 collum
3432 4171 3531 4228 ﬁlii
3560 4170 3648 4226 sui
3682 4179 3837 4239 quem

477 4262 721 4358 terarum
752 4267 1038 4358 ammonet
1049 4258 1310 4358 subditos
1511 4262 1755 4358 creditos
1785 4279 1883 4335 per
1911 4267 2115 4338 virgam
2200 4268 2536 4339 perdiderat,
2577 4272 2632 4324 et
2670 4268 2961 4351 imponens
2997 4265 3215 4321 anulum
3244 4276 3401 4319 suum
3431 4261 3488 4317 in
3516 4260 3698 4332 digito
3728 4259 3840 4328 ejus

480 4346 574 4402 Dei
619 4345 869 4404 dicentes
906 4348 974 4405 ad
1018 4350 1238 4421 Moysen
1272 4367 1285 4405 :
1323 4370 1350 4403 «
1390 4353 1509 4409 Non
1542 4352 1771 4409 habebis
1798 4355 1942 4411 Deos
1977 4357 2426 4429 alie-_plorans
2498 4345 2924 4413 deosculabatur
2994 4369 3139 4421 eum,
3218 4355 3600 4424 imprOperans
3676 4349 3835 4405 alium

478 4448 580 4491 nos
636 4450 821 4492 coram
869 4451 953 4492 me
992 4439 1192 4505 (Exod.
1242 4455 1332 4505 xx,
1374 4439 1449 4506 3).
1492 4460 1519 4493 »
1571 4443 1629 4497 ιιι
1659 4444 1905 4501 secundo
1941 4422 2423 4504 archi-Dt‘ratrem
2455 4446 2572 4502 zelo
2620 4446 2803 4505 nimim
2833 4442 3050 4499 insidiae
3081 4422 3311 4498 ductum
3341 4441 3526 4496 dixit:
3571 4439 3711 4494 «Hic
3738 4436 3838 4493 ira-

477 4525 767 4626 presb_vter
792 4539 923 4581 suos
944 4526 1178 4582 docebat
1216 4527 1456 4626 dice-usui
1498 4551 1522 4581 α
1563 4533 1683 4588 Non
1713 4533 1927 4591 faciatis
1962 4536 2119 4592 vobis
2199 4543 2285 4592 ter
2314 4543 2564 4593 mortuus
2610 4534 2788 4590 iuerat
2843 4540 2898 4589 et
2954 4530 3170 4599 revixit,
3220 4532 3459 4601 perierat
3497 4535 3554 4585 et
3591 4528 3837 4584 inventus

475 4614 732 4684 sculptile
787 4629 966 4686 neque
1024 4630 1239 4673 omnem
1296 4619 1709 4677 similitudinem
1767 4638 1892 4694 quae
1949 4625 2117 4682 estin
2202 4633 2288 4682 est
2318 4627 2462 4691 (Luc.
2495 4640 2587 4692 xv,
2619 4621 2729 4693 32).
2774 4643 2799 4672 ››
2855 4623 2924 4678 Et
2970 4621 3100 4677 item
3128 4620 3271 4676 sicut
3309 4620 3365 4675 in
3394 4618 3506 4675 alio
3559 4613 3834 4688 evangelio

475 4702 617 4801 creto
647 4710 704 4760 et
731 4718 855 4774 quae
886 4713 968 4761 est
986 4706 1054 4801 in
1085 4715 1229 4801 terra
1257 4705 1437 4801 (Ibid,
1468 4710 1543 4778 4).
1588 4729 1615 4762 »
1656 4712 1717 4769 In
1749 4712 1913 4769 tertio
1942 4713 2120 4770 archi-
2201 4714 2270 4770 de
2300 4721 2519 4784 pastore
2558 4712 2705 4769 bono
2743 4709 2963 4782 legitur,
3006 4710 3122 4780 qui,
3164 4709 3374 4765 relictis
3412 4705 3714 4777 nonaginta
3744 4716 3835 4759 no-

475 4790 743 4849 diaconus
796 4807 928 4852 suos
966 4795 1201 4852 docebat
1241 4816 1253 4850 :
1308 4817 1335 4846 α
1376 4799 1493 4854 Νοιι
1551 4803 1843 4857 assumetis
1906 4815 2111 4859 nomen
2198 4816 2319 4859 vem
2370 4802 2428 4859 in
2475 4802 2720 4868 deserto,
2767 4812 3023 4869 quarens
3069 4798 3278 4853 invenit
3322 4809 3478 4853 ovem
3520 4808 3685 4866 quam
3717 4805 3835 4865 per-

1806 4928 2029 4984 VARLE
2067 4929 2451 4985 LECTIONES.

471 5017 906 5105 Arc‘hidia‘conus
933 5033 1064 5105 suos
1087 5038 1164 5105 ιλιι
1196 5022 1633 5105 Nonnassumetis
1662 5036 1859 5105 nomen
1917 5038 2095 5105 meum
2121 5026 2182 5105 in
2213 5039 2428 5105 vanum.
2458 5044 2486 5078 »
2509 5026 2701 5081 Cetera
2729 5036 2803 5089 a.,
2827 5037 2894 5105 .p.
2928 5036 2983 5104 ιι.
3017 5035 3075 5105 o.
3113 5016 3825 5105 conveniebatndisposuit;

475 5095 538 5143 ut
566 5090 768 5164 quotf.
803 5106 856 5161 p.
889 5101 1081 5147 contra
1102 5093 1198 5149 Ph.
1231 5094 1287 5149 in
1318 5094 1378 5147 E.
1411 5093 1479 5147 ad
1511 5107 1584 5148 ιιι.
1618 5100 1719 5149 ιοι.
1743 5108 1792 5150 e.
1826 5110 1872 5151 r.
1904 5111 1950 5151 s.
1985 5097 2053 5151 ad
2082 5099 2245 5152 vitam
2276 5098 2332 5153 in
2362 5112 2413 5153 γ.
2446 5104 2502 5153 et
2527 5110 2582 5153 ιι.
2615 5104 2656 5152 t.
2683 5117 2698 5162 ;
2731 5088 2876 5151 unde
2906 5097 2953 5150 si
2984 5094 3108 5164 quis
3135 5090 3304 5164 semel
3332 5088 3626 5164 peccabat,
3650 5088 3833 5164 decies

475 5162 821 5218 emendabat.

862 5164 1070 5237 Quibus
1118 5164 1527 5235 religiosissime
1566 5166 2073 5223 ordinatis—viris
2118 5171 2323 5225 musica
2378 5175 2496 5225 arte
2548 5159 2773 5223 imbutis
2814 5159 3027 5237 psaleré
3075 5159 3829 5237 sataguit'secundum__illud

474 5232 845 5318 Davidicum“:
890 5253 918 5316 (ς
952 5236 1093 5291 Deus
1130 5232 1402 5318 canticum
1423 5265 1496 5274 —
1524 5254 1551 5287 »
1577 5237 1677 5318 'Dei
1710 5251 1809 5306 per
1836 5238 2011 5308 ipsum
2044 5239 2381 5318 reﬂoruitut
2403 5240 2581 5318 lilium
2620 5240 2766 5294 inter
2789 5232 2996 5318 spinas,
3038 5232 3274 5318 et_p.:o.
3295 5248 3360 5318 _g.
3393 5246 3427 5288 0
3481 5247 3529 5288 8-
3553 5232 3830 5318 ,άεάξιῇεη

476 5318 638 5372 quam
666 5304 1005 5362 lucidissime
1042 5316 1239 5378 cuncta
1277 5307 1633 5378 ordinaverit,
1675 5303 1784 5365 non
1834 5303 1918 5364 est
1950 5311 2058 5367 mei
2105 5312 2321 5367 arbitrii
2350 5311 2675 5377 edisserere,
2725 5303 2838 5366 sed'
2872 5310 2988 5375 Dei,
3028 5303 3231 5378 qui'ab
3260 5303 3454 5362 eterno
3482 5304 3603 5360 sole
3625 5303 3830 5378 _clarius

478 5382 676 5430 cuncta
715 5379 989 5458 cognovit.
1066 5377 1108 5409 "
1137 5381 1279 5435 deest
1315 5376 1400 5434 BI.
1478 5378 1519 5409 ⁸⁸
1547 5386 1642 5434 aut
1688 5379 1960 5437 donantes
2002 5381 2086 5438 BI.
2164 5383 2206 5414 ⁹⁶
2234 5384 2452 5440 excedit
2477 5382 2562 5440 Βι.
2638 5382 2679 5415 ’⁷
2708 5396 2757 5437 υ.
2786 5394 2949 5483 supra
2976 5376 3110 5435 nia.
3185 5376 3228 5409 "
3259 5378 3461 5433 Titulus

475 5445 552 5498 De
580 5447 964 5498 sacerdotibus
1013 5449 1333 5498 decumanis
1372 5455 1427 5498 et
1473 5449 1670 5498 baculo
1715 5465 1836 5498 cum
1885 5453 2059 5498 nnrirL
2137 5454 2179 5486 θ’
2214 5456 2292 5498 im
2342 5455 2450 5498 A**,
2488 5455 2632 5498 Aput
2663 5455 2748 5498 ιν-
2829 5451 2845 5483 ³
2936 5454 3310 5498 enumerant?
3383 5446 3443 5479 ¹⁰¹

521 5458 552 5499 e
577 5447 989 5533 sacerdotibus
1013 5449 1333 5533 decumanis
1372 5455 1427 5505 et
1472 5449 2061 5533 baculo__cum_co_rio.
2137 5454 2179 5486 ’³
2214 5456 2292 5533 ita
2335 5455 2455 5521 A‘“,
2488 5455 2632 5510 deest
2658 5455 2749 5510 A'.
2829 5451 2845 5483 ³

478 5531 523 5568 s.
565 5519 888 5587 Augustino.
918 5523 989 5577 Et
1024 5521 1123 5577 hoc

3606 5375 3779 5446 ﬁgitur
3813 5393 3826 5426 =

2936 5454 3310 5521 acceperant?
3330 5519 3339 5521 _
3371 5446 3443 5521 _‘"
3483 5446 3685 5521 [item
3715 5446 3827 5521 :_De

1148 5528 1303 5597 caput
1340 5536 1455 5597 eum
1481 5521 1810 5597 sequentibus
1841 5524 2056 5597 duobus
2076 5524 2319 5597 capilulis
2346 5517 2557 5597 multum
2586 5526 2875 5582 ασθαι-(ατοῦ
2899 5523 2958 5577 B.
3040 5517 3097 5553 “’3'
3127 5536 3177 5577 e.
3212 5534 3283 5576 ιιι.
3317 5517 3401 5575 BL
3482 5517 3544 5549 '"
3564 5517 3827 5577 invenisse

478 5595 516 5640 t.
550 5586 669 5642 Bl.’
716 5588 948 5645 xoierant
979 5590 1062 5646 Bl.
1144 5586 1490 5664 “’"Cogitans
1529 5586 1649 5664 ejus
1675 5594 1961 5654 scientiam
1990 5595 2074 5652 BI.
2137 5586 2218 5628 ”¹⁰⁶
2247 5613 2296 5652 c.
2332 5597 2387 5653 d.
2430 5596 2510 5654 BI.
