4022 6160
221 216 319 270 833

1240 214 1548 270 HISTORIA
1589 211 2138 270 MEDIOLANENSIS.
2179 241 2250 251 —-
2289 213 2483 269 LIBER
2528 217 2565 269 Ι.

3481 228 3586 282 8'34

220 341 445 407 diderat,
478 344 535 395 et
582 339 838 410 imposita
887 340 942 395 in
990 339 1222 399 humero
1267 354 1392 410 suo,
1423 339 1646 411 gaudet,
1679 343 1735 395 et
1764 336 2134 399 ve-Adosius
2163 336 2510 394 beatissimus
2539 340 2839 411 imperator
2857 348 2913 398 et
2935 345 3188 413 sequitur
3215 354 3271 403 et
3296 352 3579 419 probavit;

218 431 367 486 niens
417 436 686 487 convocat
737 429 945 487 amicos
1001 437 1058 487 et
1114 430 1325 488 vicinos
1389 443 1541 496 suos,
1598 429 1845 486 dicens:

219 539 246 572 (ι
272 508 735 591 Congratulamini
766 519 921 587 mihi,
944 520 1072 591 quia
1099 519 1282 577 inveni
1309 534 1462 577 ovem
1485 533 1658 575 meam
1690 532 1852 589 quam

217 608 554 680 perdideram
597 608 775 680 (Luc.,
817 623 909 674 xv,
960 608 1045 680 6).
1100 629 1126 659 ι
1184 609 1338 666 Unde
1378 609 1638 665 Dominus
1676 606 1849 663 dicit:

219 700 452 764 «Amen,
477 711 632 753 amen
654 696 781 754 dico
800 697 978 763 vobis,
1002 697 1130 768 quia
1161 699 1335 768 majus
1352 697 1610 769 gaudium
1633 696 1687 752 in
1712 695 1852 752 caelo

216 801 377 857 super
405 799 517 843 uno
548 794 839 855 peccatore
872 786 1252 856 paenitentiam
1292 791 1511 856 agente,
1552 799 1712 855 quam
1756 799 1853 840 su-

219 890 310 947 per
337 877 637 946 nonaginta
668 889 859 931 novem
897 875 1083 946 justis,
1118 874 1213 944 qui
1254 888 1363 930 non
1396 875 1644 945 indigent
1681 874 1857 944 paeni-

217 965 381 1021 tentia
419 964 601 1033 (Ibid.,
629 965 705 1030 7).
738 984 767 1016 »
817 972 871 1020 et
918 970 978 1020 ut
1008 964 1061 1019 in
1101 964 1210 1020 alio
1242 964 1365 1020 loco
1396 963 1597 1035 legitur
1632 962 1701 1019 de
1732 978 1857 1020 mu-

215 1054 341 1109 liere
402 1053 518 1119 illa,
575 1068 699 1124 quae
754 1052 936 1108 lzetata
983 1060 1067 1109 est
1112 1067 1280 1124 super
1323 1051 1634 1108 drachmam
1693 1067 1854 1123 quam

214 1141 554 1214 perdiderat;
578 1149 633 1197 et
653 1148 920 1199 convocat
939 1143 1142 1197 amicas
1162 1148 1217 1197 et
1236 1141 1442 1197 vicinas
1462 1156 1608 1207 suas,
1633 1141 1850 1196 dicens:

215 1250 242 1284 (ι
270 1231 735 1303 Congratulamini
764 1231 918 1299 mihi,
959 1232 1088 1303 quia
1125 1231 1308 1288 inveni
1347 1230 1660 1287 drachmam
1693 1244 1854 1300 quam

215 1320 557 1391 perdideram
583 1320 774 1391 (Ibid.,
796 1320 882 1391 9).
906 1340 935 1371 »
961 1320 1198 1376 Tandem
1230 1328 1365 1376 nutu
1388 1320 1576 1376 divino
1600 1332 1709 1375 non
1730 1322 1857 1389 post

214 1410 411 1466 multos
450 1410 590 1476 dies,
643 1410 787 1465 sicut
835 1410 1024 1466 multis
1053 1410 1368 1466 videntibus
1405 1417 1460 1466 et
1488 1408 1593 1465 sibi
1625 1423 1856 1465 consen-

214 1499 476 1555 tientibus
524 1498 700 1569 palam
750 1499 1102 1555 oberraverat
1134 1499 1213 1566 ¹⁰⁷,
1258 1500 1339 1555 sic
1384 1500 1440 1554 in
1486 1497 1731 1554 fontibus
1761 1496 1855 1569 qui

211 1587 349 1643 beati
377 1587 647 1644 Johannis
662 1588 1028 1662 .ascribttntur
1060 1586 1141 1655 “’3,
1162 1589 1275 1643 Deo
1306 1587 1611 1657 opitulante
1632 1602 1663 1643 a
1691 1587 1854 1643 beato

1934 426 2076 481 hanc
2131 424 2293 482 ﬁdem
2344 428 2534 484 Galliae
2584 436 2793 496 tenent,
2848 430 2990 488 hanc
3035 431 3314 503 Hispania:
3360 454 3482 497 cum
3525 443 3584 474 ¹²⁵

1933 515 2022 586 pia
2074 514 2244 572 divini
2301 517 2539 588 Spiritus
2605 518 2955 577 confessione
3012 523 3349 583 custodiunt.
3402 546 3430 579 )›
3490 532 3585 588 Est

1934 605 2078 660 enim
2128 606 2182 661 in
2222 606 2332 662 illis
2384 606 2506 679 (46)
2560 616 2621 665 ut
2669 623 2829 667 nemo
2884 625 2981 680 per
3035 612 3271 682 aliquam
3330 620 3583 675 occasio-

1934 706 2055 749 nem
2107 696 2286 765 turpis
2325 696 2443 752 vitii
2493 698 2761 765 incurrat,
2814 700 3248 758 incontinentem
3296 719 3356 761 se
3394 707 3588 764 videns

1935 781 2020 838 vel
2052 780 2113 812 ¹¹⁶
2162 782 2383 841 fratrem
2425 801 2607 853 suum,
2647 788 2752 842 nisi
2802 789 3195 847 circumveniat
3240 793 3298 848 in
3337 798 3583 866 negotio.

1934 870 2015 927 0b
2067 886 2229 941 quam
2286 888 2505 930 causam
2546 875 2794 931 molitum
2847 877 2902 933 in
2963 878 3208 935 Ecclesia
3267 883 3581 951 universali,

1937 963 1997 1011 ut
2052 959 2370 1016 sacerdotes
2424 970 2518 1017 aut
2572 962 2814 1033 virgines
2869 973 3046 1034 erant,
3107 975 3200 1023 aut
3255 979 3403 1027 caste
3460 987 3584 1029 cum

1937 1046 2202 1103 uxoribus
2232 1050 2525 1106 manebant
2568 1071 2580 1107 :
2623 1060 2896 1121 quatenus
2939 1056 2987 1111 si
3037 1057 3179 1112 Deus
3217 1061 3587 1128 praeordinas-

1936 1144 2041 1203 set,
2074 1143 2133 1192 ut
2170 1138 2217 1193 si
2256 1138 2457 1209 aliquis
2502 1140 2571 1195 ad
2612 1142 2988 1212 episcopatum
3036 1154 3311 1204 annuente
3349 1151 3462 1207 Deo
3499 1166 3588 1208 ve-

1938 1226 2102 1293 niret,
2152 1227 2237 1282 vel
2289 1227 2441 1300 virgo
2496 1229 2581 1284 vel
2640 1230 2803 1286 unius
2854 1232 3041 1289 uxoris
3088 1236 3170 1290 vir
3224 1236 3582 1298 inveniretur.

1938 1314 2092 1371 Unde
2138 1315 2275 1372 dicit
2317 1318 2661 1387 Apostolus:
2718 1341 2744 1368 α
2793 1322 3024 1392 Oportet
3071 1324 3391 1396 episcopum
3430 1329 3585 1386 inre-

1938 1405 2364 1474 prehensibilem
2414 1421 2573 1474 esse,
2628 1409 2791 1465 unius
2839 1411 3025 1467 uxoris
3070 1414 3266 1483 virum,
3317 1416 3584 1485 sobrium,

1938 1495 2219 1564 pudicum,
2252 1505 2501 1552 ornatum
2536 1497 2859 1568 hospitalem
2893 1503 2942 1570 (ι
2977 1503 3106 1557 Tim.
3147 1519 3229 1570 IlI,
3266 1505 3342 1571 2).
3379 1527 3404 1556 ››

2012 1582 2095 1638 ll.
2163 1586 2473 1641 Transactis
2540 1585 2601 1616 ¹¹⁷
2666 1600 2932 1644 annorum
2999 1590 3186 1647 multis
3250 1594 3583 1663 curriculis,

212 1677 520 1746 Ambrosio,
569 1679 784 1735 cunctis
831 1678 1086 1735 ﬁdelibus
1129 1679 1290 1750 hujus
1328 1678 1481 1735 urbis
1512 1669 2149 1735 adsuntibustivente
2200 1681 2378 1730 tamen
2428 1676 2589 1731 beato
2619 1676 2927 1741 Ambrosio,
2958 1680 3277 1749 gravissima
3313 1681 3586 1741 dissensio

212 1773 265 1822 et
287 1766 621 1834 videntibus,
650 1768 707 1822 in
738 1769 958 1824 nomine
978 1774 1182 1825 sanctae
1212 1774 1268 1824 et
1295 1768 1593 1824 individua:
1623 1767 1856 1823 Trinita-

213 1856 281 1911 tis
309 1856 616 1927 baptizatus
645 1864 701 1912 et
731 1857 1085 1914 conﬁrmatus
1127 1865 1230 1914 est.
1260 1860 1322 1913 ln
1352 1859 1554 1929 quibus
1586 1856 1850 1925 fontibus,

214 1951 373 2014 prout
420 1946 658 2016 Spiritus
704 1954 929 2003 sanctus
975 1947 1139 2003 dabat
1184 1948 1371 2019 eloqui
1418 1948 1547 2016 illis,
1594 1951 1661 2003 Te
1690 1950 1855 2003 Deum

211 2031 485 2090 laudamus
532 2035 907 2103 decantantes,
953 2036 1169 2093 cunctis
1214 2037 1310 2108 qui
1360 2038 1591 2093 aderant
1628 2037 1856 2093 audien-

211 2121 358 2178 tibus
388 2130 443 2179 et
480 2124 793 2181 videntibus
829 2125 1103 2196 simulque
1146 2126 1490 2193 mirantibus,
1522 2127 1578 2182 in
1618 2126 1856 2197 posteris

207 2210 502 2268 ediderunt
539 2215 686 2284 quod
717 2215 786 2269 ab
818 2215 1068 2271 universa
1110 2214 1353 2271 Ecclesia
1382 2216 1653 2271 catholica
1682 2230 1855 2287 usque

203 2297 372 2356 hodie
412 2308 632 2357 tenetur
680 2308 735 2357 et
773 2303 1033 2373 religiose
1072 2303 1415 2358 decantatur.
1467 2304 1533 2357 Et
1570 2303 1725 2372 quasi
1765 2301 1854 2357 di-

200 2389 299 2444 tati
354 2389 547 2444 multis
604 2390 813 2445 divitiis
864 2397 919 2447 et
986 2391 1462 2447 inaestimabilibus
1508 2391 1853 2459 margaritis,

196 2483 395 2533 mutuo
434 2477 488 2533 in
521 2479 686 2534 Deum
736 2479 1006 2547 laetantes,
1062 2487 1117 2535 et
1155 2495 1277 2536 cum
1314 2480 1610 2551 gratiarum
1638 2480 1855 2536 actione

198 2566 386 2622 cibum
421 2575 702 2625 sumentes
748 2569 919 2627 laetati
950 2576 1098 2639 sunt,
1132 2576 1187 2627 et
1223 2570 1425 2643 gaudio
1464 2583 1660 2641 magno
1687 2570 1857 2642 gavisi

204 2656 261 2712 in
290 2656 406 2712 Deo
439 2656 735 2713 confortati
766 2664 913 2714 sunt.

283 2743 351 2797 10
384 2743 464 2800 ια’.
498 2747 712 2802 Interea
743 2755 947 2817 praeter
984 2748 1098 2817 illa,
1132 2748 1334 2819 quibus
1366 2748 1425 2780 “°
1463 2749 1669 2805 clerum
1699 2762 1856 2805 suum

212 2833 416 2890 cotidie
458 2834 806 2903 informabat,
840 2836 1091 2906 quaedam
1136 2838 1336 2893 obnixe
1370 2838 1428 2869 ¹¹¹
1479 2844 1534 2894 et
1571 2837 1859 2894 inviolabi-

212 2921 336 2979 liter
363 2925 738 2980 conservanda
776 2931 941 2997 atque
981 2926 1217 2982 tenenda
1255 2934 1309 2983 et
1346 2941 1514 2997 super
1542 2928 1724 2984 omnia
1753 2942 1856 2983 cu-

1939 1762 2085 1818 inter
2113 1763 2433 1820 sacerdotes
2463 1778 2819 1836 monogamos
2866 1773 2922 1822 et
2964 1767 3104 1823 alios
3140 1769 3242 1824 sub
3272 1770 3585 1841 virginitate

1938 1857 2031 1906 aut
2082 1852 2333 1908 castitate
2381 1852 2646 1924 degentes
2696 1856 2751 1909 in
2800 1855 3013 1925 synodo
3059 1869 3242 1913 coram
3279 1860 3586 1929 apostolico

1939 1946 2058 1995 orta
2092 1949 2195 1996 est.
2226 1942 2590 2009 Quamobrem
2629 1949 2749 1998 orta
2789 1943 3063 2000 dissensio
3095 1945 3242 2002 inter
3270 1949 3590 2006 sacerdotes

1938 2043 2293 2101 monogamos
2335 2038 2390 2087 et
2428 2031 2565 2087 alios
2603 2038 2751 2088 caste
2798 2034 3120 2091 simulantes
3147 2050 3207 2092 se
3236 2038 3439 2106 vivere,
3473 2037 3587 2097 fere

1938 2132 2113 2186 usque
2143 2119 2213 2174 ad
2252 2127 2482 2175 mortem
2529 2126 2585 2176 et
2634 2122 2845 2176 ruinam
2883 2136 3107 2178 suorum
3139 2132 3195 2179 et
3223 2116 3456 2182 aliorum
3487 2128 3584 2185 de-

1938 2213 2231 2261 venerunt.
2280 2208 2435 2274 Quod
2484 2206 2685 2263 factum
2725 2216 2808 2264 est
2837 2211 3144 2279 apostolico
3174 2212 3499 2282 imperante,
3534 2222 3590 2272 et

1940 2295 2127 2350 multis
2155 2295 2443 2352 catholicis
2473 2297 2751 2367 episc0pis
2796 2298 3235 2368 exhortantibus,
3278 2302 3335 2357 in
3378 2304 3589 2373 judicio

1941 2384 2087 2440 beati
2135 2386 2353 2455 patroni
2411 2387 2586 2442 nostri
2635 2386 2911 2443 Ambrosii
2958 2401 2990 2443 a
3039 2390 3289 2458 partibus
3326 2392 3592 2449 ambabus

1940 2473 2124 2529 datum
2173 2480 2277 2542 est,
2326 2473 2659 2531 afﬁrmantes
2695 2477 2959 2546 quicquid
3007 2478 3126 2548 ipse
3174 2478 3404 2549 diceret,
3439 2488 3594 2539 tene-

1940 2570 2065 2617 rent
2104 2570 2159 2618 et
2197 2563 2407 2619 ﬁrmum
2439 2572 2604 2635 atque
2649 2571 2898 2621 sanctum
2946 2565 3235 2623 haberent.
3282 2572 3352 2626 At
3397 2570 3592 2628 beatus

1939 2651 2260 2708 Ambrosius
2307 2652 2500 2708 videns
2546 2661 2711 2723 atque
2758 2668 3101 2726 cognoscens
3155 2672 3351 2714 sensus
3407 2660 3593 2723 humae

1942 2753 2064 2807 nos,
2098 2747 2152 2796 et
2176 2750 2365 2797 sancta
2395 2742 2680 2809 conscilia,
2714 2750 2769 2798 et
2792 2756 2990 2800 omnes
3021 2759 3229 2814 pronos
3258 2747 3326 2803 ad
3357 2763 3593 2818 peccan-

1941 2829 2093 2897 dum,
2134 2830 2364 2886 maxime
2414 2838 2642 2901 propter
2698 2833 3191 2901 incontinentiam,
3251 2836 3435 2892 sciens
3497 2837 3595 2894 ali-

1942 2933 2103 2990 quem
2135 2933 2314 2990 neque
2344 2920 2709 2992 virginitatem
2742 2935 2920 2992 neque
2950 2925 3256 2980 castitatem
3288 2925 3392 2981 nisi
3418 2940 3449 2981 a
3477 2928 3591 2984 Deo

214 3013 503 3070 stodienda
540 3015 924 3072 sacerdotibus
953 3015 1218 3083 tradidit;
1269 3017 1483 3073 scilicet
1529 3023 1590 3072 ut
1619 2997 1919 3087 quatuorc
1943 3023 2103 3079 posse
2143 3009 2366 3076 habere,
2408 3023 2472 3066 os
2508 3024 2667 3065 suum
2705 3012 2979 3080 aperiens,
3020 3013 3170 3082 quod
3210 3013 3264 3069 in
3313 3014 3455 3071 libro
3478 3018 3591 3085 jam

217 3103 539 3174 principalia
581 3104 864 3172 conscilia,
916 3106 974 3161 in
1022 3105 1224 3176 quibus
1267 3107 1443 3163 Graeci
1489 3114 1546 3162 et
1583 3108 1759 3162 Latini
1805 3114 1861 3163 et

214 3192 466 3249 catholici
500 3193 737 3250 ﬁdeliter
765 3194 1125 3262 concordant,
1159 3202 1412 3251 tenerent
1461 3194 1588 3267 (44),
1630 3197 1687 3252 in
1737 3198 1860 3266 qui-

213 3281 311 3338 bus
356 3282 633 3340 catholica
680 3283 817 3340 ﬁdes
864 3284 1076 3357 integra
1125 3290 1181 3341 et
1236 3285 1496 3342 inviolata
1553 3294 1854 3355 permanet.

214 3358 347 3438 Quin
396 3373 564 3428 etiam
611 3373 679 3429 ab
732 3374 1002 3443 apostolis
1049 3380 1104 3429 et
1156 3372 1279 3430 aliis
1326 3376 1533 3430 sanctis
1581 3375 1860 3445 episc0pis

216 3460 301 3517 illa
327 3468 571 3532 quatuor
599 3462 862 3518 conscilia
891 3462 1111 3518 dicebat
1152 3463 1228 3519 ita
1257 3477 1377 3519 esse
1406 3470 1595 3519 sancta
1626 3472 1681 3519 et
1720 3477 1859 3520 con-

217 3548 439 3615 ﬁrmata,
483 3556 549 3607 ut
576 3551 622 3607 si
655 3550 780 3622 quis
828 3550 883 3607 in
924 3550 1035 3606 illis
1075 3550 1285 3621 aliquid
1323 3558 1550 3623 augeret
1577 3552 1661 3607 vel
1692 3553 1859 3608 dimi-

218 3646 422 3708 nucret,
443 3640 939 3696 anathematizatus
969 3647 1023 3697 et
1042 3643 1548 3697 excommunicatus
1578 3654 1863 3711 permane-

220 3734 315 3784 ret.
353 3730 551 3801 ltaque
589 3730 733 3787 sicut
771 3736 1009 3800 quatuor
1055 3729 1337 3801 evangelia
1365 3736 1495 3786 sunt
1523 3729 1862 3786 observanda

220 3822 267 3872 et
297 3820 538 3875 tenenda
571 3824 624 3874 et
653 3817 951 3885 credenda,
983 3818 1064 3875 sic
1101 3820 1205 3875 ista
1239 3824 1476 3890 quatuor
1512 3820 1569 3874 in
1608 3818 1864 3876 omnibus

220 3908 500 3964 conscilia.
533 3908 663 3976 Quae
694 3908 958 3964 conscilia
987 3916 1250 3979 quantum
1280 3908 1467 3966 timori
1506 3913 1561 3965 et
1598 3915 1862 3981 quantum

219 3997 380 4053 amori
445 4005 784 4070 quantmque
852 3999 1174 4055 reverentiae
1240 3997 1401 4055 beato
1458 3998 1747 4055 Ambrosio
1802 3997 1862 4028 ¹¹²

220 4083 390 4156 fuere,
436 4087 566 4159 ipse
612 4100 779 4157 super
823 4088 1106 4144 Nicaenum
1153 4086 1475 4144 conscilium
1524 4088 1581 4144 in
1630 4086 1863 4158 epistola

219 4173 281 4229 ad
318 4175 807 4232 clementissimum
851 4176 1288 4233 Valentinianum
1327 4184 1616 4248 augustum
1653 4175 1864 4232 directa

1943 3099 2242 3155 dictaverat
2270 3099 2339 3155 de
2369 3097 2587 3165 ofﬁciis,
2617 3099 2695 3155 ait
2723 3104 2783 3166 (1,
2814 3099 2904 3164 50)
2931 3121 2943 3155 :
2980 3120 3009 3152 ‹(
3053 3102 3124 3158 De
3164 3104 3508 3176 monogamia
3531 3104 3593 3136 ¹¹⁸

1941 3188 2289 3245 sacerdotum
2329 3188 2461 3260 quid
2493 3188 2732 3259 loquar?
2768 3190 2908 3257 Quin
2941 3204 3048 3245 una
3078 3198 3288 3247 tantum
3321 3194 3593 3262 permitti-

1942 3284 2033 3334 tur
2079 3278 2297 3350 copula,
2353 3283 2410 3334 et
2458 3292 2568 3334 non
2621 3281 2877 3348 repetita,
2930 3287 2986 3334 et
3042 3279 3162 3335 haec
3210 3280 3300 3334 lex
3346 3288 3431 3336 est
3480 3296 3589 3338 non

1943 3369 2143 3424 iterare
2181 3368 2519 3437 conjugium,
2562 3386 2591 3419 »
2644 3374 2699 3422 et
2730 3367 2791 3397 “9
2839 3367 2920 3422 sic
2962 3366 3154 3422 dicens
3204 3368 3388 3422 statim
3441 3368 3589 3438 illos,

1942 3458 2037 3527 qui
2069 3463 2290 3529 peracta
2322 3454 2382 3485 ¹²⁰
2420 3455 2670 3511 castitate
2702 3469 2821 3511 esse
2860 3455 3206 3521 videbantur,
3242 3456 3591 3513 condescen-

1941 3546 2153 3601 sionem
2193 3551 2249 3601 et.
2286 3543 2607 3599 charitatem
2631 3544 2802 3603 circa
2848 3541 3046 3598 fratres
3074 3556 3205 3599 suos
3234 3544 3455 3600 minime
3486 3545 3591 3601 ha-

1944 3634 2159 3700 bentes,
2205 3633 2580 3702 compescuit;
2632 3631 2700 3687 de
2743 3645 2851 3702 qua
2900 3631 3036 3687 dicit
3071 3632 3370 3700 Apostolus
3412 3652 3425 3687 :
3471 3651 3501 3685 «
3539 3633 3596 3689 Si

1944 3722 2190 3779 habuero
2238 3728 2442 3777 tantam
2489 3720 2672 3788 ﬁdem,
2723 3729 2784 3777 ut
2816 3728 3034 3777 montes
3072 3718 3415 3790 transferam,
3454 3728 3511 3778 et
3547 3723 3595 3779 si

1945 3812 2227 3870 tradidero
2277 3825 2480 3881 corpus
2530 3824 2707 3867 meum
2757 3812 2830 3866 ita
2880 3817 2940 3866 ut
2986 3809 3229 3878 ardeam,
3270 3809 3595 3867 charitatem

1942 3908 2125 3959 autem
2156 3915 2267 3958 non
2297 3899 2565 3968 habuero,
2597 3899 2767 3956 nichil
2799 3913 2919 3956 sum
2950 3898 2998 3971 (1
3021 3900 3143 3956 Cor.
3174 3913 3293 3967 xm,
3325 3899 3401 3969 2}.
3425 3918 3454 3952 ››
3485 3899 3593 3956 Sed

1944 4006 2067 4049 sese
2104 4004 2215 4048 non
2252 3988 2521 4057 videntes,
2549 3995 2605 4046 et
2632 3989 2768 4046 illud
2810 3989 2961 4060 quod
3001 3988 3139 4045 dicit
3166 3988 3465 4060 Apostolus
3495 3988 3597 4046 mi-

1946 4082 2091 4138 nime
2133 4079 2523 4151 intelligentes,
2552 4079 2745 4136 dicens
2786 4100 2800 4136 :
2854 4097 2883 4132 (ι
2914 4080 2992 4135 Tu
3018 4079 3143 4149 quis
3173 4092 3234 4134 es
3262 4078 3357 4149 qui
3381 4078 3598 4149 judicas

1945 4172 2184 4229 alienum
2231 4175 2490 4227 servum?
2535 4183 2637 4227 suo
2668 4168 2893 4227 domino
2924 4176 3051 4236 stat,
3082 4176 3178 4224 aut
3205 4168 3354 4224 cadit
3382 4189 3398 4237 ;
3430 4168 3597 4224 stabit

224 4260 324 4335 (45)
352 4263 622 4333 ostendit,
655 4263 880 4321 dicens:
930 4284 960 4319 (ί
1008 4265 1311 4336 Meritoque
1350 4265 1673 4323 conscilium
1713 4264 2129 4341 istudnautem
2185 4260 2359 4333 (Rom.
2410 4275 2518 4327 xxv,
2572 4261 2659 4332 4).
2710 4281 2737 4309 ι)
2786 4259 2892 4315 Sed
2931 4271 3196 4314 revocans
3240 4257 3309 4312 ad
3355 4270 3598 4312 amorem

231 4327 617 4421 “horreo,
650 4366 890 4423 sequens
955 4327 1246 4411 tractatum
1301 4355 1553 4412 conscilii
1610 4352 1820 4412 Nicteni
1845 4327 1930 4419 ,Β
1952 4332 2311 4408 fraternitatis
2338 4348 2564 4405 verbum
2611 4348 2997 4419 apostolicum,
3029 4345 3391 4401 introducens
3417 4342 3595 4399 dixit:

229 4453 258 4494 a
300 4456 404 4512 quo
449 4458 538 4500 me
578 4454 685 4498 nec
725 4455 874 4498 mors
921 4456 1025 4499 nec
1066 4442 1284 4515 gladius
1331 4444 1538 4515 poterit
1584 4458 1864 4515 separare.

228 4529 384 4597 Quam
446 4533 613 4591 ﬁdem
680 4539 735 4589 et
782 4531 843 4565 “"
909 4547 1110 4604 parens
1164 4532 1473 4590 clementia:
1532 4540 1639 4591 tuae
1686 4535 1869 4591 Theo-

1955 4462 1983 4496 «
2027 4443 2171 4497 Deus
2212 4452 2323 4495 non
2360 4437 2475 4494 vult
2512 4445 2703 4493 coacta
2730 4435 2991 4503 servitia;
3024 4442 3081 4490 et
3109 4434 3183 4489 ita
3221 4432 3337 4489 noli
3375 4431 3599 4490 fratrem

1953 4538 2106 4588 tuum
2156 4526 2497 4597 contristari,
2545 4540 2727 4598 neque
2767 4524 3026 4597 prodere,
3059 4536 3160 4594 pro
3199 4535 3310 4592 quo
3347 4521 3599 4578 Christus

1574 4632 1800 4688 VARUE
1836 4628 2117 4687 LECTION
2124 4628 2222 4683 ES.

301 4728 357 4759 ⁸⁸⁷
395 4729 790 4787 oberraverant
827 4730 981 4786 codd.
1022 4730 1415 4787 obseraverant
1449 4728 1537 4787 BI.

236 4797 298 4853 ad
322 4799 537 4872 fontes,
579 4817 704 4872 qua:
744 4809 862 4859 erat
899 4802 1047 4858 inter
1084 4803 1371 4859 ecclesiam
1414 4802 1675 4872 majorem
1707 4810 1763 4858 et
1799 4803 1855 4857 S.
1888 4795 2106 4872 'l‘béclte
2146 4796 2394 4872 funditus
2422 4809 2647 4872 eversae.
2680 4799 2744 4850 A.
2776 4795 2831 4849 in
2866 4805 3035 4861 marg.

236 4869 438 4946 multum
475 4867 883 4946 ἀρειὶνιαυίιηΒ,
920 4872 1119 4930 Titulus
1140 4873 1470 4946 prtzﬁgitur:
1499 4867 1969 4946 Deobservandis
2008 4875 2041 4922 4
2063 4867 2372 4946 consciliis.

236 4940 565 5016 nimode‘Bl.
594 4946 724 5016 fort.
756 4945 958 5016 obnixe
994 4946 1094 5016 W.
1140 4940 1229 4976 ’⁸⁸³
1254 4940 1334 5016 ita
1361 4946 1466 5001 A".
1497 4944 1616 5016 τειι.
1646 4944 1702 5000 b.
1739 4949 1804 5000 A.
1835 4945 2018 5000 desunt
2047 4941 2162 4996 A*..

1456 5015 1516 5047 ¹¹⁷
1567 5015 1767 5072 Titulus
1798 5037 1815 5071 :
1866 5017 1938 5070 De
1977 5009 2322 5082 mouogamis
2368 5007 2753 5082 sacerdotibus
2798 5006 2941 5082 a_b._
2971 5004 3282 5082 Ambrosio.
3324 5002 3392 5069 (a.
3443 5000 3498 5082 ι).
3540 5003 3603 5082 ᾼ.

816 5070 877 5118 ¹ί⁸
914 5086 983 5144 de
1022 5070 1347 5143 castimonia
1385 5070 1592 5144 autem?
1708 5070 1757 5142 Ι(
1787 5070 2018 5155 Quando
2060 5099 2114 5139 ιι.
2147 5070 2199 5138 ἶ.
2244 5094 2348 5137 nec
2386 5081 2622 5150 repetita
2661 5093 2716 5150 p.
2749 5092 2800 5135 c.
2831 5078 2899 5135 Et
2927 5076 2983 5132 in
3014 5076 3136 5147 ipso
3175 5088 3308 5147 ergo
3346 5070 3605 5142 conjugio

816 5172 883 5215 ιε.
916 5158 999 5215 Cf.
1030 5159 1174 5215 intra
1202 5160 1320 5215 III.
1348 5159 1439 5215 24.
1554 5158 1617 5190 ¹¹⁹
1652 5165 1710 5215 et
1746 5168 1830 5214 est
1859 5158 1951 5214 A*.
2068 5153 2131 5186 ¹²⁰
2170 5161 2359 5215 parata
2390 5153 2473 5207 A‘.

234 5009 301 5066 ib.
410 5014 471 5046 ¹¹⁸
511 5024 569 5071 et
594 5009 739 5073 'cum
778 5015 851 5072 ib.
967 5015 1027 5047 ⁸⁸⁸
1065 5015 1207 5072 deest
1256 5015 1341 5072 BI.

236 5081 410 5156 derunt
437 5088 561 5142 A“.
592 5086 700 5156 BL)

238 5151 273 5207 ι.
303 5166 352 5211 e.
384 5168 443 5213 n.
476 5158 515 5214 i.
547 5172 599 5214 c.
640 5151 883 5215 Ambros.
916 5158 999 5230 cr.
1030 5159 1174 5230 intra
1202 5160 1320 5228 ιιι,
1348 5159 1439 5217 24.

1655 4729 1716 4761 ¹⁰⁸
1753 4731 1876 4786 Fuit
1914 4740 2047 4798 ergo
2084 4725 2525 4798 B._Augustinus
2560 4724 2869 4798 baptizatus
2905 4721 2962 4776 in
3000 4718 3237 4798 ecclesia
3279 4719 3343 4798 βε
3376 4716 3605 4798 Joannis

3151 4789 3212 4822 ¹⁰⁹
3239 4794 3290 4846 et
3324 4788 3421 4844 hoc
3449 4791 3604 4858 caput

2486 4864 2550 4897 ²¹⁰
2588 4869 2644 4922 in
2684 4880 2740 4935 q.
2774 4872 2929 4935 quot.
2963 4859 3013 4919 c'.
3046 4877 3093 4917 s.
3120 4861 3165 4935 ᾗ.
3197 4860 3281 4917 BI.
3343 4859 3453 4935 Mf“
3490 4871 3607 4935 om-

2251 4937 2312 4970 ¹¹³
2343 4936 2476 4993 illud
2517 4952 2594 4991 sc.
2625 4929 2974 4993 Ariminense.
3010 4931 3252 4988 Ambros.
3339 4929 3406 4963 ¹¹δ
3442 4930 3606 4986 etiam

2068 5153 2131 5186 ¹²⁰
2170 5161 2359 5224 parata
2390 5153 2473 5207 A‘.

1815 5256 2034 5312 NOT/E.

242 5354 407 5479 lﬁgat)
452 5357 520 5410 At
564 5368 755 5413 eorum
801 5356 912 5413 duo
941 5353 1232 5411 Ambrosio
1270 5354 1499 5412 multum
1527 5362 1656 5414 sunt
1685 5362 1878 5430 poste-

312 5492 431 5568 (45)
463 5497 508 5566 l,
538 5496 601 5553 21
636 5498 725 5557 ed.
764 5499 936 5558 Paris.

2035 5347 2139 5421 (46)
2188 5347 2492 5421 Conciliis?
2539 5348 2670 5404 Haec
2707 5360 2793 5402 me
2831 5358 2945 5403 non
2982 5343 3291 5414 intelligere
3329 5340 3524 5408 fateor,
3557 5346 3613 5396 et

1963 5427 2223 5492 corrupta
2252 5420 2527 5477 existimo.
