4022 6160
402 217 509 286 835

1505 224 1832 282 LANDUI.FI
1871 224 2399 281 MEDIOLANENSIS
2435 223 2696 280 CLEBICI

3676 220 3785 276 836

400 363 650 415 mortuus
696 363 781 413 est
832 356 922 429 (cf.
964 371 1021 425 v,
1067 354 1174 428 16).
1225 373 1254 405 ι)
1305 354 1492 422 Itaque
1529 351 1704 407 Graeci
1734 350 2380 422 sacerdotesAscOpatu,
2414 348 2563 421 quod
2600 348 2783 405 minus
2829 361 2953 405 esse
2980 346 3290 417 videbatur,
3331 348 3446 405 Deo
3492 348 3786 418 adjuvante

400 448 812 505 Ambrosianam
888 449 1140 503 tenentes
1204 443 1530 499 sententiam
1561 484 1575 508 ,
1643 455 1817 511 usque
1884 441 2050 497 hodie

368 536 672 593 sancitum
718 541 774 591 et
823 549 925 606 pro
978 535 1096 605 lege
1145 545 1300 587 sacra
1349 531 1574 598 habent,
1626 536 1685 585 ut
1733 528 1953 600 quando
1994 530 2052 584 in

400 625 714 682 sacerdotio
772 629 1069 694 unguntur,
1119 625 1213 676 aut
1258 618 1625 690 virginitatem
1684 618 1881 673 exinde
1933 631 2053 688 pro-

403 718 645 779 mittunt,
677 719 771 768 aut
817 725 1018 767 uxores
1056 710 1111 764 in
1154 708 1470 765 testimonio
1501 708 1742 762 virorum
1782 708 2053 763 bonorum

404 805 509 860 sibi
539 803 856 867 sociantur;
901 805 955 856 et
984 799 1030 855 si
1062 797 1334 869 contingit
1365 797 1514 867 quod
1553 810 1694 852 uxor
1718 813 1815 852 sua
1846 797 2055 854 moria-

333 876 336 880 ’
406 901 512 959 tur,
571 897 664 946 aut
718 894 866 945 caste
923 889 1110 944 vivunt
1169 892 1425 944 tenentes
1481 886 1894 952 sacerdotium,
1954 893 2048 942 aut

404 981 772 1037 sacerdotium
811 979 1086 1046 amittunt,
1128 977 1175 1033 si
1223 991 1283 1032 se
1331 976 1565 1047 amplius
1616 975 1780 1031 alicui
1837 976 2053 1031 teminac

405 1070 703 1125 sociantur.
753 1069 994 1135 Quorum
1041 1067 1341 1122 Ecclesiam
1386 1066 1442 1120 in
1492 1065 1908 1135 quamplurimis
1938 1064 2057 1120 ofﬁ-

407 1159 510 1215 ciis
573 1159 766 1213 beatus
820 1156 1142 1212 Ambrosius
1190 1154 1578 1211 venerabiliter
1642 1155 1884 1209 imitatus
1948 1160 2051 1210 est.

405 1248 543 1316 Quin
591 1248 753 1302 etiam
802 1246 1129 1302 sacriﬁcium
1162 1258 1370 1310 eorum,
1404 1244 1618 1299 scilicet
1650 1242 2051 1312 fermentatum,

408 1351 529 1392 cum
561 1342 772 1402 nostro,
813 1335 1029 1390 scilicet
1058 1348 1368 1405 azymorum
1395 1375 1410 1400 ,
1457 1332 1515 1387 in
1563 1332 1940 1388 celeberrimis
1970 1331 2053 1388 fe-

405 1426 762 1492 stivitatibus,
830 1424 1063 1480 maxime
1123 1424 1178 1478 in
1232 1422 1638 1477 resurrectione
1705 1421 1918 1477 Domini
1984 1421 2052 1476 ad

405 1512 837 1571 collaudandum'
877 1518 933 1568 et
980 1511 1414 1568 conﬁrmandum
1461 1516 1624 1581 atque
1657 1510 2051 1578 roborandum,

405 1602 615 1674 angelis
652 1601 1162 1656 administrantibus
1209 1606 1264 1655 et
1309 1600 1798 1664 sanctiﬁcantibus,
1831 1600 2054 1655 benedi-

409 1698 581 1759 ceret,
610 1691 962 1747 conﬁrmaret
990 1695 1045 1745 et
1075 1693 1444 1745 consecraret.
1479 1689 1634 1745 Unde
1665 1689 1810 1745 idem
1840 1690 1917 1744 ait
1934 1702 2060 1744 san-
2080 1683 2314 1760 Blgitur
2367 1686 2747 1742 catechumeni
2781 1729 2795 1754 ,

413 1787 535 1838 ctus
563 1781 884 1836 Ambrosius
925 1800 937 1835 :
989 1798 1018 1832 «
1066 1782 1221 1836 Stant
1253 1779 1432 1850 angeli
1462 1779 1530 1835 ad
1580 1779 1722 1835 latus
1750 1779 1959 1845 altaris,
2001 1784 2057 1835 et

412 1870 722 1926 sacriﬁcant
762 1869 1081 1925 sacerdotes
1132 1883 1334 1938 corpus
1389 1875 1444 1924 et
1488 1869 1808 1939 sanguinem
1856 1868 2056 1924 Christi

410 1957 709 2029 psallentes
737 1963 793 2013 et
822 1957 1106 2014 dicentes:
1140 1957 1324 2013 Gloria
1355 1957 1411 2012 in
1451 1957 1684 2013 excelsis
1712 1960 1843 2014 Deo.
1883 1976 1911 2009 »
1952 1956 2057 2012 Sed

406 2049 551 2104 Deus
580 2054 635 2105 et
666 2048 927 2104 Dominus
956 2053 1146 2103 noster
1168 2090 1183 2113 ,
1235 2047 1426 2102 volens
1478 2054 1688 2102 tantum
1719 2053 1775 2102 et
1813 2053 1921 2102 tam
1953 2061 2062 2102 ma-

406 2137 664 2208 gniﬁcum
693 2137 1014 2206 episcopum
1043 2135 1192 2191 velut
1240 2137 1526 2191 emeritum
1568 2136 1796 2191 militem
1828 2136 2055 2191 multum

409 2226 466 2280 in
505 2225 698 2281 militia
734 2225 947 2281 domini
994 2225 1080 2280 sui
1128 2225 1552 2295 triumphantem
1593 2231 1648 2280 et
1676 2225 2056 2290 desudantem,

409 2314 595 2370 multis
635 2315 876 2385 praemiis
913 2314 1210 2384 multisque
1241 2314 1548 2370 honoribus
1576 2314 1947 2385 ineffabilique
1978 2330 2061 2371 re-

411 2403 793 2459 muneratione
822 2402 1191 2458 honoriﬁcare
1223 2408 1278 2458 et
1324 2402 1653 2473 gloriﬁcare,
1684 2403 1753 2458 de
1783 2404 2059 2474 ergastulo

412 2493 595 2549 carnis
642 2492 712 2547 ad
761 2498 1022 2549 aeternam
1069 2492 1298 2563 gloriam
1350 2492 1614 2563 angelicis
1661 2494 1847 2549 choris
1892 2494 2061 2564 stipa-

409 2589 499 2639 tus
538 2582 600 2613 ²¹¹
629 2582 780 2637 exire
808 2581 1093 2651 praecepit.
1126 2582 1281 2636 Unde
1310 2581 1446 2637 dicit
1471 2582 1803 2651 Apostolus:
1842 2600 1871 2636 «
1902 2585 2058 2652 Quod

411 2671 604 2728 oculus
633 2684 744 2725 non
774 2670 911 2725 vidit
950 2683 1052 2725 nec
1100 2671 1248 2725 auris
1276 2670 1483 2726 audivit
1513 2684 1615 2727 nec
1662 2672 1718 2727 in
1764 2687 1863 2728 cor
1888 2673 2062 2729 homi-

409 2761 497 2816 nis
544 2758 820 2826 ascendit,
872 2774 997 2830 quae
1045 2760 1385 2830 praeparavit
1407 2761 1550 2815 Deus
1598 2760 1956 2832 diligentibus
2001 2775 2061 2818 se

409 2853 463 2916 (Ι
489 2852 610 2907 Cor.
644 2865 705 2917 ιι,
738 2848 815 2921 9).
850 2867 878 2901 ››
928 2849 1031 2917 Qui
1079 2849 1287 2905 clerum
1323 2849 1430 2905 sibi
1461 2851 1810 2906 commissum
1849 2858 1906 2906 et
1933 2865 2064 2907 oves

410 2953 443 2995 a
471 2940 583 2994 Deo
612 2939 719 2993 sibi
748 2938 988 2993 creditas
1017 2939 1277 3008 precibus
1306 2945 1361 2994 et
1397 2939 1626 2994 vocibus
1655 2945 1821 3008 atque
1860 2940 2065 2995 lamen-

2136 439 2418 511 implevit,
2470 444 2525 495 et
2569 438 2719 509 quod
2768 435 3081 494 ordinatum
3132 436 3339 493 invenit
3396 436 3791 493 inviolabiliter

2136 529 2313 584 tenuit
2359 534 2414 585 et
2450 526 2719 593 ﬁrmavit,
2774 528 2849 582 ita
2895 532 2956 583 ut
2992 526 3179 583 nullus
3222 527 3520 598 episcopus
3557 526 3791 597 amplius

2134 624 2359 691 augeret
2386 617 2594 689 aliquid
2624 622 2718 673 aut
2748 616 3099 672 diminueret.

2212 708 2295 763 12.
2330 708 2717 764 Determinatis
2740 706 2801 737 ¹¹²
2832 720 2896 761 ac
2927 705 3169 781 deﬁnitis
3188 712 3394 762 sanctae
3412 706 3791 764 Ambrosianz

2136 792 2386 855 ecclesiae
2442 796 2731 852 ordinibus
2757 839 2771 862 ,
2824 796 3077 866 datisque
3119 795 3306 867 ﬁguris
3345 795 3712 851 rationalibus
3735 796 3792 851 in

2137 889 2338 959 quibus
2367 889 2510 943 Deus
2559 901 2657 958 per
2704 886 3050 942 clementiam
3098 899 3248 940 suam
3300 886 3477 941 sancti
3514 886 3792 943 Ambrosii

2136 973 2408 1049 suﬁ‘ragiis
2437 990 2548 1032 non
2579 976 2850 1031 immerite
2878 975 3095 1045 aperire
3124 974 3363 1044 posteris
3389 975 3630 1046 benigne
3660 989 3794 1031 con-

2139 1068 2323 1133 cessit,
2383 1080 2530 1121 nunc
2585 1064 2823 1135 qualiter
2882 1066 3001 1134 ipso
3059 1063 3349 1134 adjuvante
3400 1063 3463 1094 ¹²⁸
3519 1065 3790 1121 catechu-

2137 1156 2282 1210 meni
2312 1154 2598 1210 ecclesiam
2628 1153 2892 1225 yemalem
2939 1154 3338 1224 ingrediantur,
3387 1154 3697 1211 secundum
3730 1154 3793 1186 ⁸³⁸

2138 1241 2388 1297 ordinem
2438 1254 2601 1310 quem
2646 1240 2784 1295 vidit
2829 1240 3109 1309 cordeque
3155 1241 3426 1312 cognovi,
3473 1247 3530 1297 et
3575 1256 3608 1296 a
3650 1241 3793 1297 ﬁde-

2139 1332 2283 1388 libus
2313 1330 2577 1400 comperi,
2611 1329 2850 1385 ﬁdeliter
2896 1328 3130 1396 edicam,
3180 1344 3353 1400 quave
3399 1345 3566 1386 causa
3608 1332 3793 1403 regias

2138 1419 2388 1477 ecclesia:
2445 1419 2691 1489 ejusdem
2749 1417 3124 1474 occidentales
3175 1433 3284 1475 non
3346 1420 3669 1487 introeant,
3727 1434 3793 1476 ac

2138 1524 2305 1581 super
2364 1515 2614 1564 sanctum
2654 1509 2893 1565 crismon
2943 1523 2974 1563 a
3018 1509 3360 1565 subdiacono
3408 1516 3463 1565 et
3507 1510 3797 1567 hostiariis

2136 1607 2196 1656 ut
2253 1599 2594 1665 doceantur,
2654 1598 3112 1666 introducantur,
3170 1599 3451 1656 caritative
3496 1601 3791 1657 intimabo.

2859 1687 3060 1758 quibus
3109 1689 3220 1757 jam
3282 1689 3424 1745 Deus
3478 1704 3583 1761 per
3636 1704 3792 1746 suam

2139 1792 2403 1835 summam
2451 1776 2511 1808 ¹¹⁸
2569 1776 3022 1843 misericordiam,
3074 1777 3189 1832 sale
3235 1777 3525 1850 degustato
3575 1780 3791 1851 sapien-

2142 1870 2252 1934 tize,
2304 1874 2359 1924 et
2414 1868 2643 1923 naribus
2692 1866 2954 1922 auriculis
3008 1872 3172 1937 sputo
3226 1868 3533 1925 sacerdotis
3590 1869 3792 1925 delini-

2142 1959 2232 2025 tis,
2275 1971 2377 2013 nec
2425 1971 2535 2013 non
2578 1955 2785 2013 saeculo
2833 1961 2889 2012 et
2935 1956 3152 2027 pompis
3197 1958 3318 2027 ejus
3352 1958 3787 2021 abrenunciatis.

2142 2060 2414 2116 manuque
2488 2044 2795 2100 sacerdotis
2867 2043 3159 2100 ecclesiam
3240 2045 3481 2102 intrandi
3564 2047 3789 2104 licentia

2142 2135 2547 2208 quodammodo
2579 2148 2842 2190 concessa
2889 2141 2991 2200 est,
3024 2134 3366 2191 subdiacono
3412 2144 3470 2192 et
3508 2137 3792 2193 hostiariis

2140 2241 2237 2283 eos
2276 2225 2772 2291 introducentibus,
2813 2224 3020 2279 intrant
3048 2224 3335 2281 ecclesiam
3364 2240 3395 2281 a
3425 2232 3584 2297 parte
3608 2230 3794 2284 orien-

2142 2316 2230 2371 tis.
2282 2314 2435 2370 Unde
2482 2313 2551 2368 ab
2599 2313 2860 2369 oriente?
2905 2312 3170 2380 Quoniam
3217 2327 3427 2370 summa
3468 2313 3533 2345 ¹²⁶
3579 2315 3681 2370 Dei
3711 2330 3795 2371 m-

2143 2404 2349 2474 pientia
2387 2402 2574 2458 oriens
2621 2415 2689 2456 ex
2735 2401 2846 2456 alto
2894 2402 3219 2457 illuminavit
3266 2415 3365 2458 eos
3408 2402 3505 2472 qui
3547 2403 3605 2458 in
3647 2411 3797 2459 tene-

2145 2493 2257 2548 bris
2277 2496 2332 2547 et
2354 2493 2407 2546 in
2430 2491 2623 2546 umbra
2647 2491 2840 2546 mortis
2866 2490 3154 2557 sedebant,
3178 2491 3450 2561 propheta
3472 2497 3795 2561 attestante,

2143 2581 2237 2651 qui
2267 2581 2344 2635 ait
2376 2580 2438 2611 ¹¹⁷
2481 2601 2493 2635 :
2543 2600 2568 2629 α
2610 2579 2941 2636 Sedentibus
2970 2581 3025 2635 in
3056 2581 3303 2636 tenebris
3331 2587 3388 2636 et
3414 2581 3613 2636 umbra
3654 2596 3799 2639 mor-

2146 2671 2234 2736 tis,
2260 2668 2351 2724 lux
2371 2675 2492 2724 orta
2522 2674 2607 2723 est
2636 2667 2717 2723 eis
2744 2670 2848 2735 (Is.
2881 2682 2956 2734 1x,
2991 2666 3064 2738 2).
3099 2687 3127 2718 υ
3163 2671 3227 2723 Et
3248 2669 3377 2724 item
3400 2669 3799 2739 prophetarum

2144 2758 2377 2814 eximius
2414 2756 2580 2812 David
2621 2755 2682 2787 ¹¹⁸
2722 2777 2734 2811 :
2788 2777 2812 2806 α
2846 2757 3105 2813 Exortum
3137 2763 3222 2813 est
3249 2758 3306 2814 in
3336 2758 3586 2814 tenebris
3614 2759 3800 2816 lumen

2144 2846 2312 2902 rectis
2348 2845 2517 2902 corde
2557 2844 2671 2916 (Ps.
2704 2859 2813 2913 cxx,
2845 2846 2916 2915 4).
2970 2865 2997 2897 »
3038 2847 3133 2901 His
3179 2847 3436 2903 omnibus
3484 2848 3803 2919 ingredien-

2146 2937 2292 2993 tibus
2315 2979 2329 3002 ,
2379 2935 2640 2992 sacerdos
2686 2942 2743 2991 et
2782 2936 3049 2993 diaconus
3085 2937 3272 2994 clauso
3311 2952 3436 2994 cum
3487 2939 3800 3009 evangelio,

411 3029 484 3083 tis
526 3026 769 3082 moriens
808 3028 940 3092 Deo,
973 3026 1031 3080 in
1069 3039 1181 3095 quo
1222 3032 1350 3082 sunt
1388 3040 1579 3082 omnes
1617 3027 1859 3083 thesauri
1890 3029 2062 3084 scien-
2086 3019 2128 3078 Ο
2151 3031 2211 3081 ιιι
2260 3032 2598 3096 cognoscant
2638 3023 2699 3055 ¹²⁹
2763 3025 2940 3081 sancti
2988 3027 3252 3097 evangelii
3312 3033 3528 3083 secreta
3586 3026 3802 3100 indigni

412 3114 508 3170 tia:
547 3112 880 3181 absconditi,
913 3115 1185 3170 instanter
1212 3115 1649 3172 commendabat.
1697 3118 1929 3187 Insuper
1966 3132 2066 3188 per

414 3202 680 3272 Spiritum
708 3209 955 3257 sanctum
1007 3202 1340 3273 intelligens,
1375 3204 1578 3260 multos
1614 3205 2068 3276 pseudochristos

413 3297 469 3347 et
516 3290 1033 3361 pseudoprophetas
1080 3294 1135 3347 in
1180 3292 1521 3349 vestimentis
1562 3293 1743 3350 ovium
1783 3301 2063 3363 venturos,

413 3380 712 3436 Ecclesiam
742 3380 839 3435 Dei
879 3386 934 3436 et
974 3381 1207 3451 potiulos
1246 3383 1365 3452 ejus
1395 3397 1495 3452 per
1532 3382 1723 3439 falsam
1754 3384 2062 3440 doctrinam

413 3470 791 3535 subversuros,
827 3469 896 3525 de
940 3469 1142 3539 quibus
1192 3471 1452 3526 Dominus
1482 3486 1582 3543 per
1606 3474 1954 3544 Evangelium
1985 3474 2070 3530 di-

413 3560 489 3616 Cit
526 3581 540 3617 :
594 3578 623 3612 «
670 3559 952 3615 Attendite
999 3574 1030 3615 a
1070 3558 1222 3615 falsis
1270 3561 1578 3632 prophetis,
1612 3565 1706 3633 qui
1743 3565 1968 3620 veniunt
1998 3563 2066 3620 ad

412 3663 509 3705 vos
557 3650 613 3704 in
660 3649 1002 3704 vestimentis
1052 3649 1274 3716 ovium,
1330 3651 1662 3706 intrinsecus
1710 3658 1892 3708 autem
1940 3658 2068 3709 sunt

413 3737 528 3808 lupi
569 3752 798 3807 rapaces
831 3737 1040 3808 (Matth.
1075 3754 1174 3805 vn,
1228 3739 1332 3810 15).
1377 3759 1405 3791 »
1449 3743 1565 3797 Hoc
1605 3743 1916 3811 praevidens
1943 3758 2068 3799 san-

415 3833 537 3883 ctus
574 3833 630 3883 et
677 3827 1153 3881 reverentissimus
1188 3828 1549 3898 Ambrosius,
1606 3831 1813 3887 clerum
1861 3847 1925 3888 ac
1972 3847 2067 3904 po-

415 3910 604 3986 pulum
635 3917 803 3970 Deum
835 3929 999 3970 orans
1029 3916 1233 3972 cotidie
1266 3919 1511 3975 armabat
1539 3921 1768 3977 dicens:
1807 3941 1835 3973 ‹‹
1870 3922 2063 3978 Libera

413 4008 519 4058 'nos
546 4002 615 4058 ab
641 4002 945 4069 haereticis,
978 4003 1045 4058 ab
1073 4005 1340 4072 Arrianis,
1374 4022 1405 4061 a
1435 4008 1821 4076 schismaticis,
1862 4024 1892 4065 a
1931 4011 2064 4066 bar-

414 4086 583 4158 baris,
631 4090 757 4161 quia
806 4097 864 4146 tu
907 4091 1060 4147 solus
1108 4094 1385 4161 Dominus,
1438 4101 1497 4151 tu
1547 4097 1699 4153 solus
1742 4098 2059 4168 altissimus,

414 4179 649 4237 Christe.
701 4200 730 4231 »
779 4181 896 4248 Quo
945 4181 1160 4238 exiente
1215 4183 1283 4239 de
1331 4199 1568 4255 corpore
1618 4194 1856 4257 quantus
1901 4188 2064 4245 dolor

414 4269 703 4337 nobilium,
737 4276 792 4325 et
838 4276 1076 4341 quantus
1121 4273 1357 4342 gemitus
1406 4274 1754 4342 clericorum,
1788 4284 1844 4333 et
1878 4292 2059 4348 quan-

2152 3130 2272 3171 esse
2310 3114 2518 3180 videre,
2551 3119 2607 3170 et
2635 3128 2704 3170 ne
2734 3114 2816 3171 illi
2844 3115 3065 3171 videant
3093 3116 3188 3186 qui
3217 3114 3403 3171 videre
3434 3130 3549 3172 non
3570 3116 3802 3180 debent,

2150 3210 2206 3261 et
2241 3205 2468 3260 audiant
2497 3205 2592 3274 qui
2623 3218 2842 3260 servare
2887 3218 2997 3260 non
3030 3212 3280 3275 possunt,
3322 3212 3378 3262 et
3423 3205 3807 3262 subdiaconus

2151 3308 2272 3350 cum
2306 3293 2588 3350 thuribulo
2618 3295 2851 3361 incensi,
2887 3299 2947 3350 ut
2983 3295 3038 3350 in
3077 3301 3380 3365 conspectu
3408 3296 3506 3351 Dei
3539 3310 3644 3366 per
3675 3296 3804 3352 boni

2152 3383 2344 3439 odoris
2388 3396 2611 3453 operam
2660 3383 2993 3453 quandoque
3046 3392 3369 3455 appareant,
3409 3399 3506 3441 seu
3548 3385 3807 3441 diabolus

2154 3486 2254 3542 per
2281 3479 2487 3527 sanctae
2535 3471 2661 3526 ﬁdei
2713 3470 3081 3540 devotionem,
3114 3473 3209 3543 qui
3252 3486 3350 3529 eos
3379 3487 3479 3544 per
3519 3473 3696 3528 multa
3727 3474 3803 3529 in—

2150 3564 2364 3617 vaserat
2410 3567 2692 3631 tempora,
2742 3561 3175 3618 inremeabiliter
3216 3563 3368 3633 ipsos
3404 3563 3675 3619 deserens
3731 3562 3807 3619 fu-

2149 3651 2280 3721 giat,
2311 3658 2365 3706 et
2396 3649 2458 3681 ¹³⁰
2493 3664 2655 3707 cereo
2685 3651 2936 3718 ardente,
2978 3651 3216 3721 Spiritus
3245 3653 3421 3709 sancti
3452 3655 3802 3724 praesentiam

2149 3740 2464 3812 signiﬁcans
2496 3739 2580 3808 ¹⁸¹,
2631 3741 2942 3798 obviantur.
2994 3743 3112 3810 Quo
3164 3741 3329 3811 facto,
3380 3750 3504 3799 cum
3561 3743 3631 3799 ad
3684 3759 3805 3802 san-

2150 3834 2303 3885 ctum
2354 3831 2593 3887 crismon
2634 3829 2735 3902 (47)
2785 3831 2936 3887 ducti
2982 3837 3130 3898 sunt,
3161 3832 3510 3888 studiosetac
3541 3832 3804 3904 religiose

2147 3934 2318 3990 super
2355 3921 2554 3977 eodem
2587 3922 2719 3991 quid
2749 3920 3022 3992 signiﬁcat
3059 3921 3329 3978 docentur
3371 3942 3384 3978 :
3429 3939 3457 3974 ‹‹
3488 3923 3621 3988 Vos,
3663 3937 3805 3993 quos

2149 4010 2293 4064 Deus
2340 4009 2408 4065 ad
2459 4010 2752 4081 imaginem
2791 4016 2847 4066 et
2883 4010 3299 4067 similitudinem
3337 4026 3488 4067 suam
3527 4012 3597 4067 ab
3633 4012 3799 4069 initio

2147 4100 2329 4155 omnia
2361 4100 2669 4169 prmvidens
2715 4101 2949 4172 benigne
2979 4102 3203 4167 creavit,
3255 4101 3361 4157 hoc
3389 4102 3604 4173 signum
3630 4101 3795 4171 alpha

2146 4190 2301 4245 etho
2333 4189 2394 4221 ¹³²
2432 4191 2726 4247 continens
2772 4191 2905 4261 quid
2946 4192 3236 4263 signiﬁcat,
3270 4192 3439 4248 corde
3470 4200 3526 4247 et
3571 4192 3801 4249 auribus

2144 4279 2310 4334 animi
2331 4286 2731 4349 cognoscentes
2753 4277 3251 4352 percipite,'itaque
3274 4280 3421 4352 quod
3455 4284 3518 4337 A.
3551 4303 3596 4333 ω
3630 4282 3793 4338 vide-

414 4355 503 4414 tus
545 4358 798 4429 planctus
847 4361 1238 4430 orphanorum,
1273 4370 1329 4418 et
1370 4371 1574 4434 quanta
1621 4366 1815 4421 crebra
1862 4381 2057 4424 mona-
2080 4355 2215 4423 Dtis
2237 4366 2319 4435 ηδ,
2346 4369 2582 4438 primum
2613 4375 2668 4426 et
2689 4370 3041 4426 novissimum
3063 4370 3188 4426 (εωιί
3208 4378 3263 4426 et
3292 4377 3454 4427 terra:
3483 4376 3793 4427 creatorem

336 4454 339 4455 '
415 4447 682 4516 chorum,
733 4450 970 4519 suspiria
1020 4449 1362 4515 interfuere,
1412 4468 1532 4509 mea
1580 4454 1761 4526 lingua
1811 4471 2055 4525 narrare,

415 4544 471 4593 et
512 4550 666 4593 meus
708 4538 949 4595 calamus
998 4540 1242 4595 scribere
1294 4554 1408 4596 non
1436 4543 1599 4609 valet,
1641 4551 1697 4600 et
1734 4545 2057 4617 obsequium

415 4627 638 4696 quantis
666 4628 786 4697 ejus
816 4628 1095 4683 miraculis
1133 4631 1463 4697 coruscavit,
1498 4632 1630 4688 mihi
1661 4648 1917 4691 enarrare
1948 4648 2059 4692 non

412 4714 746 4772 vacat.'Sed
796 4717 1052 4773 ordinato
1100 4718 1418 4776 beatissimo
1465 4720 1820 4791 Simpliciano
1859 4725 1913 4779 in
1945 4727 2062 4795 epi-

2143 4463 2198 4513 et
2215 4458 2455 4514 omnium
2477 4466 2851 4514 creaturarum
2870 4466 3151 4516 auctorem
3173 4459 3403 4525 credite;
3417 4458 3487 4515 de
3507 4473 3620 4530 quo
3641 4458 3794 4531 quod

2142 4546 2343 4617 Esayas
2369 4548 2638 4617 propheta
2661 4549 2869 4618 Spiritu
2896 4556 3088 4605 sancto
3109 4549 3354 4620 repletus
3372 4549 3541 4616 dicat,
3565 4549 3797 4606 audien-

2143 4642 2227 4690 tes
2255 4639 2610 4707 cognoscite:
2648 4642 2836 4693 «Ante
2866 4651 2951 4693 me
2981 4651 3091 4694 non
3121 4644 3206 4693 est
3248 4636 3515 4695 formatus
3542 4639 3714 4703 Deus,
3744 4646 3797 4694 et

2146 4731 2272 4793 post
2310 4738 2395 4781 me
2441 4739 2553 4783 non
2597 4726 2722 4783 erit.
2772 4728 2884 4798 Ego
2931 4740 3071 4795 sum,
3112 4740 3216 4799 ego
3264 4740 3384 4783 sum
3420 4727 3713 4795 Dominus,
3745 4732 3797 4783 et

1779 4823 1999 4879 νΑΡιΙᾹΞ
2056 4825 2336 4881 LECTION
2342 4827 2439 4881 ES.

421 4984 459 4997 ﬁ
492 4913 839 4997 “ist‘lpatum
870 4911 957 4997 Βέ.
991 4913 1099 4997 Af“
1133 4913 1374 4997 Titulus;
1404 4917 1749 4997 De_crismon
1780 4923 1956 4997 sancti
1976 4897 2248 4997 Ambrosii
2269 4924 2571 4997 secundum
2593 4925 2806 4980 Datium
2829 4925 3150 4997 episcopum
3168 4922 3653 4997 Mediolanensem.
3679 4928 3791 4982 A".

419 4984 481 5057 Β2
505 4983 589 5041 BL
615 4984 682 5042 de
707 4999 764 5057 c._
781 4998 827 5040 s.
857 5000 886 5040 a
910 4985 1066 5041 Datio
1091 5000 1179 5057 ep.
1204 4988 1273 5043 Μ.
1297 4987 1383 5042 Α⁴.

422 5054 486 5087 ¹²³
514 5058 581 5112 Et
609 5055 935 5127 prophetam
965 5058 1027 5112 D.
1070 5054 1142 5113 ΒΣ
1209 5057 1272 5118 ω
1300 5065 1601 5129 cognoscat
1628 5062 1688 5118 Β.
1770 5061 1831 5093 ¹³⁰
1861 5078 1983 5120 cum
2014 5066 2073 5121 B.

1464 4987 1527 5018 ¹¹³
1556 4988 1595 5044 ί.
1617 5003 1668 5044 a.
1694 4990 1876 5047 desunt
1894 4994 1954 5047 Β.
2036 4992 2099 5025 ¹²⁴
2127 4994 2271 5051 deest
2296 4996 2356 5050 Β.
2435 4995 2496 5027 ¹²⁸
2527 4996 2669 5051 deest
2689 4997 2750 5052 Β.
2824 4987 2889 5028 ³³³
2916 4987 3057 5054 deest
3078 4999 3138 5054 Β.
3216 4995 3277 5029 ¹¹⁷

2154 4997 2271 5051 leest
2296 4997 2356 5050 Β.
2435 4997 2496 5027 ¹²⁵
2527 4997 2669 5051 deest
2689 4997 2750 5052 Β.
2824 4997 2889 5028 ³³⁸
2916 4998 3057 5054 deest
3078 4999 3138 5054 Β.
3216 4997 3277 5029 ¹¹⁷
3307 5011 3361 5068 p.
3386 4997 3467 5053 sic
3487 4997 3715 5053 dicente
3735 4998 3791 5053 Β.

2154 5064 2212 5096 ¹³¹
2242 5067 2585 5138 signiﬁcante
2605 5067 2692 5123 BL
2771 5065 2831 5099 ⁸³³
2861 5083 3054 5142 omega
3073 5068 3157 5126 BI.
3238 5067 3300 5099 ¹³³
3323 5070 3401 5124 ita
3424 5072 3485 5125 Β.
3511 5069 3655 5124 deest
3674 5068 3791 5125 rell.

1998 5165 2214 5221 NOTAE.

492 5250 603 5319 (47)
631 5253 706 5308 De
734 5251 843 5310 hoc
870 5253 1029 5326 signo
1058 5266 1109 5308 v.
1140 5252 1480 5326 Allegranza,
1513 5257 1664 5314 Sacri
1702 5259 1849 5316 Mon.
1890 5276 1946 5332 p.
1995 5260 2079 5331 18,

2166 5263 2260 5319 ubi
2299 5264 2419 5321 haec
2457 5265 2577 5336 ejus
2614 5265 2776 5323 datur
2804 5266 3032 5339 efﬁgies,
3063 5281 3094 5323 a
3132 5266 3303 5323 veteri
3340 5265 3525 5337 lapide
3552 5274 3788 5338 sumpta.
