4022 6160
221 237 317 294 837

1240 233 1556 296 HISTORIA
1597 243 2144 298 MEDIOLANENSIS.
2184 273 2250 282 —
2289 239 2485 296 LIBER
2527 241 2564 294 Ι.

225 370 435 420 nonest
472 362 680 430 absque
712 375 794 416 me
833 362 1077 417 Salvator
1130 365 1288 432 (Isai.
1327 380 1474 429 xuu,
1517 367 1616 431 lu}.
1670 367 1849 421 Delevi
1874 371 2068 425 Aocto
2112 366 2349 436 virgulas
2388 363 2780 434 protendentes
2825 363 2891 417 ad
2943 376 3158 432 speram
3198 361 3419 431 videtis,
3449 371 3579 423 octo

223 459 276 510 ut
303 451 499 506 nubem
531 450 851 518 iniquitates
881 457 1021 515 tuas,
1055 457 1110 505 et
1140 453 1295 520 quasi
1328 452 1585 507 nebulum
1628 462 1850 522 peccata

223 551 304 598 tua
351 540 505 607 (Isai.
539 553 684 603 κων,
734 537 842 599 22).
893 540 1006 608 Ego
1053 554 1192 604 sum,
1245 554 1347 611 ego
1395 556 1512 595 sum
1565 542 1704 610 ipse,
1755 542 1851 610 qui

220 631 368 686 deleo
393 627 454 658 ¹³³
485 628 806 697 iniquitates
844 635 965 682 tuas
1003 637 1234 698 propter
1270 645 1376 694 me,
1411 637 1466 685 et
1503 639 1852 701 peccatorum

221 729 427 775 tuorum
477 731 586 772 non
635 717 974 772 recordabor
1015 721 1163 787 (Isai.
1205 735 1354 784 xuu,
1389 721 1495 790 25;.
1528 741 1555 771 »
1595 722 1690 776 Dei
1730 736 1852 776 om-

221 809 512 880 nipotentis
568 807 854 876 designata
906 805 1126 874 notitia,
1185 811 1426 878 qualiter
1477 818 1602 866 ante
1651 811 1852 867 saecula

219 907 268 955 et
293 899 344 953 in
375 897 577 952 saacula
609 903 663 951 et
695 902 818 966 post
841 897 1042 952 saecula
1073 898 1175 952 fuit
1204 905 1259 953 et
1288 907 1372 954 est
1401 907 1455 955 et
1485 901 1611 963 erit,
1635 915 1852 970 quaque

219 987 412 1056 pietate
461 987 706 1049 verbum,
749 1000 870 1040 cum
911 1001 1020 1054 quo
1068 987 1137 1041 ab
1185 988 1345 1043 initio
1384 995 1509 1043 ante
1545 989 1604 1018 ⁸³³
1651 989 1852 1045 szecula

217 1077 390 1132 omnia
438 1089 777 1145 componens
823 1077 994 1131 C(BIOS
1047 1079 1274 1146 paravit,
1326 1079 1599 1134 incarnari
1646 1080 1851 1149 Spiritu

214 1171 396 1220 sancto
456 1164 806 1233 concipiente
865 1165 1195 1233 permiserit,
1238 1175 1293 1221 et
1350 1169 1628 1236 quomodo
1687 1169 1852 1223 homo

217 1260 366 1308 natus
413 1260 498 1307 est
537 1267 604 1308 ex
636 1254 865 1323 virgine,
915 1268 1015 1309 suo
1055 1256 1319 1324 sanguine
1369 1257 1614 1325 pretioso
1663 1257 1852 1312 huma-

215 1354 335 1396 num
382 1355 560 1411 genus
597 1341 851 1405 redemit,
899 1357 962 1397 ac
1011 1343 1326 1398 vulneratus
1365 1351 1419 1398 ct
1458 1346 1602 1402 sicut
1635 1345 1698 1376 ¹³⁶
1737 1348 1854 1401 ovis

214 1430 276 1484 ad
324 1430 660 1485 occisionem
709 1429 908 1485 ductus
959 1433 1050 1497 sit,
1101 1435 1440 1502 cognoscite.
1489 1435 1850 1502 Cinerem‘",

214 1520 364 1588 cujus
414 1519 636 1587 pulvere
675 1518 915 1575 crismon
959 1527 1043 1575 est
1091 1527 1240 1576 totus
1287 1523 1553 1591 signatus,
1603 1525 1854 1579 Christus

211 1614 289 1661 est
335 1608 593 1663 dominus
625 1607 686 1638 ³³⁸
735 1609 828 1678 qui
878 1623 1096 1664 carnem
1145 1610 1214 1664 de
1261 1613 1471 1682 virgine
1519 1615 1849 1683 suscipiens,

1936 454 2306 509 beatitudines
2348 451 2602 507 ﬁdelibus
2640 449 2756 506 fore
2797 450 3094 520 promissas
3121 464 3152 505 a
3182 450 3294 507 Deo
3333 454 3388 508 in
3419 459 3581 510 aeter-

1936 557 2065 598 num
2124 557 2244 597 cum
2285 541 2502 596 Christo
2561 553 2778 609 semper
2834 553 3136 604 mansuras,
3188 540 3301 594 sive
3337 539 3397 570 ¹⁵⁰
3449 544 3577 611 quia

1935 641 2063 689 octo
2102 639 2228 688 sunt
2280 631 2442 700 hujus
2479 629 2666 684 saeculi
2699 636 2754 683 et
2793 627 2961 684 futuri
2992 629 3146 698 quasi
3189 630 3242 683 in
3292 643 3453 699 spera
3488 630 3588 685 die

1935 728 2211 790 noctuque
2267 725 2554 775 currentes
2607 725 2818 783 aetates,
2859 718 2928 772 de
2977 719 3178 787 quibus
3224 718 3444 787 quidam
3486 733 3578 773 sa-

1937 810 2094 879 piens
2127 810 2185 839 ¹⁵¹
2228 829 2240 863 :
2281 827 2305 856 ε
2351 810 2454 863 Sex
2494 806 2696 862 etenim
2746 813 2875 860 sunt
2933 805 3097 874 hujus
3134 806 3322 861 saeculi
3365 813 3574 869 aetates,

1935 899 2238 954 notissimis
2284 905 2591 966 temporum
2639 895 2915 950 distinctae
2945 895 3005 924 ¹⁵¹
3051 895 3320 958 articulis,
3356 896 3408 949 in
3450 895 3578 965 qui-

1936 990 2038 1044 bus
2087 1001 2187 1057 pro
2239 988 2348 1041 Deo
2399 985 2680 1040 laboribus
2737 985 3011 1050 insistere,
3065 999 3165 1054 pro
3222 985 3580 1054 adipiscenda

1937 1078 2124 1148 requie
2172 1078 2509 1146 sempiterna
2553 1074 2620 1128 ad
2661 1080 2877 1142 tempus
2930 1075 3148 1143 operari
3207 1089 3432 1130 necesse
3473 1080 3575 1131 est.

1935 1168 2174 1236 Septima
2224 1173 2306 1220 est
2367 1173 2501 1220 tetas
2541 1177 2649 1218 non
2713 1163 2768 1217 in
2829 1164 2928 1217 hac
2976 1163 3073 1218 sed
3125 1165 3178 1218 in
3226 1164 3332 1218 alia
3365 1163 3426 1194 ’⁵³
3471 1164 3579 1219 vita

1936 1255 2356 1326 quiescientium
2395 1268 2570 1323 usque
2617 1253 2684 1307 ad
2735 1259 2951 1322 tempus
3003 1253 3427 1308 resurrectionis
3464 1253 3582 1308 ani-

1937 1360 2164 1400 marum.
2214 1347 2412 1399 Octava
2463 1349 2642 1397 autem
2694 1349 2827 1396 tetas
2875 1342 2991 1410 ipsa
3033 1350 3118 1396 est
3156 1342 3276 1396 dies
3335 1356 3584 1397 resurre-

1937 1437 2157 1500 ctionis,
2181 1435 2299 1489 sine
2330 1432 2442 1488 ullo
2471 1432 2736 1501 temporis
2767 1431 2872 1485 ﬁne
2903 1431 3081 1486 beata.
3109 1451 3137 1481 »
3169 1431 3273 1487 Sed
3307 1432 3399 1487 ubi
3429 1437 3578 1496 sunt,

1937 1529 2056 1582 ista:
2095 1523 2486 1588 beatitudines,
2539 1521 2643 1575 nisi
2684 1521 2739 1575 in
2786 1535 2968 1590 spera,
3021 1520 3125 1575 hoc
3171 1527 3254 1574 est
3311 1522 3442 1585 Deo,
3485 1521 3581 1589 qui

1937 1630 2047 1672 non
2079 1613 2354 1669 clauditur
2393 1611 2497 1666 ﬁne
2529 1624 2632 1665 nec
2670 1609 2846 1664 initiis
2892 1617 3276 1678 augmentatur
3299 1608 3360 1638 ¹⁵⁵
3382 1615 3406 1663 ?
3441 1610 3581 1676 Quin

211 1696 344 1750 cinis
400 1704 462 1751 ut
508 1697 674 1752 homo
733 1698 1000 1763 mortalis,
1051 1700 1195 1754 Deus
1240 1699 1310 1754 de
1356 1702 1486 1767 Deo,
1539 1702 1721 1757 lumen
1780 1704 2092 1774 deBetiam
2123 1715 2337 1772 speram
2370 1701 2516 1755 illam
2547 1698 2859 1761 rotundam,
2883 1698 2987 1752 ﬁne
3009 1703 3063 1752 et
3094 1698 3252 1752 initio
3283 1704 3582 1763 carentem,

212 1786 410 1840 lumine
448 1786 526 1852 ιδ’,
567 1787 774 1856 Spiritu
813 1795 1006 1843 sancto
1045 1789 1396 1858 concipiente
1435 1790 1612 1846 factus
1645 1791 1706 1823 “°
1750 1800 1852 1848 est.

210 1875 433 1930 Crucem
466 1883 668 1941 autem,
711 1891 872 1946 quam
923 1877 977 1931 in
1019 1892 1184 1933 cruce
1223 1879 1568 1949 conspicitis,
1605 1882 1856 1938 Christus

210 1971 290 2018 est
320 1966 464 2019 Deus
495 1967 751 2021 dominus
779 1981 842 2021 ac
877 1966 933 1996 “'
985 1976 1175 2023 noster
1222 1969 1560 2039 redemptor,
1607 1974 1700 2040 qui
1752 1986 1856 2028 nos

213 2055 392 2108 crucis
433 2055 677 2123 patibulo
735 2068 836 2109 suo
882 2058 1148 2125 sanguine
1206 2060 1473 2125 pretioso,
1528 2061 1684 2128 quasi
1739 2062 1856 2116 ovis

211 2140 408 2197 ductus
458 2143 525 2197 ad
577 2144 987 2209 immolandum,
1039 2146 1344 2201 immeritos
1392 2148 1644 2203 redemit.
1701 2150 1854 2204 Unde

213 2229 398 2284 Ysaias
457 2233 726 2301 propheta
770 2231 831 2262 ιδ’
874 2253 886 2287 :
936 2252 962 2283 «
1021 2236 1173 2288 Sicut
1231 2236 1348 2289 ovis
1405 2236 1473 2290 ad
1519 2238 1855 2294 occisionem

203 2318 406 2374 ductus
439 2326 541 2384 est,
573 2326 630 2374 et
677 2321 833 2389 quasi
890 2335 1063 2390 agnus
1110 2336 1294 2376 coram
1334 2323 1600 2379 tondente
1640 2341 1698 2380 se
1737 2328 1855 2381 sine

200 2421 360 2471 voce,
415 2409 500 2462 sic
547 2422 657 2462 non
706 2409 922 2477 aperuit
954 2423 1017 2463 os
1055 2424 1209 2464 suum
1251 2411 1306 2465 in
1347 2411 1654 2468 humilitate
1696 2416 1854 2483 (Isai.

199 2512 314 2560 LIII,
353 2496 436 2561 7).
474 2516 501 2547 »
560 2499 693 2552 Item
728 2518 740 2552 :
776 2516 803 2547 «
841 2498 1167 2553 Vulneratus
1205 2507 1288 2554 est
1329 2509 1557 2570 propter
1595 2503 1854 2572 iniquita-

199 2593 286 2640 tes
312 2592 561 2650 nostras,
586 2584 823 2641 afﬂictus
852 2593 935 2641 est
967 2595 1194 2656 propter
1217 2589 1427 2643 scelera
1458 2598 1644 2645 nostra
1668 2591 1854 2660 (Ibid,

205 2673 291 2744 ὃ).
327 2693 356 2723 ι)
399 2675 599 2729 Passus
644 2681 824 2730 autem
884 2689 985 2745 pro
1043 2677 1205 2731 nobis
1262 2686 1495 2733 mortem
1544 2694 1607 2734 ac
1661 2681 1859 2735 multas

213 2763 462 2834 injurias,
496 2770 772 2820 ammonet
811 2779 933 2831 nos,
966 2765 1158 2821 dicens
1189 2769 1420 2822 cottidie
1453 2789 1465 2822 :
1506 2790 1530 2816 ‹ι
1563 2771 1857 2826 Revertere

212 2853 276 2908 ad
307 2868 394 2909 me
427 2854 686 2923 quoniam
718 2853 912 2909 redimi
938 2854 1000 2884 ¹¹⁵³
1030 2862 1103 2911 te.
1138 2857 1397 2922 Laudate,
1425 2858 1572 2923 caeli,
1598 2861 1856 2928 quoniam

212 2943 340 2998 fecit
391 2944 651 2998 Dominus
699 2944 1132 3000 misericordiam
1175 2947 1325 3003 (ικαὶ.
1360 2962 1502 3010 xuv,
1527 2947 1634 3016 22).
1663 2967 1689 2997 »
1722 2948 1856 3003 Cili-

1940 1808 2101 1864 quam
2132 1793 2251 1847 haec
2281 1791 2463 1846 omnia
2495 1789 2869 1844 continentem
2900 1787 3118 1848 videtis,
3153 1791 3237 1840 est
3266 1786 3383 1856 ipse
3415 1786 3586 1856 qui‘"

1941 1887 1995 1940 in
2044 1881 2372 1952 Apocalypsi
2423 1879 2670 1948 loquitur
2694 1876 2772 1941 ³⁸⁸,
2807 1875 3034 1931 dicens:
3064 1896 3090 1924 α
3125 1877 3237 1944 Ego
3265 1889 3384 1930 sum
3423 1874 3586 1945 alpha

1939 1981 1994 2029 et
2022 1974 2094 2027 ho
2118 1971 2201 2034 ³³⁷,
2235 1969 2565 2038 principium
2597 1973 2652 2022 et
2682 1966 2804 2020 ﬁnis
2838 1963 3031 2036 (Apoc.
3066 1981 3104 2030 ι,
3136 1964 3221 2031 8).
3245 1983 3274 2015 ι)

2016 2060 2100 2114 13.
2141 2059 2333 2113 Crucis
2380 2057 2440 2087 ’⁸⁸
2477 2055 2797 2124 antiphona,
2850 2068 2958 2122 qua
3005 2053 3325 2122 mysterium
3383 2054 3476 2108 Dei
3533 2062 3588 2109 et

1939 2157 2144 2204 sancta}
2192 2136 2563 2200 Ambrosianaé
2630 2143 2881 2198 ecclesia!
2942 2143 3302 2211 praerogativa
3359 2141 3588 2197 cottidie

1939 2239 2260 2300 adornatur,
2304 2234 2621 2304 allegoriam
2669 2231 3164 2286 reverentissimam
3219 2230 3587 2298 comprehen-

1941 2329 2072 2383 dere
2113 2333 2168 2382 et
2206 2325 2492 2381 continere
2533 2321 2888 2391 approbatur.
2941 2321 3076 2373 Dum
3124 2320 3269 2373 enim
3309 2320 3583 2375 canticum

1942 2417 2089 2486 quod
2139 2415 2428 2470 Zacharias
2473 2411 2739 2467 Johannis
2780 2409 3049 2479 propheta
3087 2409 3154 2463 ad
3195 2408 3290 2463 Dei
3321 2408 3587 2464 honorem

1942 2506 2308 2575 pr0phetavit,
2342 2508 2613 2568 cantatur,
2641 2515 2705 2556 ac
2737 2499 3068 2556 lectionibus
3108 2498 3389 2568 perlectis,
3418 2499 3591 2554 lecto-

1943 2609 2032 2649 res
2061 2609 2162 2649 suo
2201 2608 2324 2648 cum
2375 2592 2634 2661 magistro
2684 2595 2740 2644 et
2788 2588 3038 2644 hostiarii
3087 2587 3259 2643 choro
3299 2586 3591 2642 ordinibus

1942 2683 2241 2752 majoribus
2297 2681 2523 2736 dimisso
2581 2679 2780 2733 tollunt
2829 2677 2897 2732 de
2945 2676 3187 2731 sacrario
3238 2683 3351 2730 tres
3398 2689 3593 2731 cruces

1941 2779 2250 2842 argenteas,
2303 2778 2358 2825 et
2405 2783 2612 2824 summa
2657 2782 2779 2821 cum
2828 2766 3136 2820 reverentia
3183 2763 3318 2819 foris
3356 2764 3590 2820 ecclesia

1943 2861 2321 2930 deportantes,
2375 2859 2553 2914 tribus
2599 2856 2776 2912 cereis
2823 2855 3119 2923 unicuique
3167 2852 3588 2922 superardenti-

1941 2951 2082 3015 bus,
2153 2949 2326 3004 sancti
2403 2947 2638 3016 Spiritus
2711 2944 3061 3015 praesentiam
3134 2942 3453 3012 signiﬁcans
3501 2941 3587 3005 η’,

212 3032 352 3088 cium
396 3039 664 3103 praeterea
689 3032 751 3063 ‘“
780 3035 930 3103 quod
960 3034 1048 3089 his
1079 3034 1266 3105 ﬁguris
1304 3037 1532 3091 subesse
1573 3035 1916 3106 conspici-C
1942 3039 2192 3094 ecclesiae
2233 3038 2411 3107 regias
2450 3036 2701 3091 ordinate
2741 3035 2968 3088 intrant.
3013 3033 3156 3086 Bene
3189 3031 3259 3086 de
3289 3031 3590 3086 secretario

213 3122 298 3187 tis,
350 3131 674 3192 peccatores
702 3137 800 3178 vos
839 3139 958 3179 esse
1007 3125 1311 3194 conspicite
1361 3133 1415 3180 et
1458 3126 1651 3181 aeterni
1700 3129 1854 3197 regni

214 3211 438 3281 gloriam
511 3213 670 3281 primi
746 3214 992 3282 parentis
1067 3215 1518 3283 praevaricatione
1586 3216 1852 3270 amisisse.

217 3300 363 3356 Unde
393 3301 464 3356 ad
500 3303 665 3356 Deum
695 3308 875 3356 vestra
911 3310 1135 3372 peccata
1175 3303 1498 3373 plangentes
1539 3317 1774 3373 corpore
1803 3311 1858 3359 et

214 3391 389 3446 animo
421 3391 848 3456 convertimini;
882 3392 950 3446 de
971 3391 1032 3421 “5
1062 3393 1262 3462 quibus
1294 3395 1555 3448 Dominus
1587 3408 1686 3462 per
1725 3407 1857 3462 pro-

216 3478 425 3547 phetam
463 3496 479 3534 :
517 3502 541 3528 α
571 3482 960 3536 Convertimini
991 3480 1059 3534 ad
1092 3496 1176 3536 me
1207 3483 1266 3535 in
1295 3488 1412 3537 toto
1452 3483 1620 3536 corde
1648 3490 1853 3547 vestro,

215 3568 264 3622 in
288 3571 508 3638 jejunio
538 3577 592 3624 et
621 3570 751 3624 ﬁetu
789 3576 845 3624 et
884 3570 1105 3638 planctu
1146 3570 1288 3640 (Joel
1318 3587 1376 3635 ιι,
1417 3570 1519 3636 l3),
1561 3571 1688 3640 quia
1728 3571 1857 3626 nolo

216 3667 437 3714 mortem
497 3659 824 3728 peccatoris,
857 3659 955 3713 sed
991 3666 1049 3713 ut
1088 3666 1441 3713 convertatur
1469 3667 1524 3714 et
1554 3661 1695 3714 vivat
1728 3661 1853 3727 (Ea.

215 3761 425 3814 manu,
489 3748 664 3816 11).»
725 3751 932 3817 Itaque,
994 3747 1190 3802 fratres
1229 3749 1520 3813 karissimi,
1583 3749 1858 3803 imitemur

213 3837 412 3892 ambitu
446 3836 516 3868 ’⁸⁵
555 3837 607 3891 in
648 3839 834 3892 cinere
865 3844 920 3892 et
960 3837 1164 3893 cilicio.
1199 3851 1320 3891 cum
1354 3837 1623 3906 propheta
1646 3838 1859 3906 jejune-

215 3939 326 3980 mus
365 3933 421 3982 et
474 3926 761 3997 ploremus
799 3932 926 3981 ante
975 3928 1166 3991 Deum,
1199 3925 1327 3995 quia
1369 3926 1595 3980 multum
1647 3926 1858 3980 miseri-

213 4002 331 4070 cors
372 4024 455 4071 est
515 4015 791 4070 dimittere
815 4014 876 4045 “7
916 4022 1139 4085 peccata
1170 4021 1378 4070 nostra.
1413 4018 1546 4070 Cum
1577 4023 1757 4070 autem
1788 4015 1855 4071 ad

211 4105 344 4158 sacri
422 4105 775 4174 baptismatis
840 4111 1238 4160 sacramentum
1299 4107 1409 4160 Deo
1464 4113 1739 4160 annuente
1801 4106 1855 4161 in

215 4195 453 4261 proximo
484 4194 772 4258 veneritis,
796 4194 1083 4249 catholicae
1115 4195 1241 4250 ﬁdei
1263 4194 1610 4252 documentis
1639 4195 1853 4262 imbuti,

214 4283 514 4350 gaudentes
588 4297 688 4352 per
752 4283 1021 4338 bonorum
1087 4298 1317 4354 operum
1396 4286 1853 4354 perseverantiam

1940 3142 2133 3184 cruces
2163 3126 2451 3191 tolluntur,
2486 3125 2613 3194 quia
2649 3123 2716 3177 de
2747 3122 2978 3177 secretis
3017 3120 3112 3174 Dei
3144 3119 3306 3175 nobis
3334 3120 3591 3189 apparuit

1938 3219 2206 3281 Christus,
2267 3217 2425 3285 cujus
2481 3227 2646 3270 cruce
2700 3212 2916 3274 muniti,
2977 3211 3045 3265 ab
3103 3211 3251 3265 omni
3315 3215 3587 3278 potestate

1941 3323 2082 3365 aerea
2117 3307 2176 3337 ¹⁶⁰
2232 3307 2353 3375 ipso
2412 3309 2736 3372 protegente
2792 3301 3107 3354 liberamur.
3149 3300 3356 3351 Cruces
3394 3297 3463 3352 de
3501 3312 3590 3352 se-

1940 3404 2093 3451 creto
2141 3393 2433 3454 tolluntur,
2477 3391 2605 3458 quia
2654 3389 2722 3442 de
2766 3387 2998 3442 secretis
3044 3392 3257 3440 terrore
3304 3385 3588 3454 gentilium

1943 3483 2132 3554 populi
2183 3494 2401 3536 crucem
2451 3477 2653 3532 Christi
2706 3475 3032 3543 bajulantes,
3078 3474 3171 3527 Dei
3220 3473 3470 3528 ecclesiae
3520 3473 3590 3528 Ii-

1939 3575 2085 3628 mina
2125 3577 2185 3626 ut
2231 3569 2507 3624 Christum
2557 3571 2860 3634 sequantur
2907 3563 3105 3618 devote
3163 3562 3392 3616 intrant.
3437 3561 3591 3616 Unde

1940 3663 2200 3717 Dominus
2269 3672 2366 3727 per
2433 3653 2783 3723 Evangelium
2853 3652 3067 3706 intonat
3133 3650 3374 3704 dicens:
3422 3651 3590 3716 «Qui

1939 3763 2158 3805 crucem
2193 3744 2395 3802 Christi
2444 3741 2789 3810 bajulaverit,
2841 3739 3022 3794 salvus
3061 3737 3187 3793 erit.
3223 3758 3250 3789 »
3301 3739 3434 3794 Tres
3464 3739 3592 3796 ideo

1939 3846 2068 3894 sunt
2098 3850 2314 3901 cruces,
2346 3840 2406 3888 ut
2453 3845 2644 3887 omnes
2697 3835 2810 3885 tres
2849 3828 3037 3884 mundi
3088 3834 3292 3897 partes,
3335 3827 3593 3883 videlicet

1938 3929 2064 3983 Asia
2095 3934 2149 3981 et
2198 3927 2414 3992 Europa
2444 3928 2497 3976 et
2537 3920 2736 3975 Alfrica
2761 3919 2840 3986 ¹⁹¹,
2883 3917 3009 3974 cmli
3041 3925 3096 3972 et
3145 3924 3308 3973 terrae
3356 3919 3588 3974 Creato-

1940 4032 2055 4073 rem
2103 4019 2524 4085 cognoscentes,
2576 4009 2813 4065 Verbum
2861 4022 3084 4078 quoque
3141 4015 3388 4063 sanctum
3416 4007 3476 4037 ¹⁶²
3523 4008 3592 4064 de

1944 4108 2160 4176 Virgine
2205 4109 2390 4158 natum
2421 4115 2484 4155 ac
2524 4099 2730 4168 Spiritu
2761 4105 2953 4153 sancto
2985 4103 3312 4166 conceptum
3352 4097 3590 4152 creden-

1939 4205 2043 4261 tes,
2077 4193 2352 4249 Unitatem
2393 4190 2449 4244 in
2487 4188 2776 4251 Trinitate,
2821 4193 2874 4241 et
2923 4187 3242 4240 Trinitatem
3286 4186 3339 4238 in
3375 4186 3592 4240 Unitate

1941 4284 2230 4341 actualiter
2283 4279 2701 4335 conﬁterentur.
2750 4277 2880 4341 Quae
2931 4275 3114 4328 omnia
3161 4273 3463 4327 ﬁdelissimi
3494 4287 3591 4328 ca-

219 4369 611 4429 beatitudinem
644 4379 865 4429 εἰει-[ιω
887 4373 1079 4444 gloriae
1109 4375 1319 4428 credite
1350 4375 1672 4444 acquisisse,
1698 4369 1924 4444 quamD
1944 4373 2157 4437 tholici,
2190 4369 2462 4425 catholica
2512 4366 2618 4421 ﬁde
2647 4379 2679 4419 a
2716 4365 2828 4418 Deo
2860 4361 3055 4416 imbuti
3080 4359 3142 4390 ¹⁶³
3181 4362 3370 4415 Patres
3417 4362 3591 4416 nostri

216 4459 338 4516 olim
403 4453 817 4534 prOthoplausti
886 4464 981 4518 Dei
1057 4462 1369 4516 mandatum
1439 4465 1859 4530 praevaricantes
1943 4464 1997 4517 in
2047 4458 2285 4516 concilio
2343 4458 2568 4511 Nicaano
2620 4452 2948 4510 conﬁtentes
2995 4450 3307 4506 dixerunt:
3352 4467 3380 4499 ‹‹
3431 4449 3593 4505 Fides

221 4549 524 4609 inconsulte
586 4555 905 4608 amiserunt.
967 4554 1238 4606 Praeterea
1278 4551 1425 4620 quod
1480 4554 1662 4606 omnia
1706 4554 1858 4623 signa
1941 4558 2123 4607 autem
2172 4547 2443 4603 catholica
2485 4546 2604 4599 haec
2653 4551 2757 4608 est,
2790 4549 2850 4596 ut
2882 4554 3024 4596 unus
3063 4541 3203 4594 Deus
3233 4539 3287 4592 in
3321 4539 3592 4594 Trinitate

221 4639 332 4697 haec
381 4659 411 4699 e
458 4647 650 4700 cinere
698 4642 839 4697 facta
887 4643 1240 4711 conspicitis,
1295 4655 1388 4695 vos
1432 4655 1551 4696 esse
1602 4643 1860 4697 mortales
1943 4647 1995 4696 et
2027 4638 2265 4694 Trinitas
2313 4637 2366 4690 in
2400 4635 2617 4690 Unitate
2661 4637 2976 4686 veneretur.
3013 4650 3038 4677 ι
3091 4629 3364 4682 lntrantes
3410 4635 3590 4684 autem

222 4735 532 4801 cognoscite
559 4733 638 4798 ⁸⁸⁸,
679 4747 743 4787 ac
788 4740 1004 4802 sperate
1037 4733 1091 4787 in
1131 4745 1276 4796 eum,
1309 4731 1403 4800 qui
1443 4745 1538 4786 vos
1587 4731 1857 4786 redimere
1940 4729 2178 4784 lectores
2217 4733 2271 4781 et
2328 4722 2582 4779 hostiarii
2632 4734 2752 4776 cum
2815 4718 3009 4789 signis,
3060 4717 3346 4771 inveniunt
3403 4717 3591 4773 archi-

118 4885 122 4889 ι
221 4833 315 4875 suo
363 4824 631 4894 sanguine
682 4823 926 4892 pretioso
951 4821 1013 4851 ³³⁵³
1051 4822 1308 4892 dignatus
1336 4827 1436 4875 est.
1487 4821 1641 4886 Quod
1677 4829 1857 4875 autem
1941 4820 2263 4888 episcopum
2317 4820 2471 4868 extra
2522 4811 2772 4876 chorum,
2814 4807 3207 4862 archidiacono
3252 4805 3498 4861 dextram
3536 4810 3592 4862 et

1581 4939 1801 4992 VARUS
1839 4935 2226 4992 LECTIONES.

1388 5035 1448 5065 ¹³⁶
1486 5035 1650 5091 homo
1701 5043 1858 5090 natus
1905 5050 1972 5090 ex
2021 5049 2068 5087 v.
2121 5045 2221 5087 suo
2269 5028 2692 5102 sanguine_nos
2725 5039 2783 5102 ‘r1
2829 5029 2884 5078 et
2931 5037 2976 5102 ξς
3014 5022 3091 5102 ,3.

1485 5090 1544 5136 ιιά
1582 5090 1725 5161 illius
1754 5108 1838 5162 BI.
1954 5105 2014 5135 ιιι
2055 5105 2109 5158 u.
2153 5103 2208 5157 d.
2241 5116 2290 5155 a.
2325 5090 2508 5155 de'stmt
2550 5099 2606 5151 Β.
2725 5095 2785 5125 ιιι
2826 5109 2880 5163 p.
2915 5093 3052 5147 dicit
3082 5090 3165 5146 BI.
3217 5161 3224 5163 Α
3283 5092 3345 5122 ιη
3382 5091 3589 5150 redemi

1443 5178 1503 5209 “'6
1544 5179 1730 5233 habitu
1763 5161 1846 5233 BI.
1955 5177 2013 5206 "‘7
2054 5175 2337 5230 dimittens
2371 5170 2450 5225 BI.
2559 5167 2619 5198 ¹³⁸
2653 5161 3054 5237 cognoscentes
3081 5161 3244 5237 s._Bl.
3352 5163 3413 5237 ξδ’
3451 5165 3593 5222 deest

228 5233 301 5305 Β(
386 5253 446 5282 ¹³⁰
501 5233 806 5322 ὄὲὁῶἰέἐὲἐ
838 5233 1163 5322 cognoscite
1211 5252 1324 5305 sive
1362 5253 1416 5305 Β.
1537 5250 1595 5279 ²⁵¹
1638 5251 1709 5304 ita
1763 5251 1870 5305 A".
1923 5250 1980 5302 B.
2030 5247 2098 5322 d_e
2147 5233 2748 5322 quibus_rc_verendus'
2774 5252 2869 5322 se}
3062 5233 3176 5322 m‘“
3223 5235 3591 5322 qudiistincte

388 5324 448 5354 ’³³
487 5303 795 5380 ἆιῖἑῆἶῖῖ
853 5303 1080 5392 ’δῖηᾲίή
1116 5303 1315 5377 initiis
1363 5303 1496 5377 inon
1553 5303 1831 5377 coartatur
1888 5334 1989 5375 nec
2023 5303 2180 5394 ﬁne.
2212 5313 2568 5394 concluditur
2625 5312 2681 5364 Β.
2707 5379 2719 5394 ¹
2749 5380 2760 5390 .
2790 5308 2851 5338 ¹⁵⁵
2890 5307 3018 5394 quia
3242 5305 3583 5394 "fl-deest

230 5392 284 5422 ¹³⁷
323 5376 656 5465 οωθεςᾶἑί.ᾐ
689 5376 798 5425 -ίέδ
839 5376 1074 5466 Titulus:
1107 5395 1181 5448 De
1213 5376 1393 5466 crucis
1421 5376 1729 5466 antiphOna
1750 5407 1781 5447 a
1818 5387 2336 5466 Datiog(secutldum
2367 5379 2874 5466 Dantiumfrchie‘pL
2900 5377 3036 5466 Meg;
3069 5378 3173 5466 θοὴ
3239 5463 3255 5466 _
3285 5376 3347 5466 ¹⁸ξ
3383 5379 3591 5466 $83“!-

226 5446 627 5592 ἓαηίίξιὶξθῖῖ
667 5467 729 5499 ιω
757 5467 825 5522 ab
839 5446 1073 5521 iustas
1097 5446 1388 5534 5:13:76
1416 5446 1852 5535 {anguinei
1877 5446 2062 5518 aranea
2093 5468 2147 5516 et
2179 5461 2395 5528 EurOpa
2428 5457 2485 5510 Β.
2567 5452 2626 5484 ’δ’
2665 5446 2817 5508 deest‘
2837 5453 2894 5506 Β.
2976 5447 3037 5479 ¹⁶³
3073 5447 3114 5504 f.
3147 5463 3197 5504 c.
3230 5463 3282 5505 ο.
3316 5446 3520 5508 f.a.'D.
3545 5452 3585 5508 i.

261 5551 378 5592 mm
487 5579 499 5591 .

261 5543 403 5592 mnf
442 5543 499 5592 Β.

295 5038 353 5069 ¹³⁸
389 5039 459 5094 de
489 5038 610 5095 celo
642 5040 701 5093 Β.
817 5036 879 5067 ¹³⁵
918 5044 972 5092 et
1009 5043 1134 5092 ante
1184 5036 1268 5090 BI.
1388 5035 1448 5065 ¹³⁶
1486 5035 1650 5091 homo
1701 5043 1858 5090 natus
1905 5050 1972 5090 ex
2021 5049 2068 5087 v.
2121 5045 2221 5087 suo
2269 5028 2535 5095 sanguine
2591 5039 2692 5081 nos
2732 5039 2776 5078 r.
2829 5029 2884 5078 et
2931 5037 2976 5095 si.
3015 5022 3148 5095 AB.7_
3208 5020 3586 5095 ”7__c_inis_Bl.

229 5107 286 5139 ¹⁸⁸
321 5111 461 5165 deest
503 5113 561 5165 Β.
679 5110 739 5140 ¹³⁹
793 5108 830 5162 Ι.
882 5109 937 5163 d.
990 5109 1026 5162 l.
1077 5109 1259 5162 desunt
1310 5109 1364 5162 Β.

227 5179 303 5252 βλ.
410 5182 472 5212 ¹¹ι¹⁵
514 5186 806 5252 propterea
836 5182 893 5234 Β.
1006 5179 1065 5210 “5
1096 5180 1247 5252 deest
1279 5181 1336 5233 Β.
