4022 6160
416 216 525 268 839

1503 207 1831 263 LANDULFI
1871 203 2400 260 MEDIOLANENSIS
2435 204 2697 259 CLERICI

3682 200 3790 255 840

415 337 899 409 archipresbytero
947 335 1149 395 laevam,
1182 334 1500 405 regentibus
1523 375 1537 399 ,
1587 346 1691 388 nec
1728 344 1840 387 non
1880 331 2056 400 ipsum
2080 329 2204 389 Ain
2252 328 2401 384 Beati
2449 328 2783 384 immaculati
2824 332 3058 383 tractatu
3097 326 3215 397 (vn,
3247 327 3338 398 25)
3369 348 3383 383 :
3421 348 3447 376 α
3474 329 3607 394 Qua
3645 328 3788 384 enim

421 436 479 485 ut
516 428 737 497 Moysen
785 438 972 481 verum
998 422 1061 454 ¹⁸³
1105 429 1519 487 sustentautes;
1569 426 1841 490 quatenus
1887 418 2062 490 gratia

417 517 591 575 sancti
627 514 925 587 Evangelii,
957 514 1093 570 Novi
1134 527 1197 567 ac
1233 511 1445 566 Veteris
1472 508 1805 587 Testamenti
1842 515 2063 565 senten-

418 607 512 663 tiis
557 619 622 661 ac
674 605 882 675 ﬁguris,
933 601 1370 665 conﬁrmaretur,
1424 599 1538 654 sive
1591 599 1911 654 dilectionis
1970 596 2063 652 Dei

420 700 477 750 et
508 692 571 725 ¹⁸⁸
637 692 869 764 proximi
925 697 1131 746 sanctae
1206 688 1466 744 Ecclesiae
1524 688 1681 757 quasi
1756 686 2066 755 columpnis

421 788 823 839 sustentaretur
870 786 926 834 et
977 778 1218 833 aleretur
1251 774 1312 807 ¹⁶⁸
1360 777 1631 841 humanis,
1673 782 1732 831 ut
1776 775 1847 830 ad
1895 773 2065 831 ccelo-

421 886 538 927 rum
569 871 766 942 gaudia
804 869 915 924 Deo
944 873 1222 922 annuente
1261 866 1561 921 ascendere
1592 872 1647 920 et
1672 864 1852 920 volare
1892 876 2067 919 mere—

421 967 591 1017 retur.
640 957 793 1014 Unde
839 963 1063 1011 sanctus
1110 957 1345 1025 Prosper
1383 955 1459 1010 ait
1499 975 1512 1009 :
1558 974 1585 1003 ι
1616 955 1717 1021 Qui
1756 960 1909 1009 caret
1946 952 2067 1007 istis

418 1047 652 1119 geminis
697 1046 799 1102 alis
831 1044 892 1075 ¹⁶⁷
940 1046 1223 1110 virtutum,
1267 1057 1377 1100 non
1418 1044 1582 1100 habet
1620 1044 1765 1099 unde
1806 1042 1951 1097 volet
1996 1039 2065 1095 ad

421 1150 587 1208 regna
626 1134 912 1192 caelorum.
944 1152 972 1186 »
1022 1133 1231 1201 Quibus
1279 1134 1632 1204 introgressis
1660 1146 1723 1187 ac
1763 1129 2065 1187 secundum

421 1228 673 1282 ordinem
730 1224 1022 1290 ordinatis,
1078 1237 1201 1278 cum
1253 1222 1527 1291 Propheta
1586 1223 1751 1276 Deum
1810 1220 2064 1276 laudante

421 1322 644 1371 cantant
702 1335 729 1364 ι
786 1314 846 1369 1η
914 1311 1165 1376 excelsis,
1228 1329 1257 1363 »
1315 1309 1616 1366 secundum
1674 1310 1821 1380 quod
1881 1308 2062 1364 dicit:

420 1426 451 1455 α
483 1404 726 1461 Laudate
765 1403 1054 1457 Dominum
1085 1400 1154 1456 de
1194 1399 1369 1465 caelis,
1407 1398 1621 1455 laudate
1652 1413 1774 1454 eum
1806 1399 1860 1454 in
1892 1397 2067 1453 excel-

419 1495 499 1550 sis
532 1492 704 1565 (Psal.
739 1489 1078 1561 chv1n,~l).
1130 1491 1250 1560 ipse
1298 1488 1442 1543 enim
1474 1488 1614 1544 dixit
1643 1495 1698 1544 et
1726 1487 1865 1543 facta
1897 1493 2063 1553 sunt;

422 1581 696 1638 mandavit
761 1587 817 1637 et
883 1579 1137 1636 universa
1201 1586 1385 1633 creata
1448 1584 1576 1633 sunt
1640 1576 1839 1647 (Ibid,
1905 1576 1992 1647 5).
2038 1594 2062 1624 ι

2149 419 2290 474 bene
2340 426 2610 484 tenemus,
2641 424 2864 474 cantare
2910 417 3334 483 consuevimus;
3384 416 3568 487 hymni
3609 416 3790 483 nobis,

2148 508 2419 562 canticum
2453 507 2632 571 nobis,
2669 506 2861 577 psalmi
2893 506 3055 562 nobis
3095 505 3508 576 justiﬁcationis
3536 503 3598 535 ¹⁶⁹
3642 511 3790 561 sunt.
3893 524 3933 543 σε

2150 597 2377 653 Psallam
2404 596 2475 665 ¹⁷⁰,
2510 597 2731 666 spiritu,
2767 596 2993 667 psallam
3016 595 3076 626 "°
3109 603 3166 652 et
3193 603 3398 652 mente.
3432 614 3461 646 ιο
3511 596 3580 651 Ut
3610 596 3796 665 expel-

2148 686 2286 742 leret
2332 693 2388 742 et
2437 686 2745 743 eliminaret
2782 685 2983 742 oblivia
3023 699 3055 741 a
3084 685 3250 742 domo
3288 693 3478 741 sancta
3506 698 3625 750 sua,
3667 698 3799 741 ean—

2149 783 2299 831 tores
2354 775 2460 830 sibi
2520 774 2650 830 fecit
2705 789 2866 831 verus
2924 774 3204 840 Salomon,
3260 774 3355 845 qui
3415 781 3533 830 toto
3593 775 3797 844 spiritu

2148 865 2543 933 conquirendae
2583 863 2887 935 cognitioni
2927 864 3232 920 divinitatis
3277 864 3651 927 intenderent,
3695 877 3797 919 nec

2150 953 2444 1022 psallentes
2492 953 2748 1009 deessent
2785 952 3039 1009 ecclesiae
3087 967 3202 1009 suae
3231 951 3311 1014 ¹⁷¹,
3352 964 3586 1022 quorum
3627 958 3794 1006 cantu

2150 1055 2381 1111 nequam
2435 1042 2665 1111 spiritus
2728 1040 3027 1113 fugaretur.
3094 1040 3387 1111 Propheta:
3450 1053 3677 1110 quoque
3735 1047 3793 1096 ut

2148 1130 2565 1201 prOphctarent,
2622 1130 2892 1200 psallendi
2949 1129 3159 1200 peritos
3214 1129 3475 1185 videbant
3531 1128 3789 1198 psallere.

2147 1220 2294 1289 quod
2326 1221 2477 1275 suavi
2517 1219 2742 1275 invitata
2790 1219 3084 1275 dulcedine
3131 1218 3579 1289 spiritualiter'"
3616 1218 3795 1289 gratia

2148 1306 2548 1364 infunderetur.
2597 1309 2662 1363 Et
2690 1307 2752 1338 ¹⁷³
2788 1308 2847 1364 in
2894 1308 3187 1378 Evangelia
3235 1306 3486 1378 legimus,
3538 1308 3596 1363 in
3627 1307 3795 1364 domo

2149 1397 2322 1467 patris
2376 1397 2526 1453 illius
2582 1397 2750 1453 ﬁlium
2792 1397 3172 1467 recuperantis
3227 1398 3613 1467 percrepuisse
3656 1411 3797 1467 sym-

2150 1487 2431 1555 phoniam,
2464 1500 2573 1557 qua
2611 1486 2900 1556 epulantes
2946 1482 3364 1542 delectabantur
3393 1486 3624 1551 ﬁdeles;
3675 1501 3799 1556 per-

2150 1574 2293 1631 ﬁdus
2354 1582 2536 1632 autem
2611 1576 2962 1646 impatienter
3025 1575 3303 1631 audiebat.
3379 1575 3566 1632 Dulcis
3632 1575 3800 1647 igitur

422 1670 632 1726 Exinde
685 1668 996 1725 cardinales
1041 1667 1113 1722 24
1168 1674 1223 1723 et
1278 1667 1526 1723 notarios
1581 1666 1784 1722 multos
1831 1681 1862 1722 a
1911 1657 2451 1736 parteBcantilena,
2502 1679 2625 1736 qua;
2674 1680 2786 1722 non
2832 1679 3035 1735 corpus
3081 1665 3379 1731 eﬁ‘eminat,
3410 1666 3510 1722 sed
3558 1675 3797 1722 mentem

423 1760 657 1816 orientis
696 1758 1002 1823 inveniunt,
1044 1771 1145 1813 nec
1175 1770 1286 1812 non
1316 1756 1383 1812 ab
1413 1756 1585 1812 altera
1624 1763 1777 1826 parte
1816 1756 2071 1812 occiden-

423 1849 494 1904 tis
532 1849 799 1904 diaconos
827 1847 859 1898 7
892 1853 948 1902 et
985 1845 1357 1902 subdiaconus
1403 1844 1473 1898 24
1511 1845 1751 1900 vultibus
1780 1859 1968 1901 eorum
2001 1845 2067 1901 ad

421 1937 690 1993 orientem
739 1936 934 2000 versis,
967 1934 1268 1990 secundum
1318 1935 1465 2004 quod
1508 1934 1713 1990 dictum
1763 1941 1847 1989 est
1880 1954 1891 1989 :
1930 1952 1959 1985 «
1987 1934 2068 1990 Ab

422 2024 713 2082 occidente
769 2032 826 2080 et
881 2024 1096 2080 oriente
1153 2023 1395 2089 venient,
1456 2028 1513 2077 et
1566 2023 1887 2079 recumbent
1944 2037 2067 2079 cum

420 2114 673 2181 Abraam,
716 2116 886 2170 Ysaac
934 2120 990 2169 et
1030 2112 1201 2168 Jacob
1237 2111 1451 2183 (Malm.
1482 2127 1601 2179 vni,
1640 2111 1729 2181 ll)
1784 2130 1812 2164 »
1858 2113 2068 2167 interea

422 2203 594 2273 signis
631 2202 876 2269 elevatis,
917 2203 1062 2261 sicut
1099 2201 1312 2257 ordinis
1360 2200 1554 2270 religio
1602 2201 1869 2271 exposcit,
1919 2202 2071 2256 anti-

423 2292 606 2363 phona
671 2292 853 2347 sexies
908 2297 1062 2346 extra
1127 2289 1354 2345 chorum
1407 2290 1464 2344 in
1525 2303 1759 2358 corpore
1817 2289 2068 2347 ecclesiae

422 2394 619 2453 magno
667 2381 927 2451 clangore
975 2379 1321 2435 decantatur.
1371 2377 1533 2447 Unde
1572 2379 1761 2434 Ysaias
1799 2379 2069 2449 propheta

422 2469 671 2540 loquitur
700 2469 929 2525 dicens:
964 2488 990 2517 α
1020 2470 1221 2524 Omnes
1257 2466 1598 2521 habitatores
1626 2466 1798 2534 urbis,
1830 2469 1924 2537 qui
1955 2482 2069 2524 mc-

423 2557 620 2614 ramini
678 2557 732 2612 in
790 2562 957 2622 terra,
1018 2569 1141 2612 cum
1199 2555 1465 2611 elevatum
1523 2553 1685 2611 fuerit
1739 2556 1953 2627 signum
2010 2556 2065 2611 iu

423 2632 763 2712 montibus,'
798 2642 1057 2705 videbitis
1120 2648 1176 2699 et
1240 2643 1552 2713 clangorem
1620 2644 1767 2700 tubae
1831 2644 2069 2700 audietis

423 2733 584 2807 (Isai.
635 2749 784 2800 xvm,
836 2731 920 2803 3).
955 2753 981 2783 ι
1031 2731 1345 2802 Antiphona
1401 2739 1583 2788 autem
1640 2733 1822 2789 sexies
1868 2733 2065 2789 decan-

423 2830 553 2891 tata,
585 2830 806 2879 ventum
854 2828 939 2878 est
988 2821 1056 2878 ad
1100 2821 1352 2888 chorum,
1386 2821 1480 2877 ubi
1519 2835 1710 2878 omnes
1747 2823 1972 2880 ordines
2010 2824 2066 2878 in

421 2913 697 2971 communi
744 2913 915 2968 semel
963 2912 1137 2981 ipsam
1179 2912 1407 2967 vocibus
1453 2911 1581 2966 altis
1630 2918 1813 2982 atque.
1846 2914 2067 2969 sonoris

2153 1755 2504 1824 animumque
2561 1754 2867 1810 conﬁrmat.
2945 1753 3187 1824 ideoque
3250 1754 3524 1810 canticum
3595 1753 3801 1809 dicitur

2152 1844 2281 1900 dum
2348 1849 2753 1909 testamentum,
2803 1844 2932 1913 quia
2998 1843 3375 1899 remissionem
3442 1851 3798 1913 peccatorum

2152 1933 2477 2003 Dominique
2502 1931 2561 1964 ¹⁷⁸
2583 1932 2827 2003 justitias
2865 1933 2921 1988 in
2955 1932 3256 2002 Scripturis
3284 1932 3619 2004 evangelicis
3646 1932 3797 1988 suavi

2152 2021 2352 2078 mentis
2381 2019 2718 2076 exultatione
2750 2009 3073 2077 concinunt.
3123 2021 3245 2090 ipse
3273 2034 3497 2091 quoque
3533 2022 3799 2077 Dominus

2151 2124 2261 2167 non
2315 2111 2643 2181 dedignatus
2689 2117 2773 2166 est
2819 2109 3007 2166 dicere
3040 2129 3054 2165 :
3090 2130 3117 2159 κ
3148 2111 3498 2167 Cantavimus
3533 2112 3715 2176 vobis,
3744 2118 3798 2167 et

2151 2214 2261 2256 non
2301 2200 2542 2256 saltastis
2589 2201 2738 2267 (Luc.
2772 2215 2870 2264 vn,
2902 2197 3013 2267 32).
3050 2219 3075 2250 ι
3127 2200 3193 2255 Et
3232 2200 3508 2270 Pr0pheta
3540 2214 3556 2257 :
3594 2220 3624 2253 (ι
3652 2204 3797 2258 Can-

2151 2288 2351 2345 tabiles
2393 2287 2527 2343 mihi
2575 2293 2733 2344 erant
2773 2287 3199 2357 justiﬁcationes
3244 2295 3353 2345 tua:
3400 2288 3571 2358 (Psal.
3607 2305 3791 2358 cxvin,

2148 2378 2277 2447 54);
2314 2400 2339 2431 ι
2383 2384 2438 2434 et
2477 2378 2609 2434 item
2650 2398 2663 2433 :
2711 2396 2740 2429 «
2791 2377 3018 2432 Psallam
3078 2377 3177 2434 tibi
3235 2379 3379 2434 Deus
3432 2379 3491 2435 in
3547 2380 3791 2450 cythara,

2148 2468 2380 2524 Sanctus
2418 2466 2583 2523 lsrael
2624 2465 2705 2520 ³⁷⁸.
2754 2466 3081 2523 Gaudebunt
3126 2465 3270 2522 labia
3309 2481 3449 2534 mea,
3499 2483 3625 2524 cum
3665 2486 3795 2526 can-

2150 2565 2337 2613 tavero
2402 2556 2544 2622 tibi,
2611 2561 2669 2612 et
2732 2556 2913 2611 anima
2980 2570 3138 2621 mea,
3207 2570 3370 2626 quam
3436 2557 3795 2615 redimisti‘“

2150 2645 2316 2717 (Psai.
2348 2660 2470 2712 Lxx,
2502 2644 2615 2715 22).
2653 2665 2678 2695 ››
2720 2644 2987 2700 Cantabat
3023 2644 3142 2701 haec
3190 2644 3371 2712 laetus,
3415 2652 3676 2717 tanquam
3713 2648 3795 2705 bis

2149 2734 2472 2790 melioribus
2546 2734 2725 2804 epulis
2811 2739 3151 2803 pasceretur.
3239 2735 3488 2805 Denique
3561 2740 3793 2795 cantavit

2149 2825 2378 2894 Moyses,
2431 2822 2527 2893 qui
2575 2823 2750 2894 legem
2798 2823 3032 2892 accepit.
3086 2824 3334 2879 Cantavit
3390 2831 3572 2881 autem
3632 2827 3791 2883 uaria

2151 2925 2312 2968 soror
2338 2915 2518 2967 Aaron
2557 2911 2613 2967 in
2656 2911 2926 2982 tympanis
2955 2917 3009 2967 et
3038 2911 3245 2968 choris.
3288 2914 3354 2968 Et
3383 2920 3441 2969 ut
3482 2915 3674 2985 pepuli
3711 2917 3791 2972 in-

419 3007 662 3059 cantant.
713 3000 803 3055 Sic
850 2980 1001 3055 enim
1033 3000 1260 3068 septies,
1297 2999 1566 3067 universis
1609 3001 1663 3055 in
1693 2980 1851 3056 suum
1881 2980 2235 3059 locumCtra
2277 3016 2337 3058 se
2384 3002 2528 3058 velut
2581 2980 2729 3057 mare
2772 2980 3114 3071 procellosis
3171 2980 3591 3072 tempestatibus
3633 3005 3789 3064 dissi-

418 3089 745 3154 astantibus,
785 3087 854 3143 ad
903 3087 998 3143 Dei
1050 3088 1318 3143 honorem
1368 3095 1423 3144 et
1474 3088 1703 3159 gloriam
1753 3088 2061 3159 decantata,

417 3184 630 3248 septem
659 3174 805 3232 dona
842 3174 1021 3231 sancti
1058 3174 1296 3245 Spiritus
1326 3174 1626 3231 clementer
1656 3176 1910 3234 ﬁdelibus
1942 3193 2064 3235 esse

417 3266 621 3323 donata
651 3264 970 3322 ostendunt.
995 3266 1063 3319 At
1092 3270 1152 3318 ut
1181 3276 1244 3318 ea
1275 3277 1397 3333 quae
1428 3263 1541 3320 dixi
1572 3272 1626 3321 et
1656 3264 1782 3322 dico
1812 3281 1939 3323 vera
1965 3282 2066 3339 ap-

417 3362 665 3427 pareant,
716 3354 1008 3410 sententiis
1054 3360 1369 3409 sanctorum
1410 3359 1466 3409 et
1510 3353 1893 3424 gioriosissimi
1932 3370 2066 3415 con-

416 3445 644 3503 lessoris
698 3443 874 3500 nostri
928 3442 1204 3499 Ambrosii
1261 3442 1587 3499 conﬁrmare
1645 3452 1700 3501 et
1755 3448 2065 3517 approbare

418 3533 629 3606 satagui
662 3531 742 3590 ³⁸³.
793 3532 895 3602 Qui
943 3533 1146 3603 quibus
1185 3533 1363 3588 modis
1409 3532 1720 3605 quibusque
1769 3535 1837 3592 de
1886 3539 2067 3594 causis

418 3636 612 3696 ymnos
658 3627 715 3679 et
760 3627 955 3678 cantus
1002 3621 1261 3690 cantavit,
1293 3621 1421 3678 audi
1461 3635 1574 3679 non
1612 3636 1719 3693 me,
1750 3624 1849 3681 sed
1889 3626 2066 3698 ipsum

2146 3090 2329 3147 dentis
2377 3090 2589 3147 animos
2618 3090 2904 3158 mulceret,
2937 3090 3013 3146 ait
3060 3091 3117 3145 in
3165 3089 3309 3148 libro
3346 3092 3652 3150 Exameron
3682 3106 3779 3163 (Ill,

2144 3181 2199 3246 5)
2243 3201 2255 3236 :
2292 3180 2678 3250 «Plerumque
2735 3180 2869 3236 mari
2935 3188 3285 3250 comparatur
3347 3182 3615 3250 Ecclesia,
3664 3199 3782 3255 quae

2148 3269 2325 3340 primo
2383 3270 2747 3341 ingredientis
2804 3269 2992 3340 p0puli
3048 3272 3265 3341 agmine
3324 3272 3456 3327 totis
3502 3274 3785 3330 vestibulis

2148 3359 2324 3415 undas
2369 3359 2558 3425 vomit,
2593 3358 2793 3415 deinde
2842 3358 2897 3414 in
2935 3360 3187 3415 oratione
3236 3360 3407 3416 totius
3453 3361 3634 3431 plebis
3671 3371 3784 3419 tan-

2148 3462 2311 3520 quam
2360 3449 2524 3505 undis
2572 3448 2932 3506 reﬂuentibus
2977 3448 3198 3517 stridet,
3246 3463 3371 3505 cum
3420 3452 3784 3521 responsoriis

2150 3538 2503 3609 psalmorum,
2562 3537 2793 3594 canticis
2824 3537 2884 3568 ³⁷⁷
2940 3538 3202 3607 virorum,
3261 3538 3576 3608 mulierum,
3632 3542 3785 3614 virgi-

2148 3641 2301 3697 num,
2334 3627 2988 3698 parvulorum,eonsonus
3008 3626 3274 3684 undarum
3295 3626 3483 3701 fragor
3504 3630 3782 3688 resultat.»

1390 3806 1787 3894 INCIPIT
1851 3809 2175 3894 LIBER
2233 3809 2784 3897 SECUNDUS

422 3975 551 4031 Jesu
575 3973 636 4005 "3
665 3974 879 4032 Christe
902 3974 1168 4046 splendor
1187 3977 1383 4047 Patris,
1424 3978 1530 4048 via,
1560 3979 1689 4048 vita,
1723 3980 1925 4037 veritas
1948 3981 2028 4048 ‘7’,

495 4062 748 4120 Omnium
777 4062 1115 4136 Redemptor
1142 4066 1252 4137 pie,
1421 4074 1744 4125 cunctorum
1824 4085 1870 4127 aa
1892 4085 1926 4140 q
1949 4085 1985 4126 ιι
2004 4070 2021 4125 i
2041 4098 2068 4112 -

1785 4158 1887 4230 [tas
1906 4158 1991 4225 ίθο,

1420 4252 1511 4304 tua
1540 4247 1719 4317 replet
1751 4249 1970 4304 caritas.

1415 4335 1654 4407 Spiritus
1689 4338 2006 4408 paraclitus,

1415 4439 1635 4496 semper
1671 4425 2004 4496 individuus,

1415 4513 1617 4570 sedens
1644 4521 1705 4571 ut
1741 4515 2059 4574 altissimus.

1415 4603 1616 4673 Spiritu
1653 4605 1923 4673 scientiae,

1416 4705 1625 4764 magna:
1664 4693 2018 4766 eloquentiae,

494 4242 791 4301 Universos
819 4244 912 4315 qui
946 4250 998 4301 te
1029 4252 1305 4316 quaerunt,

422 4333 566 4388 Deus
595 4333 774 4398 Pater,
808 4332 1040 4390 Verbum
1072 4335 1268 4401 Patris,

491 4420 625 4477 Tres
654 4434 926 4493 personae,
960 4436 1100 4479 unus
1129 4424 1290 4490 Deus,

491 4508 697 4566 Cuncta
727 4524 924 4582 regens
951 4518 1008 4568 et
1035 4511 1359 4580 cohercens,

420 4597 521 4667 Qui
552 4612 694 4669 quos
720 4601 802 4657 vis
831 4600 1072 4672 benigno
1102 4600 1284 4671 reples

493 4687 561 4744 Et
588 4687 837 4760 elingues
865 4688 999 4747 iacis
1027 4704 1148 4747 esse

2219 3981 2318 4037 Tui
2346 3986 2555 4053 guttam
2585 3982 2689 4038 vivi
2719 3982 2889 4039 fontis

2149 4069 2477 4127 Benedictus
2505 4077 2560 4128 et
2588 4070 2895 4129 laudandus
3145 4072 3201 4128 in
3238 4080 3553 4129 sanctorum
3591 4070 3774 4143 gloria.

2214 4160 2455 4228 Quorum
2485 4173 2718 4231 corpora
2749 4166 3000 4218 truncata
3144 4161 3397 4218 redolent
3432 4168 3494 4218 ut
3531 4160 3662 4226 lilia,

2215 4251 2312 4306 Cui
2336 4250 2541 4307 debent
2568 4265 2831 4308 summam
2862 4251 3097 4320 laudem,
3139 4252 3457 4324 angelorum
3494 4252 3729 4324 agmina.

2145 4339 2277 4395 Cum
2300 4347 2357 4396 tu
2378 4340 2476 4407 sis,
2503 4341 2769 4410 Salvator,
2790 4341 3067 4401 nostris'“
3143 4341 3303 4399 unica
3342 4339 3615 4410 defensio,

2212 4428 2453 4486 Jubilum
2482 4431 2577 4502 qui
2616 4432 2922 4502 praestitisti
3139 4431 3345 4503 papulo
3382 4430 3634 4497 Judaico,

2214 4518 2371 4576 Adsit
2398 4521 2532 4577 mihi
2562 4529 2654 4579 tua
2682 4522 2855 4579 virtus
3139 4519 3399 4577 nutrix‘“
3420 4520 3477 4576 in
3495 4526 3786 4591 perpetuo.

2144 4610 2224 4666 De
2253 4617 2527 4668 tantorum
2560 4619 2914 4683 peccatorum
3136 4610 3295 4668 venia
3335 4618 3389 4668 te
3426 4610 3637 4677 ﬂagito,

2213 4699 2485 4771 Quicquid
2510 4701 2728 4772 juvenis
2757 4700 3038 4772 peccando
3139 4700 3227 4772 egi
3255 4700 3313 4756 in
3342 4699 3448 4757 hoc
3478 4699 3709 4766 saeculo,

3143 3983 3277 4039 mihi
3315 3996 3505 4055 quaeso
3544 3982 3778 4053 porrige.

1776 4846 2000 4903 VARLE
2037 4848 2326 4907 LECTION
2332 4853 2428 4909 ES.

495 4961 556 4994 ‘“
592 4976 722 5021 vero
749 4961 836 5020 BI.
942 4954 1003 4995 ¹⁶⁶
1039 4978 1103 5022 ac
1140 4966 1200 5021 Β.

420 5040 479 5105 e_._
501 5047 549 5090 s.
581 5034 639 5091 Β.
719 5034 780 5068 ¹⁸⁹
813 5034 1238 5105 justiﬁcationes
1283 5037 1496 5095 Domini
1538 5053 1586 5095 s.
1619 5041 1917 5099 Psallamus
1944 5058 1990 5099 s.

422 5102 490 5180 ιτξ
524 5118 579 5180 p.
611 5119 666 5180 p_.
710 5102 980 5180 judébant
1013 5123 1067 5179 p.
1101 5116 1161 5164 ut
1189 5123 1235 5165 s.
1272 5109 1308 5165 i.
1341 5110 1396 5166 d.
1429 5112 1695 5180 spiritalis
1727 5115 1782 5169 Β.

417 5174 562 5232 misti
595 5174 678 5232 BI.
712 5174 727 5178 ⁷
785 5176 846 5210 ³η
886 5174 1079 5235 cantus
1108 5182 1172 5236 ed
1201 5180 1384 5237 Ambr.

1308 4965 1369 4997 ¹⁶⁶
1404 4971 1808 5026 sustentaretur
1853 4977 1909 5027 et
1951 4970 2232 5029 alerentur
2264 4974 2321 5029 Β.

2025 5044 2318 5113 psallamus
2346 5052 2403 5101 et
2440 5060 2514 5101 m.
2553 5047 2796 5105 Ambros.
2875 5047 2936 5079 "’°

1881 5113 1943 5145 ³⁷³
1980 5115 2121 5173 deest
2150 5116 2235 5172 Bt.

1490 5180 1553 5275 f’.‘
1590 5180 2601 5275 ﬁcii?“:_-9_‘:atia_tibisteriasravhi'
2649 5190 2913 5275 Praeclare
2955 5190 3031 5275 (ιλ
3074 5191 3215 5275 deos!
3256 5190 3370 5275 Βία.)
3422 5190 3694 5275 adpelle
3734 5199 3789 5248 ει

2429 4973 2488 5005 ³⁸⁷
2526 4974 2641 5032 alas
2665 4979 2716 5048 β
2816 4976 2959 5048 ms.
2994 4991 3041 5033 s.
3073 4982 3129 5033 et
3180 4977 3500 5048 specialiter
3545 4978 3695 5035 beati
3722 4981 3785 5034 A.

2975 5048 3270 5119 psallamus
3300 5048 3383 5105 BI.
3462 5048 3522 5081 ¹⁷¹
3553 5049 3698 5105 deest
3727 5050 3783 5105 Β.

2330 5115 2395 5189 ‘7‘
2433 5118 2675 5189 denique
2713 5119 2798 5176 Βι.
2896 5115 3038 5176 ¹’³”δ.
3073 5121 3113 5176 1.
3147 5120 3330 5176 desunt
3379 5122 3436 5177 Β.
3531 5119 3598 5152 ¹¹⁶
3635 5121 3786 5177 reae.

416 5245 734 5332 'i‘rinitatem
773 5251 913 5319 ejus,
964 5252 1188 5332 in___qua.
1225 5252 1999 5332 quicunque_iegerit‘__hujus
2046 5258 2177 5332 libri
2223 5245 2585 5319 intentionem
2625 5245 2681 5319 e't
2710 5245 3790 5321 cleri—totius’Ambrosianirdivoﬁium

417 5323 739 5405 compertu,
769 5334 882 5405 quo
907 5323 1077 5405 .muiti
1111 5323 1572 5405 misere-tractanti
1611 5323 1740 5405 sunt
1778 5323 1924 5405 libri:
1953 5330 2205 5405 secundi.
2233 5333 2307 5386 Δί’
2338 5336 2524 5405 A'°._et
2553 5332 2638 5405 BI.
2672 5335 2815 5400 apud
2860 5348 3009 5405 quem
3055 5333 3093 5389 Ι.
3125 5348 3173 5390 s.
3207 5334 3369 5391 deest.
3413 5336 3603 5392 Oratio
3638 5342 3789 5405 ysto-

349 5432 357 5441 .
415 5389 734 5474 {inﬁrmati
766 5389 1076 5474 Dominum.
1110 5395 1289 5474 Βλαὺί
1316 5395 1428 5453 haec
1454 5397 1718 5474 ﬁbram}.
1751 5399 2019 5469 claudunt,
2052 5407 2107 5457 ut
2137 5401 2295 5457 etiam
2331 5403 2473 5474 apud
2509 5389 2783 5463 Blancu'm.
2862 5389 2924 5437 ί⁷⁹
2960 5408 3045 5461 via
3075 5389 3188 5462 ver.
3215 5389 3593 5462 etvita'Bl’.”
3614 5389 3786 5461 “Vita

417 5457 573 5515 codd.
653 5460 709 5494 ¹⁸⁸
749 5469 940 5521 noster
974 5464 1059 5522 BI.
1140 5465 1199 5499 ¹⁸³
1238 5482 1309 5524 an
1336 5470 1550 5526 tntrix?
1596 5471 1682 5526 W.
