4022 6160
145 285 230 337 841

210 410 269 465 Ut
301 420 423 462 cum
455 406 670 462 veneris
698 411 756 462 tu
789 404 960 476 judex

146 501 249 558 Heu
284 495 468 560 michi,
501 496 596 566 qui
627 500 710 552 tot
738 495 898 551 annis

209 589 503 656 Numquam
535 586 681 641 bona
709 586 1022 654 perpetravi

208 676 458 746 Flagrans
476 675 645 744 intus,
661 675 862 730 ardens
881 673 1017 731 foris

145 770 328 824 Omnes
360 766 592 834 juvenes
617 770 674 819 et
703 763 838 819 cleri
869 763 931 795 ¹⁸³

205 854 406 922 Quibus
435 859 570 910 aetas
598 858 762 922 atque
791 853 941 908 visus

203 944 393 1000 Verbis
422 945 576 1000 vanis
605 948 769 1013 atque
794 944 938 1012 jocis

1087 405 1144 461 in
1183 410 1277 461 tuo
1303 405 1538 474 judicio.

1087 495 1198 551 vixi
1228 496 1285 550 in
1316 495 1423 551 hoc
1451 493 1657 550 saaculo
1682 537 1696 564 ,

1097 585 1354 641 conscius
1382 584 1438 639 in
1477 584 1659 640 animo
1684 627 1698 650 ,

1089 674 1202 730 ullo
1231 674 1350 729 sine
1389 674 1644 729 termino.

1099 764 1260 819 vobis
1288 763 1415 819 dico
1444 763 1698 824 maxime,

1101 852 1300 908 candet
1338 853 1444 908 isto
1483 857 1731 922 tempore
1756 871 1768 906 :

1090 942 1319 999 multum
1342 941 1403 974 ¹⁸⁵
1431 955 1621 1013 quaeso
1652 956 1777 1011 par-

1625 1032 1770 1102 [cite.

1090 1122 1240 1178 venit
1258 1121 1314 1176 in
1344 1126 1658 1192 argenteam
1691 1120 1770 1189 ³⁸³,

1089 1211 1296 1267 nostris
1324 1211 1472 1266 misit
1499 1210 1753 1280 ferream,

1092 1313 1194 1355 nos
1218 1298 1424 1354 invenit
1462 1298 1628 1366 lutea,

1093 1386 1249 1457 plebs
1268 1385 1703 1442 antichristicola

1097 1476 1253 1532 valde
1285 1490 1385 1545 per
1408 1475 1771 1546 hypocritam,

1099 1571 1216 1620 arte
1255 1565 1547 1620 diabolica.

1095 1660 1262 1725 atque
1287 1655 1409 1724 ejus
1433 1653 1666 1709 clericos

139 1126 278 1182 ditas
313 1121 592 1193 quondam
623 1123 917 1180 deaureata

201 1215 467 1283 Nuncque
501 1227 645 1268 aerea
675 1211 866 1269 infelix

196 1305 374 1372 Atque
405 1300 570 1356 modo
601 1301 744 1356 malo
778 1305 968 1357 nostro

132 1389 240 1445 Hoc
277 1393 536 1455 testatur,
569 1388 675 1443 hoc
705 1387 994 1459 cognoscit

194 1479 384 1548 Longa
424 1483 578 1547 peste
611 1479 722 1547 jam
760 1478 988 1533 seducta

190 1567 290 1634 Qui
319 1567 594 1636 permittit
631 1581 757 1622 vera
787 1565 938 1622 falsis

123 1655 314 1712 Sedem
345 1669 474 1711 nam
502 1655 915 1712 Ambrosianam

190 1745 436 1801 Comites
475 1745 616 1801 duos
644 1746 882 1814 majores

188 1832 527 1888 Oberrantes
566 1847 712 1889 nunc
737 1833 985 1890 videmus
1093 1847 1194 1902 per
1221 1832 1488 1902 quosdam
1508 1831 1776 1886 scismati-

1637 1921 1770 1990 (cos.

1105 2011 1309 2067 nobilis
1345 2010 1666 2066 Ambrosius

1099 2101 1427 2156 clericorum
1466 2099 1716 2166 vocibus,

1094 2205 1216 2246 cum
1248 2203 1472 2246 suorum
1503 2189 1733 2244 artibus.

120 2010 262 2076 Quos
288 2010 606 2080 praevidens
634 2011 808 2067 almus
829 2012 1026 2068 doctor

183 2099 357 2154 Deum
392 2108 549 2172 rogat
580 2107 635 2156 et
664 2107 920 2171 precatur

183 2188 252 2242 Ut
281 2189 587 2245 scismatici
618 2190 905 2246 discedant

111 2276 205 2342 Qui
236 2278 565 2335 redundant
595 2285 649 2335 et
687 2279 971 2336 abundant

1013 2382 1018 2386 ·
1455 2368 1656 2436 [merus
1688 2364 1770 2430 ¹⁸⁸,

169 2457 512 2512 Castitatem
550 2456 873 2513 simulantes
1089 2458 1306 2512 cunctis
1327 2471 1450 2512 cum
1480 2454 1776 2510 virtutibus

168 2544 423 2600 Rodunt
453 2545 659 2601 clerum
691 2546 1010 2603 sacerdotes
1082 2545 1224 2602 ultra
1238 2559 1398 2615 quam
1411 2542 1774 2602 commodius.

105 2633 165 2689 Et
204 2633 535 2702 limphatici
565 2640 638 2705 ut,
655 2649 820 2691 canes
1071 2640 1264 2704 optant
1293 2632 1620 2703 praecipitia,

175 2725 404 2779 Cuncta
431 2725 578 2792 justa
617 2732 672 2780 et
710 2725 914 2796 injusta
1075 2723 1346 2779 habentes
1377 2723 1710 2793 promiscua,

175 2814 286 2879 Ira,
323 2811 467 2868 odio
506 2812 722 2878 imbuti,
1067 2827 1191 2882 quae
1222 2817 1307 2868 est
1344 2812 1484 2867 mala
1510 2812 1706 2867 bestia.

114 2901 267 2971 Rogo
301 2901 506 2967 Deum,
540 2902 635 2971 qui
665 2901 772 2957 huc
803 2901 953 2957 misit
1081 2902 1380 2957 Barnabam
1411 2900 1741 2970 apostolum,

183 2991 394 3046 Postea
429 2996 486 3045 et
523 2991 617 3060 qui
648 2990 850 3046 direxit
1087 2991 1349 3060 inclytum
1377 2989 1723 3045 Ambrosium

184 3083 287 3137 Det
317 3081 501 3137 michi
539 3096 702 3138 suave
728 3081 881 3152 loqui

182 3170 227 3223 l.
274 3171 442 3225 Inter
481 3169 649 3226 multa
679 3170 940 3226 hanelosa
969 3175 1021 3226 et
1064 3170 1370 3241 procellosa
1409 3169 1565 3224 malis
1595 3169 1776 3224 homi-

110 3259 268 3315 nibus
303 3259 775 3330 perturbantibus
805 3266 1073 3330 tempora,
1106 3261 1162 3315 in
1193 3260 1396 3329 quibus
1433 3273 1625 3315 omnes
1654 3271 1777 3314 cor-

107 3350 255 3416 poris
287 3349 405 3405 mei
453 3362 653 3406 sensus
701 3350 772 3406 ob
824 3349 1114 3406 multarum
1164 3355 1436 3404 sectarum
1485 3348 1777 3404 varietates

105 3437 528 3493 conturbantur
593 3443 647 3493 et
706 3452 805 3509 per
859 3437 1074 3493 diversa
1140 3437 1433 3493 trahuntur
1464 3479 1478 3502 ,
1547 3436 1775 3491 multum

104 3527 397 3583 aestuando
432 3528 500 3582 in
539 3527 722 3583 animo
763 3541 886 3582 meo
926 3526 1248 3582 consiliatus
1296 3539 1437 3591 sum,
1489 3525 1776 3580 dissidium

103 3615 245 3683 quod
303 3615 562 3672 ecclesia
619 3616 977 3672 Ambrosiana
1028 3629 1058 3670 a
1106 3613 1259 3669 falsis
1306 3613 1567 3668 fratribus
1615 3613 1676 3644 ¹⁸⁸
1722 3620 1778 3669 et

101 3704 629 3776 pseudoprophetis
656 3719 919 3776 perpessa
949 3711 1054 3771 est,
1087 3704 1156 3760 de
1187 3703 1391 3773 quibus
1418 3703 1683 3759 Dominus
1720 3706 1777 3759 in

101 3795 386 3864 evangelio
439 3793 629 3850 dicit:
686 3808 716 3848 ι(
764 3793 1045 3849 Attendite
1083 3808 1113 3847 a
1152 3791 1304 3846 falsis
1343 3791 1649 3861 prophetis,
1683 3792 1778 3862 qui

99 3883 322 3939 veniunt
375 3883 450 3939 ad
514 3896 613 3938 vos
669 3883 724 3938 in
780 3882 1124 3938 vestimentis
1180 3881 1382 3946 ovium,
1446 3880 1780 3936 intrinsecus

100 3977 278 4027 autem
301 3977 444 4028 sunt
485 3971 600 4040 lupi
633 3985 860 4040 rapaces
890 3970 1108 4041 (Matth.
1159 3985 1258 4034 vn,
1298 3968 1466 4039 15),»
1501 3975 1665 4038 prout
1694 3970 1781 4026 In-

104 4060 390 4128 geniolum
433 4074 626 4117 meum
665 4073 890 4115 narrare
927 4060 1072 4115 valet
1104 4065 1159 4115 et
1191 4057 1536 4124 edisserere;
1571 4073 1781 4116 memor

103 4150 246 4217 quod
291 4150 675 4207 ecclesiarum
734 4147 994 4219 magister
1046 4148 1369 4204 Ambrosius
1426 4151 1778 4206 reverendis-

104 4239 273 4296 simus
315 4247 525 4310 pastor
574 4239 713 4294 dixit
747 4238 806 4269 ¹⁸⁹
845 4237 996 4310 (48):
1056 4257 1084 4289 «
1140 4239 1332 4294 Omnia
1371 4253 1494 4294 cum
1545 4240 1779 4297 consilio

105 4327 161 4357 ¹⁹⁰
218 4329 420 4397 facito,
489 4342 565 4384 ne
624 4334 678 4384 te
718 4329 984 4398 paeniteat
1021 4328 1208 4398 Operis
1261 4328 1362 4394 tui,
1409 4349 1434 4378 »
1477 4329 1780 4399 qualesque

1163 280 1473 336 HISTORIA
1512 279 2064 336 MEDIOLANENSIS.
2106 309 2176 322 —
2214 281 2340 336 LIB.
2385 281 2448 336 II.

3389 283 3498 338 842

1788 405 2224 470 Adissessiones
2271 404 2328 437 ¹⁸¹
2371 411 2426 460 et
2481 403 2673 475 quales
2723 405 3169 476 perturbationes
3219 422 3320 478 per
3374 410 3500 466 ficta

1855 494 2163 550 rudimenta
2213 508 2243 549 a
2282 494 2398 549 suis
2442 492 2571 548 ﬁliis
2626 493 2906 561 sustinuit,
2947 507 3196 565 quosque
3253 495 3502 554 defectus

1855 577 2147 650 habuerit;
2190 597 2300 640 non
2331 583 2457 638 altis
2485 583 2668 638 verbis
2698 583 3174 654 philosophorum,
3207 585 3304 641 sed
3337 586 3499 655 plano

1854 673 1996 743 stylo
2045 673 2462 742 compositoque
2511 686 2765 728 sermone
2823 672 3114 743 labiorum,
3165 681 3330 745 prout
3357 676 3502 730 Deus

1856 776 1956 831 per
2009 760 2238 832 gloriosi
2304 761 2639 818 confessoris
2694 768 2858 832 atque
2915 763 3133 832 patroni
3198 764 3303 820 mei
3368 767 3503 820 Am-

1853 850 2025 906 brosii
2057 849 2117 882 ¹⁹¹
2155 851 2514 916 concesserit,
2550 850 2768 906 curiose
2816 865 3040 907 narrare
3083 852 3338 909 studebo.
3380 854 3501 908 Non

1854 953 2043 1010 regum
2075 939 2218 995 bella
2241 939 2578 1006 describere,
2603 953 2714 996 non
2744 941 3073 1011 populorum
3104 941 3505 1000 commotiones

1854 1035 1948 1083 aut
1977 1029 2194 1084 urbium
2225 1029 2530 1085 seditiones
2558 1029 2822 1098 pandere,
2863 1044 2975 1086 non
3002 1031 3295 1087 verborum
3325 1033 3507 1088 succis

1856 1117 2099 1174 laborem
2129 1118 2471 1188 impendere,
2521 1131 2632 1174 non
2666 1119 2861 1175 otiosis
2898 1116 3084 1176 verbis
3120 1135 3314 1177 vacare
3365 1128 3508 1179 sata-

1854 1208 1968 1279 gui,
2009 1208 2192 1263 sciens
2243 1208 2392 1277 quod
2445 1208 2707 1264 Dominus
2754 1223 2855 1279 per
2901 1209 3242 1282 evangelium
3292 1212 3509 1269 intonat

1858 1294 2086 1350 dicens:
2133 1313 2160 1346 ‹‹
2198 1298 2279 1351 An
2311 1295 2558 1363 nescitis,
2617 1293 2777 1366 quod’
2819 1297 2889 1352 de
2927 1299 3076 1354 omni
3115 1300 3284 1356 verbo
3325 1301 3507 1359 otioso

1858 1385 2129 1440 reddituri
2187 1386 2320 1441 estis
2359 1387 2626 1441 rationem
2678 1387 2736 1442 in
2794 1387 2884 1443 die
2931 1387 3172 1457 judicii?
3222 1409 3250 1441 »
3295 1391 3505 1458 (Matth.

1857 1488 1952 1542 xu,
1985 1473 2098 1539 36.)
2137 1475 2435 1544 Propterea
2473 1475 2672 1530 timore
2710 1476 2927 1531 Domini
2957 1483 3270 1546 praeventus
3299 1485 3355 1535 et
3385 1493 3506 1535 ora-

1856 1563 2102 1620 tionibus
2129 1564 2276 1620 beati
2305 1564 2568 1620 antistitis
2594 1564 2657 1595 ¹⁹³
2683 1566 2959 1622 Ambrosii
2999 1565 3192 1636 fretus,
3242 1583 3366 1639 quae
3419 1576 3505 1625 ta-

1858 1654 2033 1710 cenda
2070 1658 2199 1710 sunt
2227 1655 2442 1722 tacebo,
2476 1659 2531 1710 et
2568 1669 2692 1724 quae
2722 1655 2779 1710 in
2805 1655 2972 1711 corde
3011 1657 3254 1713 scribere
3297 1658 3509 1714 delibe-

1104 1750 1268 1814 atque
1298 1743 1418 1812 ejus
1448 1741 1684 1812 p0pulos
1791 1743 1996 1812 Bravi,
2036 1743 2104 1799 ad
2154 1743 2380 1799 tutelam
2427 1745 2728 1800 animarum
2785 1750 2840 1800 et
2897 1758 3191 1816 corporum
3249 1748 3506 1804 munitio-

1855 1847 1978 1889 nem
2017 1834 2072 1889 in
2114 1834 2353 1903 posteris
2391 1833 2629 1890 fideliter
2674 1836 2786 1890 Deo
2826 1836 3133 1906 opitulante
3180 1837 3501 1894 edisseram.

1853 1923 1974 1977 Non
2004 1937 2261 1992 quaerens
2289 1923 2580 1979 humanam
2619 1923 2851 1995 gloriam
2898 1924 3202 1993 hominum,
3239 1939 3350 1982 non
3391 1932 3509 1983 ter-

1853 2023 2110 2066 renarum
2140 2010 2360 2067 divitias
2389 2026 2594 2078 rerum,
2636 2025 2748 2068 non
2788 2025 3018 2082 pompas
3055 2019 3149 2070 aut
3188 2021 3510 2072 ornamenta

1852 2101 2106 2166 vestium,
2178 2113 2288 2156 non
2355 2101 2570 2168 domos,
2630 2114 2742 2157 non
2809 2115 3017 2170 servos,
3087 2117 3199 2160 non
3257 2104 3506 2172 ancillas,

1854 2204 1978 2260 quae
2018 2189 2201 2244 omnia
2239 2189 2602 2260 imperatores
2649 2196 2703 2245 et
2740 2191 3091 2260 magistratus
3137 2193 3509 2264 consulesque

1098 2279 1222 2349 plus
1241 2293 1402 2350 quam
1433 2291 1543 2334 non
1565 2282 1650 2333 est
1679 2290 1777 2331 nu-
1849 2278 2078 2334 Romani
2143 2276 2272 2332 olim
2339 2291 2456 2346 prae
2523 2278 2725 2334 ceteris
2766 2276 2828 2309 ‘9‘
2883 2279 3015 2335 dare
3073 2288 3508 2352 consueverunt,

1855 2367 1954 2422 sed
2014 2370 2226 2422 tantum
2277 2366 2344 2422 ad
2402 2365 2632 2424 salutem
2691 2373 3060 2438 posterorum,
3102 2381 3399 2438 corporum
3456 2376 3511 2426 et

1856 2455 2158 2512 animarum
2223 2455 2465 2512 illorum.
2531 2456 2676 2512 Visis
2743 2457 2911 2512 tantis
2983 2458 3157 2528 signis
3231 2458 3509 2529 tantisque

1855 2545 2151 2600 virtutibus
2181 2585 2198 2610 ,
2284 2551 2341 2602 et
2415 2534 2620 2602 auditis
2685 2547 2852 2602 tantis
2917 2546 3169 2603 cladibus
3235 2547 3512 2619 tantisque

1859 2633 2374 2704 perturbationibus
2442 2635 2548 2690 sibi
2617 2635 2944 2703 provideant
3014 2651 3248 2706 seseque
3327 2642 3514 2693 custo-

1860 2722 2034 2789 diant,
2067 2727 2122 2777 et
2160 2723 2267 2778 mei
2307 2722 2509 2778 divinis
2547 2724 3047 2793 supplicationibus
3076 2739 3350 2781 memores
3379 2727 3513 2782 sint.

1932 2811 1985 2866 2.
2055 2812 2240 2867 Sancti
2315 2812 2376 2843 ¹⁹⁵
2441 2813 2708 2868 Honorati
2775 2819 3024 2884 tempore
3109 2815 3517 2885 archiepiscopi

1862 2900 2308 2968 Mediolanensis,
2342 2916 2405 2957 ac
2436 2901 2816 2959 infelicissimo
2856 2918 2984 2974 rege
3025 2905 3314 2961 Lamberto
3345 2905 3516 2961 Italia:

1864 2996 2130 3059 usurpato
2159 2990 2394 3060 imperio
2424 2991 2730 3061 imperante
2777 2991 2917 3063 (49),
2952 2992 3296 3049 clandestina
3348 2995 3521 3064 pestis

1070 3079 2133 3144 nostrorumdissidium‘”.Cimmensa
2198 3094 2366 3151 super
2430 3081 2620 3136 urbem
2687 3082 3150 3138 Mediolanensem
3227 3082 3518 3140 durissime

1859 3168 2054 3224 adorta
2113 3176 2217 3225 est.
2277 3171 2407 3226 Haec
2465 3172 2668 3226 etenim
2737 3170 2798 3202 ¹⁹⁶
2862 3172 3054 3228 civitas
3118 3186 3150 3228 a
3217 3174 3521 3244 magniﬁcis

1859 3258 2318 3328 imperatoribus,
2387 3260 2578 3316 orbem
2637 3261 2948 3318 universum
3005 3275 3105 3318 suo
3165 3263 3398 3332 imperio
3455 3279 3519 3320 ac

1859 3348 2074 3419 legibus
2130 3349 2246 3405 suis
2296 3348 2404 3404 sibi
2459 3349 2905 3416 vindicantibus,
2947 3351 3216 3406 honorata
3255 3351 3520 3408 decenter

1859 3442 1915 3491 et
1953 3436 2188 3492 exaltata
2219 3441 2599 3505 competenter
2628 3437 2911 3504 reﬂoruit;
2954 3443 3117 3506 atque
3147 3452 3315 3507 super
3343 3439 3517 3508 ipsam

1859 3525 2087 3580 Romam
2145 3525 2253 3580 loci
2309 3525 2619 3580 amaznitate
2668 3539 2732 3579 ac
2769 3525 2916 3579 aeris
2979 3525 3303 3581 salubritate
3341 3527 3514 3596 ipsam

1859 3613 2174 3685 diligentes,
2206 3614 2348 3669 ultra
2396 3627 2588 3670 omnes
2634 3613 2804 3670 Italiae
2854 3613 3103 3668 civitates
3150 3626 3217 3669 eo
3267 3621 3515 3684 tempore

1861 3704 2258 3771 sublimantes,
2327 3703 2513 3759 multis
2578 3717 2702 3759 cum
2778 3702 3068 3760 ornatibus
3135 3704 3518 3775 imperialibus

1860 3799 2150 3848 auxerunt.
2191 3795 2258 3848 At
2289 3799 2348 3849 ut
2385 3807 2511 3849 vere
2553 3792 2615 3824 ¹⁹⁷
2665 3797 2720 3849 et
2768 3792 3146 3850 indubitanter
3193 3794 3342 3864 quod
3390 3795 3516 3851 dico

1860 3883 2078 3949 credas,
2139 3882 2302 3950 audi,
2344 3882 2493 3952 quod
2552 3883 2607 3938 in
2665 3883 2966 3938 verissimis
3022 3883 3313 3940 annalibus
3369 3889 3424 3940 et
3463 3885 3519 3940 in

1861 3972 2238 4040 descriptione
2277 3972 2418 4027 situs
2463 3970 2758 4028 Mediolani
2819 3971 2934 4043 (50)
2999 3973 3240 4043 repperi,
3284 3974 3523 4044 qualiter

1861 4061 2175 4132 augustales
2204 4062 2567 4130 imperatores
2596 4061 2726 4117 olim
2768 4060 3087 4131 magisterio
3125 4062 3296 4133 regali
3345 4064 3521 4133 ipsam

1863 4151 2202 4218 ornaverint,
2235 4150 2483 4206 locantes
2511 4148 2622 4221 (51)
2654 4151 2710 4205 in
2742 4164 2806 4205 ea
2836 4165 2990 4206 more
3030 4153 3212 4221 patrio
3260 4153 3521 4210 eximium

1861 4246 2214 4311 augustorum
2275 4240 2529 4311 dignitati
2570 4241 2856 4310 imperiale
2897 4241 3180 4310 palatium,
3243 4241 3519 4298 theatrum

1863 4329 2332 4396 decentissimum,
2365 4330 2682 4394 aumatium,
2725 4328 2986 4396 thermas,
3022 4343 3144 4398 quae
3183 4337 3312 4384 sunt
3340 4330 3519 4386 calida

1490 4428 1715 4483 VARI/13
1760 4429 2129 4484 LECTIONES

177 4507 241 4540 ³⁸³
271 4509 372 4564 ita.
408 4511 476 4564 B.
514 4507 708 4564 clerici
747 4506 864 4563 rell.
917 4505 1007 4577 7‘“
1043 4506 1212 4562 multa
1243 4505 1327 4561 Bt.
1408 4505 1468 4537 ¹⁸⁸
1505 4513 1764 4577 argentea
1793 4507 1876 4563 BI.
1957 4507 2018 4538 ¹³⁶

2056 4522 2110 4577 q.
2153 4507 2225 4562 sit
2253 4520 2402 4561 num.
2432 4508 2490 4562 B.
2572 4506 2632 4538 ¹⁸⁷
2662 4505 2902 4576 Explicit
2932 4505 3074 4560 liber
3113 4505 3342 4575 primus.
3378 4508 3520 4564 Inci-

108 4579 187 4646 pit
223 4582 552 4636 secundus.
594 4580 723 4634 A“;
758 4581 814 4634 Β.
856 4576 940 4634 Bt.
973 4579 1174 4647 Incipit
1205 4577 1468 4647 prologus
1503 4576 1778 4634 seCundus
1817 4579 1943 4634 libri
1973 4576 2222 4634 secandi.
2256 4579 2541 4634 Secundus
2565 4578 2970 4649 ystoriographi
2997 4577 3299 4649 fidelissimi
3332 4579 3515 4634 omnia

102 4652 436 4721 supradicta
478 4657 542 4708 et
581 4652 686 4706 ista
714 4651 962 4706 locorum
995 4650 1334 4705 diversorum
1370 4650 1768 4718 perscrutando
1809 4650 1980 4706 libros
2028 4650 2391 4718 reperientes.
2450 4651 2541 4704 A*.

104 4721 300 4778 beatus
331 4725 508 4778 Amb.
557 4721 694 4778 dixit
742 4724 800 4777 B.
897 4720 957 4752 ¹⁹⁰
1019 4721 1268 4778 consiliis
1331 4719 1415 4775 Bt.
1525 4721 1584 4751 ¹⁹¹
1654 4721 2029 4778 dissensiones
2091 4721 2175 4776 Bt.
2277 4721 2338 4750 ¹⁹²
2389 4735 2489 4778 per

1692 4737 2029 4777 ISSCIISIOIIBS
2091 4737 2175 4776 Ηι.

104 4719 300 4779 beatus
331 4725 508 4780 Amb.
557 4721 694 4778 dixit
742 4724 800 4777 Β.
897 4720 957 4752 ¹⁹⁰
1019 4721 1268 4778 consiliis
1331 4719 1415 4775 Bt.

2643 4649 2704 4680 ¹⁸⁸
2759 4648 2900 4704 deest
2951 4648 3038 4704 Bt.

3133 4648 3194 4720 Ψ
3238 4663 3400 4705 mem.
3453 4666 3508 4720 q.

2389 4735 2489 4790 per
2545 4721 2691 4776 beati
2747 4721 2904 4775 Amb.
2965 4721 3024 4775 Β.

3133 4719 3194 4751 ¹⁹³
3250 4721 3393 4777 deest
3453 4719 3514 4776 Β.

109 4791 169 4821 ¹⁹⁶
200 4797 393 4864 poetis
437 4797 505 4850 Β.
590 4793 651 4824 ¹⁹⁵
694 4791 932 4849 Titulus:
974 4795 1047 4848 De
1098 4793 1387 4849 obsidione
1431 4793 1578 4862 regis
1626 4793 1898 4848 Lamberti
1957 4807 2123 4862 super
2173 4791 2558 4864 Mediolanum.
2605 4794 2723 4847 A“.
2772 4790 2859 4846 Bt.
2907 4791 3106 4864 Incipit
3153 4792 3220 4848 de
3273 4798 3370 4848 etc.
3422 4795 3514 4864 Af.

101 4865 355 4929 Qualiter
415 4867 625 4924 civitas
679 4865 974 4920 Mediolan.
1035 4878 1134 4935 per
1190 4878 1375 4935 regem
1431 4864 1778 4920 Lambertum
1832 4864 2054 4935 dirupta
2109 4869 2212 4919 est.
2271 4864 2330 4918 Β.

103 4936 160 4966 ³⁸⁷
200 4938 354 4994 deest
386 4940 458 4994 Β.

2411 4862 2473 4894 ²⁹⁶
2508 4864 2586 4918 ita
2641 4865 2702 4919 B.
2766 4868 2822 4918 et
2887 4862 3008 4933 ejus
3082 4864 3172 4920 A*.
3255 4865 3368 4919 A”.
3428 4862 3515 4919 Bt.

1718 5008 1933 5063 ΝΟΤίΕ.

171 5099 280 5167 (48)
317 5101 550 5168 Expos.
581 5099 671 5153 Ps.
704 5097 902 5154 CXVIII
943 5112 1064 5163 VIII,
1104 5096 1196 5152 32.

169 5165 284 5239 (49)
326 5165 667 5227 Honoratus
708 5184 758 5224 a.
811 5168 938 5235 568,
998 5168 1242 5237 archiep.
1286 5165 1440 5239 fuit;
1503 5168 1690 5224 Lamb.
1732 5182 1782 5223 c.

101 5255 148 5296 a.
181 5237 326 5308 896,
372 5243 587 5298 urbem
619 5242 967 5310 expugnavit,
1010 5255 1134 5309 qua:
1183 5254 1233 5293 a.
1283 5237 1390 5310 539
1437 5253 1536 5308 per
1579 5239 1787 5295 Gothos

103 5312 399 5369 destructa
435 5317 552 5369 est.
585 5308 788 5368 Omnia
813 5313 933 5367 hate
973 5308 1164 5367 noster
1193 5308 1501 5366 confundit.
1543 5312 1617 5366 De
1663 5311 1786 5382 qui-

101 5382 203 5441 bus
233 5386 481 5457 egregie
518 5383 884 5440 disserentem
915 5383 1005 5438 adi
1054 5382 1310 5438 comitem
1356 5381 1579 5451 Giulini,
1623 5383 1781 5439 Mem.

102 5457 212 5512 Mil.
243 5459 317 5524 Il,
351 5457 433 5510 45
466 5470 602 5524 sqq.

169 5470 678 5600 éséi'éinf‘l‘lx.
721 5524 1124 5600 Murat._edidit
1151 5526 1242 5581 ss.
1283 5523 1333 5600 ινδ
1368 5567 1383 5592 ,
1429 5525 1520 5581 ubi
1546 5540 1626 5600 ἰ).
1679 5525 1784 5580 204

101 5595 219 5656 haec
252 5595 585 5672 leguntur:
625 5613 740 5669 qua
767 5613 838 5653 ea:
860 5597 1052 5670 priscis
1089 5595 1402 5670 temporibus
1446 5603 1502 5652 ut
1539 5595 1593 5652 ia
1641 5611 1786 5652 vera-

325 5707 599 5762 PATBOL.
629 5705 872 5761 CXLVII.

1869 5096 2090 5176 cissimis
2153 5094 2413 5176 repetitur
2476 5092 2800 5176 uenatibus,
2870 5090 3220 5176 alterahpost
3278 5094 3525 5176 inclytam

1867 5170 2082 5223 Romam
2111 5165 2288 5235 magni
2317 5166 2523 5237 imperii
2578 5165 2832 5234 dignitate
2888 5180 2952 5220 ac
3002 5165 3204 5221 ditione
3243 5166 3415 5237 potita
3446 5171 3523 5221 est

1870 5244 2055 5380 etc(.51)
2087 5311 2384 5376 Auxerunt,
2424 5308 2460 5364 ι.
2503 5308 2557 5380 iu
2603 5323 2666 5380 ea
2713 5323 2796 5380 m._
2833 5322 2887 5377 ρ.
2926 5322 3006 5380 _e._
3033 5323 3085 5363 a.
3130 5307 3184 5363 d.
3231 5324 3289 5380 ρ.
3341 5308 3521 5380 ιῘιηα.

1868 5377 2116 5450 thermas,
2168 5381 2496 5437 viridarium.
2531 5378 2569 5434 l.
2617 5378 2656 5432 l.
2688 5377 2890 5450 Eadem
2921 5377 3062 5433 infra
3091 5377 3296 5448 repetit
3334 5395 3384 5435 c.
3433 5379 3521 5436 15.

1866 5454 1942 5509 De
1991 5449 2366 5510 his'mdiﬂciis
2403 5467 2459 5506 v.
2493 5449 2812 5521 Fumagalli,
2861 5450 3080 5506 Antich.
3136 5450 3266 5509 Mill.
3319 5453 3360 5519 l,
3422 5451 3520 5505 I37

1867 5539 1990 5595 sqq.

3229 5700 3299 5753 27
