4022 6160
485 234 591 291 843

1569 225 1899 281 LANDULFI
1939 223 2472 279 MEDIOLANENSIS
2509 215 2774 278 CLERICI

3765 219 3878 272 844

483 359 699 427 balnea,
734 356 830 415 ubi
867 356 1072 428 regina:
1111 355 1500 424 imperatorum
1551 363 1751 406 uxores
1789 349 1980 404 urbem
2023 362 2124 418 pro
2145 349 2352 410 Ainito
2383 347 2639 411 consilio,
2680 347 2863 403 omnia
2900 361 3024 418 quae
3081 347 3337 404 diabolus
3393 361 3492 418 per
3547 359 3613 403 os
3669 345 3874 402 rustici

484 456 735 520 tempore
767 445 1124 504 incolentium
1166 442 1228 474 “'9
1263 440 1515 498 semotim
1561 455 1592 495 a
1639 438 1897 495 masculis
1955 439 2128 495 nitide

487 537 911 602 mandabantur,
963 540 1017 589 et
1059 532 1328 587 universa:
1373 529 1610 586 civitatis
1658 528 1972 595 multitudo,
2006 543 2128 584 cum

485 632 704 697 tempus
743 631 798 680 et
836 623 1042 678 utilitas
1089 619 1358 690 exigebat,
1419 619 1486 673 ad
1544 618 1852 682 lavandum,
1911 617 2043 671 viris
2099 632 2129 672 a

486 714 810 772 mulieribus
839 709 1218 780 sequestratis,
1243 707 1433 763 sedule
1465 706 1888 763 concurrebant.
1921 705 2128 761 Deinde

484 804 823 867 viridarium,
884 799 1038 870 quasi
1094 799 1385 853 Paradisus
1441 797 1558 866 Dei,
1619 798 1850 853 diversis
1907 797 2130 851 insitum

488 893 778 951 arboribus
815 903 1108 946 amomum.
1167 890 1278 943 Nec
1337 901 1448 943 non
1487 901 1706 943 arenam
1765 885 2039 956 lapidibus
2077 891 2132 939 et

486 980 814 1054 magisteriis
875 979 1108 1034 diversis
1164 982 1433 1041 ornatam,
1495 978 1550 1032 in
1590 991 1694 1046 qua
1756 977 1924 1032 totius
1963 974 2131 1030 italiae

483 1073 684 1128 milites
723 1069 1024 1126 consedere
1066 1074 1120 1124 et
1159 1068 1225 1122 ab
1257 1080 1367 1122 uno
1407 1072 1626 1122 oratore
1665 1065 1855 1120 audire
1896 1071 1950 1120 et
1979 1077 2133 1119 eom-

483 1167 736 1232 petenter
773 1159 1084 1228 intelligere
1124 1162 1370 1226 possent.
1403 1156 1543 1223 Quin
1584 1156 1745 1210 etiam
1794 1154 1967 1222 ipsam
2014 1167 2136 1207 am-

485 1251 794 1321 pliﬁcantes
867 1249 1184 1314 civitatem,
1254 1245 1397 1300 ultra
1464 1259 1624 1314 quam
1691 1245 1936 1298 Senones
1998 1241 2134 1297 Galli

481 1337 1112 1406 hazdilicaverant—qui
1137 1341 1191 1390 et
1213 1335 1318 1403 ipsi
1339 1336 1566 1389 Romam
1591 1340 1794 1402 prater
1815 1331 2134 1402 capitolium

481 1436 749 1499 ceperunt
781 1426 841 1457 ¹⁹⁹
869 1454 938 1466 ——
967 1431 1102 1494 quot
1133 1423 1252 1478 dies
1282 1423 1337 1477 in
1377 1436 1542 1488 anno,
1585 1427 1668 1476 tot
1707 1429 1886 1476 turres
1924 1420 2137 1475 densis-

480 1517 646 1572 simas
703 1529 869 1585 opere
926 1513 1121 1585 grandi
1183 1511 1527 1566 aedificarunt
1586 1518 1641 1566 et
1699 1510 2132 1580 compleverunt.

482 1609 754 1661 Praeterea
785 1618 952 1672 super
990 1617 1086 1657 sex
1125 1601 1364 1655 civitatis
1402 1606 1591 1669 portas
1621 1599 1899 1654 domicilia
1938 1599 2139 1654 altissi-

2211 438 2532 508 nequissimi
2580 437 2799 492 loeutus
2828 443 2929 502 est,
2972 437 3167 493 ordine
3197 438 3520 493 Lambertus
3548 435 3873 506 complevit.

2211 530 2283 583 Ea
2343 534 2668 597 tempestate
2728 542 2850 582 cum
2908 528 3056 583 cives
3110 527 3457 584 obsidionem
3517 525 3876 581 durissimam

2211 618 2536 687 reintegrari
2595 617 2880 682 vidissent,
2941 623 2996 671 et
3035 616 3303 686 angustiis
3355 615 3588 671 diversis
3643 613 3871 683 repleti,

2213 707 2504 762 consilium
2572 709 2737 777 regis,
2788 706 3152 776 quadraginta
3215 705 3449 761 ducibus
3513 703 3872 758 validissimis

2212 797 2570 852 sacramentis
2608 796 2845 851 civitatis
2883 796 3253 866 integritatem
3296 800 3351 850 et
3398 794 3596 850 civium
3645 793 3871 848 univer-

2214 900 2400 942 sorum
2434 885 2865 941 incolumitatem
2899 884 3215 954 jurantibus
3253 883 3534 938 audissent
3571 889 3628 938 et
3669 881 3870 951 pavide

2215 975 2609 1044 suscepissent,
2653 974 2917 1030 cordibus
2963 973 3182 1030 illorum
3227 973 3306 1028 rei
3355 973 3640 1027 veritatem
3687 985 3878 1041 augu-

2217 1065 2486 1129 rantibus,
2546 1069 2600 1118 et
2666 1065 2986 1134 pravitatem
3045 1062 3230 1118 cordis
3286 1061 3530 1131 ejusdem
3589 1060 3876 1114 Lamberti

2217 1167 2325 1209 non
2367 1152 2786 1219 intellexissent,
2829 1167 2962 1222 pace
3002 1158 3057 1206 et
3095 1153 3281 1221 quiete
3328 1151 3491 1217 avidi,
3543 1163 3735 1220 regem
3785 1151 3880 1203 Sa-

2217 1257 2418 1298 raceno
2450 1242 2782 1297 deteriorem
2823 1257 2944 1297 cum
2975 1242 3092 1296 suis
3121 1247 3180 1296 ut
3229 1242 3339 1296 cito
3387 1240 3622 1294 intraret
3664 1246 3724 1294 et
3766 1239 3878 1293 exi~

2218 1338 2322 1396 ret,
2355 1339 2414 1386 ut
2453 1331 2572 1400 ipse
2601 1332 2774 1386 sacris
2813 1331 3108 1402 evangeliis
3151 1331 3449 1399 juraverat,
3501 1328 3649 1383 malo
3687 1328 3876 1383 omine

2217 1427 2598 1491 susceperunt.
2650 1421 2896 1491 Denique
2935 1422 3080 1476 trina
3125 1427 3289 1476 nocte
3343 1425 3467 1490 post
3497 1418 3877 1489 egressionem

2219 1511 2408 1566 urbem
2449 1510 2742 1565 Mediolani
2791 1511 3120 1581 ingreditur,
3165 1509 3441 1578 aliquibus
3487 1507 3878 1578 proditoribus

2219 1600 2420 1655 mmnia
2475 1599 2714 1654 civitatis
2770 1598 3152 1670 frangentibus
3197 1601 3351 1668 juxta
3397 1597 3691 1652 ecclesiam
3753 1611 3878 1665 qua:

482 1706 569 1747 ma
608 1697 663 1746 et
701 1689 958 1755 rotunda,
1001 1703 1063 1743 ac
1103 1686 1445 1756 anteportale
1483 1687 1807 1741 altissimum
1865 1693 1920 1741 et
1967 1685 2198 1746 trian-B
2224 1689 2386 1744 modo
2430 1688 2634 1744 dicitur
2689 1689 2864 1744 sancti
2922 1688 3155 1744 Andreae
3209 1687 3276 1743 ad
3335 1701 3548 1743 murum
3607 1694 3868 1756 ruptum;

481 1779 671 1850 gulare
697 1794 864 1849 opere
887 1777 1276 1832 decentissimo
1305 1776 1702 1842 haedilieantes,
1727 1790 1850 1845 quae
1877 1775 2129 1830 hostibus

483 1868 788 1925 barbaricis
827 1867 982 1938 quasi
1031 1872 1225 1920 natura
1264 1867 1472 1920 munita
1513 1865 1796 1920 introitum
1837 1864 2134 1920 contende-

483 1965 628 2024 rent,
669 1971 831 2028 agere
889 1960 1228 2026 satageruut.
1288 1955 1367 2009 0b
1407 1968 1543 2023 quas
1581 1968 1774 2008 causas
1828 1954 2132 2022 saepissime

481 2047 550 2103 ab
591 2047 797 2103 eisdem
836 2044 1183 2116 postmodum
1215 2044 1460 2114 augustis
1497 2041 1834 2112 frequentari
1874 2049 1928 2098 et
1967 2031 2134 2098 incoli

486 2143 541 2194 et
571 2137 834 2192 honorari
867 2137 1056 2206 coepit,
1087 2135 1318 2189 maxime
1347 2132 1495 2202 quod
1520 2139 1664 2188 esset
1689 2133 1765 2187 ibi
1787 2133 2136 2188 saluberrimi

483 2228 627 2282 aeris
655 2225 938 2296 aptissima
967 2224 1281 2293 temperies,
1316 2222 1582 2292 locusque
1612 2221 1679 2276 ad
1717 2237 1846 2278 usus
1876 2222 2138 2278 domesti-

485 2329 582 2372 cos
633 2314 1096 2386 inrefragabiliter
1145 2313 1541 2384 paratissimus.
1585 2314 1735 2367 Ilanc
1774 2313 1958 2382 itaque
1998 2313 2135 2367 civi-

487 2411 653 2460 tatem
719 2404 1127 2474 perosissimam
1175 2402 1384 2457 habens
1423 2402 1780 2470 itnpiissimus
1817 2401 2139 2456 Lambertus

488 2508 584 2549 rex
625 2492 1070 2559 nefandissimus,
1118 2491 1350 2546 maxime
1391 2491 1520 2559 quia
1567 2490 1676 2545 dux
1716 2489 1979 2559 llduynus
2018 2489 2133 2559 (52)

488 2583 661 2653 ipsam
692 2595 889 2652 regens
917 2582 1194 2636 civitatem
1232 2580 1339 2634 sibi
1379 2579 1600 2633 minime
1650 2577 1882 2644 favebat,
1917 2579 2140 2648 regibus

490 2686 613 2727 cum
655 2671 830 2726 tribus
867 2685 932 2726 ac
970 2670 1203 2725 ducibus
1264 2668 1451 2724 multis
1506 2669 1770 2734 Franeize,
1832 2668 2136 2734 Sansoniaa,

489 2761 838 2817 Nurmandize
859 2775 922 2815 ac
942 2759 1280 2826 Teutonicaa,
1313 2773 1375 2813 ac
1399 2758 1755 2814 barbarorum
1789 2757 2140 2812 multitudine

487 2849 896 2915 innumerabili,
939 2863 1038 2919 per
1075 2848 1266 2904 decem
1295 2861 1491 2914 annos,
1527 2847 1711 2901 multis
1750 2860 1815 2900 ex
1846 2847 1961 2901 suis
1992 2846 2139 2900 duci-

487 2941 592 2996 bus
631 2944 686 2994 et
723 2937 989 2993 militibus
1037 2943 1092 2992 et
1141 2937 1422 3005 peditibus
1468 2936 1684 3006 sagittis
1723 2949 1786 2988 ac
1825 2935 1990 2989 variis
2029 2942 2144 2989 tor-

2214 1779 2405 1848 sicque
2445 1784 2504 1833 ut
2560 1793 2656 1834 rex
2707 1780 3004 1848 juraverat,
3063 1791 3173 1834 non
3213 1791 3312 1848 per
3368 1782 3583 1846 portam
3638 1776 3875 1830 civitatis

2216 1869 2312 1924 sed
2382 1882 2482 1937 per
2537 1874 2819 1937 rupturam
2877 1868 3156 1938 ingressus
3211 1873 3314 1934 est,
3375 1871 3435 1921 ut
3484 1865 3873 1935 jusjurandum

2217 1957 2510 2012 observare
2548 1957 2849 2012 videretur.
2898 1958 3015 2023 Quo
3063 1955 3205 2012 facto
3241 1955 3564 2011 Lambertus
3608 1953 3876 2009 crudelis-

2217 2046 2406 2113 simus,
2437 2045 2542 2100 ﬁde
2574 2060 2636 2100 ac
2663 2047 2773 2101 Deo
2805 2045 3032 2111 oblitus,
3079 2044 3277 2116 gladiis
3326 2043 3631 2114 evaginatis
3679 2043 3876 2098 civium

2217 2142 2455 2206 stragem
2509 2135 2825 2190 immensam
2883 2142 2992 2190 tam
3050 2134 3400 2204 parvulorum
3452 2147 3619 2203 quam
3661 2147 3875 2200 senum,

2219 2230 2327 2281 tam
2365 2227 2625 2295 juvenum
2683 2239 2845 2294 quam
2897 2224 3186 2292 infantum,
3227 2223 3387 2279 furiis
3441 2223 3642 2294 plenus
3680 2223 3882 2279 daemoo

2219 2315 2459 2381 niorum,
2494 2313 2789 2368 inhumane
2819 2313 2992 2368 dedit.
3041 2314 3181 2380 Quin
3230 2313 3394 2368 etiam
3441 2312 3683 2367 civitatis
3732 2312 3884 2381 pala-

2220 2405 2318 2470 tia,
2379 2411 2581 2468 turres,
2641 2409 2697 2458 et
2751 2405 2871 2472 ejus
2927 2403 3245 2472 municipia,
3315 2401 3609 2471 omniaque
3678 2401 3882 2456 civium

2221 2491 2542 2557 munimina,
2575 2504 2699 2560 qua:
2729 2491 2801 2546 ob
2841 2491 3076 2546 civitatis
3111 2490 3508 2546 munimentum
3547 2490 3731 2544 Breno
3773 2488 3883 2542 dux

2221 2580 2499 2635 Gallorum
2565 2594 2628 2634 ac
2693 2581 2866 2634 Nerva
2905 2595 2969 2634 ac
3043 2581 3307 2650 Trajanus
3381 2593 3445 2634 ac
3520 2578 3887 2632 Maximianus

2228 2670 2470 2725 crudelis
2525 2675 2579 2724 et
2644 2668 2736 2724 alii
2802 2670 3163 2739 imperatores
3227 2676 3673 2734 construxerant,
3749 2667 3886 2722 mal-

2223 2761 2324 2816 leis
2362 2775 2424 2816 ac
2475 2760 2756 2830 manganis
2815 2759 2916 2830 (53)
2975 2759 3354 2815 destruebant.
3396 2759 3602 2814 Eodem
3661 2766 3719 2812 et.
3762 2772 3890 2813 san-

2227 2857 2348 2905 ctus
2405 2851 2599 2904 beatus
2656 2855 2904 2918 tempore
2961 2850 3023 2880 ²⁰²
3078 2849 3419 2914 Ambrosius,
3479 2847 3673 2902 videns
3735 2850 3891 2903 cives

2227 2946 2280 2994 et
2348 2938 2620 2992 civitatem
2688 2937 2966 2992 hostiliter
3029 2936 3300 2993 devastari
3359 2943 3525 3006 atque
3591 2937 3888 3002 consumi.

492 3026 693 3083 mentis
718 3026 1007 3090 emortuiS,
1059 3023 1260 3078 frustra
1299 3023 1538 3078 obsedit.
1590 3022 1695 3077 Sed
1737 3037 1860 3077 cum
1895 3024 2003 3091 jam
2044 3038 2208 3098 perc
2229 3029 2283 3084 in
2313 3035 2475 3083 nocte
2507 3028 2681 3082 sancti
2706 3028 2890 3082 Severi
2923 3027 3026 3098 (54}
3052 3034 3106 3083 et
3134 3029 3252 3096 ipse
3283 3040 3556 3096 apparens
3585 3027 3891 3081 Lamberto

492 3115 556 3147 '°°
613 3114 844 3170 multum
911 3127 1033 3167 cum
1071 3113 1187 3166 suis
1251 3112 1524 3166 incassum
1590 3110 1916 3178 laborasset,
1985 3113 2145 3168 etab

494 3205 643 3262 omni
703 3218 802 3272 spe
850 3209 996 3258 esset
1036 3200 1350 3266 frustratus,
1391 3214 1456 3254 ac
1496 3201 1650 3269 regni
1692 3213 1826 3269 opes
1872 3201 2147 3256 incassum

493 3294 688 3350 videns
727 3306 846 3348 esse
907 3304 1211 3359 expensas:
1281 3289 1502 3344 tristitia
1561 3288 1804 3358 repletus
1861 3291 2145 3358 immensa,

498 3384 607 3440 iter
673 3395 783 3452 quo
849 3380 1029 3435 abiret
1093 3380 1261 3433 miser
1325 3377 1577 3446 arripuit.
1649 3379 1862 3433 Interea
1927 3379 2148 3447 quidam

502 3472 740 3528 rusticus
795 3468 1184 3539 nequissimus,
1245 3481 1368 3522 cum
1402 3468 1514 3536 jam
1571 3481 1668 3536 per
1706 3473 1819 3522 tres
1872 3467 1991 3523 dies
2045 3469 2152 3523 iter

502 3576 625 3618 cum
656 3574 756 3616 suo
787 3559 1030 3615 exercitu
1062 3557 1308 3623 abiisset,
1351 3555 1547 3612 dolens
1575 3571 1639 3611 ac
1671 3570 1898 3626 regnum
1927 3572 2153 3626 supera-

501 3657 617 3708 tum
685 3657 741 3706 et
807 3647 1180 3704 coneultatum
1246 3645 1582 3712 aeclamans,
1644 3647 1832 3701 scissis
1885 3648 2150 3716 vestibus,

504 3741 660 3812 quasi
697 3753 860 3795 verus
915 3737 1154 3792 furiosus
1213 3736 1460 3806 pervenit
1517 3735 1584 3788 ad
1626 3750 1830 3806 regem.
1889 3737 2153 3803 Quicum

504 3829 572 3886 ad
639 3843 823 3899 regem
861 3827 1122 3892 venisset,
1191 3825 1344 3880 dedit
1391 3824 1682 3880 consilium
1748 3832 2018 3894 quatenus
2057 3841 2153 3882 rex

506 3932 629 3972 cum
659 3918 774 3973 suis
794 3916 1049 3972 omnibus
1078 3914 1424 3971 obsidionem
1455 3913 1772 3970 destitutam
1803 3915 2154 3971 validissimis

505 4005 902 4062 assertionibus
933 4006 1197 4070 iteraret;
1255 4017 1319 4057 ac
1367 4004 1576 4058 interea
1633 4005 1793 4072 pauci
1851 4005 2153 4060 ﬁdelissimi

506 4103 725 4169 pactum
780 4109 903 4151 cum
956 4094 1166 4150 civibus
1223 4101 1277 4147 et
1316 4093 1455 4148 duce
1495 4093 1748 4162 llduyno,
1804 4101 1863 4149 ut
1895 4109 1991 4150 rex
2030 4110 2153 4150 cum

505 4188 620 4244 suis
650 4186 923 4242 civitatem
963 4191 1173 4239 tantum
1212 4182 1444 4238 intraret
1476 4189 1529 4238 et
1576 4184 1772 4250 exiret,
1815 4190 1870 4238 et
1900 4185 2154 4240 omnibus

2231 3118 2368 3173 dixit
2401 3115 2672 3172 nefando:
2719 3119 2815 3172 «Ο
2843 3117 2940 3172 Dei
2987 3123 3042 3172 et
3089 3117 3368 3172 hominum
3416 3116 3658 3182 inimice,
3707 3117 3889 3172 Deum

2229 3213 2461 3278 negatus
2523 3220 2587 3261 ac
2651 3214 2826 3261 morte
2891 3206 3272 3276 dampnatoria
3347 3205 3594 3276 dignus,
3671 3205 3891 3274 injuste

2231 3297 2458 3352 diruens
2485 3295 2759 3350 civitatem
2792 3303 2847 3349 et
2877 3297 2996 3364 ejus
3024 3297 3342 3361 munimina,
3385 3309 3509 3365 quae
3540 3309 3643 3366 ego
3678 3294 3754 3348 ad
3790 3295 3888 3350 Dei

2231 3386 2496 3441 honorem
2565 3391 2620 3438 et
2684 3384 3107 3440 ehristianorum
3171 3384 3529 3440 incolentium
3585 3384 3888 3440 utilitatem

2233 3475 2490 3531 benedixi
2540 3480 2595 3530 et
2633 3476 2984 3530 consecravi!
3053 3476 3336 3546 gentiliter
3392 3473 3654 3545 populum
3707 3473 3890 3528 inter-

2235 3565 2436 3630 emisti,
2469 3579 2628 3634 quem
2669 3567 2813 3620 Deus
2857 3579 2959 3620 suo
3005 3567 3269 3636 sanguine
3311 3563 3553 3635 pretioso
3603 3565 3658 3618 in
3713 3577 3887 3617 cruce

2236 3653 2483 3723 pendens
2526 3653 2778 3710 redemit.
2827 3657 3034 3711 Noscas
3081 3656 3266 3725 itaque
3323 3669 3424 3710 nec
3473 3661 3527 3708 te
3576 3666 3675 3707 nec
3727 3658 3885 3706 tuum

2235 3742 2512 3797 haeredem
2543 3742 2637 3798 diu
2667 3749 2855 3798 tenere
2886 3744 3196 3813 imperium,
3238 3759 3301 3799 ac
3340 3748 3516 3798 morte
3562 3741 3887 3809 turpissima

2235 3838 2296 3886 ut
2325 3832 2477 3886 canis
2515 3833 2788 3887 morieris.
2841 3833 2957 3888 lloe
3003 3833 3216 3898 audito,
3265 3832 3456 3888 relicta
3506 3830 3754 3895 civitate,
3803 3844 3890 3883 se-

2236 3935 2358 3975 cum
2391 3920 2545 3989 qnasi
2575 3921 2629 3975 in
2663 3921 2882 3976 exilium
2915 3921 3083 3977 filium
3128 3921 3329 3977 llduini
3380 3921 3588 3976 ducens
3638 3923 3891 3974 Parmam

2236 4008 2491 4074 tetendit,
2540 4011 2697 4079 cujus
2746 4024 2945 4065 nomen
2995 4017 3113 4066 erat
3161 4012 3270 4066 Αιο
3326 4009 3456 4080 (55),
3507 4021 3667 4078 quem
3721 4014 3890 4062 aetate

2230 4097 2584 4165 juveneulum
2624 4097 2808 4154 divino
2839 4107 2974 4154 nutu
3012 4099 3151 4154 adeo
3192 4098 3405 4164 dilexit,
3449 4105 3508 4152 ut
3543 4097 3655 4150 sine
3702 4109 3895 4164 puero

2238 4184 2406 4239 nichil
2436 4193 2624 4254 ageret
2652 4200 2750 4242 rex
2781 4187 3120 4242 Lambertus.
3153 4187 3252 4254 Qui
3283 4200 3406 4241 eum
3437 4199 3536 4254 per
3562 4192 3674 4239 tres
3704 4197 3896 4239 annos

506 4276 718 4333 civibus
746 4274 955 4340 illaesis,
994 4273 1220 4343 triginta
1251 4285 1316 4326 ex
1354 4272 1469 4326 suis
1498 4270 1731 4326 ducibus
1759 4273 1965 4328 sanctis
1995 4287 2157 4328 evan-
2238 4273 2292 4326 in
2327 4273 2439 4327 illis
2469 4274 2718 4342 partibus
2748 4282 3074 4342 moraretur,
3107 4274 3339 4344 quadam
3371 4273 3462 4328 die
3501 4279 3554 4328 et
3584 4272 3703 4341 ipse
3757 4286 3892 4340 spa-

509 4367 668 4439 geliis
743 4363 1140 4420 affirmantibus
1221 4369 1530 4431 satageret;
1600 4361 1796 4416 exinde
1875 4357 2376 4418 civitatethiare
2443 4362 2850 4431 desiderasset,
2917 4371 3115 4419 venatu
3175 4365 3330 4433 juxta
3385 4375 3610 4418 nemora
3663 4360 3889 4423 ductus,

512 4457 900 4525 introgressus,
970 4458 1030 4507 ut
1068 4449 1323 4506 dominus
1373 4448 1608 4504 civitatis
1673 4454 1728 4503 et
1792 4449 2150 4506 incolentium
2237 4451 2444 4520 sparsis
2507 4451 2738 4506 canibus
2801 4467 2866 4506 ac
2921 4452 3254 4507 intromissis
3313 4451 3652 4515 nemoribus,
3718 4456 3779 4504 et
3832 4449 3892 4479 ³⁵³

511 4549 792 4614 appareat,
835 4547 910 4608 et,
951 4546 1011 4594 ut
1048 4538 1228 4593 meriti
1258 4543 1404 4602 sunt,
1447 4535 1624 4604 ruptis
1687 4536 1987 4593 fmderibus
2025 4554 2156 4594 suos
2239 4549 2528 4596 venatores
2554 4541 2736 4611 sagaci
2785 4541 3008 4612 ingenio
3063 4542 3383 4612 sylvestrem
3421 4539 3594 4594 feram
3639 4539 3895 4593 invenire

514 4645 772 4689 exercere
811 4629 1029 4685 studeat
1075 4626 1158 4693 ²⁰¹,
1199 4641 1262 4681 ac
1317 4640 1376 4680 se
1429 4639 1723 4694 numquam
1763 4626 1914 4681 urbis
1971 4636 2159 4696 portas
2242 4637 2518 4696 curarent,
2578 4631 2898 4701 gravissimo
2955 4639 3254 4701 occupatus
3297 4644 3531 4696 somno,
3579 4629 3639 4683 in
3676 4629 3895 4699 gremio

512 4723 841 4778 intraturum
895 4714 1256 4790 jurejurando
1313 4714 1562 4769 saneivit.
1623 4715 1794 4784 Igitur
1848 4716 2159 4775 detestabili
2244 4720 2341 4774 tilii
2371 4720 2677 4790 llduyniac
2706 4735 2863 4776 servo
2902 4723 3022 4791 ejus
3074 4727 3286 4777 astante
3332 4720 3540 4790 quievit
3568 4717 3696 4786 (56).
3732 4717 3893 4786 Quod

1877 4861 2100 4916 VARIIE
2137 4864 2421 4919 LECTION
2427 4865 2505 4918 ES

585 4993 645 5027 "°
673 4989 994 5060 incolentes;
1018 4985 1104 5043 Βι.
1131 5059 1140 5060 ί
1171 5055 1182 5060 _
1209 4984 1269 5016 ¹⁹⁹
1298 4984 1438 5040 deest
1467 4983 1551 5040 Βι.
1629 4984 1692 5015 ¹⁰⁰
1720 4984 1862 5041 deest
1889 4988 2010 5043 A**.
2039 5002 2095 5057 p.
2128 5003 2200 5044 m.
2234 4997 2450 5059 tempus
2480 4991 2537 5045 Β.
2582 5003 2635 5060 p.
2688 5003 2759 5045 m.
2796 4989 3062 5060 temporis
3109 4989 3191 5045 BI.
3268 4989 3332 5020 ὀί
3379 4989 3456 5045 ita
3493 4988 3650 5044 codd.
3732 4989 3798 5020 ³⁸·
3833 4996 3892 5046 et

509 5083 556 5123 s.
588 5066 771 5123 desunt
800 5065 860 5119 Β.
936 5058 1001 5091 ²⁰⁸
1030 5066 1089 5116 ut
1115 5055 1201 5114 BI.

2099 5159 2316 5215 ΝΟΤᾹΞ.

583 5291 690 5361 (52)
749 5283 1144 5364 Magint‘redum
1209 5281 1464 5364 comitem
1530 5293 1652 5364 cum
1719 5278 1825 5336 hoc
1864 5279 2153 5350 confudit,

513 5355 968 5438 eujtts'praeterea
997 5355 1204 5438 nullum
1236 5355 1417 5408 inveni
1457 5355 1762 5420 vestigium.

585 5435 690 5503 (53)
724 5435 767 5489 1.
802 5446 852 5488 e.
885 5435 1193 5486 tormentis.

585 5505 694 5569 (54)
723 5504 825 5570 Qui
855 5501 973 5556 Kal.
1005 5499 1164 5556 Febr.
1199 5495 1416 5552 colitur.

2329 5282 2414 5354 55',»
2442 5284 2725 5351 nugonem
2763 5289 2922 5340 vocat
2968 5284 3164 5354 Liudp.
3213 5285 3256 5350 Ι,
3313 5283 3398 5338 12.
3442 5283 3643 5341 Nescio
3690 5298 3768 5340 an
3809 5299 3890 5340 re-

2239 5354 2406 5410 bellio
2444 5355 2746 5423 Adalberti,
2805 5371 2930 5426 quae
2978 5363 3108 5413 tunc
3153 5356 3375 5423 accidit,
3424 5356 3627 5413 Azonis
3675 5357 3888 5413 nomini

2239 5439 2424 5481 ansam
2455 5426 2692 5482 dederit.

2317 5496 2426 5566 (56)
2463 5495 2544 5552 Cf.
2575 5497 2703 5554 Chr.
2735 5497 2948 5564 Noval.,
2981 5513 3035 5568 p.
3075 5497 3193 5555 127.
