4022 6160
185 297 281 352 845
1203 292 1513 348 HISTORIA
1550 289 2096 348 MEDIOLANENSIS.
2137 323 2208 333 —
2245 294 2352 348 LIB
2389 293 2454 350 ll.
3417 295 3525 351 846

190 427 243 478 ut
265 418 392 476 vidit
418 419 527 474 Azo
558 416 770 489 Ilduyni
808 417 971 484 Illius,
995 415 1336 474 confortatus
1365 432 1393 472 a
1423 431 1602 483 servo,
1630 417 1811 472 omnia
1831 418 1885 478 A
1964 416 2018 474 3.
2061 417 2231 488 Igitur
2257 417 2322 450 ¹⁰⁹
2351 416 2606 474 omnibus
2651 417 2946 488 episcopis,
2979 419 3073 488 qui
3120 425 3248 476 ante
3296 420 3531 478 admira-

189 509 314 567 mala
343 522 464 578 quae
495 507 602 563 sibi
632 512 686 562 et
715 508 856 577 patri
905 507 1166 563 intulerat
1207 507 1584 572 reminiscens,
1627 519 1808 576 regem
1895 506 2059 562 bilem
2092 505 2463 563 confessorem
2498 506 2840 563 Ambrosium
2881 506 3138 577 religiose
3177 514 3232 564 et
3259 510 3531 568 catholice

189 599 358 656 multis
386 597 706 667 ambagibus
735 599 979 653 excussis
1025 597 1280 653 occidere
1319 597 1546 663 statuit;
1579 609 1812 665 cumque
1897 596 2273 665 episcopatum
2323 600 2636 662 tenuerunt,
2679 596 2910 666 ipsoque
2958 611 3080 653 cum
3111 597 3223 652 illis
3261 598 3540 668 episc0pis

185 688 410 760 gladium
479 699 589 742 non
647 687 916 742 inveniret
979 687 1048 742 ad
1097 686 1476 757 jugulandum,
1535 700 1696 741 secus
1750 698 1809 740 se
1900 685 1993 754 qui
2043 691 2168 756 post
2213 700 2336 741 eum
2384 687 2502 741 vice
2551 685 2947 756 discipulorum
2996 686 3210 742 Domini
3259 687 3542 743 subsecuti

186 779 382 848 spinam
424 776 560 830 vidit
588 775 953 831 acutissimam
984 776 1393 845 grandemque;
1436 789 1542 845 qua
1572 780 1814 844 arrepta,
1899 780 2046 840 sunt,
2087 773 2154 829 ad
2185 775 2449 831 caelorum
2481 788 2647 845 regna
2688 790 2809 830 cum
2841 776 3057 831 Christo
3089 776 3540 845 tripudiantibus,

189 866 323 921 velut
351 878 562 926 canem.
597 871 656 919 ut
688 864 1018 934 praedixerat
1049 865 1240 920 beatus
1265 863 1604 930 Ambrosius,
1638 864 1817 933 ipsum
1901 863 2126 929 Fronto,
2160 862 2214 918 in
2265 879 2374 933 quo
2424 877 2615 920 omnes
2643 865 2888 920 thesauri
2918 865 3141 920 malitia:
3171 865 3234 896 ²⁰⁶
3265 874 3319 920 et
3349 867 3546 936 phare-

187 959 414 1010 tractare
463 953 693 1021 curavit,
743 969 807 1008 ac
853 955 1030 1023 ipsum
1087 969 1348 1024 percussa
1404 954 1640 1009 mamilla
1689 968 1817 1008 cor-
1901 957 2002 1010 traa
2052 954 2418 1022 nequitiarum
2469 961 2525 1009 et
2572 967 2735 1022 prava
2788 954 3007 1024 ingenia
3064 954 3305 1010 omnium
3363 968 3545 1010 rerum

190 1043 341 1098 dialia
365 1044 620 1112 protinus
640 1043 919 1098 interemit
944 1041 1090 1114 (57).
1122 1045 1290 1113 Cujus
1320 1056 1515 1098 carnes
1543 1043 1820 1098 terribiles
1901 1046 2066 1108 sunt,
2118 1042 2434 1097 cathedram
2483 1043 2897 1099 Ambrosianam
2944 1043 3202 1114 indignus
3249 1050 3303 1099 et
3349 1044 3546 1100 imme-

187 1132 426 1187 vultures
472 1139 527 1187 et
577 1132 731 1188 corvi
782 1133 990 1187 sinistri
1041 1133 1235 1187 rostris
1291 1131 1617 1187 avidissimis
1671 1144 1822 1186 man-
1905 1131 2043 1186 ritus
2100 1135 2160 1184 ut
2205 1128 2293 1185 fur
2340 1137 2395 1187 et
2441 1130 2582 1187 latro
2630 1133 2847 1188 invasit.
2897 1134 2997 1200 Qui
3060 1138 3216 1189 ortus
3271 1133 3552 1197 nobilibus

189 1221 374 1277 dentes
403 1221 782 1290 sepelierunt;
815 1229 868 1276 et
887 1220 951 1251 ὀδ
983 1235 1118 1290 puer
1155 1223 1258 1276 Azo
1290 1236 1489 1291 equum
1520 1221 1824 1277 ascendens
1909 1219 2250 1290 parentibus,
2303 1233 2414 1275 non
2465 1221 2520 1275 in
2586 1222 2817 1276 scientia
2875 1221 2970 1277 Dei
3037 1235 3140 1279 nec
3197 1224 3255 1277 in
3312 1223 3552 1278 cultibus

188 1310 412 1381 regium,
446 1309 809 1366 Mediolanum
840 1309 1130 1376 accelerat,
1148 1311 1240 1365 ubi
1262 1311 1535 1366 civitatem
1567 1311 1824 1365 diruitam
1909 1309 2109 1364 divinis
2139 1323 2360 1379 operam
2408 1309 2582 1372 dedit.
2615 1310 2711 1365 sed
2763 1311 2818 1365 in
2868 1325 3002 1366 auro
3051 1318 3105 1366 et
3143 1317 3370 1382 argento
3402 1312 3556 1367 locu-

191 1413 343 1469 quam
393 1399 593 1454 melius
642 1400 822 1468 potuit
870 1398 1201 1466 reformavit,
1234 1414 1362 1470 rege
1408 1414 1437 1454 a
1485 1399 1830 1455 silvestribus
1913 1398 2070 1467 ples,
2139 1398 2438 1454 monilibus
2493 1399 2684 1465 dives,
2739 1400 2912 1455 servis
2979 1406 3035 1455 et
3101 1400 3316 1456 ancillis
3397 1399 3554 1455 valde

190 1489 414 1544 laniato.
447 1491 615 1556 Quem
663 1503 785 1544 cum
831 1489 916 1544 sui
949 1489 1149 1544 milites
1180 1503 1278 1558 per
1308 1497 1418 1544 tres
1447 1488 1567 1544 dies
1598 1490 1833 1544 circum-
1915 1488 2242 1546 habundans
2297 1487 2417 1543 fuit.
2475 1491 2544 1544 At
2601 1495 2862 1558 quantum
2927 1487 3030 1545 fuit
3088 1491 3330 1546 omnium
3386 1493 3557 1547 virtu-

191 1591 406 1648 quaque
454 1583 732 1648 vagantes,
775 1577 1033 1633 carnibus
1078 1578 1312 1644 abrosis,
1355 1578 1574 1634 ossibus
1623 1584 1834 1633 tantum
1918 1585 2032 1634 tum
2099 1578 2366 1632 bonarum
2421 1576 2602 1633 nudus
2659 1583 2714 1632 et
2771 1592 2997 1647 pauper,
3047 1579 3392 1649 subsequens
3449 1580 3560 1636 lec-

191 1667 586 1736 apparentibus
623 1667 970 1734 invenerunt,
1005 1672 1061 1722 et
1106 1667 1224 1735 ejus
1272 1669 1455 1723 omnia
1511 1668 1839 1723 invenerunt
1921 1667 2000 1722 tio
2069 1666 2488 1722 demonstrabit.
2558 1665 2759 1721 Plenus
2823 1668 3048 1722 avaritia
3085 1709 3100 1733 ,
3180 1683 3303 1737 qua:
3378 1683 3559 1738 neque

192 1755 517 1810 vestimenta
564 1756 688 1811 tabe
709 1761 765 1812 et
793 1755 1069 1811 vermibus
1098 1770 1162 1810 ac
1192 1755 1388 1811 fictore
1431 1755 2080 1826 sordidissima,Bcopia
2126 1763 2357 1826 augetur
2420 1771 2600 1826 neque
2665 1756 2850 1826 inopia
2913 1756 3270 1827 extinguitur,
3330 1758 3399 1813 de
3457 1773 3563 1827 qua

193 1845 381 1899 tristes
413 1858 477 1899 ac
506 1845 692 1900 miseri
723 1845 1023 1914 sepultura;
1057 1858 1167 1900 non
1212 1852 1272 1900 ut
1320 1859 1503 1914 regem
1541 1845 1833 1900 dederunt.

194 1933 306 1999 Qua
351 1939 677 2003 tempestate
709 1947 832 1988 cum
862 1934 1140 1989 venissent
1196 1934 1252 1988 in
1309 1933 1516 1988 Italiam
1576 1933 1839 1988 dirissimi

195 2022 568 2092 Langobardi,
610 2035 722 2077 non
761 2029 1050 2091 parcentes
1092 2023 1385 2093 juvenibus
1433 2037 1535 2078 nec
1574 2023 1839 2089 senibus;

192 2111 287 2179 qui
323 2118 382 2166 et
413 2112 516 2181 ipsi
553 2113 788 2183 gentiles
835 2112 1175 2184 ingentiliter
1202 2127 1323 2168 sese
1361 2113 1648 2177 habentes,
1680 2126 1840 2167 vene-

192 2207 322 2255 runt
362 2201 748 2257 Mediolanum.
797 2203 910 2258 Hos
958 2202 1267 2272 praevidens
1315 2203 1507 2257 beatus
1562 2201 1846 2270 archiepi-

187 2303 401 2360 scopus
445 2292 776 2358 Honoratus,
812 2292 994 2347 sciens
1043 2293 1316 2348 civitatem
1355 2292 1709 2358 devastatam,
1743 2305 1845 2345 nec

187 2392 303 2434 non
354 2393 388 2434 a
439 2387 592 2449 peste
643 2380 908 2435 vermium
956 2381 1355 2446 crudelissima,
1425 2387 1480 2435 et
1531 2379 1848 2435 hominibus

183 2468 694 2524 innumerabilibus
724 2469 1007 2534 emortuis,
1041 2475 1095 2524 et
1142 2469 1289 2523 cives
1336 2467 1634 2523 bellatores
1663 2483 1692 2522 a
1723 2483 1848 2523 cru-

183 2556 486 2612 delissimo
543 2557 832 2612 Lamberto
881 2555 998 2613 fore
1055 2558 1238 2628 gladio
1288 2557 1618 2614 dilaceratos
1651 2578 1662 2611 :
1698 2558 1846 2612 omni

182 2645 454 2701 ecclesiae
509 2645 768 2701 thesauro
815 2651 1036 2715 arrepto
1085 2645 1318 2702 tendens
1354 2647 1412 2701 in
1440 2647 1687 2710 Januam,
1730 2652 1848 2700 uta

183 2734 455 2790 manibus
506 2734 993 2804 Longobardorum
1042 2736 1301 2805 eriperet,
1358 2735 1595 2791 fideliter
1646 2735 1847 2803 depor-

186 2823 345 2878 tavit.
403 2822 506 2877 Hic
554 2823 698 2877 enim
748 2829 872 2892 post
923 2823 1134 2893 aliquot
1182 2823 1302 2879 dies
1346 2830 1506 2894 capta
1555 2823 1772 2878 civitate
1819 2834 1850 2875 a

190 2909 600 2982 Longobardis,
643 2925 767 2980 qua:
820 2925 976 2967 muro
1017 2919 1071 2967 et
1131 2913 1376 2968 turribus
1424 2913 1701 2967 devastata
1754 2910 1849 2965 diu

189 3000 374 3056 teneri
419 3013 529 3056 non
561 3001 760 3069 potuit,
801 3001 895 3056 Dei
937 3001 1318 3057 misericordia
1347 3006 1402 3056 et
1432 3003 1552 3071 ejus
1587 2999 1848 3070 patientia

1921 1846 2058 1901 dicit
2103 1845 2387 1915 apostolus
2421 1865 2432 1900 :
2470 1865 2496 1896 «
2537 1845 2793 1912 Avaritia,
2844 1859 2968 1914 quae
3008 1853 3090 1901 est
3132 1847 3422 1916 ydolorum
3453 1861 3567 1902 ser-

1921 1936 2064 1990 vitus
2112 1933 2332 2000 (Coloss.
2373 1951 2455 2001 Ill,
2505 1934 2585 2002 5),
2627 1952 2655 1986 »
2697 1941 2752 1990 et
2807 1936 3068 1990 Dominus
3115 1934 3172 1990 in
3231 1935 3560 2006 evangelio:

1925 2043 1953 2075 «
1994 2024 2191 2093 Cupidi
2223 2031 2277 2079 et
2326 2024 2473 2079 avari
2516 2037 2626 2078 non
2670 2023 2954 2079 intrabunt
2993 2026 3050 2079 in
3101 2039 3326 2094 regnum
3363 2026 3494 2091 Dei;
3539 2045 3566 2077 »

1923 2115 2150 2182 insuper
2187 2113 2510 2169 ambitiosus
2557 2113 2699 2168 ultra
2748 2127 2909 2182 quam
2958 2113 3110 2169 credi
3160 2121 3359 2184 potest.
3412 2113 3567 2181 Quod

1925 2201 1988 2233 ¹⁰⁷
2019 2200 2218 2256 factum
2253 2205 2356 2267 est,
2389 2207 2607 2256 mortuo
2639 2203 2920 2256 Honorato
2951 2203 3238 2270 episcopo,
3271 2209 3478 2258 tantum
3511 2203 3566 2257 in

1927 2291 2150 2345 nomine
2184 2295 2447 2359 quantum
2497 2288 2553 2343 in
2583 2288 2770 2345 oflicio
2811 2289 3186 2344 honorandus.
3223 2291 3317 2359 qui
3349 2297 3576 2346 octavus

1928 2378 2174 2434 decimus
2204 2385 2327 2446 post
2375 2379 2592 2432 beatum
2639 2377 2985 2432 Ambrosium
3024 2377 3189 2443 sedit,
3223 2378 3382 2433 turba
3422 2379 3579 2434 nobi-

1929 2467 2060 2524 lium
2100 2474 2154 2522 et
2193 2466 2398 2536 p0pulo
2447 2468 2715 2522 immenso
2755 2466 3029 2522 catholico
3080 2467 3339 2538 religiose
3388 2475 3444 2523 et
3489 2482 3579 2524 ca-

1929 2556 2134 2612 tholice
2174 2556 2495 2626 episcOpum
2545 2556 2602 2610 in
2641 2556 2810 2610 Deum
2864 2556 3240 2625 quaerentibus
3271 2563 3326 2611 et
3364 2557 3579 2612 deside-

1930 2645 2179 2700 rantibus
2209 2659 2330 2700 cum
2371 2644 2626 2701 universo
2657 2645 2806 2700 clero
2841 2665 2853 2700 :
2888 2659 3018 2701 ecce
3064 2645 3249 2701 subito
3298 2645 3580 2702 fascinatis

1931 2733 2120 2790 multis
2140 2732 2203 2764 '°'
2259 2738 2614 2803 utrarumque
2667 2734 2926 2802 partium,
2977 2733 3166 2804 populi
3217 2734 3476 2790 videlicet
3525 2742 3580 2790 et

1932 2823 2220 2890 nobilium,
2262 2823 2525 2878 immensa
2565 2823 2905 2892 perturbatio
2955 2830 3077 2879 orta
3126 2829 3228 2878 est.
3261 2825 3433 2894 Igitur
3471 2823 3581 2878 ele-

1932 2913 2117 2969 ctione
2167 2911 2504 2980 perturbata,
2560 2913 2784 2979 Fronto,
2837 2913 3092 2968 omnibus
3141 2913 3302 2968 bonis
3341 2912 3578 2968 nudatus

1932 3001 2226 3070 multisque
2261 3001 2491 3056 vestitus
2531 3001 2716 3063 vitiis,
2764 3002 2962 3070 spiritu
3022 3001 3259 3072 maligno
3310 3001 3573 3071 repletus,

190 3103 464 3145 summam
512 3090 804 3145 amicitiam
849 3091 996 3161 regis
1032 3097 1086 3146 et
1125 3090 1608 3161 Longobardorum
1649 3081 2114 3158 adeptaCsciens
2143 3104 2203 3145 se
2235 3105 2334 3159 per
2380 3089 2703 3144 catholicam
2754 3089 3080 3146 electionem
3132 3091 3265 3146 cleri
3305 3096 3360 3146 et
3391 3090 3580 3161 populi

190 3180 312 3247 fuit,
347 3183 409 3236 in
443 3186 650 3236 tantum
700 3188 760 3236 ut
807 3181 992 3237 multis
1032 3182 1332 3252 privilegiis
1359 3182 1655 3251 multisque
1687 3195 1850 3236 cere-

191 3271 419 3337 moniis,
463 3270 728 3340 quicquid
759 3271 1269 3342 archiepiscopatus
1308 3271 1556 3338 haberet,
1590 3270 1659 3325 ab
1698 3270 1848 3325 omni

189 3367 354 3430 gente
389 3365 449 3415 et
479 3374 608 3430 rege
657 3360 859 3415 intacta
908 3365 962 3415 et
1009 3359 1181 3415 illaesa
1222 3367 1629 3429 permanerent.
1691 3359 1849 3415 Unde

192 3457 386 3519 postea
437 3449 757 3504 Desiderius
813 3464 909 3504 rex
960 3449 1442 3520 Longobardorum
1492 3448 1588 3503 Dei
1639 3448 1850 3504 miseri-

190 3539 382 3594 cordia
424 3537 607 3594 faclus
653 3537 1005 3605 christianus,
1038 3537 1172 3592 inibi
1221 3538 1396 3592 sancti
1435 3536 1709 3591 Vincentii
1759 3551 1851 3591 ec-

190 3627 417 3682 clesiam
461 3632 520 3682 ct
566 3627 960 3682 monachorum
1008 3625 1320 3681 ccenobium
1361 3639 1462 3694 pro
1501 3625 1696 3679 anima:
1734 3639 1849 3679 suae

190 3717 443 3773 remedio
479 3717 667 3772 multis
697 3716 944 3772 ornando
989 3715 1214 3785 praediis
1263 3721 1318 3769 et
1365 3713 1608 3768 castellis
1637 3712 1850 3768 haedill-

190 3807 334 3862 cavit
393 3805 533 3877 (58).
593 3807 759 3875 Cujus
805 3812 960 3861 actus
1005 3804 1355 3875 gravissimos
1412 3808 1603 3872 postea
1641 3801 1851 3857 habens

189 3895 495 3961 Adrianus,
555 3894 648 3964 qui
706 3900 762 3950 et
825 3896 944 3964 ipse
993 3892 1237 3963 pontifex
1294 3894 1591 3948 Romanus.
1651 3890 1848 3946 Carolo

191 3984 386 4056 Magno
435 3983 621 4053 Pipini
653 3982 786 4050 tilio,
819 3991 879 4038 ut
917 3996 1046 4038 suas
1075 3981 1323 4037 civitates
1353 3995 1384 4036 a
1413 3981 1666 4035 manibus
1693 3980 1848 4034 Desi-

192 4073 332 4130 derii
374 4081 605 4130 erueret
639 4116 653 4140 ,
712 4074 922 4144 virgas
956 4072 1300 4142 episcopales
1346 4072 1415 4127 ad
1476 4069 1849 4126 investiendos

191 4165 501 4234 episcopos
547 4168 603 4219 et
648 4162 842 4219 anulos
878 4164 1015 4218 citra
1062 4161 1142 4217 fas
1171 4168 1226 4218 et
1255 4161 1484 4227 licitum,
1541 4167 1601 4215 ut
1639 4160 1848 4215 clavum

193 4252 347 4310 clavo
378 4252 712 4324 expelleret,
745 4251 954 4321 primus
983 4250 1154 4306 dedit.
1187 4250 1289 4316 Qui
1335 4249 1469 4304 mihi
1507 4254 1688 4304 autem
1738 4261 1849 4302 non

1933 3181 2310 3250 episcopatum
2354 3180 2576 3234 minime
2623 3179 2825 3235 habere
2875 3193 3075 3250 posse,
3129 3194 3253 3236 cum
3312 3182 3578 3237 immenso

1935 3270 2178 3341 pondere
2210 3269 2329 3324 auri
2360 3275 2415 3323 et
2452 3269 2685 3339 argenti,
2710 3283 2833 3324 cum
2867 3271 3056 3338 paucis
3082 3271 3244 3325 etiam
3277 3270 3576 3338 nobilibus,

1932 3360 2282 3429 imperatoris
2312 3359 2480 3413 curiae
2511 3358 2852 3412 detestandae
2891 3373 3056 3413 cursu
3087 3358 3282 3426 rapido
3322 3358 3577 3413 tetendit.

1931 3449 2210 3506 Conscilio
2240 3455 2422 3501 autem
2453 3447 2611 3510 inito,
2648 3451 2850 3514 praeter
2896 3446 2989 3500 illa
3039 3461 3162 3514 qua:
3210 3460 3371 3502 manu
3402 3447 3577 3514 dedit,

1934 3544 1993 3592 ut
2023 3538 2402 3606 episcopatum
2433 3534 2682 3598 haberet,
2725 3533 3130 3588 inmstimabilia
3176 3534 3422 3602 pondera
3461 3535 3578 3589 auri

1933 3632 1989 3682 et
2018 3625 2231 3694 argenti
2261 3623 2496 3678 ducibus
2526 3628 2580 3677 et
2609 3622 2904 3676 comitibus
2934 3627 2989 3677 et
3019 3621 3274 3677 omnibus
3322 3623 3414 3691 qui
3473 3623 3582 3678 im-

1935 3714 2236 3783 perialibus
2277 3711 2446 3780 jussis
2492 3709 2741 3779 quotidie
2781 3709 3164 3766 deserviebant
3203 3711 3472 3780 promisit.
3514 3714 3582 3768 At

1934 3803 2254 3872 imperator,
2315 3801 2534 3870 cognita
2578 3801 2698 3868 ejus
2735 3799 2979 3868 nequitia
3020 3805 3076 3855 et
3132 3813 3349 3856 omnem
3402 3802 3579 3857 Fron-

1933 3891 2080 3947 tonis
2127 3889 2490 3944 intentionem
2538 3887 2866 3956 praevidens,
2912 3889 3031 3943 auri
3084 3888 3295 3954 avidus,
3330 3902 3440 3944 non
3481 3904 3572 3946 cu-

1933 3994 2061 4034 rans
2091 3979 2328 4048 qualiter
2356 3983 2450 4032 aut
2478 3977 2756 4046 quomodo
2802 3992 2861 4033 se
2899 3978 3047 4034 circa
3085 3977 3356 4034 catholica
3394 3977 3574 4036 ofﬁcia

1933 4069 2306 4125 ecclesiastica
2353 4066 2620 4133 haberet,
2669 4073 2898 4136 accepto
2936 4068 3056 4123 auri
3103 4072 3158 4124 et
3213 4070 3425 4140 argenti
3474 4071 3577 4126 im-

1933 4171 2122 4214 menso
2154 4156 2420 4226 pondere,
2452 4161 2662 4210 tantum
2692 4155 3090 4226 aliquantulum
3131 4158 3374 4226 timidus,
3406 4173 3576 4228 quan-

1932 4249 2056 4305 dam
2114 4245 2478 4303 execrabilem
2536 4246 2913 4301 investituram
2978 4246 3402 4302 Mediolanensis
3457 4249 3574 4316 epi-

194 4344 394 4410 credit,
429 4344 585 4413 legat
618 4340 935 4398 Pontiﬁcalc
976 4342 1346 4396 Romanorum
1376 4353 1473 4394 seu
1503 4345 1657 4409 gesta
1709 4328 1896 4413 Leni
1935 4341 2196 4406 scopatus
2224 4336 2274 4390 ei
2304 4335 2591 4401 attribuit,
2639 4339 2693 4389 et
2721 4333 3000 4402 accipiens
3029 4335 3096 4388 ab
3134 4349 3201 4389 eo
3232 4335 3570 4399 fidelitatem,

195 4411 598 4503 gobardorum,
641 4431 897 4500 quoniam
928 4445 1051 4499 qum
1089 4429 1202 4484 dixi
1234 4427 1472 4483 fideliter
1509 4431 1739 4483 tractata
1776 4411 1914 4480 ibiD
1934 4427 2225 4496 quemdam
2255 4426 2569 4480 comitatum
2603 4423 2756 4478 dedit
2785 4423 2835 4478 ei
2865 4422 2947 4489 ²⁰⁹,
2979 4422 3081 4478 sub
3121 4437 3231 4491 quo
3270 4438 3328 4478 se
3369 4425 3574 4481 Fronto

193 4525 441 4592 reperiet
499 4520 630 4592 (59).
683 4523 747 4575 At
804 4520 1116 4589 priusquam
1165 4516 1560 4572 clandestinam
1617 4529 1848 4585 postem,
1929 4517 1998 4572 ad
2056 4515 2413 4570 simoniacam
2471 4513 2727 4569 hmresim
2786 4510 3107 4566 defenderet
3163 4518 3219 4566 et
3277 4512 3576 4581 imperator

195 4625 318 4681 quae
350 4612 571 4668 clerum
601 4608 771 4665 totius
799 4609 1172 4664 Ambrosiana:
1199 4605 1450 4661 ecclesiae
1489 4605 1636 4660 velut
1665 4612 1853 4661 torvus
1935 4606 2202 4660 innocens
2263 4617 2384 4658 esse
2437 4603 2600 4672 hujus
2653 4602 2731 4657 rei
2789 4601 3084 4656 ascribitur
3123 4600 3207 4656 ²¹⁰.
3266 4603 3382 4668 Quo
3431 4601 3576 4658 facto

191 4701 282 4758 leo
313 4701 712 4757 crudelissime
743 4698 958 4765 invasit,
992 4696 1189 4762 dicam,
1215 4702 1270 4750 et
1309 4709 1339 4748 a
1368 4708 1478 4763 quo
1508 4695 1668 4750 sedes
1708 4694 1854 4750 beati
1934 4707 2128 4763 magno
2187 4692 2430 4761 tripudio
2479 4691 2729 4747 exultans
2786 4693 2987 4746 Fronto
3020 4730 3036 4754 ,
3086 4690 3321 4760 stipatus
3394 4691 3580 4746 multis

195 4791 480 4846 Ambrosii
532 4805 631 4860 per
680 4788 1046 4859 symoniacam
1093 4784 1347 4840 haaresim
1395 4783 1762 4839 contaminata
1801 4789 1856 4839 et
1936 4781 2351 4852 Longobardis,
2385 4781 2478 4850 qui
2523 4794 2589 4835 eo
2639 4787 2884 4848 tempore
2933 4779 3102 4834 curiae
3144 4779 3451 4834 militabant
3480 4780 3580 4835 im-

194 4879 403 4938 violata
431 4879 593 4952 prius
621 4877 744 4947 fuit,
777 4877 1067 4934 enucleare
1096 4887 1207 4930 non
1238 4873 1504 4928 desinam.
1933 4870 2313 4942 peratoris'“,
2363 4869 2517 4939 quasi
2560 4868 2648 4924 fur
2707 4873 2762 4924 et
2817 4868 2958 4924 latro
3005 4869 3154 4924 venit
3191 4868 3578 4926 Mediolanum.

1570 4999 1792 5053 VARIIE
1848 4997 2128 5052 LECTION
2135 4996 2230 5051 ES.

268 5106 337 5137 ’°‘
379 5107 533 5162 deest
564 5106 622 5160 B.
700 5103 764 5134 ⁸⁸³
807 5101 1007 5158 Titulus
1040 5122 1055 5154 :
1087 5102 1162 5156 De
1210 5101 1488 5155 Frontone
1540 5112 1570 5152 a
1615 5095 1975 5153 Constantino
2031 5095 2294 5163 episcopo
2345 5073 2758 5164 Mediolanensi.
2800 5092 2890 5146 A*.
2933 5093 3006 5147 De
3062 5094 3120 5148 F.
3163 5092 3584 5164 archiepiscopo

196 5177 515 5234 simoniace
565 5175 841 5231 ordinato.
884 5174 998 5229 A".
1050 5173 1110 5227 B.
1149 5170 1234 5226 ΒΖ.
1313 5170 1377 5201 ²⁰⁶
1415 5173 1491 5224 ila
1524 5167 1608 5223 BI.
1652 5168 1844 5224 militie
1893 5162 2079 5221 codd.’
2123 5165 2186 5196 ²⁰⁷
2223 5162 2341 5232 Quo
2389 5163 2472 5218 BI.
2587 5162 2650 5193 ὀε
2686 5164 2762 5217 ita
2819 5164 2876 5218 Β.
2937 5164 3081 5219 deest
3131 5163 3247 5220 rell.
3326 5164 3390 5195 ²⁰⁹
3444 5162 3586 5222 deest

196 5248 282 5304 BI.
363 5249 433 5281 ²¹⁰
476 5247 887 5304 adscriberetur
914 5246 1000 5300 Bt.
1077 5243 1136 5274 ³⁸³
1177 5241 1449 5312 imperiali
1472 5239 1556 5296 Bl.

1791 5328 2007 5386 ΝΟΤιΕ.

272 5437 387 5508 (5⁸7)
432 5436 567 5492 Haec
595 5434 793 5491 fabella
831 5437 953 5489 orta
1000 5445 1119 5487 esse
1160 5429 1380 5486 videtur
1409 5429 1689 5512 ehem-ine
1719 5428 1863 5484 villae
2188 5425 2304 5480 Hoc
2333 5423 2389 5479 in
2429 5422 2651 5479 dubium
2683 5423 2896 5506 vocavit
2932 5421 3134 5480 Giulini
3164 5424 3206 5490 Ι,
3248 5422 3338 5478 80.

272 5510 376 5565 lina
418 5507 708 5567 Lamberli.
742 5520 888 5562 nunc
918 5501 1290 5567 Spitamberto,
1320 5515 1372 5556 γ.
1403 5499 1605 5557 Giulini
1644 5499 1682 5555 l.
1725 5499 1763 5555 l.
1807 5515 1862 5567 p.
2048 5497 2118 5550 09
2187 5496 2561 5567 Sc.ACarolum
2607 5495 2676 5550 ab
2723 5494 2964 5567 Adriano
2993 5500 3244 5553 vocatum
3274 5509 3338 5552 es

195 5494 384 5577 Spina'
418 5507 708 5576 Lamberli,
742 5520 888 5562 nunc
918 5501 1290 5577 Spitamqefto,
1320 5515 1372 5556 γ.
1403 5499 1605 5557 Giulini
1644 5499 1682 5555 l.
1725 5499 1763 5555 l.
1807 5515 1862 5571 p.
2021 5494 2144 5577 (59)
2179 5496 2561 5577 _$c.‘Carolum
2607 5495 2676 5577 ab
2723 5494 2964 5577 Adriano
2993 5500 3244 5553 vocatum
3274 5509 3416 5565 esse,
3466 5509 3587 5553 nam

196 5525 239 5565 δ
280 5525 376 5565 ιηα
418 5525 708 5576 Lamvem,
742 5525 888 5562 nunc
918 5525 1290 5577 opuumuerw,
1323 5525 1372 5556 νο
1403 5525 1605 5557 υιυιιιιι
1644 5525 1682 5555 I.
1725 5525 1763 5555 ι.
1807 5525 1862 5571 μ.
2021 5525 2144 5567 κου)
2187 5525 2274 5552 ou.
2307 5525 2561 5552 υαιυιυιιι
2607 5525 2676 5577 σιξ
2723 5525 2804 5551 nu

196 5525 289 5636 Bg.
337 5579 615 5636 Leibnitii
642 5581 783 5636 Ann.
819 5579 953 5647 Imp.
996 5575 1062 5641 ll,
1110 5572 1230 5626 175.
1948 5574 2148 5624 caetera
2175 5568 2253 5624 ibi
2283 5565 2483 5624 frustra
2503 5566 2810 5636 quaesreris.
