4022 6160
453 232 558 287 847
1008 232 1013 233 ⁷
1540 229 1871 285 LANDULFI
1909 226 2440 284 MEDIOLANENSIS
2475 225 2742 282 CLERICI
3730 225 3845 279 848

446 356 547 425 Qui
580 353 790 426 primus
816 353 1010 411 videns
1046 355 1426 425 episcopatum
1457 365 1557 423 per
1592 366 1740 408 arma
1765 353 1997 423 justitise
2037 358 2092 408 et
2113 350 2482 419 Acrudeliter
2509 356 2566 406 et
2602 363 2764 420 quam
2791 348 3092 406 saevissime
3131 365 3299 421 supra
3346 349 3574 407 calicem
3602 363 3839 406 aureum

448 445 778 503 electionem
825 443 1175 511 catholicam,
1212 443 1354 498 bona
1382 442 1493 498 vita
1522 446 1577 497 et
1606 440 1745 497 fama
1798 446 1853 497 et
1897 441 2094 512 praedi-
2174 441 2321 497 beati
2359 440 2652 507 Ambrosii,
2685 453 2847 511 quem
2885 440 3004 510 ipse
3061 441 3304 511 propriis
3348 440 3602 496 manibus
3639 453 3842 496 consa-

448 535 667 592 catione
743 533 1017 603 bonisque
1066 531 1351 597 moribus,
1407 530 1659 586 castitate
1723 536 1779 586 et
1841 531 2090 601 jejuniis,
2173 538 2441 598 oraverat,
2473 544 2666 586 aurum
2706 531 2879 599 cujus-
2911 529 3259 587 Theodosius
3307 530 3609 601 imperator
3637 536 3840 586 sancto

448 623 701 681 obtinere
730 636 840 679 non
863 635 1047 692 posse,
1069 620 1286 677 nobiles
1306 625 1362 676 et
1386 632 1635 690 magnam
1656 625 1865 690 partem
1891 620 2090 689 plebis,
2170 620 2459 677 Ambrosio
2477 619 2738 676 ‘dederat
2764 659 2780 686 ,
2829 632 2953 675 sese
2998 618 3193 676 habuit
3212 618 3300 689 m,
3351 618 3570 675 curiose
3630 617 3837 674 audia-

444 712 652 784 sparsis
679 711 999 768 muneribus
1027 709 1240 782 magnis
1280 709 1576 779 multisque
1606 708 2088 779 promissionibus,
2172 723 2293 766 mus
2321 709 2406 765 ¹²¹.

445 814 638 859 omnes
664 801 734 857 ad
784 799 1103 856 ﬁdelitatem
1154 812 1264 855 non
1314 799 1527 854 intrans
1574 812 1673 867 per
1710 798 1950 854 hostium
1980 799 2092 853 im-
2241 798 2490 853 Ausonia:
2512 802 2790 870 postquam
2817 795 2946 854 ditio
2970 797 3216 869 ﬂorentia
3240 798 3395 868 frena

442 892 631 962 pegit,
673 890 742 946 de
771 903 882 960 quo
930 889 1195 944 Dominus
1251 902 1350 958 per
1397 887 1736 958 evangelium
1767 887 2092 944 terribiliter
2312 888 2775 957 Langobardon
2811 888 3016 959 excepit
3045 887 3109 918 ²¹²
3138 885 3394 956 ecclesiae,

440 986 496 1037 et
522 993 656 1036 voce
680 979 922 1035 veridica
954 986 1009 1034 et
1038 977 1157 1035 viva
1205 978 1440 1045 intonat,
1490 976 1720 1033 dicens:
1748 994 1777 1029 «
1825 977 1927 1045 Qui
1975 990 2087 1034 non
2241 979 2373 1033 Hcce
2393 978 2572 1032 senior
2591 978 2737 1048 fama
2755 979 2983 1048 primum
3006 990 3104 1049 per
3131 976 3321 1032 moenia
3348 975 3510 1033 multa

437 1068 607 1128 intrat
636 1082 736 1139 per
762 1067 1003 1124 hostium
1042 1067 1100 1122 in
1150 1065 1293 1123 ovile
1340 1066 1521 1122 ovium
1547 1108 1561 1133 ,
1614 1079 1726 1122 non
1774 1070 1859 1121 est
1899 1072 2089 1136 pastor
2310 1070 2627 1124 Frontonem
2653 1067 2795 1122 sedis
2818 1065 2993 1138 fulcra
3019 1065 3223 1121 subisse
3248 1064 3390 1121 boat.

437 1159 640 1227 ovium,
689 1157 788 1214 sed
836 1162 921 1214 est
965 1156 1054 1213 fur
1101 1162 1157 1213 et
1202 1156 1344 1212 latro
1379 1156 1550 1228 (Joan.
1584 1171 1639 1223 x,
1689 1154 1757 1227 1).
1802 1174 1830 1207 »
1870 1157 1945 1211 De
1976 1170 2086 1226 quo
2237 1158 2558 1214 Promissum
2583 1155 2764 1211 crebro
2787 1155 3044 1227 premitur
3066 1154 3368 1226 persolvere
3390 1197 3404 1221 ,
3437 1167 3679 1224 cumque.

435 1247 631 1304 beatus
682 1246 1006 1304 Ambrosius
1076 1245 1275 1303 doctor
1331 1254 1387 1301 et
1443 1245 1704 1316 magister
1758 1246 2004 1301 veritatis
2024 1246 2087 1277 ²¹²
2311 1248 2425 1303 Nec
2453 1244 2676 1316 dapibus
2704 1243 2919 1316 reliquis
2938 1245 3055 1314 jam
3083 1243 3222 1314 quod
3250 1241 3463 1298 haberet
3490 1257 3653 1314 opem
3684 1263 3705 1297 :

434 1338 791 1409 subsequitur
819 1337 1011 1393 dicens
1044 1356 1057 1392 :
1095 1357 1121 1385 α
1155 1338 1198 1392 Ο
1229 1335 1419 1401 miser,
1462 1334 1611 1404 quod
1651 1333 1853 1389 dedisti
1893 1347 2085 1390 aurum
2238 1334 2547 1390 Ambrosius
2577 1333 2793 1390 calicem
2815 1338 3049 1390 sanctum
3069 1347 3218 1404 quem
3244 1333 3445 1403 fecerat
3473 1331 3598 1388 olim
3623 1376 3641 1399 ,

435 1425 537 1483 fuit
563 1470 579 1496 ,
624 1427 773 1498 quod
821 1425 1084 1496 accepisti
1116 1425 1273 1496 lepra
1296 1424 1363 1456 ²¹³
1392 1430 1496 1479 est.
1533 1443 1561 1476 »
1604 1423 1758 1479 Unde
1792 1438 1962 1493 super
1990 1426 2089 1479 Lu-
2310 1426 2493 1480 Cwsar
2519 1423 2807 1479 catholicus
2848 1422 3167 1479 Theodosius
3185 1422 3392 1493 pariter
3408 1443 3429 1487 ,-

432 1529 551 1571 cam
580 1519 677 1583 (ιν,
708 1514 799 1581 52)
837 1520 1062 1571 sanctus
1108 1514 1430 1571 Ambrosius
1463 1533 1476 1568 :
1513 1530 1543 1565 «
1578 1512 1991 1583 Inexplicabilis
2020 1510 2085 1543 ²¹⁵
2239 1512 2581 1583 Conﬂandum
2608 1513 2776 1568 isdem
2800 1510 3103 1583 perhibetur
3129 1511 3362 1567 traderet
3397 1511 3527 1581 igni,

436 1610 521 1661 est
549 1606 695 1661 enim
723 1603 933 1660 venditi
980 1603 1141 1673 culpa
1171 1602 1440 1674 mysterii,
1475 1606 1531 1659 et
1576 1603 1753 1674 gratia
1781 1616 1812 1657 a
1842 1601 2082 1658 vindicta
2305 1601 2447 1656 Proh
2484 1600 2638 1657 dolor
2664 1601 2925 1671 infaustus
2952 1600 3174 1671 turpiter
3201 1598 3430 1655 ocubuit.

435 1693 499 1725 ²¹⁵
546 1693 725 1750 oculis
752 1691 817 1725 ²¹⁶
846 1692 1044 1749 transit
1070 1693 1140 1747 ad
1181 1696 1452 1762 posteros.
1500 1713 1526 1742 ιι
1570 1693 1704 1747 Item
1753 1705 1922 1762 super
1978 1686 2143 1746 Lu-B
2234 1689 2288 1746 4.
2332 1692 2463 1746 Post
2483 1690 2552 1721 ³⁸⁸
2588 1690 2816 1747 multum
2866 1703 2997 1746 vero
3026 1695 3244 1759 tempus
3271 1689 3498 1745 veniens
3527 1696 3661 1760 post
3689 1690 3826 1746 bea-

435 1796 555 1838 cam
585 1781 677 1853 (1x,
713 1780 797 1854 19)
829 1795 845 1836 :
882 1802 908 1831 α
947 1783 1008 1837 In
1030 1780 1264 1837 ecclesia
1285 1780 1381 1836 Dei
1402 1781 1740 1837 consortium
1760 1795 1858 1837 eos
1878 1781 2080 1836 habere
2168 1784 2280 1834 tum
2319 1780 2606 1850 Agapitum
2651 1779 2772 1851 (61)
2809 1780 2962 1835 urbis
2990 1781 3178 1835 Romae
3209 1778 3526 1849 pontiﬁcem
3566 1793 3825 1836 reveren-

435 1885 547 1929 non
576 1884 762 1941 posse,
805 1870 899 1941 qui
946 1870 1125 1926 sancti
1171 1870 1411 1939 Spiritus
1443 1869 1671 1941 gratiam
1713 1884 1822 1926 non
1855 1870 2083 1941 dignen—
2164 1867 2409 1924 tissimus
2474 1873 2662 1939 pastor
2707 1872 2764 1923 et
2820 1880 2961 1936 papa
3014 1867 3330 1937 Gregorius,
3380 1868 3571 1924 divino
3617 1870 3821 1939 spiritu

435 1966 525 2017 tur
543 1960 627 2016 “7.
667 1960 848 2016 Gratis
893 1959 1038 2015 enim
1068 1957 1384 2028 accepistis,
1432 1964 1486 2014 et
1533 1958 1704 2028 gratis
1742 1958 1888 2014 date.
1922 1959 2082 2014 Deni-

432 2063 541 2120 que
588 2048 832 2121 Symoni,
865 2049 960 2118 qui
1017 2046 1398 2103 sanctiﬁcandi
1447 2061 1646 2103 munus
1676 2048 1856 2116 pretio
1907 2047 1963 2102 in
2018 2061 2078 2103 se

431 2140 642 2207 putavit
687 2151 851 2208 posse
899 2136 1174 2205 conferre,
1206 2136 1496 2207 respondit
1541 2138 1737 2192 Petrus
1769 2156 1782 2192 :
1816 2136 2074 2201 Pecunia,

430 2226 631 2296 inquit,
684 2230 778 2282 tua
834 2232 1016 2282 tecum
1063 2227 1136 2281 sit
1182 2225 1238 2280 in
1287 2226 1676 2296 perditionem.
1728 2225 1991 2293 Quoniam
2014 2224 2079 2256 ²¹⁸

426 2315 657 2385 gratiam
686 2315 784 2371 Dei
816 2321 977 2386 putas
1020 2321 1074 2370 te
1121 2316 1356 2384 pecunia
1401 2315 1668 2384 consequi
1708 2328 1909 2384 posse,
1964 2328 2075 2369 non

426 2411 510 2460 est
538 2405 640 2460 tibi
669 2418 798 2475 pars
843 2418 948 2460 nec
996 2418 1120 2460 sors
1169 2404 1226 2460 in
1265 2404 1369 2459 hac
1406 2403 1513 2459 ﬁde
1552 2402 1691 2473 (Act.
1733 2419 1853 2472 VIII,
1893 2402 2001 2474 20).
2045 2423 2072 2457 »

424 2494 559 2549 Item
615 2492 684 2549 de
738 2492 991 2549 ecclesiis
1037 2493 1095 2547 in
1125 2492 1318 2549 eodem
1373 2492 1464 2561 (ιχ,
1513 2493 1590 2562 17)
1629 2512 1641 2547 :
1679 2512 1705 2542 α
1746 2493 1889 2548 Deus
1928 2494 2074 2549 enim

423 2580 487 2613 ²¹⁹
524 2581 788 2652 templum
834 2595 994 2637 suum
1041 2594 1153 2637 non
1202 2580 1526 2637 mercatoris
1573 2580 1688 2636 vult
1734 2595 1855 2637 esse
1886 2582 2074 2639 diver-

421 2670 664 2739 sorium,
714 2670 811 2726 sed
868 2669 1207 2726 domicilium
1261 2668 1607 2736 sanctitatis,
1667 2683 1769 2726 nec
1807 2670 2070 2727 vendibili

422 2759 708 2831 religionis
735 2758 917 2816 ofﬁcio
942 2803 957 2828 ,
1006 2760 1105 2816 sed
1135 2758 1404 2829 obsequio
1434 2759 1673 2830 gratuito
1710 2773 1866 2815 usum
1903 2758 2070 2815 mini-

421 2849 575 2905 sterii
614 2848 975 2906 sacerdotalis
1021 2848 1297 2905 informat.
1342 2867 1370 2900 »
1413 2849 1697 2905 Postremo
1738 2850 1941 2905 Fronto
1973 2864 2072 2919 per

421 2936 678 2994 undecim
729 2939 918 2994 vivens
966 2951 1161 3005 annos,
1203 2938 1386 2993 omnia
1434 2937 1580 2993 bona
1622 2944 1679 2991 et
1726 2937 1885 3004 mala,
1922 2939 2071 3007 justa

2162 1959 2496 2014 ammonitus
2517 1997 2534 2022 ,
2574 1971 2767 2013 omnes
2792 1957 3020 2033 [Latinae
3058 1956 3261 2028 linguae
3301 1957 3567 2014 ecclesias
3601 1973 3709 2029 per
3743 1958 3823 2015 di-

2162 2060 2318 2102 versa
2349 2045 2528 2102 ofﬁcia
2577 2045 2806 2102 multum
2862 2044 3242 2116 discrepantes
3284 2046 3441 2102 vidit.
3470 2047 3576 2114 Qui
3606 2053 3818 2104 tantum

2161 2136 2273 2191 Deo
2304 2141 2579 2190 annuente
2619 2135 2686 2190 ad
2718 2135 2982 2190 unitatem
3021 2135 3281 2191 Romanae
3328 2135 3582 2191 ecclesiae
3613 2143 3822 2207 praeter

2160 2223 2226 2255 ¹²⁴
2262 2225 2682 2280 Ambrosianum
2720 2223 3024 2279 misterium
3061 2225 3486 2294 compescuitet
3516 2225 3816 2292 revocavit,

2161 2311 2352 2369 dicens
2386 2333 2398 2367 :
2430 2329 2458 2363 ‹‹
2497 2313 2541 2368 Ο
2570 2311 2769 2368 fratres
2793 2316 2850 2368 et
2878 2326 2912 2369 o
2950 2313 3248 2368 venerandi
3281 2321 3484 2384 patres,
3521 2313 3734 2370 decens
3762 2322 3817 2370 et

2157 2406 2479 2472 competens
2506 2402 2648 2457 ratio
2679 2401 2841 2457 nobis
2867 2415 2989 2457 esse
3011 2402 3327 2469 ascribitur,
3355 2402 3527 2459 Paulo
3557 2404 3815 2473 apostolo

2161 2506 2262 2562 per
2278 2491 2543 2561 Spiritum
2565 2498 2814 2547 sanctum
2835 2491 3076 2548 dicente:
3101 2511 3129 2543 «
3162 2494 3313 2548 Unus
3333 2494 3495 2561 Deus,
3522 2506 3634 2549 una
3652 2492 3809 2557 ﬁdes,

2156 2595 2322 2638 unum
2352 2580 2682 2650 baptismum
2716 2579 2878 2652 (Eph.
2921 2596 2999 2648 ιν,
3038 2580 3127 2652 5),
3160 2599 3189 2633 ››
3231 2582 3307 2637 ita
3335 2582 3426 2649 sit,
3462 2596 3635 2638 unum
3666 2596 3811 2652 mys-

2156 2670 2354 2727 terium
2377 2670 2547 2726 totius
2567 2670 2768 2742 linguae
2797 2684 2918 2726 esse
2938 2669 3141 2726 debere
3169 2670 3397 2729 Latinae.
3421 2690 3451 2724 »
3473 2673 3594 2739 Quo
3614 2671 3810 2728 audito

2155 2758 2411 2815 omnibus
2442 2758 2719 2830 religiosis
2757 2758 2888 2814 viris
2942 2760 3038 2828 qui
3073 2761 3423 2816 antestabant
3469 2759 3807 2826 terretactis,

2155 2862 2387 2918 quorum
2419 2853 2645 2904 noverat
2674 2847 2876 2904 multos
2904 2853 3126 2905 sanctos
3146 2849 3296 2905 viros
3323 2848 3667 2904 diversarum
3698 2855 3813 2904 ter-

2154 2951 2358 3003 rarum,
2408 2950 2509 3007 pro
2538 2936 2604 2967 ¹²⁸
2652 2937 2948 3007 unicuique
2995 2937 3139 2993 sicut
3186 2938 3328 2993 Deus
3373 2937 3678 2993 donaverat
3721 2936 3811 2992 di-

424 3034 481 3081 et
525 3026 730 3096 injusta
776 3026 988 3081 habens
1036 3026 1368 3096 promiscua,
1411 3038 1604 3082 omnes
1650 3025 1813 3097 hujus
1865 3018 2307 3084 sanctterersa
2338 3024 2556 3093 ofﬁcia,
2592 3032 2836 3082 sanctam
2885 3024 3204 3082 Trinitatem
3255 3032 3310 3082 et
3356 3026 3636 3081 Unitatem
3677 3039 3810 3082 con-

424 3114 800 3170 Ambrosianae
847 3115 1099 3170 ecclesiae
1147 3113 1262 3170 fere
1301 3116 1450 3170 intus
1498 3121 1554 3170 et
1599 3112 1736 3170 foris
1783 3114 2072 3173 thesauros

404 3196 760 3260 ’devastando
808 3208 864 3259 et
916 3202 1055 3259 male
1102 3202 1466 3272 expendendo
1515 3206 1929 3262 consummavit.
1969 3206 2072 3274 Qui

420 3291 655 3363 quadam
703 3290 794 3348 die
851 3305 974 3348 cum
1032 3292 1193 3348 turba
1240 3283 1465 3348 suorum
1516 3292 1750 3348 militum
1797 3295 2068 3364 stipatus,

417 3381 688 3437 ordinatis
738 3381 968 3437 canibus
1014 3387 1070 3437 et
1106 3381 1498 3449 venatoribus,
1548 3383 1616 3438 ad
1667 3396 1859 3439 nemus
1919 3383 2069 3454 quod

413 3470 785 3528 Caminadella
819 3470 940 3544 (60)
984 3485 1158 3542 usque
1202 3472 1368 3528 hodie
1415 3479 1680 3539 vocatur,
1722 3472 1946 3541 ivisset,
2015 3479 2071 3530 et

411 3560 691 3617 inventam
728 3557 898 3616 feram
947 3559 1014 3616 ad
1060 3567 1293 3617 mortem
1326 3567 1547 3616 curaret
1581 3561 1896 3630 deducere;
1939 3576 2068 3619 ecce

412 3651 598 3707 subito
635 3651 717 3706 ira
764 3650 862 3706 Dei
909 3654 966 3706 et
1012 3650 1230 3721 ﬂagello
1282 3656 1596 3720 praeventus
1645 3650 1954 3720 citissimo,
2011 3653 2068 3707 in

412 3738 537 3795 loco
566 3739 859 3795 incurrens
887 3737 1035 3808 quod
1076 3739 1281 3794 dicitur
1327 3743 1529 3795 Puteus
1574 3742 1892 3808 Averanus,
1943 3754 2067 3797 eum

414 3827 572 3898 palus
600 3827 887 3882 absorbuit
919 3847 931 3882 :
976 3833 1032 3882 et
1078 3828 1236 3897 quasi
1284 3830 1453 3883 Datan
1484 3834 1539 3884 et
1566 3829 1774 3885 Abiron
1806 3830 1940 3885 iram
1970 3831 2066 3886 Dei

417 3914 865 3985 provocantibus,
915 3914 996 3970 sic
1035 3929 1156 3971 eum
1207 3922 1369 3973 terrae
1419 3917 1709 3973 inundatio
1755 3918 2061 3976 absorbuit.

414 4002 588 4073 Igitur
616 4003 895 4057 Frontone
925 4002 1065 4059 male
1095 4011 1312 4060 mortuo
1345 4007 1611 4075 pejusque
1641 4006 1881 4076 sepulto,
1914 4008 2063 4077 quod

412 4090 752 4161 epitaphium
782 4092 903 4159 ejus
933 4132 948 4157 ,
998 4091 1146 4161 quod
1187 4105 1289 4161 ego
1335 4100 1526 4162 postea
1564 4095 1856 4150 transactis
1885 4109 2064 4151 anno-

413 4194 532 4236 rum
561 4179 749 4236 multis
778 4179 1071 4235 curriculis
1107 4180 1165 4235 in
1216 4180 1397 4251 lapide
1447 4180 1643 4252 polito,
1677 4181 1899 4252 pulvere
1929 4198 2061 4239 cor-

413 4269 567 4341 poris
603 4270 724 4340 ejus
752 4269 981 4326 absente
1026 4268 1230 4336 inveni,
1264 4269 1417 4326 dicat
1445 4270 1732 4326 audiamus
1765 4291 1777 4326 :
1812 4277 1867 4327 et
1896 4286 2059 4342 quam

2154 3115 2434 3171 laudantia
2463 3114 2703 3171 ﬁdeliter
2750 3123 2805 3171 et
2842 3114 3069 3170 miriﬁce
3095 3115 3455 3172 decantantes
3490 3115 3804 3172 ordinasse.

2154 3204 2393 3260 Tandem
2444 3204 2831 3261 conlaudatum
2890 3209 2945 3260 et
2985 3203 3365 3260 conﬁrmatum
3413 3210 3517 3259 est.
3577 3204 3685 3260 Sed
3731 3204 3805 3260 de

2152 3294 2515 3351 Ambrosiano
2546 3294 2808 3365 mysterio
2838 3292 3032 3349 videns
3077 3308 3198 3350 esse
3236 3292 3436 3350 factum
3466 3292 3659 3350 divino
3696 3308 3807 3351 ma.

2152 3384 2402 3455 gisterio,
2436 3383 2661 3439 timidus
2696 3382 2967 3439 subsistit.

2222 3471 2276 3526 5.
2317 3474 2434 3541 Quo
2464 3472 2529 3504 ²²⁶
2551 3471 2608 3528 in
2656 3477 2905 3543 tempore
2948 3470 3064 3543 (an.
3112 3470 3246 3543 593)
3297 3472 3655 3529 Constantius
3689 3474 3804 3544 epi-

2151 3575 2355 3632 scopus
2405 3561 2713 3617 catholicus
2762 3560 3146 3631 catholicoque
3184 3560 3492 3626 ordinatus,
3534 3562 3733 3618 tertius
3769 3576 3801 3617 ι

2153 3651 2450 3716 Frontone,
2484 3649 2752 3706 diaconus
2796 3656 3003 3706 sancta:
3048 3650 3310 3706 Romanae
3339 3650 3595 3707 ecclesiae
3630 3650 3757 3723 (62)
3782 3694 3798 3719 ,

2151 3752 2314 3809 quem
2371 3740 2566 3794 beatus
2609 3739 2907 3810 Gregorius
2960 3738 3308 3810 Dialogorum
3375 3738 3432 3795 in
3501 3738 3799 3795 diaconatu

2149 3834 2588 3895 consecraverat,
2619 3827 2715 3898 qui
2762 3828 2832 3884 ad
2887 3827 3204 3895 concilium,
3237 3828 3385 3898 quod
3441 3826 3640 3884 beatus
3674 3830 3800 3885 Gre-

2146 3916 2337 3988 gorius
2364 3915 2713 3985 celebrabat,
2765 3931 2890 3973 cum
2935 3916 3065 3973 viris
3112 3917 3383 3974 timoratis
3419 3922 3477 3972 et
3520 3917 3800 3989 episcOpis

2148 4005 2507 4076 suﬁ'raganeis
2553 4007 2638 4062 sui
2673 4012 2728 4062 et
2765 4006 2912 4062 beati
2961 4006 3235 4062 Ambrosii
3286 4005 3476 4062 multis
3512 4011 3570 4062 et
3598 4020 3795 4079 magno

2148 4095 2394 4150 exercitu
2425 4095 2931 4152 strenuissimorum
2952 4095 3184 4151 militum
3204 4096 3441 4165 stipatus
3468 4096 3641 4151 iverat
3659 4094 3788 4163 (63).

2145 4183 2301 4252 Quod
2333 4183 2556 4250 factum,
2598 4184 2804 4255 Spiritu
2850 4191 3042 4241 sancto
3089 4183 3529 4253 administrante,
3562 4191 3619 4240 et
3653 4185 3795 4241 Con-

2146 4274 2349 4329 stantio
2378 4273 2798 4345 archiepiscopo
2828 4287 2952 4330 cum
2980 4273 3234 4330 omnibus
3280 4272 3537 4331 ﬁdelibus
3573 4273 3797 4331 clericis

1776 4362 1995 4418 VARle
2035 4362 2319 4419 LECTION
2324 4363 2422 4419 ES.

480 4436 544 4524 ξιξ
589 4436 646 4493 d.
675 4450 738 4524 νᾳ.
771 4452 844 4494 m.
878 4438 1241 4524 vadesuntoB.
1317 4438 1382 4523 'f’
1415 4440 1495 4524 ita
1523 4442 1607 4497 BI.
1632 4441 2143 4524 lepta'codd.-Quod
2175 4443 2399 4524 accepit-
2420 4440 2776 4524 θεωρία-ξιιῆ
2804 4446 2867 4524 et
2888 4441 3036 4524 quod
3066 4440 3221 4524 dedit
3248 4441 3411 4524 lepra_
3432 4440 3559 4507 fuit,
3584 4441 3792 4524 delegi-

406 4522 565 4580 scopo
591 4509 802 4565 ordines
828 4510 1077 4566 vendente
1107 4511 1299 4566 dicitur
1324 4512 1379 4566 in
1407 4510 1540 4568 libro
1564 4509 1829 4584 pastorali
1854 4509 2133 4570 Ambrosio
2162 4509 2453 4586 supposito,
2481 4531 2528 4570 c.
2559 4516 2615 4569 5.
2648 4516 2735 4570 W.
2811 4513 2874 4545 '“
2900 4509 3253 4583 inexpiabilis
3289 4509 3536 4569 Ambros.
3612 4509 3790 4569 m'ita

409 4581 469 4636 Β.
511 4594 584 4637 m.
618 4595 649 4636 a
677 4581 798 4639 lege
827 4597 878 4638 v.
911 4583 1030 4637 A**.
1064 4596 1137 4637 m.
1188 4596 1239 4638 a.
1288 4596 1453 4639 grege
1501 4600 1552 4639 v.
1602 4585 1693 4639 A*.
1728 4599 1801 4639 m.
1840 4593 1893 4639 et
1922 4587 2097 4639 gratia
2135 4600 2167 4639 a
2203 4585 2323 4639 lege
2353 4586 2628 4639 vindicata
2656 4585 2742 4639 Bt.
2783 4585 2846 4616 ²¹⁶
2883 4586 3121 4639 caelestis
3149 4582 3331 4639 Ambr.
3375 4584 3440 4614 ²¹⁷
3477 4598 3535 4639 ε.
3586 4586 3789 4639 nundi-

409 4585 469 4636 B.
511 4594 584 4637 m.
618 4595 649 4636 a
677 4585 798 4708 lege
827 4597 878 4638 v.
911 4585 1030 4663 Mf.
1064 4596 1137 4637 m.
1188 4596 1239 4638 a.
1288 4596 1453 4653 grege
1501 4600 1552 4641 v.
1602 4585 1693 4640 A*.
1728 4599 1801 4640 ιιι.
1840 4593 1893 4641 et
1922 4587 2097 4656 gratia
2135 4600 2167 4641 a
2203 4585 2323 4656 lege
2353 4586 2628 4643 vindicata
2656 4585 2742 4640 Bt.
2783 4585 2846 4616 ²¹⁶
2883 4586 3121 4641 caelestis
3149 4585 3331 4639 Ambr.
3375 4585 3440 4614 ²¹⁷
3477 4598 3535 4655 g.
3586 4586 3779 4641 nundi-

408 4653 736 4736 nenturAm
772 4668 818 4708 r.
896 4652 1053 4736 "sita
1082 4655 1141 4709 Β.
1167 4668 1327 4736 quam
1358 4654 1473 4711 reti.
1552 4655 1616 4686 ἰθ
1653 4664 1843 4736 noster
1861 4658 1944 4712 Bt.
1977 4728 1991 4736 _
2021 4656 2087 4688 “°
2116 4656 2474 4736 habueritBi.
2552 4657 2614 4736 ‘ff
2644 4655 2877 4736 βαίη-ξφα
2900 4658 3139 4736 :_Yer_sus
3161 4656 3463 4736 Frontonis
3492 4655 3779 4736 episcopi,

406 4724 502 4806 qui
541 4724 751 4806 primus
781 4738 879 4794 per
906 4724 1101 4806 malam
1130 4726 1458 4806 electionem
1502 4728 1852 4806 sym_oniacus
1897 4728 2085 4806 sedem
2099 4730 2310 4806 _sanct_i
2338 4729 2611 4806 A_mbrosii
2638 4728 2857 4806 invasit.
2879 4729 2996 4806 ~A*..
3026 4728 3151 4806 A'f.
3191 4724 3545 4806 Bl._l_/ersus‘
3569 4724 3783 4806 reperti

406 4795 723 4879 ubi_debuit
751 4810 870 4879 esse
900 4796 1213 4879 sepulcrum
1256 4795 1570 4879 Frontonis.
1603 4801 1701 4879 Β...
1743 4800 1806 4831 ’³³
1835 4800 2065 4879 excipit
2086 4798 2170 4855 Bt.
2239 4799 2312 4879 f”
2354 4798 2555 4879 Titulus
2584 4800 2848 4879 .{Sermo_
2869 4795 3157 4879 Constanti
3196 4795 3786 4879 archiepiscopi—Ile-

406 4865 637 4938 diolani,
670 4867 908 4937 qualiter
936 4865 1130 4924 beatus
1155 4869 1451 4938 Gregorius
1479 4870 1549 4926 de
1580 4870 1891 4927 ordinando
1922 4865 2105 4927 ofﬁcio
2157 4870 2451 4927 universali
2499 4870 2769 4926 tractavit.
2812 4872 2871 4926 B.
2935 4869 3163 4926 tentavit
3199 4868 3321 4924 A“.
3368 4865 3457 4925 BI.
3488 4865 3783 4927 Ordinatio

414 4937 800 5014 ministrorum
822 4940 1063 5014 omnium
1094 4937 1410 5014 Latinorum
1433 4943 1746 5014 composita
1775 4949 1827 4999 et
1859 4943 2112 5000 ordinata
2141 4956 2171 4997 a
2200 4943 2255 5014 S.
2296 4943 2559 5014 Gregorio
2608 4940 2868 5011 pontiﬁce
2914 4943 3180 5014 Romano.
3221 4941 3620 5014 Constantinus
3639 4943 3780 5014 epi-

412 5011 618 5083 scopis,
650 5009 1085 5081 archiepiscopis
1114 5016 1173 5066 ut
1209 5012 1264 5067 in
1294 5012 1483 5068 seculo
1532 5009 1841 5080 videantur,
1892 5014 2014 5071 haec
2060 5013 2303 5083 scripsit.
2334 5009 2426 5069 Α”ῖ

569 5082 646 5138 De
675 5083 1018 5149 Constantio,
1051 5083 1209 5152 cujus
1237 5083 1513 5153 probitate
1562 5086 1926 5142 ministerium
1957 5082 2374 5141 AmbroSianum
2409 5084 2478 5140 ab
2506 5082 2726 5140 invidis
2745 5090 2921 5140 tutum
2964 5089 3020 5140 et
3065 5082 3352 5139 defensum
3380 5088 3487 5140 est.
3517 5084 3642 5140 A“.
3685 5082 3773 5141 BI.

410 5078 539 5135 las}

2504 5013 2569 5044 ³³⁸
2607 5010 2835 5083 propter
2869 5012 2955 5069 BI.
3032 5011 3096 5042 ⁸³⁵
3136 5017 3299 5083 prout
3354 5010 3442 5067 Bt.
3521 5011 3588 5042 “‘
3630 5010 3782 5083 Titu-

404 5152 605 5227 lncipﬁit
633 5154 703 5211 de
732 5159 831 5211 etc.
862 5155 954 5210 A*.
995 5152 1249 5222 Qualiter
1276 5155 1560 5212 laboribus
1605 5158 1914 5215 Constantii
1959 5157 2366 5227 archiepisc0pi
2412 5156 2831 5213 Ambrosianum
2860 5155 3091 5212 ofﬁtium
3120 5154 3188 5210 ab
3217 5154 3420 5212 invidis
3457 5159 3772 5226 protectum

1978 5299 2194 5356 ΝΟΤΛΕ.

404 5229 508 5279 est.
548 5226 610 5280 B.

477 5381 595 5455 (60)
637 5383 827 5442 Adhuc
882 5390 1137 5457 superest
1191 5402 1390 5443 nomen
1449 5388 1559 5445 loci
1615 5396 1768 5446 extra
1824 5391 2042 5448 Portam

400 5453 653 5527 Tonsam,
686 5458 781 5527 qui
811 5453 1017 5514 dicitur
1057 5460 1262 5515 Nemus
1291 5460 1699 5519 Caminadellze.
1747 5464 2036 5520 PURICELL.

474 5523 596 5595 (61)
636 5523 767 5582 Post
795 5528 1073 5599 Pelagium
1112 5531 1180 5599 ll,
1212 5544 1263 5586 a.
1303 5531 1430 5589 590.

2227 5386 2323 5458 62)
2365 5389 2478 5445 Imo
2507 5387 2951 5456 Mediolanensis,
2977 5401 3028 5442 v.
3060 5386 3308 5458 Gregorii
3337 5387 3381 5454 Ι,
3412 5386 3517 5457 Ep.
3555 5397 3647 5453 In,
3679 5385 3767 5441 29.

2227 5387 2323 5529 62)
2365 5389 2478 5445 Imo
2507 5387 2951 5456 Mediolanensis,
2977 5401 3028 5442 v.
3060 5387 3308 5458 Gregorii
3337 5387 3381 5454 Ι,
3412 5387 3517 5457 Ep.
3555 5397 3647 5453 In,
3679 5387 3767 5441 29.

2199 5387 2826 5586 ἑφᾼῃῗθῧὶῗιῗιιιῐίιὲιὲ.
2858 5462 3061 5517 Genua:
3098 5458 3391 5525 manebat;
3453 5470 3504 5513 v.
3565 5458 3767 5515 Fuma-

2118 5528 2250 5601 galli
2277 5528 2404 5588 Ant.
2434 5530 2548 5587 Mil.
2580 5546 2667 5601 ιιι,
2707 5531 2826 5587 135.
