4022 6160
166 369 261 425 849

1195 364 1505 422 HISTORIA
1544 364 2094 422 MEDIOLANENSIS.
2135 394 2205 406 —
2243 365 2368 421 LIB.
2409 367 2476 422 Il.

3411 370 3518 426 850

162 501 212 553 et
237 492 399 564 laycis
423 491 704 563 episcopis
740 489 1018 562 religiosis
1054 490 1553 561 interpellantibus,
1596 491 1791 561 partim
1809 490 2124 552 Atissimus
2154 505 2295 561 papa
2321 490 2617 561 Gregorius
2654 490 2710 546 in
2739 489 2965 561 Dialogo
2995 491 3312 562 descripsit,
3351 509 3519 565 appa-

162 585 342 642 timore
382 583 478 637 Dei
518 589 573 637 et
611 581 757 636 beati
795 581 1090 647 Ambrosii,
1130 582 1313 637 sciens
1360 595 1483 636 eum
1532 581 1587 635 in
1637 594 1794 636 exer-

159 675 280 732 citio
317 673 504 729 divino
550 671 736 727 multis
781 685 844 727 ac
886 673 1095 742 magnis
1143 671 1423 728 laboribus
1452 671 1582 727 olim
1631 671 1794 727 desu-

157 766 324 830 dasse,
383 762 580 833 partim
625 768 855 832 propter
921 763 1204 818 caritatem
1253 769 1307 817 et
1356 775 1594 817 amorem
1651 762 1792 817 Con-

156 853 330 911 stantii
353 853 604 922 episcopi
635 851 810 907 dixit:
849 870 875 902 ‹‹
910 851 1155 907 Ecclesia
1183 851 1544 907 Ambrosiana
1594 850 1650 906 in
1689 865 1790 907 suo

153 947 286 998 statu
313 947 652 1011 permaneat.
690 957 720 996 »

215 1030 266 1086 6.
307 1033 428 1087 Non
469 1030 533 1060 ³³⁷
574 1037 700 1100 post
741 1030 969 1086 multum
1021 1038 1237 1100 tempus
1276 1029 1523 1086 ordinem
1564 1030 1793 1085 Ambro-

149 1120 376 1186 sianum,
419 1134 581 1190 quem
630 1120 984 1175 Constantius
1023 1119 1332 1190 apostolico
1380 1119 1608 1174 multum
1650 1133 1792 1175 con-

147 1205 475 1271 laudaverat,
528 1220 559 1260 a
604 1203 862 1262 ﬁdelibus
891 1206 1006 1261 suis
1056 1206 1441 1276 repraesentari
1491 1206 1595 1261 sibi
1641 1221 1793 1276 prte-

147 1296 306 1365 cepit.
345 1294 501 1362 Quod
532 1293 736 1349 factum
766 1300 868 1361 est,
903 1302 1037 1350 nutu
1079 1296 1264 1350 divino
1305 1295 1500 1365 legatis
1546 1295 1613 1350 ad
1663 1310 1788 1351 eum

146 1384 570 1450 revertentibus,
620 1384 824 1453 quibus
871 1385 989 1454 ipse
1028 1385 1389 1454 imperaverat
1427 1389 1488 1439 ut
1534 1384 1786 1440 ordinem

140 1470 486 1528 Ambrosiani
526 1471 774 1541 mysterii
823 1473 969 1527 circa
1010 1479 1224 1541 tempus
1253 1479 1515 1527 statutum
1555 1473 1662 1527 sibi
1693 1487 1785 1529 re-

143 1567 282 1616 mota
313 1560 467 1616 omni
508 1560 801 1616 occasione
841 1567 1352 1630 reprazsentaretur.
1413 1561 1518 1616 Sed
1568 1575 1690 1617 cum
1732 1563 1786 1616 in

140 1650 345 1720 palatio
377 1650 446 1705 de
495 1650 706 1720 magnis
754 1651 991 1720 negotiis
1030 1665 1152 1705 cum
1199 1650 1573 1706 cardinalibus
1611 1653 1787 1706 omni-

140 1739 256 1804 bus,
289 1739 388 1809 qui
429 1740 498 1795 de
527 1740 703 1794 sancti
744 1739 1014 1795 Ambrosii
1047 1740 1306 1809 mysterio
1336 1739 1390 1794 in
1422 1739 1634 1809 synodo
1671 1755 1787 1796 ser-

1878 585 1996 645 ret;
2031 584 2086 635 et
2124 595 2284 650 quam
2317 579 2675 650 paternaliter
2719 581 2786 635 ad
2829 579 3062 636 clericos
3105 582 3515 651 Ambrosianos,

1876 669 1972 737 qui
2002 669 2205 736 injuste
2236 683 2266 724 a
2297 667 2450 724 falsis
2467 668 2730 725 fratribus
2759 674 2859 724 eta
2891 669 3048 725 malis
3079 675 3133 725 et
3162 669 3435 739 pessimis,
3457 672 3520 704 ³⁸³

1875 757 2049 824 laicis,
2096 766 2325 828 propter
2363 758 2688 815 electionem
2739 774 2900 828 quam
2941 759 3212 814 catholice
3257 766 3312 816 et
3359 775 3524 817 cano-

1875 847 1998 902 nice
2031 847 2297 914 fecerant,
2328 848 2700 917 patiebantur,
2733 863 2833 918 per
2880 847 3369 905 luculentissimam
3399 851 3522 920 epi-

1875 936 2071 993 stolam
2114 951 2210 992 eos
2247 936 2559 992 adhortavit
2597 937 2822 1004 editam,
2875 953 2999 1008 quae
3038 953 3214 1008 usque
3253 939 3418 996 modo
3467 941 3523 997 in

1874 1026 2108 1096 registro
2141 1026 2386 1095 ejusdem
2419 1027 2716 1082 invenitur.
2762 1029 2934 1097 Igitur
2981 1029 3188 1095 Datius,
3231 1029 3359 1098 quia
3399 1029 3520 1100 epi-

1872 1129 2075 1185 scopus
2105 1123 2159 1169 et
2198 1116 2423 1184 majoris
2449 1115 2734 1186 dignitatis
2771 1131 2891 1172 esse
2929 1117 3242 1183 ascribitur,
3277 1126 3336 1173 ut
3366 1125 3522 1188 pater

1872 1204 2014 1260 ﬁlios
2044 1204 2341 1274 praecedat.
2374 1205 2451 1260 De
2482 1218 2593 1274 quo
2642 1205 2838 1260 beatus
2885 1207 3182 1277 Gregorius
3231 1207 3375 1263 inter
3423 1223 3522 1263 ce-

1871 1298 1988 1349 tera
2028 1294 2310 1360 miracula,
2353 1308 2477 1363 quae
2525 1309 2648 1349 cum
2699 1296 2862 1350 Petro
2918 1297 3178 1363 narravit,
3241 1297 3519 1366 quoddam

1874 1383 2221 1453 magniﬁcum
2262 1388 2427 1452 atque
2478 1383 2727 1439 mirabile
2776 1384 3072 1455 descripsit
3117 1385 3310 1441 dicens
3347 1385 3514 1457 (Dial.

1871 1487 1952 1536 ιιι,
1986 1471 2040 1543 4)
2068 1493 2080 1526 :

1939 1561 1992 1615 7.
2033 1563 2358 1631 «Tempore
2387 1561 2452 1592 ’³³
2479 1561 2774 1616 Iustiniani
2815 1563 3105 1632 principis,
3156 1578 3280 1619 cum
3330 1565 3518 1621 Datius

1870 1650 2294 1706 Mediolanensis
2359 1650 2513 1705 urbis
2578 1651 2876 1719 episcopus
2933 1665 3095 1706 causa
3136 1651 3264 1707 ﬁdei
3325 1655 3514 1724 exagi-

1871 1743 2015 1794 tatus
2044 1739 2108 1770 ³³³
2145 1739 2213 1794 ad
2263 1739 2928 1808 Constantinopolitanam
2977 1740 3168 1796 urbem
3221 1747 3513 1812 pergeret,

139 1828 396 1883 mocinati
439 1827 676 1895 fuerant,
711 1835 1038 1883 tractantem
1083 1828 1248 1898 legati
1297 1818 2140 1898 supervenissent:BCorinthii
2183 1829 2245 1861 ²³³
2285 1828 2524 1885 devenit.
2583 1830 2683 1896 Qui
2741 1829 2869 1885 dum
2909 1829 3112 1900 largam
3170 1830 3391 1886 domum
3448 1833 3516 1886 ad

138 1929 264 1971 ecce
305 1917 494 1972 subito
534 1931 642 1972 non
695 1917 910 1973 modica
959 1918 1050 1973 lux
1107 1917 1360 1983 refulsit;
1421 1924 1476 1972 et
1532 1918 1787 1973 omnibus

136 2011 341 2072 praeter
378 2006 746 2075 apostolicum
779 2007 833 2061 in
874 2014 1020 2062 terra
1053 2007 1222 2062 nimio
1249 2021 1446 2076 pavore
1473 2007 1782 2076 prostratis,

134 2093 522 2164 ignorantibus
560 2102 768 2152 tantum
819 2096 883 2126 ³³⁸
921 2097 1053 2166 quid
1104 2097 1210 2152 hoc
1253 2104 1418 2162 esset,
1470 2111 1609 2166 papa
1659 2103 1784 2152 tan-

135 2189 244 2237 tum
287 2184 358 2215 ²²⁸
387 2198 497 2240 non
528 2185 744 2240 modice
777 2187 1095 2241 mirabatur.
1129 2187 1342 2241 interea
1392 2185 1556 2256 legati
1604 2199 1786 2240 rever-

132 2277 319 2330 tentes
357 2288 390 2328 a
429 2275 590 2330 beato
622 2276 945 2330 Constantio
987 2275 1140 2330 urbis
1188 2275 1614 2330 Mediolanensis
1660 2274 1782 2344 epi-

128 2375 328 2432 scopo,
363 2363 600 2420 salutato
633 2364 963 2433 apostolico,
1005 2365 1204 2418 librum
1253 2364 1303 2418 ei
1352 2364 1642 2418 dederunt.
1683 2363 1784 2429 Qui

121 2450 339 2518 gaudio
380 2464 578 2520 magno
609 2451 876 2518 repletus,
919 2451 1117 2505 librum
1149 2451 1424 2519 aperiens,
1467 2457 1521 2504 et
1568 2451 1786 2505 curiose

124 2553 229 2608 per
273 2539 484 2605 omnia,
527 2538 764 2608 qualiter
801 2539 993 2595 beatus
1023 2539 1340 2594 Ambrosius
1378 2538 1549 2594 libros
1585 2539 1788 2594 veteris

122 2627 457 2683 testamenti
488 2634 544 2682 et.
574 2629 699 2682 novi
738 2627 805 2682 ad
837 2627 1127 2698 legendum
1168 2627 1418 2682 ecclesite
1448 2642 1562 2682 suae
1593 2626 1789 2696 dispo-

122 2716 360 2782 suisset,
396 2721 451 2770 et
481 2717 720 2785 qualiter
757 2717 1036 2788 evangelia
1066 2723 1121 2772 et
1150 2717 1300 2771 Pauli
1333 2717 1593 2786 epistolas
1621 2723 1786 2786 atque

120 2804 460 2875 prophetias
497 2811 552 2860 et
591 2805 879 2861 missarum
919 2807 1227 2876 solempuia
1265 2813 1319 2860 et
1367 2811 1548 2861 cetera
1599 2805 1785 2862 divino

122 2893 300 2948 cultui
365 2898 493 2962 apta
549 2894 846 2950 scribendo
905 2895 1235 2960 ordinasset,
1297 2895 1622 2964 supervidit.
1666 2897 1782 2962 Quo

118 2983 378 3053 cognito,
421 2984 579 3052 quasi
629 2983 697 3039 de
736 2983 1109 3040 amcenissimo
1158 2991 1316 3053 prato
1366 2983 1568 3039 multos
1618 2984 1782 3038 tiores

118 3071 472 3128 lucidissime
507 3073 652 3128 serie
683 3072 831 3128 illius
869 3073 996 3128 libri
1035 3073 1337 3138 attrahens,
1379 3074 1626 3128 Romano
1657 3073 1778 3127 cul-

1870 1919 2168 1989 hospitium
2201 1919 2266 1949 ‘3“
2297 1927 2592 1989 quaereret,
2628 1934 2750 1988 quas
2789 1919 2938 1974 illius
2985 1920 3301 1976 comitatum
3343 1925 3516 1976 totum

1869 2007 2029 2063 ferre.
2075 2009 2365 2079 potuisset,
2427 2015 2482 2064 et
2538 2008 2626 2063 vix
2679 2009 2972 2076 inveniret,
3036 2009 3251 2078 aspexit
3305 2010 3520 2066 eminus

1869 2097 2089 2153 domum
2131 2099 2490 2168 congruentis
2527 2098 2941 2168 magnitudinis,
2975 2113 3203 2168 eamque
3237 2100 3344 2154 sibi
3386 2115 3524 2170 pra:-

1868 2186 2048 2257 parari
2098 2187 2166 2240 ad
2196 2187 2584 2255 hospitandum
2619 2187 2802 2256 jussit.
2845 2189 3086 2256 Cumque
3126 2188 3370 2257 ejusdem
3411 2189 3520 2245 loci

1871 2275 2072 2331 incola:
2095 2274 2364 2340 dicerent,
2397 2275 2451 2329 in
2484 2290 2546 2330 ea
2565 2274 2630 2305 ’³⁷
2652 2289 2874 2330 manere
2896 2288 3007 2330 non
3029 2289 3212 2344 posse,
3237 2277 3364 2345 quia
3385 2278 3523 2332 mul-

1872 2364 1944 2418 tis
1966 2364 2076 2432 jam
2109 2364 2270 2418 annis
2299 2362 2553 2418 diabolus
2593 2363 2732 2418 hanc
2780 2362 3134 2427 inhabitaret,
3175 2370 3340 2433 atque
3392 2365 3519 2420 ideo

1868 2467 2037 2508 vacua
2067 2454 2460 2520 remansisset;
2493 2453 2577 2507 vir
2621 2451 2953 2507 venerabilis
3001 2452 3187 2507 Datius
3234 2454 3522 2522 respondit

1869 2540 2097 2597 dicens:
2145 2561 2171 2592 «
2204 2543 2318 2598 lmo
2359 2542 2485 2597 ideo
2516 2541 2786 2612 hospitari
2825 2542 2881 2596 in
2918 2541 3081 2597 domo
3121 2541 3309 2597 eadem
3351 2542 3518 2598 debe-

1871 2644 2010 2695 mus,
2050 2632 2097 2686 si
2139 2632 2277 2686 hanc
2315 2631 2586 2701 malignus
2618 2632 2847 2702 spiritus
2894 2632 3090 2686 invasit
3127 2637 3182 2686 et
3219 2631 3288 2686 ab
3328 2645 3389 2688 ea
3421 2633 3516 2688 ho-

1868 2720 2075 2775 minum
2114 2721 2491 2776 habitudinem
2520 2721 2584 2752 ⁸³³
2623 2721 2844 2790 repulit.
2879 2740 2907 2773 »
2939 2723 2999 2776 In
3029 2735 3092 2776 ea
3121 2722 3226 2776 sibi
3255 2721 3422 2792 igitur
3449 2721 3515 2754 “9

1872 2811 2052 2879 parari
2116 2809 2402 2880 prmcepit,
2462 2824 2800 2880 securusque
2840 2809 2933 2865 illa
2969 2809 3034 2840 ³⁸⁸
3071 2810 3284 2880 antiqui
3333 2811 3514 2866 hostis

1867 2899 2169 2954 certamina
2219 2899 2554 2954 toleraturus
2601 2897 2840 2954 intravit.
2893 2900 3081 2968 Itaque
3119 2899 3175 2954 in
3229 2903 3512 2969 tempestaa

1865 2988 2047 3042 noctis
2111 2988 2355 3054 silentio,
2421 3001 2544 3042 cum
2601 2988 2683 3043 vir
2720 2987 2813 3042 Dei
2869 2987 3199 3056 quiesceret,
3255 2989 3515 3058 antiquus

1863 3075 2041 3132 hostis
2069 3076 2353 3132 immensis
2381 3076 2609 3131 vocibus
2639 3075 2960 3146 magnisque
2991 3075 3325 3133 clamoribus
3346 3078 3514 3148 cmpit

111 3161 190 3217 tui
230 3162 403 3232 quasi
436 3161 633 3217 bonam
665 3163 861 3217 olivam
893 3169 1056 3232 atque
1086 3161 1421 3216 fructiferam
1454 3162 1507 3215 in
1531 3162 1771 3217 oleastro
1794 3150 1837 3210 Ε
1858 3165 2059 3221 imitari
2099 3167 2311 3238 rugitus
2343 3166 2584 3232 leonum,
2626 3165 2842 3221 balatus
2880 3180 3164 3236 pecorum,
3207 3167 3422 3238 rugitus
3448 3167 3509 3200 “‘

112 3248 375 3317 inseruit,
413 3264 535 3305 cum
585 3251 788 3321 quibus
835 3265 1009 3320 usque
1048 3249 1214 3305 hodie
1254 3248 1489 3304 ecclesia
1530 3251 1772 3304 Romana

113 3337 355 3408 hymnis,
401 3341 768 3406 orationibus,
809 3339 1068 3410 gloriosis
1105 3339 1337 3393 canticis
1375 3339 1530 3408 quasi
1564 3351 1773 3407 sponsa

112 3437 308 3485 ornata
351 3429 595 3486 diversis
632 3431 920 3485 ornatibus
957 3433 1124 3484 extat.
1167 3431 1298 3495 Quae
1348 3429 1530 3482 omnia
1581 3429 1774 3483 beatus

111 3517 452 3590 Gregorius,
493 3527 553 3574 ut
578 3519 898 3575 ostenderet
935 3525 1156 3588 quantae
1206 3517 1549 3573 excellentiae
1589 3530 1771 3586 quan-

111 3612 292 3676 taeque
335 3608 632 3679 dignitatis
688 3613 896 3674 essent,
956 3607 1150 3661 videns
1207 3612 1370 3674 atque
1430 3619 1774 3676 cognoscens

111 3705 310 3755 cuncta
363 3713 497 3770 qua:
544 3713 575 3754 a
634 3700 796 3755 beato
834 3696 1126 3754 Ambrosio
1167 3695 1461 3765 columpua
1519 3696 1772 3752 ecclesiae

108 3789 370 3846 ordinata
403 3795 584 3853 erant,
617 3796 672 3844 et
710 3794 769 3844 ut
806 3792 964 3858 petra
993 3801 1161 3856 super
1210 3790 1419 3854 petram
1460 3800 1560 3855 per
1601 3785 1774 3855 Spiri-

110 3883 219 3934 tum
277 3884 544 3936 sanctum
601 3879 810 3933 ﬁrmata
867 3882 1073 3942 essent,
1133 3875 1429 3944 insignium
1478 3875 1542 3905 “9
1580 3875 1773 3930 dicens

108 3967 373 4037 hymnum
455 3968 902 4032 Ambrosianum,
981 3964 1393 4035 responsorium
1458 3964 1772 4019 Ambrosia-

109 4071 256 4124 num,
316 4057 686 4128 antiphonam
742 4055 1175 4120 Ambrosianam,
1219 4053 1590 4108 invitatorium
1639 4056 1771 4109 Am-

107 4148 463 4213 brosianum,
497 4147 675 4203 oratio
716 4145 1098 4201 Ambrosiana.
1147 4142 1302 4198 Enim
1344 4143 1676 4213 ubicumque
1707 4144 1770 4176 ²⁸⁰

106 4239 302 4294 beatus
331 4238 644 4307 Gregorius
681 4233 889 4305 aliquid
919 4233 988 4288 de
1038 4232 1152 4288 suis
1200 4231 1490 4287 ordinibus
1528 4233 1772 4288 interse-

1857 3254 2158 3321 asinorum,
2191 3254 2385 3309 sibilos
2423 3259 2763 3324 serpentum,
2815 3268 3110 3324 porcorum
3157 3255 3429 3311 stridores
3458 3263 3513 3312 et

1857 3342 2119 3398 suricum.
2161 3345 2293 3399 Cum
2331 3342 2394 3374 ’⁵³
2425 3350 2654 3412 repente
2693 3343 2882 3396 Datius
2911 3350 2994 3398 tot
3033 3343 3330 3398 bestiarum
3361 3344 3510 3399 voci-

1857 3432 1960 3487 bus
2027 3433 2297 3488 excitatus
2362 3433 2603 3486 surrexit
2669 3431 3022 3486 vehementer
3087 3432 3281 3498 iratus,
3351 3439 3407 3486 et
3445 3430 3510 3462 '“

1858 3528 2048 3576 contra
2080 3521 2365 3589 antiquum
2405 3519 2617 3574 hostem
2658 3520 2869 3588 magnis
2918 3519 3089 3587 coepit
3133 3520 3362 3575 vocibus
3401 3521 3512 3576 cla-

1858 3623 2030 3673 mare,
2063 3609 2294 3663 dicens:
2333 3626 2359 3657 «
2391 3609 2536 3662 Bene
2568 3607 2667 3661 tibi
2708 3607 2941 3676 contigit
2972 3607 3158 3662 miser.
3193 3609 3270 3662 Tu
3301 3622 3362 3664 es
3391 3609 3506 3673 ille,

1858 3699 1950 3768 qui
1989 3697 2214 3752 dixisti:
2255 3698 2456 3751 Ponam
2499 3697 2684 3751 sedem
2726 3709 2900 3750 meam
2933 3696 3001 3750 ab
3039 3695 3298 3765 aquilone
3327 3695 3412 3765 ²“,
3456 3705 3511 3754 et

1857 3802 1952 3843 ero
1983 3787 2180 3842 similis
2208 3786 2487 3844 Altissimo
2519 3785 2654 3856 (Isai
2691 3801 2805 3852 XIV,
2853 3784 2959 3856 l4).
3002 3786 3142 3840 Ecce
3184 3799 3282 3854 per
3318 3801 3513 3856 super-

1856 3878 2000 3932 biam
2033 3883 2178 3932 tuam
2210 3877 2395 3946 porcis
2425 3882 2480 3932 et
2517 3875 2794 3930 suricibus
2840 3874 3037 3930 similis
3083 3873 3262 3930 factus
3309 3890 3402 3942 es;
3455 3883 3511 3932 et

1855 3965 1949 4035 qui
1989 3964 2215 4035 indigne
2245 3966 2414 4020 Deum
2445 3964 2647 4019 imitari
2687 3963 2926 4030 voluisti,
2963 3977 3093 4019 ecce
3123 3968 3184 4020 ut
3213 3965 3413 4036 dignus
3450 3981 3510 4022 es

1855 4054 2056 4108 imitari
2088 4054 2314 4109 bestias.
2367 4073 2396 4101 »
2444 4053 2523 4108 Ad
2573 4067 2736 4123 quam
2771 4066 2962 4108 vocem
3001 4055 3136 4122 ejus,
3197 4058 3258 4109 ut
3294 4053 3371 4110 ita
3418 4056 3508 4112 di-

1854 4157 1992 4209 cam,
2026 4143 2392 4211 dejectionem
2422 4155 2573 4196 suam
2604 4141 2834 4211 spiritus
2864 4141 3134 4212 malignus
3163 4143 3404 4200 erubuit.
3442 4147 3510 4201 At

1854 4245 1963 4287 non
1995 4231 2215 4286 erubuit
2244 4233 2337 4301 qui
2369 4231 2596 4287 eandem
2629 4230 2871 4297 domum,
2905 4230 2972 4286 ad
3004 4231 3313 4287 exhibenda
3342 4245 3504 4288 mon-

103 4341 233 4382 rens
265 4327 598 4392 ordinabat,
638 4337 856 4394 semper
897 4335 1097 4378 nomen
1145 4320 1560 4376 Ambrosianum
1610 4323 1767 4390 quasi
1812 4367 1817 4372 .
1852 4324 1965 4374 stra
2006 4333 2128 4389 qua:
2160 4324 2548 4382 consueverat,
2588 4317 2821 4372 ulterius
2859 4330 2969 4371 non
3000 4317 3268 4373 intravit?
3303 4317 3503 4388 Sicque

103 4430 206 4485 per
244 4416 534 4485 quoddam
564 4414 801 4485 sigillum
833 4410 1269 4475 administrabat,
1311 4409 1503 4465 dicens
1538 4408 2199 4485 imbro-“postmodum
2257 4406 2498 4463 ﬁdelium
2565 4404 2939 4461 habitaculum
3006 4403 3149 4460 facta
3207 4411 3310 4472 est,
3372 4407 3501 4477 quia

99 4475 342 4561 sianum.
407 4509 478 4561 At
525 4475 788 4574 quantum
837 4501 1008 4557 amori
1068 4499 1152 4565 ’3‘,
1215 4504 1546 4568 quantaeque
1604 4475 1978 4555 reve-Ddum
2011 4511 2072 4552 ea
2114 4510 2254 4551 unus
2281 4496 2551 4550 veraciter
2582 4493 2759 4549 ﬁdelis
2807 4494 3090 4562 ingressus
3145 4500 3250 4559 est,
3309 4475 3405 4549 abi
3437 4509 3500 4552 ea

102 4598 302 4654 rentia
375 4594 618 4651 ecclesia
683 4591 1042 4649 Ambrosiana
1107 4587 1380 4657 majestati
1445 4588 1765 4656 apostolicae
1850 4585 2104 4656 protinus
2134 4583 2368 4639 mendax
2395 4583 2623 4652 spiritus
2651 4588 2816 4652 atque
2857 4581 3096 4638 inﬁdelis
3143 4583 3432 4640 abscessit.
3469 4604 3496 4636 »

99 4684 226 4753 fuit,
296 4683 682 4742 describendo
741 4681 992 4752 quaedam
1051 4678 1270 4750 egregia
1326 4683 1382 4732 et
1436 4677 1762 4742 amicabilia,
1919 4675 1973 4729 8.
2006 4675 2136 4729 Post
2164 4671 2228 4704 ’³⁵
2257 4672 2480 4742 aliquod
2514 4677 2750 4740 tempus,
2791 4685 2914 4726 cum
2964 4672 3157 4727 beatus
3202 4672 3500 4744 Gregorius

103 4791 226 4846 quae
256 4789 444 4847 super
473 4774 691 4829 beatum
729 4771 941 4827 Datium
972 4768 1448 4838 archiepiscopum
1499 4779 1765 4821 reveren-
1849 4764 2003 4819 urbis
2033 4764 2220 4818 Romae
2253 4763 2532 4832 totiusque
2563 4760 2750 4816 mundi
2791 4759 3059 4830 pontifex,
3101 4761 3296 4819 sedulo
3345 4775 3497 4819 more

1478 4891 1702 4947 VARJAS
1739 4890 2124 4946 LECTIONES.

167 5002 233 5033 ⁸³⁷
272 5000 525 5058 Titulus:
557 5001 632 5054 De
665 4997 860 5053 ordine
893 4993 1018 5050 libri
1048 4990 1392 5049 Ambrosiani
1424 4989 1663 5060 qualiter
1692 4995 1915 5043 sanctus
1951 4987 2248 5060 Gregorius
2277 4987 2345 5041 ab
2385 5000 2452 5041 eo
2482 4987 2789 5060 instructus
2820 5000 2977 5060 suum
3010 4984 3324 5060 informavit
3353 4999 3498 5060 mys-

94 5057 326 5130 terium,
363 5074 464 5128 At
497 5071 598 5126 ιν*
636 5068 719 5125 Bl.
761 5067 1004 5136 Qualiter
1035 5066 1087 5120 b.
1120 5067 1180 5120 G.
1213 5057 1574 5136 Ambrosiano
1597 5062 1908 5136 instructus
1955 5057 2138 5136 officio
2163 5135 2166 5136 ν
2183 5072 2343 5136 suum
2395 5058 2670 5136 ordinavit
2700 5057 2928 5136 ofﬁtium
2959 5059 3039 5136 DL
3095 5057 3162 5136 “if
3189 5065 3368 5136 tamen
3407 5059 3491 5136 _B_l.

92 5128 162 5175 ’πί
189 5128 264 5200 ὧι
310 5128 650 5214 insignivit?
679 5128 854 5195 Wfin
887 5139 1103 5214 signum
1143 5135 1469 5214 (laliymnus
1497 5131 1886 5214 Ambrosiana,
1908 5145 1966 5214 r_._
1987 5134 2049 5185 A.
2083 5129 2384 5214 antiphona
2413 5129 2768 5214 Ambrosiana
2798 5128 2905 5212 BL.
2959 5128 3041 5214 "’°
3067 5129 3368 5214 unicuique
3397 5133 3490 5212 A*.

87 5214 147 5246 ¹³¹
179 5216 409 5273 amoris
436 5201 529 5269 3*.
562 5211 646 5268 BL
750 5211 814 5243 ’³³
844 5225 894 5265 a.
928 5201 984 5279 ᾖ.
1019 5209 1104 5281 _Bl.
1195 5201 1540 5281 _'”'_Tilulu_s_:
1571 5202 1710 5281 Quid
1742 5203 1810 5257 de
1829 5203 2006 5281 .Datio
2035 5201 2468 5281 archiepiscopo
2491 5201 2927 5281 AMediolanensi.
2959 5201 3152 5281 beatus
3197 5203 3495 5281 Gregorius

92 5288 146 5343 in
177 5288 434 5357 Dialogo
465 5285 690 5357 recitat.
714 5284 836 5357 A_**.
880 5273 945 5335 Βῖ
971 5277 1054 5357 BI.
1086 5279 1159 5332 De
1190 5278 1345 5357 l_)atio
1384 5291 1435 5330 a.
1468 5277 1536 5357 Ill.
1568 5289 1595 5328 a
1629 5275 1789 5357 beato
1819 5273 2084 5357 Gregorio
2133 5273 2388 5357 ordinato
2419 5273 2534 5357 Af.
2579 5273 2840 5357 [illition‘is
2877 5273 3059 5357 .Pa‘ris.
3103 5273 3494 5357 uariasnlectio-

216 5342 547 5443 ἀξίεῖίπξειθν
825 5349 1076 5443 queror
1106 5347 1976 5443 υεξὲκοξξπξρξξιέἐνξεηίέἐξοξῖραπξε.
2005 5344 2086 5443 .t'.‘
2112 5352 2345 5443 S‘affl‘ﬁ
2369 5343 2743 5443 είέ,,¹’ίξῖ.ε....ἶ³ἶ
2764 5343 3085 5443 δῗῖίηέξῖἔὲω
3115 5342 3210 5443 πίει,
3240 5343 3492 5443 532.3325..-

90 5413 402 5502 pitandum
446 5413 545 5483 ib.'
597 5425 660 5457 ³³⁷
691 5413 850 5480 hunc'
868 5422 994 5478 add.
1023 5420 1096 5475 ib.
1172 5418 1236 5450 ’³⁸
1265 5418 1716 5500 inhabitationem
1748 5413 1817 5472 ib.
1912 5415 1976 5446 ’³⁸
2005 5417 2080 5472 ita
2203 5416 2345 5470 deest
2374 5413 2490 5497 rell.
2522 5414 2691 5483 igitur
2719 5430 2766 5470 s.
2807 5415 2892 5469 ed.
2924 5417 3051 5470 Par.
3125 5413 3210 5496 f“
3238 5414 3385 5470 illam
3419 5416 3488 5472 ib.

90 5501 149 5534 ’δ’
185 5503 437 5557 ruditus
464 5498 532 5554 ib.
611 5496 674 5528 "’
704 5497 964 5552 soricum.
1005 5493 1156 5547 Tunc
1183 5489 1256 5546 ib.
1331 5487 1395 5521 ’”
1425 5504 1462 5543 ι.
1496 5503 1545 5544 c.
1579 5503 1630 5544 a.
1663 5489 1718 5543 h.
1753 5494 1808 5543 et
1837 5501 1910 5542 m.
1943 5489 2002 5542 Β.
2090 5486 2155 5518 ³³*
2186 5487 2254 5541 ad
2285 5485 2609 5557 Aquilonem
2639 5486 2722 5541 ed.
2742 5488 2884 5557 APar.
2978 5484 3043 5516 “‘
3077 5483 3312 5557 mitius:
3345 5489 3493 5554 Qua-

92 5503 149 5534 ’δ’
185 5503 437 5559 ruditus
464 5503 532 5554 ib.
611 5503 674 5528 '*'
704 5503 964 5552 soricum.
1005 5503 1156 5547 'l‘unc
1183 5503 1256 5546 ιο.
1331 5503 1395 5521 ’κ
1425 5504 1462 5543 ι.
1496 5503 1545 5544 c.
1579 5503 1630 5544 a.
1664 5503 1718 5543 n.
1753 5503 1808 5543 et
1837 5503 1910 5542 ιιι.
1945 5503 2002 5542 b.
2092 5503 2155 5518 ’ν’
2186 5503 2254 5541 au
2285 5503 2609 5557 Aquilonem
2639 5503 2722 5541 ea.
2757 5503 2884 5541 ναν.
2979 5503 3043 5516 ἠ
3077 5503 3312 5542 ulmus:
3345 5503 3492 5554 Qua-

92 5573 226 5630 liter
256 5575 321 5628 b.
356 5571 662 5642 Gregorius
689 5565 988 5642 Deusdedit
1016 5564 1072 5619 in
1102 5561 1575 5633 archiepiscopum
1605 5559 1968 5616 conﬁrmavit.
2017 5558 2136 5614 A**.
2185 5559 2246 5613 B.
2297 5557 2640 5614 consecravit
2685 5555 2769 5613 Bl.
2823 5559 2898 5614 De
2946 5556 3246 5614 Deusdedit
3272 5558 3492 5615 archie-

88 5648 340 5716 piscopo
375 5657 411 5700 a
444 5637 501 5698 b1
529 5639 811 5713 Gregorio.
844 5637 935 5694 A".
