4022 6160
461 316 563 372 851
1547 310 1878 366 LANDULFI
1916 307 2449 366 MEDIOLANENSIS
2485 306 2749 364 CLERICI
3737 306 3853 363 852

462 442 646 500 divina
678 441 899 510 eloquia
927 437 1188 495 dictando
1219 439 1556 507 exponeret:
1599 438 1816 492 mortuo
1846 433 2466 504 Constan-Asciplinaa,
2496 432 2582 490 vel
2611 445 2774 503 quam
2802 432 2970 490 fuerit
2997 433 3230 505 vigilans
3274 434 3572 492 intuitione
3603 435 3856 492 civitatis

462 533 541 589 tio
599 527 1023 586 Mediolanensis
1078 525 1232 580 urbis
1286 525 1547 594 episcopo
1594 524 1698 594 (an.
1749 524 1892 594 600),
1942 540 2102 595 quem
2189 531 2407 591 vestrae,
2474 537 2585 579 non
2658 522 2923 578 habemus
2986 523 3343 593 incognitum.
3412 523 3518 580 Sed
3579 529 3851 594 quoniam

465 635 589 691 ego,
623 626 683 675 ut
720 617 784 649 ³⁵⁸
821 630 1005 686 supra,
1038 615 1091 668 in
1125 614 1266 669 libro
1306 614 1398 683 qui
1442 615 1497 668 in
1535 615 1793 669 Jaimensi
1841 615 1977 669 urbe
2026 615 2109 669 in-
2192 615 2430 670 obeunte
2462 619 2684 683 pastore
2715 613 2835 667 sine
2883 612 3110 682 proprio
3161 626 3258 668 vos
3305 625 3416 668 non
3466 613 3630 669 decet
3679 630 3849 678 esse.

465 717 662 765 ventus
722 714 804 762 est
843 703 1063 774 repperi
1101 702 1608 772 aliquantulumque
1667 703 2108 769 commemoravi,
2194 706 2510 759 constanter
2558 700 2620 732 ²⁸²
2679 701 3014 771 omninoque
3077 709 3232 771 grate
3290 703 3637 770 suscepimus
3694 704 3852 773 quod

471 797 793 854 catholicam
826 793 1152 848 electionem
1179 806 1347 861 super
1375 792 1673 848 Deusdedit
1714 807 1744 846 a
1791 792 1942 848 clero
1989 795 2112 847 Am-
2194 792 2492 848 Deusdedit
2521 790 2806 846 diaeonem
2845 798 3082 847 vestrum
3113 790 3182 846 ad
3222 791 3572 860 episcopatus
3599 791 3854 848 ofﬁcium

473 887 743 942 brosiana:
803 882 1054 938 ecclesia?
1112 879 1308 935 factam
1367 896 1486 936 esse
1543 881 1770 936 audivit.
1813 883 1943 947 Qum
2000 895 2111 936 non

472 981 598 1045 post
622 973 822 1028 multos
852 971 991 1036 dies,
1035 975 1094 1024 ut
1133 976 1249 1024 erat
1275 970 1495 1034 veritas,
1527 969 1606 1024 rei
1657 969 1909 1038 probavit
1955 984 2117 1024 even-

470 1070 578 1118 tus.
613 1062 905 1117 Venientes
941 1065 1120 1113 autem
1176 1058 1338 1127 legati
1377 1072 1404 1112 a
1447 1057 1596 1112 clero
1644 1058 2002 1113 Ambrosiano
2035 1059 2117 1114 di-

469 1154 613 1208 lecto
644 1151 773 1216 sibi,
805 1149 1043 1220 qualiter
1080 1147 1433 1202 Constantius
1462 1146 1530 1201 de
1561 1146 1663 1201 hac
1693 1147 1799 1200 vita
1831 1148 2118 1217 migrasset

469 1243 686 1299 curiose
717 1239 1066 1309 panderunt;
1110 1237 1241 1306 quin
1303 1236 1466 1290 etiam
1516 1250 1677 1304 quam
1735 1235 2006 1291 catholice
2063 1243 2118 1291 et

471 1346 633 1402 quam
674 1329 940 1385 canonice
993 1326 1300 1390 diaconem,
1363 1325 1456 1394 qui
1515 1324 1813 1380 Deusdedit
1870 1332 2115 1390 vocatur,

471 1423 538 1478 ad
579 1421 846 1476 honorem
878 1415 1231 1486 episcopatus
1261 1414 1555 1484 diligenter
1584 1413 1868 1484 eligissent
1895 1413 1978 1479 “7,
2022 1429 2120 1483 per

2197 897 2292 938 vos
2331 881 2615 936 unanimes
2645 881 2874 950 elegisse
2932 882 3044 935 Deo
3098 885 3324 935 auctore
3377 880 3658 950 signastis.
3693 883 3857 937 Unde

2198 971 2324 1041 quia
2364 971 2632 1025 bonorum
2662 968 2727 999 ’³⁸
2753 968 3027 1023 desideria
3067 968 3215 1023 nulla
3263 969 3430 1024 debet
3480 969 3716 1024 tarditas
3759 971 3860 1024 im-

2201 1061 2409 1130 pedire,
2451 1063 2576 1113 vota
2624 1059 2677 1112 in
2727 1071 2794 1112 eo
2831 1063 3011 1112 vestra
3049 1057 3328 1126 complere
3366 1072 3487 1112 cum
3528 1060 3628 1114 Dei
3675 1060 3860 1129 gratia

2200 1151 2541 1206 festinamus.
2574 1148 2638 1202 Et
2668 1147 2796 1215 quia
2827 1145 3127 1215 prmdictus
3155 1146 3238 1200 vir
3267 1146 3428 1201 nobis
3457 1160 3568 1202 non
3602 1148 3861 1202 moribus

2200 1240 2296 1295 sed
2328 1238 2505 1293 solum
2545 1236 2729 1306 specie
2761 1241 2922 1290 tenus
2960 1241 3124 1290 notus
3165 1239 3268 1300 est,
3319 1242 3540 1304 oportet
3579 1243 3666 1300 ut,
3708 1238 3760 1291 si
3799 1237 3862 1267 ’⁵³

2201 1333 2461 1398 quantum
2502 1325 2558 1380 in
2597 1324 2700 1379 hac
2739 1323 3009 1379 electione
3044 1337 3155 1378 non
3205 1323 3383 1379 solum
3420 1329 3660 1379 vestram
3713 1326 3863 1380 utili-

2202 1423 2389 1479 tatem,
2441 1413 2539 1468 sed
2579 1413 2741 1468 etiam
2780 1425 2996 1467 causam
3025 1411 3121 1466 Dei
3154 1411 3238 1481 agi
3287 1413 3651 1482 cognoscitis,
3707 1421 3861 1470 tanto

472 1510 653 1568 omnia
721 1511 1084 1570 enarrarunt;
1154 1510 1420 1574 praeterea
1497 1510 1698 1572 quanta
1774 1503 2120 1558 incommoda
2205 1504 2453 1560 debeatis
2483 1515 2604 1557 esse
2648 1500 2896 1555 solliciti.
2945 1501 3011 1554 Et
3057 1499 3120 1529 ³⁵³
3167 1500 3444 1556 subtiliter
3500 1503 3864 1571 requirentes

474 1597 611 1654 eleri
643 1600 697 1652 et
734 1594 1054 1649 sacerdotes
1084 1607 1113 1647 a
1153 1591 1531 1661 Longobardis
1569 1597 1624 1646 et
1671 1591 1894 1660 perfidis
1940 1592 2124 1647 militi-
2205 1599 2264 1648 ut
2301 1590 2471 1647 nichil
2511 1590 2582 1645 sit
2628 1589 2777 1659 quod
2836 1603 2902 1643 ex
2957 1593 3209 1643 anteacta
3271 1590 3380 1644 vita
3440 1589 3700 1645 criminis
3769 1606 3864 1660 per

474 1689 578 1742 bus
608 1692 722 1740 eta
753 1684 930 1753 plebis
969 1687 1123 1751 parte
1175 1681 1375 1750 injuste
1426 1681 1794 1749 patiebantur,
1845 1681 1974 1750 quia
2020 1694 2156 1749 vo-_
2207 1694 2395 1736 sacros
2451 1679 2628 1748 possit
2673 1691 2912 1733 canones
2970 1677 3213 1743 obviare,
3269 1683 3361 1732 aut
3416 1679 3462 1733 si
3498 1678 3567 1734 ad
3632 1679 3864 1736 redden-

478 1773 673 1829 luntati
711 1785 924 1836 eorum,
966 1771 1037 1825 ob
1077 1769 1403 1824 electionem
1453 1783 1614 1838 quam
1665 1769 1769 1838 ipsi
1810 1763 2329 1826 inordinateBdam
2359 1767 2423 1800 ’⁸⁸
2451 1766 2799 1836 disciplinam
2829 1765 2913 1820 vel
2944 1765 3311 1821 exhibendum
3344 1768 3592 1836 regimen
3629 1768 3863 1824 idoneus

478 1871 534 1918 et
572 1859 939 1930 incomposite
989 1873 1156 1928 super
1191 1857 1462 1928 Agiulfum
1526 1857 1636 1928 (64)
1695 1856 1960 1922 fecerant,
2018 1860 2124 1913 mi-

478 1952 623 2006 nime
655 1949 1091 2004 consentiebant.
1125 1949 1243 2014 Quo
1281 1947 1470 2001 audito
1509 1945 1846 2016 apostolicus
1885 1947 1953 2002 de
1991 1961 2127 2002 nece

479 2039 807 2104 Constantii,
840 2035 1115 2106 quondam
1156 2035 1240 2089 sui
1271 2034 1490 2089 diaconi
1539 2040 1594 2088 et
1652 2036 1874 2090 nutricii
1918 2035 2128 2091 fidelis-

482 2128 605 2184 simi
636 2127 1030 2197 perplurimum
1061 2123 1259 2178 doluit.
1291 2123 1528 2178 Tandem
1583 2123 1650 2177 de
1699 2123 1970 2178 catholica
2020 2123 2130 2178 ele-

484 2218 668 2273 ctione
699 2216 896 2286 partim
927 2214 1236 2278 lmtabatur,
1280 2218 1334 2266 et
1374 2212 1572 2281 partim
1621 2211 1989 2282 compassioni
2038 2225 2131 2267 eo-

483 2320 604 2362 rum
634 2305 918 2360 evidenter
945 2301 1250 2357 condoluit.
1298 2303 1512 2356 Interea
1569 2301 1798 2371 legatos,
1858 2308 1919 2356 ut
1975 2307 2132 2357 erant

486 2401 652 2451 tanta:
683 2393 920 2448 civitatis
950 2391 1197 2459 tantique
1236 2391 1368 2445 eleri
1417 2395 1804 2458 tantorumque
1853 2389 2129 2454 ordinum,

488 2497 628 2554 quos
653 2483 846 2537 beatus
883 2479 1221 2549 apostolicus
1258 2492 1425 2547 super
1454 2492 1646 2533 omnes
1675 2479 1924 2533 civitates
1951 2479 2133 2534 animo

487 2580 543 2627 et
571 2570 768 2626 affectu
799 2574 854 2624 et
883 2582 1067 2623 amore
1105 2572 1161 2622 et
1211 2567 1518 2622 reverentia
1566 2567 1710 2622 beati
1756 2567 2028 2622 Ambrosii
2059 2567 2138 2622 di-

489 2661 713 2732 ligebat,
783 2671 975 2713 omnes
1041 2656 1277 2727 benigne
1338 2656 1604 2727 suscepit.
1662 2656 1934 2727 Diligebat
1990 2657 2135 2712 enim

2210 1859 2506 1928 reperitur,
2548 1862 2712 1926 atque
2753 1861 3076 1910 cunctorum
3126 1855 3182 1909 in
3224 1857 3361 1924 ejus,
3403 1857 3552 1911 sicut
3592 1859 3860 1923 scribitis,

2211 1947 2482 2002 electione
2539 1942 2840 2000 concordat
2895 1941 2958 1972 ³³⁷
3007 1956 3283 2009 assensus,
3325 1944 3502 2014 gratia
3559 1944 3866 2001 divinitatis

2211 2034 2541 2105 suffragante
2580 2046 2702 2087 cum
2743 2031 3100 2101 praesentium
3146 2033 3482 2101 scriptorum
3530 2036 3863 2089 auctoritate

2211 2123 2571 2193 solempniter
2635 2121 2977 2176 decrevimus
3042 2119 3106 2152 ³⁵⁸
3171 2121 3438 2178 ordinari.
3500 2122 3650 2178 illud
3690 2133 3865 2178 autem

2213 2215 2361 2284 quod
2421 2211 2582 2268 nobis
2618 2209 2682 2241 ³⁵⁹
2738 2211 2805 2266 ab
2844 2208 3080 2280 Agilulfo
3110 2210 3398 2266 indicastis
3436 2212 3738 2280 scriptum,
3795 2213 3866 2266 di-

2215 2303 2508 2359 lectionem
2548 2305 2782 2355 vestram
2849 2312 2959 2355 non
3012 2305 3244 2356 moveat.
3304 2301 3438 2354 Nam
3499 2313 3609 2356 nos
3669 2302 3725 2356 in
3775 2300 3870 2357 ho-

2215 2393 2360 2448 mine
2391 2391 2474 2456 ²θ⁰,
2517 2390 2610 2459 qui
2649 2401 2760 2444 non
2798 2401 2829 2442 a
2867 2387 3176 2457 catholicis,
3219 2393 3274 2444 et
3311 2389 3548 2444 maxime
3587 2403 3622 2444 a
3661 2393 3871 2461 Longo-

2217 2481 2404 2538 bardis
2442 2478 2683 2549 eligitur,
2723 2477 2872 2532 nulla
2898 2477 3209 2546 praebemus
3248 2478 3462 2534 ratione
3505 2492 3870 2545 consensum;

2219 2585 2342 2636 nec,
2369 2568 2416 2624 si
2446 2568 2680 2636 alicujus
2709 2567 3156 2636 prmsumptionis
3192 2567 3555 2636 usurpatione
3598 2567 3780 2624 factus
3813 2567 3868 2598 ¹⁶¹

2220 2659 2405 2723 fuerit,
2457 2658 2511 2711 in
2571 2657 2751 2712 locum
2779 2655 2864 2710 vel
2903 2655 3154 2712 ordinem
3213 2655 3364 2710 illum
3423 2658 3778 2713 sacerdotem
3815 2657 3874 2686 ²⁶³

489 2753 682 2806 beatus
723 2747 1018 2817 Gregorius
1057 2746 1198 2800 hanc
1236 2744 1523 2800 ecclesiam
1555 2751 1610 2800 et
1647 2745 1750 2801 hos
1777 2745 2023 2812 ordines,
2064 2747 2140 2801 vi-
2221 2747 2584 2816 suscepimus,
2627 2745 2754 2814 quia
2793 2743 3027 2799 vicarius
3073 2743 3249 2799 sancti
3286 2745 3566 2801 Ambrosii
3616 2746 3877 2817 indignus

493 2840 630 2895 dens
659 2851 760 2907 per
797 2836 979 2892 omnia
1010 2850 1040 2890 a
1065 2835 1228 2890 beato
1266 2834 1556 2891 Ambrosio
1588 2835 1873 2890 ordinatos
1903 2841 1958 2890 et
1996 2849 2143 2890 eom-
2225 2835 2508 2892 evidenter
2537 2832 2868 2900 ostenditur,
2908 2833 2954 2887 si
2995 2832 3205 2888 electus
3250 2846 3280 2888 a
3319 2833 3526 2888 talibus
3560 2835 3876 2890 ordinatur.

500 2927 712 2997 positos
741 2939 882 2990 esse,
917 2929 976 2978 ut
1016 2930 1170 2992 pater
1199 2923 1369 2977 tilium
1409 2929 1464 2978 et
1502 2928 1563 2978 ut
1593 2929 1767 2978 mater
1796 2923 2018 2978 unicum
2051 2937 2146 2978 na-
2225 2926 2336 2980 Nec
2375 2924 2520 2978 enim
2555 2927 2639 2978 est
2691 2921 2840 2992 quod
2879 2935 2976 2976 vos
3022 2936 3087 2976 ex
3125 2921 3226 2977 hac
3265 2936 3430 2978 causa
3475 2922 3782 2989 deterreat,
3824 2930 3881 2978 ut

504 3021 639 3070 tum.
673 3013 942 3082 Diligebat
973 3024 1081 3066 non
1114 3008 1486 3078 perfunctorie
1525 3025 1704 3080 neque
1735 3011 1843 3066 ulla
1892 3010 2143 3068 saeculari
2227 3013 2461 3082 aliquam
2502 3011 2658 3067 vobis
2715 3011 3098 3066 necessitatem
3154 3011 3406 3078 incutiat,
3458 3013 3588 3082 quia
3648 3012 3783 3068 inde
3819 3012 3882 3042 ³⁸³

509 3101 838 3165 intentione,
878 3099 975 3153 sed
1029 3097 1226 3152 affectu
1284 3098 1432 3154 bono
1489 3099 1818 3168 sinceraque
1875 3099 2044 3156 corde
2097 3083 2410 3172 etC-possit
2447 3099 2704 3156 alimenta
2741 3104 2932 3156 sancto
2971 3100 3259 3157 Ambrosio
3309 3101 3681 3157 servientibus
3718 3102 3884 3158 cleri-

507 3191 689 3247 animo
721 3201 881 3259 puro.
913 3187 1052 3255 Quid
1083 3185 1294 3242 multa?
1323 3187 1587 3256 Epistola,
1617 3202 1778 3258 quam
1817 3203 1915 3259 per
1944 3189 2153 3259 legatos

509 3280 578 3336 ad
617 3278 826 3334 clerum
863 3275 1281 3332 Ambrosianum
1331 3275 1551 3342 direxit,
1601 3276 1728 3332 illos
1767 3278 1821 3332 in
1881 3278 2152 3333 electione

509 3382 670 3439 quam
701 3380 867 3436 super
905 3363 1205 3420 Deusdedit
1241 3364 1507 3420 canonice
1554 3363 1800 3420 fecerant
1838 3372 2156 3421 constanter

507 3458 828 3521 adhortans,
863 3468 1037 3524 usque
1076 3453 1242 3510 hodie
1274 3454 1538 3509 ostendit.
1569 3457 1637 3510 At
1677 3462 1736 3510 ut
1783 3456 1989 3511 certius
2039 3456 2152 3526 qui-

510 3560 728 3617 cunque
777 3545 897 3600 haec
927 3544 1124 3615 legerit
1142 3543 1370 3599 credere
1391 3558 1490 3614 per
1508 3545 1690 3600 omnia
1711 3546 1960 3612 valuerit,
1982 3547 2154 3615 ipsam

511 3635 800 3707 epistolam
842 3635 896 3688 in
930 3633 1164 3702 registro
1200 3631 1302 3702 (χι,
1334 3632 1389 3698 4)
1419 3633 1664 3702 ejusdem
1704 3633 2037 3704 descriptam
2067 3650 2159 3690 au-

514 3726 668 3782 ribus
698 3723 934 3780 curiosis
963 3722 1313 3791 sollicitoque
1343 3721 1612 3777 intendat.

584 3814 639 3870 9.
677 3835 702 3862 ιι
735 3812 799 3844 ³⁸⁸
828 3814 1098 3879 Quantum
1136 3810 1201 3841 ’λθ
1238 3823 1341 3866 nos
1379 3811 1448 3867 de
1499 3811 1654 3867 obitu
1702 3809 1887 3868 fratris
1933 3819 1990 3868 et
2037 3826 2161 3869 coe-

518 3901 734 3974 piscopi
791 3899 964 3955 nostri
1023 3899 1326 3955 Constantii
1380 3913 1583 3956 maeror
1637 3899 1859 3968 afficiet,
1923 3901 2161 3973 paginali

519 3990 741 4060 explere
781 3989 1057 4044 locutione
1108 4001 1220 4044 non
1269 4002 1580 4057 possumus,
1639 3990 1736 4045 sed
1795 4005 1955 4061 quam
1996 3992 2164 4047 multa

518 4082 664 4137 bona
704 4083 886 4148 partes
925 4077 979 4132 in
1011 4077 1105 4134 illo
1152 4077 1215 4107 ’⁵ο
1263 4077 1485 4133 homine
1535 4078 1916 4148 perdiderunt,
1959 4081 2165 4136 utinam

519 4168 717 4224 vicinae
769 4167 1112 4236 repentinam
1173 4164 1534 4223 calamitatem
1591 4168 1833 4224 sentiant
1892 4167 1974 4223 ²⁸¹.
2033 4171 2167 4224 Nam

521 4257 982 4331 quemadmodum
1033 4256 1305 4313 sollicitus
1342 4257 1398 4312 in
1439 4257 1829 4314 ecclesiastica:
1859 4259 2046 4330 regula
2087 4259 2170 4315 di-

2238 3191 2318 3246 cis
2348 3189 2667 3254 ministrari,
2699 3187 2871 3243 nichil
2902 3189 2956 3243 in
2995 3188 3235 3244 hostium
3273 3189 3413 3246 locis
3449 3195 3506 3245 et
3543 3189 3610 3220 '“
3649 3191 3706 3245 in
3748 3191 3884 3246 Sici-

2237 3279 2308 3334 lia
2349 3285 2404 3334 et
2441 3279 2498 3333 in
2536 3277 2658 3333 aliis
2696 3279 2775 3333 rei
2815 3277 3050 3346 publica:
3098 3279 3346 3348 partibus
3391 3280 3504 3335 Deo
3552 3287 3881 3352 protegente

2238 3367 2510 3425 consistit.
2553 3369 2622 3422 Ut
2659 3366 2828 3437 igitur
2891 3367 2947 3421 in
3003 3366 3311 3423 ordinando
3366 3382 3433 3424 eo
3489 3369 3585 3438 qui
3641 3384 3672 3424 a
3727 3371 3882 3425 vobis

2240 3457 2449 3513 electus
2487 3461 2571 3510 est
2609 3455 2756 3511 nulla
2797 3455 2972 3524 possit
3019 3469 3172 3510 mora
3209 3457 3552 3528 contingere,
3595 3458 3880 3514 Pantaleo-

2240 3560 2364 3602 nem
2395 3545 2666 3601 notarium
2717 3550 2964 3600 nostrum
3021 3545 3442 3613 transmisimus,
3483 3548 3578 3616 qui
3617 3562 3766 3614 eum,
3826 3555 3882 3601 ut

2243 3638 2411 3692 moris
2475 3641 2577 3701 est,
2619 3633 2901 3690 adnitente
2966 3647 3269 3690 consensus
3325 3637 3502 3692 nostri
3556 3638 3882 3693 auctoritate

2243 3724 2406 3780 faciat
2463 3721 2798 3780 consecrari.
2851 3722 2949 3778 Cui
2980 3722 3141 3778 etiam
3183 3723 3590 3793 possessiundis
3626 3725 3709 3791 ³⁵³,
3753 3739 3889 3796 quas

2245 3816 2467 3885 Magnus
2519 3813 2741 3882 quidam
2800 3811 3087 3882 presbyter
3123 3813 3442 3868 commissas
3494 3814 3785 3882 habuerat,
3825 3815 3889 3869 de

2246 3904 2369 3960 aliis
2408 3901 2658 3959 ecclesia:
2724 3907 2928 3958 nostra:
2985 3901 3240 3957 utilitatis
3295 3916 3478 3958 curam
3536 3918 3753 3972 gerere,
3811 3905 3892 3960 vel

2248 3993 2380 4064 quid
2437 4005 2601 4061 agere
2666 3989 2731 4020 ²⁶⁶
2795 3990 3014 4057 debeat,
3073 3991 3129 4045 in
3197 3990 3457 4060 praesenti
3498 3993 3888 4048 mandavimus

2248 4085 2442 4138 Vestra
2479 4095 2536 4136 se
2586 4081 2635 4135 ei
2677 4079 2900 4136 dilectio
2957 4079 3013 4134 in
3053 4080 3308 4136 omnibus
3359 4081 3558 4138 devota
3595 4081 3657 4111 ³⁸⁷
3693 4090 3758 4138 ut
3807 4083 3894 4138 det

2251 4177 2307 4226 et
2343 4167 2408 4199 ’⁸⁸
2446 4169 2666 4224 studeat
2696 4168 2978 4224 exhibere.
3020 4188 3048 4220 η

2332 4258 2394 4312 lO
2452 4257 2638 4314 Karuli
2677 4256 2740 4288 ’δ’
2779 4256 2880 4326 (65)
2922 4257 3083 4327 primi
3138 4257 3200 4288 ’το
3257 4262 3529 4328 tempore,
3571 4273 3692 4314 eum
3756 4259 3894 4315 idem

1891 4383 2114 4438 VARIIE
2152 4383 2537 4439 LECTIONES.

601 4488 665 4522 ³³⁸
694 4487 836 4543 deest
865 4489 926 4560 Β,
1021 4486 1539 4560 ’fTAelegissent_Bt._
1615 4487 1679 4519 ’⁸⁸
1707 4487 1974 4544 Rubrica:
2008 4490 2249 4560 Epistola
2281 4490 2334 4545 b.
2367 4489 2614 4559 Gregorii
2644 4489 2712 4544 ad
2745 4488 2950 4543 clerum
2983 4486 3486 4560 Mediolanensem.
3570 4489 3636 4520 ³³³
3666 4494 3902 4558 Quantus

533 4562 617 4618 ed.
651 4563 777 4615 Par.
855 4558 918 4631 '5?
947 4572 1010 4631 p.
1043 4557 1236 4631 illagin
1268 4557 1571 4631 uno_h.__ib.
1644 4560 1710 4631 f’“
1744 4573 1854 4616 non
1886 4575 1932 4614 s.
1963 4557 2067 4616 Bt.‘
2085 4562 2374 4631 repentina
2404 4557 2712 4616 calamitate
2744 4573 2854 4615 non
2885 4573 2931 4613 s.
2966 4560 3156 4631 στερη
3201 4560 3264 4590 ’δ’
3294 4573 3345 4614 e.
3377 4559 3651 4627 antistite,
3684 4557 3901 4618 Omnino

533 4649 587 4704 g.
617 4633 774 4704 Grcg.
808 4629 916 4704 _’”
946 4629 1013 4704 b_._
1035 4628 1340 4704 studiorum
1371 4629 1426 4704 (Al.
1459 4628 1587 4704 ib.“
1609 4629 1672 4704 ’ἔκ
1699 4631 1840 4704 deest
1872 4633 1929 4686 Β.
1964 4638 2024 4704 ut
2052 4628 2257 4703 quanto
2287 4633 2371 4687 ed.
2404 4635 2530 4704 Par.
2561 4631 2671 4704 ΛΨ
2702 4636 2758 4686 et
2786 4633 2833 4704 si
2861 4644 2908 4684 s.
2943 4644 2995 4704 r._
3023 4629 3272 4704 nihilost
3303 4645 3358 4700 q.
3401 4632 3550 4704 eiex
3589 4633 3664 4704 ib.
3741 4634 3807 4665 ’³⁸
3831 4643 3903 4689 te-

536 4699 768 4761 nendam
800 4701 872 4756 ib.
951 4700 1013 4731 ⁸⁸⁷
1044 4699 1348 4756 concordet
1375 4699 1448 4754 ib.
1526 4699 1590 4730 ³⁵⁸
1611 4701 1960 4758 decernimus
1983 4699 2086 4758 ib.‘
2132 4704 2196 4734 ’⁵⁸
2223 4704 2380 4761 vobis
2407 4703 2478 4758 ib.
2555 4702 2618 4734 '°°
2647 4703 2924 4759 hominem
2954 4700 3026 4755 ib.
3122 4700 3183 4731 ²⁶¹
3221 4699 3423 4756 factum
3453 4702 3526 4757 ib.
3626 4703 3689 4735 ’⁸³
3719 4720 3900 4761 sacer-

535 4775 683 4831 dotis
711 4773 915 4838 suseip.
944 4771 1015 4826 ib.
1111 4770 1174 4802 ³⁸³
1204 4770 1348 4826 unde
1381 4779 1611 4839 possunt
1635 4772 1710 4828 ib.
1746 4773 1891 4828 unde
1929 4774 2086 4828 etiam
2115 4775 2200 4831 Bt.
2296 4775 2360 4806 '“
2383 4775 2478 4830 sed
2509 4774 2580 4828 ib.
2674 4774 2736 4805 ’⁸⁵
2767 4776 2842 4828 ita
2873 4771 3028 4827 codd.
3069 4787 3119 4827 e.
3153 4773 3282 4842 quia
3329 4773 3398 4828 de
3444 4777 3902 4842 possessiunculis

537 4859 674 4917 quas
702 4843 978 4917 quondam
1010 4844 1076 4898 M.
1104 4857 1158 4917 p.
1191 4856 1240 4897 c.
1276 4842 1439 4917 h..vel
1473 4844 1543 4917 de
1571 4857 1620 4898 a.
1656 4859 1705 4899 e.
1739 4844 2159 4917 n.4utilitatibus
2186 4845 2256 4917 ib.
2352 4845 2416 4876 ²⁶⁶
2445 4859 2612 4915 opere
2640 4847 2762 4901 A“.
2793 4844 2877 4900 Bt.
2907 4857 2962 4912 q.
2996 4843 3144 4898 aliud
3175 4857 3338 4917 agere
3377 4843 3459 4898 ed.
3493 4847 3623 4901 Par.
3717 4847 3781 4877 ⁸⁸⁷
3805 4849 3900 4902 de-

538 4911 816 4990 votam—ib.
897 4911 1248 4990 'f"_ut_de_cet
1275 4911 1359 4990 Bt.
1402 4918 1452 4969 et
1480 4914 1562 4968 ed.
1594 4917 1721 4990 Par.
1799 4915 1862 4946 ²⁶⁹
1891 4916 2286 4990 Οᾳμῇοέμιᾴᾼ.
2319 4911 2557 4990 teguntur
2579 4917 2734 4972 etiam
2763 4917 2818 4990 in
2851 4938 2894 4990 «Α
2910 4911 3040 4971 novo
3073 4911 3357 4990 Berotdo»
3389 4917 3665 4990 revertendi
3693 4919 3904 4990 capitati

540 4985 927 5059 metropolitani
956 4984 1386 5059 Mediotqnensis,
1418 4991 1641 5059 exarata
1679 4987 1817 5041 intra
1848 5004 1902 5043 τι.
1941 4984 2290 5042 1”265-1269
2313 4984 2411 5059 per
2438 4989 2724 5045 Iohannem
2772 4986 2992 5057 Boﬁ’am,
3027 4988 3172 5059 cujus
3203 4985 3446 5059 lectiones
3483 4988 3666 5043 varias
3704 4984 3900 5045 notari-

544 5075 656 5116 mus
681 5055 875 5131 enices.
913 5056 1111 5131 Titulus
1139 5055 1406 5131 ibinuttus
1435 5057 1714 5131 inscriptus
1743 5064 1837 5125 cst,
1871 5060 1923 5113 in
1951 5062 2073 5114 A“.
2106 5062 2164 5114 Β.
2198 5061 2282 5115 Βι.
2313 5055 2432 5115 hic:
2467 5062 2655 5114 Sermo
2685 5059 2740 5131 b.
2773 5055 2993 5114 Thomae
3022 5057 3426 5131 archiepiscopi
3457 5059 3753 5131 Mediolani
3782 5074 3905 5131 qua~

548 5131 676 5201 liter
712 5127 951 5184 oftlcium
979 5129 1396 5201 Ambrosianum
1429 5142 1527 5198 per
1546 5127 1604 5201 b7.
1626 5131 1927 5200 Eugenium
1959 5133 2026 5185 ab
2055 5131 2294 5187 Adriano
2328 5146 2465 5201 papa
2494 5138 2548 5186 et
2578 5129 2780 5186 Karulo
2819 5131 3148 5199 imperatore
3180 5128 3605 5201 evidentissimis
3636 5127 3906 5188 miraculis

549 5200 831 5258 defensum
865 5206 969 5255 est.
1000 5201 1092 5256 A*.
1125 5199 1315 5254 habet:
1349 5201 1546 5270 Incipit
1576 5200 1632 5256 b.
1665 5199 1726 5256 T.
1749 5215 1798 5255 a.
1832 5216 1887 5271 q.
1922 5203 2220 5258 misterium
2253 5199 2523 5258 A.'sa’ncti
2557 5202 2827 5258 Ambrosii
2859 5202 3069 5257 meritis
3099 5215 3197 5270 per
3221 5200 3275 5256 b.
3309 5199 3686 5258 confessorem
3711 5205 3771 5259 Ε.
3803 5205 3908 5258 Deo

550 5272 878 5400 opitéilagte,
911 5271 1190 5328 residente
1218 5273 1282 5326 A.
1313 5285 1378 5326 ac
1398 5274 1458 5327 C.
1489 5273 1794 5342 imperante
1825 5279 2134 5343 protectum
2163 5273 2264 5330 fuit
2294 5281 2348 5330 et
2377 5273 2792 5330 corroboratum
2818 5272 3044 5330 summis
3072 5279 3128 5328 et
3160 5286 3209 5328 e.
3244 5285 3316 5327 m.
3342 5274 3665 5341 permansit.
3742 5275 3806 5304 ’τ’
3828 5288 3912 5329 se-

550 5356 655 5400 cun
697 5358 714 5398 ι
791 5355 895 5398 err.

549 5356 714 5401 eundi
743 5356 895 5400 βενν.

2124 5417 2341 5473 NOTAE.

629 5510 745 5586 (ες)
777 5512 987 5586 l‘jomen
1017 5511 1164 5586 regis
1191 5511 1368 5586 electo
1395 5513 1643 5586 tribuere
1672 5512 1907 5570 videtur.
1955 5585 1984 5586 η
2277 5514 2388 5571 Mil.
2423 5515 2526 5586 llI._
2556 5513 2651 5586 l4]
2687 5529 2810 5586 sqq.
2844 5515 2921 5586 De
2948 5511 3192 5586 Eugenio
3231 5513 3394 5586 etiam
3430 5513 3634 5570 Giulini
3673 5513 3915 5586 Mem._di

638 5580 754 5650 (65)
793 5583 868 5635 De
907 5580 1152 5637 fabulosa
1199 5583 1301 5638 hac
1331 5583 1599 5642 relatione
1629 5600 1678 5640 v.
1715 5585 2008 5657 Fumagalli
2066 5587 2191 5642 Ant.
2277 5587 2386 5642 Mil.
2429 5587 2470 5652 l,
2513 5584 2603 5640 161
2635 5607 2649 5654 ;
2683 5580 2868 5653 cfflx,
2898 5584 2954 5639 7.
2987 5580 3125 5642 Frisi
3154 5586 3312 5642 Mem.
3343 5584 3413 5642 de
3451 5587 3637 5644 Monza
3667 5586 3756 5651 Ill,
3794 5583 3913 5640 152.
