4022 6160
149 341 250 398 853

1189 341 1501 398 HISTORIA
1542 339 2092 398 MEDIOLANENSIS.
2133 370 2206 382 —
2242 341 2368 397 LIB.
2409 342 2476 398 ll.

3393 343 3499 401 854

142 467 280 539 apud
337 467 560 524 Romam
619 465 920 538 imperii'“
982 467 1266 538 magniﬁce
1314 472 1369 524 et
1420 465 2106 527 inenarrabiliAlacrimis
2159 465 2309 522 velut
2365 480 2506 537 aqua
2563 467 2630 522 ab
2689 465 2866 524 oculis
2922 465 3346 525 decurrentibus
3409 468 3499 526 in-

139 556 364 612 militum
395 556 643 613 exercitu
674 557 910 626 stipatus
936 555 1233 624 frueretur,
1257 563 1312 613 et
1341 571 1479 628 papa
1509 556 1780 612 resideret

139 645 427 712 Adrianus,
467 646 714 716 synodus
761 646 1006 702 inmensa
1045 647 1233 702 multis
1275 647 1611 701 diversarum
1661 650 1778 700 ter-

140 748 314 790 rarum
363 734 644 804 episcopis
693 735 1040 804 congregatis
1086 735 1363 789 celebrata
1412 739 1514 798 est,
1568 733 1623 788 in
1671 747 1779 803 qua

143 837 258 878 cum
306 823 375 878 de
425 823 612 878 multis
659 829 824 892 atque
874 819 1106 877 diversis
1146 827 1473 878 tractassent
1519 823 1776 891 negotiis,

141 911 435 967 indiscrete
483 926 613 982 erga
661 911 978 981 mysterium
1019 911 1112 966 Dei
1153 919 1208 966 et
1256 911 1400 966 beati
1441 911 1688 966 doctoris
1725 915 1782 965 et

146 999 477 1056 confessoris
505 1000 568 1030 ³⁷³
606 1000 880 1055 Ambrosii
919 1013 1040 1054 sese
1084 1000 1408 1065 intulerunt,
1460 1013 1647 1068 parum
1688 1004 1782 1054 aut

147 1090 308 1146 nichil
358 1094 581 1159 quanta
620 1088 942 1144 reverentia
991 1091 1291 1159 quantique
1340 1089 1543 1144 amoris
1590 1089 1782 1144 beatus

144 1181 435 1250 Gregorius
473 1179 601 1235 olim
633 1179 883 1234 ecclesia
914 1179 1286 1234 Ambrosiana
1318 1194 1418 1248 per
1436 1178 1500 1209 ³⁷³
1529 1178 1779 1234 affectum

146 1269 489 1334 contulisset,
515 1268 962 1334 reminiscentes;
996 1275 1289 1337 propterea
1319 1267 1473 1337 quasi
1505 1268 1694 1322 cacati
1727 1273 1782 1322 et

143 1360 396 1414 ementati
419 1357 502 1424 ³⁷⁵,
537 1364 592 1413 et
630 1359 837 1426 absque
882 1357 994 1411 ullo
1038 1358 1271 1425 judicio,
1309 1357 1457 1426 quod
1489 1355 1552 1386 ³⁷⁵
1600 1356 1780 1426 incly-

142 1453 246 1502 tum
287 1454 342 1503 et
393 1461 494 1517 per
530 1447 700 1502 multa
745 1453 993 1515 tempora
1031 1446 1244 1501 ﬁrmum
1285 1453 1448 1515 atque
1486 1446 1778 1512 sancitum,

141 1536 545 1605 quodammodo
575 1535 898 1591 decolorare
920 1535 984 1565 ’⁷⁸
1013 1541 1068 1591 et
1097 1535 1444 1602 obnubilare,
1487 1541 1543 1590 et
1562 1535 1626 1564 ’⁷⁷
1657 1535 1782 1604 plus

141 1625 334 1691 dicam,
389 1626 616 1681 omnino
655 1623 719 1656 ’⁷⁸
777 1624 964 1680 delere
1019 1626 1262 1695 aggressi
1321 1629 1468 1680 sunt.
1539 1624 1783 1679 Edoctus

141 1714 319 1783 itaque
353 1714 588 1770 Karolus
625 1714 926 1782 imperator
961 1727 992 1768 a
1023 1713 1441 1782 quampluribus
1480 1713 1780 1782 episcopis,

1861 556 1982 624 quit
1999 555 2063 586 ’⁸³
2087 576 2099 610 :

1937 645 2021 699 l2.
2065 665 2093 693 «
2127 646 2170 700 Ο
2199 643 2263 675 ³⁸⁸
2310 644 2497 710 miser,
2553 645 2685 716 quid
2736 651 2935 716 agam?
2987 645 3224 702 mundus
3279 650 3335 702 et
3386 647 3506 716 ejus

1857 734 2027 804 judex
2086 733 2293 803 periit;
2362 735 2516 790 orbis
2571 735 2843 801 doctrina,
2904 741 3102 791 cuncta
3161 736 3324 805 hujus
3378 737 3506 792 vita

1861 837 1986 892 qua
2017 823 2288 877 vanitates
2326 829 2455 878 sunt
2494 823 2810 891 obfuscans,
2842 823 3097 880 elabitur.
3131 826 3308 881 Decus
3336 825 3507 882 totius

1862 912 2129 967 ecclasia
2171 919 2278 967 tam
2320 913 2525 967 Latina
2557 927 2718 982 quam
2756 916 2960 970 Graca
2992 915 3368 981 obnubilatur,
3403 915 3503 971 bo-

1828 1015 2022 1066 -num,
2087 1003 2322 1070 justum,
2391 1007 2637 1055 sanctum
2679 1002 2740 1032 ³⁷⁷
2806 1003 3137 1060 eliminatur.
3205 1005 3507 1074 Columpna

1864 1090 2134 1155 ecclesia,
2169 1089 2580 1145 fundamentum
2613 1089 2761 1156 ﬁdei,
2795 1099 3038 1148 assertor
3062 1094 3322 1162 justicia,
3354 1094 3507 1150 verbi

1865 1179 1959 1233 Dei
2016 1187 2229 1234 amator
2285 1179 2634 1248 deprimitur.
2695 1181 2899 1236 Doctor
2953 1183 3207 1252 egregius
3264 1183 3506 1239 omnium

1863 1267 2059 1322 artium
2103 1268 2297 1337 peritia
2337 1267 2578 1323 imbutus
2625 1268 2970 1336 disternitur,
3011 1272 3330 1342 mysterium
3367 1273 3508 1342 perit

1865 1358 2270 1427 mysteriorum,
2330 1356 2399 1411 de
2457 1371 2566 1426 quo
2630 1357 2866 1413 domnus
2922 1366 2977 1414 et
3034 1361 3514 1416 reverentissimus

1866 1461 2005 1516 papa
2042 1447 2337 1516 Gregorius
2365 1445 2572 1514 aliquid
2604 1447 2885 1502 sinistrum
2918 1448 3168 1518 proferre
3204 1451 3406 1517 timuit,
3443 1451 3512 1506 de

1865 1549 1975 1604 quo
2016 1543 2219 1604 quanta
2250 1541 2305 1590 et
2337 1548 2496 1603 quam
2530 1549 2722 1604 magna
2753 1538 2909 1605 quasi
2945 1537 3318 1593 lucidissimos
3348 1538 3514 1594 ﬂores

1865 1626 2058 1680 beatus
2123 1625 2384 1696 magister
2449 1630 2502 1680 et
2561 1625 2760 1681 doctor
2807 1625 2870 1657 ³⁸⁸
2932 1629 3228 1698 Gregorius
3293 1631 3512 1684 curiose

1865 1714 2146 1770 attrahens
2211 1717 2566 1783 Romanoque
2624 1716 2886 1784 mysterio
2944 1716 3282 1773 interserens
3337 1731 3511 1786 usque

141 1808 197 1857 ut
243 1817 342 1871 per
389 1808 558 1858 totam
618 1803 855 1872 linguam
915 1801 1362 1872 proﬁcisceretur
1409 1801 1672 1868 Latinam,
1723 1799 2032 1859 etBbodie
2061 1804 2384 1872 adjunxit.»
2416 1802 2622 1872 Spiritu
2653 1803 2871 1859 demum
2892 1805 3183 1876 animoque
3204 1815 3506 1876 resumpto,

143 1891 405 1961 quicquid
445 1891 718 1946 diversum
757 1890 814 1944 in
863 1896 1027 1946 cantu
1066 1896 1122 1946 et
1159 1891 1466 1946 ministerio
1495 1890 1559 1921 ¹⁷⁹
1596 1890 1781 1945 divino

143 1980 414 2036 inveniret
442 1995 473 2035 a
523 1982 791 2045 Romano,
824 1985 998 2035 totum
1047 1979 1280 2047 deleret,
1314 1986 1369 2035 et
1407 1979 1475 2036 ad
1515 1980 1782 2036 unitatem

144 2071 389 2140 mysterii
438 2070 667 2126 Romani
707 2069 910 2125 uniret.
962 2070 1114 2125 Unde
1162 2068 1362 2125 factum
1411 2075 1514 2135 est,
1556 2070 1781 2125 veniens

142 2159 442 2229 imperator
488 2159 872 2225 Mediolanum,
915 2159 1192 2215 devastata
1228 2160 1409 2229 Papia
1449 2173 1609 2228 quam
1658 2159 1777 2227 ipse

139 2248 216 2304 ira
254 2250 665 2320 inextinguibili
697 2251 767 2304 ob
796 2249 1182 2319 imperatorem
1232 2248 1573 2304 Desiderium
1621 2261 1780 2304 suum

137 2337 433 2394 hamulum
459 2338 673 2402 oderat,
706 2351 867 2406 quem
907 2338 1110 2392 milites
1147 2337 1327 2406 Papia
1367 2343 1558 2392 contra
1597 2337 1781 2392 Carlo-

133 2428 216 2482 nis
256 2429 554 2496 imperium
593 2426 826 2480 viriliter
870 2426 1036 2479 armis
1081 2432 1138 2480 et
1184 2425 1406 2494 ingenio
1447 2430 1775 2491 tutaverant,

130 2531 332 2572 omnes
384 2515 556 2570 libros
593 2515 952 2570 Ambrosiano
1004 2514 1165 2570 titulo
1205 2515 1493 2584 sigillatos,
1527 2529 1667 2584 quos
1694 2515 1778 2570 vel

133 2606 317 2675 pretio
349 2605 434 2659 vel
465 2603 614 2659 dono
665 2603 744 2659 vel
792 2604 842 2658 vi
882 2603 1084 2658 habere
1127 2605 1324 2673 potuit,
1365 2603 1503 2659 alios
1547 2605 1779 2659 combu-

135 2709 282 2760 rens,
317 2693 461 2749 alios
490 2699 642 2748 trans
670 2699 885 2748 montes
923 2694 1078 2762 quasi
1117 2694 1173 2748 in
1206 2694 1370 2748 exilio
1405 2708 1589 2748 secum
1629 2694 1780 2749 detu-

137 2785 215 2840 lit.
249 2783 361 2840 Sed
404 2782 649 2852 religiosi
680 2783 782 2836 viri
813 2782 950 2837 tales
981 2789 1036 2837 et
1077 2788 1259 2838 tantos
1299 2783 1472 2838 libros
1508 2783 1778 2849 videntes,

142 2874 398 2945 religiose
431 2877 745 2927 tenuerunt.
779 2874 846 2926 At
877 2873 1018 2926 Deus
1047 2872 1140 2941 qui
1173 2872 1355 2927 omnia
1385 2871 1533 2926 videt
1563 2878 1784 2927 cuncta-

144 2978 246 3034 que
295 2961 604 3032 cognoscit,
655 2966 711 3016 et
766 2959 1014 3016 cordium
1071 2961 1288 3016 occulta
1343 2961 1671 3032 investigare
1728 2964 1784 3016 et

146 3051 358 3122 aperire
401 3050 672 3120 pranovit
713 3051 926 3105 animos
954 3055 1010 3105 et
1048 3050 1409 3106 intentionem
1459 3055 1780 3106 cunctorum

1860 1893 2016 1960 jussu
2067 1907 2222 1962 papa
2271 1898 2324 1947 et
2383 1905 2574 1962 magna
2613 1893 2880 1948 nobilium
2940 1901 3094 1964 parte
3141 1896 3510 1950 Romanorum

1865 1995 1987 2035 cum
2025 1980 2204 2050 plebis
2241 1980 2402 2036 simul
2437 1981 2717 2036 voluntate
2748 1983 3026 2050 laudante,
3062 1997 3253 2039 omnes
3283 1983 3506 2053 episco-

1864 2084 1986 2139 pos,
2018 2071 2490 2140 archiepiscopos,
2524 2071 2771 2137 abbates,
2796 2085 3157 2143 quoscunque
3190 2073 3500 2144 religiosos,

1862 2158 2034 2214 laicos
2072 2166 2127 2214 et
2174 2159 2428 2225 clericos,
2472 2173 2612 2228 quos
2657 2160 2895 2216 concilio
2943 2161 3259 2218 interfuisse
3298 2175 3504 2233 cogno-

1861 2247 1956 2310 vit,
1991 2247 2236 2315 quamvis
2285 2262 2382 2316 per
2428 2253 2542 2301 tres
2589 2246 2708 2302 dies
2756 2251 3116 2305 recessissent
3143 2264 3174 2304 a
3208 2251 3398 2317 Roma,
3431 2249 3499 2305 ad

1862 2336 2067 2391 curiam
2115 2337 2310 2390 summi
2361 2334 2636 2404 pontiﬁcis
2676 2338 2967 2392 revocavit.
3019 2338 3228 2404 Quibus
3270 2351 3503 2409 congre-

1861 2426 2002 2495 gatis
2049 2425 2242 2480 beatus
2290 2424 2564 2494 Eugenius
2612 2425 2908 2495 episcopus
2953 2426 3021 2481 de
3073 2428 3335 2497 mysterio
3373 2431 3506 2483 Am-

1863 2514 2121 2568 brosiano
2161 2527 2293 2569 voce
2333 2513 2589 2583 benigna,
2633 2515 2778 2569 unde
2828 2516 3194 2586 incomposite
3239 2523 3506 2573 tractave-

1863 2611 1984 2661 rant
2013 2604 2095 2670 ’89,
2147 2605 2374 2660 multum
2426 2613 2763 2675 conquestus
2810 2615 2912 2663 est.
2982 2610 3100 2676 Quo
3147 2608 3359 2677 audito,
3413 2624 3505 2665 ex-

1863 2695 2038 2750 tranei
2089 2694 2278 2750 clerici
2326 2704 2725 2766 cognoscentes
2752 2698 2927 2753 virum
2957 2699 3114 2755 valde
3153 2699 3386 2769 probum
3419 2701 3509 2770 ju-

1864 2784 2139 2852 stitiaque
2170 2788 2490 2849 amatorem,
2533 2785 2730 2854 partim
2769 2786 2904 2841 satis
2933 2786 3118 2842 mirari
3149 2801 3212 2842 ac
3243 2801 3506 2844 verecun-

1865 2873 1984 2928 dari
2023 2878 2329 2941 caperunt.
2371 2872 2511 2939 Quid
2559 2872 2770 2928 multa?
2820 2875 2901 2930 Ab
2945 2876 3252 2944 apostolico
3285 2881 3340 2932 et
3387 2877 3508 2933 uni-

1864 2961 2037 3016 versis
2091 2962 2368 3030 episcopis
2424 2966 2478 3016 et
2535 2976 2565 3016 a
2623 2968 2740 3018 toto
2802 2963 2951 3020 clero
3010 2966 3078 3020 ab
3137 2967 3508 3037 universoque

1868 3049 2074 3120 populo
2131 3051 2379 3106 Romano
2437 3047 2836 3107 conclamatum
2888 3059 2942 3108 et
2990 3054 3377 3111 conlaudatum
3425 3060 3512 3112 est

149 3141 476 3211 pravidens,
508 3139 657 3210 quod
683 3139 747 3169 ²⁸⁰
793 3139 858 3196 ad
892 3139 1106 3195 laudem
1137 3146 1192 3196 et
1239 3141 1504 3196 honorem
1544 3130 1926 3196 nominisCut
1981 3139 2182 3194 librum
2238 3139 2656 3196 Ambrosianum
2715 3147 2770 3196 et
2817 3141 2963 3197 beati
3011 3144 3260 3215 Gregorii
3309 3145 3510 3201 librum

151 3232 229 3286 sui
266 3245 367 3300 per
399 3228 660 3298 Spiritum
692 3234 938 3282 sanctum
968 3233 1160 3284 sancto
1190 3229 1479 3284 Ambrosio
1520 3229 1784 3298 episcopo

151 3319 388 3375 dictante
430 3317 487 3348 ’δ’
547 3317 859 3373 ordinatum
899 3324 1145 3384 noverat,
1193 3317 1385 3373 violari
1425 3323 1517 3373 aut
1556 3332 1586 3372 a
1625 3317 1786 3372 malis

153 3407 440 3465 dilacerari
470 3419 580 3461 non
612 3420 804 3476 passus
833 3412 936 3462 est.

223 3497 303 3550 ιι.
340 3497 707 3552 Proﬁciscens
730 3495 792 3526 ’⁸³
831 3501 1010 3550 autem
1058 3495 1315 3566 gloriosa
1358 3496 1633 3552 memoria
1672 3497 1785 3550 Eu-

154 3587 336 3656 genius
397 3590 848 3640 transmontanus
903 3585 1229 3654 episcopus,
1279 3591 1490 3640 amator
1528 3591 1583 3640 et
1631 3584 1787 3653 quasi

155 3682 300 3744 pater
339 3674 697 3731 Ambrosiani
751 3673 995 3743 mysterii
1035 3687 1137 3728 nec
1167 3687 1277 3729 non
1314 3680 1368 3728 et
1397 3674 1460 3704 ²⁸³
1509 3679 1791 3743 protector

158 3769 301 3832 pater
346 3763 658 3834 spiritualis
715 3762 989 3828 Karlonis,
1039 3776 1200 3816 causa
1259 3762 1481 3818 concilii
1540 3764 1788 3828 Romam,

157 3853 353 3910 invenit
393 3852 762 3922 apostolicum
808 3851 1126 3916 Adrianum,
1168 3851 1261 3920 qui
1305 3851 1512 3920 primus
1558 3851 1792 3907 annulos

159 3948 209 3997 et
237 3943 421 4014 virgas
450 3942 517 3997 ad
550 3931 951 3997 investiendum
983 3941 1334 4009 episcopatus
1360 3940 1582 3996 Karloni
1615 3939 1791 3996 dona-

160 4031 247 4096 vit,
274 4033 382 4100 jam
423 4045 520 4100 per
549 4036 662 4084 tres
690 4029 810 4084 dies
847 4027 1158 4084 celebrasse
1203 4029 1516 4084 concilium.
1549 4029 1649 4096 Qui
1679 4035 1794 4083 stu-

164 4120 304 4176 diose
342 4119 554 4185 omnia,
586 4125 645 4174 ut
674 4123 826 4190 gesta
857 4123 1032 4183 erant,
1067 4132 1166 4187 per
1194 4117 1444 4173 ordinem
1485 4118 1791 4187 inquirens,

166 4219 315 4278 prout
343 4215 470 4266 erat
496 4209 580 4264 vir
607 4208 899 4273 discretus,
931 4207 1199 4263 conscilio
1229 4221 1292 4262 ac
1320 4207 1588 4276 sapientia
1619 4207 1797 4277 provi-

167 4299 280 4365 dus,
308 4301 496 4354 animo
535 4297 803 4368 placidus,
831 4297 982 4352 vultu
1011 4310 1261 4362 serenus,
1294 4297 1546 4352 doctrina
1577 4303 1631 4353 et
1668 4311 1798 4352 ver-

172 4386 250 4441 bis
299 4387 570 4452 aﬁ'abilis,
639 4392 803 4456 atque
861 4392 921 4440 ut
976 4387 1096 4454 ejus
1151 4385 1390 4456 dignitas
1445 4387 1796 4455 exposcebat,

1864 3229 2055 3284 ambos
2102 3243 2270 3298 super
2325 3229 2471 3285 beati
2529 3231 2676 3285 Petri
2735 3230 2905 3286 altare
2963 3234 3168 3302 optime
3218 3234 3509 3304 sigillatos,

1865 3319 2122 3374 videlicet
2179 3319 2586 3374 evidentissime
2644 3322 2952 3390 apostolico
2982 3322 3046 3352 ”°
3100 3323 3284 3392 sigillo
3335 3324 3513 3393 signa-

1867 3415 1975 3472 tos,
2006 3409 2110 3462 viri
2150 3408 2397 3477 religiosi
2429 3416 2846 3476 supponerent;
2891 3410 3023 3478 quin
3063 3411 3226 3465 etiam
3257 3411 3514 3467 omnibus

1867 3497 2065 3553 hostiis
2103 3496 2352 3550 ecclesia
2391 3497 2734 3564 apertissime
2773 3497 3046 3566 sigillatis,
3087 3499 3264 3554 indito
3299 3501 3510 3569 jejunio

1870 3600 1969 3655 per
2017 3590 2130 3640 tres
2167 3583 2287 3639 dies
2333 3585 2517 3638 cuncti
2555 3599 2587 3640 a
2627 3584 2852 3639 minimo
2901 3600 3075 3654 usque
3113 3587 3181 3642 ad
3223 3589 3512 3643 maximum

1871 3673 2069 3734 devote
2093 3674 2446 3740 jejunarent;
2489 3679 2543 3726 et
2572 3673 2652 3726 sic
2691 3674 2802 3727 Deo
2835 3673 3099 3741 propitio,
3131 3687 3514 3746 quemcunque

1871 3767 2120 3832 apertum
2152 3767 2208 3816 et
2246 3767 2548 3817 reseratum
2587 3760 2918 3829 invenirent,
2952 3761 3104 3819 illum
3151 3765 3360 3820 summa
3389 3779 3511 3822 cum

1873 3851 2166 3907 devotione
2198 3856 2252 3905 et
2295 3849 2674 3906 indubitanter
2699 3857 2994 3920 tenerent;
3037 3857 3091 3908 et
3129 3868 3513 3926 quemcunque

1874 3940 2156 3995 immotum
2197 3953 2260 3994 ac
2299 3938 2595 4009 sigillatum
2636 3940 2993 4009 reperissent,
3026 3941 3179 3997 illum
3219 3943 3517 3999 evidentis-

1874 4029 2009 4084 sima
2040 4027 2451 4097 dispensatione
2478 4028 2886 4084 comburerent.
2919 4030 3073 4097 Quod
3106 4029 3307 4088 factum
3339 4031 3516 4100 est’",

1871 4119 2082 4188 jejunio
2113 4117 2180 4172 ab
2219 4118 2500 4188 episcopis
2537 4119 2793 4174 omnibus
2812 4119 2875 4150 ²⁹²
2915 4126 2969 4175 et
3000 4121 3255 4178 universo
3288 4122 3436 4179 clero
3467 4128 3525 4178 et

1879 4205 2084 4276 populo
2122 4208 2370 4261 Romano
2411 4206 2710 4272 celebrato,
2745 4207 2801 4262 in
2840 4209 3002 4263 tertia
3032 4209 3122 4264 die
3162 4212 3340 4266 tertia
3370 4210 3522 4266 feria

1879 4295 2029 4350 illius
2058 4295 2442 4361 hebdomada,
2476 4296 2530 4349 in
2564 4310 2671 4365 qua
2699 4296 3046 4351 Ambrosiani
3089 4316 3117 4346 «
3149 4298 3525 4354 Misericordia

1879 4385 2094 4440 Domini
2145 4385 2306 4453 plena
2355 4390 2438 4440 est
2486 4389 2694 4439 terra»
2740 4397 2916 4452 usque
2953 4383 3119 4438 hodie
3157 4385 3355 4441 devote
3386 4400 3523 4440 can-

172 4473 300 4530 ultra
336 4489 531 4532 omnes
570 4475 859 4545 benignus,
893 4473 1040 4543 quod
1081 4474 1305 4543 dignum
1345 4473 1505 4528 laude
1541 4489 1660 4529 esse
1689 4473 2022 4539 sibiDtant,
2063 4474 2120 4528 in
2152 4487 2318 4528 unum
2358 4472 2628 4528 universis
2675 4474 3130 4528 convenientibus
3176 4475 3244 4529 ad
3293 4475 3526 4532 invisum

171 4565 467 4631 videbatur,
500 4570 882 4634 competenter
919 4562 1221 4618 afﬁrmabat
1251 4583 1264 4617 :
1307 4562 1526 4618 tandem
1565 4564 1802 4632 qualiter

175 4659 257 4708 aut
309 4653 589 4724 quomodo
637 4667 805 4722 super
850 4653 1168 4722 mysterium
1218 4651 1634 4708 Ambrosianum
1681 4668 1801 4709 sese

174 4743 401 4810 synodus
449 4741 752 4808 habuisset,
793 4743 948 4810 quasi
987 4741 1038 4796 vi
1077 4741 1147 4795 ab
1185 4740 1296 4796 illis
1343 4741 1594 4796 extorsit.
1646 4742 1802 4808 Quod

175 4831 260 4885 ubi
323 4832 598 4904 Eugenius
661 4829 905 4897 audivit,
985 4830 1276 4900 plurimum
1307 4829 1371 4861 ⁸⁸⁵
1435 4844 1804 4900 expavescens

177 4920 472 4988 condoluit,
512 4927 568 4977 et
613 4934 747 4976 voce
795 4919 1117 4976 lacrimabili
1174 4920 1431 4975 miserum
1475 4933 1534 4975 se
1578 4933 1802 4986 vocans,

1884 4573 1940 4622 et
1985 4564 2292 4619 inauditum
2342 4564 2684 4628 miraculum,
2737 4564 2988 4620 ecclesia
3032 4567 3215 4635 janua
3262 4572 3442 4622 stante
3462 4566 3528 4599 ’⁸³

1885 4651 2193 4722 apostolico
2225 4659 2482 4708 reserata
2513 4659 2567 4707 et
2598 4652 2742 4708 ultro
2775 4659 2980 4722 aperta
3019 4658 3167 4709 sunt.
3201 4653 3408 4721 Quibus
3445 4655 3530 4710 in-

1886 4743 2201 4813 trogressis,
2239 4742 2430 4798 ambos
2468 4741 2642 4798 libros
2692 4748 2749 4797 ut
2796 4742 3118 4798 dimiserant
3165 4743 3435 4814 sigillatos
3471 4751 3527 4800 et

1886 4831 2110 4887 omnino
2159 4831 2396 4886 intactos
2442 4830 2786 4885 invenerunt.
2828 4832 2945 4896 Quo
2993 4830 3110 4886 viso
3157 4831 3374 4887 cunctis
3422 4832 3528 4888 mi-

1885 4921 2136 4976 rantibus
2165 4919 2431 4990 valdeque
2471 4919 2990 4990 obstupescentibus
3027 4920 3364 4992 nimiumque
3403 4933 3531 4978 con-

1515 5071 1737 5126 VARUE
1790 5072 2176 5128 LECTIONES.

243 5185 300 5216 ¹⁷¹
345 5186 634 5257 imperium
673 5189 796 5243 Ber.
851 5186 1084 5256 imperio
1134 5183 1444 5257 magniﬁco.
1487 5199 1631 5240 men.
1683 5185 1790 5257 Α’έ.
1842 5185 1926 5242 Bt.

181 5256 239 5286 ’⁷⁸
267 5256 535 5314 emendati
576 5259 634 5314 Β.
746 5257 811 5289 ³⁷⁸
850 5258 993 5313 deest
1021 5260 1142 5312 Ber.

182 5326 239 5358 ⁸⁸⁸
283 5329 421 5385 deest
462 5333 585 5386 Ber.
700 5329 758 5361 ³⁸⁸
800 5332 862 5386 A.
909 5329 1202 5385 ordinante
1249 5342 1300 5384 e.
1353 5328 1408 5383 d.

184 5398 396 5455 Romam
444 5401 599 5458 adiit.
653 5400 852 5456 addunt
899 5399 1020 5456 A".
1073 5400 1133 5454 Β.
1185 5398 1267 5454 Bt.

1460 5343 1512 5386 0.
1565 5342 1620 5384 n.
1672 5332 1795 5385 Ber.

1380 5398 1445 5431 ”'
1491 5401 1633 5455 deest
1691 5402 1748 5456 Β.

1255 5256 1320 5288 ³⁷⁸
1348 5258 1425 5312 ita
1453 5259 1575 5313 Ber.
1609 5256 1867 5314 decolare
1897 5257 2051 5313 codd.

1862 5399 1927 5431 ’⁸⁵
1983 5401 2378 5470 perplurimum
2441 5402 2565 5456 Ber.

2792 5184 2856 5217 ’⁷³
2885 5185 2962 5242 ita
2984 5187 3109 5242 Ber.
3143 5183 3227 5242 Bt.
3261 5184 3344 5241 vel
3377 5185 3533 5242 codd.

2581 5256 2645 5288 ³⁷³
2674 5256 2816 5312 deest
2836 5259 2958 5312 Ber.
3073 5255 3138 5287 ’⁷⁸
3167 5257 3427 5327 mysterio
3448 5257 3536 5314 Bt.

1908 5328 1970 5360 ³⁸⁸
2021 5329 2306 5399 proﬁtiens
2355 5331 2414 5384 B.
2453 5329 2852 5400 Inscriptioncm
2880 5329 3127 5395 Qualiter
3155 5329 3543 5400 B._7Eugenius

2678 5398 2741 5431 ’⁸⁸
2789 5399 2911 5454 inﬁt
2955 5403 3081 5456 Ber.
3195 5398 3259 5431 ’⁸⁸
3320 5399 3546 5456 Titulum

2039 5187 2103 5217 ’⁷⁸
2134 5187 2188 5241 d.
2233 5199 2284 5241 e.
2316 5201 2366 5242 c.
2409 5185 2593 5241 desunt
2622 5187 2680 5240 Β.

2161 5257 2225 5288 ’⁷⁷
2258 5263 2316 5313 ut
2344 5259 2467 5314 Ber.

185 5470 482 5544 adscribunt
505 5494 522 5528 :
563 5475 619 5529 S.
671 5472 899 5544 Eugenii
941 5471 1195 5544 planctus
1231 5484 1400 5541 super
1445 5473 1748 5544 misterium
1786 5473 2225 5528 Ambrosianum.
2275 5472 2362 5544 Af.
2403 5473 2660 5544 Planctus
2708 5471 2762 5526 b.
2814 5472 2875 5526 E.
2927 5471 2996 5527 de
3033 5471 3267 5544 actis‘in
3294 5472 3542 5544 synodo,

975 5542 1039 5574 ’⁸⁷
1086 5542 1124 5598 i.
1167 5548 1221 5596 et
1251 5557 1296 5598 s.
1329 5545 1454 5598 Ber.

674 5615 737 5647 ¹⁹¹
765 5617 843 5673 ita
880 5617 1004 5672 Ber.
1036 5615 1354 5671 hominibus
1382 5614 1534 5670 codd.

186 5539 299 5614 rell.
335 5549 524 5614 prater
561 5539 862 5600 Berolditm.

187 5611 240 5644 ’"
272 5611 413 5670 deest
438 5619 560 5673 Ber.

1565 5543 1629 5574 ’⁸⁸
1672 5559 1743 5598 m.
1778 5558 1828 5599 e.
1862 5544 1918 5599 d.
1951 5544 2136 5600 desunt
2171 5546 2226 5601 Β.
2260 5542 2342 5600 BI.

1593 5644 1597 5648 -
1649 5614 1713 5646 ”'
1756 5620 1970 5672 astante
1997 5615 2084 5672 BI.

2456 5541 2519 5575 ³⁸³
2570 5547 2900 5599 tractaverat
2928 5545 3054 5599 Ber.
3165 5541 3230 5575 ”°
3257 5543 3325 5600 ab
3340 5541 3414 5601 'a.
3455 5543 3544 5600 Bt.
