4022 6160
437 263 546 319 855

1526 227 1858 315 LANDULFl
1897 258 2426 315 MEDIOLANENSIS
2461 257 2726 313 CLERICI

3716 255 3829 310 856

440 389 903 463 gemescentibus,
935 387 1065 443 libri
1112 387 1373 458 ligaturas
1417 399 1517 456 per
1557 399 1616 440 se
1639 384 1703 416 ’⁵⁸
1740 391 2076 456 rumpentes,
2100 384 2316 446 Abeati
2355 383 2627 440 Ambrosii
2664 383 2899 449 favente,
2931 382 3168 439 ﬁdeliter
3204 383 3439 454 aperuit.
3494 385 3594 440 His
3633 387 3828 442 omni-

445 495 640 538 sonum
671 492 924 550 magnum
958 482 1122 547 atque
1154 475 1456 531 terribilem
1479 474 1542 505 ³⁸⁸
1571 474 1926 530 audientibus
1956 475 2085 530 uni-

445 570 638 637 versis,
683 568 975 632 dederunt,
1008 571 1064 621 et
1110 579 1231 620 sese
1281 565 1454 635 digito
1502 564 1598 619 Dei
1645 565 1976 635 aperientes,
2011 565 2084 618 ita

445 659 607 716 ambo
655 657 831 727 aperti
879 663 1025 721 sunt,
1080 660 1139 709 ut
1181 654 1380 723 aliquis
1424 667 1585 708 unam
1633 654 1851 709 illorum
1899 652 2082 708 foliam

445 764 558 806 non
605 747 874 804 inveniret
913 745 1035 814 plus
1075 745 1129 798 in
1168 758 1329 799 unam
1380 750 1589 813 partem
1628 727 1788 813 quain
1839 744 1893 798 in
1941 743 2083 798 alte-

448 852 580 895 ram.
623 839 810 905 ltaque
862 834 1056 904 ingens
1093 832 1349 902 gaudium
1400 846 1592 888 omnes
1638 832 1887 902 abruptis
1925 831 2087 886 lacri-

447 929 549 982 mis
577 924 727 982 illico
766 923 980 979 invasit.
1025 925 1238 977 lnterca
1269 921 1427 976 libris
1456 921 1724 976 ambobus
1760 921 1909 987 visis,
1944 935 2084 990 qua-

445 1017 572 1071 liter
626 1013 801 1084 aperti
859 1017 1254 1082 apparuerunt,
1315 1024 1506 1065 omnes
1572 1010 1728 1079 quasi
1787 1023 1893 1066 una
1950 1023 2084 1065 voce

444 1103 855 1174 proclamabant
887 1100 1151 1174 dicentes
1193 1118 1205 1154 :
1251 1118 1279 1150 «
1318 1099 1712 1170 Gregorianum
1751 1107 1805 1154 et
1850 1099 2084 1154 Ambro-

444 1167 656 1248 sianum
722 1167 1027 1245 misterium
1091 1188 1158 1242 ab
1224 1167 1477 1242 universa
1534 1186 1766 1242 ecclesia
1831 1187 2088 1242 laudetur

445 1279 802 1336 confirmetur
847 1276 1118 1346 simulque
1157 1290 1224 1330 ex
1273 1280 1390 1330 toto
1437 1279 1772 1330 teneatur.»
1821 1276 2086 1330 Dicebant

446 1369 631 1425 enim:
674 1386 702 1419 «
734 1368 802 1422 Ut
849 1365 969 1420 hac
1018 1364 1272 1434 mysteria
1310 1363 1604 1419 laudentur
1650 1364 1988 1433 ﬁrmiterque
2018 1365 2086 1418 ab

447 1457 718 1513 universis
748 1455 918 1510 totius
947 1454 1099 1510 orbis
1128 1454 1421 1522 episcopus
1452 1459 1762 1520 teneantur,
1784 1453 1878 1509 Dei
1912 1453 2087 1508 omni-

448 1545 691 1616 potentis
720 1550 776 1600 et
822 1543 969 1598 beati
1019 1542 1166 1597 Petri
1204 1541 1440 1612 apostoli
1481 1543 1725 1597 cernitur
1753 1556 1874 1597 esse
1903 1540 2092 1598 volun-

447 1643 613 1690 tas.»
671 1637 739 1689 At
794 1631 1121 1702 quibusdam
1177 1631 1284 1687 hoc
1340 1632 1564 1687 verbum
1621 1632 1912 1687 videbatur
1968 1630 2088 1686 fore

2165 474 2269 529 bus
2323 474 2527 529 auditis
2583 473 2740 543 quasi
2799 478 2956 543 pater
3010 471 3178 528 unico
3232 480 3452 528 mortuo
3481 473 3544 504 ³⁰⁶
3596 474 3719 530 ﬁlio
3773 485 3828 530 et

2166 569 2358 633 postea
2395 563 2492 618 Dei
2522 562 2813 618 clementia
2859 563 3188 618 resuscitato
3218 561 3390 618 latati
3424 568 3481 618 et
3509 565 3826 619 secundum

2165 653 2444 707 tristitiam
2501 667 2610 722 qua
2666 652 2864 722 repleti
2921 658 3078 707 erant
3131 652 3302 723 gavisi
3358 659 3507 707 sunt.
3568 654 3823 709 Tandem

2166 742 2443 811 Eugenius
2481 756 2604 798 cum
2652 741 3036 797 habundanter
3066 740 3192 797 illos
3221 741 3289 796 ad
3321 743 3417 797 Dei
3459 742 3738 798 honorem
3772 743 3828 798 in

2167 829 2476 886 ministerio
2525 830 2670 886 beati
2717 831 2990 886 Ambrosii
3040 831 3323 887 caritative
3353 832 3734 895 cohortasset,
3773 840 3829 887 et

2166 919 2234 973 ab
2267 919 2368 974 hac
2398 919 2534 974 urbe
2564 919 2850 975 discedere
2882 919 3165 986 voluisset,
3210 934 3310 990 per
3341 919 3663 990 quindecim
3709 918 3828 975 fere

2167 1007 2287 1063 dies
2317 1014 2580 1075 moratus,
2614 1008 2748 1064 cleri
2778 1016 2834 1064 et
2871 1011 3108 1080 majores
3137 1010 3231 1079 qui
3271 1010 3645 1066 Mediolanum
3676 1009 3829 1066 lacte

2166 1098 2528 1154 Ambrosiono
2561 1112 2659 1168 per
2695 1100 2814 1167 ejus
2851 1098 3158 1154 doctrinam
3192 1099 3286 1154 illo
3327 1100 3384 1154 in
3422 1106 3680 1169 tempore
3717 1114 3826 1153 nu-

2166 1187 2495 1254 triebantur,
2527 1188 2773 1258 quamvis
2822 1189 3104 1258 perpauci,
3149 1187 3463 1244 ﬁdelissime
3512 1190 3829 1260 Eugenium

2169 1276 2480 1346 supplicare
2528 1283 2584 1332 et
2639 1291 2869 1332 exorare
2917 1285 3208 1346 caperunt
3253 1285 3526 1347 quatenus
3575 1279 3724 1348 ipse,
3781 1280 3827 1334 si

2171 1365 2422 1435 dignitati
2453 1380 2566 1420 sua
2596 1380 2660 1420 ac
2691 1366 2924 1422 bonitati
2955 1365 3218 1436 placeret,
3247 1381 3372 1422 cum
3403 1366 3514 1422 illis
3542 1377 3826 1423 maneret.

2170 1454 2323 1521 Quod
2355 1453 2447 1509 ubi
2478 1454 2571 1509 ille
2627 1454 2855 1520 audivit,
2907 1454 3258 1510 ineffabiliter
3315 1456 3536 1511 beatum
3585 1458 3827 1512 Ambro-

2171 1543 2312 1598 sium
2351 1549 2406 1598 et
2435 1544 2555 1611 ejus
2591 1543 2816 1599 ordines
2853 1549 3016 1614 atque
3055 1550 3249 1599 cantus
3287 1544 3546 1615 diligens,
3581 1545 3826 1616 benigne

2171 1633 2322 1688 vultu
2372 1632 2590 1702 placido
2638 1639 2802 1702 atque
2823 1632 2880 1664 ³⁰¹
2931 1647 3130 1689 sereno
3178 1633 3512 1703 respondit:
3549 1654 3581 1686 ‹‹
3622 1637 3830 1691 Noscat

448 1724 674 1788 bonum,
708 1721 1035 1792 quibusdam
1067 1733 1196 1776 vero
1236 1719 1461 1776 difﬁcile
1508 1726 1672 1790 atque
1718 1715 2380 1778 durissimum.Bcaritas
2425 1727 2604 1777 vestra
2625 1721 2708 1787 '0’,
2759 1721 2956 1777 fratres
2993 1722 3282 1788 carissimi,
3334 1736 3524 1778 amore
3566 1729 3625 1778 et
3667 1738 3826 1778 reve-

451 1811 690 1868 Tandem
722 1810 934 1866 domini
967 1824 1121 1879 papa
1151 1814 1207 1865 et
1235 1810 1467 1865 aliorum
1487 1810 1813 1880 sapientium
1837 1809 1901 1839 '96
1930 1817 2094 1880 atque

453 1901 818 1956 discretorum
892 1899 1134 1955 virorum
1209 1898 1578 1954 collaudatum
1645 1904 1728 1953 est
1802 1904 1861 1953 ut
1935 1897 2097 1954 sedes

452 1990 833 2055 Ambrosiana,
880 1989 936 2043 in
985 2002 1094 2058 quo
1134 1988 1398 2059 mysterio
1452 1985 1705 2044 ordinata
1754 1994 1809 2043 et
1855 2002 1886 2042 a
1933 1989 2096 2043 beato

452 2079 742 2137 Ambrosio
782 2077 1017 2133 exaltata
1046 2085 1150 2145 est,
1186 2077 1281 2132 illo
1313 2077 1435 2133 solo
1467 2082 1727 2132 contenta
1758 2082 2095 2146 permaneat,

454 2182 557 2224 nec
587 2181 698 2224 non
728 2172 910 2222 cetera
941 2181 1068 2236 pars
1097 2167 1270 2231 orbis,
1303 2181 1425 2236 qua
1465 2166 1666 2236 lingua
1705 2167 1914 2222 Latina
1943 2165 2098 2220 voci-

457 2259 561 2312 bus
599 2269 858 2312 resonare
879 2254 946 2285 ’9‘
982 2255 1220 2322 videtur,
1253 2255 1510 2310 omnibus
1547 2255 1649 2310 alis
1689 2255 2097 2324 pratermissis,

455 2346 847 2417 Gregorianum
885 2345 1132 2402 studiose
1163 2351 1219 2400 et
1257 2345 1476 2401 curiose
1512 2351 1702 2400 tenere
1734 2344 1970 2399 studeat.
2005 2345 2102 2398 llis

458 2437 716 2492 omnibus
755 2436 921 2490 rebus
957 2433 1137 2500 factis,
1171 2433 1341 2488 ﬁnitis
1371 2441 1426 2489 et
1465 2433 1791 2500 terminatis,
1825 2433 2103 2504 Eugenius

458 2525 659 2596 gaudio
709 2537 905 2594 magno
949 2523 1280 2592 tripudians,
1322 2522 1479 2592 quasi
1527 2523 1596 2578 ad
1649 2522 1908 2592 proprios
1959 2522 2103 2578 ﬁlios

463 2614 699 2670 tendens
753 2612 1119 2668 Mediolanum
1169 2613 1437 2682 pervenit.
1480 2613 1554 2666 De
1593 2627 1700 2682 qua
1730 2613 1864 2667 urbe
1915 2611 2104 2680 paucis

462 2708 622 2757 antea
661 2701 953 2756 transactis
983 2700 1180 2756 diebus
1219 2701 1518 2770 imperator
1550 2702 1707 2770 jussu
1737 2700 1962 2756 concilii
1993 2713 2103 2769 quo

461 2792 651 2848 Roma
716 2789 1004 2858 interfuit,
1073 2803 1236 2846 omne
1302 2790 1618 2860 mysterium
1685 2789 2102 2846 Ambrosianum

463 2880 702 2951 desuper
756 2879 951 2936 faciem
1008 2884 1173 2935 terra
1231 2878 1456 2935 omnino
1515 2879 1702 2934 delere
1758 2877 2100 2944 desiderans,

461 2969 752 3025 trucidatis
783 2968 969 3024 multis
999 2967 1218 3022 clericis
1247 2967 1518 3022 minorum
1557 2973 1612 3022 et
1656 2968 1923 3036 majorum
1954 2967 2103 3022 ordi-

2180 1809 2354 1864 reutia
2393 1809 2539 1865 beati
2576 1811 2872 1877 Ambrosii,
2905 1811 2972 1866 ad
3013 1813 3170 1880 cujus
3216 1811 3483 1867 honorem
3511 1813 3627 1880 jam
3666 1820 3826 1868 antea

2179 1899 2576 1968 aliquantulum
2641 1899 2924 1965 desudavi,
2992 1907 3280 1970 vestraque
3342 1899 3684 1967 fraternitas,
3746 1915 3826 1957 me

2181 2001 2292 2044 non
2342 1994 2551 2044 tantum
2600 1989 2656 2044 in
2701 1989 2804 2044 hac
2853 1989 3086 2045 ecclesia
3125 1989 3406 2046 vobiscum
3445 2004 3694 2055 manere,
3727 2004 3826 2046 vo-

2181 2078 2393 2133 biscum
2425 2092 2566 2144 esse,
2599 2079 2883 2134 vobiscum
2923 2079 3144 2151 degere,
3194 2079 3292 2134 sed
3332 2079 3497 2134 etiam
3547 2079 3604 2134 in
3647 2093 3828 2135 carce-

2183 2181 2298 2223 rem
2326 2166 2409 2234 ³⁰³,
2449 2168 2496 2223 si
2548 2180 2690 2237 opus
2743 2175 2836 2224 aut
2894 2167 3159 2238 temporis
3215 2168 3560 2237 perturbatio
3609 2169 3830 2223 crebre-

2182 2256 2549 2312 scentibus'05
2595 2256 2751 2312 malis
2789 2263 3133 2327 exposceret,
3175 2257 3358 2312 animo
3407 2257 3657 2328 cupienti
3705 2271 3831 2327 pro-

2184 2359 2379 2414 perare
2409 2345 2492 2401 ⁸⁰⁵.
2530 2365 2556 2397 ››
2612 2347 2813 2402 Vivens
2864 2351 3057 2415 postea
3103 2359 3234 2401 vero
3293 2346 3489 2401 beatus
3551 2345 3834 2416 Eugenius

2185 2435 2479 2503 episcopus
2534 2449 2633 2504 per
2691 2447 2896 2504 paucos
2942 2435 3084 2499 dies,
3133 2448 3324 2490 omnes
3378 2435 3510 2500 vita,
3558 2436 3836 2501 moribus,

2185 2521 2456 2591 bonisque
2493 2520 2761 2592 exemplis
2813 2522 3209 2592 patientissime
3253 2522 3552 2580 imbuebat.
3607 2524 3842 2579 Demum

2187 2610 2383 2681 plenus
2419 2611 2650 2667 scientia
2687 2618 2742 2667 et
2789 2612 3014 2682 pietate,
3055 2612 3281 2668 caritate
3320 2619 3376 2668 et
3413 2613 3670 2669 castitate
3701 2626 3840 2667 cun-

2188 2701 2402 2770 ctisque
2431 2700 2743 2767 virtutibus,
2775 2700 3017 2757 moriens
3045 2705 3255 2756 natura
3287 2701 3584 2758 concessit.

2263 2789 2348 2842 14.
2390 2790 2572 2845 Multis
2599 2789 2662 2821 ³⁰⁶
2719 2791 3060 2860 temporibus
3121 2791 3432 2857 transactis,
3491 2805 3618 2846 cum
3683 2791 3839 2846 beati

2189 2878 2414 2949 Eugenii
2455 2879 2702 2949 episcopi
2740 2879 3000 2935 memoria
3041 2878 3124 2934 sui
3163 2879 3403 2934 nominis
3439 2885 3605 2949 atque
3645 2880 3844 2950 sepul-

2189 2973 2328 3024 tura
2358 2982 2388 3022 a
2426 2968 2688 3024 cordibus
2725 2969 2993 3024 universa
3029 2967 3210 3039 gentis
3238 2967 3403 3037 hujus
3430 2968 3584 3024 urbis
3621 2968 3841 3025 accola

460 3071 612 3124 num,
657 3070 848 3112 omnes
894 3055 1286 3111 Ambrosianos
1332 3055 1524 3120 libros,
1557 3061 1667 3110 tam
1715 3057 1771 3110 in
1811 3055 2101 3111 sententiis
2121 3043 2165 3103 C
2185 3058 2369 3128 elapsa
2399 3057 2611 3126 fuisset,
2635 3057 2841 3128 placuit
2868 3059 2980 3114 Deo
3003 3057 3097 3128 qui
3128 3062 3326 3114 cuncta
3354 3057 3683 3114 abscondita
3712 3059 3842 3114 suis

459 3145 586 3201 novi
615 3159 778 3215 quam
806 3144 1009 3200 veteris
1058 3144 1370 3198 testamenti
1415 3158 1579 3213 quam
1627 3145 1682 3198 in
1733 3144 1935 3199 musica
1982 3151 2098 3198 arte
2184 3146 2439 3202 ﬁdelibus
2476 3145 2700 3212 revelat,
2733 3152 2789 3202 et
2816 3160 2947 3202 suos
2986 3145 3180 3201 ﬁdeles
3206 3159 3271 3201 ac
3311 3145 3514 3202 milites
3540 3146 3612 3201 ad
3653 3146 3844 3202 hono-

459 3233 761 3290 secundum
827 3231 1173 3288 Ambrosium
1237 3231 1566 3302 descriptos,
1625 3231 1853 3286 abrasit.
1921 3231 2100 3286 Nichil
2186 3250 2299 3291 rem
2342 3235 2426 3290 sui
2476 3236 2736 3301 nominis,
2764 3235 2858 3305 qui
2889 3235 3167 3305 quondam
3197 3241 3294 3290 aut
3319 3235 3547 3306 jejuniis
3575 3241 3673 3290 aut
3711 3250 3842 3291 ora-

458 3325 604 3380 enim
645 3328 848 3394 praeter
890 3320 1109 3377 missale
1147 3320 1428 3387 remansit,
1473 3321 1620 3390 quod
1663 3320 1884 3390 quidam
1924 3321 2103 3376 bonus
2186 3324 2430 3380 tionibus
2458 3329 2553 3379 aut
2579 3323 2780 3394 vigiliis
2818 3329 2910 3379 aut
2940 3324 3144 3380 ceteris
3181 3325 3350 3379 armis
3378 3325 3598 3381 virtutis
3635 3325 3844 3380 trium-

460 3419 625 3484 atque
650 3413 830 3469 ﬁdelis
859 3410 1121 3468 sacerdos
1150 3411 1455 3466 absconsus
1479 3411 1536 3465 in
1557 3410 1806 3465 cavernis
1835 3410 2100 3466 montium
2187 3412 2443 3482 phavere,
2486 3426 2658 3482 usque
2707 3411 2871 3468 hodie
2921 3411 3132 3482 pandit,
3167 3427 3265 3482 per
3303 3413 3575 3483 quandam
3625 3420 3838 3469 matro-

467 3517 564 3574 per
592 3517 689 3558 sex
727 3500 1062 3557 ebdomadas
1092 3498 1330 3554 ﬁdeliter
1357 3499 1673 3554 reservavit.
1717 3497 2104 3554 Manualem"8
2186 3515 2309 3556 nam
2356 3501 2514 3556 malis
2565 3499 2751 3556 multis
2805 3507 2971 3571 atque
3010 3500 3232 3571 paralisi
3281 3501 3466 3557 multis
3503 3501 3839 3558 dissolutam

463 3599 645 3649 autem
675 3597 868 3662 postea
896 3596 1109 3646 astante
1138 3588 1384 3660 Eugenio
1415 3589 1711 3658 episcOpus
1729 3587 2099 3655 ﬁdelissimus,
2186 3590 2401 3657 diebus,
2452 3603 2653 3646 nomen
2691 3590 2940 3660 episcopi
2988 3595 3042 3645 et
3089 3589 3387 3660 sepultura
3437 3590 3617 3646 locum
3657 3592 3843 3662 signis

464 3683 742 3754 sapientes
761 3687 868 3737 tam
894 3679 1241 3735 sacerdotum
1263 3691 1421 3748 quam
1443 3664 1792 3744 clericorum,
1818 3679 1912 3748 qui
1937 3677 2104 3733 multa
2187 3679 2612 3736 cvidentissimis
2667 3693 2938 3735 reserare.
2990 3680 3279 3736 Enimvero
3338 3687 3472 3736 nutu
3528 3680 3843 3737 accedit"

467 3771 782 3830 memoriter
811 3769 1091 3836 tenebant,
1125 3767 1516 3824 convenientes
1544 3767 1598 3821 in
1633 3781 1819 3834 unum,
1845 3769 1956 3823 Deo
1989 3768 2106 3837 opi-
2187 3768 2394 3837 divino,
2419 3783 2542 3824 cum
2572 3770 2630 3824 in
2659 3783 2760 3825 suo
2782 3769 2927 3826 lecto
2958 3782 3110 3826 more
3139 3769 3306 3826 solito
3329 3769 3538 3826 inﬁrma
3567 3769 3841 3841 languida

467 3861 694 3928 tulante,
727 3865 788 3915 ut
816 3864 976 3914 antea
1004 3859 1217 3929 integer
1245 3856 1347 3913 fuit
1376 3857 1738 3925 invenientes,
1771 3858 1828 3913 in
1869 3859 2104 3927 posteris
2186 3865 2352 3929 atque
2399 3858 2656 3914 omnibus
2701 3859 2962 3915 membris
3008 3858 3253 3926 dimissa,
3295 3860 3495 3930 opibus
3541 3859 3730 3915 multis
3783 3868 3844 3917 et

467 3949 831 4006 tradiderunt.
2186 3949 2397 4019 magnis
2433 3947 2748 4015 attenuatis,
2781 3962 2918 4018 quas
2946 3954 3008 4004 ut
3045 3949 3114 4004 ab
3145 3949 3475 4019 agritudiue
3523 3963 3633 4020 qua
3678 3957 3845 4008 tene-

545 4037 626 4094 13.
658 4039 764 4093 Per
780 4035 844 4067 ²⁹⁹
887 4035 1032 4092 idem
1072 4041 1286 4106 tempus
1315 4036 1508 4091 beatus
1546 4036 1821 4106 Eugenius
1859 4035 1926 4090 ab
1966 4035 2103 4091 urbe
2187 4037 2350 4093 batur
2384 4037 2734 4102 liberaretur,
2775 4051 2875 4107 per
2901 4036 3151 4094 diversos
3192 4038 3530 4108 expenderat
3559 4038 3840 4106 medicos,

465 4131 656 4195 Roma,
690 4140 830 4194 cum
847 4127 958 4196 jam
995 4125 1155 4182 Carlo
1193 4119 1566 4180 Ambrosiana
1615 4124 1866 4180 ecclesia
1910 4123 2104 4180 inﬁde-
2187 4128 2518 4199 quiesceret,
2554 4126 2737 4182 animo
2767 4127 3110 4193 exastuanti,
3142 4127 3381 4197 qualiter
3417 4133 3513 4182 aut
3549 4129 3841 4198 quomodo

464 4219 532 4274 lis
561 4215 856 4274 devastatis
885 4220 1050 4286 atque
1080 4214 1381 4271 combustis
1421 4214 1880 4270 reverentissimis
1919 4214 2105 4270 multis
2188 4222 2385 4273 cuncta
2423 4230 2520 4272 sua
2556 4215 2671 4273 fere
2699 4216 2845 4273 bona
2887 4215 3136 4288 cogitans
3183 4231 3308 4287 qua
3355 4217 3666 4273 inconsulte
3706 4232 3846 4287 per-

462 4307 622 4364 libris
668 4304 946 4377 paululum
995 4304 1359 4371 discessisset,
1393 4317 1702 4360 convocans
1739 4302 2022 4373 dispersos
2049 4310 2158 4377 et_
2189 4305 2444 4374 didisset,
2468 4304 2618 4362 illico
2648 4318 2864 4362 omnem
2894 4319 3047 4376 spem
3077 4305 3270 4361 salutis
3298 4319 3412 4361 sua
3441 4305 3498 4361 in
3531 4308 3663 4372 Deo,
3686 4307 3844 4363 ultra

458 4373 734 4453 laceratos
779 4394 1032 4461 clericos,
1075 4393 1218 4450 ultra
1266 4393 1486 4450 modum
1536 4394 1723 4448 tristes
1767 4406 1832 4448 ac
1876 4373 2170 4449 miserosD
2189 4401 2249 4450 ut
2279 4409 2377 4450 sua
2406 4373 2551 4450 esset
2579 4393 2851 4461 voluntas,
2883 4373 3081 4450 inﬁxit.
3119 4396 3251 4462 Qua
3290 4409 3414 4450 cum
3453 4395 3624 4451 multa
3662 4397 3842 4453 animi

463 4486 677 4553 videns,
727 4483 1058 4555 permultum
1114 4483 1195 4538 eis
1251 4482 1575 4548 condolens,
1628 4488 1889 4552 quantum
1937 4482 2107 4538 valuit
2189 4482 2468 4540 voluntate
2517 4483 2664 4540 circa
2710 4483 3087 4540 ecclesiastica
3138 4498 3239 4555 per
3275 4484 3490 4540 diversa
3537 4491 3591 4540 et
3642 4499 3844 4556 quam-

465 4589 563 4633 eos
609 4574 930 4631 cohortatus
978 4577 1081 4628 est.
1121 4573 1223 4640 Qui
1263 4576 1479 4638 cuncta,
1513 4571 1750 4642 qualiter
1789 4587 1888 4642 per
1925 4573 2109 4628 omnia
2190 4572 2422 4644 plurima
2451 4571 2631 4630 ofﬁcia
2665 4572 2734 4629 ad
2764 4573 2860 4629 Dei
2908 4572 3175 4629 honorem
3221 4572 3464 4644 cogitare
3502 4573 3704 4629 iterum
3740 4575 3848 4631 ite-

469 4665 538 4722 de
594 4662 841 4721 misterio
904 4661 1268 4718 Ambrosiano
1333 4662 1560 4716 Romam
1625 4661 1770 4731 apud
1837 4675 2108 4718 summum
2190 4676 2420 4734 rumque
2487 4662 2765 4732 capisset,
2824 4660 2920 4717 Dei
2975 4661 3159 4718 subito
3216 4676 3346 4718 ecce
3409 4661 3695 4719 voluntate
3756 4664 3849 4719 vir

469 4752 785 4826 pontiﬁcem
843 4751 1029 4808 multis
1084 4751 1362 4822 episcopis
1409 4751 1715 4807 astantibus
1768 4757 1923 4822 gesta
1977 4750 2109 4807 fuis—
2192 4751 2495 4808 reverentia
2546 4751 2765 4822 dignus,
2799 4749 2973 4818 vultu,
3005 4750 3215 4818 habitu,
3249 4751 3510 4822 qualitate
3561 4765 3846 4810 veneran-

470 4846 612 4911 sent,
643 4856 703 4898 se
749 4855 850 4915 per
896 4840 1188 4912 plurimum
1228 4845 1492 4911 operante
1531 4844 1586 4896 et
1615 4840 1726 4896 Deo
1765 4839 2111 4898 orationibus
2191 4841 2314 4909 dus,
2347 4840 2562 4912 capillis
2591 4840 2787 4911 capitis
2808 4841 2921 4912 jam
2951 4840 3388 4910 canescentibus,
3419 4841 3627 4913 virgam
3667 4855 3844 4899 manu

1827 5033 2049 5089 VARle
2085 5032 2468 5090 LECTIONES.

537 5187 600 5220 ²⁹⁵
647 5202 702 5258 p.
750 5203 796 5244 s.
848 5187 991 5244 deest
1031 5190 1155 5245 Ber.
1266 5185 1330 5219 ³9³
1361 5189 1438 5242 ita
1464 5190 1590 5244 Ber.
1625 5185 1872 5243 terribile
1902 5185 2056 5242 codd.
2116 5257 2121 5258 ί
2169 5185 2233 5218 ’κ
2261 5187 2568 5257 sapientum
2610 5188 2668 5242 B.
2702 5185 2786 5242 Bt.
2855 5257 2859 5258 ν
2899 5185 2962 5217 ³⁸⁷
2990 5199 3040 5258 v.
3075 5191 3129 5242 et
3157 5186 3341 5258 verbis
3369 5199 3677 5258 consonare
3709 5189 3843 5242 Ba:

460 5257 524 5289 ’⁸⁸
553 5257 804 5316 manuale
832 5262 956 5316 Ber.
982 5259 1066 5315 Bt.
1145 5258 1208 5290 ’9”
1242 5258 1479 5314 Titulus:
1511 5259 1793 5315 Exortatio
1815 5273 1862 5313 s.
1898 5257 2146 5329 Eugenii.
2168 5257 2260 5315 A‘.
2293 5259 2539 5326 Qualiter
2567 5259 2622 5313 b.
2657 5257 2935 5328 Eugenius
2965 5257 3200 5315 clericos
3228 5257 3520 5314 Mediolani
3542 5257 3844 5327 dispersos

459 5331 748 5403 colligens,
789 5331 1105 5388 reformavit
1154 5329 1415 5403 ofﬁcium.
1466 5330 1584 5386 rett.
1634 5331 1776 5403 deest
1811 5333 1935 5386 Ber.
1989 5328 1998 5329 “
2031 5328 2113 5403 _'°°
2141 5330 2284 5385 deest
2313 5333 2434 5386 Ber.
2547 5329 2606 5403 Ψ
2633 5344 2698 5386 ac
2727 5333 2786 5386 B.
2899 5329 2962 5361 ³⁰¹
2993 5329 3135 5384 deest
3165 5330 3222 5384 Β.
3335 5329 3399 5360 ³⁰³
3428 5329 3569 5384 etin
3599 5338 3846 5403 mortem

456 5399 739 5472 vobiscum
769 5404 918 5459 addit
953 5406 1077 5460 Ber.
1189 5401 1254 5434 ὀδ
1283 5403 1661 5458 crescentibus
1688 5401 1779 5458 A*.
1811 5417 1863 5458 c.
1896 5415 1968 5456 m.
2001 5399 2190 5456 desunt
2221 5404 2345 5457 Ber.
2457 5401 2520 5432 ⁸⁰⁵
2560 5402 2635 5457 ita
2664 5404 2786 5457 Ber.
2821 5413 3121 5472 exposcere
3160 5415 3213 5456 a.
3239 5417 3298 5472 7c.
3341 5414 3639 5471 preparare
3679 5402 3844 5456 codd.

461 5471 526 5546 ξ’
575 5473 772 5546 Titulus
813 5495 829 5529 :
879 5477 953 5530 De
999 5473 1334 5530 revelatione
1381 5474 1527 5531 beati
1561 5473 1795 5546 Eugenii
1843 5473 2090 5544 episcopi
2123 5473 2372 5546 garlonis
2429 5473 2574 5544 regis
2623 5471 2912 5546 paternus.
2971 5473 3060 5528 A'.
3120 5471 3366 5546 Qualiter
3426 5486 3633 5546 corpus
3692 5473 3846 5528 beati

463 5544 699 5616 Eugenii
730 5558 828 5615 per
857 5546 1035 5614 ipsum
1065 5551 1313 5602 sanctum
1352 5545 1570 5602 mulieri
1602 5542 1896 5602 revelatum
1930 5551 2033 5601 est.
2068 5542 2186 5600 rell.
2219 5545 2361 5601 deest
2385 5542 2513 5600 Berl
2620 5544 2682 5577 ³⁰⁷
2729 5544 2934 5603 accidit
2963 5546 3087 5601 Ber.
3121 5542 3210 5601 Βι.
