4022 6160
281 281 383 336 857

1322 291 1635 348 HISTORIA
1671 293 2223 355 MEDIOLANENSIS.
2264 327 2334 338 —
2371 299 2501 354 LIB.
2542 301 2609 354 ll.

3556 304 3665 361 858

280 407 607 478 pastoralem
657 412 872 476 tenens,
913 411 1320 483 episcopalibus
1365 415 1706 474 vestimentis
1751 420 2287 495 indu-AEustorgii
2342 437 2373 478 a
2429 423 2599 479 latere
2655 423 2718 455 ³¹⁸
2783 424 3017 494 dextro,
3087 427 3273 483 multis
3327 432 3665 488 aromatibus

279 504 365 553 tus
395 496 477 564 ³⁰⁸,
509 512 718 553 summa
749 504 804 554 et
833 498 1013 556 infusa
1043 500 1106 531 ³⁰⁹
1134 501 1256 558 luce
1283 503 1534 574 perfusus
1563 507 1613 562 ei
1643 509 1918 578 apparuit,

281 585 578 651 «Salve,»
619 587 898 657 inquiens,
951 608 979 640 «
1029 597 1237 646 mater!
1291 594 1571 650 orationes
1618 602 1727 653 tua:
1776 605 1831 653 et
1860 598 1921 630 ³¹⁰

277 675 580 731 elimosinze
613 682 719 732 tua?
749 684 805 732 et
835 678 1087 749 lacrymae
1119 687 1227 736 tute
1267 684 1639 754 patientiaque
1671 694 1763 741 tua
1792 695 1919 745 ante

277 765 442 819 Deum
468 771 880 834 repraesentata
910 774 964 821 et
993 768 1060 822 ab
1091 782 1158 824 eo
1189 771 1460 827 exauditae
1491 781 1637 829 sunt.
1662 776 1834 846 Surge
1864 777 1920 832 in

276 866 432 907 mane
455 859 512 907 tu
533 859 590 908 et
609 854 691 907 vir
717 859 842 909 tuus
863 870 984 910 cum
1009 856 1225 912 duobus
1248 866 1410 915 terrae
1433 859 1738 918 fossoribus
1758 865 1840 929 3“,
1865 871 1919 922 et

272 953 440 1010 perge
487 942 630 1010 apud
683 943 902 998 beatum
953 947 1339 1016 Eustorgium,
1392 950 1484 1005 ubi
1545 966 1750 1021 corpus
1802 956 1920 1024 ejus

271 1032 546 1100 quiescit,
599 1045 709 1087 non
756 1033 918 1104 longe
968 1050 997 1089 a
1045 1034 1195 1091 fonte
1235 1038 1288 1092 in
1341 1053 1450 1109 quo
1499 1041 1752 1111 baptizati
1792 1051 1920 1100 sunt

271 1126 542 1191 martyres
571 1123 850 1178 Protasius
898 1130 953 1179 et
997 1126 1284 1181 Gervasius
1321 1135 1485 1198 atque
1516 1131 1800 1188 Secundus
1825 1132 1919 1190 Dei

270 1209 510 1265 adlethae
539 1211 641 1278 m;
694 1212 786 1266 ubi
839 1211 1123 1269 inveniens
1171 1215 1352 1271 locum
1391 1218 1786 1288 aliquantulum
1820 1223 1920 1278 hu-

271 1298 585 1366 midiorem,
619 1314 729 1370 quo
760 1301 958 1358 effosso
989 1317 1192 1374 corpus
1233 1320 1410 1362 meum
1456 1308 1737 1375 invenies;
1790 1312 1920 1368 inde

269 1403 382 1458 quo
412 1389 647 1454 elevato,
675 1390 730 1445 in
761 1392 994 1447 ecclesia
1015 1393 1162 1449 beati
1194 1397 1468 1468 Eustorgii
1500 1399 1763 1456 collocari
1797 1416 1919 1458 eum

268 1476 457 1533 facias.
497 1499 521 1528 »
556 1483 673 1547 Quo
703 1481 896 1536 audito
927 1482 1144 1549 mulier,
1180 1491 1238 1538 ut
1279 1493 1396 1540 erat
1442 1488 1694 1544 sanitatis
1740 1491 1919 1555 avida,

263 1557 475 1623 auxilio
525 1569 778 1638 corporis
825 1571 985 1626 anxia
1035 1573 1320 1642 nobilique
1361 1574 1424 1606 ³⁸³
1473 1578 1727 1648 prosapia
1777 1587 1917 1644 orta,

267 1655 502 1725 cupiens
564 1657 734 1727 pedes
797 1659 973 1714 sancti
1035 1661 1183 1717 illius
1248 1664 1598 1733 deosculari,
1677 1667 1916 1725 lacrimis

2004 513 2301 583 multisque
2369 512 2740 578 orationibus,
2808 513 3040 585 vigiliis,
3110 515 3347 586 hymnis,
3417 520 3660 588 psalmis,

2004 605 2289 658 missarum
2355 601 2640 658 solemniis
2694 603 2989 674 multisque
3047 603 3352 662 elimosinis
3415 607 3659 664 honora-

2005 701 2122 758 tus,
2189 692 2244 746 in
2312 691 2554 760 pretiosa
2619 691 2784 746 archa
2852 706 3155 749 marmorea
3221 695 3451 752 miriﬁce
3517 710 3658 752 con-

2003 781 2153 836 ditus
2201 785 2304 835 est.
2368 781 2480 835 lloc
2528 778 2672 834 facto
2726 780 2960 845 mulier,
3019 796 3142 851 quat
3201 785 3312 839 Deo
3374 793 3652 842 annuente

2002 877 2058 925 et
2106 870 2251 925 beati
2301 867 2528 938 Eugenii
2578 869 2790 923 meritis
2835 877 2890 924 et
2941 870 3286 926 orationibus
3323 873 3485 929 saluti
3535 874 3652 944 pri-

2001 959 2162 1014 stium
2210 957 2424 1012 reddita
2473 964 2585 1022 est,
2636 957 2817 1012 adhuc
2865 959 2920 1014 in
2969 959 3103 1014 tanti
3155 960 3256 1015 viri
3315 961 3650 1019 exaltatioue

2001 1047 2264 1102 anhelans
2298 1088 2312 1112 ,
2389 1045 2456 1100 ad
2532 1046 2798 1100 honorem
2881 1047 3129 1116 ejusdem
3213 1048 3654 1106 decentissimam

2000 1136 2268 1191 vulturam
2334 1133 2514 1190 facere
2579 1134 2923 1191 deliberavit.
3009 1139 3310 1207 Propterea
3385 1140 3656 1197 conscilio

2001 1238 2102 1280 suo
2151 1239 2183 1279 a
2230 1224 2349 1279 viro
2405 1223 2583 1289 inito,
2642 1224 3039 1293 aliquantulum
3096 1225 3173 1281 illi
3222 1227 3351 1297 quia
3397 1229 3508 1284 vini
3559 1243 3659 1299 pa-

2002 1328 2122 1370 rum
2153 1318 2246 1368 aut
2284 1311 2541 1368 frumenti
2589 1312 2656 1366 ad
2704 1319 2912 1367 tantum
2957 1328 3097 1383 opus
3144 1315 3250 1369 sibi
3294 1322 3660 1386 cognosceret

2003 1403 2424 1468 contradicenti,
2449 1401 2668 1456 tandem
2699 1401 2847 1456 omni
2877 1416 2974 1472 spe
2999 1404 3055 1457 in
3082 1405 3193 1459 Deo
3226 1404 3350 1471 ﬁxa,
3375 1419 3657 1461 murorum

2004 1493 2320 1548 convocatis
2359 1490 2652 1561 magistris,
2685 1504 2874 1545 eorum
2906 1505 3127 1562 quoque
3158 1491 3222 1522 ³¹⁶
3265 1495 3650 1562 servitoribus,

2003 1595 2143 1651 opus
2205 1580 2500 1650 diligenter
2563 1592 2822 1649 aggressa
2875 1586 2976 1634 est.
3047 1582 3268 1636 Factum
3327 1588 3411 1636 est
3467 1590 3648 1638 autem

2003 1670 2248 1726 bonitate
2287 1669 2468 1724 divina
2496 1671 2812 1736 praestante,
2845 1681 2986 1736 opus
3024 1682 3233 1723 summa
3263 1683 3386 1724 cum
3421 1669 3658 1740 diligen-

266 1743 458 1799 eﬁ'usis
505 1744 844 1818 largissimis,
895 1762 1121 1804 exorare
1165 1749 1380 1807 fortiter
1427 1756 1595 1823 erepit
1633 1763 1692 1810 ut
1720 1755 2076 1815 saltethia
2104 1761 2321 1815 demum
2362 1755 2663 1827 perfectum
2703 1764 2806 1824 est,
2841 1765 2895 1812 et
2923 1757 3106 1812 omnia
3136 1759 3255 1826 ejus
3283 1772 3410 1812 vasa
3449 1765 3556 1813 tam
3597 1759 3654 1814 in

261 1832 353 1886 vel
386 1846 584 1888 nomen
614 1849 772 1890 suum
803 1837 908 1891 sibi
941 1839 1269 1894 notiﬁcaret.
1306 1843 1581 1911 Eugenius
1611 1845 1698 1901 cui
1721 1846 1914 1902 beatus

261 1922 557 1991 respondit
587 1923 814 1980 dicens:
853 1945 880 1976 α
912 1927 1084 1982 Meum
1125 1941 1322 1985 nomen
1355 1946 1644 2002 meumque
1686 1948 1910 2006 corpus,

258 2011 307 2066 si
343 2012 564 2067 curiose
595 2027 940 2086 quaecunque
962 2017 1074 2072 dixi
1105 2019 1305 2090 egeris,
1328 2020 1382 2076 in
1413 2023 1753 2095 sarcophago
1786 2040 1912 2094 pro-

259 2099 354 2155 cul
394 2099 564 2157 dubio
603 2104 868 2173 reperies,
904 2125 930 2155 »
965 2112 1020 2161 et
1049 2108 1124 2162 ita
1155 2109 1347 2164 dicens
1378 2118 1432 2165 et
1472 2123 1589 2166 eam
1621 2113 1707 2168 his
1737 2115 1913 2170 omni-

258 2189 370 2244 bus
392 2189 693 2246 informans
733 2195 981 2250 recessit.
1032 2198 1100 2250 At
1139 2197 1338 2253 mulier
1366 2200 1539 2255 virum
1569 2216 1726 2257 suum
1757 2204 1910 2258 exci-

259 2283 410 2344 tans,
444 2287 640 2334 cuncta
687 2295 810 2349 qua:
863 2282 980 2350 ipsa
1020 2284 1228 2340 viderat
1277 2293 1333 2341 et
1377 2289 1658 2344 audiverat
1689 2293 1912 2348 omnino

261 2365 634 2436 ignorantem,
662 2369 844 2422 omnia
873 2383 973 2438 per
1011 2372 1261 2428 ordinem
1302 2375 1352 2429 ei
1391 2389 1648 2433 enarrare
1678 2382 1908 2446 curavit,

259 2467 522 2509 asserens
579 2469 678 2524 per
733 2458 1080 2528 semetipsam
1131 2463 1364 2518 sanitate
1422 2465 1796 2538 reintegrata,
1858 2474 1914 2524 et

262 2541 449 2596 locum
506 2543 562 2598 in
622 2559 731 2615 quo
785 2549 959 2603 sancti
1016 2563 1220 2619 corpus
1276 2553 1587 2622 quiesceret
1633 2558 1796 2623 scire,
1857 2567 1912 2614 et

259 2637 466 2685 cuncta
503 2629 766 2688 facturam
813 2636 916 2690 ire.
966 2638 1204 2693 Tandem
1254 2641 1482 2696 maritus
1529 2645 1685 2712 quasi
1726 2646 1907 2702 incre-

261 2717 472 2787 dulus,
558 2720 720 2777 laetus
785 2729 962 2780 tamen
1037 2728 1186 2796 quod
1254 2733 1495 2798 conjunx
1559 2732 1908 2804 afﬁrmabat,

258 2821 478 2864 summo
544 2809 654 2865 diei
720 2814 1047 2882 crepusculo
1113 2819 1358 2888 acceptis
1422 2819 1774 2890 fossoribus,
1853 2826 1909 2880 in

259 2899 522 2956 omnibus
584 2914 616 2955 a
679 2904 914 2974 conjuge
978 2905 1329 2975 admonitus,
1389 2913 1632 2980 perrexit
1695 2916 1763 2970 ad
1830 2916 1911 2973 lo-

259 3002 387 3042 cum
469 2989 752 3047 velociter.
847 2995 1059 3049 lnterea
1153 2997 1351 3053 mulier
1424 3015 1584 3070 quam
1627 3045 1641 3069 ,
1737 3008 1907 3061 mari-

1994 1846 2268 1902 frumento
2321 1860 2483 1917 quam
2534 1846 2589 1900 in
2642 1845 2808 1908 vino,
2878 1851 2937 1900 ut
2986 1845 3041 1899 in
3090 1846 3278 1915 operis
3335 1846 3654 1916 inceptione

1995 1944 2151 1992 erant
2201 1935 2399 2006 plena,
2449 1936 2530 1989 sic
2577 1934 2837 1990 omnibus
2883 1948 3046 2003 quam
3095 1941 3320 1990 strenue
3377 1935 3655 2006 magistris

1995 2025 2338 2091 refocillatis,
2373 2039 2494 2080 cum
2528 2031 2644 2080 tota
2675 2023 2840 2079 domo
2872 2037 2970 2078 sua
3001 2029 3056 2079 et
3094 2023 3320 2091 familia,
3354 2024 3652 2095 multisque

1995 2115 2330 2184 pauperibus
2359 2114 2642 2178 recreatis,
2674 2112 2831 2181 quasi
2882 2113 3086 2167 intacta
3139 2111 3372 2167 fuissent
3420 2114 3645 2168 inventa

1993 2210 2140 2258 sunt.
2172 2206 2288 2269 Quo
2322 2208 2545 2271 peracto
2577 2208 2825 2256 matrona
2855 2200 3080 2265 nobilis,
3115 2214 3306 2269 parum
3338 2201 3488 2270 quod
3519 2215 3648 2272 ege-

1995 2298 2078 2347 rat
2107 2291 2378 2362 cogitans,
2413 2289 2650 2359 qualiter
2698 2293 2966 2357 perpetuo
3016 2286 3214 2342 festum
3246 2287 3392 2342 beati
3423 2288 3655 2358 Eugenii

1994 2379 2190 2450 ymnis,
2225 2378 2571 2435 orationibus
2609 2376 2928 2446 crebrisque
2960 2375 3368 2432 visitationibus
3417 2375 3552 2431 cleri
3596 2379 3654 2432 et

1994 2469 2184 2539 populi
2243 2469 2629 2532 honoraretur,
2691 2466 2860 2535 ccepit
2919 2465 3164 2536 cogitare
3226 2464 3645 2535 perplurimum.

1993 2559 2208 2613 Interea
2246 2559 2328 2611 vir
2374 2559 2494 2626 ejus
2539 2555 2759 2624 cognita
2809 2554 3053 2624 ejusdem
3085 2553 3388 2622 voluntate,
3432 2554 3501 2609 de
3540 2569 3650 2624 qua

1993 2647 2099 2703 sibi
2143 2648 2254 2716 jam
2303 2652 2462 2702 antea
2510 2645 2874 2709 intimaverat,
2916 2645 3099 2699 sciens
3129 2643 3278 2698 illam
3311 2642 3644 2712 permultum

1993 2737 2049 2791 in
2083 2735 2178 2791 Dei
2210 2736 2518 2791 timoratam
2540 2733 2792 2799 servitio,
2815 2732 2871 2787 in
2893 2732 3148 2788 omnibus
3178 2733 3233 2786 in
3267 2732 3470 2801 quibus
3489 2745 3642 2787 suam

1992 2829 2218 2880 noverat
2247 2824 2603 2888 voluntatem,
2637 2820 2952 2877 facultatem
2991 2827 3156 2891 atque
3195 2821 3476 2876 licentiam
3508 2820 3642 2876 ﬁde-

1990 2915 2118 2970 liter
2145 2929 2210 2969 ac
2239 2915 2434 2970 devote
2475 2913 2686 2968 tribuit.
2719 2911 2816 2966 Illa
2854 2925 2984 2966 vero
3015 2911 3115 2966 viri
3146 2911 3231 2966 sui
3262 2909 3508 2967 dominio
3538 2909 3645 2966 im-

1991 3005 2235 3075 perantis
2281 3009 2532 3073 accepto,
2574 3003 2892 3058 convocatis
2938 3001 3322 3057 sacerdotibus
3368 3000 3642 3068 humanis,

259 3083 352 3133 tus
413 3077 480 3109 ³¹⁴
570 3086 629 3135 ut
719 3089 878 3137 antea
970 3094 1330 3142 consueverat
1402 3090 1668 3147 inﬁrmam
1743 3088 2250 3167 atqueridelicet
2278 3093 2635 3148 humanarum
2682 3090 2860 3162 legum
2895 3090 3176 3159 judicibus
3205 3094 3262 3146 et
3296 3089 3430 3145 viris
3461 3089 3647 3146 multis

256 3181 466 3238 aegram
505 3169 722 3226 domum
763 3171 1084 3240 dimiserat,
1144 3177 1328 3232 sciens
1384 3193 1482 3249 per
1536 3183 1716 3238 omnia
1757 3184 1904 3240 illam

255 3269 362 3312 nec
423 3271 482 3313 se
531 3273 748 3316 movere
797 3276 998 3331 posse,
1049 3262 1355 3323 fossoribus
1401 3275 1456 3324 et
1502 3269 1619 3340 ipse
1664 3272 1731 3328 de
1779 3273 1904 3330 loco

254 3346 654 3416 titubantibus,
712 3364 844 3406 sana
897 3358 952 3407 et
1007 3353 1300 3411 incolumis
1356 3358 1409 3412 in
1477 3360 1658 3415 medio
1715 3376 1902 3418 eorum

253 3434 438 3491 veloci
503 3451 666 3492 cursu
733 3439 974 3495 advenit.
1042 3443 1250 3510 Quibus
1315 3446 1470 3501 valde
1537 3449 1902 3517 mirantibus,

251 3524 435 3580 salute
492 3527 722 3595 pristina
779 3529 858 3584 illi
912 3545 942 3585 a
994 3532 1105 3587 Deo
1163 3533 1363 3590 collata
1415 3549 1514 3604 per
1557 3539 1905 3608 semetipsam

252 3611 496 3670 fossorio
549 3622 751 3672 terram
804 3619 1064 3675 scindens
1111 3629 1166 3676 et
1211 3623 1323 3677 illis
1370 3624 1776 3692 quodammodo
1825 3628 1907 3683 in-

246 3703 488 3771 jurians,
529 3705 660 3760 viris
707 3713 886 3762 tamen
943 3708 1218 3780 religiosis
1260 3725 1401 3780 quos
1448 3715 1565 3783 ipsa
1610 3715 1907 3772 advocave-

253 3799 338 3848 rat
379 3794 728 3852 adstantibus
777 3797 1125 3868 psalmosque
1172 3800 1419 3857 studiose
1459 3806 1804 3873 canentibus,
1836 3807 1904 3864 ad

164 3928 176 3936 .
252 3895 464 3952 corpus
508 3885 622 3940 Deo
662 3893 939 3942 annuente
991 3895 1310 3957 perventum
1354 3898 1457 3947 est.
1498 3894 1598 3960 Qui
1637 3895 1906 3966 introspi-

253 3971 490 4040 cientes,
534 3974 690 4042 juxta
733 3981 916 4045 caput,
966 3984 1024 4031 ut
1070 3985 1295 4034 sanctus
1335 3981 1619 4048 retulerat,
1652 3982 1906 4041 laminam

254 4061 608 4130 plumbeam,
663 4065 718 4118 in
777 4079 882 4134 qua
932 4078 1131 4121 nomen
1181 4068 1300 4137 ejus
1347 4076 1403 4125 et
1449 4073 1641 4127 mortis
1691 4079 1907 4144 tempus

253 4149 536 4220 descripta
587 4159 781 4218 erant,
831 4155 1171 4224 gratulantes
1227 4157 1589 4226 invenerunt,
1643 4175 1744 4218 nec
1794 4177 1904 4219 non

256 4252 460 4309 corpus
508 4240 626 4309 ejus
672 4255 737 4295 ac
773 4249 972 4308 vestes,
1008 4250 1067 4298 ut
1115 4245 1170 4299 in
1219 4245 1308 4301 die
1339 4261 1450 4316 quo
1478 4249 1660 4305 missae
1690 4259 1818 4307 sunt
1847 4253 1904 4308 in

259 4335 633 4395 monumento,
683 4331 917 4387 inventae
955 4339 1102 4388 sunt.
1155 4336 1380 4392 Demum
1431 4339 1487 4393 in
1534 4339 1728 4397 lectica
1777 4357 1898 4398 eum

1988 3182 2368 3248 nobilissimis,
2421 3181 2631 3251 praedia
2670 3193 2700 3236 e
2740 3179 2942 3250 quibus
2978 3179 3126 3236 beati
3175 3179 3405 3249 Eugenii
3442 3177 3641 3235 festum

1987 3272 2289 3330 honoriﬁce
2337 3271 2617 3326 annuatim
2674 3283 2798 3324 cum
2855 3268 3115 3323 omnibus
3163 3267 3456 3321 ordinibus
3503 3266 3647 3322 cele-

1988 3363 2262 3427 braretur,
2291 3361 2568 3428 disposuit
2605 3364 2661 3412 et
2701 3357 3012 3411 ﬁrmissime
3045 3354 3340 3409 ordinavit.
3373 3355 3416 3408 Ε
3445 3355 3648 3423 quibus

1988 3464 2162 3519 usque
2201 3449 2367 3504 hodie
2408 3453 2464 3502 et
2509 3445 2572 3476 ³¹⁷
2610 3458 2848 3513 semper,
2894 3444 3006 3498 Deo
3053 3446 3331 3497 annuente
3381 3449 3436 3497 et
3483 3443 3644 3498 beato

1986 3538 2231 3609 Eugenio
2264 3549 2364 3606 pro
2395 3549 2458 3590 ea
2487 3540 2652 3602 atque
2679 3531 2949 3586 universis
2977 3531 3198 3585 Christo
3230 3530 3446 3586 devotis
3474 3531 3647 3586 inter-

1988 3626 2248 3697 pellante,
2292 3637 2499 3680 summa
2537 3635 2660 3677 cum
2692 3619 2984 3675 devotione
3025 3617 3356 3673 celebratur.

2068 3714 2148 3770 l5.
2187 3715 2350 3785 (Ann.
2379 3710 2538 3782 711.)
2570 3709 2922 3779 Querimonia
2952 3708 3098 3764 beati
3131 3706 3413 3763 Benedicti
3454 3706 3644 3762 archi-

1989 3805 2236 3874 episCOpi
2266 3801 2689 3859 Mediolanensis
2717 3798 2781 3830 ³¹⁸
2824 3813 2838 3852 :
2892 3815 2919 3848 (ι
2969 3798 3190 3853 Summo
3231 3796 3334 3867 (66)
3375 3796 3642 3852 catlorum

1988 3893 2285 3958 conditori,
2347 3897 2728 3959 terrarumque
2786 3889 3164 3943 universarum
3219 3885 3449 3953 factori,
3509 3899 3645 3958 gen-

1988 3985 2234 4053 tiumque
2273 3989 2593 4038 cunctarum
2647 3979 2882 4044 auctori,
2934 3984 3312 4034 creaturarum
3355 3976 3646 4032 universa-

1988 4087 2106 4129 rum
2128 4070 2385 4138 creatori,
2400 4069 2527 4127 cceli
2548 4075 2822 4138 terraeque
2841 4066 3294 4132 stabilimentum,
3319 4065 3641 4137 angelorum

1987 4170 2043 4218 et
2090 4161 2370 4218 hominum
2409 4175 2472 4216 ac
2511 4159 2639 4216 ﬁdei
2686 4157 2976 4214 catholica;
3029 4162 3084 4211 et
3128 4154 3281 4211 sedis
3317 4154 3641 4224 apostolicae

1987 4253 2208 4308 unicum
2277 4250 2675 4305 monimentum
2707 4289 2722 4315 ,
2793 4246 3166 4314 orphanorum
3235 4250 3291 4298 et
3356 4243 3641 4298 viduarum

1987 4341 2452 4409 ecclesiarumque
2528 4337 2902 4394 universarum
2978 4332 3216 4388 solidum
3301 4331 3642 4386 stabilimen-

258 4416 390 4474 boni
437 4417 538 4474 viri
585 4419 842 4491 religiose
891 4422 1254 4492 imponentes,
1291 4426 1444 4494 juxta
1489 4429 1706 4485 archam
1752 4409 2122 4497 beatiDtum,
2164 4429 2310 4486 Patri
2342 4436 2396 4484 et
2434 4427 2571 4484 Filio
2617 4439 2682 4482 ac
2720 4427 2920 4481 Sancto
2968 4421 3197 4491 Spiritui
3227 4421 3431 4491 gratias
3461 4419 3640 4477 refero

1617 4529 1837 4585 VARl/E
1883 4529 2266 4586 LECTIONES.

324 4613 390 4645 ³⁸⁸
438 4614 514 4670 ita
561 4617 676 4672 A‘".
714 4617 802 4674 A‘.
850 4618 936 4674 Bt.
989 4619 1326 4677 indumentis
1372 4624 1602 4680 vestitus
1649 4627 1705 4681 Β.
1755 4629 1880 4682 Ber.

258 4687 322 4739 Β.
374 4683 713 4744 fossionibus
761 4693 852 4746 Δί.
904 4692 963 4746 Β.

256 4756 428 4812 altare
487 4759 546 4812 Β.
658 4759 721 4790 ⁸¹⁶

1076 4691 1138 4722 ³¹²
1190 4693 1444 4750 adhelete
1488 4697 1575 4751 A‘.
1629 4697 1834 4754 athleta
1889 4701 2012 4755 Ber.

776 4763 852 4816 ita
903 4763 962 4818 B.
1023 4776 1212 4841 e_orum
1270 4779 1570 4841 quorumve
1635 4770 1756 4824 Ber.
1825 4784 2126 4841 eorumque
2181 4771 2275 4826 A".
2331 4767 2418 4824 Bt.

3113 4619 3171 4650 ³¹¹
3222 4619 3300 4674 ita
3335 4617 3456 4674 A“.
3505 4621 3632 4674 Ber.

3113 4695 3201 4721 ms:
3252 4692 3348 4721 ορ.-
3481 4689 3546 4721 aut
3576 4692 3615 4721 ιη

3094 4695 3201 4746 eest
3241 4692 3367 4745 Ber.
3481 4692 3546 4721 "'
3574 4692 3636 4746 E.

3091 4759 3156 4792 ⁸¹⁸
3219 4760 3511 4818 Mediolani
3578 4761 3637 4817 in

1993 4628 2056 4659 ³⁰⁹
2102 4629 2366 4682 immensa
2411 4627 2535 4680 Ber.
2648 4623 2711 4654 ³¹⁰
2748 4623 2890 4678 deest
2938 4622 2997 4676 Β.

1993 4716 1995 4723 .
2119 4698 2182 4723 an
2234 4697 2546 4723 ..Διεεηηηηη
2604 4697 2642 4723 ι)
2724 4697 2819 4723 1)....
2951 4689 3014 4723 ιιι

2119 4698 2182 4729 ⁸⁸³
2234 4697 2546 4767 nobilisque
2604 4697 2664 4751 B.
2713 4697 2838 4749 Ber.
2951 4691 3014 4723 ³¹⁸
3057 4691 3201 4746 deest
3241 4692 3367 4772 Bero.

2119 4788 2126 4822 ι
2182 4771 2275 4822 Α“.
2331 4767 2418 4822 Bt.
2530 4767 2593 4798 ³¹⁷
2659 4767 2800 4822 deest
2855 4767 2978 4820 Ber.
3091 4759 3156 4792 ⁸¹⁸
3219 4762 3367 4818 Medii

258 4828 494 4923 synodo,
551 4844 618 4923 eo
667 4833 795 4902 quia
844 4828 2528 4923 papa‘ConstantZinusipsum“archiepiscopum“privaverat
2584 4836 3025 4923 consecratione
3043 4833 3303 4923 episcopi
3345 4832 3638 4923 {api-ensis

259 4903 454 4993 contra
483 4902 761 4987 antiquam
792 4902 1247 4993 consuetudinem
1275 4909 1393 4964 A".
1437 4902 1504 4993 βξ
1528 4909 1706 4993 ιξιηρ.
1741 4912 1794 4968 b.
1827 4902 1964 4993 Ben.
1993 4902 2505 4993 a.'ltlediolanensis
2533 4924 2702 4993 super
2743 4907 3029 4993 Papiensis
3058 4902 3306 4993 episcopi
3336 4902 3640 4993 consecrat-

260 4971 432 5065 gone,
465 4986 626 5065 quam
657 4977 742 5031 sui
770 4983 1166 5065 antecessores“
1190 4993 1373 5065 usque.
1392 4980 1459 5036 ad
1490 4981 1574 5036 sui
1614 4971 1830 5052 tempus
1872 4985 2058 5065 quiete
2105 4999 2170 5040 ac
2218 4971 2978 5065 caritativecelebraverant,
3004 4975 3636 5065 residen‘tetcat‘hedrte‘

261 5042 520 5136 59231358
540 5042 1410 5136 Eoustant‘in‘orponti-tice.illic
1457 5060 1640 5136 autem
1679 5042 1819 5136 cum.
1841 5042 2024 5112 omnia
2072 5069 2281 5136 summa
2326 5068 2452 5136 cum
2479 5052 2894 5136 dispensatione
2925 5042 3293 5136 ecclesiarum
3312 5052 3549 5136 tractare
3565 5054 3638 5136 Aet

260 5112 492 5208 άθθρίεθ
540 5118 762 5208 negotia
809 5112 1037 5208 delevit,
1087 5121 1224 5208 nihil.
1264 5121 1473 5178 ducens
1519 5125 1690 5208 orbis.
1720 5126 1890 5208 ιριίιιξ
1935 5129 2370 5208 ρεηῐὲοωέριιηι
2405 5112 2731 5208 ,ελρηῖίῖιπίο
2783 5123 2828 5177 εί
2876 5120 3306 5208 ίίὲοιὲβθέῗὲίῖφὲ
3353 5118 3636 5208 ΡέΡίΞηέξῖδ

260 5184 786 5271 ecclesiaecareret,
837 5184 1051 5277 inlicite
1070 5199 1141 5274 et
1173 5191 1300 5277 sine
1349 5207 1511 5277 causa
1558 5197 1806 5277 veritatis
1853 5184 1994 5277 fastu
2042 5197 2478 5277 injustitiatmsibi
2528 5196 2674 5277 hunc
2717 5184 3334 5277 usurpavit‘honoret‘n.
3365 5193 3443 5277 ΔΕῑ
3471 5205 3631 5277 quam

261 5255 381 5311 sine
430 5259 660 5342 rationis
706 5275 871 5342 causa
914 5262 1231 5342 adquisivit,
1273 5265 1507 5321 ecclesia
1555 5267 1766 5325 inlicite
1793 5270 2048 5340 spoliata,
2081 5255 2154 5326 ιίι.
2190 5268 2506 5342 pontiﬁcale
2538 5255 2910 5324 Romanorum
2940 5265 2987 5321 si
3019 5263 3240 5334 legeris,
3276 5262 3452 5319 lector
3481 5262 3636 5317 beni-

259 5339 389 5396 gne,
421 5331 684 5400 reperies.
719 5331 872 5388 habet
899 5333 989 5388 A'.
1020 5386 1026 5392 .

1837 5414 2052 5470 ΝΟΤᾸΒ.

339 5496 458 5578 (66)
507 5501 662 5578 lianc
707 5502 1014 5578 orationem
1060 5503 1337 5578 ﬁctiliam
1365 5519 1486 5562 esse
1533 5509 1785 5578 probavit
1821 5511 1903 5568 Cl.

263 5567 592 5629 Muratorius
638 5575 844 5631 Anecd.
893 5575 1000 5633 vol.
1053 5577 1094 5644 l,
1137 5592 1191 5648 p.
1242 5576 1367 5632 240.
1425 5579 1501 5636 De
1533 5567 1618 5636 're
1683 5582 1802 5652 ipsa
1838 5567 1897 5640 7v.

1989 5510 2142 5568 Pauli
2172 5509 2467 5569 Historiam
2506 5509 2698 5580 Lang.,
2741 5507 2826 5574 Vl,
2857 5505 2947 5573 29,
2989 5511 3044 5561 et
3077 5505 3249 5563 Vitam
3287 5495 3632 5564 Constantini

1987 5596 2165 5654 papae.
