4022 6160
366 359 475 415 859

1453 349 1784 407 LANDULFI
1822 347 2355 408 MEDIOLANENSIS
2390 350 2653 408 CLERICI

3649 349 3765 407 860

371 488 686 552 immensas,
718 480 1035 554 pontiﬁcem
1066 480 1213 552 quod
1262 477 1424 535 talem
1472 479 1677 533 sanctae
1725 475 1844 533 sedi
1881 475 2264 546 apo-Aderat
2319 478 2606 543 universa,
2675 476 2977 535 inferentes
3031 478 3261 548 injurias
3319 477 3482 535 alicui
3551 478 3765 548 injuste

373 575 588 633 stolicae
635 575 809 630 virum
870 571 1170 628 clementer
1222 568 1424 640 eligere
1470 581 1534 623 ac
1591 566 2025 623 misericorditer

375 665 634 722 ordinare
713 676 810 718 sua
887 659 1146 716 ineffabili
1223 658 1425 727 pietate
1490 656 1783 726 disposuit.
1868 656 2022 711 Unde

375 755 581 812 chorus
642 751 929 808 universus
977 749 1382 818 episcoporum,
1439 744 1784 801 sacerdotum
1846 745 2026 800 colle-

375 844 523 915 gium
561 840 751 897 sedule
799 837 1116 894 reminiscat
1153 835 1343 906 generi
1391 834 1630 889 humano
1678 833 1913 904 benigne
1959 847 2023 888 ac

377 929 812 988 misericorditer
877 924 1204 996 providere,
1263 937 1386 979 cum
1448 922 1575 976 huic
1631 926 1837 976 sanctae
1903 918 2022 974 sedi

375 1021 549 1077 virum
581 1015 893 1087 hujusmodi
927 1015 1248 1080 discretum,
1292 1012 1586 1076 illustrem,
1629 1009 2020 1076 orthodoxum,

377 1114 432 1164 et
461 1119 698 1178 praeesse
729 1110 783 1161 et
815 1103 1188 1174 praeordinare
1219 1115 1427 1157 summa
1456 1114 1577 1155 cum
1609 1100 1811 1169 pietate
1837 1098 2025 1167 dispo-

376 1197 524 1260 suit;
581 1195 676 1266 qui
733 1193 996 1264 operibus
1053 1191 1246 1257 bonis,
1295 1187 1765 1245 admonitionibus
1820 1185 2025 1242 sanctis

377 1286 567 1343 orbem
606 1285 712 1340 sibi
743 1284 1092 1340 commissum
1125 1279 1437 1337 confortare
1467 1284 1522 1334 et
1546 1285 1794 1334 errantes
1823 1277 2024 1332 docere

378 1389 489 1432 non
510 1375 733 1430 desinit.
760 1393 788 1425 »
812 1375 886 1428 De
907 1385 1016 1442 quo
1039 1371 1250 1426 Veritas
1270 1370 1346 1424 ait
1370 1390 1382 1424 :
1417 1389 1445 1419 «
1479 1370 1590 1438 Ego
1622 1381 1722 1438 pro
1745 1375 1797 1422 te
1820 1365 2022 1436 regavi,

379 1466 578 1531 Petre,
631 1469 691 1518 ut
737 1475 849 1518 non
907 1461 1127 1517 deﬁciat
1174 1457 1310 1514 ﬁdes
1342 1449 1467 1523 tua,
1520 1462 1575 1512 et
1623 1463 1679 1511 tu
1728 1453 2025 1525 aliquando

379 1566 680 1609 conversus
736 1551 998 1607 conﬁrma
1046 1548 1244 1604 fratres
1293 1554 1417 1602 tuos
1456 1547 1600 1601 (Luc.
1651 1559 1783 1609 xxn,
1834 1543 1942 1613 32).
1995 1561 2022 1596 »

378 1642 742 1710 Quamobrem
798 1641 895 1696 Dei
949 1644 1005 1694 et
1049 1638 1237 1704 vestri,
1289 1641 1446 1706 pater
1490 1633 1820 1700 venerande,
1861 1638 2027 1702 atque

2107 568 2537 638 condempnans,
2585 581 2649 624 ac
2698 567 2907 624 inlicite
2947 567 3272 624 sufferentes
3317 583 3348 623 a
3395 568 3555 624 malis
3600 569 3764 624 mise-

2106 657 2364 724 ricordia,
2425 658 2670 726 dextera,
2723 658 2968 729 legisque
3017 659 3335 713 cerimoniis
3380 657 3760 724 defendendo,

2105 747 2342 817 benigne
2381 753 2670 802 sustentat.
2701 750 2768 802 At
2793 747 3100 817 iniquitatis
3123 748 3314 816 judex,
3347 754 3545 803 cuncta
3575 750 3764 818 pretio

2105 837 2430 892 subvertens
2472 837 2712 907 negotia,
2759 851 2882 907 quae
2917 837 3054 908 legis
3081 843 3209 892 sunt
3248 838 3507 892 obscurat
3534 853 3598 892 ac
3632 851 3764 908 quae

2105 925 2487 996 temporaliter
2541 926 2787 981 arrident
2844 926 3138 981 criminose
3197 926 3434 992 exaltat;
3476 941 3506 981 a
3554 927 3767 996 quibus

2101 1014 2334 1085 justitiae
2389 1019 2603 1070 amator
2657 1029 2716 1069 se
2773 1015 2980 1070 cotidie
3037 1014 3132 1070 Dei
3190 1020 3514 1086 protegente
3562 1016 3764 1070 dextra

2106 1104 2368 1160 custodit.
2423 1104 2693 1159 Justitiam
2754 1104 3027 1159 discamus
3083 1105 3306 1173 itaque,
3365 1104 3512 1160 unde
3569 1105 3766 1161 Ysaias

2107 1194 2377 1264 propheta
2423 1194 2629 1264 Spiritu
2676 1198 2867 1248 sancto
2913 1192 3158 1262 repletus
3188 1193 3323 1248 dicit
3365 1214 3376 1248 :
3424 1215 3449 1242 α
3479 1194 3764 1249 Justitiam

2107 1283 2325 1348 discite,
2368 1283 2462 1352 qui
2512 1282 2770 1337 habitatis
2819 1288 3018 1336 terram
3071 1282 3222 1352 (Isai.
3269 1297 3417 1347 xxvi,
3465 1282 3542 1345 9).
3587 1303 3617 1333 »
3654 1285 3765 1338 Ve-

2107 1371 2350 1428 nerande
2401 1377 2590 1440 pater,
2642 1376 2968 1440 potestatem
3017 1371 3273 1427 culminis
3328 1372 3558 1428 Romani
3618 1373 3767 1428 ratio

2108 1461 2290 1516 vincat
2337 1460 2540 1516 divina.
2591 1460 2745 1516 Unde
2785 1460 2977 1516 beatus
3022 1460 3343 1516 Ambrosius
3387 1459 3463 1516 ait
3506 1481 3518 1516 :
3565 1481 3591 1508 ε
3650 1462 3765 1516 De-

2110 1556 2198 1605 cet
2253 1554 2313 1604 ut
2371 1549 2511 1603 ratio
2567 1549 2748 1603 vincat
2803 1553 3149 1618 potestatem.
3213 1569 3239 1597 ν
3297 1548 3571 1604 Iudicium
3631 1563 3767 1604 cau-

2109 1652 2291 1695 sarum
2339 1637 2718 1708 qurerimoniae
2767 1643 2970 1693 nostrae
3013 1639 3220 1707 justum
3262 1638 3545 1706 judicate;
3613 1637 3766 1693 unde

381 1731 544 1800 hujus
573 1731 748 1786 sancti
791 1728 1016 1786 concilii
1067 1727 1355 1796 coadjutus
1402 1723 1694 1795 prasentia
1725 1729 1780 1778 et
1808 1720 2028 1778 confor-

2115 1728 2370 1784 Dominus
2416 1740 2515 1795 per
2550 1725 2860 1782 Zachariam
2901 1725 3164 1796 loquitur,
3198 1726 3388 1782 dicens
3430 1747 3441 1781 :
3486 1745 3515 1778 «
3545 1728 3766 1782 Iustum

382 1824 528 1875 tatus
570 1819 881 1886 clementia,
937 1831 1038 1888 ego
1085 1816 1413 1872 Benedictus
1459 1813 1883 1869 Mediolanensis
1929 1809 2089 1868 ειη-Β
2105 1816 2374 1887 judicium
2431 1820 2486 1870 et
2543 1814 2827 1885 paciﬁcum
2874 1814 3137 1884 judicate,
3189 1822 3244 1870 et
3289 1815 3460 1870 nolite
3519 1816 3766 1872 retinere

383 1908 772 1978 chiepiscopus
838 1921 1054 1964 causam
1121 1911 1325 1961 nostrae
1378 1902 1630 1959 ecclesiae
1665 1945 1680 1970 ,
1752 1915 1876 1971 quae
1932 1900 2030 1956 Dei
2113 1905 2372 1962 malitiam
2421 1902 2606 1959 fratris
2651 1904 2818 1959 vestri
2871 1904 2926 1959 in
2966 1904 3229 1960 cordibus
3256 1905 3454 1960 vestris
3501 1905 3763 1971 lZacbar.

384 1995 843 2067 dispositionibus
891 2002 948 2051 et
984 1994 1130 2050 beati
1178 1993 1438 2048 Barnabaa
1485 1989 1722 2061 apostoli
1761 1987 2032 2045 doctrinis

383 2098 449 2140 ac
496 2086 774 2142 miraculis
817 2085 1100 2151 reﬂoruit,
1159 2096 1415 2152 nuncque
1470 2078 1851 2151 gloriosissimi
1898 2089 2032 2132 con-

384 2173 610 2232 fessoris
672 2173 944 2229 Ambrosii
1011 2176 1204 2228 ornata
1277 2169 1586 2240 disciplinis
1618 2211 1632 2236 ,
1710 2167 2034 2224 honoranda

385 2263 680 2318 virtutibus
724 2261 1032 2333 praefulget,
1066 2262 1225 2330 cujus
1254 2258 1560 2314 reverentia
1590 2262 1644 2313 et
1673 2257 1899 2312 caritate
1930 2256 2036 2312 de-

385 2351 498 2408 bita
527 2358 710 2408 vestro
743 2351 940 2407 ductus
969 2349 1291 2420 conspectui
1321 2355 1376 2404 et
1409 2349 1537 2404 huic
1565 2351 1757 2402 sancto
1789 2358 2032 2402 conven-

386 2442 466 2497 tui
514 2455 600 2497 me
649 2455 716 2497 ex
761 2441 928 2512 longo
981 2443 1381 2510 repraesentare
1421 2435 1690 2505 disposui,
1739 2447 1893 2500 voce,
1927 2447 2035 2503 qua

389 2545 632 2603 possum,
675 2530 840 2600 longo
872 2529 1158 2586 confectus
1195 2527 1372 2594 senio,
1406 2525 1648 2596 pandere
1691 2529 1746 2580 et
1786 2537 2034 2579 reserare

385 2620 614 2676 curabo.
667 2620 838 2690 Igitur
889 2632 1012 2674 cum
1061 2616 1484 2674 Mediolanensis
1531 2614 1785 2682 ecclesia,
1835 2614 1931 2669 Dei
1980 2619 2036 2668 et

387 2706 533 2762 beati
585 2706 861 2763 Ambrosii
913 2705 1073 2762 factis
1111 2705 1174 2738 ³¹⁹
1231 2709 1286 2762 et
1331 2705 1628 2761 virtutibus
1674 2702 1928 2769 exaltata,
1972 2715 2036 2758 ac

386 2796 574 2853 multis
615 2796 894 2867 episcopis
931 2810 1032 2866 per
1068 2795 1237 2851 multa
1277 2796 1389 2866 jam
1419 2801 1668 2865 tempora
1697 2792 2035 2863 anteceden-

386 2887 462 2942 tia
493 2885 805 2949 sublimata,
839 2899 986 2941 nunc
1015 2884 1435 2941 consecratione
1465 2883 1715 2940 ecclesiae
1754 2881 2038 2951 Papiensis

389 2977 591 3044 injuste
621 2973 916 3044 expoliata,
947 2975 1105 3030 vobis
1133 2973 1414 3029 humiliter
1442 2988 1505 3028 ac
1553 2973 1747 3028 devote
1786 2983 2036 3039 conque-

390 3062 530 3118 ritur
579 3083 592 3118 :
645 3077 770 3132 qua:
819 3063 962 3117 inter
1000 3068 1218 3117 ceteros
1257 3066 1459 3117 nostrae
1492 3060 1741 3116 ecclesiae
1766 3059 2035 3129 suifraga-

389 3165 527 3208 neos
574 3150 721 3206 beati
768 3150 887 3220 Syri
927 3151 1137 3206 meritis
1178 3150 1472 3220 primicerii
1505 3149 1846 3219 privilegium
1893 3161 2038 3203 nunc

389 3253 565 3310 usque
615 3243 818 3295 nostrae
860 3252 1038 3294 causae
1079 3238 1342 3295 indicium
1381 3251 1592 3294 summo
1621 3238 1808 3309 vigore
1839 3238 2036 3305 tenuit,

391 3337 447 3387 at
503 3344 649 3386 nunc
705 3331 968 3385 Romanae
1025 3327 1175 3384 sedis
1231 3327 1595 3398 dignitatibus
1650 3333 1705 3382 et
1773 3329 2037 3398 majorum

390 3420 697 3477 honoribus
747 3417 1057 3483 ambitiosa,
1099 3430 1198 3472 sua
1245 3422 1300 3472 et
1338 3417 1562 3486 prOpria
1610 3416 1904 3488 metropoli
1949 3417 2038 3472 in-

391 3508 541 3566 licite
589 3507 854 3566 derelicta
902 3512 957 3562 et
1005 3507 1208 3576 injuste
1258 3505 1520 3562 destituta
1552 3547 1566 3572 ,
1627 3513 1686 3562 ut
1743 3521 2041 3564 consecra-

391 3597 595 3654 tionem
642 3596 838 3653 furtive
894 3595 1191 3666 acciperet,
1252 3596 1553 3651 Romanum
1611 3595 1749 3652 adiit
1813 3594 2042 3666 pontiﬁ-

393 3702 532 3744 cem.
564 3689 732 3756 Quam
773 3691 962 3743 nostra
1009 3685 1243 3741 ecclesia
1283 3699 1382 3756 per
1426 3691 1674 3754 tempora
1707 3687 1817 3756 jam
1847 3685 2037 3751 multa,

393 3788 661 3831 annorum
711 3775 878 3846 longo
918 3775 1194 3832 curriculo
1242 3774 1664 3842 antecedentia,
1716 3789 1747 3830 a
1794 3781 2040 3844 tempore

395 3864 541 3920 beati
589 3865 849 3920 Barnaba
896 3864 1130 3934 apostoli
1175 3878 1348 3934 usque
1395 3864 1500 3920 mei
1536 3865 1905 3934 praesentiam,
1947 3862 2042 3933 qui

398 3966 498 4022 per
540 3965 714 4008 annos
760 3951 1120 4022 quadraginta
1158 3952 1344 4008 sedem
1384 3951 1628 4008 residere
1657 3951 1721 3984 “°
1777 3951 2041 4008 mediola-

396 4053 622 4096 nensem
693 4039 828 4110 (67),
904 4046 1069 4110 atque
1136 4040 1272 4096 inibi
1337 4040 1655 4110 episcopum
1720 4041 2041 4112 Gregorium

399 4129 680 4186 humiliter
708 4130 1070 4198 consecravit,
1103 4129 1314 4196 habuit,
1337 4136 1393 4185 et
1422 4131 1702 4186 caritative
1727 4132 1838 4187 Deo
1861 4131 2043 4200 opitu—

399 4219 544 4275 lante
593 4219 790 4275 tenuit.
839 4221 992 4275 Nunc
1047 4219 1234 4290 itaque
1281 4224 1457 4276 vestra
1515 4227 1871 4276 succurrente
1929 4220 2041 4276 cle-

2114 2011 2233 2059 vut,
2274 1991 2384 2064 16).
2420 2013 2448 2044 n
2482 1995 2547 2048 Et
2575 1993 2778 2048 David:
2815 2011 2842 2044 ‹‹
2875 1995 2950 2048 De
2978 1993 3130 2048 vultu
3161 1998 3254 2050 tuo
3279 1993 3549 2063 judicium
3580 2008 3765 2050 meum

2116 2083 2364 2154 prodeat,
2398 2082 2544 2138 oculi
2611 2083 2717 2138 mei
2771 2082 2995 2138 videant
3050 2083 3364 2152 aequitatem
3426 2082 3598 2153 (Psal.
3652 2098 3760 2149 xvi,

2114 2174 2197 2244 2).
2235 2193 2262 2225 »
2306 2176 2374 2229 At
2421 2178 2480 2228 ut
2526 2177 2732 2228 nostra;
2771 2172 3022 2228 ecclesia:
3054 2178 3368 2242 nostraeque
3397 2173 3766 2242 querimonia:

2114 2263 2396 2318 veritatem
2451 2263 2792 2319 enucleatius
2856 2277 2919 2317 ac
2970 2261 3252 2317 verissime
3319 2263 3600 2331 aperiam,
3674 2261 3769 2317 de-

2117 2365 2234 2407 cem
2299 2353 2668 2408 Romanorum
2735 2350 3054 2420 pontiﬁcum
3122 2351 3450 2422 privilegia,
3521 2365 3650 2421 quae
3697 2349 3766 2405 de

2117 2440 2533 2496 consecratione
2589 2440 2893 2496 Ticinensis
2959 2439 3209 2496 ecclesiae
3274 2439 3400 2496 dico
3464 2439 3767 2495 asserentia

2117 2534 2280 2599 atque
2328 2529 2428 2584 sub
2475 2529 2834 2584 anathematis
2881 2541 3143 2584 mucrone
3183 2529 3358 2599 rigide
3396 2529 3465 2583 ab
3498 2527 3771 2584 universis

2119 2617 2396 2688 episcopis
2451 2617 2876 2684 interdicentia,
2939 2616 3102 2671 solita
3162 2617 3364 2686 pietate
3422 2618 3766 2688 c0gnoscite.

2118 2707 2256 2775 Quin
2288 2708 2449 2762 etiam
2475 2713 2663 2762 nostra
2693 2707 2884 2762 civitas
2912 2706 3150 2777 qualiter
3175 2707 3244 2761 ab
3273 2707 3409 2776 ipsis
3451 2706 3771 2776 primordiis

2119 2795 2327 2851 inculta
2369 2801 2424 2851 et
2477 2795 2709 2850 exaltata
2749 2810 2878 2850 cura
2909 2794 3159 2866 diligenti
3199 2796 3466 2865 majorum
3517 2809 3772 2866 perman-

2119 2885 2189 2940 sit
2235 2899 2334 2954 per
2378 2886 2656 2941 Romanos
2704 2884 3064 2954 imperatores
3103 2897 3165 2938 ac
3197 2883 3452 2940 consules
3501 2885 3772 2953 patricios

2120 2973 2363 3043 ejusdem
2420 2975 2573 3030 urbis
2627 2973 2861 3040 accolas,
2914 2987 3035 3029 cum
3098 2973 3250 3028 orbis
3305 2987 3416 3030 uno
3481 2979 3773 3044 regeretur

2119 3062 2374 3132 imperio,
2406 3067 2614 3117 attente
2647 3061 2983 3132 cognoscite.
3019 3064 3187 3129 Quam
3227 3060 3331 3129 (68)
3362 3068 3567 3129 tamen,
3615 3068 3675 3117 ut
3712 3063 3768 3116 in

2059 3123 2229 3208 Clsitu
2281 3151 2670 3222 descriptionis
2725 3151 2968 3221 ejusdem
3036 3153 3319 3222 comperi,
3387 3165 3654 3208 annosam
3705 3151 3769 3183 ⁸³⁸

2122 3239 2470 3310 postmodum
2518 3239 2748 3295 Romani
2794 3253 2952 3309 reges
2997 3244 3052 3295 et
3079 3239 3142 3271 δ”
3191 3239 3491 3309 principes,
3527 3238 3773 3310 expulsis

2121 3333 2394 3386 Senonum
2444 3329 2683 3399 populis,
2733 3328 2896 3399 longe
2945 3327 3141 3384 melius
3190 3329 3553 3385 sublimautes
3600 3343 3769 3400 opere

2121 3417 2352 3474 miriﬁco
2399 3415 2464 3449 ⁸³⁸
2520 3422 2826 3482 auxerunt,
2877 3415 3125 3472 locantes
3171 3417 3227 3472 in
3277 3431 3340 3472 ea
3380 3432 3536 3474 more
3590 3419 3770 3488 patrio

2123 3506 2379 3563 eximium
2440 3511 2796 3576 augustorum
2857 3504 3110 3575 dignitati
3179 3505 3438 3576 palatium
3504 3507 3769 3577 imperia-

2123 3596 2174 3652 le
2219 3594 2304 3663 ³³³,
2373 3594 2665 3660 theatrum,
2733 3595 3049 3662 aumatium,
3117 3595 3379 3661 thermas,
3447 3595 3768 3651 viridarium

2123 3699 2394 3742 amoenum
2423 3684 2488 3717 ³³³
2533 3684 2762 3741 ﬁoribus
2805 3683 3036 3740 diversis
3085 3690 3140 3740 et
3188 3685 3454 3741 odoribus
3481 3687 3651 3740 variis
3681 3686 3771 3741 de-

2125 3774 2399 3841 lectabile,
2432 3787 2651 3829 arenam
2698 3772 2976 3843 lapidibus
3022 3779 3077 3829 et
3125 3775 3453 3845 magisteriis
3499 3775 3772 3830 admiran-

2125 3864 2270 3929 dam,
2321 3864 2377 3919 in
2425 3877 2530 3933 qua
2577 3861 2746 3918 Italiae
2793 3862 2941 3917 cives
2980 3863 3220 3919 universi
3268 3863 3573 3920 consedere
3612 3863 3772 3919 etab

2124 3965 2234 4008 uno
2287 3957 2508 4008 oratore
2565 3950 2883 4006 concionari
2950 3957 3176 4022 possent
3225 3958 3626 4022 competenter.
3694 3952 3772 4007 Ob

2125 4056 2286 4113 quam
2335 4040 2481 4097 enim
2525 4039 2590 4071 ⁸³⁸
2635 4054 2852 4096 causam
2899 4041 3200 4110 saepissime
3247 4041 3316 4096 ab
3365 4041 3574 4096 eisdem
3625 4047 3774 4111 post-

2125 4131 2344 4188 modum
2375 4129 2622 4201 augustis
2649 4128 2988 4200 frequentari
3018 4137 3073 4186 et
3101 4129 3164 4161 ³²⁷
3211 4131 3376 4186 incoli
3409 4136 3463 4186 et
3510 4131 3771 4187 honorari

2122 4235 2291 4291 super
2336 4226 2563 4275 cunctas
2613 4219 2783 4275 Italiae
2831 4219 3079 4276 civitates
3125 4219 3356 4276 adhorta
3395 4226 3498 4286 est,
3543 4219 3773 4276 maxime

399 4309 601 4366 mentia
647 4309 963 4380 sanctisque
1012 4309 1453 4367 collaudantibus
1498 4309 1803 4367 canonibus
1827 4353 1842 4378 ,
1892 4311 2041 4381 quod
2125 4309 2274 4381 quod
2305 4313 2452 4365 esset
2488 4308 2626 4363 inibi
2663 4308 3010 4365 saluberrimi
3050 4309 3195 4364 aeris
3234 4310 3515 4380 aptissima
3559 4316 3774 4378 tempe-

397 4399 599 4469 injuste
646 4405 834 4455 nostra
884 4399 1119 4456 ecclesia
1165 4401 1366 4468 amisit,
1407 4399 1638 4471 adipisci
1676 4399 1870 4467 valeat,
1912 4399 2258 4471 ﬁde-“ries,
2317 4398 2583 4468 locusque
2630 4398 2697 4454 ad
2749 4413 2880 4454 usus
2926 4398 3261 4454 domesticos
3315 4397 3779 4470 inrefragabiliter

398 4487 527 4544 liter
572 4501 635 4544 ac
682 4488 879 4545 devote
927 4502 1234 4546 exoramus.
1295 4491 1476 4545 Prosit
1502 4449 1679 4544 rnobis
1723 4495 1904 4546 vestra
1949 4449 2525 4560 sa-Dparatissimus.
2595 4487 2804 4543 Exinde
2833 4530 2847 4554 ,
2928 4493 3083 4557 pater
3153 4487 3462 4544 venerande
3496 4449 3555 4554 ,ο
3590 4493 3776 4543 sancta

401 4575 629 4646 pientia,
681 4578 936 4634 omnibus
984 4577 1326 4649 praeferenda
1372 4578 1700 4648 disciplinis.
1749 4578 1850 4646 Qui
1899 4577 2042 4634 enim
2127 4577 2528 4634 christianitate
2573 4577 2696 4632 orbi
2737 4583 3038 4647 apparente
3087 4577 3364 4643 universo,
3395 4577 3541 4632 sicut
3571 4576 3777 4632 audivit

401 4666 659 4723 omnibus
704 4673 925 4738 praeest,
977 4667 1232 4724 omnibus
1279 4666 1542 4738 prodesse
1580 4666 1766 4721 debita
1797 4666 2045 4736 paterni-
2128 4667 2280 4724 illico
2311 4668 2422 4722 Deo
2444 4665 2702 4730 credidit,
2725 4672 2916 4722 sancto
2948 4667 3193 4722 Barnaba
3224 4665 3478 4736 apostolo
3508 4679 3541 4721 a
3570 4667 3773 4736 Spiritu

401 4760 512 4812 tate
542 4754 832 4822 condecet,
865 4755 1001 4812 nulli
1040 4770 1242 4814 nocere
1272 4756 1588 4825 neminique
1612 4754 1878 4822 invidere,
1912 4754 2048 4810 nulli
2129 4763 2320 4813 sancto
2353 4755 2488 4812 inibi
2521 4755 2796 4811 destinato
2825 4761 2881 4810 et
2920 4755 3080 4811 ﬁdem
3124 4755 3489 4812 orthodoxam
3544 4754 3777 4810 ﬁdeliter

403 4843 654 4901 ecclesiae
697 4845 964 4903 honorem
1013 4859 1077 4902 ac
1115 4844 1401 4918 dignitatis
1438 4843 1851 4916 praerogativam
1893 4857 2049 4900 usur-
2132 4845 2507 4917 praedicante;
2557 4858 2588 4899 a
2635 4857 2744 4914 quo
2783 4845 2928 4918 enim
2983 4851 3171 4901 nostra
3225 4845 3460 4902 ecclesia
3517 4843 3588 4898 ab
3647 4843 3776 4912 ipsis

405 4947 554 5005 pare,
596 4934 870 4992 discretus
898 4941 954 4993 et
984 4935 1156 5007 judex
1191 4950 1416 4992 summae
1447 4935 1679 5007 justitia:
1717 4933 1873 4990 lance
1903 4949 2050 5006 pon—
2132 4934 2451 5007 primordiis
2498 4937 2662 5004 caput
2708 4933 2879 4990 Italiae
2928 4948 3028 5005 per
3074 4934 3262 4992 sedem
3301 4931 3772 5004 metropolitanam

1787 5071 2010 5126 VARLE
2055 5071 2338 5128 LECTION
2344 5071 2442 5127 ES.

474 5170 539 5205 '“
587 5174 665 5229 ita
712 5171 829 5229 A“.
879 5170 1096 5228 facetiis
1139 5172 1228 5228 A'.
1281 5172 1340 5226 Β.
1389 5169 1483 5226 sed
1527 5169 1611 5226 hic
1657 5169 1724 5226 ab
1771 5169 1878 5240 alio
1925 5185 2063 5225 corr.
2177 5168 2242 5202 "°
2290 5168 2510 5225 resideo
2556 5166 2644 5224 BI.
2755 5167 2816 5200 '“
2858 5167 3001 5240 deest
3038 5183 3127 5240 ap.
3168 5171 3340 5226 Anon.
3390 5170 3457 5226 de
3491 5171 3598 5226 situ
3633 5168 3770 5226 Med.

405 5241 469 5276 ³⁹²
499 5245 567 5301 R.
601 5259 649 5301 r.
683 5250 738 5301 et
764 5244 950 5300 desunt
979 5243 1051 5298 ib.
1163 5241 1230 5275 “'
1259 5256 1312 5299 o.
1347 5256 1420 5313 ω.
1454 5241 1638 5298 desunt
1676 5241 1747 5296 ib.
1861 5239 1925 5273 ³²¹ι
1954 5241 2096 5297 deest
2123 5256 2214 5313 ap.
2245 5242 2400 5297 Anon
2427 5240 2493 5296 de
2520 5240 2624 5295 situ
2651 5240 2798 5298 Med.
2909 5239 2974 5272 ⁸³⁸
3001 5239 3274 5297 ammnum
3301 5271 3376 5282 —
3403 5248 3773 5313 competenter

408 5313 592 5372 desunt
620 5315 694 5372 ib.
806 5314 872 5346 ³³⁸
901 5315 1043 5372 deest
1075 5313 1148 5370 ib.
1262 5313 1326 5345 ³³⁷
1355 5312 1427 5370 fr.
1459 5313 1629 5385 coepit
1657 5319 1714 5370 et
1741 5313 1780 5370 i.
1813 5327 1880 5370 eo
1911 5313 2060 5384 quod
2091 5312 2162 5369 ib.

1980 5439 2200 5495 ΝΟΤιΕ.

485 5537 590 5607 (δη
619 5540 704 5595 At.
738 5552 790 5594 a.
820 5536 920 5593 681
956 5537 1172 5595 demum
1200 5537 1410 5595 electus
1439 5543 1542 5596 est.
1573 5535 1680 5594 Sed
1723 5540 1875 5593 totus
1901 5535 2057 5592 locus
2140 5535 2360 5608 pienses
2379 5533 2682 5608 episcOpos
2719 5534 2922 5608 inveni.

417 5604 714 5678 corruptus
750 5622 873 5664 esse
919 5609 1176 5676 videtur,
1223 5623 1328 5665 nec
1387 5610 1708 5681 Gregorium
1760 5609 1905 5665 inter
1959 5609 2059 5664 Pa-
2142 5604 2156 5608 “
2214 5604 2337 5679 (68)
2378 5604 2694 5662 Μυηιζδδ.
2729 5605 2792 5674 Ιδ,
2825 5621 2881 5678 p.
2913 5604 3037 5661 204.
