4022 6160
287 285 384 340 861

1329 283 1641 340 HISTORIA
1677 281 2228 340 MEDIOLANENSIS.
2267 310 2341 322 —
2375 283 2503 338 LIB.
2543 283 2610 338 II.

289 409 382 466 Dei
432 409 785 479 dispensante
830 407 1121 465 clementia
1171 408 1369 476 tenuit,
1400 412 1454 464 et
1500 409 1613 464 Deo
1660 407 2117 480 largienteAnus
2167 420 2289 462 cum
2337 419 2397 462 se
2442 407 2654 463 videret
2699 407 2863 464 morti
2913 406 3244 474 accelerare,
3284 407 3437 465 utin
3474 409 3652 466 sancti

290 499 344 554 in
391 504 658 555 ateruum
705 497 936 553 tenebit.
987 498 1350 565 Quamobrem
1417 496 1676 552 cathedra
1725 497 1932 552 Medio-

2013 496 2304 567 Epiphanii
2351 497 2460 553 vita
2511 497 2588 568 (c.
2636 496 2698 568 4)
2753 496 2876 569 (69)
2925 497 3179 564 habetur,
3211 495 3368 553 duxit
3403 505 3649 555 sanctum

290 586 531 642 lanensis
558 585 626 640 ab
673 585 796 655 ipso
844 586 1096 656 apostolo
1144 585 1380 641 exaltata
1429 584 1694 640 decenter
1739 590 1796 641 et
1841 600 1932 640 su-
2013 586 2376 655 Epiphanium
2433 587 2794 642 Mediolanum
2829 628 2844 652 ,
2904 592 2959 642 et
3023 585 3161 642 dixit
3210 586 3278 641 ad
3334 586 3651 656 episcopum

289 677 510 732 blimata
539 681 939 744 competenter,
973 675 1066 730 Dei
1114 675 1306 730 dextra
1356 680 1412 730 et
1449 674 1595 730 beati
1642 674 1788 730 Petri
1837 689 1930 729 rc-

289 765 454 837 migio
484 765 752 820 reﬂoruit.
800 764 956 832 Quod
1007 764 1151 820 enim
1200 764 1482 820 verissime
1532 764 1838 834 reperimus
1875 764 1932 819 in

287 855 495 912 nostris
541 854 850 918 annalibus,
902 859 957 908 et
1004 855 1123 923 ejus
1170 854 1545 923 descriptione
1583 853 1850 908 adventus
1879 857 1934 908 et

285 944 462 1000 sancti
517 942 783 999 Anatalon
842 943 950 997 vita
1010 943 1078 998 de
1136 942 1424 1012 discipulis
1480 941 1733 1008 Domini,
1794 955 1936 996 unus

283 1032 593 1102 discipulus
624 1031 974 1087 fidelissimus
1030 1030 1346 1087 ﬁdelissime
1401 1038 1455 1086 et
1501 1031 1805 1086 certissime
1854 1030 1936 1085 di-

2017 675 2326 730 Protaxium
2379 680 2433 730 et
2480 675 2704 732 ordines
2751 690 2890 746 quos
2948 676 3081 731 inibi
3139 676 3348 732 invenit
3388 695 3401 731 :
3446 694 3474 727 «
3514 676 3654 731 Ecce

2016 763 2134 830 ﬁlii,
2161 764 2272 832 jam
2322 778 2440 819 mea
2469 763 2534 796 ⁸δ⁸
2563 770 2696 820 atas
2741 779 2876 820 mea
2923 765 3049 820 vita
3089 779 3308 820 cursum
3339 763 3653 834 complevit.

2016 852 2351 908 Commendo
2400 853 2695 919 civitatem,
2745 853 3068 909 commendo
3117 852 3403 908 ecclesiam
3438 896 3453 920 ,
3511 865 3659 913 com-

2017 941 2218 995 mendo
2267 940 2432 1006 hunc,
2468 943 2625 1011 cujus
2669 941 2845 997 labori
2896 948 2950 996 et
2995 941 3184 1012 gratia
3231 941 3408 997 debeo
3436 983 3450 1007 ,
3509 939 3658 1010 quod

2020 1043 2192 1098 usque
2219 1028 2286 1083 ad
2326 1029 2433 1084 hoc
2481 1035 2697 1099 tempus
2733 1031 2840 1086 vixi
2879 1031 3204 1102 grandaevus
3234 1029 3298 1062 ³⁸³
3328 1037 3382 1085 et
3420 1029 3656 1095 debilis;

285 1135 421 1178 cens
473 1141 486 1176 :
541 1139 568 1172 «
609 1121 711 1188 Qui
753 1120 819 1151 ³³⁸
873 1126 998 1190 post
1052 1121 1351 1176 Romanam
1414 1134 1596 1176 arcem
1643 1118 1939 1175 famosissi-

285 1225 427 1267 mam
457 1210 522 1242 ³¹⁹
545 1212 654 1279 jam
706 1217 837 1266 tunc
876 1209 1182 1265 habebatur
1231 1209 1424 1265 civitas
1472 1208 1774 1279 sapedicta
1823 1209 1938 1263 Me-

284 1299 589 1363 diolanum,
623 1299 827 1368 quippe
857 1313 980 1368 qua
1012 1299 1130 1368 pari
1162 1297 1372 1354 ditione
1393 1297 1665 1364 sublimis,
1698 1295 1941 1352 secunda
2025 1299 2092 1368 (c.
2124 1297 2178 1367 5)
2231 1318 2243 1353 :
2298 1315 2326 1349 «
2367 1298 2594 1353 Ducitur
2650 1300 2844 1354 beatus
2907 1299 3246 1370 Epiphanius
3302 1297 3667 1355 Mediolanum

285 1393 414 1459 post
445 1389 640 1457 ipsam,
674 1392 733 1442 ut
764 1385 1023 1456 prafatus
1051 1400 1192 1452 sum,
1225 1386 1540 1458 augustales
1583 1386 1801 1442 occidui
1832 1385 1939 1440 im-
2024 1385 2204 1442 adhuc
2235 1386 2532 1454 reluctans,
2579 1393 2634 1442 et
2671 1403 2884 1459 magna,
2917 1388 2964 1444 si
3012 1389 3401 1454 dimitteretur,
3443 1399 3670 1442 munera

286 1478 430 1548 perii
497 1475 696 1532 infulas
763 1475 1083 1532 tetendebat
1129 1475 1208 1534 ³³⁰.
1256 1494 1284 1526 ››
1325 1477 1514 1544 Itaque
1567 1482 1791 1530 sanctus
1848 1473 1942 1530 Dei
2027 1476 2392 1546 promittens;
2443 1475 2560 1546 qui,
2601 1482 2662 1532 ut
2699 1477 2886 1543 ﬁeret,
2928 1477 3107 1534 noluit
3145 1477 3420 1548 spondere
3448 1476 3532 1532 vel
3573 1475 3674 1532 mi-

286 1567 645 1638 dispensante
697 1565 987 1621 clementia
1035 1565 1214 1621 sanxit
1235 1564 1293 1595 ³³¹
1327 1565 1602 1620 Barnabas
1638 1564 1941 1634 apostolus,
2027 1565 2193 1620 nima.
2225 1566 2592 1620 Consecratur
2627 1571 2808 1620 autem
2828 1565 2892 1597 “7
2920 1580 2952 1621 a
3000 1567 3161 1622 beato
3207 1566 3465 1622 Protaxio
3495 1564 3670 1620 sancti

217 1659 220 1664 '
289 1663 353 1712 ut
408 1654 866 1720 Mediolanenses,
901 1667 1063 1724 quam
1111 1654 1474 1724 imperatores
1511 1661 1739 1710 noverat
1778 1667 1948 1723 super
2029 1654 2302 1710 Ambrosii
2358 1659 2728 1722 antecessore,
2797 1653 3086 1711 catholica
3157 1655 3410 1711 ecclesia
3469 1666 3674 1724 propu-

2021 1118 2178 1187 cujus
2205 1131 2474 1188 corporea
2521 1116 2756 1174 felicitas
2775 1118 2841 1150 ⁸³⁸
2868 1126 2924 1176 et
2952 1120 3126 1176 virtus
3168 1120 3366 1176 anima
3398 1119 3666 1175 imbecili-

2023 1212 2186 1264 tatem
2219 1221 2390 1264 meam
2426 1209 2662 1277 portavit
2693 1210 2813 1265 sine
2851 1208 3092 1265 fastidio.
3138 1228 3166 1261 »
3209 1211 3339 1265 Item
3371 1210 3427 1265 iu
3469 1208 3661 1264 eadem

287 1749 520 1800 cunctas
567 1742 734 1798 Italia
784 1743 1034 1798 civitates
1075 1742 1438 1808 sublimasse,
1496 1756 1558 1798 ea
1607 1742 1724 1812 ipse
1771 1737 2252 1814 quamBgnatore
2293 1743 2625 1810 ﬁrmissimo,
2676 1757 2884 1799 summa
2931 1758 3054 1799 cum
3094 1743 3388 1799 devotione
3427 1756 3491 1798 ac
3522 1741 3676 1796 cele-

286 1832 498 1888 sanctis
530 1830 1018 1902 pradicationibus
1066 1831 1320 1901 primitus
1368 1828 1709 1898 fundaverat,
1742 1831 1944 1901 princi-

289 1923 434 1994 palis
462 1921 821 1977 ecclesiastici
870 1920 1124 1976 culminis
1171 1921 1353 1986 sedes,
1385 1920 1724 1992 aliarumque
1774 1921 1830 1976 in
1879 1934 1943 1976 ea

292 2011 578 2082 provincia
626 2009 981 2065 ecclesiarum
1032 2009 1357 2078 metropolis
1398 2010 1794 2080 perpetualiter
1841 2010 1943 2064 ha-

292 2103 510 2157 beatur.
551 2100 649 2155 Cui
680 2099 743 2132 ⁸³²
790 2098 1040 2170 profecto
1091 2099 1236 2165 urbi,
1271 2103 1331 2154 ut
1373 2099 1429 2154 in
1459 2101 1569 2155 vita
1603 2100 1776 2154 sancti
1806 2102 1948 2154 Ana-

294 2190 469 2256 talon,
503 2203 664 2260 quem
695 2188 832 2244 inibi
875 2193 1296 2244 consecraverat
1325 2188 1682 2244 Yerosolimis
1712 2201 1944 2258 proces-

293 2293 500 2344 surus,
567 2277 797 2342 inveni,
854 2282 1065 2332 tantum
1125 2276 1398 2347 privilegii
1470 2291 1668 2333 munus
1723 2283 1949 2333 sanctus

294 2367 566 2424 Anatalon
595 2380 626 2420 a
654 2380 754 2422 suo
784 2372 1014 2421 noverat
1043 2367 1303 2436 magistro
1337 2380 1684 2434 concessum,
1718 2373 1777 2423 ut
1805 2369 1950 2423 sicut

299 2459 450 2512 inter
493 2454 732 2524 reliquas
760 2454 1068 2510 Italicarum
1101 2456 1506 2524 provinciarum
1537 2456 1724 2522 urbes,
1759 2471 1947 2513 earum

297 2544 567 2600 duntaxat
613 2557 736 2613 qua
784 2543 1184 2599 occidentalem
1234 2559 1408 2614 usque
1429 2545 1494 2576 ³³³
1541 2545 1843 2616 marginem
1881 2546 1950 2600 ab

297 2632 472 2687 Italia
525 2632 648 2687 sinu
679 2631 743 2664 ⁸³⁸
783 2631 1211 2701 protenduntur,
1255 2639 1380 2703 post
1418 2636 1716 2690 Romanam
1766 2649 1950 2690 arcem

298 2720 500 2775 intenti
556 2720 659 2774 sub
706 2720 846 2776 solio
887 2720 951 2751 ³³⁵
995 2721 1294 2777 eminentia
1341 2721 1425 2787 ³³⁸,
1476 2731 1641 2793 atque
1690 2722 1954 2778 auliculo-

301 2822 424 2864 rum
471 2807 536 2838 ³³⁷
591 2814 862 2864 conventu
912 2807 1360 2879 frequentissimo
1418 2811 1754 2882 principales
1794 2811 1952 2866 vide-

301 2898 506 2954 bantur
534 2895 631 2964 ³³⁸ς
680 2898 755 2952 ita
785 2896 849 2928 ³³⁸
877 2897 1269 2954 ecclesiastica
1313 2899 1543 2955 ditionis
1587 2900 1951 2970 praerogativa

303 2991 433 3056 post
460 2985 780 3043 Romuleam
829 2986 1016 3042 sedem
1065 2992 1292 3042 cunctas
1339 2987 1656 3044 excelleret.
1707 2991 1766 3044 ln
1805 2989 1951 3044 hunc

2027 1833 2226 1888 britate
2275 1838 2621 1888 cunctorum.
2666 1851 2694 1884 ι)
2735 1835 3007 1890 Praeterea
3055 1833 3428 1889 testimonium
3455 1874 3469 1898 ,
3521 1835 3676 1901 pater

2026 1921 2356 1989 venerande,
2389 1937 2524 1992 cape
2574 1923 2964 1990 certissimum,
3014 1922 3103 1978 cui
3149 1922 3401 1977 dubitare
3451 1925 3545 1976 aut
3577 1934 3672 1975 re-

2025 2009 2238 2083 fragare
2305 2011 2677 2081 periculosum
2733 2018 2788 2067 et
2846 2011 3201 2068 criminosum
3249 2011 3425 2067 sancti
3493 2015 3679 2079 patres

2027 2101 2344 2158 decrevere.
2410 2101 2631 2171 Legitur
2687 2101 2832 2156 enim
2885 2101 2942 2156 in
2999 2101 3105 2156 vita
3161 2100 3336 2156 sancti
3402 2098 3675 2154 Ambrosii

2027 2187 2104 2258 (ο.
2175 2187 2262 2257 46)
2331 2189 2549 2258 patroni
2614 2189 2789 2245 nostri
2845 2203 2910 2244 ac
2975 2189 3332 2244 ecclesiarum
3398 2187 3679 2242 universa-

2032 2293 2154 2334 rum
2203 2276 2268 2310 m
2307 2278 2551 2334 tutoris:
2591 2298 2616 2327 ι
2656 2278 2918 2335 Ordinato
2963 2279 3252 2335 sacerdote
3298 2278 3548 2334 ecclesia
3594 2277 3678 2332 Ti-

2033 2367 2278 2423 cinensis
2323 2367 2522 2423 incidit
2566 2368 2622 2422 in
2679 2367 3072 2423 inﬁrmitatem.
3116 2385 3145 2418 »
3184 2368 3326 2422 Cura
3373 2371 3457 2422 est
3493 2367 3677 2436 itaque

2035 2463 2192 2526 pater
2219 2456 2532 2513 venerande
2560 2499 2574 2524 ,
2637 2456 2780 2513 sicut
2827 2462 3049 2512 sanctus
3096 2455 3368 2512 Fabianus
3409 2469 3548 2525 papa
3577 2469 3679 2512 suo

2034 2545 2090 2600 in
2129 2545 2354 2600 decreto
2391 2544 2512 2616 (70)
2557 2547 2754 2602 asserit
2793 2565 2820 2597 «
2861 2551 3058 2602 vestra
3105 2544 3467 2600 sollicitudini
3523 2544 3679 2600 adhi-

2034 2633 2235 2700 benda,
2277 2639 2336 2688 ut
2384 2647 2448 2689 ea
2486 2649 2609 2703 qua
2641 2639 2770 2690 sunt
2809 2636 2876 2691 ab
2915 2635 3184 2705 apostolis
3215 2648 3515 2704 eorumque
3555 2647 3680 2689 suc-

2035 2722 2350 2777 cessoribus
2423 2723 2676 2778 ordinata
2731 2738 2796 2779 ac
2855 2724 3031 2780 sancti
3087 2723 3152 2755 δι’
3205 2723 3443 2793 Spiritus
3505 2721 3680 2792 gratia

2035 2811 2358 2877 constituta,
2390 2825 2492 2866 nec
2540 2811 2979 2870 dissimulatione
3026 2812 3308 2882 negligere
3365 2825 3468 2866 nec
3498 2811 3681 2880 aliqua

2036 2901 2394 2971 prasumptio
2426 2902 2601 2956 valeat
2632 2903 2975 2972 perturbare.
3018 2922 3046 2954 »
3088 2902 3193 2958 Sed
3224 2902 3368 2958 sicut
3395 2900 3502 2957 hoc
3531 2899 3679 2971 quod

2035 2990 2268 3045 rationis
2297 2990 2550 3060 exigebat
2600 2991 2809 3046 utilitas
2857 2993 3104 3062 oportuit
3142 2991 3392 3056 deﬁnire,
3426 2990 3502 3046 ita
3531 2989 3680 3061 quod

302 3077 530 3134 modum
560 3082 614 3131 et
643 3076 760 3145 ipse
787 3074 1046 3145 prafatus
1073 3077 1304 3132 antistes
1334 3077 1410 3132 nil
1441 3092 1471 3132 a
1500 3092 1601 3134 suo
1633 3079 1950 3135 institutore
1973 3062 2016 3123 α
2037 3079 2319 3135 deﬁnitum
2368 3085 2451 3134 est
2499 3093 2611 3135 non
2660 3081 2826 3137 debet
2854 3081 3046 3137 violari
3067 3079 3131 3114 ³⁵⁰
3159 3083 3322 3137 Pater
3347 3079 3679 3146 venerande,

303 3167 632 3236 discrepans
651 3163 714 3195 ³⁸⁸
733 3164 1209 3235 metropolitanam
1231 3165 1289 3197 ³³⁸
1314 3166 1460 3222 idem
1499 3166 1814 3224 cathedram
1848 3182 1949 3238 pro

302 3255 508 3312 futuris
562 3253 904 3322 temporibus
957 3253 1159 3309 Christi
1223 3255 1414 3309 statuit
1488 3269 1608 3310 esse
1677 3255 1952 3325 ﬁdelibus,

301 3350 583 3414 quatenus
616 3340 859 3396 afﬁnium
885 3339 947 3371 ’δ’
998 3341 1328 3411 populorum
1373 3343 1678 3410 antitistes,
1727 3344 1833 3400 hoc
1872 3350 1957 3400 est

307 3432 574 3497 Venetia,
611 3430 863 3502 Liguria,
897 3430 1148 3497 lEmilia,
1180 3432 1376 3496 Retia,
1417 3431 1757 3501 Alpiscotia,
1799 3439 1958 3502 quot-

303 3527 448 3594 quot
477 3521 678 3578 fuerint
698 3521 755 3576 in
785 3526 973 3575 sancta
1005 3526 1178 3575 matre
1227 3519 1460 3576 ecclesia
1489 3519 1680 3587 futuri,
1724 3536 1822 3591 per
1861 3522 1960 3577 has

303 3612 641 3681 sapedictas
692 3610 1006 3680 provincias
1052 3614 1217 3678 caput
1264 3609 1542 3678 quoddam
1591 3617 1647 3666 et
1676 3610 1848 3666 decus
1877 3612 1960 3665 in-

303 3703 466 3772 signe
498 3707 623 3770 post
672 3700 974 3755 Romanum
1007 3697 1320 3768 pontiﬁcem
1352 3698 1556 3754 habere
1587 3699 1862 3755 debebant
1891 3699 1955 3733 ³³³

304 3789 735 3848 Mediolanensis
781 3787 931 3843 sedis
971 3787 1260 3857 praesulem
1309 3787 1814 3858 metropolitanum.
1849 3791 1954 3844 ita-

304 3895 420 3952 que
449 3878 681 3934 ecclesia
711 3876 1152 3942 Mediolanensis,
1185 3875 1272 3930 his
1320 3882 1375 3931 et
1422 3877 1545 3932 aliis
1591 3878 1777 3934 multis
1824 3877 1959 3934 fulta

307 3977 365 4026 et
396 3974 590 4024 ornata
620 3966 882 4037 remigiis,
914 3965 1028 4022 fere
1058 3979 1181 4022 cum
1226 3965 1532 4022 honoribus
1573 3966 1661 4022 his
1706 3968 1963 4024 omnibus

309 4072 489 4127 usque
537 4056 605 4112 ad
659 4056 764 4111 mei
819 4061 1056 4124 tempus,
1105 4055 1202 4109 Dei
1271 4055 1654 4111 misericordia
1701 4062 1756 4111 et
1813 4057 1960 4112 beati

308 4146 584 4204 Ambrosii
614 4144 825 4201 meritis
872 4144 1068 4200 devote
1121 4145 1388 4213 pervenit.
1423 4144 1528 4199 Sed
1579 4150 1638 4199 ut
1686 4159 1754 4202 ex
1782 4145 1962 4201 causis

311 4235 521 4301 multis,
553 4248 584 4290 e
630 4234 832 4304 quibus
877 4239 1084 4289 nostra
1135 4232 1494 4303 querimonia
1527 4247 1689 4290 causa
1718 4235 1963 4290 munitur

2039 3169 2316 3238 pracipue
2346 3173 2542 3224 vestra
2588 3170 2936 3238 paternitatis
2982 3170 3343 3226 reverentiam
3381 3175 3547 3239 atque
3585 3168 3682 3224 hu-

2031 3258 2124 3326 jus
2177 3257 2353 3312 sancti
2419 3257 2644 3314 concilii
2725 3260 3007 3314 caritatem
3083 3259 3342 3314 vicariam
3401 3257 3683 3312 caritative

2039 3359 2208 3402 exoro
2262 3360 2326 3400 ac
2375 3347 2598 3412 obnixe,
2649 3361 2679 3400 a
2729 3353 2883 3415 parte
2931 3347 3027 3401 Dei
3076 3352 3132 3402 et
3186 3345 3362 3400 sancti
3409 3344 3684 3400 Ambrosii

2040 3433 2431 3490 contendendo
2461 3433 2546 3501 ”',
2578 3439 2638 3489 ut
2667 3434 2850 3489 nullus
2875 3434 3170 3503 episcOpus
3197 3438 3402 3490 nostra
3432 3433 3684 3489 ecclesia

2041 3521 2462 3592 suﬁ'raganeum,
2522 3522 2754 3576 maxime
2813 3522 2960 3576 hunc
3020 3523 3339 3591 Papiensem
3374 3564 3388 3588 ,
3447 3523 3517 3577 de
3572 3534 3685 3590 quo

2042 3611 2208 3680 hujus
2245 3611 2422 3665 sancti
2471 3610 2695 3666 concilii
2745 3610 3052 3666 clementia
3082 3622 3415 3680 conqueror,
3447 3609 3688 3666 retinere

2041 3713 2105 3754 ac
2136 3697 2393 3754 ordinare
2441 3697 2800 3755 fraternitatis
2837 3706 3032 3756 Vestra
3081 3699 3433 3770 perturbator
3470 3713 3686 3770 prasu-

2042 3793 2173 3842 mat.
2205 3787 2360 3854 Quod
2410 3789 2456 3844 si
2496 3789 2760 3856 evenerit,
2801 3789 3124 3860 accipientis
3176 3794 3232 3845 et
3269 3788 3576 3845 ordinantis
3614 3789 3688 3844 ir-

2043 3877 2148 3932 rita
2178 3883 2232 3932 et
2271 3891 2439 3932 vacua
2469 3877 2542 3933 sit
2587 3879 2642 3934 in
2674 3885 2998 3950 perpetuum
3050 3879 3347 3936 ordinatio.
3380 3879 3535 3936 Unde
3564 3891 3688 3934 san-

2042 3972 2165 4022 ctus
2188 3967 2378 4036 Systus
2409 3981 2548 4038 papa
2575 3982 2678 4024 suo
2729 3969 2786 4024 in
2835 3969 3060 4026 decreto
3098 3970 3214 4042 ('71)
3247 3968 3510 4026 divinitus
3539 3981 3689 4024 amo-

2044 4056 2193 4111 nitus
2221 4056 2536 4127 magisterio
2567 4057 2706 4114 dicit
2740 4079 2752 4114 :
2789 4076 2817 4109 «
2857 4059 3049 4116 Nullus
3078 4059 3374 4130 episcopus
3394 4063 3690 4130 prasumat

2044 4145 2272 4200 alterius
2328 4145 2752 4215 parrochianum
2816 4149 3058 4204 retinere
3123 4156 3217 4204 aut
3281 4149 3539 4205 ordinare
3603 4146 3686 4202 vel

2039 4233 2290 4304 judicare
2338 4233 2546 4305 absque
2604 4237 2724 4304 ejus
2776 4236 3078 4292 voluntate.
3136 4238 3272 4303 Quia
3329 4237 3473 4291 sicut
3534 4235 3688 4290 irrita

313 4327 576 4382 decenter
639 4329 804 4393 atque
878 4327 1064 4378 tuetur
1137 4328 1536 4392 competenter,
1595 4324 2018 4394 quorumdam_
2049 4323 2155 4378 erit
2219 4324 2339 4392 ejus
2395 4323 2712 4391 ordinatio,
2777 4328 2832 4379 et
2883 4323 2947 4356 ³⁵³
3002 4325 3078 4379 ita
3143 4324 3488 4393 dijudicatio.
3555 4325 3687 4378 Nam

311 4419 629 4470 sanctorum
698 4389 1084 4482 episcoporum
1153 4389 1498 4480 Papiensium
1559 4389 2144 4482 testimonium,uni
2193 4389 2315 4466 eum
2355 4412 2613 4469 ordinare
2669 4389 2780 4468 non
2847 4413 3065 4484 potuit,
3115 4389 3218 4468 nec
3250 4412 3501 4483 judicare
3558 4411 3687 4467 nul-

312 4503 553 4573 Crispini
611 4507 668 4557 et
711 4500 982 4574 Epliphani
1028 4499 1272 4570 percipe.
1305 4499 1538 4555 Sanctus
1583 4501 1727 4555 enim
1757 4501 1963 4571 Crispi-
2043 4500 2260 4555 latenus
2304 4498 2369 4532 ³⁸³
2416 4501 2638 4571 poterit.
2679 4520 2708 4554 ι)
2753 4502 2914 4558 Pater
2967 4500 3299 4568 venerande,
3340 4513 3687 4572 unaquaque

1681 4599 1902 4653 VARIE
1941 4599 2221 4654 LECTION
2226 4598 2327 4653 ES.

389 4687 454 4720 ⁸⁸⁸
490 4686 749 4758 quoniam
778 4684 851 4740 ib.
921 4725 934 4738 .
983 4684 1108 4740 206.
1142 4699 1268 4756 qua
1299 4684 1382 4742 BL
1461 4685 1524 4716 ³³⁹
1569 4684 1932 4741 famosissima
1959 4685 2030 4741 ib.
2108 4685 2171 4716 ³³⁰
2225 4686 2538 4742 retentabat
2585 4686 2656 4742 ib.
2733 4686 2796 4718 ³³¹
2836 4689 3047 4744 Prater
3116 4687 3224 4744 uod
3255 4702 3304 4743 s.
3338 4692 3400 4743 ut
3428 4685 3694 4744 Mediola-

396 4759 511 4812 nsis
538 4772 700 4812 auam
732 4759 848 4812 ipse
879 4701 1201 4812 fundaverat
1227 4788 1298 4798 —
1327 4757 1612 4812 habeatur.
1644 4756 1714 4812 ib.
1775 4757 1838 4788 ³³³
1876 4759 1935 4812 C.
1979 4772 2032 4812 ι).
2069 4772 2122 4812 ιι.
2158 4761 2368 4812 tantum
2411 4771 2464 4812 ι).
2497 4773 2527 4812 a
2557 4771 2679 4812 suo.
2713 4766 2844 4812 etc..
2885 4759 2958 4812 ib.
2988 4775 3041 4812 υ.
3075 4702 3207 4812 ᾎΟἹ.
3282 4757 3346 4792 ⁸³³
3383 4773 3574 4812 versus
3615 4757 3688 4812 ib.

322 4755 700 4831 nensis'quam
719 4759 848 4831 ipse
879 4755 1201 4831 fundaverat
1227 4788 1298 4798 —
1327 4756 1715 4831 babeatur._ib._
1775 4757 1838 4788 ³³³
1876 4759 1935 4814 C.
1979 4772 2032 4831 p.
2069 4772 2122 4812 ιι.
2145 4761 2368 4831 tantum
2411 4771 2464 4827 p.
2497 4771 2684 4831 asuo,
2703 4766 2844 4831 Aetc.,
2885 4759 2958 4814 ib.
2984 4775 3041 4831 p.
3081 4755 3207 4814 207.
3282 4757 3346 4792 ⁸³³
3383 4773 3574 4815 versus
3615 4757 3688 4812 ib.

322 4830 387 4862 ⁸³⁸
416 4832 492 4886 ita
518 4827 749 4885 correxit
779 4828 985 4900 Belhm.
1013 4828 1248 4900 idemque
1277 4844 1364 4900 ap.
1399 4832 1574 4884 Anon.
1616 4827 1804 4896 legitur
1822 4850 1839 4894 ,-
1872 4829 2012 4884 sumi
2060 4828 2213 4900 codd.
2256 4828 2460 4900 ﬁnibus
2491 4829 2571 4885 Βι.
2649 4829 2713 4861 ³³⁸
2751 4845 2802 4885 a.
2837 4827 3065 4887 nitentis
3093 4836 3387 4887 structura
3419 4846 3469 4887 e.
3509 4833 3684 4886 Anon.

325 4902 493 4957 mila
530 4903 590 4956 Β.
623 4905 672 4955 et
701 4901 872 4954 Anon.
906 4898 1191 4955 subsellio.
1233 4898 1340 4956 em.
1381 4901 1470 4954 A‘.
1520 4915 1565 4954 s.
1617 4914 1662 4953 s.
1719 4899 1980 4955 eminenti
2011 4899 2107 4956 A”
2134 4898 2218 4954 BI.
2251 4898 2316 4930 ³³⁷
2347 4901 2674 4969 populorum
2724 4901 2810 4958 BI.
2887 4902 3255 4958 auriculorum
3312 4902 3434 4958 A“.
3484 4901 3692 4957 aulico-

326 4987 444 5028 rum
501 4975 674 5028 Anon.
749 4969 813 5001 ³⁸⁸
865 4971 1178 5044 principari
1208 4971 1750 5044 ividebaturrAnon.
1793 5041 1803 5044 _
1863 4971 1927 5004 ⁸³⁸
1961 4973 2039 5044 ita
2078 4970 2271 5044 ut__A*._
2313 4971 2400 5044 _“°
2437 4971 2686 5042 disipans
2739 4976 2798 5029 Β.
2911 4972 2971 5005 ³⁸¹
3042 4973 3452 5044 metropolitani
3515 4976 3690 5028 Anon.

326 5044 389 5117 ff?
426 5049 502 5100 ita
557 5045 730 5097 Anon.
789 5041 1026 5117 animum
1057 5039 1148 5117 ix".
1205 5043 1284 5117 B._
1321 5042 1616 5117 a’iumA".
1659 5041 1898 5117 omnium
1949 5041 2040 5117 BI.
2137 5039 2202 5072 ⁸⁸³
2240 5041 2478 5117 debeant
2517 5039 2584 5098 Μ.
2625 5059 2671 5100 s.
2725 5060 2778 5115 p.
2827 5045 3114 5117 Anonimus
3161 5039 3308 5117 quem
3350 5043 3688 5117 hic__descrit.

326 5114 392 5146 ⁸⁵⁸
422 5120 681 5186 meatas
696 5112 982 5186 compellit
1018 5112 1097 5186 ad
1115 5111 1426 5186 transitum,
1453 5115 1564 5186 jam
1595 5113 1945 5186 originariam
1975 5114 2044 5170 ad
2076 5124 2233 5168 suum
2263 5114 2354 5182 jus
2387 5120 2609 5186 revocat
2638 5111 2786 5172 terra
2817 5111 3332 5186 particulamenn.
3410 5114 3474 5147 ³⁵³
3511 5121 3567 5170 et
3604 5128 3688 5185 gr.

329 5189 468 5242 Enn.
509 5184 575 5258 Ψ
603 5183 855 5258 soliditas
882 5183 997 5258 id._
1034 5182 1188 5258 ΨΟ.
1227 5199 1349 5258 cum
1403 5185 1550 5258 omni
1576 5182 1924 5258 celebritate
1983 5190 2328 5258 cunctorum
2363 5185 2438 5240 id.
2514 5184 2579 5217 ⁸⁵³
2615 5182 2995 5244 universorum
3025 5189 3083 5243 Β.
3195 5187 3260 5221 ³⁸⁸
3295 5202 3360 5244 ac
3397 5182 3692 5258 instigante

331 5271 378 5310 s.
409 5272 463 5327 As.
503 5255 755 5327 instituta
784 5268 837 5309 n.
866 5253 1229 5327 dissimulatio
1257 5254 1394 5326 vulg.
1470 5255 1534 5289 ⁸⁵⁰
1571 5255 1646 5312 ita
1674 5257 1733 5312 Β.
1765 5256 1950 5327 itaque
1981 5256 2037 5313 d.
2071 5270 2122 5314 e.
2156 5268 2208 5310 n.
2243 5255 2446 5312 debere
2475 5271 2527 5313 v.
2565 5260 2658 5315 Δί’.
2689 5259 2776 5315 BI.
2851 5259 2911 5292 “‘
2953 5259 3230 5317 contendo
3259 5259 3344 5316 BI.
3421 5257 3485 5292 ³⁸²
3523 5253 3598 5317 ita
3637 5262 3694 5318 et

333 5325 470 5398 vulg.
547 5327 614 5359 ⁸⁸³
651 5325 928 5382 ullatenus
955 5323 1094 5395 vuig.
1345 5323 1360 5326 '
1859 5323 1879 5327 “
1900 5399 2098 5456 ΝΟΤΕ

435 5484 533 5560 69)
566 5488 725 5560 Auct.
768 5484 1040 5560 Ennodio.
1083 5487 1214 5560 Acta
1243 5485 1334 5560 ss,
1365 5485 1494 5560 Jan,
1525 5485 1681 5560 lup.
1723 5484 1849 5560 364.
2035 5487 2159 5557 (71)
2193 5487 2328 5546 sum
2359 5489 2403 5545 ιι
2443 5502 2532 5559 ep.
2564 5488 2652 5544 ad.
2697 5488 2846 5560 Hisp.
2891 5490 2944 5544 in
2977 5489 3104 5546 coll.
3139 5491 3354 5549 lsidori.

467 5557 529 5629 Ο)
562 5559 622 5614 ιιι
652 5571 741 5627 ep.
773 5557 840 5613 ad
867 5557 1038 5628 episc.
1071 5556 1269 5613 orient.
1304 5557 1359 5611 in
1389 5555 1516 5612 coll.
1549 5555 1765 5613 lsidori.
