4022 6160
334 283 442 341 863

1416 285 1749 342 LANDULFI
1787 283 2326 343 MEDIOLANENSIS
2362 283 2627 340 CLERICI

3609 288 3720 343 864

334 409 661 481 metropolis
717 424 782 466 ac
826 409 990 467 sedes
1035 409 1101 442 '“
1153 409 1454 480 apostolica
1523 425 1646 481 quae
1705 412 2274 480 universisAmantes
2308 408 2791 479 perturbabantur.
2823 407 2962 478 Quid
2995 409 3166 466 multa
3211 416 3235 466 γ
3291 412 3407 468 Deo
3436 420 3720 470 annuente

334 499 628 570 praepollet
704 499 1104 570 dignitatibus,
1165 513 1296 554 suos
1363 500 1627 557 terminos
1681 516 1712 557 a
1777 503 1984 559 sanctis

334 589 585 659 patribus
612 589 944 645 constitutos
973 588 1276 644 ordinative
1318 602 1462 644 nunc
1485 604 1659 660 usque
1700 597 1870 658 tenet,
1912 592 1982 648 de

335 677 536 748 quibus
593 693 732 748 papa
778 677 1012 733 Calistus
1076 691 1176 732 suo
1225 677 1279 732 in
1339 677 1565 734 decreto
1619 679 1736 751 (72)
1799 680 1978 736 dicit:

337 782 366 822 ι(
430 768 602 822 Nemo
676 766 906 821 alterius
975 767 1240 822 terminos
1299 768 1732 837 praesumptione
1789 769 1983 826 illicita

335 859 583 924 usurpet,
618 855 764 910 unde
811 853 1074 910 Dominus
1126 855 1374 924 loquitur
1411 855 1602 912 dicens
1636 877 1647 911 :
1680 859 1757 913 Ne
1806 864 1983 914 trans-

333 943 606 1013 grediaris
661 944 928 999 terminos
974 945 1256 1014 antiquos,
1285 958 1426 1014 quos
1455 953 1759 1015 posuerunt
1799 955 1983 1016 patres

334 1032 415 1087 tui
451 1032 634 1102 (Prov.
690 1048 825 1097 xxu,
857 1032 978 1104 28).
1023 1052 1050 1085 »
1094 1036 1283 1103 Itaque
1330 1048 1676 1104 unaquaeque
1725 1036 1980 1103 ecclesia,

332 1135 457 1190 quae
515 1123 722 1178 sanctis
760 1122 921 1179 tidem
971 1124 1271 1193 majoribus
1321 1138 1538 1180 servare
1583 1125 1863 1180 desiderat
1917 1140 1981 1181 ac

331 1214 647 1266 sanctorum
681 1210 904 1267 decreta
949 1211 1225 1268 honorare
1264 1213 1574 1277 contendit,
1613 1220 1817 1270 nostrae
1848 1228 1982 1284 que-

331 1298 581 1355 rimoniae
611 1298 851 1356 ﬁdeliter
898 1306 953 1356 et
991 1301 1293 1368 caritative,
1335 1309 1396 1358 ut
1422 1302 1529 1357 sibi
1559 1315 1627 1358 ne
1657 1303 1855 1358 similia
1885 1318 1981 1372 pa-

329 1386 499 1442 tiatur
534 1389 838 1457 provideat.
883 1405 912 1443 »

408 1474 489 1532 l6.
532 1478 682 1532 Inter
700 1477 763 1509 ³⁸⁸
793 1479 975 1533 omnia
1003 1479 1231 1550 grandia
1263 1479 1568 1549 eximiaque
1599 1486 1740 1546 acta,
1773 1479 1827 1534 in
1859 1481 1980 1550 qui-

333 1563 437 1618 bus
455 1564 689 1620 ecclesia
709 1567 1071 1623 Ambrosiana
1112 1567 1410 1622 dilacerata
1440 1583 1470 1622 a
1503 1567 1728 1638 perﬁdis
1751 1568 1977 1638 regibus

330 1659 387 1706 et
417 1666 448 1706 a
477 1653 779 1709 sevissimis
808 1655 1063 1711 hostibus
1087 1655 1360 1712 dirissime
1393 1671 1649 1726 perpessa
1681 1663 1783 1724 est,
1807 1657 1978 1727 quod-

2064 506 2121 555 et
2176 499 2338 556 beato
2377 499 2668 555 Ambrosio
2688 497 2753 530 ⁸⁸⁸
2789 498 3178 569 interpellante
3204 542 3218 566 ,
3277 501 3563 572 ingressus
3610 504 3720 560 sibi

2063 587 2289 644 omnino
2320 586 2634 656 prohibitus
2662 592 2765 642 est.
2807 587 3046 642 Tandem
3087 587 3275 658 populi
3307 588 3502 644 videns
3525 589 3726 645 volun-

2064 681 2252 743 tatem,
2290 676 2700 746 aliquantulum
2759 690 2818 732 se
2880 676 3064 732 laetum
3124 676 3390 732 simulans
3446 685 3501 731 et
3559 679 3722 748 quasi

2066 780 2255 836 parum
2288 766 2393 822 hoc
2425 764 2893 835 paucipendisset,
2917 771 3113 820 tenens
3132 766 3233 822 sub
3266 773 3491 836 pectore
3520 767 3726 824 vulnus

2065 854 2353 924 plusquam
2404 855 2695 923 quisquam
2745 861 2891 910 esset
2953 861 3124 920 ratus,
3165 854 3232 910 ad
3276 855 3538 924 palatium
3596 859 3727 913 Am-

2064 943 2378 999 brosianum
2428 943 2573 998 haud
2623 943 2784 1014 longe
2832 944 2902 998 ab
2954 943 3189 998 ecclesia
3241 945 3486 1013 ejusdem
3526 947 3726 1016 hospi-

2063 1037 2210 1087 tatus
2256 1031 2420 1088 sedit.
2471 1033 2543 1087 Ea
2603 1035 2928 1100 tempestate
2975 1032 3290 1102 Walpertus
3342 1033 3726 1104 archiepisco-

2064 1135 2186 1190 pus,
2247 1121 2563 1177 cathedram
2618 1134 2815 1190 regens
2868 1121 3302 1187 Ambrosianam,
3363 1122 3445 1177 vir
3511 1123 3726 1180 indolis

2063 1209 2245 1277 bonae,
2273 1209 2491 1279 juvenis
2522 1214 2701 1263 tamen
2737 1213 2793 1264 et
2822 1213 2883 1264 ut
2912 1215 3129 1278 tempus
3166 1209 3406 1266 habebat
3433 1211 3721 1278 militaris,

2062 1299 2196 1354 satis
2260 1304 2470 1354 attente
2527 1297 2795 1354 conscilio
2851 1302 2907 1353 et
2961 1312 3186 1354 suorum
3247 1299 3480 1354 militum
3545 1301 3724 1356 armis

2064 1389 2324 1444 insistens
2354 1388 2469 1459 regi
2499 1387 2865 1443 deserviebat.
2901 1389 3028 1443 Erat
3076 1402 3312 1459 namque
3344 1391 3459 1460 regi
3498 1390 3723 1460 episco-

2064 1491 2166 1547 pus
2216 1491 2397 1543 carus,
2447 1476 2715 1532 conscilio
2763 1476 3129 1543 venerandus,
3162 1484 3217 1532 et
3255 1478 3312 1533 in
3345 1479 3562 1534 cunctis
3621 1494 3721 1537 ne-

2062 1565 2232 1635 gotiis
2270 1564 2649 1634 imperialibus
2698 1565 2870 1633 judex
2925 1563 3298 1620 ﬁdelissimus.
3347 1567 3538 1636 Itaque
3587 1581 3718 1623 cuin

2064 1654 2132 1721 de
2187 1667 2512 1724 quacunque
2584 1667 2748 1708 causa
2817 1653 3004 1708 multis
3063 1653 3345 1722 judicibus
3402 1656 3720 1712 astantibus

327 1739 451 1795 dam
474 1754 726 1810 magnum
755 1748 806 1798 et
831 1743 992 1799 laude
1024 1743 1401 1814 dignissimum
1432 1746 1676 1801 scribere
1696 1740 2389 1817 satagebo.Bsententiam
2440 1740 2688 1812 proferre
2745 1742 2992 1809 curabat,
3051 1745 3236 1799 cuncti
3275 1743 3339 1773 ³⁶⁰
3376 1745 3719 1802 unanimiter

326 1829 482 1895 Quod
524 1831 748 1900 quando
780 1833 1170 1904 quomodoque
1200 1833 1400 1889 factum
1426 1835 1497 1888 sit
1522 1841 1617 1889 aut
1645 1849 1674 1890 a
1705 1849 1815 1904 quo
1848 1849 1975 1905 rege

326 1924 421 1972 aut
449 1932 478 1972 a
509 1933 620 1989 quo
651 1921 1074 1992 archiepiscopo
1105 1928 1199 1978 aut
1244 1923 1315 1978 ob
1356 1938 1515 1993 quam
1547 1938 1785 1991 causam,
1817 1923 1978 1980 inve-

324 2006 637 2077 stigandum
666 2009 784 2066 fore
814 2012 1065 2082 cognovi.
1092 2011 1262 2082 Igitur
1290 2014 1437 2082 regis
1463 2012 1671 2068 Alberti
1703 2019 1974 2083 tempore,

325 2109 450 2150 cum
506 2097 652 2154 idem
699 2114 913 2156 summo
963 2101 1180 2171 imperii
1229 2103 1460 2156 Romani
1508 2101 1769 2170 culmine,
1831 2103 1976 2158 sicut

327 2187 480 2240 tanto
511 2186 744 2243 decebat
774 2189 894 2244 viro
919 2231 934 2256 ,
983 2189 1268 2261 magniﬁce
1307 2189 1974 2261 frueretur,.Francigena

325 2281 485 2330 natus
514 2286 679 2346 atque
710 2291 776 2334 ex
829 2279 965 2347 ipsis
1005 2281 1280 2350 prosapiae
1329 2295 1442 2336 suae
1474 2281 1741 2351 originem
1779 2281 1975 2336 duxis-

323 2369 427 2430 set,
470 2365 690 2422 divictis
737 2373 792 2422 et
839 2368 1114 2437 superatis
1159 2369 1460 2425 Gothorum
1513 2370 1751 2439 populis,
1785 2371 1880 2440 qui
1917 2371 1973 2425 in

326 2452 496 2509 Italian
562 2456 813 2524 partibus
859 2456 926 2511 ad
974 2457 1340 2513 devastandos
1395 2458 1533 2513 ﬁnes
1589 2465 1644 2512 et
1699 2459 1865 2515 urbes
1919 2464 1976 2514 et

323 2546 520 2609 gentes
584 2543 965 2600 conﬂuxerant
997 2587 1011 2612 ,
1090 2558 1194 2601 nec
1260 2559 1370 2602 non
1428 2546 1715 2617 Ungaricis
1781 2547 1973 2617 procul

325 2627 570 2698 expulsis
599 2629 874 2702 longeque
923 2634 1171 2704 remotis,
1204 2649 1347 2705 quos
1390 2648 1527 2706 gens
1563 2635 1734 2692 Italiae
1764 2636 1833 2692 ab
1862 2636 1974 2693 illis

323 2717 480 2774 valde
519 2718 648 2776 olim
681 2721 869 2776 attrita
916 2724 1175 2793 cognovit
1206 2745 1218 2780 :
1253 2738 1349 2780 rex
1378 2724 1632 2780 Albertus
1669 2739 1790 2781 cum
1837 2732 1972 2782 stre-

324 2807 713 2866 nuissimorum
744 2810 978 2867 militum
1001 2813 1218 2884 agmine
1248 2827 1444 2884 magno
1465 2813 1721 2884 stipatus,
1742 2829 1973 2870 securus

321 2895 387 2927 ⁸⁵⁸
415 2911 514 2966 per
533 2899 703 2956 Italiae
726 2901 845 2957 loca
877 2902 1342 2971 proﬁcisceretur,
1364 2903 1584 2958 tandem
1607 2903 1971 2959 Mediolanum

321 2985 430 3041 iter
458 2986 682 3054 direxit,
714 3003 875 3057 quam
927 3004 1026 3059 per
1072 2991 1240 3046 multa
1288 2997 1515 3048 noverat
1559 2996 1808 3061 tempora
1848 2995 1972 3061 post

2056 1831 2209 1888 illico
2274 1831 2748 1902 obtemperabant.
2810 1831 3118 1900 Aliquantis
3174 1837 3356 1888 autem
3417 1835 3719 1890 transactis

2057 1922 2236 1988 annis,
2296 1935 2420 1976 cum
2481 1920 2789 1991 Walpertus
2846 1920 3083 1975 universi
3152 1922 3372 1992 negotia
3429 1923 3611 1993 regni,
3677 1937 3716 1979 a

2059 2025 2187 2080 rege
2245 2009 2595 2066 ﬁdelissimus
2652 2009 2934 2079 probatus.
2995 2009 3211 2066 curiose
3269 2025 3332 2066 ac
3379 2011 3572 2068 sedule
3631 2013 3717 2069 dio

2048 2104 2364 2168 spensarct,
2415 2112 2581 2154 canes
2627 2097 2854 2168 palatini
2894 2097 3060 2152 nimia
3100 2098 3304 2154 invidia
3341 2101 3502 2170 quasi
3556 2114 3711 2156 ranae

2059 2187 2284 2257 turgidi,
2343 2187 2596 2242 clanculo
2654 2187 2974 2254 imperatori
3020 2187 3360 2256 Walpertum
3409 2189 3715 2246 criminose

2056 2282 2403 2332 accusarunt.
2437 2278 2626 2347 Itaque
2656 2290 2753 2331 rex
2803 2274 2936 2330 falsa
2976 2278 3269 2333 occasione
3315 2285 3565 2348 accepta,
3616 2294 3715 2334 su-

2058 2379 2158 2434 per
2186 2365 2524 2434 Walpertum
2578 2372 2633 2420 et
2671 2371 2839 2421 totam
2880 2365 3152 2421 civitatem
3185 2368 3340 2435 quasi
3392 2366 3479 2422 leo
3508 2367 3714 2423 arden-

2058 2455 2205 2509 tibus
2235 2454 2410 2509 oculis
2443 2497 2456 2521 ,
2512 2460 2742 2510 mortem
2789 2453 3127 2510 cruciatibus
3175 2454 3408 2510 diversis
3456 2454 3716 2512 intermi-

2058 2557 2215 2610 naus,
2247 2543 2488 2599 insanire
2527 2557 2590 2598 ac
2638 2541 2872 2598 fremere
2903 2545 3092 2613 cmpit.
3141 2545 3503 2610 Quamobrem
3555 2545 3711 2600 Walo

2057 2640 2266 2702 pertus,
2325 2646 2509 2701 regem
2548 2632 2722 2686 virum
2771 2645 3028 2686 vesanum
3077 2639 3132 2687 et
3178 2630 3444 2688 furiosum
3495 2647 3715 2705 cogno-

2054 2735 2236 2787 scens,
2290 2721 2469 2790 ipsum
2552 2719 3016 2776 inrationabiliter
3089 2728 3462 2787 commotum,
3527 2723 3715 2793 magis

2053 2809 2284 2865 scientia
2336 2809 2523 2875 animi,
2575 2823 2736 2878 quam
2783 2822 3061 2866 armorum
3109 2809 3319 2866 viribus
3364 2810 3517 2866 caede
3574 2811 3714 2867 data

2054 2897 2302 2954 inmensa
2349 2897 2603 2954 demoliri
2652 2899 2807 2968 regni
2827 2897 2912 2966 πί,
2944 2899 3046 2954 sub
3095 2898 3370 2968 quoddam
3419 2901 3713 2971 negotium

2047 2988 2320 3047 simulans
2365 3002 2424 3043 se
2456 3001 2685 3058 pergere
2735 2995 2886 3044 trans
2942 2994 3175 3055 montes,
3225 2992 3480 3046 Ottonem
3525 2989 3717 3046 Theu-

324 3073 611 3130 deeessum
663 3077 967 3145 Brcnonis,
1023 3079 1118 3148 qui
1182 3093 1301 3135 eam
1360 3085 1486 3150 post
1541 3093 1733 3136 omnes
1795 3078 2296 3142 ItalimCtonicum
2328 3077 2655 3133 Theutoniaz
2685 3075 2800 3132 fere
2838 3077 3010 3133 totius
3038 3077 3255 3144 ducem,
3306 3085 3367 3134 ut
3411 3079 3480 3134 de
3527 3092 3712 3150 regno

325 3161 491 3217 urbes
519 3177 657 3233 quas
696 3169 1081 3221 construxerat
1118 3167 1348 3223 miriﬁce
1395 3167 1684 3224 adornavit
1721 3174 1776 3224 et
1805 3169 1970 3225 ador-

323 3255 503 3307 natam
534 3251 920 3310 decentissime
960 3255 1146 3311 multis
1175 3255 1480 3312 honoribus
1519 3257 1962 3327 superexaltavit.

321 3346 379 3397 et
425 3341 519 3412 qui
540 3341 604 3374 ⁸⁸⁷
652 3347 865 3412 postea,
898 3349 1062 3414 prout
1109 3349 1228 3408 erat
1287 3345 1343 3400 in
1384 3347 1600 3402 cunctis
1637 3347 1829 3402 usibus
1867 3347 1968 3402 hu-

321 3431 498 3488 manis
550 3430 869 3500 salutifera,
929 3434 998 3488 ab
1056 3435 1327 3490 universis
1378 3423 1813 3504 imperatoribus
1859 3437 1964 3492 Ro-

319 3521 497 3577 manis
535 3521 846 3589 exaltatam,
892 3524 1233 3594 maximeque
1282 3525 1350 3580 ab
1389 3525 1666 3581 Hadriano
1699 3531 1753 3580 et
1790 3527 1964 3581 Nerva

319 3611 439 3680 ejus
466 3610 579 3667 ﬁlio
607 3618 773 3682 atque
803 3612 1290 3669 honorabilissimo
1330 3619 1385 3668 et
1415 3613 1805 3670 decentissimo
1837 3628 1964 3685 rege

317 3701 572 3771 Trajano,
613 3715 716 3758 nec
747 3715 858 3758 non
897 3703 1224 3759 Maximiano
1255 3717 1383 3774 rege
1413 3703 1818 3771 crudelissimo,
1872 3719 1965 3774 pa-

317 3787 466 3844 latiis
514 3804 681 3859 supra
731 3795 919 3860 portas
955 3799 1167 3861 septem
1214 3793 1384 3861 jussis
1429 3792 1808 3863 imperialibus
1853 3807 1968 3849 ma-

317 3877 516 3947 gniﬁce
569 3877 815 3945 elevatis,
864 3893 1032 3949 super
1069 3885 1297 3935 cunctas
1353 3881 1522 3937 Italiae
1577 3881 1743 3937 urbes
1807 3883 1963 3953 quasi

317 3979 461 4021 rosae
508 3966 893 4022 ammnissimae
933 3968 1211 4024 ﬂoruisset
1249 3969 1330 4024 ³⁵⁸.
1372 3971 1473 4037 Qui
1530 3985 1652 4026 cum
1706 3971 1966 4029 Mediola-

319 4067 448 4110 num
476 4053 738 4122 venisset,
781 4055 1039 4126 palatium
1079 4057 1407 4125 Maximiani,
1460 4059 1610 4129 quod
1659 4059 1823 4116 situm
1881 4069 1966 4117 est

314 4143 456 4200 infra
495 4143 697 4202 moenia
727 4145 900 4214 urbis,
927 4146 1012 4202 vel
1061 4148 1278 4216 Trajani
1322 4149 1478 4217 juxta
1509 4148 1750 4204 thermas
1785 4152 1962 4207 sancti

2049 3181 2109 3222 se
2174 3166 2588 3232 intromitteret,
2648 3167 2895 3222 Romano
2951 3165 3125 3222 fretus
3180 3165 3363 3222 favore
3397 3209 3411 3234 ,
3471 3181 3711 3225 suorum

2051 3256 2441 3327 episcoporum
2478 3270 2542 3310 ac
2591 3255 2825 3311 militum
2879 3255 3368 3312 Mediolanensium
3423 3256 3712 3328 suﬁragiis

2050 3358 2345 3416 aggressus
2375 3350 2479 3399 est.
2520 3345 2709 3415 Itaque
2741 3343 2996 3400 ordinato
3035 3345 3324 3408 conscilio,
3371 3347 3497 3402 Otto
3525 3361 3711 3416 super

2050 3447 2243 3492 omnes
2269 3438 2465 3504 gentes
2494 3439 2549 3488 et
2577 3433 2867 3489 thesauros
2894 3433 3178 3503 Walperto
3225 3441 3281 3489 et
3317 3435 3435 3504 ejus
3480 3437 3708 3493 consci-

2047 3524 2139 3580 liis
2191 3522 2497 3589 conﬁdens,
2547 3522 2602 3578 in
2660 3523 2850 3592 paucis
2906 3521 3122 3586 diebus,
3191 3523 3470 3594 Walperto
3526 3525 3708 3581 comi-

2049 3618 2220 3680 tante,
2255 3610 2610 3667 inenarrabili
2641 3611 2874 3666 militum
2902 3610 3134 3666 vallatus
3161 3611 3511 3668 multitudine
3537 3615 3707 3670 venit

2047 3702 2104 3757 in
2134 3701 2365 3757 Italiam.
2399 3702 2533 3756 Dum
2583 3699 2702 3755 haec
2741 3706 2861 3754 acta
2906 3698 3157 3765 fuissent,
3193 3701 3504 3771 Walpertus
3547 3715 3707 3759 con-

2047 3791 2260 3847 vocatis
2281 3788 2581 3860 episcopis,
2614 3788 2868 3854 ducibus,
2893 3789 3304 3846 marchionibus
3331 3790 3706 3861 omnibusque

2046 3879 2219 3935 Italia
2269 3878 2616 3949 primatibus,
2675 3878 2744 3932 de
2800 3877 3057 3947 superbia
3113 3877 3342 3945 Alberti,
3401 3879 3704 3937 Mediolani

2048 3968 2353 4025 honoriﬁce
2383 3967 2626 4037 suscepti
2662 3965 2746 4034 ³⁸³,
2779 3964 3118 4036 conquestus
3162 3975 3264 4023 est.
3307 3969 3478 4040 Igitur
3505 3977 3704 4038 spreta

2046 4059 2258 4115 Alherti
2311 4073 2375 4113 ac
2419 4072 2533 4114 suae
2583 4056 2766 4128 gentis
2803 4056 2973 4112 totius
3028 4057 3307 4126 superbia,
3348 4058 3441 4127 qui
3479 4058 3698 4116 Italiam

2046 4148 2204 4219 quasi
2253 4148 2508 4204 ancillam
2561 4145 3006 4212 dominabantur,
3054 4147 3181 4200 Otto
3233 4145 3301 4200 ab
3331 4147 3588 4203 omnibus
3638 4151 3700 4206 in

313 4234 534 4305 Georgii
584 4234 820 4292 locatum
857 4278 871 4303 ,
948 4236 1215 4293 velociter
1299 4239 1597 4308 praeparari
1673 4240 1959 4310 praecepit,
2046 4251 2274 4308 regnum
2316 4251 2438 4294 cum
2493 4235 2785 4305 triumphis
2830 4233 3194 4291 Mediolanum
3242 4233 3450 4291 electus
3495 4244 3550 4292 et
3603 4253 3702 4295 su-

314 4323 596 4396 ignorans,
637 4328 698 4380 ut
734 4325 852 4394 ipse
893 4331 1084 4395 postea
1122 4325 1433 4393 simulabat,
1474 4325 1621 4395 quod
1652 4326 1837 4383 nullus
1865 4342 1962 4384 rex
2044 4326 2304 4382 blimatus
2333 4331 2437 4383 est.
2469 4327 2681 4381 Interea
2734 4323 3011 4394 Walperto
3059 4323 3304 4379 misteria
3333 4324 3514 4380 divina
3541 4326 3704 4384 cele-

313 4427 346 4470 a
374 4419 623 4484 tempore
653 4412 800 4469 beati
827 4413 1122 4481 Ambrosii,
1153 4413 1211 4469 in
1249 4416 1424 4484 cujus
1445 4414 1719 4484 praesidiis
1766 4415 1956 4472 civitas
1978 4409 2027 4467 D
2052 4417 2265 4482 brante,
2300 4414 2488 4470 multis
2516 4413 2793 4484 episcopis
2830 4411 3333 4479 circumstantibus,
3377 4427 3473 4469 rex
3503 4418 3703 4474 omnia

313 4502 740 4560 Mediolanensis
759 4517 927 4573 super
956 4516 1148 4559 omnes
1184 4503 1358 4568 Italia;
1379 4503 1561 4559 nrbes
1596 4505 1664 4560 ab
1711 4504 1961 4575 ingressu
2046 4505 2269 4577 regalia,
2303 4504 2545 4561 lanceam
2576 4503 2633 4558 in
2662 4516 2769 4572 qua
2798 4501 2983 4557 clavus
3029 4502 3243 4585 Domini
3275 4501 3604 4573 habebatur,
3641 4513 3705 4563 et

311 4592 664 4663 imperatoris
711 4592 1018 4648 libertatem
1076 4593 1387 4663 acquisivit,
1437 4594 1629 4650 urbem
1688 4595 1830 4651 hanc
1878 4595 1963 4651 in-
2044 4609 2229 4653 ensem
2276 4593 2534 4664 regalem,
2583 4591 2898 4662 bipennem,
2951 4589 3210 4658 balteum,
3262 4591 3550 4648 clamidem
3594 4595 3705 4652 imo

311 4682 558 4740 troisset.
591 4683 709 4749 Quo
756 4681 945 4739 audito
994 4683 1143 4738 cives
1178 4681 1573 4752 aliquantulum
1605 4684 1869 4754 suspecti,
1911 4685 1958 4741 si
2043 4684 2327 4756 perialem,
2361 4694 2662 4750 omnesque
2711 4679 2891 4751 regias
2919 4687 3102 4736 vestes
3137 4694 3305 4750 super
3334 4681 3507 4738 altare
3537 4681 3701 4740 beati

311 4776 406 4828 aut
461 4772 702 4828 hostium
761 4772 1078 4829 incursione
1134 4778 1229 4829 aut
1284 4773 1482 4829 civium
1541 4774 1955 4844 perturbatione
2042 4772 2314 4831 Ambrosii
2381 4770 2659 4840 deposuit.
2714 4768 3131 4826 Perﬁcientibus
3186 4776 3351 4840 atque
3403 4771 3700 4830 celebran-

309 4866 402 4917 aut
454 4860 566 4918 alio
623 4875 791 4932 pravo
846 4861 1068 4933 ingenio
1126 4861 1234 4920 hoc
1289 4863 1605 4934 cogitasset,
1671 4863 1836 4920 tacite
1885 4865 1958 4921 ri-
2040 4863 2190 4919 tibus
2267 4860 2487 4918 clericis
2541 4858 2905 4930 omnibusque
2955 4859 3332 4916 Ambrosianis
3395 4860 3699 4921 ordinibus

1675 5017 1897 5072 VARIIE
1935 5015 2320 5072 LECTIONES.

377 5135 444 5170 ³⁵⁸
470 5135 547 5192 ita
576 5137 666 5192 Δί’.
709 5138 768 5192 Β.
801 5149 832 5191 a
864 5134 997 5192 sede
1034 5136 1154 5191 Δί’.
1198 5134 1283 5192 Bt.
1358 5135 1424 5167 ³³⁸
1464 5133 1663 5192 Titulus
1712 5155 1727 5189 :
1777 5134 1980 5204 Incipit
2009 5133 2078 5189 de
2125 5128 2712 5204 Walperto__episcopo
2750 5132 2981 5204 et_rege
3031 5125 3696 5204 Alberto.__A*.AQualiter

377 5135 444 5170 ³⁵⁸
470 5135 547 5192 ita
576 5137 666 5192 Δί’.
709 5138 768 5192 Β.
801 5149 832 5191 a
864 5134 997 5192 sede
1034 5136 1154 5191 Δί’.
1198 5134 1283 5192 Bt.
1358 5135 1424 5167 ³³⁸
1464 5133 1663 5192 Titulus
1712 5134 1980 5218 :.Inc_ipit
2009 5133 2078 5189 de
2125 5131 2409 5258 Walperto
2447 5131 2712 5212 episcOpo
2750 5132 2806 5183 et
2851 5139 2981 5197 rege
3031 5131 3276 5184 Alberto.
3308 5131 3400 5183 A'.
3439 5131 3692 5193 Qualiter

307 5209 623 5282 Walpertus
651 5207 1113 5282 archiepiscopus
1133 5207 1412 5264 Albertum
1452 5221 1635 5282 regem
1676 5212 1906 5282 privavrt
1940 5217 2134 5282 regno.
2165 5217 2300 5282 re;
2385 5201 2451 5233 ³⁵⁸
2479 5205 2557 5256 ua
2606 5200 2727 5256 A“.
2753 5197 2852 5282 ‘Bl.
2893 5205 3118 5282 secutus
3144 5200 3240 5282 AI.
3281 5197 3481 5282 Β...
3518 5215 3692 5282 quam

305 5280 392 5338 BL
433 5268 534 5312 ’³⁸⁸
571 5268 860 5337 ﬂoruisse.
887 5278 973 5336 BI.
1003 5268 1019 5278 ’
1051 5278 1116 5312 ³⁸⁸
1153 5293 1254 5351 pro
1303 5294 1367 5336 ea
1413 5268 1563 5335 add?!
1592 5280 1652 5335 B.
1677 5268 1692 5278 ’
1729 5277 1792 5310 ⁸⁸⁰
1830 5268 2034 5335 cuncta
2068 5279 2129 5333 Β.
2241 5273 2302 5307 ³⁸¹
2345 5285 2574 5345 regnum
2622 5269 2860 5342 quodam
2902 5269 3127 5340 negotio
3173 5268 3258 5324 Bt.
3340 5269 3398 5301 ⁸⁸³
3435 5271 3512 5326 ita
3538 5268 3686 5328 'A“.

303 5352 391 5408 Bt.
468 5357 758 5423 susceptus
785 5352 878 5410 A*.
919 5352 979 5407 Β.

1875 5431 2090 5489 ΝΟΤιΕ.

379 5558 508 5634 (72)
547 5561 651 5632 Ep.
693 5562 762 5619 ad
792 5561 930 5620 Gall.
962 5561 1038 5619 ib.
1072 5563 1203 5618 Haec
1232 5562 1288 5618 in
1318 5560 1540 5618 brevius
1565 5556 1857 5616 contraxit.
