4022 6160
217 294 317 351 865

213 508 499 582 gnanimus
545 505 999 578 archiepisc0pus
1053 507 1308 562 omnibus
1359 505 1635 575 regalibus
1701 506 1862 563 indu-

213 598 411 655 mentis
450 611 572 653 cum
612 596 893 666 manipulo
931 596 1290 662 subdiacone,
1332 607 1537 650 corona
1583 596 1863 664 superim-

214 689 410 760 posita,
469 686 775 742 astantibus
813 685 958 740 beati
1014 686 1288 741 Ambrosii
1333 683 1692 754 suffraganeis
1730 686 1858 740 uni-

211 777 386 833 versis
421 776 718 846 multisque
759 774 994 830 ducibus
1049 779 1213 845 atque
1270 773 1704 841 marchionibus,
1755 775 1857 830 de-

211 865 524 922 centissime
577 871 632 920 et
668 863 898 920 miriﬁce
934 866 1189 920 Ottonem
1246 877 1430 934 regem
1469 863 1857 919 conlaudatum

209 962 262 1013 et
320 970 421 1026 per
457 955 640 1011 omnia
696 953 1074 1011 conﬁrmatum
1113 953 1290 1008 induit
1352 960 1517 1022 atque
1575 954 1853 1022 perunxit.

206 1047 322 1113 Quo
344 1043 489 1101 facto
511 1058 608 1100 rex
628 1043 818 1114 paucis
847 1049 1215 1100 commoratus
1242 1043 1438 1099 diebus
1468 1044 1851 1112 Mediolanum,

207 1135 442 1192 consilio
480 1133 748 1204 Walperti
806 1132 1057 1202 edoctus,
1100 1134 1260 1202 cujus
1308 1132 1641 1202 probitatem
1687 1140 1852 1204 atque

202 1223 528 1280 industriam
560 1222 703 1278 ultra
742 1235 932 1277 omnes
969 1228 1024 1276 et
1059 1236 1228 1292 super
1264 1235 1455 1277 omnes
1491 1222 1729 1278 habebat
1757 1238 1850 1280 sa-

203 1313 442 1383 pientes,
483 1311 808 1368 festinanter
853 1309 1132 1366 Albertum
1182 1311 1237 1366 in
1278 1311 1494 1366 cunctis
1529 1310 1595 1342 ³⁸³
1633 1326 1854 1382 praeoc-

202 1415 412 1471 cupans
450 1400 708 1470 negotiis,
759 1399 1029 1455 universis
1067 1404 1276 1454 tantum
1324 1399 1603 1469 episcopis
1640 1414 1708 1456 ex
1738 1414 1851 1456 om-

201 1489 367 1545 nibus
394 1489 566 1545 Italiae
596 1489 929 1555 civitatibus,
961 1501 1064 1542 nec
1094 1501 1205 1542 non
1237 1487 1490 1554 ducibus,
1524 1488 1854 1544 marchioni-

197 1578 323 1645 bus,
393 1578 714 1648 capitaneis,
784 1576 1205 1642 valvassoribus,
1271 1579 1524 1632 Ottonem
1582 1577 1848 1648 Walperti

195 1682 387 1725 amore
425 1667 836 1734 comitantibus,
869 1681 991 1722 cum
1030 1666 1419 1723 innumerabili
1457 1673 1622 1737 atque
1661 1667 1851 1724 ineffa-

1258 293 1570 349 HlSTORIA
1607 293 2158 351 MEDIOLANENSIS.
2200 324 2272 336 —
2311 295 2435 353 LIB.
2478 297 2543 352 ll.

214 419 516 477 divinarum
570 417 1016 488 solempnitatum
1065 417 1346 480 misteriis,
1386 417 1700 488 Walpertus
1737 421 1929 480 ma-A

3484 307 3591 364 866

3260 433 3511 486 scretus.)

3260 444 3288 484 s
3321 444 3382 486 re
3501 436 3511 448 ‘

2050 508 2254 566 Vultus
2291 509 2502 566 habens
2529 511 2870 583 angelorum,
2912 518 2967 570 et
3005 521 3089 571 est
3128 436 3511 586 patercorfus”

3169 604 3514 680 phanorum.]

2048 687 2144 754 Te,
2183 685 2426 755 Alberte,
2468 687 2630 744 decet
2667 703 2880 757 nemus,
2913 695 2967 746 et
2995 693 3248 748 Ottonem
3287 708 3411 750 ma-

3172 789 3266 839 net
3303 784 3512 858 decus.]

2048 863 2153 920 Pro
2182 862 2404 920 infamia
2433 864 2698 935 Walperti
2731 872 2784 922 te
2815 867 2976 924 decet
3003 868 3123 938 alga
3153 868 3216 901 ³⁶⁸
3246 874 3438 942 regni;

2044 952 2150 1008 Pro
2180 954 2369 1024 regina
2399 968 2546 1010 nunc
2583 954 2780 1010 latrina
2813 955 2878 986 ³⁵⁸
2907 961 3061 1012 utere
3083 958 3194 1028 jam
3228 974 3374 1017 nunc

3238 1051 3446 1107 marina
3475 1052 3508 1123 ;]

2044 1130 2149 1186 Pro
2180 1130 2351 1200 regali
2380 1137 2604 1202 sceptro
2639 1138 2830 1190 nostro
2861 1133 3043 1191 fruere
3077 1137 3188 1206 jam
3218 1140 3373 1194 navis

3287 1229 3510 1301 rostro,]

2042 1311 2207 1365 Utere
2234 1308 2352 1364 vela
2382 1309 2610 1380 marina,
2650 1309 2833 1368 fruere
2858 1314 2970 1382 jam
2999 1313 3292 1373 Salonicba
3320 1317 3403 1386 ³⁸⁷,

2040 1397 2111 1454 Ut
2147 1395 2411 1454 defendas
2439 1399 2602 1454 vitam
2631 1399 2814 1465 istam,
2847 1407 3027 1458 vestes
3065 1419 3322 1474 quaerens
3361 1413 3416 1464 et

3239 1495 3508 1569 farinam.]

2009 1573 2092 1631 17.
2151 1576 2365 1640 Interea
2411 1576 2476 1608 ⁸⁸⁸
2533 1575 2663 1632 dum
2716 1578 3036 1650 dignitatem
3103 1589 3268 1654 atque
3338 1587 3583 1657 magnifi-

1931 1664 2166 1720 centiam
2222 1665 2766 1736 archiepiscoporum
2821 1671 3263 1740 supradictorum
3304 1676 3577 1742 recolens,

194 1758 294 1815 bili
339 1758 582 1829 peditum
640 1757 880 1813 virorum
935 1755 1160 1812 fortium
1208 1756 1580 1825 multitudine,
1620 1759 1992 1821 RomamBet
2037 1753 2277 1835 aliquam
2315 1769 2630 1826 magnarum
2681 1771 2866 1814 rerum
2915 1766 3148 1830 partem,
3204 1776 3340 1832 quas
3378 1765 3582 1835 magni-

191 1861 307 1916 quo
349 1846 622 1913 tenderet,
664 1847 773 1901 iter
809 1860 1100 1917 aggressus
1139 1852 1243 1901 est.
1286 1845 1524 1902 Tandem
1565 1847 1848 1918 Walperto

191 1950 294 2006 per
326 1943 440 1993 tres
476 1937 596 1993 dies
642 1950 827 2007 regem
874 1937 1098 1992 Romam
1146 1935 1528 2002 antecedente,
1573 1943 1632 1993 ut
1667 1939 1847 2008 ipsum

188 2041 380 2083 coram
418 2027 662 2083 omnium
700 2027 945 2096 gentium
985 2025 1336 2082 multitudine
1376 2036 1690 2094 coronaret,
1732 2030 1846 2085 Deo

184 2114 482 2184 adjuvante
514 2116 782 2184 pervenit.
824 2118 890 2170 At
937 2115 1193 2172 Albertus
1241 2117 1461 2187 cognita
1502 2118 1648 2187 regis
1684 2119 1847 2173 Otto-

184 2207 274 2259 nis
315 2203 455 2259 fama
485 2211 541 2260 et
571 2203 998 2274 magniﬁcentia,
1029 2205 1223 2260 videns
1251 2219 1309 2260 se
1341 2205 1566 2262 omnino
1598 2207 1648 2261 ei
1679 2206 1847 2260 armis

181 2293 450 2349 resistere
489 2308 599 2348 non
632 2307 818 2363 posse,
851 2299 907 2348 et
941 2294 1209 2362 Walperti
1249 2295 1488 2364 cognitis
1526 2294 1840 2358 virtutibus,

179 2395 318 2438 sero
359 2382 508 2450 quod
567 2395 692 2437 eum
753 2381 1219 2436 verecundaverat
1259 2383 1563 2450 paenitens,
1614 2397 1846 2452 perosus

173 2468 302 2525 fere
344 2469 602 2525 omnibus
631 2475 686 2523 et
724 2467 865 2524 coelo
897 2475 951 2523 et
990 2475 1158 2536 terra,
1191 2469 1259 2524 ab
1290 2470 1560 2524 universis
1588 2471 1845 2540 gentibus

173 2558 508 2624 destitutus,
531 2557 743 2612 meritis
771 2557 1117 2628 exigentibus
1163 2559 1298 2625 suis,
1332 2559 1386 2614 in
1418 2557 1597 2614 insula
1635 2561 1844 2616 marina

171 2659 312 2716 qua:
351 2646 575 2702 Corsica
613 2651 860 2712 vocatur,
895 2647 1088 2714 tristis,
1123 2648 1308 2713 miser,
1342 2648 1601 2713 imbellis,
1630 2649 1841 2718 inhers,

173 2732 398 2799 infelix,
432 2734 672 2801 occulte,
705 2734 941 2804 amplius
978 2735 1035 2790 in
1067 2749 1238 2807 regno
1269 2749 1380 2792 non
1413 2751 1754 2805 reversurus,
1789 2745 1845 2795 et

172 2823 330 2879 velut
371 2822 460 2879 fur
492 2829 547 2879 et
585 2823 724 2880 latro
765 2824 1031 2880 velociter
1069 2824 1298 2896 aufugit.
1342 2826 1492 2881 Idem
1530 2833 1711 2882 autem
1744 2842 1844 2897 per

174 2920 405 2983 tempus
442 2927 539 2969 rex
576 2915 703 2970 Otto
742 2914 959 2971 devicto
999 2922 1054 2971 et
1096 2915 1332 2986 cﬂ‘ugato
1370 2916 1618 2982 Alberto,
1659 2919 1840 2987 tripu-

174 3003 468 3059 diantibus
497 3003 770 3059 universis
807 3004 994 3059 Romae
1035 3006 1103 3060 ab
1133 3005 1442 3075 apostolico
1491 3007 1840 3063 conclaman-

1932 1842 2032 1898 fice
2063 1833 2138 1897 in
2168 1844 2338 1899 Deum
2377 1851 2432 1900 et
2488 1845 2543 1900 in
2583 1846 2844 1903 saeculum
2875 1850 3088 1919 operati
3146 1857 3274 1906 sunt
3312 1833 3579 1910 intuendo

1930 1929 2222 2001 descripsi,
2283 1933 2479 1988 saltum
2538 1948 2604 1990 ex
2659 1935 2960 2006 improviso
3018 1938 3202 1995 dando
3257 1941 3578 1998 Landulfum

1929 2019 2132 2087 exilivi,
2165 2021 2281 2092 qui,
2314 2022 2538 2092 iniquus
2577 2024 2726 2081 velut
2753 2026 2997 2095 scorpio,
3031 2027 3087 2082 in
3117 2030 3376 2085 extremis
3405 2031 3580 2088 cauda

1928 2115 2080 2164 torve
2110 2110 2360 2166 venando
2412 2113 2749 2181 percutiens,
2803 2116 3039 2184 majores
3087 2117 3450 2175 ecclesiastici
3489 2134 3580 2177 or-

1927 2197 2093 2263 dinis,
2169 2198 2423 2254 videlicet
2492 2201 2960 2272 archidiaconem,
3038 2205 3577 2278 archipresbyterum

1927 2293 2254 2356 ceterosque
2284 2289 2540 2357 majores,
2575 2303 2675 2345 nec
2715 2304 2826 2346 non
2867 2292 3240 2360 primicerium
3291 2297 3579 2367 presbyte-

1925 2388 2134 2442 rorum,
2176 2377 2271 2446 qui
2310 2378 2677 2448 coepiscopus
2723 2387 2968 2448 vocatur,
3021 2389 3348 2454 ceterosque
3388 2386 3576 2442 archi-

1926 2464 2280 2534 presbyteros
2343 2465 2507 2535 hujus
2563 2467 2716 2523 urbis
2774 2468 3131 2526 ecclesiarum
3189 2472 3577 2531 decentissime

1925 2565 2026 2620 per
2081 2552 2249 2607 multa
2289 2561 2536 2623 tempora
2575 2556 2716 2611 ultra
2772 2570 2962 2613 omnes
3010 2558 3174 2629 hujus
3219 2561 3409 2617 saeculi
3467 2562 3578 2618 cle-

1925 2640 2072 2695 ricos
2117 2642 2462 2710 sublimatos,
2529 2645 2763 2714 quadam
2829 2647 3042 2703 insania
3107 2649 3307 2706 ductus
3372 2651 3579 2708 incom-

1924 2729 2284 2798 peusabiliter
2347 2738 2402 2786 et
2456 2732 2756 2790 indiscrete
2796 2741 2852 2791 et
2909 2737 3112 2805 injuste
3169 2738 3574 2796 dehonestavit.

1923 2819 2080 2874 Enim
2114 2828 2174 2874 ut
2197 2819 2755 2891 archiepiscopatum,
2789 2839 2950 2894 quem
2983 2827 3102 2896 ipse
3133 2826 3288 2882 duris
3326 2836 3381 2884 et
3420 2829 3578 2885 malis

1922 2909 2133 2964 artibus
2163 2913 2336 2979 patris
2381 2913 2700 2981 aquisierat,
2736 2917 3021 2982 retineret,
3064 2918 3351 2975 universos
3399 2920 3577 2977 eccle-

1921 2999 2179 3054 siasticos
2242 2999 2484 3056 honores
2550 3008 2715 3071 atque
2782 3003 3099 3073 dignitates,
3159 3021 3296 3075 quas
3349 3009 3575 3066 ordines

174 3092 332 3148 tibus
362 3098 420 3147 et
449 3091 893 3149 collaudantibus
915 3094 1289 3150 universarum
1318 3095 1563 3166 gentium
1595 3097 1836 3166 populis.
1861 3086 1904 3146 0
1924 3088 2228 3157 δυβτθάίοῑί
2295 3103 2395 3158 De!“
2458 3089 2628 3144 ωυίῐδ
2683 3090 2752 3145 ad
2809 3091 3075 3150 honorem
3123 3096 3481 3154 CCCleSial‘um
3519 3105 3576 3156 et

173 3180 467 3253 Walperto
505 3186 712 3238 tantum
770 3187 1004 3248 astante,
1048 3190 1344 3240 coronatus
1395 3191 1478 3240 est
1535 3191 1646 3252 (an.
1704 3185 1832 3254 962,

169 3270 332 3326 Febr.
377 3270 464 3341 2).
507 3272 720 3326 Interea
785 3272 1028 3327 omnium
1088 3286 1380 3343 regnorum
1440 3273 1674 3343 imperio
1713 3274 1832 3330 sine

167 3361 426 3429 gentium
492 3361 644 3416 caede
712 3365 806 3416 aut
871 3360 998 3415 ullis
1063 3361 1182 3416 sine
1250 3361 1520 3417 bellorum
1570 3362 1834 3432 periculis

165 3449 403 3520 adepto,
472 3450 810 3519 Walpertum
863 3451 1171 3506 astantibus
1227 3450 1498 3506 universis
1554 3466 1651 3507 rex
1705 3453 1831 3507 Otto

166 3539 470 3606 extollens,
531 3540 736 3609 oppida
796 3540 964 3594 multa
1017 3540 1220 3610 regalia
1259 3541 1315 3594 in
1353 3540 1525 3595 Italiae
1584 3540 1834 3609 partibus

165 3628 575 3684 commorantia
615 3628 1002 3684 decentissime
1059 3642 1122 3682 ac
1163 3627 1467 3682 honoriﬁce
1525 3629 1576 3682 ei
1615 3627 1833 3683 donans

166 3720 457 3786 exaltavit,
499 3718 887 3790 magniﬁcavit,
945 3717 1348 3783 honoriﬁcavit,
1392 3725 1446 3772 et
1505 3731 1618 3787 prae
1658 3718 1834 3773 omni-

165 3807 272 3863 bus
313 3814 373 3864 et
409 3809 462 3862 in
495 3807 753 3863 omnibus
791 3805 1211 3861 honoriﬁcando
1241 3804 1572 3861 sublimavit.

392 3895 668 3952 Cantilena
706 3894 771 3927 ³⁸⁵
806 3910 965 3966 super
999 3900 1189 3950 statum
1219 3894 1358 3962 regis
1385 3893 1608 3949 Alberti.

273 3989 420 4057 Age,
452 4000 550 4056 age
575 3987 707 4055 jam,
749 3985 992 4050 Alberte,
1035 3983 1178 4038 ultra
1208 3983 1434 4039 Decium
1463 3983 1722 4053 superbe,

273 4077 466 4142 Disce,
508 4075 675 4130 miser
706 4080 759 4129 et
798 4073 1030 4141 miselle,
1063 4072 1196 4143 quid
1236 4071 1386 4127 fuisti
1425 4080 1517 4127 aut
1547 4072 1680 4142 quid
1703 4086 1762 4128 es

273 4163 455 4220 Adest
490 4166 616 4220 Otto
648 4177 745 4219 rex
773 4169 1088 4220 nostrorum
1127 4174 1325 4232 regens
1354 4167 1634 4230 sceptrum

1383 4250 1753 4320 pepulorum,]

275 4343 382 4399 Cui
424 4341 628 4398 debent
657 4355 922 4398 summam
950 4339 1168 4396 laudem
1199 4352 1360 4410 reges
1397 4354 1587 4410 regum

1918 3177 2066 3232 beati
2113 3178 2386 3234 Ambrosii
2443 3185 2690 3249 tempora
2739 3189 2996 3239 rexerant
3043 3189 3208 3256 atque
3259 3193 3571 3258 tenuerant,

1915 3262 2048 3321 feris
2112 3271 2166 3322 et
2212 3267 2527 3323 saevissimis
2584 3268 2741 3324 laicis
2806 3271 3052 3328 tradidit.
3119 3278 3188 3329 At
3252 3278 3572 3347 priusquam

1915 3353 2079 3424 hujus
2107 3356 2187 3410 rei
2225 3361 2378 3426 gesta
2417 3358 2694 3413 narrando
2736 3373 3075 3427 percurram,
3124 3363 3181 3416 in
3221 3366 3379 3432 cujus
3426 3366 3572 3434 regis

1916 3451 2165 3520 tempore
2196 3444 2418 3510 accidit,
2451 3446 2718 3514 cujusque
2747 3449 2967 3515 generis
3005 3455 3060 3509 et
3086 3452 3244 3519 cujus
3282 3453 3574 3521 potestatis

1917 3537 1972 3585 et
2000 3545 2031 3584 a
2069 3544 2180 3599 quo
2212 3536 2367 3598 patre
2416 3537 2591 3596 ortus,
2635 3533 2910 3588 disserere
2949 3536 3173 3603 operam
3204 3537 3368 3594 dabo.
3400 3542 3572 3608 Igitur

1915 3624 2164 3687 tempore
2221 3618 2438 3673 Ottonis
2495 3620 2844 3688 imperatoris
2874 3623 3104 3678 Romani
3145 3625 3326 3692 primi,
3367 3628 3570 3684 Bonizo

1921 3706 2054 3777 (73),
2121 3721 2152 3761 a
2219 3721 2330 3776 quo
2396 3707 2694 3763 Landulfus
2761 3711 3059 3767 nativitatis
3123 3727 3237 3769 sua:
3299 3716 3569 3787 originem

1917 3795 2091 3863 duxit,
2150 3796 2352 3851 virtute
2408 3796 2477 3851 ab
2538 3796 2870 3866 imperatore
2909 3806 3136 3871 accepta
3161 3844 3176 3869 ,
3219 3809 3388 3860 totam
3428 3806 3568 3863 hanc

1915 3885 2107 3940 urbem
2164 3884 2312 3940 velut
2376 3884 2486 3940 dux
2544 3884 2659 3957 (74)
2722 3894 2961 3944 castrum
3019 3895 3369 3960 procurando
3408 3901 3570 3952 tene-

1915 3972 2029 4028 bat.
2098 3975 2229 4029 Erat
2292 3973 2437 4029 enim
2496 3974 2765 4031 bonorum
2835 3978 3067 4034 militum
3132 3987 3188 4037 et
3244 3983 3571 4040 strenuissi-

1913 4075 2124 4118 morum
2183 4062 2383 4119 civium
2440 4062 2644 4120 raritas'
2691 4065 2959 4136 inmensa,
3015 4083 3156 4140 quos
3213 4071 3467 4129 homines
3505 4073 3569 4106 “’

1913 4151 2227 4222 pestilentia
2290 4155 2555 4210 vermium
2626 4155 2798 4211 invisa
2865 4168 2920 4213 et
2986 4159 3251 4228 inaudita,
3312 4165 3407 4232 qui
3463 4166 3566 4221 sub

1915 4242 2137 4312 pulvere
2212 4246 2519 4314 parvissimi
2594 4246 2874 4303 latitantes
2939 4248 3030 4316 ³⁷⁰,
3096 4258 3155 4306 ut
3216 4255 3412 4322 anguis
3477 4261 3564 4310 te-

1912 4334 2172 4389 terrimus
2210 4348 2415 4404 eosque
2473 4335 2733 4391 mordens
2780 4335 2895 4392 fere
2943 4347 3382 4408 consumpserat.
3433 4343 3566 4398 Pro-

1383 4428 1752 4499 saeculorum]
1843 4415 1893 4473 D
1913 4427 2103 4493 pterea
2140 4423 2251 4478 vini
2281 4425 2569 4480 sestarium
2599 4439 2699 4495 per
2726 4426 3002 4481 civitatem
3045 4426 3332 4485 denarium
3372 4443 3563 4498 unum,

282 4521 439 4578 Ultra
470 4534 630 4592 reges
656 4519 867 4576 habens
904 4518 1069 4584 scire,
1100 4531 1266 4588 supra
1305 4515 1478 4573 fortes
1515 4532 1603 4573 re-

1410 4619 1546 4676 gens
1572 4605 1755 4676 vires,]

276 4702 435 4768 Quos
462 4713 608 4755 nunc
646 4698 812 4754 habet
850 4695 1086 4753 mundus
1114 4696 1241 4762 iste,
1273 4695 1616 4764 superpollet
1737 4783 1752 4855 1

1155 4851 1164 4855 _
1399 4785 1533 4840 satis
1565 4785 1731 4853 juste.

1399 4785 1533 4840 satis
1565 4785 1731 4853 juste.

281 4880 447 4933 Manu
475 4875 634 4933 fortis
661 4881 717 4932 et
744 4874 1042 4946 jucondus,
1082 4851 1383 4929 bellicosus
1411 4877 1467 4927 et
1505 4851 1591 4926 di-

1913 4512 2156 4568 modium
2220 4511 2478 4568 frumenti
2564 4513 2822 4570 denarios
2904 4521 3179 4585 quatuor,
3260 4518 3561 4589 plaustrum

1913 4615 2079 4656 unum
2145 4600 2419 4671 lignorum
2487 4603 2773 4659 denarium
2834 4618 3021 4673 unum,
3094 4620 3351 4664 verveces
3379 4615 3562 4665 autem

1911 4696 2006 4745 aut
2036 4703 2238 4759 porcos
2283 4696 2578 4761 ceteraque
2635 4695 2842 4762 majora
2895 4694 3148 4750 animalia
3201 4696 3342 4752 ultra
3399 4712 3560 4766 quam

1911 4779 2164 4849 cuiquam
2205 4779 2368 4837 modo
2427 4781 2693 4838 credibile
2748 4784 2840 4848 sit,
2903 4789 3149 4853 tempore
3207 4785 3303 4840 illo
3361 4787 3563 4843 vende-

1910 4869 2113 4925 bantur
2154 4868 2301 4942 (75).
2362 4871 2466 4927 Per
2501 4869 2651 4927 idem
2707 4877 2924 4942 tempus
2981 4878 3200 4930 mortuo
3236 4875 3560 4933 Gottofredo

1545 4969 1770 5025 VARle
1807 4969 2193 5025 LECTIONES.

241 5073 310 5106 “’
353 5075 394 5130 i.
423 5089 472 5130 c.
507 5075 688 5130 desunt
719 5074 778 5127 Β.
891 5070 956 5103 ⁸⁸⁵
993 5071 1175 5127 suavis
1193 5069 1341 5125 addit
1370 5070 1459 5124 Αἵ

1573 5066 1636 5099 ³⁸³⁵
1667 5067 1813 5136 algat
1840 5066 1926 5122 A‘.

2039 5065 2104 5097 '“
2135 5066 2304 5122 latina
2332 5067 2418 5123 Bt.
2531 5066 2593 5099 ⁸⁸⁷
2631 5067 2983 5124 Salonichina
3012 5069 3097 5124 Bt.
3211 5070 3275 5103 ⁸³⁸
3318 5073 3556 5130 Titulus:

167 5147 334 5216 Expl.
389 5147 458 5202 de
505 5145 972 5216 Walperto.‘lnc.
1026 5143 1094 5216 de
1142 5139 1410 5216 Landulfo
1460 5139 1725 5216 epi‘sc0po
1773 5143 1828 5216 et
1875 5137 2149 5216 Bonizone
2197 5141 2337 5216 ejus,
2365 5144 2538 5216 patre.
2591 5140 2696 5216 A*._
2730 5139 3114 5216 De_Lan_dulfo
3163 5141 3231 5198 de
3273 5145 3558 5202 Carchauo

165 5209 603 5288 archiepiscopo
629 5209 1046 5288 'Mediolanensi
1094 5219 1149 5269 et
1193 5211 1466 5269 Bonizone
1500 5209 1628 5282 ejus
1673 5210 1946 5283 genitore.
1977 5209 2097 5265 rell.

168 5303 398 5346 omnes.
509 5287 574 5320 ³⁷⁰
603 5288 842 5344 latentes
861 5287 923 5343 Β.

2208 5210 2273 5241 ³⁶⁹
2299 5211 2376 5266 ita
2404 5211 2494 5267 A‘.
2527 5216 2576 5266 et
2612 5211 2780 5283 primo
2807 5213 2867 5266 B.
2900 5211 2988 5268 ubi
3012 5216 3132 5282 post
3163 5221 3452 5272 correctum
3481 5223 3560 5273 est

1769 5354 1988 5410 ΝΟΤᾸΕ.

244 5456 731 5581 θζῗὶὶβὲἰῇῗιῖἱξί
766 5453 953 5581 {3.16.
1005 5525 1143 5580 Erat
1186 5521 1320 5577 enim
1364 5519 1527 5578 nobili

249 5519 379 5601 '(74)
426 5528 506 5586 Cf.
560 5519 822 5601 Andr._c.
869 5524 953 5601 16Ϊ
1002 5525 1143 5601 Erat
1186 5521 1320 5577 enim
1364 5519 1554 5578 nobilis
1589 5520 1833 5577 Heriem-

168 5595 374 5659 baidus
403 5613 580 5658 coram
604 5597 780 5656 sentio
800 5596 951 5670 quasi
980 5595 1110 5651 dux.

1987 5448 2092 5520 (76)
2129 5449 2307 5517 Porci,
2374 5449 2565 5505 arietes
2601 5455 2653 5506 et
2715 5451 2890 5519 magni
2935 5449 3089 5508 boves
3144 5454 3404 5512 dominum
3455 5473 3561 5516 non

1911 5520 2301 5648 grafting,"
2323 5520 2462 5645 ἰηέξϐ
2481 5521 2648 5590 gratis
2702 5520 2982 5579 dabantur.
3043 5523 3279 5584 Flamma
3335 5544 3386 5585 c.
3433 5527 3555 5601 I32,
