4022 6160
515 252 620 307 867

1589 249 1922 304 LANDULFI
1962 247 2496 304 MEDIOLANENSIS
2533 249 2798 304 CLEBJCI

516 376 937 446 archiepiscopo
991 378 1083 443 (an
1135 372 1298 440 9791,
1339 373 1486 444 Sept.
1552 371 1656 440 l9).
1714 373 1872 441 cujus
1926 370 2233 434 nominisA
2249 383 2482 441 quorum
2511 372 2713 428 virtute
2751 371 3275 443 archiepiscopatum
3299 379 3512 444 teneret,
3555 380 3776 449 expoliatis

518 466 780 522 memoria
820 475 1112 535 perparum
1169 462 1314 535 apud
1370 474 1472 517 nos
1508 465 1686 525 sonat,
1737 459 1937 516 Bonizo
1975 461 2169 516 Carca-

519 554 695 611 niensi
735 552 904 624 opido
963 550 1230 608 oriundus
1278 549 1603 619 dignitatum
1661 547 2024 615 avidissimus,
2066 561 2167 603 suo

519 643 632 699 ﬁlio
672 641 938 698 Laudulfo
1003 641 1059 695 in
1127 638 1369 709 pondere
1427 637 1543 692 auri
1601 643 1657 692 et
1720 637 1933 708 argenti
1972 649 2167 708 magno

519 733 1050 803 archiepiscopatum
1124 727 1586 783 Mediolanensem
1661 734 1852 782 contra
1927 727 2168 783 omnium

522 823 778 881 ordinum
847 819 1174 874 clericorum
1241 816 1574 872 voluntatem
1642 815 1957 886 adquisivit.
2027 818 2169 872 Inte-

521 927 615 969 rea
645 907 942 967 Landulfus
985 907 1172 977 paucis
1201 911 1571 962 commoratus
1618 906 1798 973 annis,
1850 911 2004 976 patre
2053 907 2172 975 ejus

521 1001 658 1057 male
725 1003 942 1055 mortuo
1008 1011 1038 1050 a
1105 995 1339 1064 quodam
1405 995 1634 1050 Tazonis
1699 995 1925 1050 vernula
1969 1009 2070 1051 suo
2108 994 2168 1025 ³⁷¹

520 1090 577 1144 in
639 1087 806 1153 lecto,
873 1085 942 1140 ad
1008 1087 1262 1141 Ottonem
1329 1084 1715 1153 imperatorem
1776 1099 1940 1140 cursu
1995 1083 2170 1140 veloci

521 1174 737 1246 fugiens
775 1173 1029 1230 tetendit.
1062 1175 1251 1242 Itaque
1291 1186 1414 1227 cum
1453 1178 1579 1226 ante
1630 1172 1774 1242 regis
1823 1173 2172 1242 praesentiam

522 1266 781 1330 venisset,
824 1269 879 1320 et
925 1263 1109 1318 omnia
1156 1261 1300 1316 bella
1346 1275 1469 1330 quae
1518 1266 1674 1330 pater
1713 1261 1831 1330 ejus
1888 1261 2039 1332 regia
2095 1261 2167 1316 ob

523 1357 605 1412 sui
645 1355 912 1411 honorem
948 1352 1166 1423 imperii
1197 1358 1404 1422 egerat,
1451 1366 1612 1420 quam
1661 1353 1780 1421 ejus
1826 1351 2175 1408 fidelissimus

525 1445 683 1502 miles
722 1444 934 1510 fuisset,
987 1441 1266 1509 narravit;
1317 1442 1450 1511 quin
1499 1441 1660 1496 etiam
1709 1441 1894 1496 multis
1936 1439 2176 1497 lacrimis

523 1535 818 1604 multisque
858 1531 1144 1603 promissis
1175 1545 1299 1586 eum
1352 1530 1659 1596 obtestans,
1721 1537 1781 1584 ut
1836 1530 1953 1599 ipse
1991 1530 2060 1585 ad
2090 1530 2174 1586 sui

523 1624 791 1680 honorem
831 1632 884 1679 et
930 1621 1149 1691 imperii
1197 1619 1516 1689 dignitatem
1557 1625 1611 1674 et
1642 1619 1932 1674 Bonizonis
1978 1619 2176 1675 ductus

2250 461 2450 530 injuste
2521 461 2742 517 clericis
2807 461 3182 529 ecclesiarum,
3246 478 3342 533 per
3367 465 3687 524 detestandam
3720 472 3777 526 in-

2250 549 2564 605 vestituram
2643 550 2833 620 plebes
2899 551 3021 606 illas
3091 551 3270 608 dando
3338 555 3630 612 sublimavit.
3680 561 3776 626 Quin

2253 638 2414 694 etiam
2445 638 2775 709 propinquis
2804 653 2946 709 quos
2964 641 3020 695 in
3042 642 3360 697 Carcanensi
3380 644 3564 712 oppido
3589 645 3777 716 habebat,

2253 727 2322 782 de
2369 726 2515 782 beati
2552 727 2827 783 Ambrosii
2892 728 3391 800 archiepiscopatus
3448 732 3605 799 bonis,
3637 736 3779 803 quibus

2253 815 2371 885 ipse
2447 814 2735 871 fruebatur
2790 815 3052 886 indignus
3080 858 3094 883 ,
3154 819 3494 890 quadraginta
3547 821 3667 876 milia
3706 838 3782 879 mo-

2254 905 2378 960 dios
2435 913 2602 968 terra:
2657 904 2955 973 fructuum,
3010 914 3072 961 ut
3125 906 3250 963 illos
3287 908 3420 964 ultra
3448 923 3612 966 omnes
3641 911 3780 967 ditaret

2253 995 2484 1060 vicinos,
2529 1009 2626 1065 per
2654 994 2876 1052 fcudum
2906 996 3080 1051 dedit.

2333 1084 2414 1138 18.
2448 1083 2566 1155 (An.
2599 1084 2747 1155 998.)
2801 1084 3040 1140 Veniens
3095 1084 3160 1116 ³⁷⁵
3196 1093 3372 1142 autem
3423 1087 3644 1144 Arnulfus
3665 1103 3688 1143 a
3715 1105 3783 1144 ma-

2253 1185 2363 1243 gno
2393 1173 2675 1243 Walperto
2715 1174 2942 1244 quintus
2971 1173 3207 1230 viriliter
3253 1176 3596 1245 episcopatum
3630 1191 3783 1248 regens,

2255 1269 2473 1319 mortuo
2514 1269 2694 1318 tamen
2740 1265 2962 1330 Ottone,
3027 1279 3191 1334 quem
3257 1263 3548 1334 Walpertus
3593 1267 3712 1320 unxit
3750 1267 3785 1319 iu

2256 1365 2462 1421 regem,
2495 1352 2663 1423 regali
2694 1353 2864 1408 curia;
2885 1353 3102 1408 Ottonis
3131 1354 3202 1408 III
3232 1351 3391 1423 regis,
3415 1354 3542 1408 ﬁlius
3565 1353 3785 1417 Ottonisll,

2258 1437 2522 1496 decenter
2581 1441 2885 1496 secundum
2942 1448 3158 1511 tempus
3222 1443 3498 1498 serviebat.
3549 1444 3652 1497 Erat
3690 1442 3787 1496 enim

2257 1530 2384 1585 Otto
2412 1530 2628 1586 Ottonis
2657 1529 2801 1586 filius
2828 1531 3061 1586 secundi
3080 1546 3112 1586 a
3141 1531 3252 1587 filio
3272 1531 3334 1562 ³⁷⁵
3362 1531 3787 1601 conjugali,mortua

2262 1619 2496 1689 conjuge
2516 1633 2583 1675 ex
2603 1634 2711 1690 qua
2730 1619 2836 1675 sibi
2857 1619 3028 1676 filium
3049 1620 3348 1676 masculum
3368 1621 3566 1675 minime
3583 1626 3786 1690 genuerat,

523 1712 771 1779 caritate,
804 1724 967 1781 quem
1008 1711 1125 1780 ipse
1164 1722 1332 1778 super
1377 1721 1568 1764 omnes
1614 1707 1776 1764 bonis
1822 1708 2036 1763 actibus
2075 1704 2233 1778 op-B
2255 1706 2487 1764 alienus.
2519 1709 2766 1776 Quicum
2798 1709 2852 1764 in
2885 1709 3139 1765 castitate
3160 1710 3350 1765 videns
3371 1724 3463 1778 per
3481 1706 3791 1763 humauamlia-

523 1803 768 1871 timoque
824 1799 1049 1856 servitio
1107 1796 1393 1869 probando
1453 1802 1746 1860 amaverat,
1803 1810 1906 1852 nec
1965 1810 2074 1853 non
2115 1802 2175 1853 ut

522 1890 837 1960 superbiam
894 1893 1062 1945 tantae
1100 1887 1336 1943 civitatis
1384 1886 1789 1956 compescendo
1839 1886 2171 1954 humiliaret;

521 1979 885 2036 Mediolanum
946 1977 1112 2033 armis
1165 1982 1330 2046 atque
1377 1977 1618 2046 gentium
1669 1974 1889 2045 populis
1937 1974 2176 2030 diversa-

521 2085 642 2126 rum
682 2068 944 2134 munitus,
987 2069 1042 2122 in
1090 2065 1416 2122 fortitudine
1473 2078 1666 2136 magna
1705 2072 1760 2120 et
1815 2065 2044 2120 brachio
2083 2079 2175 2120 ex-

520 2164 674 2215 tento
713 2155 1178 2213 circumveniret“
1211 2154 1575 2221 Quamobrem
1630 2167 1724 2208 rex
1764 2156 1889 2210 Otto
1945 2155 1990 2208 ll
2027 2152 2176 2209 velut

516 2245 604 2302 leo
671 2251 1020 2310 commotus,
1089 2256 1213 2298 cum
1279 2240 1546 2297 Landulfo
1612 2240 1875 2296 ineffabili
1929 2241 2173 2312 gentium

516 2334 872 2391 barbararum
906 2338 962 2388 et
990 2331 1222 2388 militum
1247 2331 1755 2386 strenuissimorum
1805 2337 1968 2401 gente
2007 2331 2176 2400 stipa-

517 2430 608 2481 tus
661 2423 890 2480 veniens
926 2421 1317 2485 Mediolanum,
1385 2426 1665 2489 totamque
1730 2420 2006 2475 civitatem
2062 2434 2174 2476 ma-

517 2513 698 2570 chinis
753 2520 808 2569 et
864 2512 1096 2568 diversis
1155 2510 1445 2566 tormentis
1498 2509 1864 2576 circumdans,
1907 2510 2055 2564 omni
2095 2515 2176 2566 ta-

517 2616 642 2658 men
675 2603 795 2657 sine
825 2600 972 2656 bello
1002 2598 1274 2656 consedit.
1307 2600 1479 2655 Nocte
1523 2597 1762 2668 denique
1813 2597 2004 2654 eadem
2034 2599 2172 2655 visio

517 2691 819 2748 reverenda
883 2689 1298 2760 superveniens,
1358 2687 1682 2744 Landulfum
1739 2688 1905 2760 longo
1980 2688 2172 2746 labore

517 2781 767 2851 duroque
806 2779 1004 2835 itinere
1044 2777 1352 2834 confectum
1391 2778 1574 2834 verbis
1611 2777 1947 2834 suavissimis
1989 2779 2174 2834 omnia

515 2868 717 2926 inferni
748 2874 1020 2926 tormenta
1051 2867 1390 2924 merentibus
1419 2866 1500 2922 illi
1547 2866 1866 2933 ostendens,
1918 2873 1969 2921 et
2011 2880 2172 2936 quam

515 2961 702 3016 suavia
733 2959 854 3015 loca
883 2965 1048 3028 atque
1079 2958 1306 3026 praemia
1334 2957 1672 3026 sempiterna
1711 2955 1838 3010 illos
1876 2955 1972 3025 qui
2000 2957 2170 3010 Deum

2257 1796 2523 1868 gilitatem
2555 1799 2850 1868 persistere
2873 1813 2932 1854 se
2954 1813 3064 1855 non
3089 1813 3274 1869 posse,
3297 1799 3632 1870 gravissimum
3648 1797 3788 1852 ducens

2257 1884 2375 1942 fore
2406 1887 2613 1942 crimen
2638 1930 2652 1955 ,
2695 1902 2879 1958 regem
2918 1887 2983 1918 ⁸⁷⁸
3020 1893 3117 1944 aut
3162 1888 3442 1944 adulteriis
3479 1887 3699 1944 sordidari
3731 1894 3789 1939 aut

2257 1974 2715 2032 fornicationibus
2755 1977 3143 2048 coinquinari:
3197 1977 3410 2033 tandem
3437 1975 3688 2042 Arnulfum,
3711 1988 3788 2029 cum

2256 2078 2367 2134 quo
2396 2079 2456 2120 se
2496 2065 2564 2120 de
2595 2067 2831 2137 conjuge
2863 2079 3108 2136 congrue
3159 2067 3572 2131 consciliaretur,
3612 2061 3788 2118 advocari

2258 2155 2544 2224 praecepit.
2611 2156 2800 2224 Itaque
2865 2153 3128 2211 Arnulfus
3191 2170 3311 2211 cum
3368 2161 3484 2210 ante
3534 2151 3787 2223 imperatoris

2257 2240 2452 2297 faciem
2491 2242 2822 2310 advenisset,
2885 2259 2978 2299 rex
3036 2258 3066 2298 e
3129 2244 3272 2300 solio
3315 2257 3528 2315 surgens
3573 2237 3788 2296 honoriﬁce

2257 2344 2381 2385 cum
2420 2331 2686 2402 suscepit.
2717 2331 2956 2388 Tandem
3004 2333 3276 2388 conscilio
3314 2339 3545 2402 accepto,
3585 2329 3640 2385 ad
3677 2327 3790 2395 impe-

2255 2426 2494 2476 ratorem
2545 2422 3242 2492 Constantinopolitanum,
3290 2429 3350 2478 ut
3386 2423 3535 2477 filiam
3582 2431 3695 2475 suam
3736 2415 3788 2468 ul-

2256 2513 2340 2563 tra
2379 2521 2572 2565 omnes
2628 2512 2868 2580 virgines
2921 2510 3421 2580 splendidissimam
3471 2510 3564 2565 sibi
3611 2503 3788 2574 coujugio

2256 2596 2319 2627 ³⁷⁷
2349 2599 2608 2666 sociaret,
2641 2599 2926 2655 Arnulfum
2973 2599 3243 2656 ineffabili
3291 2599 3517 2656 thesauri
3557 2593 3788 2667 argentique

2257 2687 2506 2756 pondere
2561 2688 2858 2745 honustum
2915 2689 3204 2745 curialiter
3259 2689 3469 2745 direxit.
3505 2690 3563 2743 At
3606 2679 3789 2741 Aruulfus

2257 2777 2512 2832 omnibus
2549 2776 2779 2833 afﬂuens
2808 2777 3034 2844 divitiis,
3080 2793 3206 2834 cum
3244 2779 3298 2834 in
3344 2778 3533 2834 curiam
3565 2768 3792 2831 Constanti-

2256 2867 2633 2936 n0politanam
2674 2873 2932 2938 receptus
2970 2873 3157 2923 tamen
3207 2867 3498 2924 honorifice
3538 2865 3594 2920 ab
3627 2863 3792 2930 impera-

2260 2961 2378 3012 tore
2408 2956 2830 3026 admirabilique
2866 2957 3103 3012 militum
3152 2973 3218 3014 ac
3274 2958 3574 3014 clericorum
3619 2949 3792 3008 exercitu

516 3049 711 3104 timent
746 3052 801 3102 et
843 3047 1107 3116 operibus
1156 3043 1316 3100 bonis
1362 3043 1600 3098 ﬁdeliter
1654 3057 1829 3112 usque
1884 3044 1952 3098 ad
2006 3036 2235 3099 ﬁnemG
2257 3047 2494 3115 stipatus
2522 3047 2781 3113 venisset,
2816 3060 2915 3115 per
2943 3045 3165 3116 aliquos
3203 3048 3322 3103 dies
3367 3051 3600 3109 moratus,
3632 3046 3676 3096 et
3709 3048 3791 3092 cum

516 3140 871 3207 perseverant
901 3139 956 3190 et
985 3139 1229 3199 manent,
1276 3133 1457 3200 ipsum
1506 3133 1822 3201 perterruit.
1871 3133 2171 3203 PrOpterea

515 3223 815 3281 Landulfus
891 3222 1092 3279 divinis
1157 3221 1493 3276 intrinsecus
1556 3221 1739 3276 verbis
1794 3227 2166 3291 exasperatus,

514 3315 610 3370 Dei
667 3315 866 3370 timore
932 3317 987 3368 et
1053 3311 1198 3366 beati
1266 3309 1540 3366 Ambrosii
1605 3311 1912 3366 reverentia
1968 3317 2166 3377 tactus,

511 3404 705 3460 videns
735 3415 834 3474 pro
878 3401 962 3456 sui
1011 3405 1220 3455 tantum
1268 3399 1479 3455 honore
1528 3398 1810 3469 populum,
1852 3413 2013 3468 quem
2062 3413 2174 3455 ma-

513 3501 634 3550 ture
687 3493 990 3564 periturum
1055 3489 1324 3555 audierat,
1367 3489 1622 3558 civesque
1653 3488 1886 3559 quadam
1929 3489 2170 3559 pertina-

513 3585 596 3640 cia
635 3581 992 3652 sibimetipsis
1039 3579 1230 3635 hostes
1269 3577 1464 3645 factos,
1508 3585 1562 3634 et
1607 3579 1750 3634 filios
1807 3579 1969 3648 paulo
2008 3585 2169 3635 antea

512 3674 617 3729 sibi
680 3685 859 3739 caros,
929 3683 1075 3726 nunc
1131 3667 1389 3738 nequiter
1439 3669 1496 3724 in
1561 3667 1759 3738 gladiis
1827 3668 2168 3725 coadunatos

515 3762 806 3820 dirissimis
865 3761 922 3815 in
980 3763 1210 3814 mortem
1267 3757 1564 3812 saevissime
1612 3764 1834 3827 paratos
1863 3772 2020 3824 esse;
2072 3773 2169 3814 co-

511 3864 786 3922 gnoscens
814 3849 1118 3916 vidensque
1150 3845 1299 3915 quod
1348 3846 1457 3901 illis
1504 3846 1585 3901 ira
1637 3847 1782 3917 regis
1829 3853 1884 3902 et
1921 3848 2165 3918 gentium

514 3941 571 3994 in
609 3938 788 4007 spolia
815 3935 1057 3990 hostium
1086 3935 1143 3989 in
1191 3947 1425 4004 quorum
1468 3933 1532 3965 ³⁷³
1585 3934 1940 4005 gaudentium
1978 3944 2167 4006 posset

514 4027 754 4094 evenire,
786 4025 1010 4081 omnino
1051 4022 1314 4093 obriguit.
1345 4025 1535 4092 Itaque
1577 4025 1893 4080 convocatis
1919 4025 2167 4094 aliquan-

515 4118 586 4173 tis
615 4130 683 4171 ex
718 4113 853 4170 urbe
892 4111 1193 4178 nobilibus,
1235 4125 1363 4180 rege
1403 4117 1585 4166 tamen
1630 4112 1806 4180 primo
1854 4113 2162 4183 ignorante,

515 4212 706 4278 postea
760 4217 890 4260 vero
948 4201 1238 4258 durissime
1293 4201 1705 4268 consentiente,
1748 4201 2018 4270 pollicens
2055 4203 2166 4259 illis

513 4310 704 4354 omnes
742 4293 933 4365 plebes
988 4304 1288 4360 omnesque
1345 4289 1640 4360 dignitates
1697 4296 1862 4360 atque
1917 4292 2165 4348 xenodos

513 4389 655 4455 chia,
717 4400 841 4456 quae
879 4384 1063 4440 omnia
1109 4383 1347 4451 majores
1392 4381 1659 4437 ordinarii
1710 4387 1873 4452 atque
1912 4383 2170 4452 primice-

513 4479 629 4534 rius
693 4475 1142 4538 decumanorum,
1211 4470 1677 4541 archipresbyteri
1731 4478 1786 4527 et
1840 4473 2165 4529 cimiliarchi

511 4567 675 4636 hujus
712 4564 866 4621 urbis
893 4561 1251 4618 ecclesiarum
1297 4559 1578 4626 tenebant,
1619 4560 1980 4630 jurejurando
2018 4578 2167 4620 asse-

512 4671 641 4713 rens
671 4662 886 4726 pactum
945 4666 1120 4721 usque
1160 4648 1485 4705 detestabile
1545 4656 1793 4718 pactatus
1847 4656 1950 4706 est.
2009 4653 2164 4719 Quod

510 4742 714 4800 factum
752 4756 935 4813 regem
962 4741 1184 4796 minime
1233 4739 1428 4806 latuit;
1481 4743 1536 4793 et
1583 4739 1829 4807 quamvis
1875 4739 2061 4796 multis
2099 4756 2165 4796 ex

513 4834 695 4890 causis
759 4832 816 4886 in
882 4829 1029 4886 cives
1093 4827 1395 4884 crudeliter
1457 4826 1790 4883 maniaverat
1844 4827 1928 4896 ³⁷³,
1982 4837 2163 4885 tamen

512 4922 752 4977 amicitia
781 4919 1017 4976 civitatis
1055 4917 1423 4988 redintegrata
1464 4929 1564 4984 per
1610 4916 1900 4986 plurimum
1947 4919 2165 4989 gavisus

514 5016 617 5066 est.
651 5011 766 5066 Hoc
804 5006 948 5064 facto
987 5003 1287 5063 Landulfus
1335 5005 1609 5060 civitatem
1654 5005 2016 5075 introgresso,
2067 5022 2164 5064 rex

511 5101 638 5156 Otto
669 5097 926 5156 omnibus
953 5094 1204 5151 salutatis
1232 5095 1289 5149 in
1329 5092 1578 5164 partibus
1625 5093 1864 5164 Liguriae
1908 5097 2158 5153 secessit.

512 5189 630 5257 Quo
679 5189 737 5245 in
782 5193 1033 5257 tempore
1077 5182 1380 5241 Landulfus
1423 5195 1615 5239 omnes
1662 5182 1866 5238 milites
1902 5184 2157 5253 majores,

2255 3137 2371 3190 suis
2401 3135 2657 3192 omnibus
2686 3150 2752 3191 ex
2800 3135 2968 3206 longo
3019 3137 3238 3193 itenere
3293 3151 3356 3193 ac
3409 3136 3577 3192 labore
3624 3126 3792 3198 fatigatis

2255 3233 2555 3290 recreatus,
2607 3239 2807 3296 equum
2869 3225 3239 3294 imperialem,
3290 3240 3445 3297 quem
3485 3227 3593 3281 Otto
3632 3222 3794 3288 impera-

2253 3321 2343 3371 tor
2378 3316 2656 3370 Romanus
2703 3315 2810 3370 sibi
2857 3314 2925 3370 ad
2983 3314 3157 3384 hujus
3195 3316 3396 3374 laboris
3429 3315 3637 3370 solamen
3681 3307 3795 3362 dona-

2251 3408 2422 3470 verat,
2463 3403 2742 3459 substrato
2781 3403 2948 3473 pallio
2992 3403 3332 3473 admirabili,
3389 3403 3535 3460 ferris
3581 3396 3720 3455 aureis
3758 3397 3793 3445 et

2252 3493 2420 3549 clavis
2457 3494 2734 3563 argenteis
2781 3493 2982 3562 pedum
3021 3495 3250 3565 ungulis
3299 3495 3498 3550 abrasis
3534 3490 3706 3547 curiose
3731 3497 3794 3550 ερ-

2252 3581 2356 3636 tari
2395 3580 2545 3636 fecit.
2596 3582 2770 3651 Igitur
2817 3581 2980 3651 hujus
3026 3583 3105 3638 rei
3161 3583 3301 3639 fama
3351 3586 3456 3654 per
3488 3579 3654 3651 palatia
3695 3570 3792 3640 regis

2250 3669 2636 3725 incunctanter
2665 3670 2881 3726 volante
2922 3685 3036 3726 rem
3075 3672 3286 3728 milites
3333 3671 3541 3742 palatini
3576 3662 3790 3722 inauditam

2250 3759 2556 3827 audientes,
2599 3759 2837 3815 universi
2893 3774 3077 3816 coram
3141 3763 3466 3832 imperatore
3515 3769 3640 3813 more
3681 3747 3791 3805 solito

2250 3853 2513 3914 astantes,
2549 3847 2904 3903 vehementer
2941 3848 3202 3906 admirati
3247 3856 3392 3905 sunt.
3438 3847 3576 3904 Enim
3616 3842 3696 3896 hoc
3729 3839 3791 3890 Ar-

2250 3935 2432 3992 nulfus
2459 3937 2528 3992 ad
2556 3937 2822 3992 honorem
2860 3938 3091 3993 Romani
3132 3939 3370 4010 imperii,
3422 3930 3706 3993 excellentia:
3738 3928 3792 3976 at-

2249 4041 2356 4095 que
2395 4026 2816 4096 magnificentiae,
2847 4027 2992 4098 regis
3033 4029 3276 4095 Ottonis,
3309 4027 3568 4095 totiusque
3594 4010 3793 4076 ltalitefe-

2249 4121 2421 4170 cerat.
2443 4115 2684 4171 Tandem
2705 4131 2825 4172 cum
2853 4115 3111 4172 Arnulfus
3136 4117 3572 4187 archiepiscopus
3588 4108 3640 4140 ³⁷⁸
3655 4111 3791 4171 magno

2248 4203 2450 4259 ducatu
2481 4205 2714 4259 militum
2743 4201 3012 4274 stipatus,
3030 4220 3173 4275 quos
3203 4206 3438 4277 pellibus
3465 4195 3719 4258 martulinis
3732 4193 3792 4244 aut

2249 4292 2524 4358 cibelinis,
2540 4299 2633 4348 aut
2654 4294 2957 4350 renonibus
2975 4295 3142 4350 variis
3161 4302 3219 4352 et
3237 4292 3545 4351 hermelinis
3561 4284 3792 4344 ornaverat,

2250 4381 2454 4451 quibus
2482 4382 2783 4452 imperator
2821 4383 3048 4439 mirifice
3088 4399 3214 4439 eum
3261 4385 3540 4447 imbuerat,
3580 4376 3636 4432 ab
3676 4373 3795 4436 ἰωβθ·

2247 4478 2430 4526 ratore
2467 4471 2535 4526 de
2567 4471 2674 4527 tilia
2705 4474 2824 4541 ejus
2853 4478 2999 4528 esset
3027 4486 3277 4540 securus,
3312 4480 3367 4529 et
3394 4473 3504 4541 ipse
3529 4472 3636 4523 ante
3659 4458 3793 4516 faciem

2248 4561 2368 4629 ejus
2404 4560 2576 4628 solus,
2609 4562 2915 4617 astantibus
2953 4562 3141 4617 multis
3179 4561 3456 4632 episcopis
3489 4564 3540 4614 et
3571 4553 3673 4610 aliis
3695 4557 3794 4602 sum-

2247 4663 2349 4704 mae
2379 4663 2700 4720 magnaeque
2740 4651 3044 4721 dignitatis,
3105 4652 3310 4722 quibus
3355 4656 3475 4706 ante
3520 4636 3790 4716 praesentiam

2246 4737 2594 4806 imperatoris
2621 4739 2816 4795 sedere
2848 4753 2956 4795 non
2997 4740 3146 4807 licet,
3197 4754 3365 4810 super
3399 4731 3793 4802 cicotergitronum

2245 4825 2309 4856 ³⁷⁹
2337 4827 2576 4894 sederet,
2606 4827 2792 4883 multis
2823 4842 2923 4897 per
2959 4827 3319 4898 interpretem
3349 4827 3506 4883 rebus
3531 4812 3794 4876 sermocina-

2246 4917 2338 4983 tis,
2372 4917 2520 4986 quod
2553 4917 2700 4972 intus
2728 4917 2986 4973 Arnulfus
3023 4925 3141 4972 erat
3186 4917 3323 4973 foris
3368 4911 3617 4986 apparuit.
3641 4906 3793 4986 Interea

2244 4982 2545 5074 imperator
2582 5004 2886 5073 Arnulfum,
2942 5011 3003 5062 ut
3057 5020 3244 5062 secum
3300 4982 3540 5061 venatum
3589 4991 3715 5066 quasi
3748 4982 3793 5038 ad

2244 5095 2603 5165 depellendas
2659 5109 2954 5166 corporum
3008 5096 3384 5168 gravitudines
3436 5093 3553 5157 iret,
3603 5083 3795 5168 precibus

2243 5192 2347 5241 est.
2379 5183 2640 5241 Arnulfus
2669 5165 2849 5242 autem
2889 5165 3032 5242 voce
3070 5184 3328 5257 benigna,
3376 5181 3542 5254 primo
3583 5165 3794 5245 paululum

1872 5300 2095 5355 VARUS
2131 5300 2414 5358 LECTION
2419 5302 2516 5358 ES.

585 5401 647 5434 ⁸⁷⁸
676 5416 775 5460 sua
801 5403 862 5458 Β.

513 5543 578 5576 ’π
608 5544 685 5600 ita
713 5544 868 5600 codd.
901 5539 1134 5600 consilio
1159 5539 1311 5597 'corr.
1343 5543 1542 5598 Muret.
1655 5539 1719 5573 ⁸⁷⁸
1756 5541 1903 5612 regis
1931 5539 1989 5597 BQ

971 5399 1036 5432 ⁸⁷⁸
1063 5399 1140 5456 ita
1167 5398 1258 5455 Αἵ
1290 5399 1350 5455 Β.
1384 5397 1785 5470 ὴηοοοίεοιξῃω
1813 5396 1983 5470 εηΒΙ.
2008 5413 2079 5453 an
2105 5398 2464 5470 iniquorum?
2502 5401 2588 5454 W.

515 5473 781 5576 gendulfo
810 5471 1250 5556 archiepiscopo.
1283 5471 1397 5527 Inc.
1430 5469 1500 5526 de
1528 5467 1756 5526 Arnulfo
1785 5467 2226 5573 archiepiscopo.
2265 5472 2362 5554 A'.
2409 5472 2487 5527 De
2514 5469 2800 5542 Arnulpho
2829 5471 3212 5552 archiepiscop

608 5550 685 5598 ita
713 5544 868 5598 codd.
901 5543 1134 5598 consilio
1172 5555 1311 5597 corr.
1343 5543 1542 5598 Muret.
1655 5539 1719 5573 ⁸⁷⁸
1756 5553 1903 5598 regis
1931 5541 1989 5597 B.
2101 5541 2121 5574 ³
2143 5542 2164 5573 ⁷
2191 5557 2238 5598 s.
2267 5556 2325 5598 1n
2355 5557 2404 5598 c.
2439 5544 2498 5598 B.
2612 5541 2677 5574 ⁸⁷⁸
2705 5542 2847 5598 deest
2875 5545 2936 5598 Β.
3049 5542 3113 5574 ⁸⁷⁸
3140 5555 3212 5597 οι(

3357 5389 3576 5452 Tilulas:
3604 5379 3728 5451 Expl-
3748 5372 3794 5452 te

3217 5480 3251 5524 ο
3281 5472 3337 5525 et
3357 5442 3691 5536 negastis;
3709 5442 3792 5504 reu-

3049 5525 3634 5610 έτῖόἷοοῖειτόηιιωἋε
3659 5525 3706 5581 B-

2685 5398 2750 5431 ³⁷³
2779 5399 3079 5456 minaverat
3097 5401 3154 5454 B.

2612 5541 2677 5574 ⁸⁷⁸
2692 5541 2847 5599 δεεει
2875 5545 2936 5599 Β.
