4022 6160
283 188 388 243 869

1325 189 1636 246 HISTORIA
1674 187 2222 245 MEDIOLANENSIS.
2263 218 2337 230 —
2374 191 2500 248 LIB.
2542 195 2606 248 Il.

3550 204 3657 260 870

285 312 485 369 tacitus
527 313 676 369 inter
719 327 781 370 se
827 313 1078 384 cogitans
1127 313 1378 369 ordinem
1427 313 1818 384 episcopalem,
1867 313 2168 384 inApater
2196 315 2388 384 ejus.»
2422 315 2597 387 (Joan.
2622 331 2740 384 Vlll,
2762 316 2875 388 44).
2903 319 3003 375 Cui
3031 319 3232 392 aliquis
3259 325 3532 385 catholica
3559 329 3660 385 im-

283 401 486 472 quibus
533 415 792 458 exercere
821 416 881 458 se
911 402 1096 469 debet,
1139 401 1357 458 tandem
1398 401 1536 457 dixit
1569 421 1581 457 :
1615 404 1729 471 Ego
1769 403 1924 470 enim,

282 489 426 545 vobis
453 491 503 545 si
544 490 738 562 placet,
768 507 870 562 qua
901 491 1032 547 liora
1069 507 1212 547 meas
1249 492 1552 546 venationes
1595 491 1796 562 insequi
1832 506 1926 545 so-

283 578 405 634 litus
442 595 576 646 sum,
627 581 752 634 meis
804 581 965 636 armis
1013 582 1238 651 meisque
1284 579 1528 635 militibus
1566 581 1794 635 crastino
1844 579 1929 634 die

283 668 543 724 mediante
579 669 649 723 ad
689 685 778 724 vos
809 671 1013 724 veniens
1054 675 1388 743 praeparatus
1431 685 1542 724 ero.
1582 673 1650 724 At
1687 669 1928 738 impera-

283 764 391 824 tor,
425 758 494 814 de
542 759 745 828 quibus
799 760 966 814 armis
1013 761 1323 829 quibusque
1371 759 1636 814 militibus
1671 757 1930 814 Arnulfus

283 847 534 914 dixisset,
584 849 804 904 minime
856 864 953 918 per
1008 849 1364 919 interpretem
1423 850 1546 919 ipso
1588 849 1928 904 balbutiente

283 937 575 992 intellexit.
645 937 882 992 Veniens
955 943 1134 993 autem
1207 937 1468 993 Arnulfus
1540 937 1630 992 die
1703 943 1925 1004 statuta,

280 1025 693 1096 episcOpalibus
725 1025 1060 1081 indumentis
1089 1034 1318 1082 ornatus
1342 1041 1467 1082 cum
1486 1025 1648 1092 stola,
1672 1027 1790 1081 sine
1821 1039 1928 1095 qua

279 1128 578 1184 numquam
610 1113 746 1169 foris
775 1121 868 1169 aut
899 1114 953 1169 in
984 1115 1204 1170 civitate
1246 1115 1374 1170 ullis
1412 1115 1651 1185 negotiis
1689 1115 1929 1170 interve-

281 1203 566 1258 nientibus
601 1209 696 1258 aut
743 1203 1254 1272 perturbationibus
1291 1218 1412 1259 esse
1452 1203 1650 1260 solitus
1698 1202 1820 1270 fuit,
1873 1209 1928 1259 et

277 1291 502 1358 crisma,
560 1292 1169 1363 bonorabilissimisque
1244 1292 1572 1349 clericorum
1638 1293 1928 1350 ordinibus

277 1381 532 1447 vallatus,
565 1395 706 1451 quos
743 1396 929 1437 secum
969 1383 1190 1449 tulerat,
1223 1389 1278 1438 et
1309 1382 1486 1438 tribus
1515 1397 1638 1438 cum
1669 1383 1924 1448 ducibus,

276 1470 642 1526 honorandus
679 1473 929 1540 pervenit
957 1471 1025 1526 ad
1065 1472 1473 1542 imperatorem.
1525 1473 1642 1538 Quo
1672 1473 1789 1527 viso
1820 1473 1927 1528 im-

277 1565 507 1630 perator
553 1573 654 1629 per
700 1559 929 1616 multum
970 1561 1116 1616 inter
1152 1575 1211 1616 se
1250 1560 1548 1627 admirans,
1588 1561 1780 1616 videns
1809 1567 1928 1616 tan-

2010 403 2175 460 butus
2204 404 2310 460 ﬁde
2338 405 2500 462 ﬁdem
2525 406 2789 463 adhibere
2820 421 2930 465 non
2961 409 3148 468 debet.
3184 413 3371 484 Itaque
3401 419 3659 476 omnibus

2009 493 2332 564 ambagibus
2362 496 2599 562 omissis,
2631 496 2699 552 ad
2733 503 2948 568 portum
2993 499 3208 568 salutis,
3249 503 3386 559 velis
3415 505 3658 565 dimissis

2009 582 2320 640 accelerare
2368 583 2708 642 festinemus.
2752 606 2780 637 π
2811 588 3050 645 Tandem
3089 605 3212 646 cum
3263 591 3317 647 in
3360 601 3523 662 portu
3557 611 3656 665 per

2010 677 2124 727 tres
2159 671 2278 728 dies
2316 674 2554 740 sederet,
2590 682 2649 731 ut
2679 689 2766 731 res
2804 683 2922 732 erat
2959 678 3015 733 in
3046 680 3272 736 veritate
3312 690 3656 752 compertum

2011 766 2113 815 est.
2167 763 2461 831 Propterea
2519 765 2736 819 cunctis
2790 767 3028 836 graviter
3082 773 3654 841 congemescentibus,

2011 851 2222 920 magnis
2277 850 2532 907 lamentis
2595 853 2914 924 magnisque
2970 858 3226 927 suspiriis
3280 859 3539 917 Arnulfus
3601 868 3658 918 et

2011 939 2158 1008 regis
2187 939 2294 994 tilia
2326 955 2447 995 cum
2479 941 2734 997 omnibus
2771 943 2886 998 suis
2929 943 2998 999 ad
3048 945 3278 1015 patriam
3318 947 3538 1005 domum
3571 964 3659 1006 re-

2009 1040 2198 1082 means
2227 1030 2466 1098 separati
2497 1036 2644 1085 sunt.

2087 1115 2168 1169 19.
2211 1118 2327 1172 Rex
2355 1118 2415 1152 “1
2462 1125 2643 1174 autem
2694 1121 2821 1176 Otto
2877 1122 2947 1176 Ill
3005 1137 3129 1179 cum
3178 1125 3366 1182 Romae
3413 1133 3655 1186 castrum

2009 1205 2332 1273 Crescentii,
2374 1207 2523 1276 quod
2563 1208 2680 1278 ipse
2712 1215 2904 1264 contra
2942 1211 3230 1282 imperium
3269 1229 3427 1271 suum
3467 1230 3657 1272 erexe-

2010 1301 2094 1349 rat
2139 1309 2308 1366 opere
2359 1297 2589 1353 miriﬁco
2647 1305 3046 1367 constructum,
3089 1317 3190 1372 per
3234 1305 3436 1361 multos
3483 1307 3654 1362 obse-

2010 1383 2181 1439 disset
2235 1399 2430 1452 annos,
2483 1385 2550 1440 ad
2606 1387 2854 1443 ultimum
2902 1397 3140 1446 castrum
3187 1400 3243 1448 et
3299 1393 3477 1464 ipsum
3534 1396 3658 1450 Cre-

2010 1473 2280 1528 scentium
2321 1474 2566 1544 ingenio,
2599 1489 2708 1531 non
2747 1477 2914 1532 armis
2957 1492 3136 1549 neque
3166 1483 3418 1551 corporis
3446 1483 3657 1538 viribus

2013 1562 2160 1631 cepit
2191 1569 2298 1632 (an.
2327 1561 2454 1631 998,
2484 1565 2618 1634 Apr.
2650 1563 2761 1628 29).
2792 1566 2934 1632 Quin
2963 1568 3127 1623 etiam
3175 1570 3355 1639 ipsum
3383 1572 3658 1627 Crescen-

277 1656 398 1705 tum
431 1649 600 1704 virum
631 1650 688 1704 in
727 1650 822 1705 Dei
861 1663 1029 1719 opere
1077 1649 1419 1720 religiosum,
1450 1650 1774 1719 sapientem,
1807 1647 2169 1716 dis-Btium,
2212 1651 2385 1707 nobili
2423 1653 2687 1724 progenie
2727 1660 2907 1710 ortum
2947 1656 3124 1712 oculis
3154 1659 3390 1728 turpiter
3429 1659 3654 1726 evulsis,

277 1745 492 1794 cretum
559 1744 725 1808 atque
782 1739 1118 1809 benignum,
1186 1739 1585 1810 aliquantulum
1641 1739 1792 1810 quod
1858 1741 1927 1796 de

2009 1737 2077 1790 ad
2120 1738 2370 1794 ultimum
2399 1741 2657 1796 omnibus
2685 1742 2945 1798 membris
2974 1743 3316 1800 detruncatis
3352 1745 3656 1816 decapitari

277 1829 572 1884 venatione
620 1828 834 1884 dixerat
881 1830 1302 1896 verecundatus,
1337 1844 1436 1899 per
1469 1831 1652 1886 omnia
1697 1829 1928 1886 laudans
2003 1827 2187 1895 jussit.
2231 1829 2361 1884 Post
2391 1829 2618 1885 multum
2651 1845 2780 1888 vero
2811 1845 2921 1888 non
2953 1838 3169 1903 tempus
3208 1835 3313 1902 (an.
3355 1833 3515 1906 1002)
3561 1849 3658 1892 rex

276 1925 447 1987 atque
504 1917 858 1988 magniﬁcans
913 1932 976 1973 ac
1029 1933 1208 1987 graece
1264 1919 1688 1975 sermocinando
1747 1921 1924 1988 ipsum
2007 1917 2134 1971 Otto
2165 1931 2290 1972 cum
2327 1919 2477 1988 gravi
2522 1920 2850 1990 aegritudine
2879 1934 3180 1992 oppressus
3205 1925 3568 1991 cruciaretur,
3603 1931 3658 1980 et

277 2005 554 2062 extollens
609 2006 880 2061 subsistit.
949 2007 1102 2074 Quod
1161 2005 1362 2062 factum
1417 2008 1592 2062 Graeci
1651 2008 1922 2077 episcopi,

275 2095 705 2165 archiepiscopi,
755 2095 1076 2152 sacerdotes
1115 2095 1533 2166 perplurimum,
1575 2097 1725 2166 quod
1755 2096 1820 2127 ⁸⁸⁰
1858 2111 1925 2152 eo

274 2183 335 2238 in
384 2189 631 2252 tempore
681 2183 852 2238 curia:
901 2184 1248 2251 insistebant,
1297 2185 1578 2251 mirantes,
1613 2199 1742 2254 erga
1782 2185 1932 2239 Lati-

275 2287 382 2329 nos
421 2278 624 2327 tantam
673 2273 996 2342 religionem
1034 2274 1256 2328 minime
1296 2273 1412 2328 fore
1451 2273 1764 2340 credentes,
1806 2289 1932 2343 per-

277 2361 510 2416 multum
561 2361 779 2415 beatum
809 2361 1156 2416 Ambrosium
1195 2361 1592 2417 benedicentes
1629 2361 1925 2419 dicebant:

281 2470 314 2515 μ
349 2451 558 2503 Decens
588 2455 642 2504 et
672 2455 992 2519 competens
1022 2451 1162 2506 ratio
1192 2449 1314 2516 fuit,
1343 2458 1402 2506 ut
1430 2451 1575 2506 sicut
1603 2465 1706 2506 nos
1738 2452 1932 2508 beatus

277 2537 606 2593 Ambrosius
637 2552 808 2608 usque
856 2539 1022 2594 hodie
1052 2540 1256 2595 divinis
1285 2540 1383 2594 alit
1429 2539 1706 2596 alimentis
1750 2556 1932 2597 sacra-

279 2625 622 2695 tissimisque
679 2627 1111 2682 amonitionibus
1166 2627 1250 2684 vel
1298 2641 1430 2684 suos
1479 2628 1623 2685 ﬁlios
1678 2629 1820 2686 lacte
1877 2637 1933 2686 et

277 2712 446 2768 melle
493 2713 646 2768 verbi
697 2714 866 2768 divini
918 2714 1194 2782 informat,
1242 2717 1323 2771 sic
1368 2716 1604 2772 domnus
1648 2716 1928 2786 Arnulfus,

281 2803 424 2858 tanti
456 2801 558 2856 viri
599 2803 846 2872 tantique
887 2805 1105 2872 patroni
1135 2819 1444 2870 successor,
1477 2806 1594 2860 suis
1624 2819 1726 2861 nos
1750 2821 1932 2862 exem-

2011 2006 2267 2062 omnibus
2304 2008 2556 2076 medicis,
2605 2009 2701 2079 qui
2751 2011 2871 2079 ejus
2922 2011 3092 2066 curia:
3146 2018 3312 2081 atque
3360 2013 3659 2083 praeceptis

2011 2095 2248 2151 sollicite
2295 2097 2629 2163 serviebant,
2662 2099 2931 2168 probatis,
2964 2114 3196 2169 quorum
3236 2101 3526 2158 medicinae
3564 2109 3658 2159 aut

2010 2179 2245 2235 antidoti
2276 2182 2392 2251 regi
2431 2183 2599 2238 nichil
2641 2184 3008 2254 profecerant,
3041 2186 3154 2242 fere
3185 2189 3254 2243 ab
3284 2189 3432 2244 omni
3462 2189 3656 2246 salutis

2010 2283 2109 2339 spe
2157 2269 2425 2340 privatus,
2473 2272 2693 2328 tandem
2751 2274 2803 2329 ei
2827 2274 2890 2305 ³⁸³
2941 2289 2972 2330 a
3019 2275 3258 2344 quodam
3317 2277 3658 2334 cubiculario

2013 2357 2244 2414 relatum
2284 2365 2368 2415 est
2415 2361 2563 2431 quod
2603 2363 2898 2432 Stephania
2947 2378 3086 2420 uxor
3113 2366 3417 2437 Crescentii
3456 2367 3524 2422 de
3553 2367 3661 2424 hoc

2013 2449 2206 2504 morbo
2247 2449 2389 2505 ultra
2417 2464 2610 2506 omnes
2638 2451 2876 2509 discrete
2905 2455 3161 2510 sentiret.
3199 2457 3368 2524 Quam
3399 2471 3523 2512 cum
3563 2473 3660 2514 rex

2012 2536 2119 2592 sibi
2149 2537 2404 2594 advocari
2444 2542 2819 2610 praecepisset,
2853 2545 3084 2614 cupiens
3123 2559 3240 2600 eam
3288 2545 3454 2601 bonis
3500 2545 3660 2603 factis

2014 2625 2286 2697 bonisque
2337 2630 2622 2698 promissis
2662 2646 2693 2686 a
2737 2631 2930 2688 dolore
2962 2633 3157 2690 sedare
3196 2636 3398 2702 mariti,
3430 2636 3659 2706 grandia

2015 2715 2160 2770 dona
2191 2715 2308 2770 auri
2339 2723 2394 2771 et
2422 2719 2634 2788 argenti
2667 2719 2746 2774 illi
2782 2723 3168 2790 repraesentari
3211 2724 3395 2792 jussit.
3444 2728 3513 2780 At
3541 2726 3661 2780 Ste-

2015 2803 2218 2874 phania
2248 2812 2406 2861 caute
2453 2807 2853 2876 aliquantulum
2895 2811 2962 2866 de
3001 2812 3328 2881 aegritudine
3370 2814 3490 2882 ejus
3525 2814 3662 2869 scis-

277 2891 390 2962 plis
421 2891 586 2948 modo
633 2892 956 2948 coliﬁzando
986 2893 1327 2950 intormaret.
1378 2896 1592 2950 Interea
1631 2896 1934 2966 imperator
1967 2971 1990 2973 _A
2015 2894 2212 2961 citans,
2245 2894 2442 2949 durum
2481 2895 2691 2952 habens
2728 2898 2830 2952 sub
2870 2907 3095 2968 pectore
3125 2901 3321 2956 vulnus
3354 2901 3502 2973 (77),
3544 2917 3649 2958 mc-

274 2987 340 3037 et
388 2979 647 3036 Aruulfus
697 2995 821 3036 cum
871 2983 1060 3051 paucis
1108 2983 1386 3054 episcopis
1433 2985 1489 3039 in
1530 2997 1697 3039 unum
1738 2971 2216 3040 conve-Cdicinis
2261 2983 2449 3039 Galeni
2492 2991 2586 3040 aut
2625 2987 2912 3056 Ypocratis
2959 2971 3663 3061 sapientissimilquatinus

273 3070 524 3136 nientes,
566 3086 632 3126 ex
679 3073 910 3129 secretis
958 3080 1330 3130 tractaverunt
1375 3074 1642 3130 consiliis.
1693 3076 1934 3132 Moratus

274 3167 466 3216 autem
511 3159 773 3217 Arnulfus
812 3177 911 3232 per
943 3168 1060 3218 tres
1098 3162 1212 3219 fere
1252 3178 1466 3220 menses
1499 3165 1645 3234 apud
1687 3165 1930 3235 impera-

277 3256 495 3317 torem,
561 3252 736 3322 gratia
801 3253 947 3324 regis
1010 3254 1238 3324 adepta,
1307 3261 1620 3324 serpentem
1669 3270 1927 3323 aeneum,

277 3355 449 3412 quem
483 3342 694 3412 Moyses
740 3343 796 3396 in
845 3343 1066 3399 deserto
1097 3343 1284 3400 divino
1333 3345 1566 3414 imperio
1615 3344 1932 3401 admonitus

277 3445 471 3488 coram
521 3430 648 3485 ﬁliis
693 3431 859 3486 Israel
908 3431 1259 3499 exaltaverat,
1309 3433 1630 3503 imperatori
1679 3433 1932 3504 quaesivit

278 3526 334 3575 et
407 3518 610 3575 habere
676 3520 898 3583 meruit.
959 3528 1014 3575 et
1063 3521 1292 3576 veniens
1355 3523 1412 3576 in
1467 3521 1700 3576 ecclesia
1755 3521 1932 3576 sancti

277 3608 562 3665 Ambrosii
623 3611 802 3679 ipsum
861 3609 1115 3664 exaltavit
1175 3609 1322 3680 (76).
1391 3611 1466 3664 De
1532 3623 1643 3679 quo
1709 3615 1933 3664 sanctus

277 3698 608 3754 Ambrosius
654 3699 709 3753 in
759 3700 1063 3754 Exameron
1099 3719 1110 3753 :
1147 3701 1273 3753 «Et
1329 3699 1448 3768 ipse
1505 3700 1648 3754 sicut
1702 3713 1934 3768 serpens

280 3787 578 3854 exaltatus,
620 3787 845 3843 devorat
892 3785 1150 3842 colubres
1200 3787 1595 3857 .Egyptiorum.
1633 3807 1658 3836 ι
1709 3789 1933 3842 Demum

281 3877 478 3933 multis
507 3884 562 3932 et
599 3878 810 3947 magnis
847 3876 1010 3933 donis
1038 3892 1106 3932 ex
1144 3891 1280 3932 auro
1311 3884 1365 3932 et
1411 3879 1640 3948 gemmis
1688 3877 1930 3947 dotatus,

282 3981 415 4022 cum
463 3965 571 4020 ﬁlia
619 3966 884 4035 ejusdem,
925 3979 1087 4036 quam
1143 3967 1389 4022 Romano
1445 3967 1764 4036 imperatori
1824 3973 1934 4024 tra-

282 4054 448 4111 deret
495 4055 551 4110 in
598 4056 878 4126 conjugio,
929 4056 1088 4111 laetus
1135 4061 1190 4111 et
1237 4055 1428 4110 hilaris
1485 4054 1598 4111 fere
1640 4071 1814 4126 usque
1862 4056 1932 4113 ad

283 4149 509 4211 portum
560 4145 847 4199 Barianum
904 4151 1247 4214 pervenerat.
1309 4146 1449 4200 Ecce
1505 4145 1651 4200 enim
1709 4161 1776 4202 ex
1832 4146 1934 4201 im-

283 4231 510 4300 proviso
563 4246 666 4288 vox
715 4233 951 4288 humana
1009 4234 1179 4304 regia,
1241 4248 1402 4304 quam
1460 4235 1762 4303 imperator
1808 4249 1930 4290 cum

2013 3087 2199 3143 regem
2249 3073 2317 3128 ab
2365 3073 2541 3130 inviso
2597 3076 2790 3132 morbo
2843 3077 3126 3146 liberaret,
3186 3080 3555 3137 intromittere
3601 3096 3662 3138 se

2012 3161 2188 3217 ﬁnxit.
2257 3163 2428 3232 Igitur
2482 3163 2780 3233 Stephania
2842 3181 2965 3222 cum
3033 3182 3132 3238 per
3187 3169 3480 3226 duodecim
3541 3170 3664 3226 dies

2015 3265 2199 3322 regem
2240 3251 2425 3307 multis
2463 3254 2759 3322 unguentis
2805 3255 3103 3324 multisque
3143 3257 3537 3324 experimentis
3582 3257 3664 3314 fo-

2013 3341 2202 3404 visset,
2236 3346 2291 3394 et
2336 3340 2455 3395 sola
2493 3348 2586 3395 aut
2618 3355 2742 3396 cum
2781 3342 2980 3396 ancilla
3023 3343 3264 3397 intrandi
3295 3350 3389 3398 aut
3427 3346 3662 3402 exeundi

2013 3427 2325 3483 facultatem
2381 3428 2630 3495 haberet,
2662 3427 2854 3483 videns
2891 3443 2951 3485 se
2983 3432 3096 3499 jam
3136 3436 3353 3500 tempus
3390 3433 3458 3488 ad
3488 3433 3664 3488 vindi-

2015 3516 2248 3572 candum
2306 3517 2558 3571 maritum
2617 3523 2984 3586 praeparatum
3043 3519 3334 3586 carpsisse,
3396 3521 3663 3577 militibus

2015 3605 2332 3662 convocatis
2361 3604 2616 3674 palatinis
2637 3604 2793 3673 quasi
2825 3619 3020 3675 magno
3041 3619 3164 3660 cum
3190 3608 3456 3665 conscilio
3487 3610 3665 3666 omni-

2015 3695 2120 3750 bus
2166 3693 2340 3748 dixit:
2379 3713 2407 3744 «
2437 3695 2480 3748 Ο
2522 3694 2744 3759 milites,
2795 3695 2842 3750 si
2894 3694 3126 3750 salutem
3175 3697 3426 3766 quaeritis
3480 3699 3662 3768 impe-

2015 3783 2217 3840 ratoris
2254 3790 2309 3838 et
2346 3784 2467 3853 ejus
2495 3785 2657 3839 vitam
2686 3785 2844 3840 vobis
2890 3785 3256 3842 necessariam
3293 3788 3412 3845 fore
3441 3789 3660 3858 videtis,

2016 3871 2227 3928 corium
2279 3872 2558 3928 cervinum
2619 3886 2814 3928 recens
2877 3879 3041 3944 atque
3107 3877 3427 3947 sanguinem
3496 3892 3662 3934 cursu

2014 3961 2364 4018 velocissimo
2395 3962 2528 4016 mihi
2559 3961 2836 4018 adducite.
2861 3964 2956 4019 Est
2988 3964 3134 4020 enim
3164 3966 3232 4022 ad
3255 3966 3484 4024 salutem
3514 3969 3664 4040 regis

2014 4051 2171 4106 valde
2220 4051 2612 4106 necessarium.
2643 4052 2837 4121 Operae
2876 4053 3131 4122 praetium
3161 4061 3266 4122 est,
3298 4062 3358 4112 ut
3395 4071 3492 4113 rex
3529 4056 3661 4113 huic

2015 4140 2238 4196 cervino
2269 4141 2564 4212 unguentis
2601 4140 2788 4196 multis
2835 4149 3105 4210 peruncto
3153 4144 3528 4201 curiosissime
3567 4147 3662 4200 in-

2016 4230 2282 4286 volvatur.
2319 4249 2346 4282 υ
2389 4229 2545 4297 Quod
2577 4244 2700 4284 cum
2747 4229 2949 4284 milites
2998 4240 3278 4301 praecepto
3309 4233 3658 4303 imperatoris

285 4297 550 4376 ineffabili
600 4321 844 4391 pondere
893 4323 1011 4378 auri
1058 4297 1114 4378 et
1165 4297 1385 4392 argenti
1440 4297 1667 4379 Arnulfo
1716 4330 1771 4378 et
1817 4297 2247 4390 suaeDurgente
2287 4318 2457 4374 nichil
2505 4317 2632 4374 mali
2679 4297 3025 4387 suspicantes
3063 4297 3322 4376 celeriter
3365 4297 3660 4390 implentes

286 4408 415 4464 ﬁlia:
443 4409 763 4478 donaverat,
797 4411 989 4466 dicens
1027 4432 1041 4467 :
1087 4413 1341 4467 Ottonem
1389 4412 1776 4482 imperatorem
1815 4414 1936 4468 Ro-

285 4512 508 4554 manum
548 4507 820 4556 mortuum
861 4514 982 4556 esse
1022 4501 1126 4569 (an.
1168 4500 1320 4555 1002.
1361 4501 1483 4556 Jan.
1518 4499 1629 4567 23),
1661 4502 1930 4557 insonuit.

283 4590 351 4642 At
379 4586 640 4643 Arnulfus
668 4602 857 4644 vocem
896 4588 1211 4658 hujusmodi
1241 4588 1496 4656 audiens,
1527 4588 1931 4658 aliquantulum

287 4689 699 4745 expavescens,
775 4677 1010 4732 viriliter
1074 4677 1359 4733 universos
1435 4677 1734 4733 exhortans
1797 4692 1932 4734 voce

286 4765 590 4834 episcopali
621 4779 812 4822 omnes
836 4767 1056 4822 intuens
1085 4767 1257 4822 dixit:
1286 4785 1315 4817 α
1335 4768 1378 4822 Ο
1406 4764 1621 4831 fratres,
1655 4779 1760 4821 vox
1787 4767 1932 4822 enim

288 4853 410 4910 haec
457 4853 744 4910 fantastica
792 4863 851 4910 ut
900 4869 1003 4912 nos
1059 4855 1417 4912 terrefaceret
1471 4856 1657 4922 venit;
1710 4869 1814 4912 vox
1851 4861 1936 4911 est

288 4943 456 5010 illius,
489 4944 584 5014 qui
635 4945 1047 5015 protoplaustos
1091 4946 1332 5015 decepit,
1367 4945 1461 5015 qui
1509 4944 1934 5014 Redemptorem

289 5040 535 5090 nostrum
569 5034 699 5090 olim
729 5035 816 5090 bis
844 5041 1038 5106 terque
1069 5036 1390 5106 temptavit;
1428 5033 1496 5090 de
1527 5049 1638 5104 quo
1667 5035 1785 5104 ipsa
1824 5036 1934 5091 Ve-

289 5123 423 5180 ritas
450 5123 591 5181 dixit
623 5125 806 5196 (Joan.
837 5140 952 5193 vm,
974 5126 1064 5198 44)
1094 5146 1107 5182 :
1144 5125 1428 5182 «mendax
1457 5133 1541 5182 est
1569 5125 1638 5180 ab
1677 5124 1837 5180 initio
1879 5131 1935 5181 et

2016 4409 2226 4464 corium
2275 4407 2580 4474 duxissent,
2630 4406 2926 4476 Stephania
2975 4412 3133 4462 caute
3185 4414 3241 4463 et
3287 4409 3658 4466 occultissime

2014 4511 2139 4552 eum
2169 4497 2466 4566 unguentis
2506 4497 2689 4552 toxico
2720 4494 2901 4552 infuso
2947 4495 3098 4552 illico
3144 4499 3418 4566 perunxit.
3470 4501 3658 4568 Itaque

2014 4586 2181 4641 rebus
2238 4585 2324 4640 his
2369 4585 2624 4640 omnibus
2680 4585 3006 4656 preparatis,
3064 4586 3359 4656 Stephania
3411 4587 3658 4642 studiose

2015 4674 2135 4730 haec
2173 4675 2356 4730 omnia
2403 4690 2462 4730 se
2515 4689 2677 4746 agere
2723 4675 3007 4742 simulans,
3059 4675 3285 4730 veniens
3329 4676 3397 4731 ad
3449 4691 3656 4746 regem,

2015 4764 2202 4820 multis
2247 4764 2514 4820 militibus
2561 4764 2868 4820 astantibus
2908 4764 3088 4833 ipsum
3128 4765 3354 4820 omnino
3393 4765 3657 4821 nudatum

2015 4855 2170 4910 corio
2227 4853 2323 4909 illo
2375 4867 2476 4922 per
2524 4853 2752 4908 multum
2810 4853 3198 4924 constringens
3253 4852 3498 4909 involvit.
3541 4854 3659 4920 Quo

2015 4943 2160 5000 facto
2207 4941 2504 5012 Stephania
2548 4943 2665 5012 regi
2711 4941 2990 4997 silentium
3033 4942 3343 5012 imponens,
3385 4941 3658 5012 diaetaque

2017 5033 2270 5090 ordinata
2300 5045 2407 5102 qua
2441 5046 2538 5087 rex
2567 5031 2829 5097 aleretur,
2861 5031 2930 5086 ad
2959 5031 3234 5100 quendam
3265 5031 3460 5086 ducem
3491 5032 3661 5088 caris-

2014 5123 2209 5179 simum
2249 5135 2308 5176 se
2354 5121 2435 5176 ire
2483 5118 2812 5176 medendum
2850 5119 3144 5176 simulavit.
3196 5121 3264 5176 Et
3313 5119 3514 5177 factum
3553 5126 3658 5190 est,

1650 5213 1874 5268 VARle
1928 5210 2312 5267 LECTIONES.

363 5304 425 5338 ³³⁸
453 5301 777 5374 perplurimi
815 5302 910 5374 qui
940 5300 1024 5358 BL

1127 5301 1187 5334 ⁸⁸⁸
1224 5301 1422 5359 Titulus
1443 5323 1460 5358 :
1492 5303 1568 5359 De
1598 5308 1774 5360 morte
1804 5301 2022 5359 Ottonis
2049 5297 2420 5370 imperatoris.
2452 5296 2545 5354 A'.
2580 5295 2767 5352 addit:
2799 5302 2856 5352 et
2887 5296 3222 5367 Stephaniae.

3332 5295 3397 5329 ⁸⁸³
3425 5297 3568 5356 deest
3600 5299 3657 5356 Β.

1854 5391 2072 5448 NOTAE.

365 5481 472 5552 (76)
505 5482 568 5537 v.
600 5479 802 5536 Giulini
831 5481 924 5547 Ill,
954 5480 1009 5533 9.

2086 5477 2188 5548 (τη
2221 5474 2304 5534 Cf.
2339 5475 2486 5547 Virg.
2517 5475 2638 5530 IEn.
2673 5488 2713 5542 ι,
2745 5472 2853 5545 36;
2895 5488 2972 5541 iv,
3003 5473 3098 5532 67.
