4064 6162
367 207 467 261 871

1447 198 1778 254 LANDULFI
1818 195 2354 253 MEDIOLANENSIS
2389 195 2652 251 CLERICI

3637 191 3744 246 8'72

366 329 638 389 medicina
686 341 848 400 quam
901 325 968 382 ad
1019 323 1166 396 regis
1212 328 1358 380 esset
1402 323 1567 378 vitam
1615 322 1900 393 putabant,
1943 320 2270 382 adArando
2302 316 2568 391 praecepit
2597 325 2676 386 ut,
2708 319 3077 390 leguminibus
3115 333 3146 374 a
3176 319 3443 375 ministris
3480 317 3743 388 receptis,

364 425 596 479 mortem
644 419 865 475 inventa
916 422 1019 472 est.
1070 416 1201 482 Qua
1248 412 1430 470 omnia
1471 425 1594 468 cum
1630 410 1889 468 Arnulfus
1926 412 2010 467 vir

365 524 466 581 per
495 507 680 566 omnia
719 505 1126 562 euriosissimus
1162 502 1405 558 seriatim
1447 507 1501 556 et
1537 500 1784 556 studiose
1823 500 2010 570 inqui-

365 604 535 665 reret,
567 601 628 653 ut
657 599 845 652 Roma
884 599 1036 666 gesta
1067 599 1242 658 erant,
1275 597 1474 647 cuncta
1513 591 1568 645 in
1599 590 1826 646 veritate
1857 604 2005 646 com-

367 688 570 759 peruit.
630 687 804 756 Igitur
857 684 1194 738 diversarum
1251 680 1655 749 multarumque
1713 692 1896 734 rerum
1955 678 2015 732 in

369 789 504 832 auro
543 781 599 830 et
637 777 865 844 argento
895 786 959 827 ac
1008 770 1298 841 palliorum
1347 769 1689 825 diversorum
1721 767 2018 824 mobilibus

367 863 661 928 honustus,
713 860 947 916 visitatis
995 857 1370 929 apostolorum
1422 856 1675 927 reliquiis
1723 856 2018 926 multisque

367 951 721 1022 martyribus,
784 950 985 1020 quibus
1039 951 1209 1004 Roma
1266 961 1440 1017 usque
1497 947 1663 1003 hodie
1720 951 1912 1002 ornata
1965 950 2020 1000 et

367 1039 693 1097 honoranda
729 1053 761 1094 a
809 1037 997 1093 multis
1052 1036 1436 1106 frequentatur
1480 1035 1723 1105 p0pulis,
1762 1049 1867 1091 nec
1905 1046 2018 1089 non

367 1129 676 1202 apostolico
723 1127 982 1194 salutato,
1033 1127 1102 1182 ab
1156 1125 1457 1196 eademque
1515 1125 1652 1180 urbe
1701 1123 2016 1191 discedens,

368 1221 476 1278 iter
495 1235 605 1292 quo
634 1218 1004 1276 Mediolanum
1034 1216 1327 1288 repedaret
1355 1229 1648 1287 aggressus
1676 1221 1780 1270 est.
1804 1217 2020 1271 Interea

370 1311 649 1367 Arduinus
680 1309 883 1366 nobilis
921 1313 976 1364 et
1004 1305 1251 1362 marcbio
1291 1305 1454 1374 altus,
1485 1304 1736 1375 locuples
1764 1305 1821 1360 in
1862 1318 2017 1373 auro,

369 1400 466 1456 sed
534 1399 767 1456 scientia
834 1411 1051 1468 parcus,
1120 1396 1287 1452 armis
1353 1395 1618 1466 prudens,
1686 1393 2021 1464 ingenioque

366 1499 571 1556 gnarus
593 1485 677 1554 ³⁸³,
721 1484 911 1554 paucis
951 1483 1427 1540 consentientibus
1464 1481 1635 1537 Italia
1676 1479 2018 1550 primatibus,

367 1578 566 1632 Ottone
591 1577 702 1644 jam
733 1579 954 1629 mortuo
985 1573 1143 1643 quasi
1173 1571 1359 1628 furtim
1390 1573 1446 1627 in
1473 1585 1657 1642 regem
1686 1574 2019 1626 surrexerat.

2095 416 2150 466 et
2195 414 2321 466 octo
2378 408 2625 466 fabarum
2683 408 2898 465 modios
2935 409 3350 479 elemosynariis
3389 407 3641 464 studiose
3683 419 3747 460 ac

2095 503 2312 558 curiose
2353 500 2501 555 omni
2551 498 2641 554 die
2685 497 2741 553 in
2792 511 2948 554 mane
2988 503 3472 568 reprasentarent.
3515 498 3749 566 Insuper

2096 598 2278 647 autem
2327 590 2476 645 omni
2523 601 2711 644 mense
2741 588 2888 643 circa
2937 587 3209 644 Kalendas
3253 600 3506 643 nummos
3546 585 3750 640 multos

2098 696 2162 737 ac
2201 693 2372 736 novas
2399 682 2580 734 vestes
2629 677 2868 748 propriis
2906 677 3158 732 manibus
3203 677 3388 733 dabat.
3440 678 3506 732 Et
3545 674 3748 730 factum

2100 777 2184 826 est
2213 768 2362 825 omni
2394 782 2509 823 sua
2557 773 2805 837 tempore
2833 767 2979 833 vita,
3013 771 3218 837 prater
3245 779 3420 823 annos
3458 765 3511 820 in
3545 763 3750 834 quibus

2101 865 2194 915 aut
2223 871 2345 914 cum
2369 870 2496 928 rege
2522 864 2615 912 aut
2645 871 2766 912 cum
2796 856 3208 912 marchionibus
3237 861 3331 911 aut
3360 869 3484 911 cum
3513 853 3751 910 ducibus

2101 956 2196 1004 aut
2223 962 2346 1004 cum
2388 947 2645 1018 gentibus
2676 946 2952 1003 extraneis
2980 946 3066 1001 vel
3105 960 3228 1002 cum
3268 945 3472 1016 p0pulo
3512 943 3751 999 diversis

2102 1045 2402 1109 occupatus
2439 1037 2676 1108 negotiis
2709 1037 3019 1104 insistebat,
3050 1050 3261 1092 summa
3300 1049 3423 1092 cum
3453 1034 3749 1090 devotione

2101 1128 2320 1185 assidue
2366 1129 2478 1183 Deo
2527 1130 2801 1182 annuente
2840 1125 3196 1197 adimpletum
3226 1130 3328 1182 est.
3371 1126 3587 1180 Interea
3627 1137 3751 1179 cum

2104 1219 2338 1276 domnus
2403 1217 2726 1272 Heribertus
2791 1216 3327 1286 archiepiscopatum
3399 1214 3660 1284 nequiter
3723 1227 3752 1268 a

2104 1308 2291 1366 multis
2327 1322 2392 1363 ac
2420 1307 2568 1362 varie
2611 1305 2970 1362 dilaceratum
2999 1305 3200 1361 virtute
3240 1306 3296 1360 in
3345 1317 3537 1374 magna
3587 1317 3754 1358 recu-

2106 1397 2351 1469 perando
2398 1395 2630 1451 viriliter
2667 1396 3089 1466 reintegrasset,
3148 1393 3404 1450 omnibus
3442 1392 3546 1447 sibi
3587 1392 3754 1446 rebus

2108 1485 2582 1558 prosperantibus,
2640 1484 2696 1539 in
2762 1484 2978 1540 cunctis
3044 1484 3280 1556 negotiis
3345 1481 3754 1553 episcopalibus

2110 1576 2336 1648 provide
2366 1579 2427 1630 ut
2451 1574 2630 1630 bonus
2661 1578 2848 1643 pastor
2879 1587 3008 1630 oves
3038 1580 3376 1637 restauruns,
3410 1586 3474 1626 ac
3502 1584 3605 1626 suo
3635 1585 3754 1640 gre-

369 1666 486 1720 iloc
534 1663 767 1719 audiens
816 1663 1050 1719 domnus
1095 1661 1375 1728 Arnulfus,
1419 1661 1610 1731 paucis
1656 1652 2161 1738 commoratungi
2192 1665 2430 1736 graviter
2460 1663 2701 1733 scapulis
2737 1663 3048 1734 imponens,
3078 1668 3301 1717 strenue
3332 1663 3444 1717 Deo
3473 1659 3750 1729 vigilabat.

368 1751 586 1818 diebus,
627 1755 831 1806 sancta
871 1751 1054 1806 Maria
1091 1764 1154 1806 ac
1193 1749 1368 1805 sancti
1410 1747 1683 1805 Ambrosii
1712 1748 1768 1803 in
1800 1760 1934 1802 auro
1964 1752 2018 1802 et

368 1845 597 1910 argento
629 1839 812 1910 palliis
841 1845 897 1895 et
917 1840 1147 1911 gemmis
1167 1839 1400 1895 diversis
1429 1837 1717 1894 honoratis
1746 1836 2016 1902 ecclesiis,

370 1928 426 1983 in
473 1929 778 1985 Ronchalia
827 1943 950 1985 cum
983 1929 1238 1986 omnibus
1277 1928 1445 1984 Italia
1475 1927 1802 1998 primatibus
1841 1925 2019 1982 collo-

373 2017 561 2087 quium
614 2019 824 2073 statuit.
876 2019 978 2074 Ubi
1027 2032 1150 2074 cum
1197 2017 1414 2074 diverse
1461 2016 1530 2072 de
1579 2015 1733 2087 regni
1787 2013 2024 2086 negotiis

371 2113 725 2174 tractassent,
783 2107 1015 2163 Arduini
1081 2113 1269 2176 spreto
1335 2106 1603 2172 dominio,
1658 2103 1806 2174 quod
1864 2102 2024 2158 malis

373 2197 588 2252 artibus
643 2201 1024 2267 usurpaverat,
1084 2193 1474 2251 Henricum'“
1538 2197 1580 2250 Ι.
1639 2195 2024 2260 Teutonicum,

371 2285 607 2341 scientia
672 2285 964 2352 illustrem,
1025 2284 1192 2340 armis
1251 2283 1610 2340 fortissimum
1677 2284 2022 2352 militumque

369 2377 549 2446 copiis
597 2375 966 2432 abundantem
997 2389 1062 2430 ac
1092 2374 1301 2430 divitiis
1329 2373 1643 2429 affluentem
1675 2373 1840 2443 elegit
1875 2372 2022 2443 (78).

369 2465 558 2534 Itaque
617 2465 888 2520 Henricus
944 2465 986 2518 Ι.
1048 2469 1383 2520 convocatus
1440 2470 1524 2519 est
1553 2462 1636 2530 ³⁸⁵,
1692 2463 1922 2518 veniens
1968 2463 2024 2517 in

371 2552 606 2619 Italiam,
649 2552 826 2608 fretus
874 2552 1063 2608 domni
1109 2551 1316 2608 Amulli
1365 2552 1695 2620 aminiculis,
1736 2550 2023 2622 imperium

368 2642 673 2697 Romanum
713 2642 968 2698 hostibus
1019 2641 1221 2714 fugatis
1276 2641 1514 2698 viriliter
1559 2643 1701 2697 rexit
1740 2647 1796 2697 et
1843 2639 2022 2697 tenuit

372 2729 491 2798 (an.
533 2728 715 2796 1004).

439 2818 529 2875 20.
565 2820 802 2877 Veniens
822 2818 887 2850 ³³⁸
923 2824 1105 2876 autem
1135 2819 1460 2876 Heribertus
1497 2818 1704 2875 Arnulﬂ
1734 2831 2026 2874 successor

369 2907 622 2974 secundi,
655 2909 865 2964 viribus
911 2908 1072 2965 fortis
1109 2916 1274 2978 atque
1320 2909 1539 2965 fortiori
1578 2907 1841 2963 insistens
1887 2913 2024 2962 tem-

370 3009 528 3066 pore,
581 2996 764 3051 divina
821 2996 1036 3066 pollens
1090 2997 1323 3052 scientia
1378 2996 1741 3066 sacularique
1799 2980 2082 3067 ingenioc

368 3091 604 3147 astutus,
654 3085 723 3139 ad
771 3085 1026 3140 universa
1075 3085 1432 3140 restauranda
1482 3099 1605 3155 qua
1653 3085 2023 3154 archiepisco.

369 3178 528 3242 patus
565 3173 927 3242 quorumdam
957 3173 1090 3229 vitio
1129 3173 1314 3243 inepte
1349 3174 1606 3229 amiserat
1644 3174 2022 3230 ecclesiastica

367 3261 658 3328 sollicitus,
715 3260 904 3317 infulis
960 3261 1295 3333 prafulgens
1352 3262 1783 3334 episcopalibus,
1834 3264 2023 3320 cathe-

369 3350 485 3407 dra
523 3351 899 3408 Ambrosiana
947 3352 1175 3408 sedibus
1203 3352 1438 3408 viriliter
1479 3353 1706 3409 resedit.
1756 3355 1816 3408 In
1865 3355 2024 3423 cujus

370 3447 619 3512 tempore
674 3441 790 3513 (an.
846 3441 1009 3514 1018)
1061 3442 1232 3499 fames
1279 3456 1390 3499 non
1441 3448 1623 3499 tamen
1652 3443 1715 3474 ⁸⁸⁷
1753 3444 2021 3501 terribilis

369 3545 470 3601 per
497 3531 690 3602 viginti
730 3537 926 3588 tenens
973 3532 1187 3588 Italiam
1223 3546 1419 3599 annos,
1453 3532 1690 3603 populos
1739 3518 2049 3590 universos~

370 3619 635 3676 invadens
681 3622 921 3691 graviter
960 3622 1212 3691 arripuit.
1262 3625 1330 3677 At
1369 3628 1563 3678 contra
1611 3623 1806 3678 beatus
1860 3623 2024 3679 lieri-

372 3710 561 3765 bertus
595 3710 780 3766 divina
809 3710 1145 3767 intrinsecus
1182 3717 1362 3767 motus
1391 3710 1792 3780 misericordia,
1832 3712 2027 3769 videns

375 3812 646 3867 pauperes
675 3814 990 3870 egenosque
1021 3805 1223 3866 tantos,
1251 3801 1623 3870 orphanorum
1654 3815 1718 3856 ac
1738 3801 2022 3857 viduarum

370 3887 585 3955 coliiam
617 3888 960 3953 immensam,
985 3889 1278 3943 convocari
1310 3889 1377 3943 ad
1408 3903 1467 3944 se
1497 3889 1744 3959 quinque
1775 3889 2026 3959 pistoria

370 3976 505 4030 artis
560 3975 855 4046 magistros
900 3976 1186 4046 praeepit.
1235 3978 1445 4044 Quibus
1484 3979 1804 4034 convocatis
1852 3993 2026 4048 pauca

371 4064 553 4120 divina
603 4064 855 4134 eloquia,
907 4071 967 4119 ut
1023 4065 1152 4120 illos
1207 4065 1263 4120 in
1322 4066 1418 4121 Dei
1474 4066 1701 4122 servitio
1758 4067 2027 4124 animaret

370 4155 622 4223 aperuit;
677 4160 733 4209 et
780 4152 892 4209 illis
930 4153 1183 4210 mercede
1223 4159 1417 4224 pactus
1445 4155 1628 4211 divina
1659 4156 1730 4212 ob
1762 4157 1888 4226 jura
1916 4159 2027 4214 im-

2104 1757 2376 1812 Praterea
2425 1767 2632 1810 summa
2680 1753 2900 1808 Henrici
2955 1753 2996 1808 Ι.
3038 1751 3103 1784 ³⁸⁸
3155 1749 3507 1821 imperatoris
3552 1749 3753 1805 ductus

2104 1844 2366 1910 amicitia,
2417 1857 2579 1913 quem
2633 1857 2730 1898 rex
2777 1843 2893 1911 ipse
2937 1855 3104 1910 supra
3150 1854 3343 1896 omnes
3389 1838 3651 1895 mortales
3700 1839 3751 1894 in

2103 1948 2274 2006 regno
2309 1948 2373 1989 ac
2404 1932 2685 1989 consciliis
2714 1931 2830 2002 regi
2861 1930 3238 1986 ministrandis
3266 1930 3372 1985 fide
3403 1929 3554 2000 regia
3584 1929 3754 1984 subli-

2103 2028 2362 2088 maverat,
2406 2023 2462 2077 in
2501 2021 2764 2077 Roncalia
2795 2021 2866 2076 ob
2906 2021 3062 2090 regni
3100 2019 3529 2075 stabilimentum
3571 2018 3754 2073 multis

2103 2127 2225 2168 cum
2259 2111 2492 2167 ducibus
2523 2116 2577 2166 et
2615 2110 2892 2179 episcopis
2917 2115 3165 2178 tempore
3197 2108 3532 2179 competenti
3573 2106 3750 2162 collo-

2103 2203 2292 2272 quium
2323 2201 2587 2256 decenter
2616 2199 2922 2255 construxit
2957 2198 3103 2269 (‘79).

2174 2290 2264 2346 21.
2296 2292 2368 2345 Ea
2389 2289 2452 2320 ³⁸⁸
2491 2294 2816 2359 tempestate
2872 2289 3142 2344 Eusebius
3187 2287 3470 2357 Papiensis
3525 2285 3741 2355 episco-

2105 2395 2208 2450 pus
2255 2393 2473 2435 crucem
2524 2384 2799 2448 tamquam
2853 2377 3310 2447 metropolitanus
3361 2380 3489 2431 ante
3546 2372 3749 2444 portari

2103 2468 2330 2536 faciens,
2365 2469 2624 2538 copiosus
2654 2474 2709 2522 et
2738 2467 2806 2522 ab
2837 2467 2954 2537 ipsa
3000 2467 3233 2536 Copiosa
3282 2464 3570 2528 oriundus,
3605 2475 3750 2517 sum-

2106 2570 2194 2613 mo
2252 2555 2528 2626 superbia
2586 2553 2729 2610 fastu
2790 2554 2986 2620 elatus,
3047 2552 3469 2609 Mediolanensis
3523 2549 3746 2605 culmini

2106 2645 2434 2716 prasulatus
2480 2644 2757 2714 coaquari
2810 2643 3075 2710 anellans,
3135 2643 3412 2698 serotinus
3467 2639 3745 2709 colloquio

2105 2736 2275 2791 venit.
2327 2737 2393 2790 Ut
2432 2741 2612 2791 autem
2661 2734 2809 2789 hunc
2865 2733 3101 2790 domnus
3158 2733 3480 2788 Heribertus
3535 2730 3746 2785 eminus

2103 2825 2260 2891 vidit,
2294 2830 2473 2880 tactus
2519 2823 2711 2879 dolore
2754 2823 2940 2879 cordis
2983 2823 3337 2889 intrinsecus,
3378 2820 3472 2876 diu
3512 2820 3660 2875 inter
3690 2831 3744 2873 se

2107 2915 2274 2970 tacite
2321 2915 2624 2984 suspirans,
2657 2913 2875 2969 demum
2924 2911 3249 2968 mirantibus
3295 2910 3566 2968 universis
3604 2908 3744 2964 clara

2104 3018 2237 3060 voce
2295 3004 2351 3060 in
2409 3003 2590 3059 medio
2649 3002 2814 3058 inﬁt:
2859 3021 2887 3054 «
2928 3003 3146 3058 Summe
3195 3003 3337 3057 Deus
3385 3007 3612 3063 aterne,
3655 2997 3745 3067 qui

2105 3093 2288 3148 omnia
2332 3098 2425 3148 tua
2465 3092 2715 3163 disponis
2761 3092 3053 3161 sapientia,
3091 3091 3184 3160 qui
3237 3089 3458 3161 regibus
3496 3093 3553 3143 et
3602 3087 3746 3156 prin-

2105 3182 2322 3252 cipibus
2371 3181 2567 3252 legem,
2600 3187 2660 3237 ut
2690 3181 2774 3237 sui
2804 3189 2988 3237 essent
3013 3181 3154 3250 juris
3193 3178 3461 3246 contenti,
3494 3177 3743 3240 sanxisti,

2105 3284 2210 3326 nec
2256 3283 2367 3326 non
2415 3270 2849 3340 archiepiscopis
2896 3269 3335 3340 metropolitanis
3372 3282 3435 3322 ac
3474 3265 3749 3336 episcopis

2105 3358 2502 3425 subordinatis,
2546 3364 2606 3414 ut
2653 3359 2768 3413 suis
2817 3358 3031 3429 legibus
3077 3357 3456 3428 spiritualibus
3485 3369 3517 3410 a
3545 3355 3750 3410 sanctis

2107 3447 2355 3518 patribus
2402 3447 2569 3502 editis
2599 3453 2655 3503 et
2693 3447 2950 3517 parochis
2996 3446 3185 3502 sedule
3234 3444 3480 3502 contenti
3541 3455 3751 3514 perma-

2108 3543 2324 3604 nerent,
2375 3537 2611 3608 benigne
2654 3543 2714 3592 ut
2762 3537 3008 3592 medicus
3063 3534 3512 3592 accuratissimus
3567 3532 3751 3603 prasi-

2107 3627 2284 3698 gnasti
2312 3646 2324 3681 :
2357 3627 2609 3682 homines
2639 3627 2750 3693 isti,
2775 3626 2869 3696 qui
2899 3625 3068 3681 nimio
3100 3624 3408 3694 iniquitatis
3435 3622 3554 3677 zelo
3585 3621 3752 3676 decus

2108 3723 2163 3772 et
2192 3716 2459 3772 honorem
2483 3722 2687 3771 sancta
2709 3715 3084 3771 Ambrosiana
3107 3712 3549 3783 metropolitana
3579 3709 3753 3766 eccle-

2107 3806 2204 3860 sia
2237 3803 2527 3860 obfuscare
2559 3811 2848 3870 conantur,
2881 3804 3039 3861 obliti
3088 3803 3224 3874 legis
3265 3809 3507 3872 paterna
3542 3815 3606 3854 ac
3647 3813 3754 3854 ma-

2103 3895 2286 3964 jorum
2335 3896 2665 3961 reverentia,
2698 3893 2844 3950 unde
2893 3893 3245 3964 procedunt?
3293 3893 3450 3948 Enim
3497 3889 3592 3960 qui
3626 3901 3755 3944 con-

2109 3983 2232 4038 dam
2271 3990 2462 4039 sancto
2502 3989 2558 4039 et
2594 3984 3039 4040 reverentissimo
3078 3982 3378 4039 Benedicto
3415 3977 3753 4036 antecessori

2109 4077 2298 4128 nostro
2329 4072 2397 4128 de
2437 4073 2720 4142 Papiensis
2748 4073 3101 4143 episcolmtus
3131 4070 3549 4128 consecratione
3581 4068 3639 4122 in
3673 4081 3754 4136 sy-

2108 4161 2256 4217 nodo
2313 4163 2556 4217 Romana
2600 4160 2664 4192 ³⁹⁰
2729 4161 3092 4232 conquerenti
3158 4161 3359 4232 injuste
3425 4157 3752 4221 causaverit,

371 4243 580 4313 peravit
629 4249 689 4298 ut
735 4242 824 4298 die
876 4243 1024 4298 omni
1072 4257 1136 4298 ac
1190 4250 1374 4312 nocte,
1425 4245 1688 4315 quamdiu
1741 4243 1911 4302 fames
1967 4249 2023 4303 in
2108 4251 2348 4307 animum
2388 4250 2546 4306 ducis
2601 4251 2880 4322 ingerens,
2931 4264 3041 4306 non
3086 4251 3260 4320 patris
3314 4248 3570 4304 allectum
3627 4245 3754 4302 reti-

370 4333 540 4389 Italia
567 4333 819 4402 partibus
847 4339 1113 4400 maneret,
1148 4334 1295 4390 omni
1326 4333 1435 4390 alio
1465 4334 1654 4391 labore
1679 4327 2084 4406 intermisso,D
2107 4352 2264 4404 nens,
2305 4339 2424 4393 sine
2473 4337 2592 4409 lege
2627 4339 2863 4408 pastoris
2909 4338 3120 4393 inlicite
3170 4350 3270 4392 suo
3319 4336 3389 4391 ad
3427 4345 3754 4391 consecran—

370 4422 527 4492 operi
558 4421 842 4477 curialiter
877 4421 1218 4489 insisterent,
1260 4423 1519 4493 quatinus
1558 4424 1808 4480 mixtura
1849 4439 2021 4495 panes
2103 4428 2231 4484 dum
2289 4426 2570 4484 domicilio
2630 4427 2941 4496 usurpative
3008 4427 3254 4493 attraxit,
3315 4439 3418 4480 nec
3475 4423 3748 4479 civitatem

371 4517 427 4568 et
475 4510 682 4567 cereris
725 4517 853 4568 octo
893 4511 1041 4566 milia
1081 4525 1181 4580 per
1210 4511 1354 4568 diem
1386 4527 1824 4584 unamquamque
1862 4529 2019 4571 sumo
2102 4516 2298 4573 dilexit
2354 4517 2595 4585 Papiam,
2655 4529 2817 4571 unam
2875 4520 2930 4572 et
2983 4515 3321 4571 caritativam
3379 4511 3750 4569 obedientiam

369 4599 428 4656 in
480 4613 637 4656 mane
695 4601 810 4656 suis
865 4601 1258 4671 consignarent
1313 4602 1599 4659 ministris.
1658 4603 1797 4670 Quin
1857 4605 2019 4660 etiam
2103 4606 2312 4662 nostris
2375 4605 2820 4660 antecessoribus
2879 4604 3192 4671 habentem,
3253 4605 3411 4672 cujus
3462 4600 3748 4657 ecclesiam

371 4702 538 4747 cocos
585 4691 972 4760 reprascntari
1003 4690 1068 4745 ad
1102 4705 1160 4745 se
1202 4690 1537 4748 domesticos
1583 4691 1791 4748 faciens
1838 4694 2018 4764 impe-
2105 4694 2174 4750 de
2224 4693 2333 4749 filia
2379 4693 2485 4749 sibi
2532 4693 2787 4750 ancillam
2825 4693 3103 4765 colligavit
3126 4693 3209 4761 ³⁹¹,
3259 4707 3362 4749 nec
3410 4690 3590 4747 sancti
3633 4691 3748 4744 Am-

1740 4783 1966 4838 VARLE
2023 4784 2305 4838 LECTION
2313 4785 2388 4838 ES

1028 4848 1095 4881 ⁸⁸³
1141 4848 1292 4906 Alter
1336 4851 1453 4906 cod.
1509 4851 1564 4914 (ἱ.
1613 4868 1661 4908 e.
1701 4855 1788 4918 A.)
1839 4854 2148 4910 Conradum
2201 4853 2286 4908 Bl.

373 4923 471 4992 qui
518 4921 693 4977 altero
734 4921 956 4977 nomine
984 4921 1150 4992 rCyno
1196 4936 1245 4977 c.
1297 4922 1382 4977 ΒΖ.

371 4991 460 5049 Ᾱ’.
513 4993 801 5065 Degestis
845 4991 1055 5065 domini
1107 4993 1385 5065 Heriberti
1432 4994 1838 5065 archiepiscopi
1888 4991 2315 5052 Mediolanensis
2344 4998 2558 5052 MXVII.
2603 4996 2719 5052 rell.

375 5065 430 5134 (ἱ.
463 5079 510 5120 ε.
535 5062 919 5132 Α.)“Οοηοηίε.
952 5062 1032 5118 Βι.

447 4850 510 4883 ³⁸³
558 4850 784 4921 ignarus
831 4849 915 4905 Bt.
1028 4849 1095 4881 ⁸⁸³
1141 4849 1292 4906 Alter
1336 4851 1453 4906 cod.
1509 4851 1564 4914 li.
1613 4868 1661 4908 e.
1701 4855 1788 4918 A.)
1839 4854 2148 4910 Conradum
2201 4853 2286 4908 Bl.
2397 4854 2461 4885 ³⁸⁵
2509 4870 2559 4910 c.
2612 4868 2661 4910 e.
2713 4853 2896 4909 desunt
2943 4855 3001 4910 B.
3052 4854 3202 4909 Alter
3247 4853 3366 4909 cod.
3469 4851 3747 4908 Conradus

1495 4922 1583 5006 ’“_
1610 4923 1854 5006 Titulus}
1889 4926 2045 4995 Expl.
2088 4925 2157 4981 de
2186 4924 2414 4981 Arnulfo
2444 4926 2596 4981 arch.
2639 4926 2838 4996 incipit
2868 4925 2936 4981 de
2976 4926 3267 4982 Heriberto
3307 4923 3745 5028 archiepiscopo,

1497 4994 1835 5028 nhnonmnnnn
1888 4995 2312 5028 ιῐιυιίηιηηοηοίο
2347 4998 2534 5028 “VIN!
2603 4996 2702 5028 an,”
2836 4995 2899 5028 887
2938 5001 3145 5028 tantum
3187 4995 3243 5028 ιη
3371 4995 3436 5026 ³88
3467 5011 3497 5028 η
3525 5000 3603 5028 In
3632 4993 3723 5028 ρηΑ

513 4994 588 5049 De
630 4993 801 5064 gestis
845 4993 1055 5048 domini
1107 4993 1385 5049 Heriberti
1432 4994 1838 5065 archiepiscopi
1888 4993 2315 5052 Mediolanensis
2344 4998 2558 5052 MXVII.
2603 4996 2719 5052 rell.
2759 4993 2773 4996 ⁷
2836 4995 2899 5028 ³⁸⁷
2938 5001 3147 5052 tantum
3176 4995 3261 5052 Bl.
3371 4995 3436 5026 ³⁸⁸
3465 4993 3603 5051 alter
3631 4993 3742 5049 cod.

489 5062 1033 5152 EAQACononisLESI.
1051 5135 1134 5152 Lm
1244 5064 1589 5152 .De
1609 5067 1883 5152 episcopo
1915 5067 2174 5152 Papiensi
2203 5074 2258 5123 et
2283 5068 2704 5152 archiepiscopo
2731 5068 3050 5152 I;Ieril)_e_rto.
3076 5069 3169 5125 A*.
3191 5066 3745 5152 Qualiternepiscopus

371 5135 656 5210 Papiensis
685 5135 1212 5207 reprehensionibus
1242 5135 1518 5193 Heriberti
1558 5151 1777 5194 crucem
1809 5135 1970 5208 quam
1993 5135 2329 5210 'premiserat
2359 5135 2780 5196 refutavitCretL
2895 5139 2958 5172 ³⁹⁰
2986 5135 3224 5196 romano
3244 5141 3301 5195 B.
3413 5135 3505 5171 ‘9"
3525 5153 3572 5196 s.
3623 5136 3743 5194 fecit

371 5220 423 5262 a.
457 5221 507 5262 c.
540 5208 600 5262 Β.

1959 5283 2176 5338 NOTAE.

445 5355 556 5432 (ξιξ)
596 5357 713 5432 [ioc
751 5355 945 5432 falsum
983 5371 1103 5432 esse
1143 5357 1542 5415 demonstravit
1571 5359 1773 5432 Giulini
1803 5361 1895 5432 III,
1927 5359 2017 5417 23.
2103 5375 2308 5432 scopus
2327 5368 2445 5418 erat
2465 5361 2791 5429 Rainaldus;
2823 5362 3043 5418 Eusebii
3073 5361 3223 5418 nulla
3253 5366 3521 5432 praterea
3542 5358 3739 5417 mentio

407 5497 420 5510 ο
445 5426 556 5498 (79)
596 5429 662 5510 Et
690 5427 798 5484 hoc
824 5428 1166 5510 colloquium
1181 5437 1251 5510 et
1278 5443 1532 5510 sequens
1555 5431 1799 5510 narratio
1829 5431 2022 5510 ﬁctilia
2105 5426 2300 5489 exstat.

369 5499 485 5554 visa
523 5505 652 5554 sunt
695 5499 882 5555 comiti
929 5499 1133 5556 Giulini
1180 5501 1273 5568 III,
1325 5499 1446 5556 160.
1495 5503 1678 5573 Papia
1725 5507 1856 5560 tunc
1906 5504 2022 5573 epi-
