4022 6160
179 285 272 340 873

1208 289 1519 345 HISTORIA
1557 289 2106 346 MEDIOLANENSIS.
2147 319 2219 328 —
2257 289 2381 343 LIB.
2423 289 2487 342 Il.

3422 292 3528 346 874

181 408 336 466 brosii
384 408 594 476 sedem,
653 414 734 464 ut'
767 412 943 466 sancti
1003 411 1444 482 pradecessores
1493 413 1874 483 apostolici,A
1896 419 2176 484 postremo
2205 425 2334 468 vero
2365 411 2434 467 ab
2463 410 2571 467 alio
2599 411 2730 480 vita,
2761 426 2886 481 qua
2922 421 3007 468 est
3045 412 3342 484 pretiosior
3371 432 3532 487 auro,

181 499 347 569 patrio
387 498 580 554 dilexit
618 497 834 556 affectu.
886 500 1042 557 Unde
1073 501 1296 558 dolores
1326 503 1505 573 magni
1535 510 1591 557 et
1620 503 1807 572 dupli-

181 587 278 644 cati
309 588 466 643 co‘rdi
510 587 784 645 inharent
834 603 978 658 meo,
1011 598 1254 647 sanctam
1285 591 1632 648 devotionem
1663 593 1809 647 beati

178 677 406 732 Iuventii
457 685 512 733 et
549 680 786 749 Crispini
834 693 937 735 nec
966 694 1076 737 non
1116 688 1172 736 et
1210 681 1636 737 reverentissimi
1676 680 1810 750 Epi-

181 765 301 821 fanii
358 768 549 822 sedule
589 782 950 838 cognoscens,
1012 785 1172 840 quam
1222 772 1276 825 in
1332 777 1519 826 nostra
1575 771 1809 826 ecclesia

180 857 365 911 devote
404 864 464 911 ut
511 864 735 912 matrem
792 864 1164 915 sustentantes
1219 861 1625 929 impenderunt.
1684 862 1805 927 Qui,

177 959 290 1000 cum
351 951 536 1001 nostra
589 946 841 1014 ecclesia,
901 949 1292 1018 imperatorum
1343 956 1397 1004 et
1451 956 1808 1019 tyrannorum

178 1035 378 1090 savitia
427 1035 556 1090 olim
613 1041 832 1106 pastore
877 1037 1117 1104 viduata,
1168 1039 1263 1094 Dei
1302 1039 1579 1108 adjutorio
1628 1053 1807 1108 quan-

177 1126 354 1196 doque
403 1131 706 1182 sustentata
745 1127 1040 1198 ﬂoruisset,
1083 1129 1254 1196 ipsam
1305 1129 1561 1199 benignis
1597 1143 1809 1184 ammo-

177 1215 476 1270 nitionibus
541 1221 596 1270 et
679 1217 1188 1272 consecrationibus
1243 1216 1579 1283 refoverunt,
1648 1217 1812 1286 hujus

175 1309 375 1360 sancta
406 1304 654 1360 ecclesia
684 1306 1114 1375 primiceriatum
1144 1313 1199 1362 et
1228 1307 1469 1362 omnium
1499 1313 1811 1363 nostrorum

177 1394 558 1463 episcoporum
618 1395 981 1464 providentia
1041 1397 1458 1466 prarogativam
1519 1396 1807 1462 habentes,

175 1484 480 1551 prasertim
497 1485 689 1552 quanti
719 1485 922 1540 amoris
942 1491 1272 1554 quantaque
1294 1486 1594 1557 diligentia
1621 1491 1812 1540 sancto

175 1571 481 1627 confessori
520 1578 712 1628 nostro
762 1573 864 1629 fuit
910 1575 1217 1640 Ambrosio,
1253 1575 1368 1644 qui,
1409 1576 1655 1644 quamvis
1684 1587 1813 1629 cor-

173 1660 326 1729 poris
364 1660 615 1716 molestia
660 1668 998 1732 gravaretur,
1049 1663 1184 1717 inibi
1223 1664 1565 1720 sacerdotem
1605 1664 1660 1717 in
1700 1662 1816 1731 epi-

1894 516 2023 558 ense
2046 503 2200 573 regio
2221 500 2400 571 capite
2423 501 2666 556 abscisso
2687 500 3055 558 auferebatur.
3081 504 3293 558 Interea
3315 506 3534 574 quidam

1892 595 2340 647 transmontanus
2387 593 2512 644 ante
2544 590 2890 660 imperatoris
2921 592 3292 661 praesentiam,
3325 608 3534 649 summa

1893 680 2243 736 multitudine
2293 680 2704 747 circumstante,
2745 680 2814 735 de
2854 687 3008 736 curte
3041 683 3206 737 Lenci
3237 697 3404 751 super
3433 685 3538 738 He-

1893 772 2156 826 ribertum
2197 769 2673 840 archiepiscopum
2696 777 3035 840 conquestus
3064 778 3166 826 est.
3202 773 3318 827 Hoc
3348 771 3537 827 audito

1893 861 2216 915 Heribertus
2254 861 2356 914 hac
2387 859 2766 928 indignatione
2809 860 3058 916 turbatus
3097 876 3276 930 neque
3309 874 3541 931 respon-

1893 949 2025 1004 dere
2065 962 2245 1018 neque
2284 947 2582 1003 defendere
2635 963 2755 1004 sese
2796 949 3024 1018 paravit.
3058 951 3296 1005 Tandem
3329 966 3357 1006 e
3397 950 3537 1006 solio

1893 1050 2251 1108 consurgens,
2295 1037 2678 1106 hujuscemodi
2716 1038 2920 1104 verbis,
2955 1045 3015 1093 ut
3054 1053 3148 1094 rex
3179 1041 3414 1109 spatium
3443 1055 3541 1109 per

1893 1126 2169 1181 induciam
2202 1126 2377 1193 daret,
2433 1126 2706 1195 quasivit.
2764 1128 2918 1183 Unde
2970 1128 3155 1184 multis
3186 1130 3541 1185 conlatranti—

1895 1216 1998 1271 bus
2035 1222 2089 1271 et
2121 1229 2304 1286 regem
2334 1215 2390 1270 in
2421 1215 2556 1270 iram
2589 1217 3037 1285 provocantibus,
3078 1233 3246 1287 super
3275 1219 3539 1274 Heriber-

1895 1310 2007 1361 tum
2047 1305 2216 1360 nimio
2253 1303 2382 1360 odio
2413 1304 2573 1359 zelati
2603 1311 2750 1360 sunt.
2776 1307 2966 1375 Itaque
2989 1307 3082 1361 ubi
3105 1306 3210 1362 hoc
3242 1309 3541 1376 imperator

1896 1396 2170 1465 cognovit,
2224 1395 2304 1449 ira
2353 1399 2408 1450 et
2459 1395 2724 1451 malorum
2764 1396 2946 1451 verbis
2976 1403 3301 1463 commotus,
3337 1399 3542 1454 oblitus

1897 1484 2046 1554 quod
2080 1497 2202 1538 cum
2236 1483 2527 1538 Heriberto
2572 1483 2750 1540 fadus
2792 1485 3110 1550 lmdaverat,
3144 1485 3299 1541 ferali
3338 1487 3418 1542 ira
3449 1502 3542 1542 re-

1899 1573 2100 1644 pletus,
2157 1572 2577 1642 archiepiscopo
2639 1579 2699 1628 ut
2755 1573 3074 1629 lamentanti
3114 1574 3289 1646 legem
3340 1575 3547 1632 faceret

1899 1662 2206 1732 imperavit.
2252 1664 2368 1729 Quo
2399 1668 2710 1727 recusante,
2762 1677 2858 1718 rex
2897 1665 3015 1733 ipse
3065 1679 3094 1718 e
3137 1665 3280 1720 solio
3320 1679 3546 1722 consur-

173 1763 346 1819 scopo
376 1763 538 1805 manu
571 1751 793 1821 propria
824 1751 1081 1807 ordinare
1113 1754 1342 1808 curavit.
1385 1771 1414 1804 »
1454 1755 1571 1820 Quo
1603 1740 2036 1824 audito,Bgens
2066 1752 2240 1823 regio,
2276 1758 2335 1806 ut
2365 1753 2688 1808 lIeribertus
2738 1759 3092 1822 capereretur
3144 1755 3430 1824 pracepit.
3479 1759 3548 1809 At

172 1839 372 1894 animis
445 1841 687 1895 omnium
753 1841 1223 1896 circumstantium
1289 1842 1461 1912 magis
1525 1857 1589 1897 ac
1646 1845 1817 1912 magis

173 1927 683 1996 exardescentibus,
731 1930 825 1998 qui
866 1929 1034 1984 multa
1070 1944 1214 1985 sava
1262 1944 1325 1985 ac
1376 1945 1572 2000 aspera
1627 1932 1818 2001 pralia

173 2017 244 2071 ob
275 2017 425 2072 beati
469 2019 745 2075 Ambrosii
775 2033 1038 2086 amorem,
1090 2020 1242 2076 cade
1289 2020 1414 2076 data
1460 2021 1724 2076 immensa
1754 2036 1817 2078 ac

173 2119 202 2159 a
231 2107 347 2161 Deo
397 2107 522 2162 data
569 2109 799 2164 victoria
835 2110 1230 2177 sustinuerant,
1273 2124 1406 2165 crux
1443 2124 1604 2180 quam
1635 2112 1817 2166 Euxe-

172 2193 300 2250 bius
338 2196 444 2251 sibi
493 2197 755 2253 anteferri
808 2197 950 2254 fastu
998 2199 1272 2269 superbia
1319 2200 1708 2268 pramittebat,
1749 2200 1818 2254 ab

169 2282 296 2350 ipso
347 2299 555 2340 summa
609 2286 918 2342 humilitate
975 2302 1038 2342 ac
1076 2288 1369 2343 devotione
1409 2289 1595 2343 debita
1634 2302 1818 2343 coram

169 2375 326 2428 omni
376 2374 730 2429 multitudine
780 2374 1014 2430 refutata
1053 2384 1173 2443 est;
1225 2391 1349 2445 qua
1399 2391 1573 2446 usque
1631 2377 1816 2443 hodie,

165 2461 475 2530 plurimum
524 2462 767 2532 crystalli
827 2463 1056 2530 habens,
1090 2464 1146 2519 in
1185 2471 1390 2519 sancta
1429 2465 1610 2520 Maria
1640 2480 1822 2520 secre-

163 2551 320 2604 tario
353 2549 408 2604 in
456 2551 772 2607 testimonio
814 2557 1162 2621 posterorum
1194 2553 1457 2608 decenter
1490 2554 1817 2609 custoditur.

233 2637 337 2690 22.
397 2639 503 2694 Per
548 2639 611 2670 ’9’
663 2641 806 2696 idem
854 2646 1070 2712 tempus
1122 2641 1315 2714 (1037)
1360 2657 1482 2698 cum
1539 2643 1824 2699 Conradus

164 2727 480 2796 imperator
534 2729 736 2798 Papia,
798 2730 1189 2787 circumstante
1246 2733 1512 2800 exercitu,
1568 2733 1822 2802 imperia-

166 2815 320 2870 libus
354 2814 689 2886 prafulgens
745 2818 1105 2888 dignitatibus
1143 2821 1508 2888 consedisset,
1555 2822 1824 2877 universis

167 2905 264 2973 qui
307 2905 668 2961 ecclesiarum
709 2907 975 2963 beneficia
1014 2910 1343 2976 invaserant,
1378 2916 1472 2965 aut
1511 2910 1607 2980 qui
1648 2911 1824 2966 homi-

1902 1843 2125 1908 milites,
2159 1848 2378 1910 quanta
2419 1842 2703 1913 dignitatis
2751 1851 3082 1912 quantaque
3123 1843 3547 1914 magniﬁcentia

1901 1932 2226 1987 lIeribertus
2283 1939 2428 1986 esset
2486 1937 2905 2002 cognoscentes,
2957 1933 3214 1987 timentes
3252 1946 3444 1988 manus
3484 1933 3549 1987 in

1903 2020 2054 2075 illum
2089 2021 2328 2086 mittere,
2361 2020 2581 2089 paulum
2630 2022 2978 2076 sustiterunt.
3025 2023 3248 2077 Demum
3290 2021 3552 2077 Heriber-

1901 2115 1990 2163 tus
2033 2122 2217 2177 regem
2262 2108 2331 2162 ad
2381 2107 2667 2177 pristinam
2718 2109 3036 2174 amicitiam,
3090 2110 3328 2178 qualiter
3366 2110 3422 2165 in
3463 2124 3552 2165 re-

1901 2209 2011 2267 gno
2043 2197 2160 2264 ipse
2192 2210 2314 2250 eum
2361 2195 2710 2265 adjuvaverat
2756 2204 2812 2251 et
2841 2203 3066 2253 strenue
3099 2197 3305 2252 fecerat
3342 2197 3551 2254 viribus

1903 2284 2178 2350 omnibus,
2239 2283 2365 2338 altis
2438 2297 2703 2339 revocans
2749 2285 2934 2340 verbis
3002 2284 3204 2340 frustra
3260 2285 3549 2342 laboravit.

1905 2374 2198 2429 Venientes
2244 2379 2425 2428 autem
2475 2385 2640 2428 canes
2691 2373 2918 2442 palatini
2949 2379 3004 2428 et
3040 2374 3325 2429 savissimi
3355 2375 3556 2430 Teuto—

1904 2462 2036 2527 nici,
2069 2464 2163 2532 qui
2202 2463 2457 2518 nesciunt
2504 2461 2637 2531 quid
2687 2462 2758 2517 sit
2806 2463 2950 2517 inter
3004 2462 3283 2518 dexteram
3324 2471 3380 2518 et
3421 2464 3556 2518 sini-

1905 2558 2070 2606 stram
2109 2549 2254 2621 (80),
2295 2557 2350 2606 et
2383 2553 2630 2620 jumenta
2679 2550 2867 2618 multa,
2903 2551 3254 2607 Ileribertum
3294 2552 3556 2608 detinue-

1905 2647 2054 2695 runt.
2097 2642 2212 2695 Hoc
2278 2639 2422 2695 facto
2489 2641 2668 2695 omnis
2728 2640 2874 2710 regis
2939 2648 2994 2696 ct
3050 2641 3188 2712 legis
3253 2642 3412 2714 vigor
3466 2641 3552 2710 ³⁸³,

1901 2730 2184 2800 judicibus
2239 2734 2293 2784 et
2351 2730 2586 2784 ducibus
2642 2731 3008 2800 omnibusque
3063 2732 3342 2801 episcopis
3388 2737 3553 2802 atque

1905 2817 2319 2874 marchionibus
2367 2832 2466 2886 per
2508 2817 2724 2872 diversa
2775 2818 3008 2887 quadam
3059 2819 3140 2872 ira
3172 2821 3462 2876 commotis
3491 2835 3555 2875 ac

1909 2906 2386 2977 perstrepentibus
2411 2906 2495 2972 ”°,
2525 2907 2828 2963 dissolutus
2858 2913 2961 2962 est.
2994 2910 3112 2975 Quo
3134 2908 3382 2975 detento,
3416 2907 3556 2965 fama

169 2993 319 3049 cidia
371 2996 576 3064 injuste
629 2997 1037 3066 commiserant,
1079 3004 1173 3053 aut
1203 2999 1576 3069 orphanorum
1605 3006 1699 3054 aut
1738 3000 1824 3055 vi-
1852 3059 1888 3069 _
1908 2996 1976 3051 ad
2017 2996 2273 3051 concives
2301 3010 2366 3051 ac
2395 2996 2540 3052 ﬁlios
2565 3011 2697 3052 suos
2717 2986 2941 3066 Deoque
2965 2996 3254 3066 adoptivos
3291 2998 3555 3055 citissime

168 3082 407 3138 duarum
440 3084 646 3153 pradia
687 3086 1020 3142 devastando
1059 3059 1452 3155 contriverant,
1488 3095 1542 3143 et
1571 3089 1826 3144 omnibus
1847 3059 2176 3155 cpervenit.
2240 3086 2539 3153 Propterea
2577 3085 2742 3155 hujus
2798 3085 2951 3140 urbis
2990 3086 3206 3141 nobiles
3253 3088 3372 3143 sine
3404 3102 3557 3144 mora

166 3173 261 3242 qui
304 3173 516 3243 injuste
545 3189 575 3228 a
607 3175 830 3243 perfidis
860 3176 1176 3233 hominibus
1210 3191 1309 3246 per
1338 3177 1576 3246 aliquam
1607 3192 1824 3232 causam
1908 3188 2007 3244 per
2036 3187 2226 3229 omnes
2254 3173 2425 3229 Italia
2457 3179 2642 3243 partes
2680 3181 2986 3243 currentes,
3009 3175 3212 3231 multos
3239 3175 3554 3248 episc0pos,

166 3262 589 3330 cruciabantur,
643 3271 704 3319 ut
761 3266 844 3320 sui
875 3265 1090 3336 imperii
1131 3266 1286 3336 vigor
1314 3267 1588 3336 exigebat,
1621 3281 1827 3322 secun-
1908 3263 2098 3330 duces,
2132 3264 2380 3318 civitates
2418 3263 2792 3332 sollicitando,
2821 3264 3113 3321 consilium
3140 3265 3389 3320 mirabile
3418 3267 3559 3322 inic-

165 3351 297 3407 dum
349 3351 533 3422 legem
588 3351 768 3409 facere
821 3354 1112 3410 humanam
1160 3360 1215 3411 et
1257 3357 1509 3424 judicare
1557 3355 1822 3412 decrevit.
1907 3358 2055 3407 runt.
2103 3353 2320 3407 Interea
2368 3366 2561 3408 omnes
2606 3352 3095 3407 Mediolanensium
3127 3353 3402 3419 concives,
3446 3368 3559 3408 ma-

165 3441 360 3512 ltaque
395 3441 750 3511 conspiciens
779 3443 985 3498 multos
1015 3444 1074 3498 in
1105 3443 1276 3499 Italia
1308 3445 1558 3512 partibus
1597 3443 1828 3500 circum-
1902 3444 2057 3512 jores
2133 3446 2292 3496 atate
2361 3455 2424 3496 ac
2489 3442 2754 3506 minores,
2832 3441 3174 3506 sacerdotes,
3237 3441 3427 3497 clerici
3493 3457 3557 3498 ac

162 3545 398 3600 spersos
456 3531 575 3587 sine
640 3531 782 3602 lege,
823 3534 942 3588 sine
995 3532 1223 3597 foedere,
1287 3535 1436 3588 omni
1483 3533 1710 3588 dimisso
1750 3533 1826 3586 ti-

164 3634 321 3676 more
395 3620 773 3677 inhumaniter
828 3622 1062 3677 invicem
1138 3621 1441 3687 oifendere,
1510 3628 1570 3676 ut
1635 3633 1826 3676 omnes

163 3723 193 3764 a
232 3710 386 3767 malo
442 3711 498 3765 in
564 3712 769 3767 bonum
846 3717 1150 3778 revocaret,
1230 3711 1491 3781 quatinus
1557 3710 1650 3780 qui
1707 3711 1827 3765 sine

163 3799 285 3870 lege
319 3801 516 3856 omnia
567 3801 834 3856 habentes
881 3801 1192 3870 promiscua
1242 3800 1450 3855 inlicite
1504 3813 1624 3855 sese
1664 3813 1828 3855 exer-

163 3896 429 3958 cuerant,
488 3903 587 3959 per
651 3889 825 3960 legem
882 3889 1131 3946 districte
1191 3889 1593 3959 judicarentur,
1644 3889 1828 3943 edicto

164 3991 264 4046 per
334 3979 592 4034 diversas
649 3979 818 4035 Italia
876 3979 1190 4049 provincias
1252 3977 1470 4034 volante
1531 3977 1695 4047 hujus
1748 3977 1827 4031 rei

165 4080 333 4122 causa
411 4067 557 4123 diem
624 4067 833 4123 statuit.
911 4069 1028 4135 Quo
1103 4067 1293 4124 audito
1361 4066 1596 4136 orphani
1674 4065 1829 4120 multi

161 4155 470 4227 viduaque
546 4157 752 4223 multa,
840 4156 1230 4227 quamplurimi
1310 4156 1482 4212 duces
1560 4153 1828 4224 multique

164 4244 452 4315 episcOpi,
487 4245 635 4301 velut
690 4259 832 4315 aqua
887 4245 944 4299 in
1001 4246 1237 4311 sentina,
1285 4245 1450 4313 Papia
1492 4249 1618 4298 ante
1648 4244 1828 4313 impe-

165 4333 375 4387 ratoris
407 4338 694 4401 aspectum
726 4333 1103 4402 unusquisque
1122 4332 1190 4388 de
1223 4332 1446 4402 propria
1476 4344 1825 4401 conquerens

1909 3536 2174 3586 matrona
2227 3529 2445 3584 nobiles
2483 3534 2539 3584 et
2585 3528 3056 3602 sanctimoniales,
3109 3530 3367 3584 omnibus
3396 3543 3559 3586 orna-

1909 3620 2110 3674 mentis
2161 3618 2411 3687 adjectis,
2476 3617 2664 3672 cinere
2705 3621 2760 3671 et
2817 3616 3002 3672 cilicio
3062 3617 3260 3683 induti,
3322 3633 3559 3688 corpora

1910 3713 2226 3765 sanctorum
2251 3706 2479 3776 jejuniis
2517 3711 2573 3761 et
2602 3706 2968 3773 orationibus,
3021 3705 3227 3761 litaniis
3256 3713 3311 3761 et
3349 3707 3560 3763 crebris

1910 3796 2112 3867 vigiliis
2149 3798 2318 3852 Deum
2359 3795 2724 3866 supplicando
2755 3795 3068 3850 visitabant.
3111 3797 3178 3850 Et
3209 3810 3330 3850 cum
3363 3796 3561 3868 longa-

1906 3885 2202 3956 jejunia’97
2233 3883 2346 3940 fere
2402 3899 2576 3954 usque
2626 3885 2693 3939 ad
2736 3891 2953 3940 noctem
3005 3884 3295 3953 ducerent,
3342 3893 3560 3942 coctum

1911 3975 2061 4047 quod
2102 3975 2394 4032 comedere
2444 3975 2741 4043 debebant,
2802 3975 3138 4045 pauperibus
3183 3990 3393 4032 summa
3437 3991 3560 4033 cum

1912 4066 2220 4121 reverentia
2282 4064 2619 4132 tribuebant,
2688 4064 2859 4134 quod,
2925 4065 3075 4120 velut
3139 4064 3266 4121 filiis
3329 4065 3563 4122 mortuis

1912 4155 2173 4225 omnique
2224 4155 2531 4210 substantia
2588 4154 2950 4211 habitantium
2990 4155 3200 4211 viribus
3246 4156 3560 4226 iniquorum

1912 4244 2127 4312 abrasa,
2160 4245 2305 4299 tristi
2348 4245 2502 4300 vultu
2551 4249 2605 4299 et
2653 4245 2908 4299 marenti
2949 4245 3132 4300 animo
3163 4245 3558 4300 consistebant.

1910 4336 1978 4388 At
2006 4333 2324 4388 sacerdotes
2353 4339 2408 4388 et
2440 4332 2697 4389 monachi
2719 4331 2928 4386 intimis
2954 4333 3210 4400 suspiriis
3239 4333 3562 4402 magnisque

166 4417 375 4487 injuria
410 4392 750 4476 confluxere.
785 4423 844 4476 In
866 4392 976 4491 quo
1007 4392 1153 4488 loco,
1178 4392 1344 4491 prout
1363 4425 1480 4476 erat
1501 4392 1889 4475 offensionisD
1908 4421 2166 4477 lamentis
2195 4421 2444 4492 singulos
2467 4436 2566 4491 per
2594 4421 2714 4476 dies
2738 4419 2969 4475 letanias
2990 4392 3238 4475 studiose
3269 4392 3562 4475 celebran-

163 4521 358 4577 causa,
445 4511 539 4566 alii
599 4511 996 4566 restituebatur
1079 4524 1178 4581 pro
1254 4509 1383 4565 facti
1441 4509 1826 4564 emendatione

1911 4517 1997 4566 tes
2028 4510 2192 4565 nudis
2250 4510 2506 4580 pedibus,
2557 4511 2743 4568 multis
2774 4514 2832 4564 et
2868 4510 3078 4579 magnis
3129 4509 3405 4578 mysteriis
3434 4523 3561 4578 sup-

165 4599 370 4667 optimi
423 4600 546 4656 auri
593 4600 736 4655 libra
778 4605 873 4655 aut
915 4601 1127 4670 argenti
1168 4599 1408 4666 marcha,
1458 4602 1514 4654 et
1542 4597 1657 4664 alii,
1689 4599 1834 4653 sicut
1915 4599 2186 4669 plicantes
2235 4600 2523 4655 Dominum
2575 4607 2631 4656 et
2659 4600 2878 4655 beatum
2907 4598 3253 4654 Ambrosium
3288 4604 3344 4653 et
3372 4611 3564 4654 omnes

167 4689 248 4743 rei
283 4703 460 4745 causa
510 4689 768 4756 habebat,
820 4689 1171 4744 indicabatur
1217 4688 1280 4720 ³³³
1326 4687 1628 4744 secundum
1658 4686 1832 4758 legem
1916 4693 2138 4745 sanctos
2202 4695 2515 4756 exorantes,
2585 4690 2928 4744 incessanter
3001 4687 3387 4758 fatigabantur.
3455 4685 3603 4762 Sed,

167 4775 272 4842 ³’δς
309 4780 453 4848 quin
488 4780 649 4834 etiam
691 4779 813 4833 aliis
863 4779 1163 4834 secundum
1214 4778 1352 4850 legis
1409 4783 1687 4849 pracepta
1717 4792 1836 4832 ma-
1917 4779 2082 4844 Deus,
2105 4777 2199 4847 qui
2239 4785 2435 4834 cuncta
2470 4784 2749 4833 scrutatur
2788 4776 3024 4844 occulta,
3050 4781 3248 4832 cuncta
3269 4781 3562 4845 antequam

169 4879 275 4922 nus
322 4869 752 4935 truncabantur,
809 4868 933 4923 aliis
979 4869 1126 4924 oculi
1174 4868 1422 4925 funditus
1479 4868 1834 4933 eruebantur,
1918 4867 2050 4922 ﬁant
2072 4872 2261 4936 aperta
2292 4868 2600 4938 cognoscit,
2626 4867 2818 4923 videns
2849 4879 3040 4922 omnes
3069 4865 3344 4922 Heriberti
3376 4865 3564 4921 fideles

1543 5021 1768 5076 VARI/13
1819 5020 2202 5076 LECTIONES.

241 5147 310 5179 ³⁹²
358 5147 602 5204 Titulus:
643 5151 718 5206 De
750 5150 1003 5206 Conrado
1042 5149 1373 5218 imperatore
1422 5145 1740 5218 durissimo,
1772 5145 1920 5218 et__tl.
1975 5144 2265 5218 IIeriberto
2314 5143 2757 5218 archiepiscopo.
2807 5144 2897 5198 A*.
2948 5142 3191 5218 Qualiter
3234 5144 3567 5218 lIeribertus

166 5219 646 5292 archiepiscopus
675 5223 743 5277 ab
774 5223 1104 5292 imperatore
1120 5214 1299 5290 'Papie
1331 5219 1566 5292 capitur:
1605 5215 1723 5292 rell.
1774 5290 1791 5292 _
1817 5214 1882 5247 ⁸³³
1904 5217 2297 5286 judicabantur
2325 5218 2384 5271 Β.
2481 5214 2547 5246 ³⁹³
2593 5215 2631 5270 l.
2673 5229 2730 5284 q.
2763 5229 2814 5269 e.
2847 5229 2896 5270 a.
2929 5229 2974 5270 s.
3008 5215 3194 5270 desunt
3221 5215 3306 5270 BI.
3400 5216 3464 5247 ³⁹⁸
3491 5220 3567 5271 ita

167 5292 240 5344 Α*
265 5289 476 5362 jugum
505 5289 563 5350 BL
590 5295 755 5365 jugus
782 5289 868 5350 Βιζ
944 5293 1009 5324 ³⁸⁸
1037 5292 1240 5350 comoti
1280 5306 1334 5360 p.
1366 5292 1425 5345 B.
1502 5289 1566 5321 ³⁹⁷
1595 5289 1736 5344 deest
1763 5290 1826 5343 Β.

1756 5440 1953 5496 NOT/E

251 5569 388 5642 (80)
427 5571 797 5629 Proverbialis
824 5571 1054 5639 locutio,
1086 5582 1194 5640 qua
1223 5568 1386 5625 etiam
1414 5569 1507 5632 Ill,
1554 5565 1617 5620 12
1647 5566 1836 5629 utitur,
1869 5569 1925 5620 et
1951 5562 2210 5620 Arnulfus
2241 5565 2331 5631 ill,
2381 5564 2462 5616 l7.

406 5670 644 5728 PATROL.
685 5672 927 5728 CXLVII.
3254 5663 3324 5717 28
