4022 6160
474 199 659 294 375'

1557 223 1883 278 LANDULFI
1924 221 2454 282 MEDIOLANENSIS
2491 228 2753 283 CLEBICI

3740 225 3843 277 8Ἲῦ

476 363 753 430 concives,
793 357 1031 432 populos
1067 354 1282 411 vicinos
1328 357 1492 420 atque
1522 348 1853 417 longinquos
1881 346 1949 400 ad
1981 345 2119 401 libe-

2215 356 2316 405 tum
2350 351 2600 408 clanculo
2639 354 2693 407 in
2734 352 2879 407 lecto
2927 352 3301 421 quiescentem
3341 353 3598 419 excitate,
3634 358 3695 407 et
3719 350 3841 406 velit

476 454 707 513 randum
740 457 797 506 et
833 438 1219 505 vindicandum
1251 443 1426 510 ipsum
1460 436 1802 493 Heribertum
1846 448 2017 504 usque
2049 435 2117 490 ad

478 550 711 601 mortem
761 534 1241 597 obstinatissimos,
1303 536 1358 584 et
1413 526 1481 582 ad
1527 524 1733 582 caedem
1800 523 2118 579 immensam

480 628 970 704 superConradum
982 638 1046 680 ac
1065 635 1195 678 suos
1215 616 1507 675 sattellites
1526 614 1722 670 animis
1734 614 1964 704 etarmis
1979 628 2121 704 prae-

482 702 725 795 paratos,
757 721 883 775 ante
913 721 1129 782 tempus
1157 709 1225 765 ad
1264 707 1468 763 bellum
1499 709 1782 795 statutum,
1814 703 1933 758 sine
1974 702 2120 758 bello

412 824 415 827 ‘
482 791 540 867 et
565 808 807 880 gentium
854 802 1143 869 utriusque
1182 796 1355 867 partis
1401 798 1581 862 strage
1612 791 1958 846 Heribertum
1992 803 2123 845 con-

482 898 609 956 silio
638 894 927 953 abbatissae
974 886 1160 944 Sancti
1216 884 1373 950 Sixti,
1416 895 1578 951 quam
1620 880 1738 949 ipse
1770 892 2125 935 consecrave-

483 993 588 1054 rat,
620 1000 652 1041 a
688 981 940 1040 manibus
988 976 1302 1046 iniquorum
1342 971 1613 1027 liberavit.
1665 970 1798 1024 Cum
1837 968 1980 1023 enim
2010 969 2123 1022 He-

483 1075 725 1131 ribertus
753 1086 783 1126 a
820 1065 1075 1126 Cunrado
1104 1065 1223 1119 viro
1257 1060 1445 1115 invido
1476 1066 1531 1115 et
1560 1058 1754 1113 odioso
1777 1055 1840 1087 ³⁹⁸
1869 1056 2127 1111 detentus

483 1162 698 1229 fuisset,
756 1171 869 1214 non
927 1161 1109 1211 tamen
1167 1149 1521 1214 constrictus,
1581 1151 1642 1201 ut
1698 1145 1792 1200 alii
1844 1144 2124 1214 dampnati

485 1252 688 1318 solent,
747 1246 845 1303 sed
892 1242 1176 1301 curialiter
1228 1253 1259 1294 a
1305 1235 1625 1293 Teutonicis
1687 1235 1930 1289 munitus
1974 1234 2127 1302 juxta

488 1343 690 1397 flumen
721 1336 869 1407 quod
917 1332 1112 1389 Trebia
1142 1333 1390 1394 vocatur,
1432 1339 1543 1381 non
1573 1324 1736 1394 longe
1765 1337 1797 1377 a
1826 1321 2126 1401 Placentia,

490 1431 584 1487 Dei
615 1424 1028 1497 dispensatione
1073 1426 1239 1489 atque
1287 1417 1490 1471 ducatu
1537 1414 1796 1479 venisset,
1831 1410 2129 1480 papilioni-

486 1520 591 1576 bus
620 1523 676 1573 et
703 1514 906 1571 ceteris
952 1507 1290 1567 ornamentis
1330 1502 1765 1560 consedentibus
1795 1514 1893 1570 per
1920 1499 2131 1568 aliquot

489 1609 611 1665 dies
638 1609 884 1661 moratus
913 1599 1140 1671 quievit.
1190 1598 1405 1651 Interea
1445 1592 1767 1648 Heribertus
1794 1588 2131 1645 Teutonico-

2202 440 2341 494 nolit
2370 440 2545 509 ipsum
2576 441 2831 510 accipite,
2864 447 2919 496 et
2944 454 3119 511 equos
3145 456 3177 496 a
3216 455 3300 497 me
3329 440 3541 497 deforis
3577 454 3611 496 a
3652 438 3844 496 castris

2204 535 2541 598 praeparatos
2588 531 2763 600 ipsum
2795 531 3064 601 stipantes
3115 530 3590 601 superascendite,
3635 535 3694 585 et
3728 528 3839 583 navi

2204 622 2507 686 prazparata
2546 617 2613 672 ad
2663 617 2886 673 Eridani
2942 624 3163 688 portum
3226 618 3644 675 accuratissime
3702 614 3842 672 omni

2204 705 2435 774 depulso
2466 706 2662 762 timore
2692 707 2873 776 ipsum
2900 706 3179 763 deducite.
3221 726 3248 759 ››

2275 793 2363 848 23.
2414 795 2530 849 Hoc
2576 793 2639 824 m
2686 795 2874 851 audito
2930 795 3208 851 Heriberti
3276 794 3638 859 domesticus,
3684 791 3845 847 tacito

2205 881 2307 937 sub
2346 888 2571 951 pectore
2610 883 2813 938 rimans
2860 888 2915 938 et
2944 883 3108 953 hujus
3154 883 3234 938 rei
3274 891 3529 938 eventum
3557 882 3661 936 Dei
3692 894 3846 935 manu

2207 971 2616 1037 commendans,
2648 977 2710 1026 ut
2756 977 2877 1027 erat
2924 971 3156 1027 edoctus
3200 985 3392 1027 omnes
3436 971 3577 1027 alios
3613 968 3849 1025 familia-

2207 1073 2298 1115 res
2329 1058 2677 1115 ﬁdelissimos
2714 1060 3123 1116 accuratissime
3155 1060 3212 1115 in
3254 1060 3340 1115 his
3378 1060 3638 1116 omnibus
3668 1058 3848 1128 priva-

2208 1149 2305 1203 tim
2362 1148 2654 1204 animando
2739 1148 2980 1204 edocuit.
3059 1150 3284 1205 Factum
3358 1154 3442 1204 est
3505 1154 3697 1203 autem
3764 1146 3849 1201 Dei

2210 1237 2622 1307 dispensatione
2653 1242 2708 1292 et
2741 1239 2860 1308 ejus
2890 1237 3269 1294 misericordia
3310 1236 3641 1306 opitulante,
3677 1235 3851 1290 omnia

2209 1325 2323 1391 illa,
2376 1331 2436 1381 ut
2491 1327 2823 1395 praedixerat
2876 1327 3155 1382 abbatissa
3216 1328 3440 1396 Deoque
3506 1330 3849 1389 consecrata,

2211 1415 2331 1470 sine
2378 1414 2530 1471 caede
2568 1416 2811 1472 seriatim
2860 1422 3181 1473 evenerunt.
3229 1416 3401 1487 Igitur
3440 1415 3723 1471 Heriberti
3768 1414 3853 1468 do-

2213 1504 2425 1559 mestici
2456 1519 2577 1559 cum
2635 1505 2821 1561 multis
2879 1505 3042 1562 donis
3098 1505 3393 1576 multisque
3452 1503 3752 1574 promissis
3805 1503 3852 1557 in

2214 1592 2640 1649 Teutonicorum
2684 1593 2979 1650 amicitiam
3026 1594 3397 1661 devenissent,
3432 1598 3488 1648 et
3517 1592 3632 1647 illis
3662 1590 3856 1647 multos

489 1710 610 1754 rum
656 1693 1006 1766 gulositatem
1055 1694 1106 1743 et
1147 1685 1360 1769 animos
1405 1683 1533 1738 vino
1584 1680 1803 1736 deditos
1832 1678 2281 1769 videns-at-Bac
2311 1681 2557 1738 diversos
2621 1688 2917 1753 apparatus
2972 1687 3028 1739 et
3081 1684 3206 1738 vina
3267 1683 3609 1739 diversarum
3647 1681 3852 1751 specie.

489 1800 597 1857 que
626 1783 690 1815 ³⁹⁹
720 1791 1081 1852 cognoscens,
1133 1788 1301 1830 unum
1332 1766 1417 1827 'de
1447 1769 1780 1826 fidelissimis
1817 1766 2136 1857 domesticis

488 1854 713 1940 tollens,
747 1869 896 1941 quod
940 1879 1126 1923 secum
1174 1861 1431 1927 habebat,
1465 1860 1532 1914 ad
1581 1858 1912 1914 abbatissam
1950 1854 2134 1911 Sancti

489 1962 647 2030 Sixti,
697 1962 855 2030 cujus
900 1953 1291 2013 monasterium
1340 1947 1482 2004 infra
1520 1947 1793 2003 civitatem
1842 1945 2134 2000 Placentia:

488 2053 654 2109 situm
684 2055 788 2117 est,
833 2045 1081 2103 studiose
1110 2043 1167 2097 in
1197 2039 1451 2097 omnibus
1479 2050 1604 2106 quae
1632 2035 1851 2091 volebat
1880 2033 2135 2089 edoctum

489 2138 710 2198 direxit;
743 2136 844 2204 Qui
875 2135 970 2191 ubi
999 2133 1183 2190 omnia
1232 2127 1498 2193 seriatim,
1549 2139 1672 2195 qua:
1721 2123 2013 2178 Heriberto
2053 2122 2137 2176 in-

482 2232 630 2302 juste
661 2229 978 2291 evenerant,
1027 2220 1318 2278 abbatissae
1374 2217 1876 2302 commemorasset,
1920 2217 1975 2266 et
2004 2224 2138 2267 con-

487 2298 670 2376 silium
700 2312 810 2387 quo
858 2312 1037 2369 fuerat
1080 2311 1278 2366 doctus
1308 2307 1359 2363 ei
1389 2298 1737 2375 appet-uisset
1770 2322 1782 2357 :
1817 2307 1877 2356 ut
1935 2307 2051 2356 erat
2080 2306 2136 2355 et

485 2408 548 2439 ‘°°
578 2386 922 2463 consiliatrix
963 2398 1213 2471 provida,
1264 2393 1675 2451 accuratissime
1707 2397 1762 2446 et
1792 2390 1957 2444 tacite
1990 2386 2136 2444 inter

487 2512 547 2554 se
590 2495 778 2552 rimari
796 2490 981 2561 'coepit
1026 2502 1135 2559 quo
1182 2484 1406 2556 ingenio
1457 2495 1634 2553 quove
1678 2478 1946 2536 conscilio
1978 2478 2135 2533 Heri-

488 2587 705 2643 bertum
735 2597 766 2639 a
812 2578 1239 2637 Teutonicorum
1278 2572 1528 2629 manibus
1567 2570 1782 2640 eripere
1814 2574 1869 2624 et
1897 2568 2133 2623 liberare

488 2679 697 2748 posset.
749 2673 941 2741 Itaque
990 2665 1285 2729 abbatissa,
1318 2661 1513 2718 videns
1541 2658 1872 2714 Teutonicos
1896 2657 2019 2748 vino
2050 2656 2134 2748 ni-

489 2746 600 2822 mio
632 2759 898 2818 inebriari
927 2756 1123 2814 solitos
1169 2753 1333 2810 etiam
1381 2757 1509 2821 post
1537 2762 1747 2805 coenam
1777 2748 1833 2802 in
1865 2746 2135 2801 nucleolis

489 2861 545 2912 et
581 2850 885 2923 majoribus
942 2845 1176 2902 nucibus
1222 2841 1432 2912 optimo
1486 2840 1614 2895 vino
1682 2837 2136 2923 interjocare,ut

489 2943 630 3000 ratio
659 2922 792 2998 ferte
838 2937 1018 3009 gentis
1044 2934 1128 3002 ιω,
1185 2938 1241 2988 et
1274 2930 1574 2986 indiscrete
1604 2932 1660 2982 et
1687 2925 1999 2981 inconsulte
2031 2922 2133 2978 de-

2216 1785 2336 1826 rum
2394 1771 2567 1847 odore
2622 1778 2678 1827 et
2738 1772 3033 1829 herbarum
3089 1772 3384 1828 virtutibus
3440 1770 3756 1828 redolentia
3803 1770 3850 1824 in

2216 1859 2394 1928 primo
2442 1873 2567 1915 sero
2620 1866 3042 1930 praeparassent,
3093 1860 3244 1930 ipsos
3289 1861 3347 1916 in
3397 1859 3521 1916 istis
3575 1858 3852 1915 ultroneus

2218 1947 2577 2016 delectantes,
2600 1949 2903 2020 largissime
2935 1951 3079 2006 inter
3116 1956 3300 2006 cetera
3336 1950 3461 2006 vina
3489 1949 3713 2005 diversa
3738 1962 3850 2019 pro-

2217 2039 2490 2108 pinantes,
2524 2038 2665 2094 ultra
2696 2040 2917 2096 modum
2947 2039 3204 2096 inebriati
3223 2046 3372 2096 sunt.
3404 2041 3470 2096 Et
3499 2054 3627 2096 cum
3643 2041 3760 2109 jam
3787 2038 3852 2093 ni-

2219 2128 2325 2182 mia
2345 2127 2631 2185 temulenti
2653 2129 2920 2186 ebrietate
2949 2129 3004 2184 in
3028 2129 3311 2200 potatione
3341 2128 3457 2185 fere
3477 2142 3660 2199 usque
3680 2128 3749 2184 ad
3768 2141 3851 2185 no-

2219 2223 2361 2272 ctem
2426 2217 2661 2273 mediam
2725 2219 3103 2288 persisterent,
3181 2225 3238 2275 et
3313 2219 3698 2290 unusquisque
3761 2231 3850 2274 suo

2218 2305 2461 2375 compari
2505 2311 2564 2361 ut
2611 2306 2783 2378 magis
2828 2322 2892 2362 ac
2940 2308 3113 2378 magis
3161 2307 3376 2363 biberet
3425 2321 3655 2377 operam
3683 2306 3850 2373 daret,

2216 2394 2398 2450 aureis
2428 2400 2482 2450 et
2510 2396 2784 2466 argenteis
2813 2395 2948 2452 siffis
3002 2396 3124 2468 (81)
3170 2397 3674 2467 superjocantibus,
3713 2409 3851 2452 nunc

2216 2483 2392 2540 oculis
2446 2484 2618 2540 torvis
2678 2498 2923 2555 voceque
2980 2485 3216 2541 terribili
3273 2485 3507 2542 invicem
3575 2485 3852 2541 minaren-

2216 2581 2324 2640 tur,
2367 2577 2420 2628 et
2459 2573 2623 2630 modo
2682 2573 2834 2631 vultu
2903 2574 3224 2631 lacrimabili
3263 2575 3505 2631 lacrimis
3550 2574 3851 2646 largissime

2216 2661 2639 2718 decurrentibus
2676 2663 2881 2734 turgidi
2929 2669 2985 2719 et
3038 2678 3070 2719 a
3116 2665 3243 2721 vino
3272 2662 3336 2695 ‘°’
3381 2664 3668 2730 inebriati,
3726 2661 3853 2732 quid

2215 2754 2443 2821 agerent
2490 2752 2713 2807 omnino
2762 2752 3099 2822 ignorantes,
3132 2758 3188 2808 et
3233 2752 3448 2823 singula
3485 2752 3735 2808 membra
3764 2764 3854 2807 sua

2216 2852 2325 2894 non
2357 2846 2637 2895 servarent
2658 2838 2858 2907 officia,
2890 2840 2999 2896 huc
3029 2846 3084 2896 et
3103 2840 3235 2897 illuc
3255 2856 3375 2897 sese
3396 2846 3853 2911 prosternerent:

2219 2927 2494 2983 Heriberti
2551 2928 2839 2985 domestici
2896 2930 3016 2986 haec
3076 2936 3273 2986 cuncta
3328 2930 3598 2997 videntes,
3658 2930 3855 3000 gaudio

491 2999 683 3088 lectari
717 3049 729 3085 :
763 2999 871 3083 hoc
928 2999 1339 3080 modo‘fallere
1399 3031 1495 3073 eos
1549 3015 1890 3081 desiderans,
1940 2999 2383 3087 vigintiC-gavisi
2430 3018 2719 3086 immenso,
2772 3018 2899 3074 mos
2951 3019 3199 3090 singulos
3246 3021 3301 3075 in
3349 3020 3539 3075 stratis
3588 2999 3731 3074 [ηπ
3772 3033 3856 3074 οι..

491 3133 663 3177 onera
701 3115 947 3172 carnium
987 3111 1323 3167 diversarum
1372 3112 1427 3161 et
1457 3105 1647 3160 decem
1678 3103 1920 3172 plaustra
1950 3102 2135 3158 diver-
2218 3105 2361 3161 natis
2391 3105 2535 3161 velut
2565 3113 2812 3163 mortuos
2859 3112 3143 3177 portantes
3179 3107 3611 3164 collocaverunt.
3645 3109 3856 3163 Interea

490 3221 678 3265 sorum
725 3204 978 3261 vinorum
1029 3213 1151 3255 cum
1206 3196 1392 3253 multis
1420 3193 1669 3265 frugibus
1705 3206 1769 3247 ac
1799 3191 2030 3247 diversis
2067 3191 2137 3246 ad
2217 3196 2494 3266 soporatis
2524 3201 2579 3252 et
2604 3197 2745 3253 bene
2771 3195 3024 3253 facinatis
3075 3196 3139 3228 W‘
3167 3198 3503 3264 Teutonicis,
3535 3198 3591 3253 in
3622 3211 3853 3267 quorum

491 3297 842 3354 Heribertum
880 3289 1166 3362 magnifice
1217 3284 1386 3353 misit,
1419 3288 1474 3340 et
1521 3282 1639 3338 sola
1675 3282 1954 3351 accipiens
1982 3280 2134 3335 illum
2218 3285 2469 3341 custodia
2518 3286 2840 3342 Heribertus
2886 3294 3023 3355 erat,
3076 3288 3379 3344 fidelissimi
3426 3289 3546 3357 ejus
3596 3301 3723 3342 cum
3748 3288 3853 3356 jam

489 3391 703 3445 secrete
741 3381 1140 3446 ﬁdelissimum,
1190 3389 1353 3446 quem
1394 3373 1500 3429 sibi
1531 3372 1856 3427 Heribertus
1886 3371 2127 3437 miserat,
2217 3379 2432 3444 tempus
2477 3374 2545 3430 ad
2594 3376 2875 3446 negotium
2923 3380 3184 3433 statutum
3222 3377 3505 3447 prosperis
3546 3375 3853 3431 accelerare

489 3478 656 3534 tacite
704 3488 769 3530 ac
815 3471 1094 3540 sapienter
1142 3462 1453 3521 amonendo
1505 3460 1762 3516 instruxit
1791 3460 2049 3529 quatinus
2076 3459 2134 3514 in
2217 3463 2566 3519 successibus
2610 3464 2895 3533 vidissent,
2946 3471 3001 3521 et
3044 3466 3331 3522 Teutonici
3378 3465 3649 3522 ebrietate
3692 3465 3851 3519 nimia

489 3565 666 3638 Primo
695 3575 844 3629 θετον
885 3572 994 3630 quo
1025 3560 1321 3626 apparatus
1369 3550 1662 3607 Heriberlo
1712 3548 2133 3638 arChiePi§COP0
2214 3553 2326 3608 vini
2357 3552 2555 3609 diversi
2587 3552 2814 3623 perfusi,
2854 3555 3115 3611 membris
3141 3554 3256 3612 fere
3287 3556 3519 3611 mortuis
3543 3562 3600 3610 et
3632 3555 3847 3610 omnino

488 3636 872 3726 repraesentati
901 3646 1154 3712 fuissent,
1186 3641 1443 3700 omnibus
1463 3638 1672 3695 viribus
1693 3651 1915 3707 operam
1939 3636 2134 3691 darent
2216 3641 2417 3696 ebetati
2458 3642 2746 3698 inhoneste
2804 3644 3153 3713 quiescerem,
3190 3648 3247 3700 et,
3283 3644 3608 3700 terribiliter
3665 3650 3849 3699 siem.

487 3750 550 3801 ut
586 3739 873 3799 Teutonici
903 3736 1070 3792 nimia
1109 3746 1262 3789 caena
1291 3729 1517 3801 turgidi,
1559 3727 1669 3783 illis
1697 3726 1944 3782 studiose
1964 3738 2135 3779 nuces
2216 3737 2359 3797 rem,
2391 3731 2592 3787 sinceri
2624 3736 2679 3786 ει
2706 3731 2792 3787 sui
2839 3731 3047 3789 domini
3094 3733 3269 3790 salute
3307 3733 3456 3788 anxii
3484 3730 3846 3788 sacratissime

489 3841 656 3904 atque
685 3827 974 3887 nucleolos
1024 3823 1360 3893 frangentes,
1421 3820 1477 3873 in
1528 3817 1730 3888 quibus
1785 3814 2047 3904 delectari
2074 3818 2134 3868 ut
2214 3818 2561 3875 Heribertum
2591 3820 2914 3886 excitantes,
2974 3822 3152 3892 ipsum
3205 3829 3553 3888 renuentem,
3585 3822 3708 3877 sine
3737 3819 3844 3875 cal-

490 3903 697 3992 largius
740 3917 935 3972 bibant
991 3911 1141 3968 soliti
1190 3914 1338 3976 sunt,
1398 3906 1645 3962 funditus
1702 3903 2128 3992 inebriarentur,
2215 3907 2532 3975 ceamemis,
2588 3908 2805 3964 nemine
2851 3908 3071 3965 morum
3109 3910 3403 3978 sentiente,
3462 3910 3532 3966 ab
3577 3909 3693 3965 illis
3733 3920 3846 3963 eum

492 3990 626 4081 quin
675 4006 839 4062 etiam
888 4013 1079 4058 omnes
1132 3996 1410 4053 Heriberti
1457 3993 1745 4050 domestici
1803 3990 2131 4081 permultum
2212 3995 2557 4064 abraserunt,
2641 4002 2696 4052 et
2776 4011 2950 4068 equos
3005 3999 3537 4070 superascendemes
3603 3995 3844 4054 clanculo

490 4080 612 4153 Sese
651 4095 842 4151 bibere
875 4104 938 4146 ac
969 4086 1298 4144 manducare
1335 4081 1675 4147 simulantes,
1709 4081 1832 4151 puri
1862 4086 1918 4135 et
1944 4094 1974 4134 a
2004 4080 2131 4134 vino
2211 4084 2279 4139 ad
2320 4090 2537 4154 portum
2594 4085 2856 4141 citissime
2898 4093 3287 4157 pervenerunt,
3325 4089 3444 4143 Jam
3489 4088 3641 4144 enim
3680 4084 3845 4142 nam,

491 4185 694 4243 sinceri
726 4182 1148 4254 permanerent;
1182 4174 1401 4230 demum
1438 4171 1519 4226 sic
1555 4168 1840 4236 facientes,
1873 4175 1928 4223 et
1958 4182 2130 4237 usque

2215 4175 2685 4243 conscenderant;
2744 4190 2874 4232 ecce
2921 4177 3208 4234 Teutonici
3256 4177 3491 4233 terribili
3521 4178 3736 4248 garritu
3760 4192 3846 4235 vo-

491 4276 560 4334 ad
608 4274 876 4347 gallorum
925 4268 1147 4324 ῑθηὶυῐη
1199 4269 1255 4319 θῐ
1302 4267 1554 4333 quartum
1602 4265 1819 4315 cantum
1870 4271 1972 4330 .608
2007 4265 2128 4313 Slu-
2153 4263 2477 4347 “cibusque
2516 4264 2928 4322 dissonantibus
2956 4268 3127 4323 nimio
3160 4267 3273 4323 vini
3302 4267 3501 4323 ardore
3533 4268 3845 4334 bachantes,

490 4330 647 4424 diose
686 4369 742 4421 et
770 4366 929 4418 caute
958 4354 1283 4413 inebriando
1316 4330 1702 4423 perducerent.
1737 4367 1765 4400 «
1795 4351 1864 4405 At
1883 4362 2003 4404 cum
2019 4348 2130 4417 jam
2153 4330 2308 4408 Dsua
2364 4330 2474 4409 non
2540 4354 2725 4425 lingua
2781 4353 3101 4411 frendentes
3156 4357 3516 4424 cursitabant,
3586 4372 3653 4414 ac
3709 4330 3847 4415 velut

489 4456 658 4515 nimia
687 4454 801 4510 vini
831 4449 1098 4507 ebrietate
1136 4440 1422 4500 temulenti
1462 4438 1747 4495 Teutonici
1768 4452 1831 4494 ac
1862 4438 2129 4493 deebriati
2211 4448 2364 4499 torva
2410 4442 2663 4499 animalia
2710 4444 2909 4501 latratu
2959 4445 3259 4503 saevissimo
3308 4446 3415 4502 huc
3452 4446 3700 4518 illucque
3737 4447 3845 4503 dis-

488 4549 598 4605 huc
636 4550 802 4615 atque
851 4540 983 4595 illuc
1028 4537 1153 4592 vina
1196 4533 1263 4589 ad
1310 4531 1636 4600 semetipsos
1665 4528 1960 4617 fundentes
1997 4528 2131 4599 quid
2212 4531 2507 4597 currentia,
2568 4531 2737 4617 nimio
2795 4532 2987 4590 dolore
3034 4534 3118 4591 vel
3176 4535 3260 4591 sui
3315 4538 3719 4605 percussionne
3766 4535 3843 4591 γει

487 4640 653 4708 agant
703 4630 928 4689 omnino
976 4626 1312 4697 ignorantes,
1372 4627 1427 4675 et
1486 4618 1705 4708 tandem
1746 4616 1956 4688 fatigati
2003 4618 2130 4673 vino
2212 4625 2531 4676 venatorum
2584 4616 2807 4692 ingenio
2881 4624 3080 4693 sagitta
3143 4624 3339 4680 emissa
3395 4624 3479 4681 vel
3548 4626 3845 4682 catulorum

487 4707 653 4796 atque
673 4722 863 4779 labore
885 4716 1117 4782 militiae,
1142 4711 1338 4768 sesein
1362 4709 1500 4766 locis
1519 4707 1698 4763 solitis
1718 4712 2132 4796 prosternentes
2212 4709 2526 4776 amissione,
2559 4723 2699 4779 quos
2736 4716 2965 4780 paterno
3006 4720 3061 4769 et
3090 4720 3336 4770 materno
3383 4727 3571 4770 amore
3612 4715 3729 4784 jam
3762 4726 3849 4768 an-

486 4795 816 4886 quieverint,
850 4814 963 4863 tum
1003 4818 1126 4861 cum
1165 4802 1280 4857 suis
1309 4798 1529 4855 clericis
1575 4796 1849 4886 omnibus,
1893 4795 2132 4852 dimissis
2214 4802 2301 4852 tea
2340 4797 2661 4868 diligebant,
2694 4800 3048 4868 pervolabant
3084 4799 3295 4858 facibus
3332 4801 3522 4858 multis
3548 4816 3616 4857 ac
3646 4802 3844 4872 magnis

487 4885 785 4961 mobilibus
832 4895 991 4968 equis
1037 4898 1202 4962 atque
1250 4888 1523 4954 mulabus,
1556 4885 1817 4942 domuum
1864 4886 2131 4941 Heriber-
2214 4887 2484 4955 accensis,
2524 4902 2589 4943 ac
2619 4888 2913 4945 multorum
2959 4891 3167 4961 ignium
3216 4897 3271 4948 et
3316 4891 3596 4963 palearum
3626 4893 3844 4948 varieta-

1839 5028 2062 5083 VARI/E
2116 5030 2498 5087 LECTlONES.

1382 5154 1446 5188 ⁸⁸³
1476 5170 1525 5211 v.
1558 5168 1610 5209 a.
1651 5152 1833 5208 desunt
1872 5155 1931 5208 Β.
2024 5153 2089 5185 ’δυο
2118 5155 2317 5211 doctus
2346 5157 2407 5211 Β,

554 5173 620 5208 ⁸⁸⁸
649 5172 717 5228 ab
747 5168 1079 5233 imperatore
1108 5157 1327 5233 Βηιςιευ
1374 5154 1446 5233 ,³⁸³
1476 5154 1835 5233 gaudeamu-
1872 5155 1931 5208 Β.
1996 5154 2407 5233 _"°f_do_ctus_B.
2479 5154 2557 5233 ff"
2591 5156 2667 5233 ita
2695 5158 2913 5233 conje‘cit
2938 5160 3109 5233 ΔΚΑΙ).
3144 5159 3444 5233 Grata/end.
3485 5169 3614 5219 utro
3643 5160 3753 5218 fere
3778 5155 3841 5233 ῐὲ

484 5224 791 5303 οοάάῘιῖιόε
817 5224 858 5295 f.
888 5252 944 5309 g.
974 5232 1060 5291 Βι.
1150 5227 1484 5309 ξΜ-Τίιιιζτρεςε
1515 5227 1591 5309 De
1621 5224 1946 5309 liberatione
1977 5224 2340 5309 d._Heriberti
2384 5224 2799 5309 archiepiscopi
2829 5230 3053 5309 _Medi_ol.
3087 5234 3210 5309 .A'._
3239 5224 3484 5309 Qualiter
3528 5224 3841 5309 Heribertus

484 5294 936 5387 archiepiscosz
972 5321 1004 5363 a
1033 5303 1347 5375 captivitate
1377 5299 1641 5354 liberatus
1670 5302 1771 5351 est.
1803 5294 1920 5353 rell.
1996 5296 2061 5328 ⁴⁰⁸
2087 5312 2137 5353 a.
2170 5313 2221 5353 v.
2254 5298 2433 5355 desunt
2465 5300 2524 5354 Β.
2575 5294 2668 5331 ’ωδ
2693 5294 2788 5356 ὶιὶι.
2821 5301 2859 5356 ἱ.
2892 5317 2938 5357 e.
2962 5294 3328 5373 [αεοὶηαιίελ.
3360 5304 3420 5359 Β.
3451 5306 3712 5376 saginatis
3754 5304 3835 5360 BI.

562 5512 683 5585 (81)
715 5511 776 5567 Id
816 5511 900 5565 est
931 5501 1172 5576 scyphis.
2057 5422 2274 5478 NOTAE}.
