4064 6162
193 300 295 352 877

1234 300 1545 355 HISTORIA
1582 301 2133 359 MEDIOLANENSIS.
2174 331 2244 342 —
2283 304 2405 358 LIB.
2445 305 2513 358 ll.

3450 317 3558 371 878

194 394 343 479 tibus
372 422 749 497 discurrentes
806 420 1069 478 ululatum
1126 423 1428 479 terribilem
1486 424 1832 481 Heribertum
1856 427 2258 497 Apraaliantes,
2307 427 2484 497 primo
2539 427 2936 499 aliquantulum
3005 433 3154 490 cives
3218 442 3554 509 terruerunt,

197 519 513 584 quaerentes
542 511 765 568 dabant.
789 512 1015 567 Demum
1046 513 1159 568 Deo
1189 512 1496 582 Opitulante
1526 514 1644 569 sine
1666 515 1839 582 crede,

195 601 519 658 Teutonicis
575 598 965 657 frustratis‘et
1020 600 1261 657 inaniter
1317 601 1716 670 laborantibus,
1777 617 1840 659 ac

193 690 523 746 clericorum
557 695 614 745 et
640 688 839 745 civium
870 690 1130 758 precibus
1180 690 1402 760 adjutus
1438 704 1685 758 suorum,
1728 693 1840 748 He-

198 780 441 834 ribertus
477 791 690 834 summo
721 792 845 834 cum
873 777 1075 849 gaudio
1106 778 1355 849 miroque
1385 780 1596 836 honore
1625 794 1845 852 magna-

198 883 305 940 que
336 868 646 925 reverentia
673 868 797 937 ipso
837 866 927 923 die
966 882 994 922 a
1034 866 1096 898 ⁸⁰⁵
1135 868 1285 925 clero
1316 877 1371 924 et
1399 884 1430 925 a
1470 869 1675 940 populo
1714 871 1842 925 uni-

194 970 354 1014 verso
384 965 644 1027 receptus
670 955 1034 1012 Mediolanum
1086 958 1393 1027 repedavit.
1448 959 1549 1025 Qui
1588 958 1845 1014 omnibus

194 1044 470 1112 salutatis,
537 1044 948 1114 animarumque
1014 1043 1237 1101 ferculis
1292 1052 1574 1102 recreatus
1606 1046 1689 1114 “6,
1732 1050 1843 1104 Deo

196 1141 251 1190 et
288 1135 455 1191 beato
484 1134 775 1190 Ambrosio
824 1134 1028 1204 gratias
1074 1148 1243 1206 agens
1282 1136 1593 1203 immensas,
1635 1136 1847 1192 civibus

197 1222 634 1293 tripudiantibus
661 1222 953 1290 universis,
986 1222 1102 1279 suis
1131 1223 1470 1294 elimosynis,
1499 1231 1557 1281 ut
1587 1226 1843 1292 vidimus,

198 1312 426 1384 adjutus
462 1321 518 1369 et
554 1314 842 1381 liberatus,
884 1314 1117 1370 viriliter
1144 1315 1354 1371 resedit
1391 1320 1446 1369 et
1474 1314 1728 1371 feliciter.

272 1402 368 1457 24.
398 1404 621 1459 Factum
658 1400 721 1433 ⁸⁰⁷
751 1408 835 1459 est
873 1408 1076 1470 autem,
1109 1394 1232 1459 cum
1285 1404 1448 1473 hujus
1494 1404 1575 1459 rei
1622 1412 1851 1460 eventus

195 1492 267 1550 ad
327 1493 638 1550 Conradum
699 1493 1109 1563 imperatorem,
1151 1492 1388 1561 qualiter
1433 1498 1529 1549 aut
1566 1493 1845 1564 quomodo

198 1586 383 1638 actum
444 1580 656 1650 fuisset,
706 1581 952 1637 seriatim
995 1580 1387 1652 divulgaretur,
1427 1582 1599 1637 virum
1640 1595 1846 1653 cogno-

199 1685 365 1727 scens
414 1670 670 1741 probum,
731 1671 999 1727 conscilio
1055 1670 1289 1727 militum
1342 1674 1847 1729 strenuissimorum

1922 516 2268 593 et,cominus
2313 515 2552 583 lanceas,
2593 519 2822 589 sagittas
2849 527 3143 593 ceteraque
3182 525 3392 594 praeliis
3420 542 3558 585 con-

1921 618 2057 675 grua
2088 604 2421 670 emittentes,
2453 605 2673 662 incaute
2702 622 2771 663 ex
2799 610 3005 665 nostris
3035 612 3239 670 multos
3270 612 3560 686 feriebant,

1921 695 1990 748 At
2019 694 2216 759 nostri,
2251 699 2310 748 ut
2338 701 2494 750 erant
2524 695 2728 762 edocti,
2763 699 2940 766 portis
2969 706 3025 754 et
3051 702 3211 758 seriis
3238 702 3304 734 ¹⁸³⁰
3333 710 3388 760 et
3416 713 3566 762 ante-

1925 780 2101 850 portis
2167 782 2411 837 turribus
2473 783 2630 839 valde
2698 786 2942 855 munitis,
3009 790 3158 858 quod
3222 794 3564 862 anteportale

1921 876 2150 925 vocatur
2179 871 2451 925 consitum
2491 880 2618 927 ante
2661 882 2849 943 portas
2895 883 2951 932 et
2997 878 3351 949 triangulare,
3393 883 3565 939 hosti-

1922 958 2027 1014 bus
2053 958 2340 1014 introitum
2372 960 2656 1028 claudens,
2688 968 2745 1018 et
2783 966 3028 1022 turribus
3067 969 3296 1024 muratis
3344 978 3565 1029 trecen-

1927 1051 2040 1101 tum
2086 1047 2278 1102 decem
2322 1045 2470 1118 (84),
2512 1063 2637 1118 qua;
2694 1051 2749 1106 in
2780 1052 3018 1109 circuitu
3069 1057 3225 1112 urbis
3265 1058 3342 1113 ita
3380 1059 3566 1117 densae

1925 1144 2102 1202 erant,
2144 1143 2203 1191 ut
2249 1150 2441 1192 omnes
2487 1136 2547 1168 ⁸¹¹
2589 1139 2684 1208 qui
2732 1154 2825 1196 eas
2864 1142 3269 1213 custodiebant,
3302 1152 3362 1203 ut
3398 1149 3565 1206 vicini

1924 1224 2351 1293 supersedeutes
2411 1223 2475 1256 ⁴⁵¹²
2504 1226 2989 1286 confabularentur
3020 1272 3035 1297 ,
3094 1233 3250 1289 valde
3305 1235 3568 1303 munitis,

1928 1313 2106 1382 primo
2162 1314 2316 1382 juxta
2382 1313 2608 1370 arcbum
2654 1317 3063 1388 triumphalem,
3113 1336 3276 1392 quem
3313 1323 3378 1356 ¹⁸¹³
3415 1327 3573 1382 Heri-

1929 1401 2119 1456 bertus
2145 1401 2422 1471 papilione
2459 1405 2887 1475 superimposito
2928 1413 2983 1464 et
3027 1410 3161 1465 viris
3206 1410 3443 1469 fortibus
3471 1428 3572 1470 su-

1930 1490 2308 1560 perimpositis
2353 1491 2581 1547 mirifice
2633 1495 2820 1562 armis,
2873 1498 3292 1569 munitionibus,
3332 1509 3572 1559 tormen-

1928 1579 2000 1635 tis
2037 1580 2362 1647 muniverat,
2421 1580 2689 1638 exercitui
2735 1582 2974 1640 hostium
3026 1587 3260 1644 viriliter
3317 1591 3573 1659 przelian-

1927 1673 2012 1724 tes
2050 1668 2254 1725 obviati
2292 1676 2439 1725 sunt.
2471 1672 2539 1725 Et
2568 1670 2819 1727 videntes
2857 1679 3060 1734 tantam
3097 1679 3341 1746 gentium
3381 1681 3575 1735 multi-

198 1764 254 1816 et
284 1759 534 1830 peditum
564 1757 808 1826 fortium,
836 1758 1118 1815 dominum
1167 1761 1285 1815 auri
1317 1766 1373 1816 et
1402 1762 1615 1832 argenti
1654 1756 2178 1832 copio-Btudinem
2218 1766 2382 1828 atque
2438 1773 2714 1815 armorum
2760 1760 3068 1819 inauditum
3113 1765 3403 1822 audientes
3458 1767 3572 1823 fra-

199 1850 503 1918 sissimum,
532 1848 701 1906 corde
730 1854 910 1905 tactus
939 1850 1178 1905 humano
1208 1850 1392 1906 omnia
1440 1866 1564 1921 quae
1615 1853 1665 1907 ei
1704 1854 1851 1908 intu-

201 1938 345 1994 lerat
386 1937 526 1993 mala
570 1936 739 1993 corde
779 1942 940 1993 tenus
978 1937 1359 2006 reminiscens,
1416 1939 1567 1995 vultu
1625 1940 1850 2010 pallenti

201 2027 472 2098 obriguit.
549 2026 788 2082 Tandem
855 2035 913 2082 ut
988 2028 1387 2097 tyrampnidem
1412 2070 1427 2095 ,
1504 2042 1665 2098 quam
1730 2030 1849 2099 ipse

199 2116 354 2173 circa
413 2121 610 2186 pectus
661 2114 934 2182 versabat,
1003 2114 1305 2171 crudeliter
1368 2124 1672 2185 exerceret,
1735 2124 1851 2174 tota

202 2220 330 2263 cum
361 2205 582 2260 civitate
619 2204 971 2260 Heribertum
1019 2205 1077 2260 in
1114 2205 1349 2262 vinculis
1395 2206 1572 2276 redigi
1622 2206 1852 2277 cupiens

203 2301 261 2351 et
289 2295 413 2364 ejus
441 2292 704 2362 fautores,
743 2294 1000 2350 omnibus
1038 2306 1229 2350 eorum
1278 2294 1407 2351 filiis
1453 2301 1617 2365 atque
1666 2309 1850 2351 rerum

202 2382 534 2440 substantiis
570 2382 838 2438 militibus
893 2382 1009 2438 suis
1054 2382 1112 2438 in
1170 2384 1357 2454 praeda
1414 2383 1653 2451 donatis,
1697 2385 1850 2440 obsi-

203 2473 376 2529 dione
405 2478 609 2527 statuta
649 2471 850 2528 obnixe
899 2471 1167 2527 ﬁrmando
1210 2473 1474 2529 decrevit.
1516 2473 1689 2544 Igitur
1726 2488 1853 2530 con-

201 2561 419 2617 vocatis
443 2560 667 2631 regibus
695 2568 935 2632 quatuor
969 2560 1116 2632 (82),
1159 2567 1215 2617 et
1254 2562 1581 2619 coadunatis
1619 2562 1854 2619 ducibus

202 2656 260 2706 et
318 2649 735 2706 marchionibus
785 2649 1080 2706 comitibus
1126 2664 1229 2707 nec
1276 2664 1385 2707 non
1416 2650 1695 2721 episc0pis
1731 2665 1853 2707 om-

202 2739 392 2807 nibus,
435 2751 577 2810 quos
641 2747 735 2795 aut
790 2739 1076 2795 blanditiis
1131 2747 1227 2796 aut
1282 2741 1589 2796 terroribus
1648 2740 1746 2796 illo
1796 2740 1853 2795 in

205 2837 463 2898 tempore
529 2828 731 2885 habere
800 2833 1037 2898 poterat,
1104 2836 1159 2885 et
1220 2829 1465 2899 peditum
1504 2829 1854 2885 multitudine

205 2918 517 2985 ineffabili,
584 2918 653 2974 ad
719 2918 1068 2975 Heribertum
1144 2918 1510 2975 obsidendum
1574 2926 1855 2990 totamque

202 3008 327 3077 ejus
358 3007 657 3074 civitatem,
689 3006 1014 3078 minansque
1045 3005 1209 3075 fame,
1250 3006 1399 3064 ferro
1438 3014 1494 3063 et
1539 3008 1665 3079 igne
1702 3009 1857 3064 inex-

1931 1861 2148 1917 gorem,
2190 1847 2331 1903 ultra
2368 1847 2663 1904 herbarum
2714 1850 3118 1908 multitudinem
3165 1868 3263 1911 eos
3309 1857 3574 1913 extiman-

1933 1943 2037 2003 tes,
2078 1936 2135 1991 in
2176 1936 2353 2006 primo
2393 1937 2506 1992 ictu
2544 1937 2696 2005 belli,
2738 1953 2863 1994 cum
2901 1940 3089 1998 hostes
3134 1956 3298 2000 manu
3346 1945 3415 2001 ad
3456 1961 3578 2002 ma-

1933 2038 2062 2080 num
2129 2024 2479 2092 cursitarent',
2546 2041 2759 2084 summo
2824 2029 3032 2098 impetu
3088 2031 3198 2088 tela
3263 2035 3579 2092 emittentes

1932 2114 2331 2184 aliquantulum
2369 2117 2716 2174 sustiterunt.
2774 2119 2989 2175 Interea
3055 2122 3252 2190 nostri,
3301 2137 3426 2180 cum
3481 2139 3579 2182 eos

1934 2202 2194 2272 paulatim
2259 2203 2354 2272 qui
2419 2204 2477 2260 in
2542 2206 2709 2261 armis
2781 2220 3171 2279 armorumque
3226 2211 3431 2268 ictibus
3484 2220 3580 2269 aut

1934 2292 2065 2348 belli
2094 2292 2318 2362 ingenio
2346 2292 2592 2350 valerent
2630 2296 3039 2366 cognovissent,
3079 2298 3291 2355 lanceis
3327 2305 3384 2356 et
3433 2303 3578 2358 ensi-

1933 2381 2056 2450 bus,
2091 2380 2291 2452 jaculis
2318 2386 2482 2453 atque
2511 2384 2727 2454 sagittis
2756 2386 3067 2457 ceterisque
3096 2387 3369 2446 bellorum
3416 2403 3579 2446 orna-

1934 2472 2136 2528 mentis
2162 2470 2314 2528 velut
2342 2472 2542 2529 misera
2584 2473 2841 2531 animalia
2897 2489 2997 2532 eos
3049 2477 3257 2548 ubique
3295 2478 3580 2549 dispersos

1936 2561 2305 2617 trucidabant.
2346 2563 2479 2619 Cum
2527 2569 2710 2619 autem
2767 2565 2983 2622 eminus
3031 2566 3346 2635 veniebant,
3404 2582 3580 2624 unus-

1935 2651 2170 2721 quisque
2209 2658 2374 2721 prout
2420 2652 2760 2708 diversarum
2806 2658 3075 2709 terrarum
3117 2662 3235 2711 erat
3281 2657 3582 2726 provinciis

1933 2753 2098 2796 voces
2126 2739 2380 2797 dissonas
2417 2741 2743 2806 emittendo,
2782 2756 2995 2798 summo
3032 2745 3241 2814 impetu
3271 2745 3329 2800 in
3360 2751 3582 2802 nostros

1938 2827 2045 2884 tela
2084 2828 2406 2894 emittendo,
2448 2829 2714 2885 irruebat.
2772 2830 2853 2885 0b
2903 2830 3012 2886 hoc
3065 2832 3210 2886 enim
3250 2834 3426 2888 nostri
3478 2833 3578 2890 ali-

1936 2917 2259 2987 quantulum
2324 2917 2689 2974 subsistentes
2720 2960 2735 2985 ,
2810 2919 2994 2974 omnia
3068 2920 3303 2977 telorum
3377 2935 3577 2992 genera

1937 3020 2062 3076 qua:
2101 3013 2334 3075 possunt
2391 3005 2608 3072 emitti,
2666 3007 2735 3061 ab
2774 3007 3014 3063 inimicis
3071 3009 3289 3065 detorta
3345 3011 3582 3081 recipie-

204 3095 490 3165 tinguibili
530 3095 948 3163 circumvenire,
996 3097 1266 3167 pervenit.
1298 3097 1454 3163 Quod
1489 3098 1617 3153 dum
1649 3098 1714 3151 ad
1747 3084 1917 3154 hoeC
1940 3094 2090 3149 bant.
2122 3096 2311 3164 Itaque
2336 3094 2684 3150 inimicorum
2724 3095 2850 3152 telis
2897 3096 3095 3153 callide
3140 3099 3404 3168 exceptis,
3445 3100 3580 3155 viri-

206 3184 587 3256 peragendum
636 3186 938 3255 negotium,
980 3200 1012 3241 a
1050 3199 1159 3256 quo
1199 3186 1407 3242 retrahi
1446 3184 1511 3217 ωδ
1547 3201 1670 3243 eum
1697 3200 1858 3243 nemo

204 3279 452 3345 poterat,
512 3272 847 3330 circumfuso
913 3281 1077 3345 atque
1140 3274 1544 3345 circumsparso
1611 3276 1857 3331 exercitu

205 3362 578 3418 Mediolanum
636 3364 999 3433 pervenisset,
1043 3365 1198 3433 juxta
1247 3364 1471 3420 ﬂuvium
1516 3364 1664 3434 quod
1711 3365 1860 3421 Vita-

202 3452 338 3507 bilis
373 3450 499 3523 (83)
534 3459 781 3520 vocatur,
832 3452 980 3522 quod
1024 3450 1088 3482 ⁸⁰⁹
1134 3452 1410 3522 quondam
1458 3467 1649 3509 omnes
1687 3454 1856 3509 ultra-

204 3541 451 3596 marinas
516 3539 736 3595 divitias
802 3555 924 3596 cum
992 3541 1216 3597 flumine
1282 3542 1515 3597 Lambro
1580 3543 1648 3597 ab
1724 3543 1859 3598 urbe

202 3644 387 3702 usque
424 3630 481 3685 in
521 3631 724 3685 Padum
762 3631 1030 3687 sociatum
1070 3631 1230 3687 nobis
1285 3637 1344 3687 ut
1400 3636 1575 3686 mater
1610 3631 1860 3701 quotidie

204 3720 666 3790 repraesentabat,
735 3720 830 3776 ubi
869 3734 981 3776 non
1031 3720 1194 3791 longe
1233 3721 1301 3776 ab
1368 3721 1506 3776 urbe
1571 3721 1769 3777 castris
1806 3726 1861 3775 et

202 3809 468 3865 tentoriis
532 3808 735 3876 infixis,
797 3807 1055 3880 fatigatus
1110 3808 1381 3864 consedit.
1427 3809 1579 3865 Unde
1619 3823 1718 3879 per
1754 3808 1863 3864 ali-

209 3906 351 3969 quot
392 3898 515 3953 dies
559 3912 717 3954 suum
756 3898 895 3953 inibi
954 3911 1213 3954 recreans
1252 3899 1575 3966 exercitum,
1633 3898 1861 3954 ordina-

204 3988 395 4056 tisque
434 3986 609 4056 signis
647 3993 813 4057 atque
851 3986 1129 4057 legionum
1170 3987 1424 4054 ducibus,
1464 3987 1520 4042 in
1562 3986 1724 4042 tertia
1772 3988 1861 4042 die

201 4084 266 4133 ut
309 4076 590 4132 civitatem
630 4075 877 4131 funditus
915 4076 1295 4144 demoliretur,
1337 4090 1530 4133 omnes
1566 4075 1770 4131 milites
1799 4091 1862 4133 ac

206 4167 596 4222 universorum
636 4166 884 4235 peditum
916 4172 1161 4221 catervas
1219 4165 1287 4221 ad
1345 4165 1703 4237 praeliandum
1762 4180 1863 4236 per

206 4268 655 4323 unamquamque
695 4262 909 4324 portam
948 4255 1186 4310 civitatis
1243 4255 1393 4311 velut
1447 4254 1592 4311 feras
1630 4254 1858 4310 dimisit.

202 4343 422 4409 Quibus
486 4342 747 4410 dimissis,
823 4344 963 4399 alius
1036 4343 1384 4413 imperatoris
1456 4358 1681 4411 amore,
1722 4343 1864 4399 alius

1939 3182 2067 3238 liter
2104 3197 2202 3238 sua
2248 3196 2397 3238 arma
2455 3190 2713 3254 regentes
2768 3184 2972 3241 milites
3023 3200 3086 3242 ac
3144 3187 3380 3257 pedites,
3441 3194 3502 3244 ut
3551 3202 3581 3242 a

1941 3271 2215 3343 magistris
2245 3271 2376 3327 belli
2416 3280 2575 3328 erant
2603 3273 2808 3342 edocti,
2851 3275 3098 3330 certatim
3140 3283 3201 3331 ut
3238 3284 3395 3332 erant
3433 3277 3585 3333 ordi-

1941 3361 2054 3416 nati
2084 3375 2241 3417 suum
2272 3362 2456 3417 locum
2481 3363 2879 3428 custodientes,
2922 3370 3303 3432 competenter
3332 3372 3387 3419 et
3424 3372 3584 3421 caute

1941 3451 2244 3506 certabant.
2297 3452 2468 3506 Nemo
2505 3451 2625 3505 sine
2681 3450 2947 3506 conscilio
3004 3452 3061 3506 in
3119 3452 3277 3507 hoste
3334 3451 3584 3510 feriendo

1940 3537 2222 3604 irruebat;
2266 3551 2426 3593 nemo
2465 3551 2624 3594 suum
2664 3539 2957 3593 terminum
2996 3540 3116 3594 sine
3145 3541 3296 3609 gravi
3339 3540 3582 3598 hostium

1943 3627 2308 3683 concursione
2356 3634 2451 3682 aut
2488 3626 2713 3681 vulnere
2772 3626 3100 3692 deserebat;
3144 3640 3305 3683 nemo
3343 3628 3580 3697 hostem,

1942 3716 2155 3771 etiamsi
2184 3721 2554 3785 opportunum
2594 3714 2664 3770 ad
2691 3712 2997 3770 feriendum
3030 3716 3400 3785 conspiceret,
3431 3718 3585 3774 solus

1943 3820 2010 3861 ex
2047 3805 2162 3860 suis
2191 3804 2422 3860 exiliens
2452 3809 2740 3873 percutere
2779 3804 3037 3860 audebat.
3072 3806 3139 3860 At
3166 3805 3261 3861 ubi
3291 3805 3497 3863 bellum
3526 3808 3583 3863 in

1942 3895 2181 3965 aliquam
2210 3894 2564 3964 gravescebat
2594 3900 2826 3962 partem,
2868 3901 2923 3949 et
2961 3894 3180 3963 pondus
3208 3896 3453 3964 ejusdem
3492 3912 3585 3954 su-

1945 3983 2343 4053 pereminebat,
2368 3996 2479 4039 non
2501 3997 2712 4049 omnes,
2735 3982 2833 4038 sed
2860 3982 3005 4053 legio
3027 3984 3093 4040 ad
3114 3998 3276 4053 quam
3302 3985 3397 4055 qui
3417 4000 3585 4057 super

1944 4073 2135 4128 turrim
2175 4073 2388 4128 astabat
2426 4073 2640 4143 signum
2671 4070 2925 4139 faciebat,
2959 4073 3229 4129 ordinatis
3265 4074 3439 4146 signis
3474 4082 3586 4132 sta-

1942 4163 2040 4217 tim
2070 4162 2487 4217 subveniebant.
2521 4163 2820 4231 Propterea
2867 4162 3092 4218 adunati
3130 4163 3397 4234 valdeque
3445 4179 3583 4222 con-

1942 4251 2120 4307 stricti
2168 4252 2357 4307 hostes
2394 4252 2594 4308 obnixe
2632 4251 2742 4320 jam
2782 4265 2976 4307 secure
3013 4253 3401 4322 irrumpentes,
3444 4255 3586 4311 alius

1946 4354 2131 4396 ensem
2169 4354 2386 4411 regens,
2420 4340 2560 4395 alius
2608 4340 2852 4395 lanceam
2892 4353 3054 4395 manu
3111 4346 3325 4408 tenens,
3385 4343 3584 4399 Teuto-

209 4405 419 4487 timore
471 4405 741 4501 ejusdem,
780 4432 921 4487 alius
978 4405 1302 4488 muneribus
1356 4437 1412 4488 et
1468 4432 1631 4488 donis
1668 4405 2101 4501 ratqueDnicos
2130 4434 2186 4484 et
2216 4405 2433 4484 ceteros
2471 4429 2660 4485 hostes
2707 4426 2953 4484 feraliter
2990 4405 3394 4498 percutiebant,
3443 4431 3585 4488 alius

208 4520 528 4589 promissis,
562 4520 703 4575 alius
757 4535 856 4590 spe
914 4521 1138 4590 praedae,
1178 4517 1345 4577 alius”
1374 4521 1611 4576 civitatis
1665 4520 1866 4590 opibus

1945 4516 2160 4587 sagittis
2189 4518 2499 4586 ceterisque
2530 4517 2821 4573 tormentis
2841 4516 2993 4586 ipsos
3022 4518 3386 4587 percutiendo
3419 4525 3583 4589 atque

208 4607 461 4674 illectus,
503 4623 532 4663 e
572 4608 776 4678 quibus
814 4610 932 4678 ipse
962 4624 1090 4665 suas
1118 4611 1452 4664 animaverat
1480 4615 1693 4679 gentes,
1726 4609 1867 4664 alius
1948 4606 2247 4662 minuendo
2312 4606 2831 4677 perterrefaciebat,
2898 4606 3040 4662 alius
3111 4605 3306 4663 ferreis
3370 4609 3588 4664 uncinis

211 4698 296 4772 ira
365 4696 498 4752 odio
563 4697 803 4753 civitatis
868 4697 1130 4765 imbutus,
1198 4704 1362 4769 prout
1428 4704 1622 4753 natura
1687 4698 1869 4769 gentis
1949 4698 2141 4754 hostes
2205 4709 2346 4766 quos
2409 4696 2477 4751 ad
2535 4710 2595 4751 se
2652 4697 2871 4751 trahere
2931 4700 3187 4765 poterat,
3257 4696 3587 4753 trucidabat.

211 4799 335 4841 suae
375 4786 649 4856 exigebat,
708 4787 893 4843 sonitu
951 4787 1187 4843 terribili
1244 4787 1603 4858 inauditoque
1660 4789 1869 4858 garritu
1951 4789 2175 4842 Demum
2207 4785 2287 4840 sic
2334 4784 2619 4853 facientes,
2672 4784 2858 4840 multis
2904 4783 3253 4841 inimicorum
3292 4783 3438 4841 ferro
3478 4790 3594 4841 tru—

1595 4914 1815 4968 VARI/E
1852 4912 2235 4967 LECTIONES.

290 5023 356 5054 ⁵⁰⁵
394 5038 458 5079 ac
490 5025 548 5078 Β.
625 5025 690 5057 δθθ
718 5026 982 5081 recreatis
1006 5028 1064 5081 B.
1142 5026 1205 5058 ¹⁶⁰⁷
1239 5027 1477 5084 Titulus:
1519 5031 1594 5083 De
1638 5028 1931 5083 obsidione
1979 5026 2271 5082 Mediolani
2320 5039 2350 5079 a
2392 5038 2520 5094 rege
2552 5025 2806 5080 Conrado
2851 5038 2973 5079 cum
3023 5024 3146 5080 aliis
3183 5029 3421 5094 quatuor
3458 5024 3598 5081 facta

218 5096 471 5220 regibus.
504 5098 594 5151 A*.
626 5097 871 5164 Qualiter
900 5098 1091 5153 civitas
1118 5099 1541 5156 Mediolanensis
1570 5114 1600 5155 a
1628 5099 1881 5155 Conrado
1920 5098 2252 5167 imperatore
2283 5098 2354 5151 ob
2384 5094 2566 5165 fugam
2597 5096 2870 5151 Heriberti
2903 5095 3195 5152 obsidione
3226 5096 3597 5152 concluditur.

213 5182 276 5222 re
325 5206 342 5220 .
455 5164 569 5222 ma
597 5182 709 5222 auo
738 5182 861 5222 eum
895 5183 1055 5222 nemo
1085 5171 1367 5222 retrahere
1399 5186 1452 5222 n.
1481 5173 1541 5222 Β.
1645 5170 1709 5202 “'9
1745 5170 1839 5222 aui
1872 5172 1929 5222 Β.
2025 5169 2088 5200 “0
2116 5169 2193 5222 ita
2232 5166 2316 5222 Bt.
2350 5168 2501 5222 sedis
2529 5167 2683 5222 codd.
2786 5166 2846 5197 ‘“
2878 5166 3133 5222 homines
3162 5169 3221 5222 Β.
3314 5166 3378 5198 ¹⁴¹²
3407 5181 3597 5222 conse-

455 5164 569 5241 f°°a
596 5182 709 5241 quo
738 5182 861 5241 eum
895 5183 1055 5225 nemo
1085 5171 1367 5228 retrahere
1398 5186 1452 5241 p.
1481 5173 1541 5227 Β.

217 5238 427 5294 dentes
456 5239 516 5293 B.
593 5238 655 5303 Ψ
684 5240 834 5309 quod
866 5242 925 5295 Β.

1645 5170 1709 5202 ιον
1745 5170 1839 5240 qui
1871 5172 1929 5225 B.

2025 5169 2088 5200 “0
2116 5169 2193 5224 ila
2232 5166 2316 5223 BL
2350 5168 2501 5223 sedis
2529 5167 2683 5222 codd.
2786 5166 2846 5197 ⁸¹¹
2878 5166 3133 5223 homines
3162 5169 3221 5223 Β.
3314 5166 3378 5198 ¹⁴¹²
3407 5181 3605 5225 conse-

1808 5313 2023 5369 NOTAE.

464 5433 639 5491 Etiam
686 5448 853 5506 supra
909 5442 1025 5492 tres
1088 5449 1248 5506 reges
1301 5435 1592 5492 Lamberto
1649 5437 1883 5494 comites
1962 5466 2034 5477 -—
2060 5433 2814 5515 §II._Fumagalli,_Vicende
2835 5433 2894 5515 di
2933 5432 3153 5515 gitana,

218 5503 449 5561 tribuit.

2060 5434 2186 5489 311.
2222 5434 2539 5505 Fumagalli,
2572 5434 2814 5489 Vicende
2838 5434 2894 5489 di
2933 5434 3153 5500 Milano,
3194 5434 3408 5560 $6297.

2040 5505 2157 5578 (84)
2199 5507 2313 5562 lmo
2331 5507 2420 5562 vix
2449 5510 2708 5572 centum;
2747 5519 2799 5561 v.
2829 5503 3032 5560 Giulini
3070 5506 3163 5573 III,
3275 5506 3321 5560 ι.

308 5573 435 5645 (83)
480 5576 552 5631 La
616 5577 970 5645 Vecchiabia,
1013 5576 1081 5633 de
1129 5588 1237 5665 qua
1275 5592 1326 5633 v.
1366 5576 1568 5633 Giulini
1629 5580 1720 5645 III,
1778 5578 1885 5632 305
1940 5624 1947 5629 .
