4022 6160
484 308 591 361 879

1562 307 1889 362 LANDULFI
1928 305 2458 362 MEDIOLANENSIS
2491 306 2754 362 CLERICI
2839 296 2842 300 ’

3747 306 3857 358 880

482 432 698 501 cidatis,
724 446 825 504 per
853 432 1065 503 aliquot
1093 432 1214 489 dies
1242 431 1457 502 equites
1485 445 1607 486 cum
1639 412 1940 502 equitibus,
1974 432 2121 502 pedi-
2142 431 2441 496 Aveniret,
2500 431 2677 487 scutis
2714 431 2979 487 ambabus
3018 431 3269 500 partibus
3305 431 3597 498 ordinatis,
3650 431 3862 487 incolu-

481 525 567 575 tes
604 535 728 577 cum
786 521 1066 591 peditibus
1104 520 1339 590 praeliati
1379 525 1529 575 sunt.
1585 522 1653 575 At
1708 520 1930 588 milites,
1989 532 2123 591 quo-

482 622 604 665 rum
641 611 842 667 virtute
881 617 1045 680 atque
1073 609 1237 664 animi
1267 609 1497 665 scientia
1528 613 1582 665 et
1610 611 1863 680 corporis
1900 612 2122 682 ingenio

480 697 627 755 bella
681 701 1031 771 gerebantur,
1102 698 1353 754 clanculo
1415 698 1682 755 militibus
1746 700 2125 756 audacissimis

481 792 649 859 atque
714 787 1027 845 fortissimis
1092 788 1342 843 centenis
1409 788 1671 856 dimissis,
1732 795 1792 844 ut
1849 790 2038 846 hostes
2092 805 2122 845 a

484 892 826 949 quacumque
866 883 1020 948 parte
1068 883 1296 947 possent
1356 878 1634 946 invadere,
1694 879 1858 935 modo
1896 895 1927 935 a
1984 880 2122 935 laevo

479 966 652 1024 latere
681 967 845 1023 modo
874 981 905 1022 a
943 967 1195 1034 dextero,
1228 967 1393 1024 modo
1426 969 1481 1023 in
1523 969 1696 1037 prima
1734 967 1917 1025 fronte
1956 969 2122 1025 modo

478 1062 651 1125 retro,
718 1057 949 1112 maxime
1016 1070 1140 1113 cum
1209 1056 1356 1113 bello
1423 1057 1777 1124 laborabant,
1848 1063 2124 1114 certantes

475 1145 829 1219 quamplures
894 1145 1235 1213 occidendo,
1301 1145 1497 1215 spoliis
1561 1148 1787 1203 omnino
1857 1147 2120 1216 dimissis,

473 1251 639 1294 cursu
667 1236 863 1307 rapido
909 1250 1175 1307 equorum
1214 1235 1332 1291 lora
1363 1242 1723 1308 revertentes,
1774 1239 1920 1309 regis
1968 1252 2124 1295 exer-

477 1327 645 1382 citum
684 1325 932 1396 undique
962 1325 1389 1381 conturbabant.
2108 1322 2115 1325 ⁷

543 1414 633 1471 25.
676 1416 900 1471 Factum
933 1414 997 1446 ⁴¹δ
1035 1420 1118 1470 est
1147 1420 1328 1471 autem
1368 1429 1490 1470 cum
1518 1413 1582 1445 ⁴¹³
1612 1414 1949 1486 Eriprandus
1977 1416 2125 1472 vice-

471 1517 658 1561 comes
697 1503 822 1576 (85),
882 1504 1041 1560 miles
1078 1504 1399 1560 milenarius
1446 1518 1476 1558 e
1533 1502 1598 1535 διδ
1636 1504 1807 1575 regali
1866 1506 2124 1575 prosapia

473 1593 765 1660 oriundus,
833 1593 1057 1664 ingenio
1113 1594 1281 1648 animi
1339 1597 1393 1648 et
1448 1594 1701 1663 corporis
1753 1594 1962 1649 viribus
2016 1596 2122 1664 ipsi

472 1684 591 1754 regi
631 1681 1029 1753 praeferendus,
1070 1684 1227 1753 quasi
1264 1683 1426 1755 gigas.
1456 1690 1771 1740 nostrorum
1822 1687 2122 1741 exercitum

2206 521 2312 576 mis
2341 522 2498 591 quasi
2529 520 2767 577 volando
2797 535 2917 576 sese
2957 520 3181 591 dejecit.
3231 525 3298 576 At
3340 535 3436 576 rex
3466 521 3759 577 Conradus
3796 523 3861 575 ab

2206 610 2354 666 omni
2383 624 2480 680 spe
2527 608 2842 677 frustratus,
2895 624 3016 665 cum
3054 612 3164 679 jam
3212 610 3415 665 multos
3464 610 3675 665 milites
3724 616 3859 665 stre-

2206 700 2501 755 nuissimos
2522 714 2585 755 ac
2607 699 2821 769 pedites
2841 699 3271 756 innumerabiles
3300 706 3493 756 contra
3518 706 3710 755 votum
3731 700 3859 755 ami-

2204 788 2385 853 sisset,
2418 803 2478 844 se
2507 787 2708 843 frustra
2738 803 2838 857 per
2876 789 3193 858 quindecim
3232 788 3351 844 dies
3399 788 3687 844 laborasse
3734 802 3861 843 con-

2205 877 2466 946 spiciens,
2500 876 2693 933 dolore
2731 877 2880 947 gravi
2920 877 3102 933 dolori
3140 877 3423 948 adjuncto,
3465 879 3563 932 Dei
3602 878 3688 933 ira
3726 877 3861 932 mul-

2207 966 2279 1021 tis
2316 967 2678 1037 grandinibus
2709 976 2817 1022 tam
2847 982 3063 1023 sursum
3096 982 3258 1037 quam
3307 968 3569 1024 deorsum
3620 968 3861 1022 trucida-

2206 1060 2314 1123 tus,
2343 1056 2509 1126 Papia
2539 1056 2772 1112 tendens
2799 1055 2883 1123 “3,
2904 1057 3156 1127 graviter
3177 1057 3300 1113 urbi
3332 1056 3596 1113 minando
3624 1054 3855 1126 aufugit.

2205 1145 2436 1200 Terrore
2484 1146 2579 1201 Dei
2621 1160 2683 1201 ac
2722 1146 2820 1201 irae
2860 1145 3100 1217 desuper
3139 1147 3404 1216 percussi,
3453 1152 3625 1216 atque
3665 1145 3860 1217 gladiis

2204 1234 2695 1291 Mediolanensium
2754 1235 2916 1305 potiti
2955 1234 3041 1304 ³η,
3078 1237 3363 1292 ambarum
3420 1236 3714 1307 plagarum
3770 1236 3859 1290 ila-

2205 1324 2365 1394 gellis
2402 1324 2675 1391 demoliti,
2708 1324 2927 1381 nemine
2976 1333 3344 1396 persequente
3398 1331 3553 1382 tanta
3603 1327 3856 1397 angustia

2205 1412 2421 1469 confusi
2486 1413 2788 1485 fugiebant,
2867 1414 3016 1485 quod
3092 1415 3249 1471 multi
3315 1416 3520 1471 milites
3586 1415 3857 1485 multique

2208 1502 2425 1572 pedites
2462 1517 2731 1574 equorum
2789 1502 3024 1573 pedibus
3079 1504 3277 1573 attriti,
3320 1506 3483 1561 morti
3524 1505 3650 1560 sine
3692 1505 3858 1560 homi-

2207 1605 2336 1646 num
2373 1592 2650 1663 adjutorio
2679 1593 3064 1661 incurrerent;
3096 1593 3244 1649 inter
3271 1607 3413 1665 quos
3442 1596 3561 1666 Ugo
3611 1594 3855 1650 marchio

2206 1681 2627 1751 Transpadanus
2691 1680 2821 1751 (86),
2881 1682 2975 1752 qui
3044 1682 3231 1738 multis
3294 1697 3419 1739 cum
3476 1683 3757 1739 militibus
3792 1682 3852 1739 ad

470 1771 660 1827 multis
732 1771 1127 1828 strenuissimis
1209 1771 1476 1827 militibus
1553 1773 1789 1843 stipatus
1871 1768 2595 1845 undiqueBdestruendam
2633 1771 2825 1827 urbem
2862 1771 2920 1826 in
2972 1772 3250 1842 adjutorio
3279 1773 3519 1828 Conradi
3551 1787 3852 1829 concurse-

470 1867 788 1931 protegens,
829 1860 1081 1928 fortuitu,
1135 1865 1195 1915 ut
1243 1860 1511 1916 militibus
1566 1862 1624 1916 in
1683 1861 1829 1919 bello
1897 1864 2117 1920 evenire

465 1953 630 2017 solet,
701 1949 917 2005 cuidam
982 1949 1380 2019 superbissimo
1427 1950 1753 2018 Teutonico,
1821 1952 2118 2022 imperato-

466 2037 545 2093 ris
584 2039 795 2108 nepoti,
844 2039 1166 2109 Baiguerius
1221 2038 1443 2094 nomine
1502 2045 1557 2094 et
1614 2053 1682 2094 ex
1738 2040 1877 2109 ipsis
1933 2048 2113 2109 natus,

467 2141 591 2184 cum
650 2128 1116 2199 supervidendum
1174 2128 1417 2185 hostium
1457 2132 1705 2184 catervas
1760 2144 1883 2186 cum
1925 2132 2117 2201 paucis

462 2216 661 2285 adiret,
694 2218 974 2286 obviavit;
1030 2218 1146 2288 qui,
1205 2217 1383 2274 ﬁdens
1446 2217 1657 2273 viribus
1695 2224 1860 2289 atque
1927 2221 2113 2277 nimia:

471 2306 835 2375 multitudini,
876 2323 937 2364 se
977 2308 1130 2378 prius
1177 2321 1288 2364 non
1319 2314 1662 2379 gustaturum
1693 2322 1890 2377 panem
1938 2324 2118 2381 neque

464 2395 768 2453 bibiturum
804 2397 990 2454 vinum
1032 2399 1312 2467 juraverat
1360 2396 1705 2451 terribilibus
1742 2398 1927 2453 verbis
1965 2399 2118 2456 afﬁr-

467 2499 642 2554 mans,
684 2500 848 2557 quam
876 2478 1012 2556 ipsa
1057 2501 1156 2541 sua
1201 2485 1392 2541 lancea
1421 2498 1695 2555 manuque
1726 2488 1950 2556 propria
1989 2490 2121 2545 civi-

466 2574 597 2630 tatis
659 2573 808 2631 fores
872 2589 937 2630 ac
1001 2576 1121 2645 ejus
1167 2588 1320 2630 seras
1383 2574 1591 2630 ferreas
1648 2574 1861 2631 feriret.
1909 2579 2120 2645 Quibus

468 2663 604 2721 visis
639 2669 807 2733 atque
836 2663 1098 2734 cognitis,
1131 2667 1187 2718 et
1224 2663 1421 2718 animis
1467 2662 1615 2718 velut
1652 2663 1846 2720 leones
1884 2680 2123 2724 commo-

470 2752 565 2821 tis,
632 2752 1067 2824 ardentibusque
1132 2752 1310 2809 oculis
1374 2752 1870 2824 frendentibusque
1937 2758 2116 2826 equis,

469 2853 611 2912 quos
674 2840 743 2897 ad
817 2840 963 2896 bella
1027 2840 1292 2897 decenter
1356 2847 1417 2896 ut
1482 2840 1689 2897 milites
1748 2845 2119 2900 strenuissimi

467 2930 891 2998 instruxerant,
966 2929 1175 2986 lanceis
1251 2931 1494 2986 extensis
1567 2931 1859 2987 immanem
1926 2934 2119 2991 dantes

467 3018 742 3091 fragorem
782 3026 1204 3077 concurrerunt.
1265 3020 1370 3075 Sed
1421 3034 1544 3075 cum
1582 3035 1704 3077 sese
1750 3028 1940 3080 mutuo
1979 3026 2119 3081 mili-

2203 1864 2308 1926 rat,
2349 1860 2418 1915 ab
2448 1873 2591 1930 equo
2622 1860 2847 1928 cadens,
2891 1874 3054 1930 quem
3102 1876 3171 1917 ex
3215 1862 3383 1917 nimia
3430 1863 3684 1932 gentium
3724 1863 3852 1918 den-

2200 1948 2361 2003 sitate
2392 1961 2554 2004 nemo
2585 1949 2842 2019 adjuvare
2872 1951 3074 2019 potuit,
3125 1950 3345 2021 ungulis
3392 1966 3669 2022 equorum
3698 1952 3848 2007 attri-

2200 2036 2287 2092 lus
2315 2043 2371 2092 et
2397 2038 2518 2108 ipse
2557 2039 2721 2094 morti
2760 2037 2921 2094 datus
2959 2045 3060 2094 est.
3104 2041 3327 2096 Factum
3366 2047 3451 2096 est
3488 2047 3698 2109 autem,
3732 2056 3848 2097 cum

2201 2140 2297 2181 rex
2336 2141 2436 2197 per
2463 2127 2677 2198 aliquot
2706 2128 2890 2198 Papiae
2919 2128 3039 2185 dies
3076 2129 3333 2197 sedisset,
3367 2130 3512 2186 idem
3564 2132 3737 2186 nimia
3773 2132 3849 2186 ira

2200 2215 2463 2283 imbutus,
2500 2217 2688 2273 nescio
2714 2231 2825 2287 quo
2856 2218 3078 2289 ingenio
3103 2219 3436 2289 Coriopicta:
3462 2220 3587 2291 (87)
3614 2222 3850 2276 venisset

2205 2304 2303 2375 (an
2337 2304 2494 2374 1037,
2527 2308 2663 2364 Mai.
2694 2306 2819 2378 29),
2846 2309 3030 2364 omnia
3060 2308 3271 2364 habens
3298 2309 3638 2379 promiscua,
3671 2310 3850 2366 divina

2201 2392 2459 2449 videlicet
2524 2402 2579 2451 et
2636 2396 2891 2465 humana,
2950 2398 3006 2453 in
3048 2402 3259 2453 tantum
3324 2404 3384 2454 ut
3422 2412 3652 2455 suorum
3691 2400 3847 2469 equis

2203 2482 2467 2539 ecclesias
2531 2485 2762 2555 implere
2831 2486 3196 2556 permitteret.
3273 2488 3334 2542 In
3399 2501 3511 2558 quo
3578 2488 3704 2544 loco
3771 2489 3851 2544 ira

2203 2570 2387 2627 divina
2450 2587 2766 2643 percussus,
2832 2580 2887 2630 et
2952 2588 3125 2632 nurus
3179 2591 3297 2644 sua,
3339 2577 3527 2632 multis
3591 2579 3848 2644 mortuis,

2202 2656 2426 2716 fulmine
2458 2661 2718 2718 defuncta
2757 2668 2841 2719 est
2880 2663 3008 2736 (88).
3049 2666 3117 2720 Et
3163 2664 3309 2721 idem
3357 2666 3554 2733 tristis,
3594 2666 3853 2722 omnibus

2204 2747 2492 2805 elementis
2530 2766 2780 2821 perosus,
2815 2766 3011 2808 nurum
3060 2768 3213 2809 suam
3260 2753 3324 2785 ’δίο
3368 2754 3613 2811 balsamo
3656 2770 3854 2826 peruu-

2202 2843 2344 2893 ctam
2410 2854 2596 2896 secum
2664 2840 2924 2897 deferens
2987 2843 3344 2899 Teutonicam
3409 2845 3684 2911 tetendit;
3760 2846 3853 2901 ubi

2201 2940 2407 2996 paucos
2464 2936 2709 2986 moratus
2778 2930 2935 2999 dies,
2994 2932 3146 3002 gravi
3206 2933 3534 3005 aegritudine
3590 2933 3852 2990 detentus

2201 3023 2450 3075 mortuus
2480 3026 2565 3074 est
2603 3019 2713 3092 (an.
2750 3019 2908 3088 1039,
2939 3023 3061 3077 Jun.
3098 3021 3183 3093 4).

469 3112 557 3165 tes
584 3108 1013 3179 gravissimeque
1044 3113 1419 3178 percuterent,
1471 3107 1661 3165 fractis
1707 3110 1937 3181 lanceis,
1989 3116 2183 3184 equiC.
2272 3108 2362 3163 26.
2408 3110 2536 3163 Post
2564 3106 2627 3137 ⁸⁵’ί
2657 3108 2885 3164 mllltum
2933 3124 3065 3165 vero
3116 3124 3229 3167 non
3279 3116 3495 3181 tempus
3535 3112 3682 3169 cives
3719 3127 3850 3170 suo-

472 3201 529 3254 et
574 3201 732 3254 scuta
760 3196 909 3253 velut
965 3198 1210 3253 tonitrua
1250 3203 1666 3267 perstrepentes
1703 3213 1900 3256 sonum
1958 3207 2127 3260 teter-

473 3284 672 3342 rimum
702 3284 1012 3352 dederunt;
1046 3290 1102 3341 et
1131 3284 1359 3340 ensibus
1401 3283 1568 3340 ferire
1608 3286 1788 3354 obliti,
1830 3288 1945 3346 fere
1984 3292 2126 3348 invi-

474 3388 594 3431 cem
659 3375 1039 3445 unusquisque
1097 3388 1199 3444 per
1260 3374 1445 3429 nasale
1503 3375 1735 3431 cassidis
1799 3378 2125 3438 alterutrum

472 3468 788 3521 tenuerant.
830 3464 920 3519 Sic
968 3462 1115 3519 enim
1163 3463 1445 3533 equitibus
1493 3464 1550 3518 in
1589 3478 1752 3520 unam
1791 3480 2123 3526 concurren-

474 3553 625 3610 tibus
680 3559 913 3624 partem,
983 3553 1240 3609 dominos
1304 3566 1436 3609 suos
1500 3553 1869 3612 deducebant.
1910 3560 2125 3617 Interea

475 3643 815 3714 Eriprandus
844 3656 946 3713 pro
986 3642 1163 3713 patria
1202 3656 1472 3713 pugnans,
1513 3657 1616 3713 pro
1646 3659 1754 3717 qua
1792 3648 1932 3703 mori
1972 3649 2123 3705 desi-

476 3732 725 3802 derabat,
786 3747 888 3804 pro
943 3747 1043 3788 sua
1088 3747 1153 3788 ac
1209 3739 1372 3803 gente
1429 3732 1794 3803 triumphans,
1854 3751 1984 3794 ense
2023 3741 2125 3796 sub

477 3829 738 3880 mentone
778 3823 983 3893 posito,
1042 3827 1296 3878 truncata
1333 3823 1507 3879 lorica
1552 3824 1889 3894 decapitavit
1932 3843 2127 3899 super-

478 3912 630 3977 bum,
661 3911 827 3967 David
866 3910 1062 3966 similis
1099 3911 1195 3980 qui
1234 3910 1406 3966 Uliam
1445 3911 1575 3967 olim
1622 3913 1857 3968 viriliter
1902 3915 2126 3972 detrun-

476 4000 641 4057 cavit.
681 4002 799 4068 Quo
840 4005 1080 4066 mortuo,
1142 4000 1358 4069 pedites
1408 4001 1606 4057 urbani
1664 4017 1787 4058 eum
1846 4005 2126 4075 rapientes

474 4094 810 4155 truncatum,
868 4095 924 4143 at
979 4088 1225 4143 dedecus
1282 4090 1633 4159 imperatoris
1689 4091 1993 4149 visceribus
2032 4109 2124 4150 ex-

475 4177 690 4245 tractis,
731 4191 899 4249 super
935 4190 1123 4233 arcum
1179 4177 1566 4248 triumphalem
1622 4180 1743 4249 ipsa
1798 4181 2009 4238 viscera
2064 4184 2122 4240 in

474 4265 770 4339 propatulo
827 4266 1204 4337 expandentes
1260 4268 1549 4324 miserunt.
1615 4269 1691 4324 De
1749 4282 1859 4339 quo
1898 4273 2122 4340 quidam

474 4372 543 4415 ex
579 4357 807 4425 nostris,
851 4356 1027 4426 primo
1066 4371 1189 4413 cum
1229 4358 1375 4428 regis
1423 4358 1700 4412 exercitus
1746 4358 2121 4417 innumerabi-

2204 3212 2324 3253 rum
2388 3198 2620 3253 victoria
2686 3198 2848 3267 potiti
2913 3199 3292 3269 inimicorum,
3351 3209 3412 3257 ut
3469 3214 3647 3272 genus
3682 3218 3851 3274 agere

2205 3288 2348 3344 solet
2384 3287 2701 3354 humanum,
2742 3288 2998 3344 hostibus
3036 3289 3245 3358 hostes,
3287 3291 3479 3346 amicis
3517 3292 3679 3348 amici
3721 3294 3851 3350 ﬁde-

2205 3376 2398 3432 lissimi
2431 3377 2571 3432 mala
2600 3390 2703 3447 pro
2734 3377 2892 3433 malis
2931 3384 2986 3433 et
3022 3378 3168 3435 bona
3206 3393 3308 3449 pro
3338 3380 3500 3436 bonis
3529 3380 3844 3448 reddentes,

2205 3468 2422 3523 curiose
2453 3466 2633 3522 effecti
2670 3474 2818 3523 sunt.
2850 3468 2990 3535 Quin
3048 3469 3210 3525 etiam
3268 3484 3458 3540 pacem
3495 3485 3621 3526 cum
3677 3471 3847 3527 homi-

2204 3557 2368 3613 nibus
2403 3556 2688 3624 babentes,
2722 3571 2845 3613 cum
2869 3560 2982 3627 jam
3012 3558 3221 3615 inimici
3252 3559 3495 3631 undique
3526 3560 3839 3626 deﬁcerent,

2204 3646 2418 3717 gladios
2455 3646 2513 3701 in
2559 3646 2889 3717 semetipsos
2943 3646 3204 3717 ferentes,
3264 3649 3453 3705 hostes
3490 3649 3844 3719 sibimetipsis

2205 3734 2385 3790 effecti
2450 3741 2598 3792 sunt.
2645 3737 2803 3793 Enim
2868 3736 3032 3807 hujus
3090 3752 3253 3794 causa
3309 3738 3440 3794 belli
3494 3739 3687 3807 duces,
3753 3737 3842 3808 qui

2203 3823 2345 3880 hanc
2376 3825 2567 3881 urbem
2606 3826 2773 3881 animi
2817 3826 3071 3895 scientia,
3104 3827 3358 3897 corporis
3405 3828 3609 3883 virtute
3658 3839 3841 3898 regere

2203 3927 2268 3969 ac
2288 3919 2466 3971 tutare
2496 3915 2769 3982 solebant,
2793 3929 2895 3985 per
2923 3916 3198 3987 quandam
3228 3916 3620 3988 negligentiam
3648 3917 3840 3972 amisso

2203 4002 2468 4072 dominio,
2502 4004 2725 4062 fuerunt
2754 4006 3071 4076 quondam;
3104 4007 3221 4077 qui,
3251 4013 3416 4078 prout
3443 4020 3639 4063 eorum
3676 4006 3842 4077 digni-

2203 4099 2287 4149 tas
2323 4098 2489 4167 atque
2552 4094 2813 4152 nobilitas
2851 4095 3124 4166 exigebat,
3166 4110 3267 4167 per
3320 4102 3571 4167 tempora
3609 4096 3668 4151 in
3707 4097 3842 4166 pala-

2203 4184 2296 4239 tiis
2336 4185 2493 4254 juxta
2540 4184 2828 4241 ecclesiam
2875 4186 3053 4241 sancti
3102 4186 3342 4241 Protaxii
3382 4186 3504 4257 (89)
3546 4191 3837 4251 morantes,

2202 4273 2465 4343 quicquid
2487 4274 2777 4331 honestum
2799 4279 2936 4342 erat,
2960 4274 3167 4330 civitati
3198 4275 3419 4331 curiose
3451 4276 3838 4345 procurabant,

2202 4369 2259 4418 et
2296 4363 2446 4433 quod
2476 4365 2694 4420 incaute
2722 4363 2975 4431 fractum,
3009 4363 3257 4420 studiose
3294 4377 3358 4421 ac
3405 4367 3695 4435 sapienter
3724 4378 3842 4421 con-

474 4446 546 4503 lis
584 4460 738 4504 more
794 4444 1129 4502 locustarum
1180 4451 1384 4501 terram
1422 4444 1483 4476 “7
1522 4446 1851 4515 cooperiens
1889 4443 2541 4522 circum-Dsolidabant,
2573 4459 2628 4509 et
2665 4453 2814 4524 quod
2844 4453 3047 4523 injuste
3087 4459 3268 4509 actum
3312 4454 3371 4510 in
3417 4454 3632 4526 aliquo,
3675 4453 3840 4512 conti-

1828 4579 2051 4634 VARI/E
2090 4581 2475 4638 LECTIONES.

545 4671 611 4703 ιιι
642 4670 877 4749 mulus.-
910 4672 985 4749 De
1015 4668 1324 4749 Eriprando
1345 4670 1675 4749 vicecomite
1707 4678 1761 4749 et
1792 4674 2176 4749 deibaiguerio
2208 4692 2357 4748 rege.
2388 4679 2481 4733 A".
2514 4678 2758 4745 Qualiter
2787 4678 3124 4749 Eriprandus
3150 4679 3472 4735 vicecomes
3501 4678 3837 4749 Baiguerium

475 4744 719 4819 Conradi
754 4748 1015 4819 nepotem
1040 4743 1383 4819 defruncavit
1410 4741 1557 4819 νεα.-
1606 4741 1840 4819 “faces!
1868 4748 1927 4819 Β.
1988 4741 2068 4778 ’⁸³⁸
2097 4749 2239 4804 deest
2269 4741 2329 4803 Β.
2405 4748 2467 4779 ⁸¹⁷
2492 4741 2633 4804 dces:
2664 4752 2724 4804 Β.
2800 4741 2967 4806 “Vita
3014 4752 3075 4805 B.
3126 4756 3320 4806 tenens
3347 4752 3443 4805 A".
3476 4741 3703 4819 Pame
3733 4758 3839 4805 ten-

476 4815 616 4891 dens
651 4814 737 4891 B_l.
813 4811 878 4845 “9
906 4814 1063 4883 petiti
1091 4812 1173 4867 BI.
1236 4811 1314 4891 f’“
1345 4814 1487 4891 deest
1525 4815 1584 4868 B.
1661 4814 1720 4845 ⁴²¹
1757 4816 1992 4871 Titulus:
2025 4820 2263 4888 Explicit
2293 4820 2361 4875 de
2400 4822 2641 4876 Cononis
2679 4821 2990 4877 obsidione.
3023 4822 3224 4891 lncipit
3260 4822 3329 4877 de
3358 4811 3671 4891 capitaneis
3697 4820 3836 4877 obsi-

475 4886 644 4963 dioue
689 4885 832 4963 facta
879 4899 1053 4963 super
1085 4883 1347 4963 populum
1394 4884 1703 4941 libertatem
1734 4896 2021 4957 parentum
2050 4883 2401 4963 antiquorum
2430 4892 2820 4963 vindicantem.
2851 4894 2944 4948 A".
2977 4894 3051 4948 De
3082 4883 3228 4948 civili
3258 4883 3558 4961 discordia,
3591 4907 3720 4963 quae
3749 4891 3835 4947 fuit

475 4958 623 5015 inter
660 4958 978 5028 capitaneos
1006 4962 1063 5012 et
1090 4957 1427 5012 valvassores
1464 4971 1532 5012 ex
1560 4964 1714 5027 parte
1745 4972 1871 5023 una,
1904 4965 1959 5015 et
1989 4957 2252 5031 populum
2272 4962 2735 5020 Mediolanensem
2766 4978 2834 5020 ex
2862 4964 3053 5020 altera.
3084 4963 3203 5021 rell.

2057 5061 2273 5117 NOTIE.

542 5152 648 5224 (85)
688 5153 934 5224 Dignitas
962 5154 1074 5224 jam
1111 5158 1243 5208 tunc
1272 5152 1624 5209 haereditaria
1654 5169 1777 5225 quae
1809 5156 1865 5211 in
1896 5155 2117 5214 familiae

469 5239 671 5283 nomen
702 5226 938 5292 transiit,
973 5232 1032 5281 ut
1064 5224 1301 5281 Giulinio
1340 5225 1574 5292 videtur,
1626 5224 1719 5292 lll,
1770 5225 1896 5283 314.
1946 5229 2118 5285 Filius

467 5297 760 5369 Eriprandi
792 5296 895 5353 fuit
922 5299 1048 5354 Otto
1078 5298 1413 5369 vicecomes,
1437 5312 1488 5352 v.
1529 5297 1670 5352 Giul.
1702 5299 1790 5365 ιν,
1823 5297 1951 5353 203.

544 5367 646 5440 (86)
676 5370 834 5425 Hunc
879 5367 1339 5440 Anselmiﬂlium
1390 5367 1577 5440 fuisse
1605 5369 1673 5424 dc
1723 5369 2115 5430 Monteferrato

470 5438 772 5497 arbitratur
800 5440 1031 5509 Muletti,
1061 5439 1282 5496 Saluzzo
1314 5441 1355 5504 l,
1399 5454 1452 5509 p.
1486 5438 1614 5493 341.

542 5510 653 5581 (87)
684 5510 963 5580 Corbetta,
1023 5513 1179 5581 cujus
1236 5512 1295 5568 in
1334 5510 1626 5581 obsidione
1684 5510 1791 5567 hoc
1848 5513 2118 5571 accidisse

475 5580 665 5640 narrat
700 5583 924 5655 Wippo,
954 5597 986 5639 a
1021 5580 1243 5640 Mediol.
1289 5580 1355 5637 12
1389 5580 1527 5640 mill.
1573 5581 1750 5651 abest,
1798 5582 1836 5637 5
1878 5599 1912 5642 a
1947 5585 2120 5643 Buﬁ‘a-

2199 5159 2338 5233 lora.
2405 5163 2473 5216 In
2545 5176 2727 5233 campo
2789 5161 2954 5231 juxta
3016 5158 3374 5233 Mediolanum
3416 5160 3647 5233 Ahabent
3703 5163 3829 5233 Ann.

2199 5232 2346 5287 Hild.
2379 5240 2436 5287 et
2471 5247 2522 5287 v.
2564 5230 2683 5289 Kal.
2715 5230 2862 5289 Junii
2890 5233 3177 5290 Conradus
3199 5231 3350 5303 leges
3398 5230 3557 5289 dedit
3608 5235 3666 5289 in
3709 5231 3834 5288 obs;

2198 5303 2352 5359 dione
2378 5303 2692 5361 Mediolani.

2272 5374 2378 5445 (88)
2409 5375 2559 5431 Obiit
2592 5374 2748 5444 1038,
2780 5375 2888 5432 Jul.
2927 5374 3014 5433 18.

2272 5442 2374 5524 (89)
2402 5446 2609 5503 Dictam
2649 5442 3053 5524 a‘dﬁonqchps
3065 5467 3084 5514 ,-
3102 5445 3555 5524 _v._fpmagalli,
3603 5442 3828 5524 Vicende

2200 5516 2257 5573 di
2286 5517 2507 5587 Milano,
2555 5533 2611 5589 p.
2661 5517 2804 5590 270;
2853 5518 3057 5576 Giulini
3102 5519 3145 5584 1,
3192 5516 3299 5573 308
3340 5516 3427 5575 de'
3459 5524 3618 5576 curte
3664 5516 3825 5573 ducis.
