4022 6160
172 320 266 375 881
1208 319 1519 375 HISTORIA
1555 318 2102 374 MEDIOLANENSIS.
2145 348 2214 358 —
2253 319 2377 374 LIB.
2419 320 2489 374 ll.
3427 331 3534 386 882

172 459 274 502 nuo
332 460 430 516 per
481 446 718 516 aliquam
773 459 991 502 causam
1049 445 1341 501 emendare
1389 450 1444 500 et
1489 442 2124 503 satisfacereAsalutem
2173 457 2335 513 quam
2394 442 2521 499 ullis
2575 443 2879 514 beneficiis,
2921 445 3104 503 studio
3160 449 3429 510 bellorum
3478 461 3534 512 et

168 535 506 605 injuriantem
568 536 960 605 procurabant.
1019 534 1342 590 Praesidium
1399 541 1554 587 erant
1602 532 1804 601 orpha-
1887 531 2126 601 ingeniis
2190 533 2496 587 animorum
2564 534 2782 588 curiose
2853 533 2948 588 diu
3013 540 3293 608 noctuque
3369 556 3532 599 exar-

167 626 265 691 nis,
316 624 648 694 adjutorium
698 625 994 690 tribulatis,
1036 624 1216 679 viduis
1254 623 1578 688 subsidium,
1614 635 1805 690 parvu—
1886 621 2138 688 descens,
2173 627 2494 691 paupertate
2542 620 2720 688 fortis,
2770 637 2870 692 pro
2901 626 3236 694 acquirenda
3275 627 3532 688 libertate

165 714 228 768 lis
258 713 670 779 nutrimentum,
704 714 790 769 lex
827 720 985 769 erant
1025 713 1266 783 iniustis,
1303 713 1516 781 justitia
1554 710 1798 780 perfidis,
1887 709 2238 778 fortissimus,
2289 711 2496 766 divitiis
2533 711 2748 779 anxius,
2781 713 2879 768 sed
2919 714 3223 772 studiosior
3253 717 3528 789 libertate,

163 803 430 872 timorque
488 803 814 859 latronibus.
882 805 1085 858 Omnes
1144 803 1285 856 enim
1355 806 1691 855 mercatores
1747 804 1802 854 et
1877 798 2076 866 jaculis
2131 813 2195 853 ac
2249 800 2539 855 tormentis
2595 800 2761 855 variis
2817 801 3158 872 diversisque
3217 807 3532 864 munitioni-

161 892 366 958 rustici,
400 899 645 947 aratores
695 899 750 947 et
799 891 1038 955 bebulci,
1073 905 1266 946 secure
1318 890 1543 959 propria
1582 888 1800 958 negotia
1881 887 1984 941 bus
2032 888 2290 957 omnique
2340 888 2582 958 ingenio,
2636 903 2746 958 quo
2803 904 2925 945 sese
2981 906 3009 946 a
3068 893 3280 949 civibus
3340 897 3530 952 hostes

158 985 380 1049 agentes
416 981 756 1046 victitabant,
791 980 1006 1051 singula
1051 994 1149 1034 sua
1180 986 1476 1044 curantes;
1529 977 1796 1032 ecclesia-
1876 976 1986 1044 jam
2025 975 2152 1030 facti
2194 977 2453 1032 mortales
2501 977 2737 1032 liberare
2778 984 3023 1048 possent,
3057 995 3280 1051 operam
3326 985 3529 1042 dabant

159 1084 272 1124 rum
304 1075 360 1124 et
407 1070 735 1126 clericorum
783 1070 1092 1126 honoribus
1129 1068 1374 1134 solliciti,
1430 1067 1804 1137 prosperanti-

157 1159 254 1212 bus
304 1159 597 1226 universis,
632 1161 688 1214 in
738 1174 871 1229 pace
902 1159 1177 1214 vivebant.
1229 1160 1347 1213 Non
1399 1162 1515 1213 erat
1561 1157 1800 1226 dignitas

156 1261 334 1318 neque
374 1255 660 1318 parentum
710 1249 962 1316 munitio,
996 1262 1119 1318 quae
1151 1247 1213 1277 ⁵³³
1251 1246 1489 1315 aliquem
1537 1245 1799 1301 adversus

154 1335 384 1393 alterum
440 1338 644 1406 injuste
694 1345 943 1408 agentem
991 1337 1306 1402 emendare,
1356 1340 1449 1390 aut
1495 1335 1794 1390 secundum

153 1425 352 1482 ducum
402 1427 694 1496 imperium
740 1427 1070 1482 renitentem
1101 1424 1397 1481 defendere
1445 1439 1509 1479 ac
1560 1423 1796 1478 liberare

152 1520 389 1570 curaret.
450 1516 629 1582 Enim,
680 1523 884 1585 prieter
933 1522 1179 1584 tempora
1238 1515 1291 1569 in
1350 1514 1551 1583 quibus
1607 1527 1794 1583 regum

151 1603 309 1659 hellis
339 1610 433 1659 aut
470 1605 821 1660 inimicorum
851 1605 1086 1660 catervis
1126 1604 1287 1674 longe
1326 1603 1544 1672 lateque
1576 1603 1794 1671 disper-

148 1693 222 1747 sis
273 1695 653 1748 strenuissime
692 1708 754 1749 ac
804 1693 1068 1750 decenter
1115 1692 1461 1758 insistebant,
1513 1706 1701 1762 pacem
1741 1698 1796 1746 et

1881 1065 2180 1120 curialiter.
2217 1068 2344 1121 Erat
2386 1067 2530 1122 enim
2562 1067 2760 1123 ductor
2789 1077 2954 1140 atque
2985 1070 3202 1127 illorum
3244 1080 3530 1143 protector

1880 1157 2058 1210 Lanzo
2116 1155 2320 1211 nobilis
2368 1162 2423 1210 et
2474 1157 2794 1226 capitaneus
2850 1159 3010 1224 altus,
3054 1163 3211 1231 cujus
3259 1165 3525 1222 conscilio

1879 1244 2045 1298 animi
2095 1252 2259 1314 atque
2299 1247 2552 1316 corporis
2600 1248 3091 1305 exercitationibus
3128 1259 3324 1308 cuncta
3373 1269 3527 1325 rege-

1879 1333 2080 1388 bantur
2128 1335 2368 1404 negotia.
2419 1336 2700 1404 Capitanei
2749 1351 2879 1393 vero
2929 1339 3075 1394 circa
3124 1342 3314 1398 urbem
3362 1349 3524 1400 ante-

1879 1423 2062 1477 vardis
2109 1423 2398 1491 ordinatis,
2455 1425 2727 1481 civitatem
2769 1427 2835 1481 ab
2874 1441 2985 1483 uno
3034 1429 3268 1486 miliario
3299 1431 3394 1487 diu
3428 1445 3526 1489 no-

1878 1517 2081 1583 ctuque
2130 1514 2346 1570 curiose
2395 1513 2678 1581 vallantes,
2713 1529 2821 1572 non
2853 1522 2914 1572 ut
2945 1518 3091 1574 cives
3120 1520 3216 1575 sed
3248 1525 3308 1575 ut
3337 1521 3526 1579 hostes

1879 1603 2298 1658 exercebantur.
2349 1602 2557 1670 Quibus
2604 1605 2862 1659 Marciani
2903 1611 2958 1660 et
3012 1608 3334 1677 Seprienses
3372 1610 3525 1666 auxi-

1877 1689 1950 1744 lia
1991 1697 2335 1760 praestantes,
2369 1707 2464 1748 sex
2503 1691 2706 1762 oppida
2745 1693 2800 1747 in
2842 1695 3076 1750 circuitu
3117 1697 3354 1752 civitatis
3391 1712 3524 1754 con-

148 1782 406 1850 gaudium
453 1782 736 1838 humiliter
780 1796 845 1837 ac
894 1782 1090 1838 devote
1134 1781 1479 1837 fruebantur.
1529 1783 1597 1835 At
1644 1778 1854 1849 post-B
1873 1783 2213 1847 struxerunt,
2248 1787 2302 1835 et
2340 1796 2441 1850 per
2469 1786 2582 1836 tres
2610 1795 2785 1838 annos
2814 1784 2962 1838 omni
2993 1783 3082 1838 die
3121 1785 3306 1840 multis
3335 1786 3522 1842 confe-

147 1884 332 1939 quam,
383 1873 570 1927 nescio
617 1872 819 1942 quibus
868 1871 936 1925 de
985 1871 1141 1926 malis
1180 1871 1361 1926 causis
1411 1871 1523 1938 jam
1578 1873 1786 1924 tantum

147 1961 745 2028 percrebrescentibus,
807 1961 1282 2016 honorificentiam
1348 1964 1513 2028 atque
1570 1972 1788 2014 suarum

145 2047 469 2119 dignitatum
519 2051 972 2121 magnificentiam
1023 2050 1193 2105 duces
1240 2048 1462 2104 novitiis
1481 2047 1546 2078 ⁸³³
1584 2049 1789 2117 capita-

145 2139 263 2194 neis
330 2139 589 2209 paulatim
656 2141 966 2207 dederunt,
1035 2140 1286 2195 maximis
1349 2137 1539 2193 nudati
1606 2137 1792 2192 hono-

143 2228 334 2295 ribus,
411 2231 763 2299 antiquorum
839 2236 894 2286 et
965 2244 1189 2285 suorum
1266 2235 1552 2298 parentum
1629 2242 1790 2282 reve—

140 2319 372 2373 rentiam
421 2319 602 2384 obliti,
636 2320 692 2374 in
722 2320 1046 2385 honoribus,
1079 2318 1296 2374 cunctis
1344 2317 1588 2372 annulati
1636 2321 1783 2372 sunt.

135 2406 330 2475 Itaque
389 2408 680 2462 universus
736 2408 970 2476 populus
1027 2407 1406 2475 reverentiam,
1449 2412 1503 2460 et
1541 2406 1787 2461 debitum

135 2496 292 2564 quod
322 2494 387 2525 ⁵¹⁵
437 2496 671 2551 ducibus
718 2496 1035 2565 impendere
1081 2496 1351 2562 solebant,
1406 2495 1596 2564 paucis
1641 2495 1790 2564 capi-

134 2585 343 2649 taneis,
379 2584 473 2654 qui
513 2584 577 2615 ⁵⁸⁸
616 2586 785 2641 duces
824 2585 1264 2650 sublimaverant,
1298 2585 1628 2654 exigebant;
1671 2599 1788 2638 ma-

129 2675 257 2741 jora
313 2679 494 2728 tamen
545 2675 780 2730 civitatis
819 2675 1052 2730 ducibus
1090 2688 1250 2730 manu
1281 2680 1336 2729 et
1366 2673 1646 2729 consciliis
1693 2673 1789 2728 ad-

137 2763 246 2816 huc
288 2763 631 2832 regentibus,
683 2765 952 2834 capitanei
1019 2764 1376 2828 valvassores,
1435 2769 1495 2817 ut
1541 2763 1789 2818 securius

140 2865 281 2906 nova
323 2851 466 2906 dona
515 2858 786 2920 tenerent,
837 2853 1248 2922 subelegerunt.
1299 2855 1514 2907 Interea
1554 2852 1790 2922 populus

140 2955 368 2996 suorum
423 2941 688 2996 malorum
740 2957 840 3012 per
886 2944 1133 2998 diversos
1188 2957 1251 2997 ac
1298 2942 1480 2996 varios
1537 2942 1790 2997 dominos

139 3030 278 3085 mala
310 3031 504 3086 videns
541 3032 800 3098 crevisse,
843 3032 1032 3087 durius
1071 3032 1280 3086 habens
1319 3031 1621 3087 dominium
1662 3046 1788 3087 suo-

1875 1869 1947 1923 cti
1996 1870 2176 1936 bellis,
2225 1872 2655 1927 innumerabiles
2704 1874 3104 1930 occubuerunt.
3147 1876 3264 1942 Quo
3296 1876 3352 1931 in
3384 1883 3521 1933 tem-

1874 1971 2007 2025 pore
2037 1959 2082 2012 si
2115 1973 2297 2028 quem,
2321 1965 2380 2015 ut
2410 1960 2466 2014 in
2497 1960 2644 2016 bello
2675 1960 2792 2017 ﬁeri
2824 1962 2985 2029 solet,
3009 1977 3206 2033 capere
3239 1969 3514 2034 poterant,

1872 2052 1964 2101 aut
2011 2047 2187 2116 ipsum
2244 2049 2518 2105 hostiliter
2573 2050 2998 2118 interficiebant,
3046 2058 3141 2108 aut
3188 2054 3244 2108 in
3293 2067 3516 2111 carcere

1872 2137 2132 2192 obtrusus
2180 2139 2416 2194 obscuro
2467 2140 2754 2208 poenisque
2801 2141 3022 2196 attritus
3069 2142 3320 2210 diversis,
3353 2157 3515 2200 omne

1872 2227 2019 2295 quod
2060 2228 2263 2283 habere
2294 2233 2386 2282 aut
2418 2243 2516 2297 per
2545 2243 2604 2284 se
2633 2236 2726 2284 aut
2765 2245 2864 2299 per
2891 2231 3098 2286 amicos
3136 2237 3412 2300 poterant,
3444 2235 3514 2289 ab

1872 2315 1967 2371 illo
2028 2317 2318 2372 durissime
2369 2318 2790 2386 extorquebant.
2841 2318 3103 2374 Similiter
3155 2325 3210 2374 et
3259 2321 3518 2390 populus,

1873 2405 1919 2460 si
1966 2421 2065 2475 per
2112 2407 2327 2476 aliquos
2379 2407 2648 2463 bellorum
2696 2413 2922 2463 eventus
2979 2414 3072 2463 aut
3128 2408 3313 2478 aliquo
3353 2411 3520 2466 animi

1872 2494 2116 2565 ingenio,
2187 2495 2439 2565 corporis
2503 2502 2683 2550 tamen
2748 2496 2950 2551 virtute
3018 2504 3383 2567 cooperante,
3452 2500 3522 2556 de

1873 2585 2174 2652 majoribus
2239 2585 2454 2654 aliquos
2518 2599 2715 2653 capere
2782 2590 2990 2654 posset,
3043 2587 3192 2656 quali
3259 2587 3523 2658 populum

1875 2688 2034 2743 poena
2103 2674 2452 2728 trucidabant
2517 2675 2814 2744 capitanei,
2867 2674 2962 2730 tali
3023 2690 3182 2744 poena
3249 2677 3525 2747 pauloque

1873 2763 2108 2833 graviori
2165 2763 2551 2818 decentissime
2608 2764 2735 2819 illos
2800 2764 3261 2820 honorificabant.
3330 2768 3520 2836 Itaque

1873 2853 1959 2907 his
1997 2860 2052 2906 et
2098 2852 2222 2907 aliis
2270 2853 2435 2907 rebus
2484 2853 2756 2922 capitanei
2806 2854 3052 2920 animati,
3085 2867 3195 2910 non
3231 2860 3349 2909 erat
3379 2855 3519 2923 dies,

1872 2943 1927 2996 in
1969 2955 2080 3010 quo
2111 2947 2358 3010 tempore
2406 2941 2532 3010 ipsi,
2567 2947 2627 2995 ut
2669 2941 2804 3008 dixi,
2837 2946 2932 2996 aut
2961 2941 3300 2998 valvassores
3328 2943 3520 2999 urbem

1876 3043 1984 3086 non
2017 3031 2358 3086 invaderent.
2408 3031 2513 3086 Sed
2555 3032 2710 3100 juxta
2758 3045 2973 3086 murum
3022 3037 3148 3088 ante
3197 3032 3351 3088 urbis
3390 3046 3520 3102 por-

139 3133 257 3174 rum
317 3120 516 3174 civium
579 3135 741 3190 quam
800 3121 1000 3176 ducum
1049 3120 1323 3190 quondam
1382 3134 1624 3186 suorum,
1667 3105 1972 3186 ten-Ctas,
2014 3136 2138 3191 quae
2197 3135 2297 3190 per
2341 3135 2399 3174 se
2452 3121 2608 3190 quasi
2666 3135 2766 3190 per
2823 3125 3073 3176 naturam
3123 3121 3513 3192 defendebant,

137 3207 306 3263 tando
349 3214 574 3264 eventus
620 3209 890 3264 bellorum
939 3208 1139 3275 varios,
1172 3209 1239 3263 ab
1278 3207 1496 3264 illorum
1537 3209 1783 3264 dominio

136 3310 255 3351 sese
297 3295 596 3352 defendere
651 3312 715 3352 ac
765 3297 1000 3353 liberare
1054 3297 1345 3368 disposuit.
1407 3300 1579 3368 igitur
1627 3299 1784 3354 Heri-

135 3388 295 3444 berto
329 3387 509 3443 adhuc
549 3387 862 3443 cathedram
902 3394 1125 3458 regente
1155 3389 1586 3454 Ambrosianam,
1620 3403 1782 3458 quem

135 3475 300 3532 fortia
337 3491 400 3531 ac
438 3476 666 3546 grandia
696 3481 816 3532 acta
863 3478 1225 3547 superborum
1277 3478 1585 3546 principum
1617 3482 1672 3532 et
1699 3478 1784 3546 ip-

135 3565 248 3620 sius
288 3566 442 3635 regis
479 3565 780 3634 supradicti
819 3567 986 3621 animi
1034 3567 1254 3635 ingenio
1286 3571 1339 3620 et
1377 3566 1610 3620 militum
1656 3579 1782 3621 suo-

136 3668 251 3708 rum
325 3652 648 3710 fortitudine
705 3653 937 3710 viriliter
1001 3654 1337 3723 correpsisse
1404 3655 1778 3724 cognovimus,

135 3743 274 3797 bella
319 3743 635 3812 gravissima
683 3743 740 3797 in
789 3743 944 3810 urbe,
997 3742 1201 3812 populo
1241 3742 1503 3797 adversus
1549 3745 1783 3812 majores

135 3845 232 3900 pro
272 3831 533 3887 libertate
580 3832 918 3902 acquirenda
966 3831 1273 3901 praaliante,
1307 3845 1469 3900 quam
1509 3831 1639 3887 olim
1689 3847 1783 3902 pa-

133 3928 322 3978 rentes
369 3924 486 3991 ejus
524 3923 595 3977 ob
653 3922 872 3976 nimiam
925 3921 1207 3977 hominum
1262 3923 1540 3976 raritatem
1591 3922 1784 3978 amise-

135 4018 275 4076 rant,
343 4011 718 4066 crudelissime
775 4011 970 4066 adorta
1017 4014 1164 4066 sunt.
1224 4011 1521 4079 PrOpterea
1579 4009 1779 4066 factum

134 4108 214 4154 est
267 4106 355 4165 ut,
399 4101 454 4155 in
507 4115 850 4170 quacumque
903 4099 1056 4156 urbis
1111 4099 1336 4170 regione
1395 4100 1666 4169 capitanei
1726 4107 1810 4156 et-

131 4189 472 4245 valvassores
546 4191 807 4260 populum
883 4191 1236 4260 superabant,
1315 4189 1779 4245 inhumaniter"l6

130 4278 311 4348 ipsum
355 4279 723 4334 trucidabant.
774 4282 841 4335 At
872 4280 1128 4349 populus,
1159 4284 1221 4333 ut
1267 4279 1428 4346 solet,
1461 4280 1580 4334 sine
1617 4279 1777 4335 mise-

128 4369 374 4425 ricordia
404 4369 597 4436 iratus,
645 4370 816 4439 magis
854 4370 994 4425 mori
1033 4369 1268 4439 diligens
1297 4383 1458 4438 quam
1488 4371 1668 4425 vivere
1698 4370 1779 4424 in-

1866 3210 2092 3265 balistas
2149 3216 2242 3265 aut
2281 3210 2621 3266 diversorum
2669 3225 2932 3281 generum
2973 3211 3280 3267 machinam
3308 3199 3518 3268 timen-

1866 3305 1968 3366 tes,
2027 3301 2160 3370 quin
2189 3299 2254 3331 δ²⁸
2321 3302 2472 3370 ipsos
2536 3300 2897 3357 formidantes
2962 3303 3109 3357 cives
3163 3304 3516 3372 serpentibus

1864 3389 2134 3458 Ethiopiae
2166 3389 2439 3456 duriores,
2481 3391 2746 3445 accedere
2785 3403 2895 3445 non
2934 3391 3229 3445 audebant.
3271 3392 3348 3445 Ea
3376 3397 3513 3446 tem-

1865 3483 2097 3546 pestate,
2129 3479 2176 3532 si
2225 3479 2395 3548 aliqui
2441 3479 2508 3533 de
2557 3479 2763 3547 populo
2795 3481 3024 3546 tirones,
3065 3481 3176 3548 jam
3233 3477 3361 3535 facti
3401 3479 3513 3536 for-

1863 3566 2079 3633 tissimi,
2137 3567 2333 3620 animis
2389 3565 2584 3621 fervidi
2643 3580 2706 3621 ac
2764 3566 2846 3620 ira
2901 3565 3309 3634 ferventissimi,
3370 3568 3510 3624 mori

1864 3660 1956 3708 aut
1986 3655 2241 3710 occidere
2282 3655 2504 3710 minime
2543 3659 2881 3719 recusantes,
2915 3654 3067 3724 ipsos
3103 3653 3334 3710 fortuitu
3364 3657 3512 3712 inse—

1865 3751 2186 3814 querentur,
2219 3749 2313 3800 aut
2365 3751 2424 3800 ut
2479 3745 2666 3799 hostes
2712 3743 3028 3814 gravissime
3085 3742 3376 3812 feriebant,
3417 3749 3512 3801 aut
3545 3748 3551 3753 '

1864 3835 2193 3904 semetipsos
2232 3832 2594 3889 defendentes
2632 3833 2687 3888 in
2729 3833 2850 3888 loca
2889 3833 3161 3888 tutissima
3202 3847 3324 3890 sese
3363 3833 3512 3890 reci-

1864 3924 2107 3993 piebant.
2157 3925 2272 3978 Jam
2325 3924 2469 3978 enim
2519 3923 2710 3978 civitas
2765 3922 2978 3992 aliquot
3029 3924 3320 3979 transactis
3375 3929 3511 3980 tem-

1864 4013 2092 4082 poribus
2130 4013 2291 4080 tame,
2323 4027 2447 4082 quae
2495 4012 2641 4068 ferro
2692 4012 2885 4068 durior
2913 4018 3017 4078 est,
3050 4012 3164 4069 fere
3213 4018 3332 4069 erat
3377 4028 3510 4072 con-

1861 4107 2097 4171 sumpta,
2132 4102 2187 4156 in
2218 4108 2427 4157 tantum
2469 4106 2528 4156 ut
2566 4115 2707 4170 pane
2737 4102 2974 4172 vinoque
3005 4103 3230 4158 omnino
3270 4109 3505 4172 careret,

1861 4191 1966 4246 nisi
2011 4197 2270 4261 quantum
2320 4189 2461 4246 infra
2509 4191 2746 4247 civitatis
2776 4193 3038 4248 ambitum
3078 4199 3324 4248 aratores
3355 4199 3509 4263 pote-

1859 4286 1983 4335 rant
2029 4288 2234 4336 metere
2275 4289 2329 4336 et
2375 4281 2642 4336 vinitores
2690 4286 2946 4350 poterant
2989 4281 3204 4336 cultura
3252 4282 3506 4352 diligenti

1859 4369 2150 4433 laborare;
2211 4382 2339 4424 caro
2397 4376 2578 4424 autem
2638 4374 2693 4424 et
2751 4369 2934 4437 pisces
2985 4367 3190 4434 furtivi,
3252 4369 3506 4424 homines

128 4456 385 4524 honeste,
418 4472 482 4513 ac
539 4436 756 4514 dulcius
806 4458 1062 4528 judicans
1119 4436 1348 4513 mortem
1397 4457 1581 4513 videre
1614 4436 1986 4528 quamDvero
2046 4458 2388 4522 macilentos,
2459 4457 2651 4526 praelio
2717 4436 2884 4522 leves,
2948 4455 3242 4525 animoque
3308 4456 3501 4526 fortes,

127 4547 290 4601 vitam
337 4561 546 4602 summo
595 4561 717 4602 cum
765 4547 1039 4602 dedecore
1097 4547 1299 4601 ducere
1357 4546 1594 4615 longam,
1655 4548 1776 4601 ubi-

127 4649 368 4706 cumque
423 4639 574 4706 ipsos
627 4637 795 4692 armis
850 4643 905 4691 et
957 4635 1156 4704 jaculis
1211 4635 1442 4690 diversis
1497 4635 1769 4702 vincebat,

125 4725 275 4780 velut
326 4732 612 4795 serpentes
658 4733 750 4781 aut
789 4727 1058 4781 dracones
1095 4724 1506 4780 crudelissimos
1536 4738 1634 4793 per
1663 4738 1774 4779 om-

127 4815 216 4869 nia
275 4815 663 4870 mortificabat.
721 4816 946 4870 Demum
998 4815 1269 4884 capitanei
1328 4821 1382 4869 et
1437 4814 1773 4869 valvassores

123 4917 246 4958 sese
277 4904 339 4958 in
370 4905 504 4960 urbe
532 4904 782 4959 videntes
811 4903 1015 4973 populo
1046 4905 1302 4959 resistere
1332 4904 1553 4958 minime
1584 4917 1768 4972 posse,

123 4992 450 5048 existimans
479 4992 542 5024 "7
580 4993 841 5062 populum
891 4991 1032 5048 fame
1061 4999 1116 5047 et
1157 4991 1305 5049 ferro
1336 4991 1630 5061 multisque
1676 5005 1772 5046 ne-

117 5081 479 5138 cessitatibus
537 5097 636 5153 per
693 5081 913 5138 nimiam
972 5081 1318 5138 obsidionem
1376 5081 1666 5137 devincere
1705 5095 1770 5136 ac

116 5181 388 5238 superare
445 5185 607 5240 posse
645 5177 702 5226 et
748 5170 993 5240 antiquis
1046 5170 1222 5241 redigi
1277 5169 1534 5237 servitiis,
1576 5169 1767 5225 urbem

114 5265 338 5314 secrete
366 5274 432 5316 ac
479 5261 812 5316 unanimiter
840 5261 1110 5316 exierunt.
1170 5261 1286 5326 Quo
1334 5258 1479 5316 facto
1531 5260 1767 5330 populus

115 5345 320 5404 videns
346 5349 509 5406 vitam
557 5350 612 5405 in
661 5349 913 5406 manibus
957 5347 1096 5414 fore,
1129 5347 1301 5419 magis
1336 5349 1501 5404 armis
1539 5361 1768 5418 sperans

1857 4547 2114 4615 belloque
2162 4545 2552 4601 ardentissimi.
2606 4547 2660 4601 Si
2709 4547 2859 4600 intus
2907 4558 3024 4600 eam
3062 4545 3298 4614 videres,
3341 4547 3503 4602 turri-

1854 4636 1957 4690 bus
2004 4641 2168 4703 atque
2217 4634 2435 4704 palatiis
2463 4634 2699 4689 desertis
2741 4635 2852 4703 jam
2891 4620 3238 4689 minantibus.
3265 4633 3498 4702 ruinam,

1855 4723 2205 4793 Babyloniam
2256 4723 2439 4792 potius
2495 4714 2712 4778 diceres
2767 4722 3041 4778 desertam
3083 4736 3245 4792 quam
3294 4723 3501 4780 Medio-

1853 4812 2057 4878 lanum,
2091 4812 2367 4882 quondam
2399 4825 2587 4881 regum
2626 4811 2789 4867 sedes
2819 4811 3108 4867 nobilium.
3149 4811 3332 4868 Multis
3370 4826 3501 4883 pro-

1854 4907 2043 4971 pterea
2072 4907 2128 4957 et
2165 4902 2376 4957 civibus
2414 4900 2666 4956 clanculo
2705 4899 2925 4970 fugatis,
2963 4906 3144 4956 turres
3173 4907 3229 4956 et
3259 4902 3496 4958 civitatis

1852 5004 2087 5058 murum,
2123 4995 2310 5061 portas
2346 4995 2401 5045 et
2429 4989 2770 5058 anteportale
2802 4995 2857 5045 et
2886 4994 3068 5046 cetera
3107 4989 3342 5046 civitatis
3381 5005 3496 5046 mu-

1853 5080 2114 5145 nimenta,
2148 5079 2428 5135 hominum
2457 5078 2700 5134 exercitu
2741 5078 2968 5135 mirifice
2999 5083 3215 5146 ornata,
3245 5079 3493 5137 studiose

1850 5167 1944 5223 diu
1984 5173 2261 5238 noctuque
2291 5167 2762 5224 custodiebantur.

1918 5257 2068 5312 Idem
2117 5272 2216 5328 per
2262 5264 2478 5328 tempus
2519 5259 2718 5323 Lanzo,
2769 5255 2992 5327 ingenio
3041 5256 3324 5326 providus,
3370 5271 3492 5314 cor-

1846 5348 1996 5417 poris
2042 5347 2242 5403 virtute
2291 5346 2616 5414 laudandus,
2651 5345 2888 5416 negotiis
2937 5345 3268 5403 militaribus
3315 5347 3494 5404 curio-

1499 5448 1723 5502 VARl/E
1780 5446 2140 5502 LECTIONES

190 5552 256 5582 δ”
293 5561 469 5618 quem,
489 5546 642 5602 codd.
674 5545 755 5600 BI.
829 5545 894 5577 ⁸¹³
921 5545 1001 5600 ita
1028 5547 1112 5600 A'.
1145 5544 1414 5600 noviciter
1441 5545 1497 5599 B.

125 5623 184 5655 ³⁸⁸
215 5617 378 5693 quasi
409 5617 490 5674 BL

1577 5543 1638 5574 ⁸³³
1676 5557 1836 5612 quem
1865 5545 1922 5598 Β.
1999 5542 2062 5574 ⁸³⁵
2095 5555 2234 5611 quos
2263 5541 2369 5597 Βι..

2466 5541 2528 5572 ⁵²⁶
2556 5541 2866 5597 immaniter
2890 5543 2949 5596 B.
3047 5540 3108 5573 δ”
3137 5542 3404 5601 extimans
3431 5547 3489 5601 Β.
