4022 6160
174 331 277 386 885

1213 338 1524 395 HISTORIA
1563 342 2113 398 MEDIOLANENSIS.
2158 373 2227 382 —-
2267 343 2391 397 LIB.
2434 343 2498 394 ll.

3441 336 3549 389 886

169 456 293 512 ﬁliis
343 454 600 525 omnique
645 457 986 527 substantia,
1036 462 1292 517 reseratis
1336 469 1516 519 tamen
1565 466 1873 528 civitatisA
1901 469 2038 524 simo
2087 468 2336 531 dixisset,
2378 463 2703 534 quibusdam
2742 476 2932 532 magna
2980 475 3042 515 ac
3095 460 3361 515 terribilia
3399 461 3548 517 vide-

173 545 382 617 portis,
435 545 674 600 vultibus
721 546 939 602 illorum
984 549 1148 604 nimia
1197 554 1525 608 verecundia
1565 555 1619 608 in
1671 563 1815 610 terra

171 634 442 698 demissis,
479 634 792 690 homicidiis
839 643 893 692 et
937 640 1252 708 opprobriis
1293 642 1453 710 paulo
1484 651 1642 697 antea
1673 643 1816 698 invi-

170 739 286 780 cem
318 738 442 779 cum
473 725 677 794 populo
711 727 1060 794 condonatis,
1095 731 1284 784 urbem
1318 732 1670 787 introierunt.

243 813 333 867 27.
376 815 450 868 Ea
479 813 542 844 “’
589 820 912 884 tempestate
961 832 1080 872 cum
1131 819 1365 874 domnus
1395 820 1457 852 ⁸³³
1497 823 1819 877 Ileribertus

173 915 364 958 omnes
410 901 524 958 fere
567 905 677 972 jam
717 905 988 960 visitasset
1037 907 1319 963 civitatum
1369 910 1514 965 beati
1546 911 1818 966 Ambrosii

171 991 581 1061 suﬁ'raganeos,
643 1008 876 1062 quorum
933 996 1106 1065 gratia
1176 998 1383 1053 Italiam
1461 1000 1816 1065 circuiverat,

169 1080 296 1135 illos
342 1080 399 1134 in
449 1081 703 1136 omnibus
741 1083 902 1138 bonis
938 1084 1256 1152 adhortans,
1308 1088 1599 1144 Taurinum
1651 1091 1818 1143 bono-

171 1183 291 1224 rum
340 1168 555 1238 agmine
607 1169 932 1226 clericorum
980 1186 1042 1228 ac
1090 1175 1320 1230 militum
1359 1179 1519 1246 c0pia
1557 1178 1822 1232 strenuis-

171 1257 434 1313 simorum
475 1257 704 1313 vallatus
733 1259 971 1315 devenit.
1025 1263 1124 1317 Ubi
1173 1279 1295 1318 cum
1327 1279 1426 1334 per
1463 1266 1673 1335 aliquot
1703 1267 1822 1321 dies

171 1346 430 1412 sedisset,
473 1347 796 1403 cohortatus
842 1349 1162 1420 cpisc0pum
1212 1353 1313 1422 (90)
1358 1360 1412 1408 et
1442 1355 1647 1410 clerum
1680 1356 1820 1410 civi-

175 1435 327 1500 tatis,
369 1436 631 1505 populum
682 1437 852 1492 totius
903 1439 1072 1505 urbis,
1117 1441 1458 1510 propheticis
1501 1450 1555 1498 et
1593 1451 1826 1513 aposto-

174 1523 301 1578 licis
349 1525 853 1592 ammonitionibus,
899 1534 956 1581 ut
1003 1535 1156 1584 tanto
1205 1529 1436 1586 decebat
1473 1534 1610 1595 viro,
1644 1548 1822 1602 quan-

173 1613 300 1668 dam
361 1611 615 1668 haeresim
673 1614 1003 1680 inauditam,
1058 1631 1180 1685 quae
1248 1633 1425 1688 nuper
1483 1622 1536 1674 in
1595 1623 1822 1677 castello

168 1715 342 1770 supra
403 1701 583 1758 locum
640 1704 734 1772 qui
802 1703 1116 1760 Monsfortis
1179 1715 1406 1763 vocatur
1471 1718 1820 1777 convenerat,

1901 559 2118 612 bantur.
2155 559 2366 611 Interea
2405 555 2639 610 domnus
2666 551 2730 582 ⁸³⁵
2779 551 3100 607 lieribertus
3138 551 3256 618 ejus
3295 551 3548 604 astutiam

1899 652 1954 700 et
2003 647 2278 716 ingenium
2319 657 2625 713 agnoscens
2685 655 2928 710 pravum,
2988 640 3055 694 de
3101 637 3332 708 singulis
3370 639 3554 692 verbis

1899 751 2022 804 quae
2055 737 2172 804 ipse
2221 735 2571 804 praedixerat,
2606 732 2842 801 qualiter
2872 737 2965 786 aut
3005 729 3284 800 quomodo
3325 727 3560 782 sentiret

1899 839 1962 879 ac
2000 825 2138 879 socii
2170 826 2308 893 ejus,
2345 824 2630 878 evidenter
2662 821 2877 888 aperire
2913 819 3198 890 praecepit,
3233 823 3289 873 et
3326 815 3558 872 maxime

1899 913 2137 981 qualiter
2185 912 2253 965 de
2299 913 2455 965 Patre
2510 918 2564 964 et
2611 909 2750 963 Filio
2800 915 2854 962 et
2899 908 3105 976 Spiritu
3157 910 3349 960 sancto
3389 903 3560 958 senti-

1903 1008 2022 1054 rent
2050 1022 2064 1066 ;
2097 1006 2151 1054 et
2182 999 2245 1030 ⁵³⁵
2278 1006 2544 1068 praeterea
2566 997 2627 1027 ’⁵³⁷
2660 998 2727 1052 de
2758 996 2989 1066 singulis
3021 996 3285 1064 praecepit
3313 994 3550 1063 aperire.

1901 1091 2018 1155 Quo
2066 1089 2254 1143 audito
2297 1087 2556 1142 Girardus
2589 1085 2934 1140 lzetabundus
2963 1085 3082 1138 inﬁt
3117 1104 3127 1137 :
3176 1101 3203 1133 (ι
3243 1081 3398 1149 Quod
3440 1081 3555 1136 dixi

1904 1177 2141 1242 Patrem,
2185 1178 2326 1230 Deus
2375 1181 2457 1230 est
2497 1181 2756 1238 aeternus,
2812 1173 2905 1242 qui
2956 1172 3137 1227 omnia
3186 1176 3246 1225 ut
3275 1171 3342 1225 ab
3374 1167 3554 1234 initio,

1905 1271 1959 1318 et
1991 1265 2045 1319 in
2086 1279 2194 1334 quo
2234 1264 2416 1318 omnia
2465 1263 2792 1317 consistunt.
2847 1261 3000 1326 Quod
3033 1259 3145 1314 dixi
3191 1259 3406 1323 Filium,
3439 1256 3556 1310 ani-

1906 1368 2026 1408 mus
2063 1360 2146 1408 est
2176 1352 2412 1406 hominis
2451 1368 2481 1406 a
2522 1353 2631 1406 Deo
2663 1350 2915 1405 dilectus.
2957 1348 3111 1415 Quod
3143 1348 3256 1402 dixi
3295 1345 3555 1416 Spiritum

1907 1450 2177 1506 sanctum,
2227 1441 2532 1496 divinarum
2579 1439 2931 1494 scientiarum
2980 1435 3314 1501 intellectus,
3364 1450 3394 1489 a
3447 1446 3556 1504 quo

1907 1538 2104 1588 cuncta
2137 1531 2375 1586 discrete
2405 1535 2692 1599 reguntur.
2728 1548 2754 1577 υ
2808 1528 2887 1582 Ad
2937 1527 3056 1582 hac
3107 1525 3430 1580 Ileribertus
3474 1537 3560 1577 re-

1906 1621 2127 1689 spondit
2157 1641 2168 1673 :
2201 1639 2226 1669 ((
2261 1619 2465 1683 Amice,
2507 1618 2575 1671 de
2623 1616 2841 1670 Christo
2888 1617 3014 1669 Jesu
3065 1615 3288 1669 domino
3341 1617 3563 1677 nostro,

1905 1709 2001 1778 qui
2034 1715 2192 1764 natus
2231 1715 2313 1762 est
2343 1708 2411 1762 de
2451 1707 2614 1761 Maria
2652 1705 2882 1773 virgine,
2916 1703 3141 1758 verbum
3189 1701 3387 1766 Patris,
3430 1699 3561 1768 quid

165 1790 379 1844 audivit
427 1789 553 1860 (91).
603 1791 758 1857 Quod
805 1807 928 1848 cum
960 1794 1282 1850 Heribertus
1311 1797 1628 1863 audivisset,
1668 1800 1819 1855 illico
1843 1799 2086 1859 Bdicis?
2119 1817 2145 1848 »
2179 1796 2482 1866 Respondit
2527 1815 2538 1849 :
2595 1813 2622 1845 «
2660 1797 2847 1848 Jesum
2895 1791 3171 1847 Christum
3203 1803 3366 1859 quem
3396 1788 3560 1854 dicis,

163 1879 336 1948 jussit
365 1893 430 1934 ex
460 1880 582 1948 ipso
615 1886 796 1936 castro
845 1882 1122 1938 hominem
1162 1885 1310 1940 illius
1348 1886 1595 1950 haeresis,
1641 1895 1698 1942 ut
1728 1903 1825 1942 vc—

170 1970 289 2024 rius
339 1983 453 2024 rem
493 1969 664 2038 ipsam
713 1977 1093 2041 cognosceret,
1134 1973 1239 2028 sibi
1285 1977 1692 2044 repraesentari.
1723 1977 1823 2043 Qui

171 2071 298 2112 cum
366 2063 492 2113 ante
559 2061 676 2128 ejus
729 2059 934 2114 vultum
991 2062 1276 2128 venisset,
1359 2065 1822 2134 promptissimum

171 2163 377 2218 gerens
422 2149 490 2204 ad
539 2151 848 2220 passionem
895 2153 1154 2218 animum,
1188 2153 1347 2209 lzetus
1386 2155 1431 2208 si
1479 2157 1642 2210 vitam
1691 2171 1826 2226 sup-

168 2237 358 2306 pliciis
413 2239 749 2309 gravissimis
808 2240 1026 2306 ﬁniret,
1088 2243 1239 2297 vultu
1298 2243 1464 2298 alacri
1522 2244 1589 2298 ad
1645 2247 1828 2300 omnia

166 2326 513 2396 respondere
547 2333 770 2395 paratus
799 2328 992 2382 astitit.
1032 2332 1098 2383 At
1136 2331 1456 2387 Heribertus
1487 2348 1609 2388 cum
1649 2335 1827 2403 ipsum

165 2421 325 2470 tanta
373 2417 682 2470 constantia
738 2424 982 2483 paratum
1026 2418 1272 2484 vidisset,
1326 2421 1565 2476 seriatim
1614 2439 1676 2478 ac
1715 2431 1830 2478 stu-

161 2505 336 2559 diose
383 2505 547 2559 vitam
605 2511 659 2558 et
717 2518 898 2560 mores
948 2520 1012 2560 ac
1067 2506 1285 2562 illorum
1343 2510 1503 2565 ﬁdem
1559 2513 1829 2568 sciscitari

161 2593 367 2662 coepit.
418 2592 590 2662 Igitur
638 2592 861 2648 licentia
900 2593 1024 2649 data
1054 2609 1118 2650 ac
1166 2597 1386 2652 silentio
1417 2600 1705 2669 imperato,
1739 2602 1828 2656 di-

161 2694 304 2737 cens
334 2680 597 2736 Girardus
634 2681 866 2736 adorsus
908 2689 1028 2737 est:
1067 2703 1094 2734 «
1127 2687 1237 2740 Deo
1269 2688 1635 2756 omnipotenti
1684 2688 1829 2742 Patri

165 2775 222 2824 et
275 2767 418 2822 Filio
467 2775 522 2822 et
572 2769 799 2836 Spiritui
830 2777 1021 2826 sancto
1061 2774 1266 2841 gratias
1304 2773 1482 2830 refero
1514 2777 1828 2842 immensas,

167 2856 325 2927 quod
374 2865 482 2911 tam
539 2857 786 2912 studiose
836 2873 920 2914 me
969 2860 1250 2930 inquirere
1289 2865 1556 2933 satagitis.
1616 2867 1679 2919 Et
1737 2866 1829 2934 qui

170 2961 271 3002 vos
302 2947 374 3000 ab
403 2946 562 3001 initio
594 2945 649 3001 in
688 2946 889 3002 lumbis
919 2949 1047 3005 Adm
1079 2951 1354 3022 cognovit,
1397 2961 1601 3009 annuat
1636 2961 1695 3009 ut
1723 2955 1829 3010 sibi

173 3035 372 3091 vivatis
416 3035 633 3104 sibique
681 3036 1010 3103 moriamini,
1045 3045 1101 3094 et
1147 3055 1269 3095 cum
1310 3043 1432 3110 ipso
1463 3057 1561 3112 per
1589 3044 1827 3100 saeculo-

1908 1895 1989 1941 est
2037 1887 2252 1940 animus
2305 1883 2634 1940 sensualiter
2682 1890 2841 1937 natus
2889 1896 2956 1936 ex
2997 1880 3161 1935 Maria
3215 1878 3445 1948 virgine,
3480 1875 3567 1931 vi-

1909 1975 2112 2029 delicet
2143 1981 2304 2029 natus
2334 1980 2416 2028 est
2437 1988 2504 2028 ex
2533 1978 2721 2026 sancta
2752 1969 3044 2039 scriptura.
3078 1967 3314 2037 Spiritus
3343 1973 3567 2020 sanctus

1909 2071 2219 2118 sanctarum
2262 2064 2657 2132 scripturarum
2688 2075 2809 2116 cum
2841 2059 3135 2114 devotione
3165 2055 3498 2112 intellectus.
3533 2072 3562 2104 »

1913 2153 2238 2207 Ileribertus
2280 2173 2291 2206 :
2346 2170 2374 2202 «
2425 2152 2698 2219 Conjuges
2745 2163 2914 2218 quare
2953 2148 3205 2216 accipitis
3235 2146 3340 2200 nisi
3377 2144 3445 2198 ad
3476 2156 3566 2198 so-

1910 2242 2088 2296 bolem
2140 2241 2556 2310 procreandam,
2608 2239 2754 2293 unde
2809 2239 3102 2291 humanum
3151 2248 3325 2304 genus
3374 2245 3566 2286 nasce-

1912 2336 2106 2385 retur?
2140 2352 2162 2377 »
2199 2329 2539 2398 Respondit:
2577 2347 2602 2378 «
2639 2328 2692 2382 Si
2726 2327 3034 2381 universum
3066 2337 3239 2394 genus
3268 2321 3561 2376 humanum

1911 2433 2032 2473 sese
2072 2421 2452 2488 conjungeret,
2485 2421 2544 2471 ut
2583 2415 2993 2484 corruptionem
3026 2425 3136 2468 non
3167 2409 3416 2474 sentiret,
3458 2408 3566 2464 sic-

1918 2516 1976 2562 ut
2034 2523 2166 2577 apes
2215 2509 2333 2562 sine
2391 2507 2539 2562 coitu
2597 2520 2770 2574 genus
2815 2505 3134 2573 gigneretur
3182 2499 3562 2553 humanum.»

1914 2597 2236 2653 Heribertus
2277 2617 2288 2651 :
2340 2616 2366 2647 «
2419 2597 2772 2650 Peccatorum
2823 2599 3135 2647 nostrorum
3185 2587 3458 2643 absolutio
3508 2583 3565 2638 in

1914 2701 2024 2758 quo
2073 2693 2196 2742 est?
2256 2687 2309 2740 in
2357 2685 2683 2754 apostolico,
2717 2689 2809 2737 aut
2841 2682 2896 2736 in
2928 2681 3210 2749 episcopo,
3244 2681 3337 2731 aut
3378 2677 3433 2730 in
3473 2687 3566 2728 sa-

1914 2775 2139 2830 cerdote
2180 2775 2408 2843 aliquo?
2441 2793 2467 2823 »
2501 2771 2844 2840 Respondit:
2883 2790 2909 2816 α
2952 2767 3270 2822 Pontiﬁcem
3301 2765 3569 2819 habemus

1915 2879 2024 2920 non
2084 2864 2235 2918 illum
2293 2865 2617 2926 Romanum,
2669 2859 2765 2914 sed
2809 2857 2997 2922 alium,
3047 2855 3141 2925 qui
3192 2853 3419 2908 cottidie
3471 2864 3570 2920 per

1913 2955 2103 3010 orbem
2153 2959 2420 3006 terrarum
2451 2950 2647 3004 fratres
2678 2953 2900 3003 nostros
2929 2945 3113 3000 visitat
3157 2943 3480 3012 dispersos;
3514 2948 3571 2994 et

1915 3043 2134 3114 quando
2185 3044 2326 3097 Deus
2373 3039 2525 3095 illum
2566 3038 2726 3093 nobis
2774 3036 3082 3100 ministrat,
3134 3038 3264 3088 tunc
3315 3035 3570 3100 peccato-

175 3138 297 3180 rum
351 3123 552 3179 saacula
599 3132 892 3194 regnantes
937 3126 1269 3196 gloriemini.
1319 3132 1490 3186 Vitam
1550 3147 1723 3186 meam
1776 3141 1830 3188 et
1853 3139 1895 3197 C
1920 3147 2036 3187 rum
2060 3137 2371 3186 nostrorum
2392 3130 2550 3184 venia
2571 3141 2778 3184 summa
2800 3140 2922 3180 cum
2943 3123 3235 3179 devotione
3256 3121 3511 3176 donatur.
3539 3137 3566 3169 »

175 3227 428 3269 meorum
481 3211 706 3267 fratrum
755 3214 938 3282 ﬁdem,
981 3216 1348 3288 qualicunque
1397 3220 1578 3275 animo
1617 3235 1678 3274 ea
1719 3221 1832 3275 sci-

175 3302 397 3358 scitetis
427 3300 512 3368 “ﬁ
561 3301 719 3356 vobis
766 3303 997 3358 edicam.
1053 3306 1428 3376 Virginitatem
1469 3323 1582 3378 pra:
1632 3311 1832 3365 ceteris

175 3392 504 3459 laudamus;
555 3406 753 3447 uxores
800 3393 1086 3461 habentes,
1129 3397 1222 3465 qui
1271 3397 1422 3467 virgo
1472 3406 1555 3453 est
1601 3401 1830 3469 virgini-

173 3489 347 3537 tatem
379 3487 685 3547 conscrvat,
719 3483 812 3550 qui
843 3489 1024 3537 autem
1064 3492 1379 3554 corruptus,
1414 3486 1540 3540 data
1569 3501 1598 3540 a
1641 3495 1831 3542 nostro

173 3568 376 3639 majori
443 3569 664 3624 licentia
732 3571 1037 3626 castitatem
1115 3578 1433 3640 perpetuam
1505 3587 1831 3629 conservare

174 3659 363 3714 liceat.
415 3659 584 3713 Nemo
635 3663 882 3714 nostrum
932 3672 1101 3714 uxore
1150 3660 1444 3715 carnaliter
1484 3663 1682 3727 utitur,
1735 3662 1832 3717 sed

173 3746 338 3817 quasi
385 3752 611 3802 matrem
663 3753 757 3801 aut
803 3761 1051 3803 sororem
1083 3748 1320 3818 diligens
1363 3755 1532 3805 tenet.
1565 3750 1833 3805 Carnibus

176 3849 474 3906 numquam
521 3836 829 3902 vescimur;
884 3837 1094 3905 jejunia
1152 3838 1412 3893 continua
1461 3845 1515 3893 et
1554 3841 1833 3895 orationes

177 3925 560 3982 indesinenter
607 3923 923 3993 fundimus;
976 3939 1194 3994 semper
1239 3927 1329 3982 die
1360 3942 1423 3982 ac
1463 3936 1623 3984 nocte
1656 3931 1830 3985 nostri

179 4018 420 4085 majores
477 4015 718 4070 vicissim
776 4020 982 4081 orant,
1044 4021 1314 4084 quatenus
1379 4016 1514 4072 hora
1581 4019 1830 4075 oratione

176 4118 348 4160 vacua
390 4117 499 4160 non
542 4110 854 4173 praetereat.
896 4106 1119 4160 Omnem
1152 4112 1393 4160 nostram
1426 4109 1830 4176 possessionem

176 4209 297 4249 cum
333 4193 588 4248 omnibus
617 4193 934 4248 hominibus
963 4208 1306 4250 communem
1336 4195 1618 4252 habemus.
1660 4199 1830 4253 Nemo

177 4289 429 4338 nostrum
477 4283 593 4336 sine
634 4283 923 4337 tormentis
973 4284 1134 4338 vitam
1185 4284 1321 4351 ﬁnit,
1373 4292 1431 4340 ut
1475 4293 1678 4342 aeterna
1719 4294 1832 4344 tor-

177 4377 363 4427 menta
411 4370 642 4426 evadere
692 4369 984 4439 possimus.
1035 4373 1245 4427 Patrem
1293 4381 1347 4428 et
1384 4374 1577 4429 Filium
1618 4382 1672 4431 et
1711 4378 1830 4445 Spi-

1917 3223 2240 3276 lleribertus
2292 3241 2303 3274 :
2358 3239 2385 3270 «
2437 3219 2556 3273 Vita
2598 3223 2778 3272 vestra
2832 3213 3111 3284 quomodo
3171 3212 3226 3265 in
3280 3207 3570 3265 tormentis

1917 3312 2078 3365 linit?
2108 3331 2134 3362 »
2187 3309 2493 3379 Respondit
2535 3329 2546 3362 :
2603 3327 2629 3357 «
2681 3307 2734 3359 Si
2789 3317 2891 3358 nos
2923 3317 3022 3370 per
3051 3306 3321 3355 tormenta
3351 3311 3382 3351 a
3412 3296 3570 3351 malis

1917 3400 2232 3454 hominibus
2280 3399 2442 3452 nobis
2491 3396 2702 3464 ingesta
2759 3391 3062 3453 deﬁcimus,
3124 3387 3460 3456 gaudemus;
3521 3383 3568 3437 si

1915 3496 2095 3542 autem
2155 3487 2451 3555 aliquando
2509 3497 2610 3538 nos
2665 3481 2732 3534 ad
2783 3486 3014 3534 mortem
3053 3482 3248 3530 natura
3293 3471 3568 3544 perducit,

1917 3576 2196 3645 proximus
2236 3581 2460 3638 noster,
2512 3578 2804 3637 antequam
2854 3566 3087 3620 animam
3145 3563 3375 3627 damus,
3423 3574 3568 3630 quo-

1917 3665 2100 3721 modo.
2139 3662 2397 3718 interﬁcit
2452 3673 2572 3715 nos.
2620 3679 2646 3706 ››
2704 3659 2836 3711 Cum
2899 3654 3018 3708 haec
3075 3651 3257 3707 omnia
3313 3649 3572 3704 Heriber—

1917 3760 2004 3808 tus
2035 3753 2259 3808 auribus
2290 3751 2516 3805 intentis
2545 3746 2864 3810 audivisset,
2907 3744 3071 3798 tacite
3102 3741 3326 3806 mirans,
3369 3738 3572 3794 ceteris

1915 3849 2096 3898 autem
2129 3857 2222 3896 sua
2254 3841 2433 3909 capita
2463 3837 2784 3894 nutantibus
2819 3855 2830 3889 :
2864 3834 2909 3888 si
2942 3833 2997 3887 in
3029 3831 3189 3886 ﬁdem
3220 3827 3570 3894 catholicam,

1916 3946 2077 4001 quam
2123 3933 2365 3986 Romana
2405 3928 2641 3984 ecclesia
2680 3932 2852 3988 tenet,
2884 3929 2937 3978 et
2977 3921 3329 3991 baptismum,
3361 3924 3416 3973 et
3444 3932 3572 3973 vere

1915 4021 2108 4075 Filium
2142 4020 2257 4084 Dei,
2290 4019 2384 4087 qui
2426 4023 2585 4072 natus
2627 4020 2710 4070 est
2739 4028 2806 4069 ex
2835 4013 2998 4068 Maria
3027 4010 3235 4081 virgine
3266 4007 3566 4064 secundum

1916 4123 2133 4164 carnem
2157 4107 2430 4172 crederet,
2457 4114 2510 4161 et
2541 4104 2677 4160 illud
2710 4116 2830 4158 esse
2850 4114 3037 4156 verum
3068 4112 3272 4167 corpus
3300 4103 3355 4153 et
3378 4110 3567 4153 verum

1914 4197 2233 4267 sanguinem
2274 4239 2287 4262 ,
2374 4210 2534 4264 quem
2611 4192 2870 4248 sacerdos
2945 4187 3250 4244 catholicus
3325 4185 3571 4254 quamvis

1916 4293 2175 4356 peccator
2206 4299 2304 4356 per
2331 4286 2557 4340 verbum
2605 4283 2701 4337 Dei
2750 4278 3072 4341 sanctiﬁcat,
3105 4289 3228 4331 cum
3258 4275 3570 4329 sciscitatus

1915 4382 2017 4430 est.
2071 4374 2376 4443 ReSpondit
2419 4394 2430 4427 :
2479 4394 2504 4421 ί(
2555 4373 2761 4426 Praeter
2808 4375 3056 4420 nostrum
3098 4361 3410 4432 pontiﬁcem
3454 4373 3566 4415 non

178 4461 345 4516 ritum
409 4464 657 4515 sanctum
725 4459 1001 4515 credimus
1066 4468 1120 4515 et
1181 4463 1522 4518 conﬁtemur.
1582 4465 1662 4518 Ab
1719 4463 2003 4521 illisDest
2041 4463 2181 4518 alius
2230 4461 2495 4530 pontifex,
2529 4458 2774 4529 quamvis
2823 4455 2940 4509 sine
2990 4461 3214 4507 tonsura
3245 4449 3441 4518 capitis
3469 4447 3562 4513 sit,

178 4564 308 4605 vero
345 4591 360 4615 ,
419 4550 511 4618 qui
573 4554 898 4618 potestatem
948 4549 1150 4604 habent
1196 4549 1401 4619 ligandi
1455 4556 1508 4605 et
1557 4551 1824 4620 solvendi,

180 4637 340 4709 ligari
379 4652 443 4692 ac
481 4637 618 4692 solvi
649 4637 943 4693 credimus.
978 4640 1142 4693 Vetus
1180 4653 1243 4694 ac
1281 4641 1488 4694 Novum
1519 4641 1831 4696 Testamen-

179 4736 293 4784 tum
326 4742 390 4783 ac
419 4732 642 4784 sanctos
672 4741 912 4784 canones
941 4728 1166 4784 cottidie
1214 4728 1460 4798 legentes
1497 4735 1763 4784 tenemus.
1802 4749 1827 4778 »

180 4819 425 4886 Cumque
454 4816 575 4873 haec
604 4821 659 4872 et
689 4816 856 4871 multa
895 4816 1000 4871 alia
1043 4816 1304 4872 Girardus
1348 4817 1570 4888 ingenio
1621 4818 1830 4873 acutis-

1912 4566 2013 4606 nec
2057 4551 2378 4605 mislerium.
2427 4569 2454 4600 »
2504 4550 2620 4616 Quo
2666 4544 2874 4609 audito,
2909 4550 2966 4596 ut
2995 4539 3134 4595 fama
3173 4537 3393 4593 illorum
3419 4542 3557 4602 erat,

1912 4641 1992 4694 rei
2032 4640 2234 4694 veritas
2263 4639 2534 4708 apparuit.
2579 4638 2643 4692 Et
2673 4636 2896 4690 mittens
2925 4629 3246 4686 Ileribertus
3275 4625 3561 4696 quamplu-

1913 4730 2080 4783 rimos
2120 4728 2322 4782 milites
2368 4727 2435 4782 ad
2485 4727 2635 4782 illum
2685 4719 3140 4781 lllontemfortem,
3183 4729 3373 4772 omnes
3419 4728 3560 4784 quos

1913 4819 2156 4874 invenire
2201 4817 2398 4886 potuit,
2439 4816 2622 4886 cepit;
2673 4816 2818 4870 inter
2855 4824 2994 4882 quos
3031 4805 3363 4864 comitissam
3392 4802 3559 4859 castri

1532 4987 1756 5042 VARIIE
1818 4987 2201 5043 LECTIONES.

256 5109 319 5192 ff
355 5109 552 5192 7:51“qu
577 5111 694 5192 :_De
727 5109 987 5192 hereticis
1016 5110 1083 5192 de
1115 5108 1448 5192 qutefqgti,
1481 5111 1674 5192 calidis
1703 5112 2040 5192 argumentis
2087 5107 2749 5192 ελιίοει,ξεεςιιι(τςεῐλῐθςικέθἒ
2778 5107 2857 5192 De
2885 5101 3114 5192 grai-do
3145 5097 3392 5192 heretico
3433 5110 3554 5153 cum

182 5181 342 5236 sotiis
370 5182 440 5236 de
470 5179 782 5237 Monteforti
815 5182 1093 5237 hereticis.
1120 5181 1237 5235 rell.
1314 5180 1379 5212 ⁸⁸³
1406 5170 1547 5237 deest
1578 5185 1636 5237 Β.
1712 5170 2061 5238 m"scisitatis
2090 5185 2148 5238 Β.
2225 5182 2288 5212 ⁸⁸³
2317 5182 2459 5236 deest
2489 5181 2548 5235 Β.
2623 5177 2688 5208 ⁸⁸⁶
2717 5177 2857 5231 deest
2887 5177 2943 5230 Β.
3021 5173 3085 5204 ⁸³⁷
3115 5177 3307 5242 postea
3337 5170 3394 5225 Β.

1761 5329 1976 5385 ΝΟΤίΕ.

193 5447 372 5574 “(23).
413 5448 538 5502 1011
587 5475 655 5489 -
708 5449 842 5504 1039
887 5448 1183 5504 Landulfus
1218 5451 1397 5516 sedit,
1440 5453 1527 5508 cui
1566 5456 1831 5510 successit

264 5590 370 5658 (91)
407 5590 486 5646 Cf.
519 5582 661 5648 Red.
693 5592 896 5658 Glabr.,
931 5593 1017 5657 IV,
1059 5591 1130 5656 2;
1161 5592 1400 5649 Anselm.
1444 5595 1635 5662 Leod.,
1668 5595 1739 5648 62
1761 5625 1831 5634 —

1913 5454 2372 5580 64_;t.Ter;raneo,
2412 5453 2476 5517 ll,
2520 5466 2569 5505 c.
2619 5449 2700 5516 18,
2733 5449 2826 5518 qui
2871 5463 2920 5502 a.
2969 5445 3102 5500 1034
3132 5446 3251 5501 haec
3289 5443 3555 5500 accidisse

1913 5540 2030 5580 exis
2056 5539 2161 5580 una
2193 5563 2205 5576 .

1913 5539 2205 5581 exrsumat.
