4022 6160
361 273 371 286 ‘
459 291 563 346 887

1534 285 1865 340 LANDULFI
1905 280 2441 339 MEDIOLANENSIS
2479 280 2744 336 CLERICI

3729 285 3832 338 888

455 417 605 472 illius
651 417 706 471 in
755 415 858 470 hac
905 415 1105 470 haresi
1133 412 1460 468 sentientem
1491 409 1638 479 cepit
1666 407 1750 461 “3.
1801 410 1948 476 Quos
1977 422 2098 464 cum
2122 406 2424 473 Ariebant,
2474 420 2537 461 ac
2583 406 2630 460 si
2667 419 2886 476 semper
2932 407 2989 462 in
3019 409 3161 463 vasis
3206 409 3492 464 tutissimis
3521 423 3586 464 ea
3617 424 3834 464 servas-

456 505 821 561 Mediolanum
861 503 1126 567 duxisset,
1170 507 1224 555 et
1255 514 1352 569 per
1381 499 1582 554 multos
1609 498 1729 553 dies
1759 503 1814 553 et
1853 512 1950 567 per
1979 511 2108 552 suos

457 594 775 651 sacerdotes
821 593 876 647 in
924 583 1033 646 fide
1081 588 1351 644 catholica
1389 601 1485 642 eos
1525 586 1850 656 reintegrari
1881 585 2105 641 deside-

460 698 589 740 rans
634 683 958 746 laborasset,
1011 679 1212 733 timens
1260 691 1327 731 ne
1375 689 1550 746 genus
1596 675 1766 730 Italia
1805 675 1968 745 hujus
1996 675 2110 730 ha-

459 773 571 829 resi
615 771 1102 834 contaminaretur,
1147 765 1546 836 perplurimum
1596 764 1838 820 dolebat.
1888 767 1955 819 At
2003 765 2109 834 ipsi

462 860 838 918 nefandissimi
869 864 924 914 et
971 872 1002 912 a
1050 870 1158 926 qua
1207 855 1362 910 orbis
1408 859 1561 923 parte
1606 853 1662 907 in
1695 853 1849 908 Italia
1877 852 2110 908 fuissent

464 951 644 1008 eventi
691 947 873 1014 inscii,
927 946 1083 1015 quasi
1135 945 1264 1000 boni
1315 943 1633 998 sacerdotes
1668 942 1897 998 cottidie
1928 949 2108 998 tamen

463 1038 710 1112 privatim
742 1036 982 1101 rusticis,
1016 1034 1111 1104 qui
1150 1035 1207 1088 in
1246 1034 1348 1088 hac
1387 1032 1522 1087 urbe
1561 1045 1657 1087 eos
1694 1032 1915 1087 videndi
1947 1046 2110 1087 causa

2189 501 2331 550 sent.
2400 495 2606 562 Quibus
2670 495 2802 549 visis
2863 495 3164 551 seminibus
3229 497 3566 567 omninoque
3633 498 3831 555 ebetati

2190 583 2543 639 ineﬁ‘abiliter
2599 583 2956 639 mirabantur.
3025 585 3196 655 Igitur
3255 585 3436 642 clerus
3485 593 3542 642 et
3599 587 3834 657 populus

2191 674 2498 740 universus,
2549 679 2814 728 matrona
2861 680 2916 728 et
2964 675 3312 744 paupercula
3350 675 3614 730 mulieres
3645 675 3716 730 de
3744 677 3832 732 Dei

2192 761 2568 817 misericordia
2633 761 3010 828 conﬁdentes,
3079 763 3458 828 orationibus,
3516 764 3724 834 vigiliis
3776 779 3832 820 ac

2184 851 2410 921 jejuniis
2466 864 2681 906 necnon
2739 850 3056 921 elimosynis
3111 853 3278 907 Deum
3337 858 3391 907 et
3449 861 3676 908 sanctos
3725 856 3835 924 ejus

2192 940 2420 995 cottidie
2469 947 2524 994 et
2566 939 2942 994 indesinenter
2978 940 3352 1010 supplicantes
3390 941 3676 997 humiliter
3703 957 3832 998 exo-

2191 1030 2402 1085 rabant.
2436 1029 2643 1096 Quibus
2669 1043 2767 1098 per
2796 1029 3062 1098 plurimos
3093 1030 3212 1086 dies
3245 1029 3502 1101 fatigatis,
3536 1032 3702 1095 Deus,
3748 1034 3836 1101 qui

462 1130 872 1192 convenerant,
931 1122 1066 1178 falsa
1122 1121 1432 1177 rudimenta
1488 1136 1519 1175 a
1575 1120 1866 1188 scripturis
1913 1120 2111 1176 divinis
2191 1132 2302 1174 non
2353 1118 2557 1188 patitur
2592 1131 2723 1173 suos
2753 1119 3006 1187 temptari
3037 1118 3180 1174 ultra
3217 1133 3379 1188 quam
3411 1127 3647 1189 possunt
3675 1119 3833 1188 ferre,

461 1217 677 1271 detorta
724 1212 1088 1269 seminabant.
1129 1211 1282 1278 Quod
1334 1223 1454 1265 cum
1499 1210 1736 1265 civitatis
1781 1210 1943 1280 hujus
1998 1224 2112 1265 ma-
2192 1207 2497 1264 clementia
2562 1221 2675 1261 sua
2733 1205 3111 1262 misericordia
3177 1206 3397 1276 pietatis
3451 1207 3709 1264 affectum
3759 1208 3834 1274 ³⁸⁵,

453 1307 607 1376 jores
661 1304 788 1359 laici
855 1301 1292 1372 comperissent,
1363 1313 1497 1370 rogo
1560 1299 1794 1354 mirabili
1851 1313 2107 1366 accenso,
2191 1304 2252 1352 ut
2298 1302 2454 1365 pater
2495 1295 2972 1361 clementissimus,
3024 1296 3310 1351 mitissime
3355 1297 3572 1367 aperire
3605 1311 3673 1352 ac
3714 1312 3840 1367 pan-

459 1408 624 1450 cruce
672 1391 888 1448 Domini
929 1391 996 1445 ab
1046 1391 1217 1445 altera
1259 1396 1412 1458 parte
1443 1394 1648 1452 erecta,
1681 1388 1970 1443 lleriberto
2001 1402 2108 1452 no:-
2191 1386 2322 1440 dere
2369 1383 2596 1439 curavit.
2651 1384 2783 1438 Cum
2841 1385 2985 1439 enim
3043 1384 3516 1456 quadragesimale
3568 1387 3835 1456 jejunium

459 1483 606 1538 lente
653 1481 766 1536 illis
804 1479 1064 1536 omnibus
1107 1479 1324 1533 eductis
1375 1477 1464 1532 lex
1511 1476 1636 1531 talis
1676 1483 1760 1531 est
1789 1477 1915 1531 data
1946 1483 2025 1543 ut,
2061 1477 2104 1531 si
2190 1475 2426 1530 termino
2475 1479 2840 1528 concurrente
2892 1486 2992 1528 suo
3041 1472 3164 1528 ﬁnis
3189 1472 3275 1542 ⁸⁵⁸,
3326 1473 3520 1544 palmis
3567 1490 3636 1530 ac
3687 1475 3838 1530 olivis

457 1570 681 1638 vellent,
719 1569 868 1625 omni
917 1567 1147 1638 perﬁdia
1195 1567 1409 1636 abjecta
1456 1579 1674 1620 crucem
1706 1565 2020 1632 adorarent,
2054 1571 2109 1621 et
2190 1563 2407 1619 traditis
2461 1562 2752 1628 ﬁdelibus,
2810 1562 3206 1628 accelerasset,
3270 1570 3323 1618 et
3388 1565 3531 1619 sacri
3585 1564 3840 1634 baptismi

458 1658 623 1714 ﬁdem
689 1671 852 1727 quam
917 1657 1206 1712 universus
1263 1655 1446 1710 orbis.
1479 1661 1631 1708 tenet
1687 1654 2103 1722 conﬁterentur,
2189 1653 2370 1709 fontes
2398 1651 2698 1707 secundum
2740 1652 2885 1706 beati
2910 1651 3182 1707 Ambrosii
3221 1652 3652 1720 ordinationem,
3684 1670 3838 1724 quam

461 1748 595 1804 salvi
661 1752 885 1813 essent;
946 1747 1031 1800 sin
1089 1751 1308 1811 autem,
1365 1743 1470 1799 vivi
1526 1745 1862 1798 ﬂammarum
1919 1729 2315 1813 globosBipse
2365 1740 2571 1810 Spiritu
2616 1746 2807 1796 sancto
2855 1740 3286 1797 amministrante
3317 1742 3689 1810 ordinaverat,
3718 1759 3840 1799 san-

463 1836 640 1891 arsuri
671 1835 961 1889 intrarent.
995 1835 1062 1887 Et
1099 1832 1299 1887 factum
1331 1837 1415 1886 est
1460 1835 1521 1885 ut
1567 1831 1761 1900 aliqui,
1794 1831 1862 1886 ad
1893 1846 2115 1887 crucem
2200 1830 2422 1886 ctiticati
2452 1829 2702 1896 fuissent,
2746 1829 2840 1884 Dei
2874 1829 3252 1886 misericordia
3290 1837 3542 1900 patenter
3580 1841 3837 1900 reserata,

465 1925 680 1981 Domini
711 1923 996 1979 venientes
1035 1928 1090 1977 et
1137 1923 1310 1991 ipsam
1361 1920 1689 1975 conﬁtentes
1737 1921 1897 1975 ﬁdem
1930 1921 2118 1976 catho-

467 2014 649 2081 licam,
701 2013 833 2067 salvi
883 2011 1012 2066 facti
1061 2016 1226 2078 sunt;
1279 2015 1334 2065 et
1363 2009 1518 2064 multi
1551 2009 1802 2064 manibus
1837 2015 1962 2065 ante
2001 2010 2119 2065 vul-

467 2108 556 2158 tus
605 2101 786 2157 missis
832 2101 977 2156 inter
1023 2100 1265 2154 ﬂammas
1313 2098 1626 2166 exilierunt,
1671 2105 1726 2155 et
1764 2099 1962 2155 misere
1992 2113 2116 2156 mo-

466 2191 674 2247 rientes
702 2192 758 2246 in
790 2191 1022 2245 miseros
1051 2190 1267 2244 cineres
1297 2187 1505 2244 redacti
1531 2193 1680 2242 sunt.

535 2280 626 2333 28.
677 2281 945 2348 Tempore
977 2277 1041 2308 ⁸⁵⁸9
1089 2291 1198 2346 quo
1254 2277 1373 2331 hac
1421 2277 1724 2346 agebantur
1775 2277 2118 2346 supradicta,

466 2368 787 2426 miraculum
833 2367 1095 2423 memoria
1144 2366 1560 2436 dignissimum,
1608 2367 1921 2436 nostrisque
1969 2367 2118 2436 quod

467 2460 631 2515 terris
686 2458 942 2528 apparuit
1005 2456 1185 2511 adhuc
1252 2455 1543 2510 Heriberto
1609 2468 1844 2524 corpore
1901 2456 2118 2525 vitaque

2200 1919 2428 1974 imbrem
2485 1917 2919 1988 copiosissimam
2977 1919 3151 1974 nubes
3197 1919 3372 1989 primo
3421 1920 3624 1977 leniter
3675 1923 3840 1978 stillas

2200 2008 2588 2063 subtilissimas
2629 2008 2910 2063 mittentes
2956 2007 3285 2064 effuderunt.
3334 2011 3450 2077 Quo
3498 2013 3617 2067 viso
3672 2026 3839 2082 quove

2199 2097 2366 2163 facto,
2417 2110 2629 2152 summo
2678 2097 2922 2167 tripudio
2983 2098 3224 2153 universi
3282 2099 3530 2156 Iatantes
3588 2115 3656 2156 ac
3705 2102 3838 2157 diem

2200 2186 2625 2242 sacratissimum
2681 2200 2891 2242 summa
2960 2201 3083 2242 cum
3150 2187 3441 2245 devotione
3501 2191 3842 2247 celebrantes

2201 2277 2422 2345 Deoque
2477 2276 2681 2346 gratias
2736 2275 3029 2330 immensas
3093 2275 3395 2333 referentes
3456 2278 3635 2334 latati
3701 2287 3838 2345 sunt,

2200 2365 2512 2435 gaudioque
2565 2365 2733 2435 gavisi
2781 2365 3065 2434 tripudiati
3117 2371 3245 2421 sunt
3291 2367 3510 2423 demum
3557 2368 3842 2426 clementia

2201 2453 2296 2509 Dei
2329 2453 2396 2508 ad
2428 2452 2491 2484 “7
2523 2467 2774 2520 messem,
2807 2460 3065 2523 quantam
3097 2455 3210 2512 ullo
3249 2456 3306 2511 in
3335 2463 3582 2527 tempore
3625 2473 3843 2515 summa

466 2549 724 2618 degente,
769 2553 826 2602 et
871 2545 1103 2601 maxime
1151 2544 1414 2614 quocirca
1452 2544 1594 2598 hanc
1644 2544 1836 2599 urbem
1879 2546 1975 2600 Dei
2005 2546 2121 2601 vir-
2201 2541 2500 2598 fertilitatis
2528 2542 2761 2598 collecta
2790 2543 3013 2599 minime
3043 2551 3144 2600 est.

462 2643 580 2694 tute
629 2643 849 2692 nactum
897 2641 1002 2702 est,
1034 2649 1098 2689 ac
1140 2635 1260 2703 ejus
1289 2638 1552 2702 operante
1584 2633 1963 2690 misericordia
1991 2648 2118 2688 ver-

463 2732 640 2783 satum
691 2732 795 2793 est,
846 2723 1055 2780 calamo
1114 2723 1448 2792 competenti
1509 2722 1741 2779 edicam.
1810 2723 2120 2777 Transactis

464 2817 611 2873 enim
642 2827 911 2870 annorum
951 2811 1243 2868 curriculis
1287 2812 1378 2878 25,
1429 2812 1485 2866 in
1535 2811 1738 2881 quibus
1766 2811 1924 2866 famis
1953 2812 2120 2880 pesti-

465 2906 638 2963 lentia
703 2903 817 2960 fere
879 2909 1081 2958 terram
1148 2902 1458 2957 universam
1523 2901 1860 2956 attenuando
1927 2906 2120 2970 gentes

463 3001 625 3051 notas
677 2998 732 3049 et
778 2994 996 3061 ignotas
1043 2993 1335 3055 invaserat,
1370 2996 1424 3045 et
1476 2990 1800 3044 Heribertus
1844 2989 2118 3059 archiepi-

2271 2631 2361 2687 29.
2407 2635 2539 2688 Cum
2571 2631 2634 2664 “9
2681 2647 2776 2688 rex
2823 2639 3003 2690 autem
3054 2634 3309 2691 dominus
3357 2641 3548 2692 noster
3585 2637 3843 2694 calorum

2206 2729 2588 2792 terrarumque
2656 2727 2872 2778 creator
2930 2723 3179 2779 Christus
3242 2726 3436 2792 Jesus,
3506 2728 3604 2796 qui
3675 2727 3845 2783 omnia

2203 2811 2405 2866 exaltat
2453 2811 2679 2866 humilia
2719 2824 3018 2882 omnesque
3048 2813 3318 2883 superbos
3347 2814 3632 2884 deprimit,
3668 2817 3764 2872 diu
3791 2832 3846 2872 ac

2203 2906 2450 2970 tempora
2499 2915 2597 2971 per
2643 2901 2810 2956 multa
2848 2902 3333 2960 Mediolanensium
3383 2905 3664 2961 civitatem
3711 2908 3846 2962 beati

2203 2990 2474 3045 Ambrosii
2523 2989 2732 3045 meritis
2782 3005 2949 3060 super
2995 3005 3186 3048 omnes
3234 2992 3406 3048 Italia
3445 2994 3702 3051 civitates
3738 2996 3846 3051 cle-

464 3096 667 3152 scopus
703 3059 1068 3145 venerandus,
1114 3084 1280 3148 prout
1320 3091 1486 3147 supra
1534 3077 1647 3133 dixi
1676 3076 1760 3144 Μ,
1801 3078 1856 3132 in
1888 3059 2336 3134 verilateCricis
2391 3079 2657 3134 militibus
2711 3059 3105 3137 strenuissimis
3160 3081 3453 3153 multisque
3512 3085 3850 3154 sapientibus

467 3169 817 3240 comperiens
861 3169 930 3222 ab
979 3167 1211 3222 introitu
1259 3167 1343 3220 sui
1391 3166 1620 3221 honoris
1665 3167 1846 3222 divina
1896 3168 2114 3223 miseri-

467 3258 658 3316 cordia
705 3258 957 3323 edoctus,
1011 3256 1342 3325 elimosynas
1391 3254 1619 3310 cottidie
1677 3255 1970 3326 largiretur
2017 3257 2117 3311 im-

467 3361 704 3414 mensas,
751 3353 812 3401 ut
859 3346 944 3400 sui
992 3359 1187 3400 cursus
1235 3344 1396 3400 tinem
1445 3344 1542 3399 Dei
1591 3343 1881 3400 clementia
1918 3359 2115 3414 appro-

467 3439 644 3505 baret,
703 3435 958 3492 omnibus
1018 3433 1275 3488 ﬁdelibus
1331 3439 1387 3488 et
1442 3432 1756 3488 inﬁdelibus
1821 3434 2117 3505 diligenter

467 3526 762 3584 ostendere
792 3524 1021 3581 curavit.
1055 3522 1349 3578 Venientes
1395 3528 1575 3578 autem
1623 3527 1869 3578 aratores
1917 3529 1972 3579 et
2014 3525 2116 3579 be-

467 3616 616 3673 bulci
659 3629 783 3672 cum
821 3613 883 3645 “‘
933 3620 1202 3669 terrarum
1251 3611 1437 3667 sulcos
1484 3612 1734 3681 diligenti
1774 3623 1914 3667 cura
1951 3613 2115 3669 solito

466 3721 619 3764 more
677 3709 1048 3774 superassent,
1101 3708 1156 3757 et
1193 3701 1390 3757 sulculi
1426 3700 1732 3757 cultoribus
1767 3702 1882 3757 suis
1937 3704 2116 3757 sinum

467 3797 536 3851 ad
585 3795 834 3851 debitum
891 3791 1267 3862 recipiendum
1327 3806 1426 3861 per
1481 3792 1690 3867 semina
1748 3791 2114 3861 aperuissent,

469 3890 530 3940 ut
566 3883 636 3914 δι’
677 3883 882 3953 largius
930 3896 994 3935 ac
1037 3879 1442 3935 habundantius
1488 3887 1736 3935 aratores
1783 3881 1990 3936 semina
2036 3895 2118 3936 se-

471 3977 678 4038 rerent,
720 3968 1124 4040 quodammodo
1175 3968 1436 4038 temporis
1483 3969 1798 4024 amoenitate
1846 3969 1998 4039 ipsos
2027 3970 2118 4026 ad-

472 4062 750 4126 hortante,
783 4059 993 4129 magnis
1036 4058 1316 4113 exercitiis
1363 4059 1682 4128 magnisque
1732 4057 2014 4114 laboribus
2062 4060 2118 4114 in

473 4151 544 4207 iis
599 4163 821 4219 operam
873 4148 1164 4204 dederunt.
1233 4149 1419 4217 Itaque
1483 4147 1765 4203 seminatis
1819 4148 2120 4203 seminibus

471 4239 783 4311 fugatisque
812 4254 842 4292 a
891 4237 1032 4294 calo
1079 4235 1347 4304 nubibus,
1397 4235 1639 4292 cultores
1669 4235 1736 4292 de
1769 4236 1858 4292 die
1888 4237 1944 4291 in
1975 4237 2119 4292 diem

2207 3175 2370 3238 atque
2405 3167 2469 3199 “9
2506 3167 2795 3224 hadiﬁciis
2823 3170 3199 3239 imperialibus
3228 3171 3492 3227 elevasset
3535 3194 3548 3228 :
3593 3174 3653 3228 in
3684 3181 3846 3230 morte

2208 3258 2616 3328 praclarissimi
2663 3257 2968 3313 sacerdotis
3027 3264 3192 3329 atque
3247 3260 3655 3332 archiepiscopi
3697 3265 3845 3318 lleri-

2206 3347 2372 3414 berti,
2413 3361 2536 3402 cum
2574 3361 2684 3416 quo
2729 3360 2920 3403 omnes
2957 3348 3208 3404 ecclesia
3236 3350 3616 3406 Ambrosiana
3646 3365 3711 3407 ac
3739 3351 3844 3407 cle-

2209 3436 2449 3492 ricorum
2480 3435 2723 3506 ejusdem
2771 3435 3014 3492 honores
3041 3437 3314 3504 abierunt,
3355 3437 3627 3494 malorum
3659 3440 3843 3494 civium

2208 3525 2419 3581 meritis
2465 3525 2844 3595 exigentibus,
2894 3525 3067 3596 ipsam
3117 3540 3468 3596 compescere
3517 3535 3574 3584 et
3625 3529 3845 3598 compri-

2209 3627 2355 3670 mere
2413 3614 2704 3683 disposuit.
2753 3613 2907 3681 Quod
2956 3628 3078 3670 cum
3135 3613 3199 3646 "”°
3271 3617 3490 3672 assidue
3539 3631 3841 3689 coagmen-

2209 3703 2438 3758 tissimis
2511 3702 2858 3762 successibus
2935 3703 3275 3774 maximeque
3351 3705 3592 3762 cultibus
3660 3707 3845 3762 divinis

2209 3792 2589 3862 religiosorum
2636 3792 2980 3848 sacerdotum
3030 3807 3094 3848 ac
3139 3793 3674 3862 sapientissimorum
3711 3796 3846 3852 ordi-

2209 3883 2489 3938 nariorum
2528 3880 2687 3950 Copia
2741 3881 2797 3936 in
2847 3881 3046 3937 divinis
3089 3884 3516 3952 perﬁorescente
3546 3885 3844 3954 scripturis,

2209 3971 2497 4028 ecclesiam
2563 3984 2676 4039 pra
2735 3970 2952 4026 cateris
3004 3971 3415 4027 Ambrosianam
3473 3973 3741 4029 elevasset
3791 3988 3844 4028 ac

2210 4061 2558 4117 sublimasset
2614 4059 2886 4125 ecclesiis,
2947 4061 3100 4129 ipsos
3157 4061 3402 4127 ordines,
3462 4076 3606 4132 quos
3670 4064 3847 4118 beatus

2209 4149 2527 4205 Ambrosius
2569 4148 2637 4203 ad
2684 4148 2781 4204 Dei
2830 4148 3095 4204 honorem
3144 4149 3452 4207 ordinando
3500 4152 3846 4216 instruxerat,

2211 4239 2422 4294 meritis
2469 4237 2658 4308 populi
2709 4238 2803 4308 qui
2852 4244 2982 4294 tunc
3029 4239 3221 4294 aderat
3267 4247 3321 4295 et
3369 4240 3585 4296 futurus
3638 4250 3773 4310 erat,
3799 4244 3846 4297 in

472 4337 619 4387 serta
675 4328 740 4361 “‘
804 4342 932 4384 rura
998 4326 1334 4382 manicantes
1393 4325 1720 4380 circuibant.
1787 4328 2002 4382 Interea
2057 4326 2388 4398 “inmorte
2417 4327 2693 4383 Heriberti
2733 4327 2889 4398 quasi
2918 4326 2986 4382 ad
3017 4327 3280 4384 nichilum
3319 4329 3617 4386 demolitus
3647 4338 3750 4386 est.
3797 4333 3847 4386 In

2140 4380 2189 4438 D

473 4424 684 4476 tantum
739 4432 771 4473 a
826 4416 1006 4473 ventis
1060 4416 1292 4482 siccata,
1362 4428 1465 4470 nec
1523 4413 1787 4470 calorum
1852 4413 2419 4474 imbribus”tantum
2466 4417 2611 4473 enim
2654 4417 2916 4474 Dominus
2963 4418 3236 4473 civitatem
3275 4419 3447 4488 ipsam
3481 4421 3696 4476 meritis
3725 4420 3846 4476 tanti

473 4508 692 4565 madida
737 4521 841 4564 nec
889 4506 945 4562 in
1000 4505 1288 4562 iemalibus
1340 4502 1638 4574 frigoribus
1689 4503 1930 4575 desuper
1987 4505 2124 4562 fusis

475 4597 689 4668 pruinis
753 4596 977 4652 astricta
1007 4637 1021 4664 ,
1099 4593 1196 4650 sed
1275 4593 1652 4664 pulverulenta
1725 4595 1880 4664 quasi
1953 4596 2122 4666 {Egy-

476 4688 656 4758 ptiaca
681 4691 736 4742 et
764 4683 1102 4740 infructuosa
1121 4682 1360 4753 jacebat.
1391 4684 1508 4737 Jam
1548 4682 1692 4737 enim
1736 4683 1911 4753 iemps
1938 4688 2124 4739 trans-

475 4777 652 4843 ierat,
703 4779 758 4832 et
804 4787 1058 4846 agrorum
1107 4773 1350 4829 cultores
1395 4771 1582 4842 digitis
1629 4772 1837 4829 semina
1892 4772 2126 4844 fusoque

479 4866 704 4938 pulvere
751 4863 1208 4935 disc0perientes,
1257 4862 1377 4933 ipsa
1425 4874 1556 4918 sana
1598 4866 1655 4918 et
1700 4863 1913 4935 integra
1960 4878 2123 4935 repe-

2204 4508 2306 4563 viri
2339 4507 2745 4573 sublimaverat,
2788 4512 2868 4573 ut,
2917 4507 2964 4561 si
3011 4507 3123 4562 dux
3159 4513 3253 4562 aut
3303 4509 3549 4564 marchio
3579 4509 3754 4565 Italia
3777 4517 3847 4564 to-

2206 4597 2316 4653 tius
2363 4597 2566 4665 injuste
2613 4595 2822 4666 aliquid
2874 4595 3138 4651 adversus
3175 4596 3343 4651 alium
3381 4598 3492 4652 sive
3533 4597 3604 4652 de
3637 4597 3848 4654 minori-

2207 4687 2311 4742 bus
2339 4685 2451 4742 sive
2480 4685 2548 4741 de
2579 4685 2878 4755 majoribus
2905 4690 3113 4755 ageret,
3147 4691 3202 4740 et
3241 4685 3407 4741 nimia
3437 4701 3561 4742 eum
3595 4701 3846 4758 superas-

2207 4782 2292 4832 set
2347 4775 2398 4830 vi
2443 4773 2502 4806 ἰω
2570 4775 2792 4842 virtute,
2861 4773 3010 4845 virga
3075 4773 3367 4844 pastoralis
3430 4775 3500 4830 ab
3568 4777 3844 4832 lleriberto

2208 4865 2372 4921 missa
2400 4869 2563 4936 atque
2593 4864 2650 4920 in
2698 4863 2822 4920 loco
2865 4864 2979 4920 sive
3016 4863 3073 4920 in
3112 4876 3302 4921 manso
3331 4863 3436 4920 ﬁxa
3465 4863 3682 4933 fuisset,
3716 4865 3842 4920 unde

1847 5007 2069 5063 VARLE
2124 5008 2408 5065 LECTlON
2411 5009 2509 5064 ES.

550 5132 616 5215 ‘f‘
643 5134 720 5189 ita
747 5133 971 5215 B:_nl._q..
1004 5145 1057 5215 ρ.
1089 5130 1211 5215 ορ.
1312 5131 1370 5212 h.
1401 5130 1458 5186 h.
1490 5144 1547 5213 ε..
1571 5131 1746 5215 c.'A*.
1776 5136 1825 5186 et
1853 5130 1918 5215 βι
1944 5137 2059 5202 post
2089 5132 2336 5215 duxisset
2364 5133 2566 5215 demum
2594 5131 2840 5215 exitium
2867 5132 2980 5214 itu:
3013 5137 3213 5215 ethpra
3242 5130 3622 5215 ceteriscom.
3655 5146 3703 5188 c.
3737 5133 3771 5215 i:
3803 5133 3839 5186 i.

480 5209 538 5264 h.
569 5206 628 5261 h.
660 5219 707 5260 s.
784 5202 849 5236 “9
880 5200 1104 5259 Titulus:
1142 5204 1216 5257 De
1246 5201 1403 5257 famis
1432 5200 1701 5274 periculo,
1733 5202 1882 5271 quod
1917 5200 2017 5274 per
2045 5218 2220 5260 annos
2264 5203 2335 5258 25
2381 5205 2588 5258 Italiam
2637 5203 2866 5260 moleste
2914 5200 3132 5274 invasit,
3163 5207 3219 5258 et
3248 5202 3305 5257 d.
3337 5203 3615 5259 Heriberti
3661 5203 3839 5274 arche;

483 5277 697 5349 piscopi
727 5275 1049 5349 elimosinis.
1081 5274 1168 5329 Αἵ
1201 5275 1276 5329 De
1309 5273 1570 5349 miraculo
1601 5272 1900 5349 fertilitatis
1919 5272 1978 5349 d_.
2014 5277 2289 5349 Heriberti
2327 5275 2730 5349 archiepiscopi
2762 5273 3224 5349 temporemfamis,
3268 5289 3392 5342 qua
3441 5289 3562 5349 per_
3580 5288 3754 5349 annos
3777 5272 3836 5326 25

483 5344 722 5404 duravit.
756 5346 869 5403 rell.
964 5344 1030 5377 ’διο
1066 5361 1116 5400 a.
1146 5361 1197 5400 ν.

1231 5361 1286 5415 p.
1318 5360 1364 5399 s.
1399 5345 1453 5399 d.
1487 5346 1669 5401 desunt
1701 5347 1757 5400 Β.
1835 5343 1894 5376 δθι
1937 5346 2116 5402 deest!

2204 5347 2269 5402 Bt.
2346 5345 2408 5378 δι’
2443 5343 2583 5402 etut
2611 5343 2694 5400 Bt.
2772 5344 2836 5377 ⁸³³
2865 5343 2978 5400 sata
3011 5344 3092 5400 Bt.
3168 5344 3232 5375 m
3263 5351 3317 5399 et
3349 5351 3493 5399 terra
3527 5346 3611 5400 Bt.
3689 5345 3748 5376 ⁸⁵³
3774 5359 3836 5399 m.

487 5425 543 5476 et
573 5435 628 5486 p.
661 5419 856 5475 aﬁ‘ectu
882 5420 974 5474 Δί’.
1005 5417 1089 5472 Bl.
1166 5417 1228 5448 ⁸⁸⁸
1258 5417 1398 5472 deest
1428 5417 1519 5472 A".
1551 5417 1643 5470 ﬁni
1675 5416 1756 5470 Bt.
1834 5417 1896 5447 “7
1929 5418 2088 5472 Dedit
2116 5417 2197 5471 Bt.
2275 5417 2339 5450 “3
2373 5417 2568 5473 Titulus
2597 5418 2652 5472 in
2679 5416 2942 5473 codicibus
2969 5437 2980 5471 :
3019 5419 3090 5470 De
3123 5418 3451 5480 reverentia,
3484 5427 3646 5486 quam
3678 5416 3839 5473 omnis

487 5487 641 5547 Italia
679 5491 735 5544 d.
769 5490 1058 5545 lleriberto
1089 5489 1279 5544 sedule
1316 5490 1398 5557 (ae
1438 5487 1634 5543 devote
1664 5487 1831 5542 addit.
1873 5489 1979 5556 A’.)
2024 5489 2432 5558 impendebant.

490 5562 633 5619 deest
655 5562 760 5618 A“.
791 5577 836 5617 s.
869 5561 920 5616 vi
946 5561 1028 5616 vir
1056 5561 1254 5617 virtute
1285 5559 1368 5616 A‘.
1403 5562 1460 5615 Β.
1495 5560 1544 5614 vi
1574 5565 1668 5614 aut
1696 5559 1820 5614 virt.
1856 5559 1937 5614 Bt.

2525 5489 2588 5520 ’“9
2633 5490 2774 5544 deest
2813 5491 2870 5543 B.
2968 5487 3030 5518 ³⁵⁰
3059 5487 3186 5542 dum
3223 5489 3279 5542 Β.
3313 5488 3413 5555 Qui
3445 5487 3501 5543 d.
3534 5488 3618 5544 BI.
3713 5489 3766 5519 ⁸³·
3796 5486 3836 5538 \1'
