4022 6160
252 245 355 299 889

1285 247 1594 340 HISTORIA
1631 250 2178 307 MEDIOLANENSIS.
2217 278 2290 289 —
2327 248 2452 302 LIB.
2495 245 2562 301 II.

3436 227 3609 294 >890

251 374 366 426 orta
397 367 670 424 dissensio
714 373 850 435 erat,
883 368 950 423 ab
981 369 1240 439 injuriato
1278 371 1576 428 humilibus
1604 373 1668 405 ιδ’
1701 376 1880 444 preci-
1894 376 1946 436 Α
1966 379 2166 441 motus,
2207 373 2384 443 primo
2435 371 2658 428 omnino
2707 371 2968 440 ignorans
3023 379 3130 436 qua
3169 366 3237 421 de
3295 379 3457 421 causa
3503 365 3608 421 ista

249 459 348 514 bus
379 457 643 527 requisita
679 457 998 524 concordia,
1032 459 1295 516 continuo
1339 474 1448 516 non
1499 461 1885 532 adquiesceret

248 547 549 616 superbus,
598 559 699 601 nec
751 546 915 601 ullam
953 545 1058 602 vim
1089 548 1246 604 alteri
1304 548 1527 618 inferre,
1580 551 1757 608 donec
1797 567 1885 609 res

248 637 364 706 ipsa
395 635 645 705 legaliter
675 634 920 690 discussa
949 634 1159 703 fuisset,
1203 637 1422 692 minime
1444 639 1699 696 audebat.

315 722 406 778 30.
440 724 605 793 Cujus
637 722 701 754 ‘5’
731 723 784 777 in
817 729 1062 793 tempore
1092 724 1178 780 lex
1214 725 1280 756 ‘5‘
1307 733 1494 782 sancta
1531 734 1695 798 atque
1734 743 1882 784 man-

248 812 433 868 datum
462 826 660 868 novum
691 818 746 868 et
776 813 978 868 bonum
1019 827 1047 867 e
1080 814 1242 880 cmlo,
1285 820 1344 870 ut
1382 818 1557 870 sancti
1590 817 1688 872 viri
1729 832 1886 873 asse-

247 905 497 966 ruerunt,
558 901 812 956 omnibus
869 901 1184 957 christianis
1242 910 1348 957 tam
1408 904 1664 960 ﬁdelibus
1721 920 1881 975 quam

244 991 560 1046 inﬁdelibus
611 991 735 1046 data
788 998 890 1058 est,
942 991 1132 1047 dicens
1180 1000 1450 1062 quatenus
1479 1009 1669 1050 omnes
1699 996 1881 1051 homi-

243 1094 343 1137 nes
371 1095 564 1136 secure
615 1081 683 1135 ab
732 1081 869 1136 hora
909 1081 1081 1150 prima
1127 1082 1275 1137 Jovis
1318 1097 1490 1154 usque
1537 1085 1605 1140 ad
1654 1085 1882 1154 primam

241 1167 431 1223 horam
478 1168 589 1222 diei
649 1170 832 1235 Lunae,
886 1169 1260 1239 cujuscunque
1319 1172 1495 1241 culpa
1544 1172 1744 1241 forent,
1786 1189 1883 1230 sua

241 1257 462 1327 negotia
503 1263 729 1327 agentes
768 1265 1188 1327 permanerent;
1240 1266 1294 1314 et
1350 1262 1681 1332 quicumque
1741 1264 1882 1320 hanc

240 1344 418 1416 legem
458 1345 780 1412 offenderet,
830 1346 1086 1402 videlicet
1124 1353 1366 1418 treguam
1410 1351 1523 1416 Dei,
1557 1366 1680 1420 quae
1712 1352 1880 1407 mise-

239 1434 482 1489 ricordia
533 1434 740 1490 domini
789 1436 962 1490 nostri
1016 1438 1144 1491 Jesu
1193 1437 1394 1492 Christi
1445 1441 1608 1494 terris
1669 1442 1884 1496 noviter

238 1523 514 1592 apparuit,
540 1523 730 1592 procul
754 1523 922 1579 dubio
944 1525 999 1578 in
1021 1525 1186 1580 exilio
1217 1525 1542 1595 dampnatus
1571 1543 1671 1597 per
1699 1528 1882 1598 aliqua

241 1618 489 1682 tempora
548 1626 762 1681 poenam
826 1613 1460 1684 patiatur-corpoream.
1522 1619 1590 1671 At
1620 1618 1714 1687 qui
1744 1632 1880 1673 ean-

1967 463 2191 520 insolito
2241 463 2583 526 advenirent,
2625 459 2772 529 quod
2813 457 3047 526 amplius
3095 467 3206 510 non
3245 453 3477 520 viderat,
3511 469 3608 510 ar-

1969 559 2127 622 repto
2186 551 2439 607 malleolo
2479 549 2644 605 nimia
2700 549 2781 603 ira
2847 549 3152 602 commotus
3213 541 3494 597 universas
3549 543 3606 596 in

1972 656 2136 696 unum
2176 641 2560 711 constringens
2588 638 2816 693 laminas
2836 634 2900 666 “3
2933 637 3110 706 ignem
3143 631 3291 688 misit
3311 631 3366 685 in
3403 631 3604 700 ipsum.

1968 735 2034 786 At
2062 733 2206 785 Deus
2243 744 2364 786 cum
2397 731 2510 800 jam
2540 728 2685 785 beati
2723 726 2995 781 Ambrosii
3031 722 3240 779 meritis
3274 719 3476 776 furtum
3509 733 3608 788 per

1967 820 2266 890 sacrilegos
2297 827 2474 874 actum
2535 817 2773 887 pandere
2822 820 3061 877 curaret,
3111 820 3166 868 et
3213 811 3354 866 ultra
3384 809 3606 864 illorum

1966 909 2248 980 perﬁdiam
2305 922 2414 964 non
2457 907 2689 977 patiens,
2751 919 2916 974 super
2974 903 3292 972 magistrum
3344 905 3398 954 et
3440 912 3608 967 super

1966 997 2263 1066 sacrilegos
2302 995 2517 1050 laminae
2563 1006 2757 1048 sonum
2805 991 3012 1062 grande
3061 988 3302 1044 ferentes
3351 992 3405 1041 et
3436 985 3604 1040 terri-

1966 1087 2152 1142 biliter
2179 1085 2438 1140 salientes
2468 1083 2810 1154 apertissima
2839 1081 2936 1136 Dei
2984 1080 3066 1134 ira
3102 1080 3252 1148 ipsos
3281 1077 3336 1131 in
3367 1075 3607 1131 vultibus

1966 1177 2162 1232 misere
2197 1175 2636 1231 combusserunt.
2687 1175 2818 1240 Quae
2864 1171 3000 1226 visio
3031 1182 3223 1225 omnes
3261 1165 3356 1236 qui
3387 1163 3455 1219 ad
3486 1163 3607 1219 hzec

1966 1266 2200 1322 videnda
2241 1267 2353 1336 jam
2400 1271 2558 1319 antea
2597 1266 2989 1324 convenerant,
3040 1258 3280 1314 auriﬁcis
3319 1252 3606 1311 domestici

1966 1371 2029 1412 ac
2057 1356 2221 1411 vicini
2255 1354 2518 1425 ejusdem,
2552 1359 2612 1409 ut
2649 1358 2805 1415 erant
2837 1351 3051 1405 laminae
3089 1345 3413 1404 venerandae
3445 1343 3605 1398 testi-

1967 1446 2212 1511 ﬁcantes,
2273 1443 2572 1513 sacrilegos
2624 1443 2778 1511 ipsos
2835 1439 3095 1495 dentibus
3133 1436 3434 1492 stridentes
3469 1445 3605 1488 voce

1965 1535 2159 1606 grandi
2189 1533 2521 1589 vocitabant.
2573 1533 2759 1600 Itaque
2810 1527 3125 1584 convocatis
3172 1522 3468 1594 aliquantis
3497 1522 3605 1576 hu-

1960 1625 2051 1693 jus
2107 1623 2260 1677 urbis
2298 1621 2594 1685 nobilibus,
2655 1632 2875 1674 carcere
2933 1617 3190 1681 obscuro,
3240 1613 3334 1668 ubi
3367 1608 3606 1666 damnati

239 1701 365 1757 dem
397 1702 711 1768 servaverit,
744 1702 812 1756 ab
843 1703 1084 1758 omnium
1134 1711 1484 1773 peccatorum
1521 1705 1754 1762 vinculis
1783 1707 2220 1781 DeiBsolebant
2280 1709 2556 1776 concludi,
2622 1708 2798 1777 pinnis
2845 1705 3016 1760 attriti
3064 1701 3295 1758 diversis
3343 1698 3606 1766 durisque

239 1791 620 1853 misericordia
650 1791 982 1847 absolvatur.

307 1878 563 1936 31..Cum
622 1879 685 1911 “5
740 1880 884 1935 enim
947 1881 1200 1936 dominus
1239 1896 1301 1937 ac
1339 1888 1528 1938 noster
1565 1884 1883 1953 redemptor

238 1975 403 2039 atque
465 1969 704 2025 salvator
759 1969 999 2025 omnium
1058 1970 1306 2026 Christus
1363 1974 1521 2028 Jesus
1568 1988 1666 2042 per
1713 1974 1882 2029 multa

233 2059 345 2127 jam
388 2064 635 2128 tempora
673 2059 1056 2115 antecedentia
1093 2061 1239 2116 beati
1269 2062 1543 2118 Ambrosii
1573 2077 1762 2118 omnes
1783 2077 1881 2119 ec-

237 2146 575 2203 clesiasticas
623 2149 1021 2214 ordinationes,
1072 2164 1209 2219 quas
1246 2151 1366 2220 ipse
1397 2151 1568 2206 cultui
1597 2152 1782 2208 divino
1813 2151 1881 2206 ad

233 2236 334 2290 Dei
364 2236 629 2291 honorem
677 2250 846 2305 opere
886 2238 1275 2293 decentissimo
1301 2281 1316 2304 ,
1368 2245 1533 2308 prout
1573 2241 1882 2310 cuicunque

233 2325 319 2380 rei
370 2325 736 2393 competebat,
781 2331 1071 2380 ornaverat
1109 2327 1334 2395 praediis
1371 2326 1456 2394 “’6,
1511 2335 1674 2398 atque
1722 2331 1885 2384 mira-

237 2413 386 2468 culis
421 2428 534 2468 suae
588 2415 886 2483 majestatis
935 2415 1126 2470 dextra
1176 2416 1527 2484 exaltaverat,
1579 2419 1736 2488 quasi
1762 2419 1882 2476 hac

237 2501 425 2556 omnia
478 2501 739 2558 oblivioni
764 2503 874 2571 jam
915 2500 1114 2560 tradita
1147 2503 1398 2572 fuissent,
1431 2507 1486 2562 in
1521 2507 1729 2562 baculis
1758 2509 1881 2579 glo-

234 2589 406 2644 riosis
451 2590 646 2644 summi
693 2591 956 2646 antistitis
1004 2593 1277 2648 Ambrosii
1326 2608 1425 2664 per
1476 2609 1744 2651 summum
1784 2597 1882 2651 mi-

233 2677 485 2733 raculum
543 2684 723 2734 tamen
781 2684 1028 2750 tempore
1086 2682 1230 2736 beati
1281 2683 1554 2739 Heriberti
1610 2685 1882 2754 archiepi-

232 2765 392 2834 scopi
451 2765 732 2822 declarare
763 2769 990 2835 curavit,
1026 2783 1242 2826 necnon
1274 2771 1328 2825 in
1369 2779 1588 2841 quantm
1620 2787 1880 2829 reveren-

233 2853 326 2909 tiae
378 2861 707 2926 quantaeque
770 2857 1070 2928 diligentiae
1132 2861 1401 2916 universis
1468 2861 1742 2929 ﬁdelibus,
1784 2864 1880 2932 qui

231 2943 400 2999 modo
451 2950 580 3000 sunt
609 2951 664 3001 et
703 2947 796 3016 qui
827 2945 996 3002 futuri
1044 2954 1193 3015 sunt,
1227 2950 1674 3006 Ambrosianicos
1721 2957 1878 3008 actus

1967 1800 2196 1856 vinculis
2227 1799 2467 1870 colligati
2526 1797 2731 1853 redacti
2780 1801 2928 1850 sunt.
2968 1793 3108 1861 Quin
3167 1791 3330 1846 etiam
3371 1785 3608 1842 induciis

1965 1905 2138 1960 usque
2181 1903 2336 1944 mane
2385 1887 2448 1917 “9
2495 1886 2712 1942 illorum
2771 1884 2896 1939 vitae
2928 1881 3166 1945 donatis,
3199 1883 3291 1933 aut
3321 1877 3432 1932 illis
3471 1887 3608 1944 quo—

1965 1979 2128 2035 modo
2167 1978 2578 2034 adinvenissent
2615 1975 2829 2030 ratione
2878 1971 3221 2042 apertissima
3269 1965 3605 2023 conﬁteren-

1965 2075 2074 2136 tur,
2107 2074 2199 2122 aut
2228 2067 2391 2136 lignis
2420 2064 2700 2120 altissimis
2728 2061 2980 2131 suspensi
3013 2058 3306 2114 durissime
3339 2053 3606 2124 puniren-

1965 2162 2074 2211 tur.
2109 2155 2262 2209 Enim
2297 2155 2404 2209 hoc
2451 2152 2798 2222 sacrilegium
2851 2164 2953 2204 nec
2997 2163 3028 2204 a
3063 2145 3387 2202 custodibus
3415 2155 3606 2197 secre-

1967 2243 2090 2299 tarii
2139 2242 2340 2298 factum
2387 2255 2508 2296 esse
2548 2246 2665 2296 erat
2703 2244 3065 2308 compertum,
3099 2249 3201 2289 nec
3233 2232 3444 2288 civibus
3481 2229 3609 2284 ullis

1966 2338 2286 2388 reseratum.
2319 2331 2458 2398 Quid
2490 2329 2702 2384 multa?
2750 2326 3032 2396 Sacrilegi,
3065 2321 3259 2394 procul
3297 2320 3466 2376 dubio
3506 2331 3610 2373 co-

1964 2427 2294 2493 gnoscentes
2338 2435 2458 2476 sese
2505 2419 2668 2474 morti
2719 2417 2902 2472 subito
2971 2415 3312 2474 incursuros,
3364 2409 3410 2464 si
3459 2405 3605 2477 quod

1964 2514 2108 2566 Deus
2137 2510 2396 2580 paulatim
2428 2507 2682 2564 ﬁdelibus
2732 2505 2876 2562 beati
2907 2503 3119 2560 meritis
3148 2498 3420 2557 Ambrosii
3452 2510 3606 2552 rese-

1966 2600 2140 2668 rabat,
2194 2598 2298 2668 ipsi
2356 2597 2579 2654 omnino
2636 2597 2974 2666 denegarent
3015 2614 3028 2648 :
3067 2591 3254 2663 paucis
3293 2584 3609 2645 convocatis

1964 2689 2366 2754 sacerdotibus,
2400 2687 2506 2742 ﬁde
2547 2700 2646 2756 pro
2683 2684 2858 2740 salute
2909 2683 3128 2738 illorum
3179 2683 3425 2748 accepta,
3476 2673 3605 2730 uni-

1962 2792 2118 2834 versa
2149 2778 2385 2847 qualiter
2415 2776 2519 2846 ipsi
2541 2776 2782 2845 egissent
2811 2772 3051 2829 seriatim
3091 2769 3202 2825 illis
3232 2771 3602 2836 aperuerunt;

1963 2869 2095 2936 quin
2145 2867 2307 2922 etiam
2357 2866 2536 2920 locum
2576 2866 2776 2934 ipsum,
2808 2865 2864 2918 in
2897 2876 3007 2932 quo
3049 2874 3148 2931 per
3175 2856 3503 2924 semetipsos
3540 2853 3606 2907 li-

1960 2970 2066 3027 gna
2116 2955 2179 2986 ⁴⁶⁰
2235 2955 2552 3009 eorumdem
2624 2953 2944 3008 baculorum
3004 2950 3368 3012 immiserunt,
3422 2943 3607 2998 verbis
3678 2957 3686 2960 ·

230 3046 426 3088 omnes
453 3031 654 3100 ῖοΐθηῐ,
687 3035 937 3092 inaudito
987 3043 1040 3092 θῐ
1088 3037 1262 3093 inViSO
1302 3039 1566 3094 mil'aCUIO
1597 3040 2319 3115 humiliterCapertissimis
2368 3047 2746 3097 narraverunt.
2795 3043 2911 3096 Hoc
2941 3039 3129 3094 audito
3169 3035 3487 3092 sacerdotes
3515 3031 3603 3086 ni-

231 3121 523 3191 propalare
555 3124 781 3178 curavit.
833 3125 1026 3180 Evenit
1072 3127 1256 3196 itaque
1301 3128 1450 3196 quod
1489 3128 1669 3184 baculi
1701 3130 1876 3184 sancti

227 3211 527 3278 Ambrosii,
562 3228 684 3268 cum
718 3213 918 3282 quibus
957 3220 1136 3270 tamen
1179 3218 1368 3285 juncta
1426 3218 1574 3288 virga
1615 3219 1877 3288 pastorali

229 3301 643 3368 pcenitentiales
672 3309 727 3357 et
754 3303 872 3372 ipse
904 3303 956 3358 in
990 3305 1224 3360 ecclesia
1272 3307 1367 3361 Dei
1407 3307 1647 3374 trahere,
1691 3321 1882 3377 quam-

229 3389 320 3444 diu
353 3391 417 3444 in
439 3389 540 3445 hac
568 3391 677 3446 vita
715 3392 866 3458 vixit,
900 3393 1132 3461 solebat,
1173 3393 1359 3450 furtim
1403 3410 1501 3464 per
1530 3397 1878 3452 latrocinium

229 3491 356 3532 casu
399 3477 597 3533 sublati
627 3485 772 3534 sunt.
807 3481 1014 3546 Quibus
1043 3496 1072 3535 a
1093 3483 1376 3552 sacrilegis
1413 3483 1620 3549 fractis,
1653 3489 1879 3554 argento

231 3571 284 3621 et
310 3580 475 3632 auro,
510 3581 540 3622 e
579 3568 780 3637 quibus
811 3569 991 3624 baculi
1032 3575 1188 3624 erant
1231 3571 1553 3626 circumdati
1585 3572 1794 3627 honore
1827 3578 1882 3628 et

234 3647 548 3711 rev'erentia
606 3656 750 3712 beati
789 3657 1062 3712 Ambrosii
1117 3657 1412 3724 decoratis,
1453 3659 1705 3729 sacrilegi
1736 3659 1883 3729 ligna

232 3758 431 3800 eorum
462 3745 664 3800 nudata
703 3747 757 3801 in
789 3746 1025 3815 quodam
1061 3746 1377 3816 turpissimo
1408 3762 1650 3814 secessu,
1683 3755 1742 3802 ut
1772 3762 1886 3803 am-

231 3835 384 3904 plius
441 3835 662 3891 minime
739 3835 1117 3891 invenirentur
1200 3836 1450 3893 clanculo
1517 3838 1879 3906 immiserunt,

232 3925 346 3979 auri
412 3937 543 3980 vero
601 3929 655 3980 et
714 3925 926 3994 argenti
965 3924 1134 3980 lamas
1177 3925 1394 3981 cuidam
1451 3926 1690 3982 auriﬁcze
1749 3929 1884 3982 artis

236 4014 521 4084 magistro,
581 4013 901 4069 simulantes
957 4013 1077 4069 haec
1125 4015 1513 4084 aquibusdam
1569 4015 1884 4086 Allobrogis

237 4105 457 4170 emisse,
500 4107 560 4158 ut
605 4103 854 4158 semotim
904 4103 1308 4174 delinquarent,
1360 4105 1602 4160 auriﬁcis
1628 4106 1881 4162 mercede

236 4194 525 4261 apretiata,
576 4192 948 4248 contulerunt.
1000 4194 1171 4263 Igitur
1218 4191 1440 4249 fornace
1490 4197 1601 4265 jam
1651 4209 1881 4252 accensa

237 4280 296 4312 ’⁵⁵⁷
355 4290 411 4338 et
452 4281 735 4352 sacrilegis
771 4282 1264 4351 superastantibus,
1317 4282 1528 4340 aurifex
1564 4286 1683 4340 auri
1714 4285 1880 4341 lami-

1958 3133 2066 3188 mia
2094 3133 2401 3188 reverentia
2432 3130 2690 3187 commoti
2731 3129 2844 3185 fere
2875 3126 3170 3199 angustiati
3209 3131 3357 3180 sunt.
3391 3124 3606 3178 Interea

1959 3222 2178 3292 quidam
2229 3221 2412 3276 animo
2469 3220 2716 3290 cupienti
2765 3218 3001 3274 clericus
3048 3229 3213 3271 cursu
3257 3211 3608 3268 velocissimo

1959 3311 2023 3365 ad
2076 3311 2255 3366 locum
2306 3309 2649 3364 teterrimum
2687 3312 2742 3362 et
2771 3322 2800 3361 a
2831 3306 3116 3375 sacrilegis
3166 3301 3512 3371 praedictum,
3547 3304 3607 3352 ut

1960 3399 2108 3468 ligna
2136 3397 2369 3462 videret,
2421 3409 2530 3450 non
2581 3402 2640 3448 ut
2688 3393 2816 3448 inde
2847 3393 2966 3462 ipsa
3005 3391 3270 3454 traheret,
3309 3386 3555 3443 cucurrit
3589 3405 3604 3451 ;

1962 3488 2057 3558 qui
2097 3487 2244 3541 intro
2300 3484 2596 3552 aspiciens,
2656 3483 2804 3552 ligna
2851 3481 2969 3550 ipsa
3009 3484 3168 3548 rupta
3207 3492 3270 3533 ac
3309 3475 3606 3546 pendentia

1961 3576 2118 3641 vidit,
2153 3581 2211 3629 ut
2241 3559 2358 3628 nec'
2382 3587 2412 3627 a
2443 3585 2602 3628 emno
2632 3569 3059 3625 sordidabantur
3087 3580 3192 3621 nec
3214 3566 3281 3620 ab
3313 3565 3423 3620 ulla
3452 3568 3606 3633 parte

1965 3663 2350 3733 tangebantur.
2381 3662 2514 3716 Cum
2543 3666 2723 3714 autem
2762 3658 2869 3714 hoc
2908 3657 2964 3712 in
3001 3655 3253 3721 veritate,
3303 3651 3452 3724 quod
3493 3651 3607 3707 cle-

1966 3753 2114 3807 ricus
2157 3753 2458 3815 invenerat,
2514 3748 2833 3805 sacerdotes
2891 3746 3250 3812 invenissent,
3303 3745 3606 3799 convocato

1964 3841 2170 3913 populo
2209 3841 2464 3896 universo
2496 3839 2761 3895 continuo
2790 3838 2910 3894 haec
2942 3836 3124 3893 omnia
3153 3833 3395 3891 seriatim
3426 3831 3608 3888 notiﬁ-

1965 3934 2244 3986 caverunt.
2286 3931 2473 3998 Itaque
2512 3928 2747 3998 populus
2803 3939 3102 4008 omnesque
3153 3923 3344 3979 clerici
3398 3923 3512 3978 Deo
3552 3925 3608 3976 et

1963 4021 2125 4075 beato
2187 4018 2475 4074 Ambrosio
2540 4017 2742 4088 gratias
2789 4015 3093 4072 referentes
3141 4014 3452 4077 immensas,
3505 4023 3605 4066 co-
3654 4057 3660 4066 .

1963 4113 2294 4180 gnoscentes
2341 4107 2460 4162 haec
2492 4110 2551 4161 ut
2580 4110 2736 4160 erant
2784 4103 2925 4160 facta
2981 4119 3081 4174 per
3129 4102 3402 4167 ordinem,
3435 4097 3605 4156 laetati

1964 4203 2110 4254 sunt.
2144 4199 2211 4252 Et
2260 4195 2468 4252 baculis
2516 4195 2638 4250 usui
2669 4195 2904 4264 pristino
2943 4191 3312 4262 reintegratis,
3345 4202 3480 4245 auro
3511 4201 3603 4242 ar-

1963 4292 2240 4358 gentoque
2291 4285 2664 4350 circumdatis,
2718 4288 2948 4351 ruptura
2994 4295 3157 4350 quam
3195 4277 3417 4346 maligni
3449 4275 3602 4330 fece-

242 4370 415 4426 nas“8
435 4385 605 4440 super
637 4370 1032 4426 candescentes
1071 4372 1341 4427 carbones
1360 4387 1522 4428 manu
1543 4379 1738 4430 tenens
1775 4377 1872 4431 mi-
1893 4370 1944 4430 D
1967 4381 2089 4430 rant
2108 4387 2218 4430 non
2249 4379 2568 4444 apparente,
2603 4373 2658 4426 in
2690 4372 2856 4426 Deum
2887 4369 3056 4440 gavisi
3096 4373 3242 4423 sunt.

237 4460 322 4515 sit.
354 4459 567 4527 Quibus
617 4458 798 4514 missis
845 4459 1093 4529 maleque
1123 4461 1377 4529 aquisitis
1417 4463 1750 4519 carbonibus
1780 4479 1879 4520 su-

240 4546 636 4619 perimpositis,
687 4548 951 4604 continuo
981 4548 1214 4618 imperio
1244 4549 1340 4604 Dei
1371 4547 1592 4605 fornace
1623 4557 1877 4621 urgente,

237 4639 301 4692 ab
330 4639 460 4709 igne
491 4637 867 4708 prosilierunt.
917 4639 1060 4704 Quas
1107 4637 1367 4709 magister
1395 4652 1458 4693 ac
1488 4639 1741 4711 sacrilegi
1772 4641 1879 4697 col-

240 4725 434 4797 ligens,
467 4726 522 4781 in
570 4725 792 4784 fornace
832 4727 1048 4782 easdem
1098 4741 1265 4798 super
1304 4727 1571 4784 carbones
1600 4729 1882 4786 curialiter

239 4818 401 4872 misit.
436 4818 659 4872 Demum
691 4816 854 4888 ignis,
895 4817 1174 4874 voluntate
1205 4817 1386 4874 divina
1416 4823 1698 4888 Oper-ante,
1734 4820 1881 4889 ipsas

237 4906 456 4974 gravius
499 4905 728 4962 laminas
772 4904 836 4936 ⁸³⁸
883 4906 1083 4963 emisit.
1138 4907 1376 4964 Tandem
1436 4907 1695 4979 magister
1732 4922 1882 4966 com-

2032 4462 2121 4517 32.
2158 4462 2287 4533 (An.
2327 4461 2510 4532 1045.)
2546 4459 2828 4516 Revolutis
2855 4458 2915 4490 “‘
2951 4469 3218 4513 annorum
3255 4453 3442 4510 multis
3471 4467 3602 4509 cur-

1964 4550 2175 4618 riculis,
2207 4550 2263 4605 in
2295 4549 2496 4620 quibus
2534 4548 2770 4604 domnus
2806 4547 3130 4602 Heribertus
3166 4542 3442 4600 cathedrae
3472 4544 3603 4597 Am-

1964 4640 2238 4698 brosianw
2295 4637 2680 4694 decentissime
2728 4651 2793 4691 ac
2846 4648 2947 4705 pro
2996 4640 3244 4702 tempore
3292 4633 3349 4687 in
3391 4631 3606 4686 cunctis

1963 4727 2354 4792 ecclesiasticis
2386 4725 2583 4783 ofﬁciis
2634 4731 2892 4781 strenuus
2931 4729 2990 4780 ut
3019 4728 3281 4794 operator
3310 4721 3604 4776 ﬂoruerat-

1959 4832 2171 4878 summa
2210 4832 2337 4888 pars
2382 4816 2650 4874 nobilium
2680 4817 2946 4885 majorum
2994 4811 3248 4881 militum,
3276 4825 3399 4882 quae
3429 4822 3605 4878 usque

1961 4907 2030 4964 ad
2084 4906 2219 4963 illud
2276 4911 2494 4976 tempus
2539 4903 2792 4970 ecclesia:
2850 4917 2915 4960 ac
2973 4902 3304 4960 clericorum
3357 4903 3603 4956 tutamen

1584 5078 1810 5136 VARI/E
1865 5078 2146 5136 LECTION
2152 5078 2249 5133 ES.

308 5220 371 5251 ⁸³⁸
401 5221 622 5278 humilis
646 5224 705 5277 Β.

239 5362 538 5437 codicibus:
585 5362 974 5437 De'miraculo
1015 5365 1286 5437 (mirabili
1323 5367 1444 5437 A*.)

787 5221 851 5253 ⁸⁸³
884 5221 1120 5304 Titulus:
1155 5221 1682 5304 incipitdeﬁtregua
1709 5227 1806 5281 Dei
1829 5229 2193 5304 _excerpt_um,
2221 5223 2396 5304 quod
2435 5222 2778 5304 Jerosolimis
2815 5236 2844 5277 a

240 5291 387 5360 quod
419 5293 811 5364 Hierosolymis
848 5293 1120 5362 apparuit.
1152 5291 1284 5350 A“.
1307 5294 1388 5350 BI.
1429 5297 1505 5352 De
1537 5291 1794 5366 quodam.
1826 5300 1886 5353 B.
1977 5291 2041 5328 ‘3‘
2071 5297 2108 5351 Ι.
2140 5291 2362 5366 (ιυὶᾱθιη

240 5362 538 5418 codicibus:
585 5367 658 5420 De
698 5365 962 5420 miraculo
1015 5365 1276 5425 (mirabili
1323 5367 1444 5425 A*.)
1498 5368 1815 5425 baculorum
1860 5369 2034 5425 sancti
2081 5368 2376 5424 Ambrosii.

1977 5229 2193 5327 erptum,
2221 5223 2396 5307 .quod
2435 5222 2778 5280 Jerosolimis
2815 5221 3087 5349 apparuit.
3121 5222 3205 5276 A‘.
3239 5222 3313 5276 De
3345 5219 3602 5303 quodam,

1977 5296 2018 5328 ³⁸
2071 5297 2108 5351 l.
2140 5296 2362 5366 quidem
2393 5311 2438 5351 s.
2473 5297 2539 5366 Β,
2576 5295 2826 5365 quaedam
2881 5337 2894 5350 .
2939 5309 2984 5366 s.
3017 5291 3143 5366 Βιλ-
3178 5291 3256 5366 ,⁸⁵⁵
3307 5290 3505 5366 Titulus
3545 5306 3608 5366 3n

2481 5365 2545 5397 ⁸⁵⁸
2587 5362 2856 5436 prodigiis
2893 5364 2976 5420 Βι.
3007 5435 3014 5436 γ
3047 5435 3053 5436 ί
3081 5362 3144 5393 ’⁸⁵⁷
3172 5363 3211 5419 i.
3243 5379 3303 5436 a.
3330 5364 3512 5436 desunt
3534 5364 3598 5436 Β.

240 5431 301 5463 ³⁸⁸
330 5434 501 5508 lamas
520 5438 773 5508 B.const.
851 5435 915 5508 “,9
944 5431 1086 5490 deest
1114 5439 1172 5491 Β.
1249 5435 1312 5468 ⁸⁶⁰
1343 5431 1474 5508 ligni
1507 5440 1563 5493 Β.
1641 5439 1700 5471 ⁴⁶¹
1737 5440 1972 5496 Titulus:
2015 5442 2088 5496 De
2120 5443 2296 5496 morte
2327 5437 2534 5495 domini
2585 5431 2860 5493 Heriberti
2905 5435 3308 5508 archiepiscopi
3349 5434 3608 5496 Mediola!

241 5506 428 5562 nensis
463 5505 621 5571 (Med.
657 5508 798 5564 deest
827 5506 904 5577 B.)
938 5509 1137 5563 MXLV.
