4022 6160
415 239 513 293 891

1496 245 1824 299 LANDULFI
1863 245 2394 301 MEDIOLANENSIS
2429 245 2693 300 CLERICI

3679 243 3786 297 892

435 363 535 430 uit,
563 364 633 419 ad
663 379 722 419 se
761 365 946 421 vocari
999 368 1282 436 prmoepit.
1331 366 1432 434 Qui
1485 366 1604 421 haec
1651 367 1917 422 beneﬁcia
1965 370 2124 428 ec-A
2215 367 2304 421 33.
2338 370 2466 423 Post
2496 368 2560 399 ’⁸⁸³
2589 370 2746 437 cujus
2791 367 3000 422 obitum
3040 380 3163 421 cum
3210 366 3409 422 solaris
3454 380 3636 421 anuus
3671 365 3784 421 fere

415 453 703 508 clesiarum
735 468 799 509 ac
848 455 993 510 beati
1043 456 1311 511 Ambrosii
1365 454 1739 524 episcopatum
1779 471 2054 512 commen-

415 542 572 609 dans,
627 557 727 612 pro
768 545 969 613 quibus
1016 545 1334 599 multotiens
1381 544 1610 599 viriliter
1658 551 2049 615 pugnaverant,

415 646 578 700 quam
636 633 919 702 magniﬁce
951 646 1046 688 eos
1075 633 1469 688 adhortabatur
1514 641 1567 688 et
1594 633 1832 700 dicebat,
1865 637 1910 688 si
1951 649 2051 703 pro

417 720 699 776 beneﬁciis
759 721 1112 776 ecclesiarum
1161 736 1190 775 a
1243 721 1468 790 perﬁdis
1524 723 1822 777 liberandis
1888 724 2051 778 morti

417 811 881 878 opprimerentur,
935 815 1141 864 tantum
1203 810 1314 864 illis
1352 811 1552 875 valere,
1604 818 1864 880 quantum
1906 827 2052 868 mors

415 903 727 952 sanctorum
776 897 886 952 illis
924 897 1111 952 valuit.
1145 899 1366 953 Demum
1400 914 1521 954 cum
1546 902 1657 969 jam
1687 901 1770 955 sui
1801 886 2054 970 corporis

415 1000 608 1041 cursus
665 992 1032 1055 temporaneze
1065 987 1156 1041 ﬁni
1197 988 1508 1043 accelerare
1558 989 1803 1055 vidisset,
1866 989 2053 1045 multis

417 1074 640 1144 praediis
669 1073 964 1144 multisque
997 1077 1238 1131 castellis
1268 1077 1584 1146 primicerio
1615 1078 1838 1147 suisque
1879 1079 2054 1134 omni-

414 1160 516 1215 bus
572 1161 956 1218 sacerdotibus
1012 1164 1330 1220 decumanis
1386 1167 1696 1235 ceterisque
1759 1167 2054 1222 ordinariis

413 1250 713 1319 majoribus
743 1256 798 1306 et
848 1253 1154 1308 minoribus
1211 1254 1474 1320 dedisset,
1527 1255 1820 1324 multisque
1869 1269 2055 1309 mona-

412 1339 598 1394 steriis
667 1354 768 1409 pro
845 1341 1224 1398 universorum
1291 1343 1714 1398 Christianorum
1771 1343 2056 1397 animabus

414 1429 754 1499 maximeque
813 1444 912 1500 pro
945 1432 1319 1488 Ambrosianae
1378 1433 1628 1488 ecclesia:
1668 1431 2052 1487 defensoribus

413 1531 476 1572 ac
507 1517 872 1574 dilectoribus
919 1534 1022 1576 nec
1065 1535 1174 1576 non
1235 1528 1289 1576 et
1343 1535 1440 1576 sua
1471 1523 1760 1588 ordinatis,
1795 1522 2056 1591 aliquam-

413 1605 507 1660 diu
540 1613 721 1662 tamen
761 1615 1002 1678 aegrotus
1026 1610 1252 1678 quievit.
1286 1613 1498 1665 interea
1530 1612 1846 1666 convocatis
1874 1625 2052 1665 sacer-

2135 456 2322 512 decem
2373 471 2588 512 menses
2648 457 2835 526 generi
2895 456 3134 510 humano
3181 469 3332 510 more
3379 455 3546 511 solito
3596 456 3785 510 ammi-

2134 546 2420 601 nistrasset
2453 545 2683 616 (Sept),
2735 552 2788 600 et
2846 545 3080 600 domnus
3135 545 3454 600 Heribertus
3493 558 3628 599 cura
3661 544 3780 600 dili-

2133 635 2283 704 genti
2315 635 2570 688 humatus
2608 633 2821 698 fuisset,
2847 639 2902 688 et
2931 648 3132 688 aureus
3159 633 3295 688 solis
3331 633 3536 688 Christi
3569 633 3636 662 ⁸⁵⁸
3667 632 3783 687 axis

2135 730 2322 779 aastate
2353 739 2411 779 se
2437 725 2544 792 jam
2577 730 2821 778 vertente
2853 723 3035 779 calore
3086 723 3287 778 amisso
3325 737 3426 777 suo
3477 737 3646 779 cursu
3695 737 3785 777 so-

2134 812 2234 867 lito
2266 813 2566 867 recedissct
2622 811 2707 877 “3",
2763 817 2976 866 servata
3033 812 3152 882 lege
3211 812 3496 881 temporis,
3552 812 3610 866 in
3669 823 3784 880 quo

2135 901 2378 956 omnium
2409 901 2686 955 hominum
2731 913 2965 969 corpora
3021 901 3200 954 anima
3251 901 3450 954 amissa
3497 899 3641 954 ultra
3673 911 3788 954 mo-

2137 991 2264 1045 dum
2296 997 2613 1059 putrescere
2669 990 2889 1044 humani
2940 991 3160 1058 generis
3204 987 3498 1058 fragilitate
3536 989 3723 1044 solent
3767 1008 3779 1041 :

2136 1079 2391 1134 monachi
2441 1093 2582 1148 quos
2619 1079 2734 1146 ipse
2785 1079 2921 1133 inibi
2974 1078 3282 1133 ordinando
3340 1084 3784 1142 consecraverat,

2135 1168 2368 1237 quadam
2417 1168 2496 1222 ira
2546 1167 2824 1232 commoti,
2859 1167 3089 1221 maxime
3129 1167 3254 1235 quia
3295 1167 3437 1221 bona
3469 1181 3595 1236 qua:
3629 1166 3789 1221 dom-

2137 1269 2240 1310 nus
2273 1257 2592 1310 lleribertus
2621 1255 2872 1310 ecclesiae
2902 1255 3078 1310 sancti
3107 1256 3343 1310 Dionixii
3376 1261 3430 1310 et
3469 1255 3582 1309 illis
3611 1254 3787 1310 dona-

2139 1353 2307 1410 verat,
2349 1359 2379 1398 a
2415 1344 2636 1413 perﬁdis
2665 1345 2785 1399 sine
2818 1345 2941 1413 jure
2973 1351 3026 1398 et
3055 1345 3174 1398 sine
3205 1344 3324 1412 lege
3357 1344 3782 1409 invadebantur,

2137 1433 2613 1502 discooperientes
2659 1433 2836 1502 ipsum
2876 1433 3352 1501 archiepiscopum
3407 1434 3783 1497 Heribertum,

2137 1529 2197 1578 ut
2225 1523 2306 1577 illi
2337 1524 2493 1592 quasi
2544 1537 2664 1578 sese
2714 1523 3144 1578 lamentarentur
3187 1535 3399 1577 summo
3449 1522 3636 1591 lapide
3675 1535 3786 1590 quo

2137 1611 2498 1666 claudebatur
2554 1611 2844 1666 eruderato
2901 1611 3100 1666 civium
3158 1610 3364 1672 visibus
3419 1610 3487 1665 ad
3529 1617 3788 1679 spectan-

415 1695 638 1751 dotibus
684 1711 747 1752 ac
796 1674 1144 1765 diaconibus,
1176 1713 1384 1754 summa
1437 1715 1558 1755 cum
1616 1701 1910 1756 devotione
1942 1674 2268 1756 om-Bdum
2315 1700 2608 1755 dederunt.
2658 1702 2786 1754 Erat
2832 1700 2975 1755 enim
3025 1701 3218 1754 beatus
3266 1674 3591 1754 Heribertus
3622 1699 3790 1753 tantis

415 1785 564 1839 nium
608 1792 958 1854 peccatorum
1014 1788 1337 1856 poenitentia
1377 1795 1600 1858 accepta
1641 1793 1805 1858 atque
1845 1788 2060 1844 confes-

413 1873 569 1930 sione
601 1888 785 1929 coram
836 1875 1090 1930 omnibus
1138 1875 1278 1931 facta
1326 1881 1489 1946 atque
1529 1878 1875 1932 absolutione
1907 1893 1937 1932 a
1965 1891 2056 1932 sa-

415 1962 737 2018 cerdotibus
765 1977 865 2032 per
894 1964 1300 2033 impositionem
1340 1979 1593 2020 manuum
1629 1967 1835 2035 Spiritu
1865 1972 2056 2021 sancto

415 2059 748 2121 cooperante
779 2052 998 2120 donata,
1049 2062 1292 2109 sanctam
1344 2055 1729 2109 eucharistiam
1777 2055 2059 2110 humiliter

414 2156 477 2196 ac
508 2141 702 2195 devote
750 2143 1013 2211 suscepit.
1066 2145 1180 2198 Hoc
1223 2142 1368 2200 facto
1417 2143 1561 2199 laatis
1589 2144 1973 2200 sacerdotibus
2003 2149 2058 2199 et

414 2229 594 2285 levitis
639 2230 947 2298 ceterisque
988 2231 1081 2300 qui
1131 2232 1364 2288 aderant
1412 2234 1616 2288 exitum
1650 2233 1826 2288 beatae
1857 2234 2054 2289 animm

413 2319 636 2389 psalmis
682 2319 1166 2376 venerabilissimis
1215 2323 1653 2392 expectantibus,
1706 2328 1765 2377 ut
1794 2325 1904 2378 Deo
1937 2324 2056 2391 ejus

412 2408 645 2463 animam
693 2413 748 2464 et
793 2410 1004 2480 angelis
1049 2412 1519 2477 commendarent,
1571 2418 1803 2466 mortem
1845 2417 2057 2480 tempo-

415 2511 654 2564 raneam,
684 2511 794 2553 non
827 2504 1108 2566 aeternam,
1159 2499 1331 2556 fretus
1379 2501 1473 2555 Dei
1521 2506 1576 2556 et
1606 2499 1752 2555 beati
1781 2500 2055 2556 Ambrosii

413 2586 677 2642 subsidiis
723 2588 1066 2656 expectabat.
1108 2590 1243 2644 Dum
1300 2590 1420 2646 haec
1463 2589 1784 2660 agebantur,
1818 2590 2057 2645 Ubertus

414 2676 508 2746 qui
544 2681 598 2730 et
636 2676 998 2732 cancellarius
1046 2678 1288 2748 ejusdem
1340 2684 1476 2745 erat,
1533 2678 1708 2733 oculis
1751 2678 2061 2734 lacrimosis

413 2764 733 2834 crebrisque
782 2767 1037 2836 suspiriis
1092 2769 1276 2823 omnia
1306 2783 1430 2837 quae
1462 2768 1699 2823 domnus
1731 2769 2057 2823 iieribertus

412 2852 518 2906 sibi
576 2852 782 2909 fecerat
839 2855 982 2910 bona
1033 2856 1413 2920 reminiscens,
1445 2857 1683 2925 graviter
1713 2856 2052 2910 tristabatur.

411 2941 581 3007 Quem
610 2955 730 2997 cum
783 2944 1106 2999 l-leribertus
1151 2957 1285 3000 voce
1334 2958 1441 3013 qua
1473 2950 1708 3013 poterat,
1743 2959 1843 3012 per
1872 2943 2056 2999 omnia

413 3030 485 3084 ob
516 3044 640 3098 quae
671 3030 913 3100 ploraret
943 3033 1270 3102 inquireret,
1294 3033 1386 3088 ille
1419 3034 1760 3102 respondens
1794 3053 1806 3088 :
1837 3054 1864 3083 «
1897 3035 1939 3088 Ο
1968 3047 2055 3088 ve-

414 3119 656 3174 nerande
715 3126 889 3190 pater,
949 3121 1120 3177 Italia:
1185 3122 1384 3188 honor,
1445 3122 1816 3191 orphanorum
1874 3128 2049 3191 pater,

414 3207 742 3264 clericorum
801 3215 1064 3277 tutamen,
1127 3211 1476 3266 sacerdotum
1529 3219 1928 3277 ornamentum,
1971 3211 2056 3266 vi-

414 3298 664 3364 duarum,
717 3313 1019 3368 pauperum
1068 3305 1122 3355 et
1151 3306 1516 3356 mercatorum
1549 3306 1850 3369 protector,
1885 3313 2058 3369 usque

413 3387 576 3444 modo
632 3388 886 3444 ecclesias
941 3388 1111 3444 totius
1147 3389 1523 3444 Ambrosianae
1556 3395 1662 3443 tam
1704 3389 1864 3459 longe
1895 3402 2057 3458 quam

415 3493 609 3548 prope,
662 3484 769 3534 tam
822 3481 876 3534 in
924 3478 1124 3533 divinis
1172 3493 1332 3548 quam
1373 3478 1427 3533 in
1478 3479 1728 3534 humanis
1756 3478 1929 3533 virilis
1960 3479 2059 3533 de-

412 3566 618 3636 fensor,
650 3583 761 3639 quo
811 3569 1038 3639 pergis?
1083 3567 1202 3634 Cui,
1255 3556 1430 3637 pater,
1481 3568 1575 3637 qui
1628 3567 1728 3622 tibi
1778 3567 2056 3636 coaequari

414 3660 636 3727 poterit,
671 3658 903 3713 dimittis
935 3664 1078 3713 nos?
1110 3677 1138 3709 »
1169 3658 1249 3713 Ad
1289 3658 1408 3713 haec
1437 3657 1603 3712 verba
1653 3657 1773 3711 uisu
1822 3671 1932 3727 quo
1964 3670 2060 3726 po-

414 3752 555 3802 terat
592 3747 919 3803 Heribertus
966 3747 1309 3816 respondens
1355 3747 1493 3802 dixit
1527 3765 1540 3801 :
1584 3767 1612 3796 «
1653 3747 1842 3801 Frater
1879 3745 2055 3800 caris-

414 3836 570 3900 sime,
602 3835 648 3890 si
689 3849 774 3890 me
814 3849 1069 3904 umquam
1115 3835 1378 3900 dilexisti,
1412 3835 1527 3890 noli
1558 3834 1874 3890 contristari
1908 3856 1922 3902 ;
1956 3848 2057 3904 ego

416 3924 560 3978 enim
591 3924 659 3978 ad
715 3923 884 3993 pedes
938 3924 1084 3979 beati
1122 3925 1395 3980 Ambrosii
1425 3925 1532 3980 mei
1580 3932 1636 3980 et
1680 3924 1846 3979 vestri
1889 3924 2058 3994 patris

353 4042 363 4053 -
416 4027 644 4068 securus
683 4027 936 4084 pergo.»
979 4014 1224 4082 Migravit
1271 4020 1451 4069 autem
1505 4013 1569 4045 m
1616 4015 1808 4069 beatus
1855 4020 1910 4068 et
1952 4014 2058 4068 do-

419 4102 598 4157 minus
655 4102 975 4157 Heribertus
1032 4103 1100 4158 ad
1161 4103 1449 4158 Dominum
1495 4102 1578 4156 17.
1621 4102 1893 4158 Kalendas
1949 4105 2057 4157 Fe-

418 4190 624 4246 bruarii
673 4189 827 4257 1045,
860 4197 915 4246 et
945 4191 1194 4261 sepultus
1223 4197 1307 4246 est
1335 4191 1402 4246 ad
1434 4193 1690 4248 Sanctum
1710 4190 2055 4260 Dionyxium,

417 4282 574 4350 cujus
611 4281 1002 4336 monasterium
1051 4285 1106 4335 et
1152 4280 1440 4335 ecclesiam
1490 4281 1607 4348 ipse
1654 4280 1721 4334 ad
1754 4280 1846 4334 Dei
1880 4279 2053 4334 hono-

2141 1789 2405 1844 revolutis
2432 1789 2629 1844 diebus
2658 1796 2782 1858 post
2823 1789 3031 1845 obitum
3062 1788 3306 1858 ejusdem
3338 1788 3490 1843 vultu
3523 1788 3784 1852 candido,

2141 1878 2317 1934 oculis
2349 1878 2626 1948 paululum
2680 1878 2902 1946 apertis,
2963 1879 3056 1948 qui
3115 1883 3241 1932 ante
3298 1878 3483 1933 omnia
3540 1879 3786 1932 membra

2140 1967 2322 2022 solent
2352 1967 2583 2021 mortuis
2613 1967 2876 2021 marcesci
2916 1965 3265 2031 hominibus;
3324 1978 3519 2020 manus
3558 1966 3685 2034 ejus
3714 1967 3784 2020 ita

2141 2057 2343 2127 virgam
2376 2056 2725 2125 pastoralem,
2776 2068 2937 2124 quam
2976 2055 3129 2110 vivus
3167 2055 3285 2124 ipse
3315 2061 3588 2120 erexerat,
3635 2063 3785 2109 tene-

2142 2146 2254 2212 bat,
2289 2145 2443 2215 quasi
2475 2146 2654 2199 anima
2701 2145 2820 2212 ejus
2849 2143 3027 2198 adhuc
3067 2150 3212 2198 esset
3241 2144 3298 2198 in
3329 2157 3608 2212 corpore;
3646 2144 3782 2198 stola

2141 2247 2270 2289 vero
2301 2239 2356 2288 et
2393 2233 2576 2288 omnia
2607 2230 2962 2301 episcopalia,
2987 2246 3016 2286 e
3063 2231 3264 2299 quibus
3283 2237 3341 2286 ut
3361 2237 3516 2286 tanto
3549 2230 3782 2286 decebat

2140 2322 2256 2376 viro
2287 2321 2512 2376 indutus
2541 2327 2677 2384 erat,
2718 2320 2794 2374 ita
2842 2332 2973 2373 sana
3003 2323 3058 2372 et
3088 2317 3260 2372 nitida
3289 2316 3596 2388 fulgebant,
3631 2320 3783 2388 quasi

2140 2409 2195 2464 in
2227 2409 2449 2478 capside
2481 2408 2754 2464 tutissima
2808 2406 3257 2476 permansissent.
3301 2407 3471 2476 Igitur
3502 2407 3672 2475 hujus
3709 2406 3783 2461 rei

2138 2496 2278 2551 fama
2327 2511 2426 2566 per
2471 2497 2662 2551 urbem
2711 2495 2948 2561 volante,
3009 2494 3247 2549 universi
3287 2493 3433 2548 cives
3489 2494 3663 2548 nimia
3711 2496 3786 2548 ira

2139 2585 2420 2651 commoti,
2483 2585 2637 2654 quasi
2696 2583 3019 2639 fulminibus
3074 2581 3260 2638 multis
3314 2583 3477 2637 atteri
3534 2597 3600 2638 ac
3632 2595 3788 2653 gran-

2139 2675 2362 2731 dinibus
2392 2673 2577 2730 multis
2625 2672 2897 2728 devastari
2945 2685 3066 2728 sese
3112 2671 3384 2734 viderent,
3435 2685 3603 2726 cursu
3647 2671 3784 2727 velo-

2139 2764 2362 2820 cissimo
2393 2763 2460 2818 ad
2508 2762 2684 2818 sancti
2735 2761 2972 2817 Dionixii
3004 2760 3395 2816 monasterium
3449 2773 3787 2815 concurren-

2139 2859 2242 2920 tes,
2275 2852 2575 2908 monachos
2614 2865 2805 2907 omnes
2842 2864 2983 2921 quos
3014 2851 3260 2906 invenire
3312 2857 3637 2920 potuerunt,
3672 2851 3784 2906 sine

2140 2943 2249 2999 ulla
2281 2941 2734 3012 interrogatione,
2785 2945 2846 2996 ut
2875 2939 3113 3010 populus
3143 2939 3286 2996 solet
3313 2940 3433 2995 sine
3462 2940 3780 2995 misericor-

2143 3033 2232 3088 dia
2271 3037 2472 3098 motus,
2521 3029 2842 3086 verberibus
2897 3030 3083 3084 multis
3130 3043 3194 3085 ac
3243 3043 3405 3084 manu
3451 3028 3782 3086 dilaceratos

2144 3121 2257 3176 fere
2288 3134 2463 3190 usque
2509 3119 2578 3174 ad
2627 3126 2858 3175 mortem
2907 3109 3269 3173 trucidarunt.
3320 3119 3380 3172 In
3433 3117 3612 3174 altero
3662 3132 3784 3174 vero

2141 3212 2231 3267 die
2270 3211 2407 3265 miro
2448 3209 2659 3264 honore
2707 3207 2841 3262 cleri
2890 3211 2946 3261 et
2993 3206 3204 3277 p0puli,
3257 3207 3518 3262 omnibus
3553 3207 3784 3277 perditis

2142 3297 2464 3354 restauratis
2508 3311 2572 3352 ac
2616 3295 2960 3351 invasoribus
2998 3295 3054 3349 in
3107 3294 3313 3364 populo
3355 3295 3617 3351 universo
3648 3295 3782 3352 refu-

2143 3388 2407 3449 tantibus,
2454 3385 2610 3455 quasi
2658 3385 2873 3440 noviter
2918 3384 3207 3453 migrasset
3249 3383 3316 3438 ad
3365 3385 3682 3451 Dominum,
3729 3386 3779 3440 in

2142 3477 2334 3532 eodem
2380 3475 2504 3530 loco
2544 3473 2690 3529 circa
2733 3471 3003 3528 Kalendas
3029 3472 3284 3528 Octobris
3313 3473 3571 3528 conditus
3599 3478 3702 3539 est,
3733 3480 3779 3527 et

2141 3565 2286 3621 ferro
2334 3571 2389 3619 et
2434 3562 2656 3633 plumbo
2686 3576 2718 3616 a
2747 3568 2985 3632 quatuor
3033 3561 3280 3630 partibus
3329 3563 3448 3630 ejus
3497 3562 3779 3632 sarcofago

2141 3654 2419 3724 colligato,
2454 3665 2627 3720 usque
2675 3650 2743 3704 ad
2794 3649 2940 3705 diem
2968 3649 3183 3705 Domini
3213 3649 3270 3705 in
3301 3664 3436 3719 pace
3459 3651 3575 3707 Deo
3607 3653 3782 3722 cpitu-

2140 3743 2287 3798 lante
2319 3741 2567 3811 quiescet
2595 3737 2678 3791 ‘6‘.

2211 3829 2301 3883 34.
2333 3831 2466 3885 Cum
2511 3827 2574 3857 “7
2622 3826 2806 3881 omnia
2852 3825 2922 3880 ad
2961 3840 3119 3882 suum
3149 3825 3356 3882 vadunt
3384 3827 3694 3894 interitum,
3723 3841 3780 3882 ac

2141 3920 2352 3988 dilapsa
2399 3931 2557 3973 suum
2615 3929 2726 3971 non
2773 3916 2974 3970 iterant
3023 3914 3088 3946 ⁸⁸⁸
3133 3931 3374 3982 cursum,
3438 3918 3633 3973 saeculi
3685 3918 3782 3974 ﬁne

2141 4015 2338 4065 cuncta
2383 4007 2451 4062 ad
2504 4019 2758 4061 occasum
2805 4005 3078 4071 volvente,
3129 4012 3184 4059 et
3233 4005 3462 4060 summis
3512 4007 3610 4062 diu
3643 4014 3780 4063 stare

2142 4103 2396 4167 negatum
2428 4094 2639 4160 fuisset,
2673 4107 2881 4149 summa
2930 4100 2985 4148 et
3033 4093 3216 4149 divina
3256 4096 3510 4149 universa
3541 4096 3780 4151 caelestia

2143 4194 2198 4241 et
2226 4186 2460 4240 humana
2491 4188 2714 4252 regente
2746 4181 3097 4251 praescientia
3131 4202 3142 4237 :
3177 4182 3361 4237 clerus
3388 4183 3782 4240 Ambrosianus

2142 4274 2257 4330 fere
2296 4274 2415 4343 ipsa
2453 4287 2574 4328 cum
2620 4271 2873 4337 ecclesia,
2915 4285 3039 4340 quae
3069 4284 3170 4340 per
3207 4271 3374 4326 multa
3406 4278 3658 4341 tempora
3687 4275 3787 4329 cle-

416 4332 531 4426 rem
561 4375 616 4424 et
645 4370 790 4424 beati
839 4370 1088 4439 Dionyxii
1140 4369 1385 4424 exaltans
1431 4367 1795 4438 magniﬁcavit
1825 4374 1880 4423 et
1907 4332 2384 4422 mul-Dricorum
2438 4375 2662 4417 suorum
2711 4359 3024 4427 conatibus,
3076 4360 3255 4429 ymnis
3319 4374 3382 4415 ac
3441 4362 3784 4430 symphouiis

416 4459 487 4515 tis
527 4459 753 4530 praediis
783 4459 1075 4528 multisque
1106 4458 1412 4514 honoribus
1459 4471 1576 4512 eam
1607 4457 1834 4514 ditando
1866 4462 1921 4512 et
1949 4457 2054 4512 ho-
2139 4454 2356 4509 curiose
2388 4459 2514 4506 ante
2558 4453 2724 4505 Deum
2757 4449 2987 4505 cottidie
3025 4449 3461 4505 consonantibus
3499 4453 3783 4521 magniﬁce

415 4548 665 4605 norando
703 4549 1033 4604 sublimavit.
2139 4546 2387 4605 steterat,
2439 4554 2540 4596 uec
2591 4552 2700 4594 non
2737 4538 2968 4593 militum
3003 4545 3057 4593 et
3093 4538 3282 4608 populi
3312 4538 3614 4595 virtutibus
3646 4542 3783 4596 inter

485 4699 550 4732 ⁸⁸³
581 4700 726 4755 enim
762 4701 820 4756 Β.
851 4698 938 4754 ubi
968 4697 1078 4754 alia
1109 4712 1293 4753 manus
1322 4713 1368 4752 s.
1393 4699 1452 4753 Χ
1466 4698 1522 4750 ν.
1571 4696 1624 4750 in
1672 4699 1904 4764 margine
1949 4697 2059 4750 hwc
2086 4694 2294 4764 posuit:
2344 4695 2482 4764 Ante
2507 4688 3148 4764 sepulcrumiieriberti
3195 4689 3252 4764 in
3288 4690 3429 4764 facie
3475 4691 3708 4764 parietis
3736 4692 3785 4764 iu

417 4771 600 4842 lapide
632 4771 769 4826 tales
808 4777 935 4826 sunt
965 4784 1187 4826 versus:
1234 4784 1262 4822 ι(
1304 4767 1616 4842 Hic—ipsa.
1649 4786 1678 4818 »
1722 4760 1847 4842 Vide
1875 4760 2121 4842 _Arn_.__Ii,
2162 4765 2251 4842 2D.
2345 4762 2408 4792 ⁸⁸³
2457 4760 2689 4842 Titulus:
2731 4761 2976 4842 Qualiter
3021 4761 3241 4842 monaci
3281 4761 3562 4842 _Herib_e_rti
3609 4763 3789 4842 sepul-

417 4832 570 4899 cr'um
603 4847 933 4909 reserantes,
975 4848 1102 4911 post
1139 4843 1182 4896 Χ
1222 4854 1436 4911 menses
1473 4832 1651 4909 ipsum
1690 4841 1771 4894 slc
1795 4838 2157 4911 splendidum
2198 4837 2542 4911 invenerunt,
2586 4832 3113 4911 ut__cum__migraret
3151 4833 3418 4911 existeret
3458 4834 3518 4887 Β.
3563 4840 3624 4889 ut
3648 4847 3788 4911 eum

415 4915 687 4971 viventem
727 4902 1103 4969 existimarent
1148 4913 1268 4968 A“.
1310 4910 1391 4966 Bl.
1437 4902 1511 4965 De
1548 4924 1615 4965 eo
1663 4910 1809 4979 quod
1840 4902 2102 4965 'monachi
2151 4906 2326 4962 sancti
2377 4911 2502 4974 post
2549 4903 2750 4958 multos
2789 4902 2909 4958 dies
2958 4904 3185 4958 reserati
3225 4910 3352 4958 sunt
3389 4916 3599 4973 corpus
3647 4904 3786 4960 beati

418 5003 715 5060 Heriberti.
755 5004 847 5058 Δί’.
923 5001 989 5032 ⁸⁸⁸
1016 4996 1038 5077 ξ
1070 5001 1224 5056 codd.
1311 4999 1374 5031 ⁸⁸⁵
1401 4999 1691 5054 recesisset
1720 4999 1778 5053 Β.
1855 4997 1919 5028 ⁸⁶⁶
1947 4999 2000 5051 in
2029 4999 2055 5051 ἒ

2140 4995 2302 5050 eadem
2330 4992 2424 5048 illa
2454 5006 2638 5046 manus
2666 5007 2713 5046 s.
2735 4993 2796 5047 Χ
2808 4993 2866 5046 ν.
2899 4991 3046 5045 addit
3076 4992 3131 5045 in
3158 4992 3392 5059 margine
3415 5013 3430 5044 :
3462 4993 3581 5047 Hoc
3612 4991 3787 5062 sepul-

421 5106 574 5148 crum
614 5091 887 5147 Heriberti
927 5090 1038 5146 ictu
1076 5089 1320 5145 fulminis
1357 5103 1603 5161 eversum
1643 5093 1727 5142 est
1765 5086 1962 5161 dieg23
1998 5084 2226 5161 Augusti
2265 5079 2596 5161 πωπω-1403.
2628 5086 2683 5136 et
2714 5079 3783 5161 reserautur‘nLQuod_videntes‘mouaci,

422 5166 544 5235 ejus
582 5163 846 5234 reliquias
875 5164 938 5235 in
961 5161 1134 5235 altare
1162 5163 1336 5235 majus
1366 5159 1782 5235 transtulerunt.
1825 5158 2023 5235 Sicque
2063 5149 2116 5235 in
2158 5155 2252 5210 illo
2287 5152 2544 5235 sepulcro
2579 5151 2946 5235 jacuitannis
2975 5149 3101 5232 358.
3135 5152 3328 5235 Postea
3351 5165 3482 5235 vero
3514 5151 3786 5235 dominica

423 5221 598 5305 p'rima
635 5221 974 5304 Septembris
1012 5234 1141 5289 anni
1186 5221 1318 5305 1,403
1369 5231 1605 5305 domnus
1651 5229 1895 5305 Matheus
1923 5221 2331 5305 Canchanensis
2354 5221 2706 5305 primicerius
2735 5228 2790 5305 et
2820 5221 3242 5305 ordinariusnde
3266 5223 3524 5305 mandato
3554 5223 3785 5305 d_._Pe_tri

423 5292 826 5388 archiepiscopi
867 5306 1016 5388 illius
1046 5303 1397 5388 ossaite'rato
1429 5304 1483 5357 in
1524 5302 1677 5384 illum
1707 5301 1970 5388 tumulum
1997 5298 2303 5388 transtulit:
2468 5293 2702 5388 Dignius“:
2723 5292 3332 5388 incipitdeordinibi-rs
3351 5300 3571 5388 sanctae
3585 5295 3788 5388 Medio-

425 5364 667 5432 lanensis
706 5364 977 5441 ecclesiae,
1020 5382 1127 5431 tam
1168 5375 1223 5429 in
1263 5376 1374 5429 Deo
1414 5387 1575 5446 quam
1624 5374 1679 5446 in
1729 5372 1954 5446 smiculo,
1997 5379 2105 5426 tam
2155 5367 2446 5446 in_studiis
2469 5365 2683 5446 divinis
2719 5378 2881 5446 quam
2911 5364 3180 5446 humanis,
3213 5373 3321 5446 tam
3351 5365 3405 5418 in
3436 5364 3662 5420 clericis
3685 5379 3784 5446 _nu-

425 5447 660 5503 triendis
697 5463 857 5517 quam
897 5435 1224 5516 in'parvulis
1255 5451 1309 5517 et
1340 5435 2013 5517 orphanisgalendis,__tam
2044 5437 2759 5517 sacerdotumuvirguliset
2785 5435 2995 5517 lanulis,
3038 5449 3198 5517 quam
3243 5435 3506 5517 laicprum
3546 5438 3782 5517 omnium

424 5507 895 5576 admonitionibus
922 5507 1014 5573 A".
1047 5519 1167 5572 A**.
1200 5515 1284 5570 Bl.
1317 5507 1717 5571 De'ordinibus
1755 5514 1972 5569 Mediol.
2008 5513 2148 5567 eccl.
2183 5513 2236 5566 in
2277 5509 2474 5565 studiis
2521 5507 2719 5562 divinis
2748 5512 2802 5561 et
2832 5507 3081 5561 humanis
3118 5508 3173 5562 in
3214 5507 3525 5562 nutriendis
3545 5508 3780 5572 clericis,

427 5589 691 5670 parvulis.
717 5588 923 5645 orfanis
952 5587 1186 5652 alendis,
1221 5600 1284 5642 ac
1314 5586 1694 5642 sacerdotibus
1721 5583 2050 5641 imbuendis.
2087 5585 2142 5638 B.
2221 5581 2284 5612 ⁸⁸⁸
2313 5581 2388 5635 ita
2426 5582 2483 5634 B.
2519 5580 2725 5634 intrant
2751 5578 2843 5632 A*.
2886 5577 2966 5630 BI.
