4022 6160
265 281 369 336 893

1302 290 1611 347 HISTORIA
1648 292 2196 349 MEDIOLANENSIS.
2238 319 2309 330 ——
2346 290 2473 345 LIB.
2514 289 2580 344 ll.

3513 284 3618 341 894

264 414 475 466 ceteras
510 410 740 467 virtutes
785 409 947 483 longe
994 412 1211 484 lateque
1260 414 1540 483 floruerat,
1582 416 1637 471 in
1679 423 2093 486 recessuAtur,
2127 417 2414 471 humanam
2462 428 2526 469 ac
2573 411 2817 484 fragilem
2864 415 3113 467 naturam
3152 410 3334 466 sciens
3364 412 3619 483 restringi

262 501 406 555 beati
439 500 713 557 Ileriberti
745 503 901 570 quasi
923 509 1142 571 pastore
1196 504 1514 571 destitutus,
1556 506 1754 562 civium
1793 522 1903 563 ma-

262 590 443 646 lorum
472 590 682 646 meritis
717 596 824 646 tam
872 591 1199 649 clericorum
1232 608 1392 665 quam
1423 595 1688 652 laicorum
1718 598 1903 652 saevis-

262 679 416 736 simis
463 679 711 737 dissidiis
756 680 1280 749 intervenientibus,
1341 682 1455 740 fere
1510 685 1576 741 ad
1638 686 1900 742 nichilum

264 769 522 825 redactus
551 783 671 825 esse
702 770 1056 839 perspicitur,
1091 772 1145 827 in
1178 778 1387 828 tantum
1418 780 1473 829 et
1501 774 1555 828 in
1597 780 1705 829 tam
1737 788 1902 845 parvo

262 864 513 928 tempore
549 858 623 913 ita
652 858 987 914 anichilatus
1029 867 1131 929 est,
1165 866 1243 927 ut,
1276 862 1323 916 si
1372 862 1491 932 ipse
1520 871 1742 919 sanctus
1771 867 1901 919 Am-

261 946 483 1002 brosius
531 947 695 1004 modo
726 948 1107 1018 superveniret
1144 963 1398 1019 corpore,
1434 964 1534 1007 nec
1566 953 1771 1008 clerum
1805 966 1904 1007 nec

261 1035 539 1091 civitatem
589 1036 760 1107 ipsam
812 1042 1107 1092 testaretur
1157 1037 1296 1105 fore,
1332 1040 1386 1094 in
1435 1054 1540 1110 qua
1572 1055 1694 1097 cum
1725 1041 1904 1097 adhuc

259 1124 474 1180 viveret
521 1126 903 1196 episcopatum
953 1126 1203 1182 rexisset.
1255 1130 1324 1183 At
1361 1143 1483 1184 cum
1524 1132 1848 1187 reminiscor
1875 1145 1904 1187 e

259 1219 467 1283 quanta
511 1214 887 1285 magnitudine
934 1216 1262 1285 quantisque
1327 1218 1633 1273 honoribus
1698 1219 1905 1275 clerum

259 1301 443 1371 ipsum
499 1304 833 1374 negligentia
890 1305 974 1359 sui
1029 1305 1296 1361 cecidisse
1332 1348 1347 1372 ,
1407 1320 1436 1361 e
1501 1308 1703 1376 quibus
1758 1308 1905 1364 beati

258 1392 535 1448 Ambrosii
588 1392 819 1449 ecclesia
868 1393 1204 1449 lucidissime
1234 1410 1299 1450 ac
1349 1395 1443 1450 diu
1492 1397 1797 1465 perﬂoruit,
1830 1397 1907 1453 la-

260 1481 467 1551 crymis
512 1482 677 1538 modo
726 1481 965 1552 perfusis
1010 1482 1159 1538 velut
1197 1483 1341 1539 filius
1377 1485 1446 1540 de
1494 1500 1593 1540 sua
1631 1492 1802 1542 matre
1853 1492 1907 1543 et

259 1576 480 1627 mortua
509 1572 826 1643 deplorans,
860 1575 1018 1641 cujus
1067 1573 1270 1631 auxilio
1319 1576 1586 1645 cujusque
1626 1584 1907 1633 sustenta-

258 1661 406 1717 culis
470 1663 780 1733 ceterisque
840 1664 1194 1719 nutrimentis
1259 1664 1423 1719 alitus
1486 1664 1710 1732 fuerat,
1772 1667 1906 1722 mul«

1985 520 2095 562 non
2136 518 2296 575 posse
2326 503 2432 559 nisi
2468 502 2565 558 Dei
2595 500 2973 557 misericordia
3002 499 3242 569 adjutus,
3267 500 3530 555 continuo
3563 500 3620 555 in

1984 594 2299 650 testimonio
2331 593 2602 648 bonorum
2648 591 2890 646 virorum
2936 588 3236 646 secundum
3302 587 3477 659 legem
3527 589 3622 643 hu-

1988 697 2219 748 manam,
2269 682 2490 738 licentia
2542 695 2572 735 a
2633 679 2888 750 pontifice
2938 680 3197 747 accepta,
3243 691 3383 733 uxor
3437 681 3619 731 tamen

1984 772 2139 843 virgo
2160 771 2241 826 illi
2262 770 2725 841 desponsabatur;
2750 768 2895 824 unde
2916 766 3199 837 apostolus
3222 786 3234 821 :
3262 784 3290 817 «
3310 766 3410 833 Qui
3430 779 3489 821 se
3511 778 3621 820 non

1985 860 2253 927 continet,
2278 861 2448 915 nubat
2468 860 2516 929 (Ι
2532 860 2653 915 Cor.
2668 856 2849 926 vn,9).
2867 876 2895 909 »
2918 858 2983 911 Et
2998 855 3373 925 unusquisque
3396 859 3623 923 excepta

1985 964 2148 1006 causa
2196 948 2580 1005 fornicationis
2625 961 2777 1002 suam
2824 960 3049 1002 uxorem
3079 943 3351 1009 habebat;
3391 956 3499 1012 qua
3522 955 3620 996 ac-

1987 1045 2145 1108 cepta
2185 1051 2295 1094 non
2335 1038 2515 1093 minus
2561 1036 2923 1091 venerabatur
2968 1040 3024 1090 et
3052 1035 3353 1100 amabatur,
3386 1045 3545 1102 quam
3577 1027 3623 1084 si

1986 1129 2106 1184 sine
2155 1142 2326 1183 uxore
2383 1127 2528 1183 idem
2568 1127 2814 1197 degeret;
2857 1126 3115 1195 quoniam
3153 1125 3247 1195 qui
3286 1124 3405 1178 sine
3455 1132 3624 1176 uxore

1988 1218 2151 1273 vitam
2181 1217 2237 1272 in
2267 1217 2578 1273 sacerdotio
2611 1230 2773 1286 agere
2806 1214 3151 1281 videbantur,
3202 1212 3333 1269 viris
3380 1209 3626 1267 uxoratis

1989 1306 2204 1361 ordinis
2232 1306 2540 1376 utriusque,
2593 1319 2661 1360 ne
2708 1305 2776 1360 ab
2815 1304 2926 1359 illis
2973 1302 3263 1358 inhoneste
3318 1301 3623 1356 circumve-

1988 1395 2258 1462 nirentur,
2286 1409 2505 1465 semper
2533 1395 2776 1465 suspecti
2807 1399 2982 1448 erant.
3032 1394 3169 1448 Usus
3199 1390 3343 1446 enim
3373 1386 3626 1445 ecclesiae

1988 1486 2159 1540 tutius
2188 1493 2295 1540 tam
2345 1484 2551 1541 Latina:
2598 1498 2759 1554 quam
2806 1485 3011 1539 Graecae
3052 1496 3151 1552 per
3178 1486 3427 1549 tempora
3456 1476 3627 1532 multa

1987 1575 2067 1629 sic
2096 1589 2156 1630 se
2188 1574 2459 1630 habebat:
2486 1573 2765 1639 sacerdos,
2799 1573 2893 1642 qui
2941 1571 3106 1627 unius
3136 1569 3323 1626 uxoris
3349 1568 3433 1623 vir
3478 1566 3628 1620 inve-

1989 1663 2249 1719 niebatur
2276 1679 2339 1719 ac
2369 1678 2483 1719 sua:
2514 1662 2701 1718 domui
2750 1676 2813 1717 ac
2856 1660 3075 1716 familiae
3105 1659 3246 1715 bene
3276 1655 3549 1727 profuisse
3596 1668 3647 1729 a_

258 1753 445 1822 tisque
483 1751 739 1823 singultis
769 1758 962 1821 pectus
992 1753 1489 1823 conquassantibus
1535 1769 1735 1822 meum,
1778 1749 2249 1825 quzeBﬂdelibus
2294 1758 2609 1821 compertus
2655 1749 2868 1816 fuisset,
2909 1749 2975 1804 ad
3016 1748 3391 1818 episcopatum
3421 1755 3629 1799 summa

259 1842 402 1897 meis
429 1855 661 1897 evenere
704 1841 1067 1911 temporibus,
1128 1855 1238 1898 non
1297 1857 1397 1913 per
1434 1845 1616 1899 omnia
1654 1845 1751 1900 sed
1809 1861 1909 1915 per

256 1930 475 2001 aliquas
504 1930 802 2002 particulas
824 1932 1082 2001 posteris,
1115 1940 1177 1987 ut
1203 1946 1263 1988 se
1292 1947 1323 1988 a
1354 1932 1556 1989 talibus
1593 1935 1907 1992 custodiant

260 2019 517 2089 eloquar.

332 2106 423 2163 35.
482 2107 588 2164 Sed
636 2107 701 2139 ⁸⁸⁸
746 2107 1066 2178 priusquam
1113 2108 1178 2141 ⁴⁷⁰
1220 2124 1284 2165 ea
1339 2110 1397 2165 in
1454 2111 1656 2181 quibus
1692 2112 1907 2168 animus

259 2197 503 2254 intendit
549 2197 748 2263 dicam,
783 2212 985 2267 paucas
1032 2198 1413 2255 ordinationes
1458 2215 1582 2270 quae
1614 2215 1788 2271 usque
1839 2201 1907 2256 ad

259 2286 472 2341 exitum
520 2285 708 2341 domni
742 2286 1020 2341 Heriberti
1060 2288 1197 2342 mire
1228 2289 1543 2345 constituta:
1584 2288 1807 2346 fuerunt
1845 2304 1909 2346 ac

262 2374 445 2431 nitide
477 2380 895 2443 permanserunt
924 2375 1167 2442 edicam;
1191 2376 1288 2431 sed
1311 2377 1575 2447 numquid
1607 2379 1908 2434 secundum

263 2461 418 2532 quod
452 2476 564 2531 pra:
594 2463 796 2517 ceteris
842 2462 1090 2519 eminens
1118 2464 1353 2532 valebat,
1388 2467 1627 2535 posteris
1655 2467 1911 2522 ﬁdelibus

262 2549 544 2605 narrando
593 2564 657 2605 ac
712 2551 1009 2607 scribendo
1052 2552 1279 2622 quivero
1320 2552 1663 2609 ostendere?
1692 2556 1912 2611 Minime

263 2643 443 2706 certe,
477 2652 600 2693 nam
648 2644 710 2695 ut
757 2640 939 2696 omnia
968 2654 1080 2697 non
1127 2643 1395 2710 omittam,
1436 2645 1504 2699 ab
1553 2644 1911 2700 ecclesiarum

263 2727 580 2783 rectoribus
627 2742 692 2783 ac
739 2729 1036 2800 magistris,
1077 2731 1177 2800 qui
1224 2731 1376 2801 ipsos
1433 2738 1489 2787 et
1536 2733 1803 2803 populum
1856 2734 1912 2789 in

262 2815 565 2873 dilectione
611 2816 707 2872 Dei
756 2824 811 2873 et
858 2818 1093 2888 proximi
1141 2826 1417 2887 rexerant,
1468 2827 1523 2876 et
1570 2822 1809 2892 qualiter
1856 2823 1911 2877 in

263 2903 456 2960 divino
487 2902 674 2960 officio
702 2905 952 2961 studiose
982 2906 1420 2974 insistebantpet
1449 2909 1703 2965 subditos
1728 2916 1787 2965 ut
1816 2924 1913 2965 cu-

260 2992 479 3049 rialiter
519 2992 761 3049 cultibus
806 2994 1009 3050 divinis
1056 2995 1146 3050 die
1176 3010 1239 3051 ac
1270 3001 1433 3053 nocte
1464 3010 1687 3068 Operam
1718 2998 1915 3054 darent

259 3082 637 3139 admonebant
683 3087 738 3139 et
785 3083 1241 3150 adhortabantur,
1287 3085 1628 3141 enucleatius
1667 3070 1971 3155 pandereG

260 3178 317 3227 et
345 3171 571 3241 aperire
602 3171 830 3227 curabo.
862 3172 1036 3243 Igitur
1063 3171 1315 3229 ecclesiae
1345 3174 1521 3230 beatae
1551 3173 1754 3240 Mariae,
1788 3189 1912 3245 qua:

260 3261 433 3331 hujus
460 3260 969 3330 archiepiscopatus
994 3262 1295 3317 secundum
1330 3263 1544 3318 Domini
1575 3269 1739 3333 caput
1769 3265 1913 3319 exti-

259 3350 326 3405 tit
354 3353 420 3405 et
447 3349 560 3405 Deo
608 3356 883 3405 annuente
934 3364 1153 3420 semper
1182 3351 1400 3418 existet,
1459 3366 1582 3421 qua:
1642 3352 1916 3423 Hyemalis

260 3452 445 3509 usque
476 3438 643 3495 hodie
691 3444 939 3507 vocatur,
986 3446 1048 3494 ut
1094 3440 1288 3496 beatus
1334 3442 1655 3497 Ambrosius
1685 3441 1914 3497 ordina-

258 3534 441 3595 verat,
473 3527 1037 3598 archiepiscOpatu‘"
1085 3529 1195 3584 vita
1226 3536 1280 3584 et
1320 3530 1541 3585 nomine
1570 3530 1917 3585 venerandus

262 3617 552 3672 Wibertus
581 3623 837 3688 praeerat,
871 3617 965 3687 qui
996 3621 1161 3673 cantu
1191 3631 1256 3673 ac
1294 3618 1528 3673 scientia
1558 3618 1915 3674 Ambrosiana

259 3704 520 3761 funditus
548 3705 767 3773 doctus,
800 3719 1019 3762 necnon
1050 3706 1359 3762 divinarum
1408 3707 1690 3763 literarum
1721 3707 1917 3777 peritia

261 3793 560 3865 praeditus,
591 3794 823 3852 cottidie
874 3793 1105 3851 ferulam
1135 3795 1391 3865 superius
1419 3800 1473 3851 et
1503 3795 1731 3851 inferius
1763 3796 1917 3852 corio

262 3889 520 3940 ornatam
564 3898 728 3940 manu
778 3884 1003 3955 propria
1051 3890 1268 3951 tenens,
1302 3898 1494 3941 omnes
1523 3899 1654 3941 cura
1682 3886 1917 3957 vigilan-

264 3973 482 4029 tissima
511 3973 878 4029 custodiebat.
913 3975 1082 4041 Quem
1124 3972 1351 4029 ordines
1390 3987 1581 4029 omnes
1610 3980 1718 4030 tam
1751 3976 1919 4044 majo-

270 4077 357 4118 res
384 4075 553 4133 quam
584 4061 826 4118 minores
857 4061 1047 4118 clerici
1087 4076 1153 4117 ex
1183 4061 1371 4119 debito
1402 4068 1462 4118 ut
1492 4069 1699 4132 patrem
1727 4064 1919 4119 timen-

270 4158 352 4207 tes
399 4156 460 4207 et
508 4156 571 4206 ut
627 4149 849 4206 fratrem
899 4156 1147 4206 amantes
1201 4152 1624 4207 venerabantur.
1677 4152 1917 4209 Cottidie

270 4239 415 4296 enim
448 4239 675 4311 regebat
722 4246 778 4295 et
826 4239 1153 4295 emendabat
1203 4238 1384 4295 officia
1413 4240 1807 4308 ecclesiastica,
1840 4248 1915 4307 et,

274 4329 318 4385 si
346 4343 493 4400 opus
520 4334 657 4396 erat,
691 4341 988 4398 puerorum
1035 4328 1283 4384 ordinem
1323 4335 1416 4384 aut
1446 4344 1546 4399 per
1591 4344 1650 4385 se
1681 4338 1773 4386 aut
1819 4344 1919 4399 per

274 4390 567 4490 magistros
613 4417 763 4473 viros
808 4417 1164 4486 corripiebat.
1215 4418 1464 4473 Intentus
1500 4418 1732 4475 maxime
1770 4390 1985 4474 circaD

274 4508 424 4577 ipsos
474 4521 616 4576 quos
671 4506 740 4561 ad
783 4519 973 4561 sacros
1019 4505 1245 4561 ordines
1303 4506 1623 4575 recipiebat,
1679 4513 1787 4562 tam
1849 4507 1917 4562 dc

276 4596 503 4653 urbanis
534 4609 695 4665 quam
727 4595 795 4650 de
825 4594 1099 4664 plebibus,
1149 4593 1409 4664 adjuncto
1467 4598 1675 4649 tantum
1722 4595 1917 4665 primi-

276 4686 428 4742 cerio
459 4684 707 4740 studiose
745 4682 993 4753 singulos
1030 4683 1363 4750 siscitantes,
1386 4683 1433 4739 si
1463 4688 1647 4749 cantu,
1681 4682 1918 4740 lectione

276 4787 338 4829 ac
367 4773 494 4828 aliis
524 4772 686 4828 bonis
729 4772 978 4828 moribus
1006 4771 1186 4828 ornati
1214 4769 1467 4838 fuissent,
1508 4784 1726 4827 necnon
1755 4774 1800 4828 si
1834 4787 1920 4828 es-

277 4867 401 4918 sent
436 4862 557 4917 sine
586 4861 836 4926 crimine,
869 4861 913 4915 si
959 4861 1124 4916 unius
1152 4860 1340 4916 uxoris
1368 4859 1490 4925 viri,
1532 4866 1628 4915 aut
1655 4862 1916 4932 virgines,

278 4956 370 5006 aut
419 4952 469 5007 si
524 4950 581 5006 in
626 4950 942 5021 virginitate
982 4963 1304 5020 permanere
1355 4955 1603 5020 possent,
1654 4956 1749 5007 aut
1795 4965 1918 5008 cum

279 5052 449 5096 uxore
495 5038 696 5110 degere
741 5038 1005 5093 valerent.
1037 5039 1092 5094 Si
1141 5042 1323 5093 autem
1350 5038 1407 5093 in
1445 5038 1758 5110 virginitate
1790 5054 1922 5097 uxo-

280 5142 394 5184 rem
431 5128 632 5199 aliquis
660 5140 771 5184 non
802 5127 1012 5183 habens
1041 5140 1366 5197 permanere
1396 5140 1507 5183 non
1538 5141 1703 5198 posse
1725 5127 1922 5186 fatere-

1989 1857 2112 1898 cum
2144 1842 2437 1897 devotione
2485 1840 2672 1896 multis
2720 1838 2974 1895 ﬁdelibus
3012 1836 3363 1893 laudantibus
3411 1846 3630 1903 promo-

1987 1933 2235 1987 vebatur.
2292 1932 2631 2001 Quicumque
2680 1931 2825 1985 cnim
2875 1943 2943 1984 ex
2999 1926 3149 1983 clero
3200 1920 3631 1981 concubinarius

1988 2020 2391 2087 inveniebatur,
2433 2021 2827 2090 cujuscumque
2859 2017 3073 2074 ordinis
3110 2015 3272 2082 foret,
3327 2013 3471 2068 ultra
3518 2023 3631 2067 non

1990 2112 2463 2181 promovebatur;
2518 2110 2834 2179 judicantes
2896 2107 3276 2178 gravissimum
3342 2107 3628 2173 peccatum

1991 2215 2133 2267 esse,
2166 2200 2236 2255 de
2296 2214 2407 2269 quo
2463 2198 2599 2253 dicit
2636 2197 2920 2266 apostolus
2952 2216 2964 2251 :
2999 2216 3026 2245 ι
3057 2196 3158 2261 Qui
3186 2194 3433 2249 adhaeret
3463 2203 3633 2246 mere-

1993 2291 2140 2356 trici,
2172 2303 2341 2345 unum
2396 2301 2600 2357 corpus
2647 2285 2881 2342 efﬁcitur
2942 2287 2991 2355 (Ι
3026 2286 3148 2340 Cor.
3189 2298 3266 2349 vi,
3312 2280 3417 2345 I6).
3464 2300 3488 2327 η
3530 2277 3632 2345 Qui

1994 2385 2174 2435 autem
2214 2391 2317 2434 nec
2347 2383 2507 2434 astate
2539 2390 2640 2432 nec
2670 2374 2900 2431 scientia
2930 2386 3033 2429 nec
3062 2372 3224 2428 bonis
3244 2368 3490 2426 moribus
3521 2366 3630 2437 pol-

1996 2468 2201 2533 lebant,
2234 2473 2294 2521 ut
2324 2465 2571 2522 studiose
2602 2479 2633 2520 a
2663 2463 2939 2534 magistris
2969 2476 3093 2532 quae
3133 2458 3445 2516 necessaria
3475 2461 3634 2512 erant

1994 2556 2297 2623 discerent,
2330 2555 2566 2625 benigne
2596 2553 3049 2618 adhortabantur,
3084 2557 3356 2621 quatenus
3402 2546 3469 2603 ad
3526 2546 3634 2602 hoc

1995 2642 2234 2699 ofﬁcium
2266 2643 2644 2713 recipiendum
2691 2640 3022 2711 quandoque
3073 2642 3183 2695 Deo
3220 2637 3438 2695 volente
3476 2636 3632 2691 veni-

1997 2739 2141 2799 rent,
2183 2733 2489 2803 meliusque
2518 2730 2795 2787 informati
2825 2734 3178 2799 apparerent.
3211 2730 3273 2783 In
3302 2726 3473 2783 choro
3502 2737 3634 2779 vero

1996 2821 2424 2877 archidiaconus
2453 2826 2509 2876 et
2536 2818 3003 2889 archipresbyter,
3036 2830 3178 2872 unus
3225 2815 3293 2869 ab
3344 2827 3448 2868 una
3478 2810 3636 2867 chori

1997 2915 2151 2980 parte
2181 2910 2321 2965 alter
2368 2910 2436 2965 ab
2466 2910 2659 2975 altera,
2702 2907 2929 2964 chorum
2976 2905 3154 2975 ipsum
3203 2910 3457 2975 regentes
3503 2900 3633 2957 reli-

1996 2999 2169 3069 giose,
2204 3003 2262 3053 ut
2311 2998 2569 3068 psalmos,
2619 3008 2833 3068 ymnos,
2885 3000 3079 3050 cantus
3126 2998 3419 3063 ceteraque
3466 2989 3637 3045 divini

1994 3088 2175 3145 cultus
2213 3086 2393 3144 oflicia
2427 3088 2653 3145 ordines
2682 3085 2852 3143 ceteri
2885 3084 3203 3155 psallerent,
3235 3082 3518 3139 curialiter
3546 3079 3635 3136 die

1994 3192 2059 3234 ac
2105 3183 2269 3233 nocte
2318 3177 2667 3233 insistebant.
2716 3178 2785 3230 At
2832 3173 2878 3229 si
2927 3187 3117 3230 eorum
3167 3186 3307 3228 unus
3345 3171 3637 3226 inhoneste

1994 3273 2084 3323 aut
2120 3273 2387 3334 cantaret,
2420 3274 2514 3321 aut
2547 3267 2773 3336 legeret,
2807 3269 2902 3317 aut
2939 3268 3131 3327 staret,
3162 3267 3257 3315 aut
3295 3257 3636 3315 mussitando

1996 3356 2052 3411 in
2084 3356 2256 3411 choro
2296 3355 2619 3410 alterutrum
2668 3355 2988 3410 verbosaret
3020 3370 3032 3405 :
3068 3354 3161 3403 aut
3202 3361 3324 3403 sese
3372 3345 3637 3402 continuo

1997 3459 2029 3499 a
2080 3444 2213 3499 vitio
2272 3443 2327 3497 in
2376 3454 2488 3511 quo
2545 3442 2810 3510 peccabat
2865 3437 3213 3502 emendabat,
3253 3440 3347 3491 aut
3396 3438 3639 3491 extracta

1997 3530 2235 3587 interula
2283 3530 2340 3585 in
2386 3528 2685 3585 secretario
2732 3528 2901 3599 virgis
2938 3528 3006 3581 ab
3037 3523 3429 3580 archidiacono
3475 3522 3641 3578 vellet

2000 3619 2172 3675 nollet
2228 3618 2623 3674 emendabatur
2668 3616 2753 3673 ‘7'.
2794 3617 2915 3673 Non
2963 3619 3081 3671 erat
3137 3613 3282 3668 enim
3329 3612 3495 3667 homo
3544 3612 3638 3682 qui

1999 3709 2178 3779 ipsum
2208 3708 2277 3763 de
2311 3708 2431 3776 ejus
2457 3707 2709 3763 manibus
2738 3706 2953 3776 eripere
2984 3702 3233 3770 auderet,
3270 3701 3518 3774 quamvis
3546 3700 3639 3757 ille

1999 3798 2094 3868 qui
2132 3798 2464 3867 scopabatur
2500 3804 2595 3851 aut
2622 3796 2691 3852 de
2739 3794 3152 3852 marchionibus
3196 3799 3290 3848 aut
3318 3792 3387 3847 de
3430 3790 3645 3846 comiti-

2000 3887 2105 3942 bus
2132 3893 2225 3942 aut
2264 3886 2332 3942 de
2390 3886 2691 3956 capitaneis
2738 3890 2898 3940 natus
2942 3883 3154 3957 fuisset.
3215 3883 3404 3952 Itaque
3460 3878 3641 3936 officia

2000 3975 2375 4032 ecclesiastica
2414 3976 2470 4031 in
2501 3975 2756 4031 omnibus
2787 3975 2985 4029 timore
3014 3987 3077 4028 ac
3106 3971 3413 4028 reverentia
3444 3970 3667 4055 horum;

2000 4066 2258 4137 religiose
2304 4080 2368 4121 ac
2425 4065 2709 4121 curialiter
2763 4064 2852 4120 die
2883 4078 2948 4120 ac
3000 4069 3163 4120 nocte
3195 4062 3636 4119 celebrabantur.

1998 4154 2192 4211 Nullus
2218 4155 2363 4210 enim
2402 4154 2522 4210 sine
2562 4154 2794 4211 candida
2843 4159 2971 4224 toga
3017 4153 3246 4209 chorum
3296 4152 3501 4208 intrare
3548 4164 3642 4205 au-

2000 4244 2185 4310 debat,
2236 4243 2422 4298 nullus
2452 4243 2571 4299 sine
2602 4244 2823 4311 caputio
2854 4242 2992 4297 birri
3022 4241 3201 4309 capite
3223 4240 3403 4295 velato
3434 4240 3640 4293 intrare

2003 4332 2232 4388 chorum
2262 4331 2519 4397 audebat,
2561 4332 2745 4387 nullus
2791 4330 2987 4386 horum
3039 4329 3330 4384 inhoneste
3386 4326 3643 4398 gradiens

2002 4420 2208 4475 intrare
2255 4421 2511 4486 audebat,
2572 4420 2755 4476 nullus
2819 4417 3131 4473 balbutiens
3178 4416 3362 4487 lingua
3417 4415 3487 4470 de
3541 4414 3640 4469 ali-

2000 4522 2111 4580 quo
2163 4507 2345 4565 officio
2396 4523 2517 4565 sese
2574 4508 2991 4576 intromittebat,
3036 4505 3221 4562 nullus
3258 4504 3494 4561 clericus
3557 4503 3643 4559 in-

2002 4597 2280 4654 dumentis
2326 4598 2558 4654 diversis
2610 4598 2967 4664 vestiebatur,
3008 4594 3193 4652 nullus
3240 4593 3487 4650 laicalem
3534 4591 3638 4647 ha-

2002 4687 2175 4743 bitum
2232 4692 2326 4743 aut
2374 4687 2430 4743 in
2486 4688 2639 4744 birro
2688 4694 2781 4744 aut
2845 4688 2901 4742 in
2959 4686 3204 4742 vestibus
3259 4689 3353 4739 aut
3408 4683 3464 4737 in
3521 4680 3639 4737 cal-

2000 4776 2300 4833 ceamentis
2330 4791 2546 4833 sumere
2584 4777 2840 4832 audebat.
2881 4775 3021 4843 Quid
3069 4772 3281 4830 multa?
3316 4774 3517 4829 Omnes
3564 4771 3638 4826 ita

1999 4864 2254 4920 vivebant
2315 4866 2370 4920 in
2430 4864 2684 4921 domibus
2749 4864 3030 4935 propriis,
3097 4861 3252 4934 quasi
3309 4861 3365 4917 in
3423 4858 3639 4927 alienis,

2002 4953 2150 5010 circa
2216 4953 2399 5010 divina
2442 4952 2622 5010 ofticia
2686 4952 2933 5021 solliciti,
2993 4952 3141 5009 circa
3196 4965 3328 5008 usus
3390 4948 3643 5005 ecclesia:

2003 5048 2059 5098 et
2142 5056 2367 5099 suorum
2434 5042 2856 5100 accuratissimi.
2933 5044 2993 5098 In
3078 5045 3286 5097 tantum
3365 5052 3510 5095 enim
3585 5038 3640 5093 in

2004 5131 2247 5188 clericali
2284 5131 2474 5189 habitu
2512 5132 2673 5204 longa
2703 5131 2893 5189 saeculi
2922 5134 3190 5188 vetustate
3229 5142 3294 5185 ac
3323 5127 3640 5193 usitatione,

1628 5279 1850 5334 VARIxE
1904 5280 2291 5338 LECTIONES.

353 5395 419 5427 “’
453 5396 688 5454 Titulus:
728 5398 805 5454 De
844 5396 1304 5454 ordinationibus.
1408 5400 1471 5431 ⁸⁷⁸
1500 5403 1566 5457 Et

286 5483 470 5524 manus
505 5469 734 5542 correa‘it
762 5468 1267 5535 archidiaconatui;
1302 5485 1349 5525 υ.
1383 5471 1523 5542 infra
1553 5468 1667 5539 III,
1687 5468 1777 5527 21'.

285 5554 337 5595 a.
369 5553 423 5595 a.
454 5554 504 5595 v.
536 5553 591 5597 n.
634 5540 835 5596 desunt.

1596 5409 1884 5473 postquam
1917 5405 1977 5459 Β.

2080 5403 2138 5436 ⁵⁷³
2172 5405 2227 5459 in
2264 5404 2425 5461 codd.
2477 5404 2570 5460 sed
2613 5404 2739 5460 bene
2786 5408 2839 5460 in
2885 5408 2947 5461 A.
3001 5404 3195 5459 Blunco
3234 5406 3363 5459 teste
3390 5401 3645 5458 recentior

1852 5473 1916 5506 ⁴⁷²
1938 5475 2263 5547 peccabant,
2295 5475 2729 5533 emendabautur
2773 5478 2866 5533 Δί’.
2916 5475 3005 5531 ubi
3043 5490 3149 5533 em.
3193 5490 3241 5531 a.
3286 5490 3335 5532 e.
3369 5473 3406 5528 i.
3440 5475 3478 5531 i.
3511 5488 3557 5528 s.
3592 5487 3642 5533 γε
