4022 6160
400 264 507 320 895

1487 264 1817 320 LANDULFI
1856 261 2386 319 MEDIOLANENSIS
2421 263 2684 319 CLEBICI

3668 265 3780 319 896

399 387 585 445 multis
630 389 924 446 transactis
970 389 1328 461 temporibus,
1371 381 1542 455 vultu,
1583 388 1794 452 habitu,
1826 385 2526 449 incessqubstetricibus
2555 387 2823 443 ordinatis
2874 388 3161 457 pueriliter
3189 387 3494 446 alebantur.
3563 394 3634 446 At
3683 406 3778 446 sa-

395 485 553 534 crant
600 481 816 547 nutriti,
865 485 925 536 ut.
963 481 1009 536 si
1049 481 1284 549 aliquem
1315 479 1469 533 chori
1499 479 1843 535 Ambrosiani
1877 480 2046 535 totius

394 569 452 623 in
500 569 816 640 Burgundia
867 569 931 601 7'“
989 575 1081 624 aut
1139 569 1193 622 in
1248 568 1544 623 Teutonica
1592 574 1684 624 aut
1723 569 1777 623 in
1817 570 2044 624 Francia

394 657 679 714 literarum
737 659 937 714 studiis
1004 658 1247 711 deditum
1311 658 1606 724 invenires,
1663 659 1874 713 etiamsi
1933 672 2043 713 non

392 746 536 802 ultra
567 748 820 815 vidisses,
854 746 921 800 de
954 746 1116 814 hujus
1146 745 1396 801 ecclesia
1427 747 1618 802 usibus
1647 748 2042 816 aliquantulum

394 841 560 891 notus
608 837 725 890 sine
767 848 917 889 mora
957 835 1120 902 hujus
1168 849 1287 889 esse
1339 835 1589 891 ecclesia
1618 835 1939 892 afﬁrmares.
1981 839 2042 892 In

394 925 586 981 eadem
636 924 875 993 denique
929 923 1164 979 ecclesia
1211 924 1401 980 ferula
1452 925 1664 992 decem,
1698 941 2042 997 unaquaque

389 1027 543 1069 suum
604 1018 659 1068 et
724 1014 1006 1082 proprium
1065 1013 1316 1069 ordinem
1364 1028 1493 1084 erga
1541 1014 1794 1070 subditos
1841 1015 1930 1070 die
1979 1030 2042 1071 ac

389 1108 552 1159 nocte
583 1102 978 1168 custodientes,
1013 1117 1042 1157 a
1081 1104 1356 1173 magistris
1393 1104 1639 1160 studiose
1669 1105 2039 1174 regebantur;

390 1205 616 1260 quarum
666 1191 790 1246 dua
848 1197 999 1247 extra
1048 1193 1275 1249 chorum
1326 1201 1644 1261 manentes,
1693 1209 1723 1248 a
1780 1197 2040 1266 magistro

388 1279 535 1336 beati
580 1282 855 1337 Ambrosii
904 1283 1070 1339 scola
1120 1288 1175 1338 et
1221 1299 1251 1338 a
1288 1284 1632 1351 vicecomite,
1664 1285 1836 1340 laicus
1870 1286 2040 1341 laicos

388 1373 443 1425 et
489 1370 607 1438 ipse
651 1385 867 1441 regens,
923 1373 1270 1428 tenebantur.
1323 1374 1649 1429 Sacerdotes
1700 1373 1771 1426 24
1827 1375 2041 1431 ordinis

386 1460 631 1528 majoris,
690 1461 951 1517 diacones
1001 1462 1055 1528 '7,
1101 1462 1469 1518 subdiacones
1508 1463 1776 1529 totidem,
1838 1465 2038 1520 notarii

389 1548 566 1615 multi,
637 1548 877 1606 lectores
929 1551 1181 1606 ecclesia
1259 1552 1476 1621 pondus
1541 1559 1825 1622 portantes
1889 1553 2038 1609 docti

388 1642 574 1704 cantu,
608 1637 866 1706 lectione,
902 1641 1163 1710 psalterio
1199 1640 1263 1694 18
1301 1641 1384 1697 “7‘.
1425 1644 1635 1697 Prater
1663 1643 1856 1698 horum
1889 1643 2039 1698 ordi—

2129 476 2449 532 cerdotibus
2500 478 2770 533 universis
2816 477 2958 533 hanc
2995 479 3186 532 urbem
3231 479 3605 535 incolentibus
3663 495 3776 536 ma-

2125 564 2297 635 gister
2377 571 2651 634 praerat,
2709 567 2803 636 qui
2870 566 3218 636 primicerius
3283 574 3338 623 et
3403 570 3778 640 coepiscopus

2125 659 2371 721 vocatur,
2404 654 2492 709 cui
2535 655 2687 710 urbis
2735 655 2905 710 totius
2952 669 3016 710 ac
3061 656 3347 725 plebarum
3393 659 3643 713 omnium
3682 674 3779 714 sa-

2126 743 2381 799 cerdotes
2441 743 2720 800 humiliter
2767 759 2831 799 ac
2889 745 3087 801 devote
3136 747 3511 814 obediebant;
3571 748 3778 817 quibus

2124 833 2264 901 ipse,
2301 836 2549 902 quamvis
2593 834 2660 889 de
2693 833 2898 904 popufo
2931 840 3110 902 natus,
3145 841 3325 891 tamen
3360 839 3470 892 Deo
3504 843 3559 892 et
3588 838 3777 893 homi-

2124 923 2287 977 nibus
2335 937 2513 988 carus,
2566 936 2666 992 pro
2699 929 2948 992 tempore
2990 926 3045 979 in
3085 924 3208 980 loco
3241 926 3334 994 qui
3368 926 3774 997 presbyterium

2124 1018 2352 1066 vocatur
2391 1012 2758 1082 congregatis,
2809 1013 3008 1069 divina
3059 1014 3197 1084 legis
3227 1029 3289 1070 ac
3323 1015 3448 1071 ﬁdei
3481 1017 3775 1072 catholica

2125 1100 2377 1155 mandata
2425 1101 2642 1157 curiose
2690 1102 2944 1158 docendo
2984 1104 3278 1172 pandebat.
3310 1104 3410 1173 Qui
3441 1107 3608 1160 etiam
3639 1106 3773 1161 sub-

2124 1190 2361 1245 ditorum
2404 1191 2615 1245 meritis
2672 1191 3042 1262 exigentibus,
3091 1207 3239 1263 sape
3289 1200 3452 1262 prout
3491 1196 3638 1250 Deus
3695 1195 3774 1250 illi

2122 1278 2559 1346 administrabat,
2608 1281 2705 1334 Dei
2755 1279 3107 1336 dilectionem
3167 1287 3221 1337 et
3270 1282 3505 1351 proximi
3563 1283 3773 1337 carita-

2123 1375 2251 1434 tem,
2285 1368 2403 1423 sine
2435 1383 2542 1438 qua
2591 1383 2753 1425 nemo
2804 1370 3045 1439 placebit
3091 1373 3224 1439 Deo,
3275 1379 3571 1442 ceteraque
3622 1386 3772 1428 arma

2117 1458 2371 1525 justitia,
2404 1459 2607 1527 quibus
2657 1460 2850 1514 armati
2899 1467 3045 1514 stare
3094 1467 3320 1529 possent
3349 1475 3413 1516 ac
3442 1461 3776 1517 adversariis

2123 1546 2380 1602 resistere
2431 1548 2696 1616 valerent,
2747 1550 3088 1619 aperiebant.
3141 1551 3347 1605 Prater
3399 1552 3544 1606 enim
3585 1558 3773 1607 cetera

2121 1637 2484 1693 sacerdotalia
2534 1637 2734 1704 ofﬁcia,
2767 1639 2969 1708 quibus
3019 1639 3300 1695 curialiter
3329 1640 3522 1696 decem
3553 1642 3770 1711 pralati

386 1741 488 1783 nes
521 1727 586 1780 12
615 1730 932 1785 sacerdotes
972 1730 1280 1799 decumani,
1323 1732 1579 1787 videlicet
1634 1732 1923 1789 ordinibus
1969 1719 2428 1794 deBsupradicti
2511 1728 2859 1793 insistebant.
2944 1729 3263 1784 sacerdotes
3321 1742 3513 1785 omnes
3572 1732 3768 1786 urbani

386 1817 704 1874 decumanis
756 1819 857 1874 viri
896 1821 1028 1876 boni
1076 1822 1377 1877 testimonii
1421 1821 1693 1892 bonaque
1732 1822 1908 1880 fama.
1950 1824 2036 1879 Hii

387 1904 626 1962 ofﬁcium
667 1909 1002 1976 prastabant
1048 1909 1104 1963 in
1144 1910 1339 1979 yemali
1391 1911 1644 1977 ecclesia,
1694 1916 1749 1966 ct
1804 1912 1924 1967 hac
1980 1913 2037 1968 in

391 1999 580 2050 astate
613 2001 860 2066 agentes,
891 2012 1014 2067 qua
1044 2000 1353 2054 necessaria
1384 2006 1539 2054 erant
1577 1999 1640 2030 ωδ
1682 2000 1886 2069 populo
1917 2016 2038 2057 ma-

387 2084 594 2139 nicanti
647 2083 774 2155 (92).
829 2088 1098 2142 Custodes
1151 2087 1215 2140 16
1262 2088 1394 2143 boni
1441 2089 1544 2144 viri
1593 2103 1655 2143 ac
1693 2090 1748 2144 in
1781 2091 2036 2146 omnibus

388 2173 779 2230 ecclesiasticis
808 2175 1004 2232 ofﬁciis
1051 2177 1332 2233 curialiter
1380 2178 1602 2233 eruditi.
1645 2180 1701 2233 In
1733 2179 1882 2234 scola
1911 2195 2036 2235 san-

389 2262 463 2316 cti
519 2263 793 2320 Ambrosii
849 2266 1039 2320 decem
1096 2268 1198 2321 viri
1247 2266 1457 2333 clerici,
1499 2273 1679 2322 tamen
1729 2283 1850 2323 cum
1899 2270 2034 2338 ipsis

388 2350 646 2407 mulieres
679 2354 789 2421 jam
822 2361 1195 2418 senescentes,
1226 2356 1470 2411 vestibus
1495 2357 1746 2426 corporis
1784 2362 1839 2411 et
1877 2358 2035 2427 capi—

388 2441 460 2494 tis
491 2448 816 2497 ornamento
849 2448 1071 2499 mutata
1111 2443 1362 2510 totidem,
1394 2458 1591 2513 panem
1623 2449 1678 2499 et
1714 2445 1899 2500 vinum
1930 2460 2031 2515 pro

392 2529 598 2597 populo
637 2530 894 2585 universo
935 2531 1166 2586 cottidie
1206 2532 1518 2587 offerentes.
1561 2534 1648 2588 Hii
1689 2548 1878 2591 omnes
1917 2541 2032 2590 cot-

389 2617 526 2672 tidie
556 2616 652 2672 Dei
682 2619 906 2674 servitio
958 2626 1012 2676 et
1061 2620 1237 2676 beata
1275 2621 1456 2677 Maria
1486 2637 1550 2677 ac
1580 2623 1732 2678 urbis
1762 2625 2030 2680 universa

388 2705 770 2776 persistentes,
819 2722 978 2762 suum
1027 2708 1266 2764 ofﬁcium
1317 2725 1416 2779 per
1461 2712 1706 2783 singulos
1752 2713 1872 2769 dies
1919 2716 2030 2770 Deo

387 2799 442 2850 et
472 2795 678 2865 populo
717 2797 1056 2853 desideranti
1103 2799 1508 2868 persolvebant.
1540 2803 1714 2859 Scola
1743 2818 1894 2872 vero,
1936 2807 2029 2860 ubi

387 2890 580 2939 cantus
611 2886 856 2956 magistri
905 2887 972 2942 ad
1003 2888 1286 2944 docendos
1315 2904 1518 2958 pueros
1566 2893 1794 2948 cottidie
1823 2908 2029 2950 convc-

387 2973 635 3039 niebant,
669 2974 724 3027 in
781 2976 924 3030 atrio
964 2983 1090 3031 ante
1142 2977 1318 3045 ipsius
1355 2979 1605 3035 ecclesia
1662 2983 1841 3051 regias
1905 2984 2028 3040 dua

2120 1815 2324 1884 virgam
2381 1815 2609 1872 cottidie
2666 1823 2870 1886 prater
2916 1817 3386 1887 quadragesimam
3453 1820 3657 1875 devote
3714 1822 3766 1876 in

2120 1904 2372 1959 manibus
2419 1905 2805 1974 deportabant,
2857 1921 2980 1976 qua
3038 1908 3276 1962 rotunda
3324 1915 3488 1979 atque
3529 1909 3767 1980 levigata

2119 1993 2331 2050 honore
2361 1995 2750 2052 decentissimo
2791 1997 3140 2053 rectitudinis
3186 2002 3241 2052 et
3277 2000 3489 2068 apicem
3521 2000 3764 2070 irrepre-

2119 2082 2466 2140 hensibiliter
2494 2086 2737 2153 tenebat,
2778 2091 2833 2141 et
2870 2086 2937 2141 ab
2977 2087 3125 2141 omni
3175 2088 3384 2143 macula
3428 2089 3624 2158 polita,
3677 2090 3763 2144 in-

2117 2172 2287 2228 ferius
2317 2173 2515 2228 lamina
2546 2175 2903 2242 circumdata,
2937 2175 3146 2231 clavum
3195 2179 3412 2232 acutum
3460 2179 3758 2249 stringens,

2117 2262 2222 2315 vim
2274 2263 2558 2332 regiminis
2595 2265 2731 2333 ipsis
2781 2264 3164 2320 sacerdotibus
3193 2265 3540 2333 ostendebat,
3574 2275 3760 2336 quate-

2117 2363 2220 2404 nus
2268 2351 2438 2422 virga
2489 2351 2636 2406 illius
2674 2353 3007 2417 rotunditas,
3042 2355 3332 2410 rotundam
3380 2362 3433 2410 et
3482 2356 3757 2427 congluti-

2117 2445 2296 2494 natam
2357 2441 2640 2496 caritatem
2693 2456 2757 2497 ac
2815 2441 3112 2512 perfectam
3170 2451 3360 2500 mutuo
3415 2446 3759 2500 Ambrosiani

2115 2529 2436 2585 sacerdotes
2483 2531 2771 2598 haberent,
2813 2531 3250 2588 administrabat.
3291 2534 3566 2603 Quicquid
3617 2536 3755 2590 enim

2114 2632 2304 2673 sanum
2337 2625 2419 2673 est
2453 2625 2507 2674 et
2536 2620 2855 2687 rotundum,
2896 2621 3188 2676 scissuram
3220 2636 3331 2677 non
3361 2623 3594 2689 habens,
3630 2639 3755 2693 per-

2114 2705 2316 2762 fectum
2349 2713 2450 2775 est,
2484 2709 2552 2764 de
2603 2724 2709 2778 qua
2748 2710 2931 2765 divina
2959 2711 3231 2780 scriptura
3263 2712 3462 2768 clamat
3499 2733 3512 2767 :
3549 2734 3576 2760 α
3620 2715 3758 2768 Deus

2114 2810 2224 2850 non
2274 2797 2486 2851 habitat
2531 2799 2586 2852 in
2635 2799 2890 2854 scissuris
2940 2801 3245 2868 montium;
3289 2809 3344 2856 et
3393 2802 3598 2857 caritas
3637 2817 3756 2871 qua

2115 2886 2522 2942 multitudinem
2555 2896 2907 2957 peccatorum
2948 2891 3220 2959 cooperit,
3274 2903 3381 2945 una
3421 2897 3476 2947 et
3517 2890 3756 2960 perfecta

2115 2980 2218 3040 est,
2263 2975 2329 3030 de
2378 2990 2484 3044 qua
2532 2977 2668 3032 dicit
2713 2978 2996 3048 apostolus
3030 2999 3041 3034 :
3078 2998 3106 3029 ‹‹
3147 2981 3355 3035 Caritas
3394 2981 3615 3049 patiens
3655 2987 3754 3048 est,

389 3065 566 3126 erant,
610 3075 733 3128 qua
765 3062 834 3115 ab
873 3063 1314 3134 archiepiscopo,
1347 3081 1468 3122 cum
1519 3082 1660 3137 opus
1707 3077 1844 3138 erat,
1878 3085 2026 3126 mer-
2049 3052 2089 3111 α
2114 3065 2351 3135 benigna
2381 3070 2484 3131 est,
2529 3079 2640 3121 non
2680 3068 2879 3136 quarit
2918 3082 3041 3136 qua
3071 3083 3168 3123 sua
3206 3075 3352 3135 sunt,
3386 3082 3499 3124 non
3531 3069 3756 3125 amula-

386 3147 526 3203 cede
575 3147 700 3203 data
731 3163 1097 3218 nummorum,
1147 3153 1389 3208 scolarcs
1436 3170 1465 3209 a
1521 3157 1794 3226 magistris
1851 3173 2030 3215 emen-
2112 3158 2221 3220 tur.
2255 3168 2364 3210 non
2413 3155 2523 3226 agit
2573 3171 2882 3226 ΡΟΓΡΘΙἪΙΠ,
2913 3171 3025 3213 non
3055 3158 3295 3225 inﬂatur.
3328 3172 3440 3213 non
3470 3159 3758 3214 ambiliosa

387 3235 662 3292 dabantur
682 3237 747 3268 ⁸⁷⁸
823 3240 1126 3295 secundum
1202 3243 1350 3312 quod
1429 3245 1679 3301 Ezechiel
1759 3249 2028 3318 propheta
2114 3257 2224 3298 non
2256 3245 2460 3315 cogitat
2505 3246 2722 3312 malum,
2765 3261 2877 3302 non
2907 3247 3174 3314 irritatur,
3213 3261 3320 3303 non
3350 3249 3556 3318 gaudet
3596 3262 3758 3318 super

385 3325 579 3382 dicens
599 3325 867 3383 afﬁrmat:
898 3350 922 3378 ιι
949 3332 1111 3385 Extra
1142 3339 1355 3400 portam
1385 3334 1702 3391 interiorem
1725 3340 2031 3408 gazophila-
2113 3334 2423 3404 iniquitate,
2457 3336 2766 3405 congaudet
2812 3343 2994 3392 autem
3023 3337 3262 3400 veritati,
3309 3338 3493 3393 omnia
3546 3337 3756 3404 suffert,

388 3416 473 3472 cia
499 3423 785 3473 cantorum
811 3417 1022 3487 (Ezech.
1056 3437 1128 3488 x1,
1153 3421 1316 3488 44).»
1341 3424 1400 3478 ln
1421 3424 1561 3480 atrio
1583 3425 1854 3495 interiori,
1879 3430 2026 3498 quod
2112 3423 2295 3478 omnia
2345 3424 2540 3490 credit,
2570 3425 2751 3480 omnia
2803 3431 3007 3495 sperat,
3042 3426 3226 3481 omnia
3269 3428 3527 3494 sustinet,
3560 3428 3759 3482 caritas

387 3511 566 3561 erata
603 3505 774 3563 latere
805 3513 982 3577 porta
1016 3511 1368 3580 respicientis
1420 3513 1486 3569 ad
1529 3515 1864 3584 aquilonem,
1898 3519 2024 3588 phi-
2113 3526 2392 3582 nunquam
2447 3513 2666 3570 excidet
2722 3513 2781 3585 (Ι
2807 3516 2927 3570 Cor.
2969 3531 3084 3581 xui,
3118 3514 3220 3587 4);
3266 3537 3290 3565 »
3333 3515 3403 3570 de
3465 3530 3575 3586 qua
3627 3516 3758 3572 dicit

386 3593 744 3665 Iosephorum
775 3611 905 3653 vero
937 3598 1103 3655 scola
1152 3601 1487 3657 diversarum
1528 3605 1726 3660 artium
1776 3592 2027 3676 peritiam
2110 3603 2406 3672 Gregorius
2431 3601 2552 3673 (93)
2590 3623 2601 3658 :
2640 3620 2667 3653 ‹‹
2707 3603 2807 3670 Qui
2836 3604 2956 3658 sine
2988 3605 3215 3660 caritate
3260 3605 3492 3660 virtutes
3531 3618 3760 3675 congre-

385 3683 726 3754 habentium,
770 3686 863 3741 ubi
913 3688 1109 3744 urbani
1157 3696 1212 3745 et
1256 3694 1501 3747 extranei
1549 3692 1737 3749 clerici
1785 3696 2029 3765 philoso-
2111 3696 2222 3760 gat,
2285 3690 2439 3761 quasi
2497 3697 2717 3747 Ventum
2776 3692 2833 3746 in
2883 3693 3161 3762 pulverem
3216 3701 3416 3764 portat.
3459 3714 3489 3745 »
3551 3696 3759 3750 Caritas

386 3772 531 3842 phia
596 3774 867 3831 doctrinis
923 3777 1172 3834 studiose
1229 3780 1637 3848 imbuebantur,
1678 3791 1835 3840 erant
1882 3786 2025 3854 dua,
2113 3794 2275 3849 quam
2307 3782 2447 3835 Deus
2477 3796 2606 3851 erga
2636 3781 2930 3836 humanum
2968 3797 3141 3854 genus
3178 3783 3370 3838 habuit
3408 3784 3626 3854 antiqui
3659 3797 3755 3854 pa-

385 3862 442 3916 in
474 3862 676 3930 quibus
711 3868 771 3918 ut
809 3864 998 3920 clerici
1058 3868 1152 3936 qui
1201 3871 1480 3925 exercitiis
1528 3873 1885 3930 tradebantur
1936 3891 2032 3931 cu-
2112 3869 2286 3924 Γθηῐίδ
2321 3877 2547 3939 peccato
2595 3861 2865 3926 eméi‘sum
2889 3871 2971 3938 mi
3014 3873 3191 3941 ipsum
3229 3872 3508 3928 hominem
3554 3871 3757 3928 {30mm

386 3949 535 4004 riose
574 3950 929 4018 docerentur,
963 3953 1124 4026 longa
1170 3961 1478 4028 temporum
1527 3961 1877 4018 ordinatione
1935 3979 2027 4019 ar-
2112 3959 2169 4014 in
2199 3974 2363 4015 cruce
2396 3959 2626 4023 levavit;
2660 3967 2714 4016 et
2753 3961 2952 4017 caritas
2998 3977 3121 4032 qua:
3158 3962 3215 4017 iu
3255 3977 3420 4018 cruce
3467 3965 3641 4018 Deum
3684 3963 3759 4017 Ιθ-

386 4036 869 4109 chiepiscoporum
909 4043 1373 4114 antecedentium,
1405 4048 1698 4119 stipendiis
1752 4066 1784 4106 a
1843 4067 2027 4109 came-
2115 4055 2351 4114 vaverat,
2385 4049 2502 4118 ipsa
2550 4049 2845 4105 homicidis
2889 4051 3097 4106 Judais
3144 4051 3542 4122 indulgentiam
3595 4052 3758 4107 semi-

386 4127 546 4182 rariis
575 4128 726 4184 illius
755 4131 1184 4202 archiepiscopi,
1219 4135 1312 4204 qui
1363 4142 1493 4192 tunc
1523 4139 1578 4193 in
1609 4145 1858 4210 tempore
1889 4147 2026 4209 erat,
2112 4138 2297 4204 nabat,
2341 4137 2534 4193 dicens
2567 4155 2580 4192 :
2617 4157 2644 4190 «
2684 4141 2913 4209 Ignosce
2966 4139 3078 4194 illis
3137 4146 3312 4209 pater,
3364 4141 3458 4210 qui
3502 4140 3758 4194 nesciunt

385 4218 665 4272 annuatim
715 4232 901 4275 earum
950 4222 1224 4293 magistris
1275 4224 1578 4283 honoriﬁce
1627 4229 1865 4297 donatis,
1908 4233 2028 4301 ipse
2113 4227 2244 4297 quid
2291 4225 2494 4282 faciant
2543 4230 2669 4292 (Luc
2715 4243 2868 4292 xxiii,
2918 4227 3029 4298 34).
3072 4247 3100 4280 »
3136 4232 3211 4284 Ac
3259 4229 3451 4285 eadem
3507 4237 3756 4286 sanctum

385 4306 586 4376 prasul
634 4307 914 4365 multoties
956 4311 1272 4381 adveniens,
1314 4315 1503 4372 saculi
1549 4317 1952 4376 sollicitudines
1997 4337 2078 4386 a7,
2115 4317 2448 4386 Stephanum
2515 4317 2714 4372 caritas
2769 4322 3043 4372 amaverat
3096 4315 3180 4370 ⁸⁷⁸.
3241 4319 3344 4373 Per
3401 4319 3543 4374 hanc
3613 4321 3756 4376 enim

383 4395 583 4465 quibus
611 4398 954 4467 gravabatur,
997 4415 1026 4454 a
1057 4417 1114 4457 se
1153 4403 1485 4472 depellebat,
1526 4420 1589 4460 ac
1637 4409 1925 4478 magistros
1962 4426 2026 4467 ac
2047 4385 2394 4460 Dcaritatem
2425 4405 2655 4461 invicem
2685 4406 3016 4474 serviebant,
3039 4405 3107 4461 de
3128 4420 3235 4476 qua
3265 4407 3400 4462 dicit
3427 4409 3752 4478 Apostolus:

382 4483 626 4541 scolarcs
656 4486 711 4540 in
741 4488 943 4543 studiis
971 4489 1294 4560 adhortans,
1327 4493 1382 4548 in
1416 4494 1632 4564 palatiis
1661 4511 1780 4554 sese
1812 4499 2028 4556 demum
2114 4512 2142 4550 ‹‹
2182 4496 2286 4550 Per
2311 4495 2594 4550 caritatem
2623 4495 2854 4550 invicem
2886 4495 3086 4550 servite
3122 4494 3269 4566 (Gal.
3302 4511 3358 4562 v,
3388 4494 3502 4565 13).
3530 4517 3556 4545 1
3602 4497 3756 4553 Unde

382 4574 689 4644 recipiebat
743 4578 1197 4636 Ambrosianicis.
1261 4584 1536 4640 Praeterea
1589 4587 1948 4657 senodochia,
1998 4605 2027 4647 e
2111 4585 2323 4640 Veritas
2352 4585 2471 4654 ipsa
2507 4605 2517 4640 :
2556 4606 2582 4633 α
2624 4586 2683 4639 ln
2714 4585 2819 4640 hoc
2857 4591 3196 4655 cognoscent
3233 4598 3423 4640 omnes
3468 4585 3602 4655 quia
3651 4585 3753 4641 mei

383 4661 586 4732 quibus
633 4663 738 4719 alia
794 4667 1170 4737 suscipiebant
1228 4669 1464 4728 clericos
1521 4675 1862 4745 peregrinos,
1923 4678 2029 4734 alia
2113 4675 2246 4729 estis
2275 4673 2570 4744 discipuli,
2621 4673 2666 4728 si
2698 4674 3051 4730 dilectionem
3079 4673 3382 4729 habueritis
3411 4673 3478 4728 ad
3521 4674 3750 4730 invicem

382 4751 642 4808 mulieres
682 4757 889 4811 tantum
940 4772 1220 4832 pauperes,
1242 4767 1297 4816 et
1335 4763 1674 4834 peregrinas,
1716 4766 1820 4821 alia
1858 4766 2034 4824 infan-
2116 4762 2290 4835 (Joan.
2333 4779 2450 4831 xui,
2481 4761 2590 4832 35).
2636 4782 2663 4815 »
2704 4763 2923 4819 Clavum
2973 4765 3030 4819 in
3074 4764 3225 4834 virga
3253 4761 3578 4818 deferebant
3617 4778 3746 4820 acu-

383 4839 532 4896 tulos
570 4842 664 4911 qui
696 4848 822 4900 ante
871 4845 1121 4903 ecclesia
1165 4849 1362 4920 januas
1390 4865 1420 4906 a
1451 4854 1771 4922 parentibus
1800 4856 1893 4926 qui
1933 4871 2030 4914 eos
2111 4860 2246 4920 tum,
2288 4859 2347 4908 ut
2375 4859 2697 4922 peccatores
2726 4859 2782 4908 et
2809 4853 3110 4909 sceleratos
3138 4852 3291 4908 verbi
3330 4853 3426 4906 Dei
3456 4851 3746 4922 disciplina

383 4930 596 4986 nutrire
636 4945 701 4988 ac
729 4930 915 4989 fovere
945 4935 1168 4993 minime
1212 4938 1466 4996 valebant
1502 4941 1668 4999 nimia
1707 4950 2027 5014 paupertate
2109 4942 2299 5000 sedule
2323 4956 2388 4998 ac
2417 4941 2611 4998 devote
2648 4941 3013 4998 stimularent.
3054 4941 3208 4997 Unde
3247 4941 3466 5010 sapiens
3494 4942 3743 4998 Salomon

382 5019 672 5089 attenuati,
752 5021 1147 5095 mittebantur,
1207 5032 1262 5084 et
1317 5030 1571 5088 mercede
1620 5045 1684 5088 ac
1734 5033 2027 5103 stipendiis
2109 5032 2356 5102 loquitur
2393 5030 2586 5088 dicens
2618 5051 2632 5089 :
2670 5031 2907 5087 «Verba
2946 5031 3213 5102 sapientis
3247 5030 3405 5101 quasi
3433 5030 3663 5099 stimuli,
3693 5033 3741 5085 et

1738 5133 1963 5188 VARI/{'3
2011 5131 2396 5188 LECTIONES.

456 5215 522 5249 ⁸⁷³
544 5219 854 5299 gorbundia
883 5221 941 5277 B.
1020 5219 1086 5299 ἐἶθ
1111 5223 1186 5299 iit;
1212 5224 1408 5299 Blanco
1438 5231 1564 5283 teste
1591 5231 1654 5283 A.
1686 5234 1734 5284 et
1761 5229 2035 5296 Beroldus,
2066 5233 2248 5288 Murat
2274 5229 2398 5285 Ant.
2429 5229 2533 5296 IV,
2558 5243 2614 5299 ρ.
2649 5226 2747 5280 861
2781 5229 3009 5284 XXVII].
3049 5225 3167 5282 rell.
3242 5225 3305 5257 ⁸⁷⁵
3343 5239 3466 5296 qua
3505 5231 3556 5281 et
3594 5229 3738 5280 erant

387 5288 589 5346 desuni.
627 5292 686 5346 Β.
761 5289 827 5323 ⁸⁷⁸
855 5307 928 5349 In.
972 5295 1114 5351 enim
1151 5295 1423 5354 dabantur
1451 5301 1508 5354 B.
1584 5299 1651 5331 ⁴⁷⁷
1678 5301 1712 5354 i.
1746 5317 1795 5356 ε.
1826 5288 2161 5358 immersum.
2239 5300 2304 5332 ⁸⁷⁸
2326 5316 2413 5356 απ.
2446 5288 2822 5356 animaverat?
2861 5301 2946 5356 W.

1957 5401 2174 5458 ΝΟΤᾸΞ.

599 5475 873 5561 ρεᾱίοηθςὶί
904 5481 1047 5561 enim
1080 5498 1178 5554 per
1206 5490 1451 5544 astatem
1480 5487 1537 5544 in
1568 5488 1705 5545 eccl.
1745 5489 1956 5546 Sancta
2161 5488 2283 5561 (93)
2326 5488 2387 5542 V.
2429 5500 2594 5556 supra
2624 5503 2663 5554 ι,
2694 5486 2747 5543 3.

388 5544 568 5604 Tecla
594 5544 778 5606 ofﬁcio
806 5544 1190 5624 fungebantur.
