4022 6160
432 262 537 316 899

1518 250 1845 304 LANDULFI
1889 247 2419 303 MEDIOLANENSIS
2455 247 2716 301 CLERICI

3684 246 3790 300 900

430 386 759 451 inhaerebat,
799 388 856 439 et
892 354 1279 438 sacerdotibus
1322 376 1449 432 illos
1493 374 1740 430 moribus
1778 373 1940 428 bonis
1977 371 2319 433 im-Aaliam
2372 379 2751 443 c0gnosceret.
2805 372 2871 425 Et
2927 372 3099 441 prius,
3152 370 3302 440 quod
3342 370 3669 427 incredibile
3722 373 3791 428 vi-

430 475 727 532 buentibus
783 471 1100 529 solvebatur
1148 489 1160 523 :
1219 464 1427 523 Caritas
1482 477 1605 534 qua:
1651 460 2069 517 multitudinem

429 570 781 637 peccatorum
848 558 1099 631 c00perit
1129 600 1143 625 ,
1221 555 1508 610 universos
1581 551 1837 608 omnibus
1909 550 2071 607 bonis

430 653 717 710 afﬂuentes
779 657 836 707 ut
877 655 1052 706 mater
1116 644 1391 701 tuebatur.
1434 643 1707 696 Praeterea
1780 646 1912 696 tetas
1950 640 2069 696 sine

430 744 701 800 bellorum
797 735 1208 795 incursionibus
1283 731 1526 803 gentium
1610 731 1910 785 vicinarum
1976 736 2071 785 aut

429 833 672 889 hostium
702 834 1086 885 extraneorum
1134 821 1491 888 motionibus,
1533 820 1587 876 in
1628 819 1761 875 viris
1805 823 1899 875 aut
1945 832 2069 874 mu-

428 922 659 980 lieribus
722 917 967 989 perfecta
1032 915 1246 984 integra
1320 915 1484 981 atque
1541 909 1785 979 jocunda
1824 913 1963 965 erat.
2003 910 2069 965 Et

428 1010 672 1083 quamvis
702 988 801 1078 per
824 988 1062 1076 paucula
1099 1009 1348 1073 tempora
1395 998 1777 1056 antecedentia
1826 1000 1940 1056 otio
1980 1013 2066 1054 va-

427 1102 650 1166 cabant,
688 1095 907 1152 libidini
946 1098 1039 1149 aut
1076 1091 1243 1149 variis
1298 1087 1695 1161 cupiditatibus
1733 1088 1954 1143 minime
1987 1088 2064 1143 in-

425 1188 711 1247 sistebant.
745 1186 913 1241 Tanta
960 1182 1106 1239 enim
1163 1181 1310 1237 circa
1364 1179 1607 1235 virorum
1664 1182 1720 1233 et
1775 1176 2063 1233 mulierum

427 1275 734 1350 praecordia
761 1280 879 1332 erat
899 1270 1230 1339 constantia,
1252 1273 1313 1325 ut
1341 1282 1503 1325 nemo
1527 1267 1634 1323 nisi
1662 1280 1816 1324 suam
1836 1280 2059 1323 uxorem

2155 459 2345 528 detur,
2413 460 2639 533 triginta
2704 472 2972 515 annorum
3027 459 3130 514 viri
3186 465 3241 515 et
3297 459 3557 516 mulieres
3617 469 3792 529 erant,

2153 564 2314 619 quam
2366 564 2488 605 sese
2544 550 2783 621 negotiis
2837 548 3221 620 conjugalibus
3258 549 3581 617 traderent;
3650 551 3792 607 unde

2152 639 2404 696 homines
2431 654 2495 696 ac
2524 638 2742 695 feminae
2781 638 3003 710 integri,
3043 637 3216 695 fortes
3260 644 3425 710 atque
3456 638 3715 710 perfecti,
3750 641 3795 696 si

2150 728 2460 785 invenirent
2519 728 2796 784 hominem
2863 728 3095 784 duorum
3155 728 3355 798 pedum
3419 734 3513 784 aut
3580 729 3791 796 trium,

2151 817 2298 874 hunc
2363 832 2474 874 non
2541 818 2848 886 hominem,
2916 817 3013 873 sed
3076 825 3379 874 monstrum
3446 817 3790 889 judicabant.

2151 908 2300 963 IEtas
2330 908 2541 978 integra
2570 921 2701 963 sana
2748 921 2811 962 ac
2859 907 3061 977 opibus
3109 907 3381 963 universis
3427 907 3789 974 habundans;

2150 1002 2367 1066 tempus
2420 996 2634 1063 habile,
2704 995 3028 1066 paciﬁcum,
3090 996 3437 1067 jocundum,
3496 1012 3792 1067 ammnum,

2149 1086 2489 1142 caritativum
2540 1093 2704 1157 atque
2756 1085 2977 1142 salubre
3017 1087 3181 1142 nobis
3213 1087 3268 1142 in
3318 1086 3577 1143 omnibus
3620 1090 3793 1159 genti-

2146 1175 2270 1241 bus,
2302 1189 2537 1246 quorum
2568 1176 2624 1232 in
2666 1176 2872 1233 nostris
2898 1175 3099 1232 ﬁnibus
3128 1176 3445 1232 resonabat.

1684 1409 1924 1450 sxthcu‘
1960 1408 2119 1449 LIBER
2156 1406 2434 1449 SECUNDUS
2470 1390 2529 1423 ‘9‘

1412 1526 1806 1612 INCIPIT
1862 1524 2185 1610 LIBER
2239 1520 2698 1608 TERTIUS
2752 1517 2831 1558 ⁴⁹²

505 1681 550 1734 ι.
593 1676 1046 1748 Quandoquidem
1106 1674 1273 1729 multa
1339 1672 1446 1728 mei
1510 1671 1676 1728 animi
1733 1670 2324 1741 desideriudeigito
2381 1675 2560 1724 autem
2599 1681 2701 1726 suo
2756 1667 2952 1724 nolunt
2980 1680 3045 1723 ea
3081 1679 3345 1734 movere;
3396 1666 3702 1724 solvendas
3738 1668 3797 1722 li-

428 1782 529 1839 per
556 1768 771 1823 diversa
809 1765 1031 1821 trahere
1068 1767 1361 1829 conantur,
1392 1766 1447 1817 et
1492 1760 1680 1816 multis
1735 1760 1841 1815 mei
1901 1759 2069 1815 animi

424 1857 509 1913 vel
577 1854 790 1913 ordinis
854 1857 1144 1925 quassatus
1206 1849 1694 1914 tribulationibus,
1756 1863 1893 1919 quas
1948 1850 2068 1919 ipse

426 1947 630 2016 injuste
668 1959 699 2000 a
738 1942 894 1999 malis
923 1940 1259 2006 christianis,
1292 1939 1338 1995 si
1377 1937 1457 1994 fas
1494 1945 1578 1994 est
1607 1938 1814 2004 dicere,
1846 1951 2072 2007 perpes-

427 2050 522 2092 sus
553 2048 692 2100 sum,
721 2033 788 2088 ad
821 2046 884 2087 ea
912 2045 1037 2101 quae
1067 2044 1169 2099 ego
1212 2031 1324 2099 jam
1354 2026 1491 2083 meis
1527 2026 1731 2082 tabulis
1778 2026 2073 2081 cardinali-

428 2124 532 2180 bus
587 2123 655 2179 ad
705 2129 1052 2192 posterorum
1105 2118 1330 2174 tutelam
1383 2116 1643 2172 denotata
1697 2129 1819 2170 esse
1858 2113 2065 2180 recolo,

427 2212 630 2270 ceteris
667 2208 1057 2281 praetermissis
1112 2221 1237 2277 quae
1283 2212 1584 2261 occurrunt
1630 2203 1831 2270 causis,
1882 2204 2068 2259 inces-

425 2308 613 2367 santer
676 2299 860 2355 redire
925 2297 1153 2353 curabo.
1222 2295 1327 2351 Sed
1387 2293 1648 2365 quoniam
1706 2292 2068 2348 ecclesiastici

423 2390 641 2448 ordinis
664 2388 867 2443 multos
905 2386 1143 2455 quodam
1183 2382 1404 2440 fastidio
1443 2381 1795 2451 nequissimae
1832 2380 2069 2451 pigritiae

424 2478 683 2535 taediatos
712 2488 1012 2547 cognosco,
1045 2473 1140 2542 qui
1187 2473 1243 2527 in
1290 2471 1530 2541 posteris
1572 2470 1744 2525 multa
1790 2482 2066 2524 sacrarum

425 2568 822 2637 scripturarum
861 2562 1171 2619 rudimenta
1201 2559 1546 2617 ostendendo
1592 2559 1810 2615 tradere
1858 2558 2071 2627 potuis-

2153 1766 2303 1831 gant,
2336 1759 2591 1830 ligandos
2634 1758 2872 1826 solvunt,
2915 1765 2971 1814 et
3029 1758 3421 1829 praedicatione
3479 1759 3677 1814 subtili
3716 1760 3795 1813 vi-

2153 1850 2384 1905 duarum
2411 1850 2469 1905 in
2500 1849 2731 1920 quadam
2782 1848 3016 1919 plurima
3054 1849 3201 1906 bona
3228 1850 3537 1921 diripiunt;
3571 1849 3643 1905 de
3683 1850 3797 1919 qui-

2152 1938 2258 1994 bus
2290 1940 2480 1995 beatus
2507 1938 2828 1995 Ambrosius
2854 1939 2912 1994 in
2945 1939 3295 1995 sermonibus
3342 1939 3516 1995 dicit:
3580 1955 3612 1994 ut
3650 1939 3793 1994 Nihil

2153 2027 2385 2082 interest
2431 2027 2576 2097 apud
2623 2029 2812 2094 Deum,
2863 2033 3046 2083 utrum
3093 2028 3145 2083 vi
3191 2042 3259 2083 an
3307 2029 3796 2085 circumventioni-

2151 2114 2256 2171 bus
2293 2116 2419 2185 quis
2456 2130 2545 2170 res
2610 2115 2817 2171 alienas
2880 2124 3136 2187 occupet,
3204 2116 3334 2172 dum
3362 2130 3593 2187 quoquo
3632 2125 3794 2187 pacto

2153 2212 2337 2260 teneat
2364 2204 2622 2260 alienum.
2665 2225 2692 2255 ιο
2752 2205 2815 2260 Et
2870 2206 3001 2261 item
3054 2205 3361 2276 propheta:
3400 2224 3430 2258 «
3461 2206 3578 2262 Veh
3615 2207 3792 2273 vobis,

2152 2295 2248 2363 qui
2330 2292 2619 2348 decimatis
2699 2299 2937 2349 mentam
3000 2300 3057 2350 et
3121 2294 3381 2351 ciminum
3459 2301 3515 2351 et
3572 2302 3792 2351 anetum

2153 2381 2373 2454 (Matth.
2403 2398 2492 2449 xx,
2523 2381 2634 2453 23),
2663 2389 2718 2438 et
2747 2384 3037 2452 percutitis
3065 2398 3250 2456 pugno
3288 2386 3478 2454 impie.
3512 2406 3544 2434 »
3570 2387 3639 2441 Hi
3669 2393 3794 2441 sunt

2150 2473 2317 2539 enim,
2359 2472 2599 2527 Veritate
2637 2476 2952 2540 attestante,
3012 2475 3106 2542 qui
3155 2481 3455 2543 provocant
3493 2474 3635 2530 iram
3676 2477 3790 2541 Dei,

2151 2560 2221 2617 de
2251 2560 2454 2630 quibus
2482 2565 2706 2616 sanctus
2749 2561 3082 2631 Gregorius:
3122 2583 3148 2611 α
3176 2563 3492 2620 Deteriores
3528 2570 3665 2619 sunt
3704 2564 3793 2634 qui

424 2661 568 2722 sent,
610 2655 811 2725 quibus
866 2665 987 2708 sese
1045 2664 1077 2706 a
1116 2648 1713 2721 pseudosacerdotibus
1767 2645 2065 2702 defendere
2148 2654 2452 2720 provocant
2480 2649 2618 2705 iram
2646 2650 2763 2717 Dei,
2788 2663 2949 2719 quam
2989 2651 3084 2720 qui
3113 2659 3432 2720 merentur;
3468 2672 3495 2705 »
3527 2667 3560 2707 a
3590 2653 3795 2723 quibus

424 2759 490 2800 ac
553 2744 792 2799 liberare
848 2741 1178 2811 potuissent,
1218 2738 1442 2794 minime
1507 2750 1730 2806 operam
1771 2735 2062 2790 dederunt.
2148 2739 2340 2794 civitas
2376 2737 2733 2793 Ambrosiana
2775 2737 2943 2794 multa
2974 2752 3074 2809 per
3100 2744 3350 2810 tempora
3395 2740 3594 2809 libera,
3624 2742 3795 2798 modo

423 2834 525 2902 Qui
556 2833 687 2889 dum
726 2830 890 2887 falsas
936 2828 1360 2899 praedicationes
1405 2840 1506 2897 per
1549 2824 1858 2881 simulatam
1906 2824 2065 2880 casti-
2146 2826 2415 2882 malorum
2445 2825 2643 2882 civium
2676 2826 2888 2882 meritis
2934 2827 3179 2896 obsessa,
3239 2828 3550 2886 divinarum
3604 2830 3796 2887 litera-

424 2928 591 2978 tatem
629 2935 694 2977 ac
732 2921 857 2976 ﬁcta
881 2920 1109 2989 jejunia,
1142 2918 1426 2974 caritatem
1456 2916 1659 2971 habere
1687 2928 1809 2970 sese
1839 2914 2064 2970 omnino
2147 2929 2268 2971 rum
2305 2928 2369 2970 ac
2393 2915 2746 2971 scientiarum
2775 2915 3067 2972 multarum
3117 2918 3429 2988 margaritis
3468 2919 3619 2975 velut
3672 2933 3799 2990 por-

424 3010 763 3075 simulantes,
796 3008 977 3073 donis,
1020 3006 1245 3075 privatis
1282 3005 1508 3069 divitiis,
1566 3004 1624 3058 in
1681 3002 1937 3058 domibus
1985 2992 2227 3059 vi-C-cis
2275 3004 2558 3074 projectis,
2598 3004 2967 3060 contaminata
3008 3010 3065 3061 et
3103 3006 3371 3063 maculata
3407 3014 3510 3064 est.
3546 3009 3796 3066 Ecclesia

425 3098 656 3154 duarum
686 3104 780 3151 aut
816 3097 874 3150 in
904 3094 1118 3164 angulis
1175 3094 1475 3162 platearum
1515 3091 1900 3160 praedicantes,
1941 3089 2061 3161 gla-

424 3186 549 3242 dios
605 3188 763 3240 acute
828 3181 1246 3237 subministrant
1308 3181 1691 3246 acutissimos;
1757 3180 1825 3234 de
1864 3179 2065 3248 quibus

424 3274 813 3347 prophetarum
846 3271 1078 3327 eximius
1100 3269 1196 3326 ‘9‘:
1242 3288 1269 3323 «
1312 3273 1380 3326 Ut
1424 3270 1684 3341 sagittent
1720 3270 1777 3325 in
1827 3269 2064 3325 obscuro

424 3371 608 3422 rectos
672 3362 841 3419 corde
904 3359 1074 3431 (Psal.
1134 3374 1189 3426 χ,
1230 3358 1323 3429 2);
1383 3358 1578 3414 dentes
1602 3371 1791 3413 eorum
1832 3372 1983 3413 arma
2011 3363 2067 3413 et

423 3454 659 3525 sagittze,
681 3452 883 3521 linguas
913 3462 1104 3504 eorum
1133 3447 1402 3503 machaera
1432 3454 1591 3502 acuta
1613 3446 1778 3513 (Psal.
1802 3462 1913 3514 LVI,
1935 3446 2008 3516 5);
2034 3467 2060 3496 ι

423 3542 493 3598 de
522 3541 725 3611 quibus
764 3537 1061 3595 Dominus:
1106 3552 1136 3590 «
1175 3536 1455 3592 Attendite
1492 3550 1523 3591 a
1560 3534 1714 3591 falsis
1751 3535 2059 3606 prophetis,

423 3632 517 3702 qui
574 3628 803 3685 veniunt
852 3627 921 3682 ad
958 3640 1056 3682 vos
1110 3626 1166 3681 in
1222 3624 1564 3681 vestimentis
1618 3626 1799 3681 ovium
1852 3625 2060 3695 (Matth.

420 3733 524 3786 vn,
569 3716 675 3789 15).
739 3736 768 3766 ››
806 3714 1043 3785 Alligant
1097 3727 1268 3770 onera
1320 3714 1504 3785 gravia
1559 3721 1615 3769 et
1668 3713 2061 3782 importabilia,

2144 3095 2289 3149 enim
2360 3093 2719 3149 Ambrosiana
2790 3094 3021 3150 Domino
3095 3104 3373 3152 annuente
3445 3098 3796 3167 sapientibus

2144 3180 2546 3248 sacerdotibus,
2578 3181 2758 3237 levitis
2786 3196 2851 3238 ac
2886 3182 3339 3251 subdiaconibus,
3379 3200 3549 3256 super
3577 3193 3795 3243 ceteras

2146 3271 2289 3326 Asiae
2347 3270 2661 3326 abundabat
2720 3271 3024 3340 ecclesias;
3101 3274 3249 3329 unde
3312 3274 3370 3330 in
3437 3277 3794 3345 proverbium

2148 3359 2354 3415 dictum
2386 3364 2504 3415 est:
2551 3380 2576 3409 ι
2617 3360 2980 3417 Mediolanum
3019 3361 3077 3417 in
3133 3362 3372 3431 clericis,
3412 3364 3581 3434 Papia
3609 3367 3677 3422 in
3706 3366 3792 3422 de-

2147 3447 2309 3515 liciis,
2342 3449 2516 3504 Roma
2543 3447 2600 3503 in
2632 3449 2913 3518 aadeﬁciis,
2935 3452 3199 3507 Ravenna
3222 3454 3280 3507 in
3309 3452 3583 3509 ecclesiis.
3616 3473 3654 3506 »
3689 3455 3789 3511 Sed

2146 3536 2468 3593 multotiens
2517 3537 2777 3595 advenire
2833 3538 2975 3595 solet
3031 3546 3092 3595 ttt
3147 3546 3354 3610 quanto
3418 3543 3790 3612 sapientiores

2145 3633 2274 3681 sunt
2310 3625 2516 3691 multis,
2549 3632 2701 3682 tanto
2725 3628 2841 3683 suis
2868 3628 3152 3685 exercitiis
3180 3631 3419 3699 posteris
3448 3632 3634 3688 minus
3668 3649 3791 3705 pro-

2144 3714 2413 3782 videntes,
2446 3714 2587 3771 hanc
2616 3716 2869 3777 miseram
2907 3717 3070 3773 vitam
3117 3719 3274 3789 quasi
3322 3719 3535 3776 indocti
3582 3727 3642 3778 et
3694 3725 3791 3779 im-

1774 3812 1998 3866 VARIIE
2046 3812 2328 3867 LECTION
2334 3813 2432 3869 ES.

492 3912 553 3943 δ”
595 3913 648 3966 in
676 3911 842 3965 rebus
870 3908 1128 3985 secundis
1155 3908 1431 3985 secundus
1468 3908 1619 3985 addit
1645 3910 1737 3985 Af.
1811 3907 1876 3938 “’
1906 3909 1963 3962 in
2001 3923 2112 3977 quo
2142 3910 2384 3985 omnium
2414 3909 2678 3985 malorum
2708 3910 3031 3979 fomentum,
3064 3914 3413 3985 iniquitatum
3443 3915 3787 3974 diversarum

421 3988 797 4053 argumentum
837 3980 1024 4053 regina
1053 3980 1351 4053 discordia,
1384 3980 1532 4053 omni
1562 3980 1788 4036 dimisso
1817 3992 2002 4035 amore
2033 3981 2291 4050 omnique
2321 3988 2510 4053 spreto
2550 3982 2746 4039 timore
2777 3985 2923 4041 inter
2968 3980 3202 4042 clericos
3248 3994 3303 4042 et
3350 3987 3784 4053 ecclesiasticos,

420 4051 567 4131 inter
593 4053 764 4131 lai_cos
792 4056 848 4107 et
877 4051 1291 4131 laicos,_levitas
1320 4058 1375 4106 et
1390 4051 1613 4131 levitas,
1643 4065 1823 4131 senes”
1842 4056 1899 4106 et
1935 4065 2138 4131 senes,_
2162 4052 2479 4131 sacerdotes
2510 4059 2582 4131 et
2626 4056 2966 4131 sacerdotes,
3016 4058 3310 4131 episcopos
3359 4065 3415 4131 et
3464 4051 3785 4131 episcopos;

420 4125 606 4181 sedem
644 4125 941 4179 Romanam
971 4122 1188 4178 duobus
1216 4122 1531 4177 tenentibus
1561 4122 1932 4192 pontiﬁcibus,
1963 4123 2307 4193 apertissime
2338 4123 2686 4181 ministravit.
2717 4127 2867 4183 addit
2894 4122 2986 4183 A*.
3016 4122 3075 4183 In

3106 4142 3216 4199 quo
3244 4129 3312 4186 de
3348 4130 3634 4187 discordia
3667 4129 3790 4188 'cle-

418 4197 662 4273 ricorum
702 4198 987 4273 tractatur,
1019 4208 1142 4273 quae
1172 4193 1751 4273 errpraedicationibus
1770 4193 1975 4273 arialdi
2006 4209 2068 4249 ac
2096 4194 2345 4273 Landulﬂ
2375 4200 2459 4250 est
2488 4202 2678 4253 exorta
2707 4198 2775 4254 ad
2807 4193 3411 4268 instantiamlnselmi,
3453 4203 3551 4273 qui
3590 4210 3787 4273 postea

417 4266 520 4324 fuit
558 4280 698 4338 papa
726 4264 1033 4322 Alexander
1059 4266 1125 4322 ΙΙ.
1154 4264 1352 4321 addunt
1378 4266 1499 4322 A**.
1536 4266 1595 4321 Β.

1671 4264 1737 4298 ⁴⁹³
1764 4265 1832 4321 de
1862 4280 1918 4336 q.
1951 4266 2222 4336 propheta
2259 4268 2318 4322 B.

1986 4365 2202 4421 ΝΟΤκΕ.

415 4461 804 4541 egisteretmqui
858 4462 913 4516 in
957 4476 1070 4541 suo.
1108 4459 1232 4541 loco
1275 4436 1535 4541 ueraciter
1585 4460 1809 4541 reperiri
1838 4466 2049 4541 posset.
2074 4460 2226 4541 Dubi
2254 4461 2377 4541 hth
2390 4463 2639 4535 iniquitas
2687 4468 2831 4541 tanto
2854 4471 2987 4541 erat
3031 4468 3308 4541 copiosior,
3340 4473 3537 4541 quanto
3567 4471 3789 4529 urbibus

414 4538 557 4594 Nam
621 4532 742 4589 alii
772 4548 885 4588 cum
930 4532 1145 4589 canibus
1182 4536 1232 4588 et
1270 4532 1606 4603 accipitribus
1647 4532 1768 4588 huc
1829 4532 2053 4603 illucque

407 4610 787 4678 pervagantes,
818 4619 965 4659 suum
1020 4604 1311 4678 venationi
1337 4603 1549 4658 lubricae
1601 4604 1910 4678 famulatum
1937 4610 2056 4678 (ra:

412 4674 641 4743 ﬂebant;
692 4674 790 4731 alii
844 4690 966 4731 vero
1024 4674 1312 4730 tabernarii
1364 4680 1412 4730 et
1465 4689 1685 4745 nequam
1738 4674 1920 4739 villici,
1948 4674 2054 4745 alii

410 4747 835 4820 impiirusurarii
888 4746 1220 4820 existebant:
1279 4747 1450 4820 cuncti
1477 4746 1608 4820 fere
1670 4761 1783 4820 cum
1822 4744 2054 4820 publicis

410 4817 667 4875 uaforibus
712 4819 822 4873 sive
874 4818 1062 4873 scortis
1115 4831 1266 4872 suam
1293 4817 1633 4886 ignominiose
1687 4817 1941 4872 ducebant
1977 4819 2055 4872 ui-

411 4895 535 4955 tam,
570 4904 843 4960 omnesque
871 4904 985 4959 qua:
1011 4903 1109 4943 sua
1156 4894 1326 4956 erant,
1360 4903 1479 4960 non
1515 4902 1630 4960 qua:
1677 4889 1868 4944 Christi
1913 4904 2052 4960 quie-

408 4960 614 5016 rebant.
646 4958 786 5031 Nam
815 4958 952 5030 quod
972 4961 1085 5015 sine
1120 4960 1313 5031 gemitu
1339 4959 1446 5014 dici
1473 4958 1553 5013 vel
1599 4960 1773 5014 audiri
1819 4958 2052 5031 nec'po-

413 5036 510 5087 test
542 5047 634 5087 nec
658 5029 837 5097 debet,
857 5031 1084 5086 uniuersi
1118 5032 1198 5085 sic
1232 5029 1326 5086 sub
1353 5031 1643 5086 simoniaca
1680 5031 1867 5086 haeresi
1909 5029 2050 5087 tene-

411 5101 601 5158 bantur
670 5102 940 5173 impliciti,
1016 5107 1268 5173 quatenus
1340 5117 1375 5156 α
1447 5102 1654 5173 minimo
1746 5118 1907 5173 usque
1979 5103 2051 5158 ad

409 5175 695 5229 maximum
722 5172 894 5229 nullus
922 5173 1051 5229 ordo
1089 5172 1169 5227 uel
1212 5172 1410 5241 gradus
1462 5172 1646 5228 haberi
1694 5172 1891 5244 posset.
1948 5174 2051 5229 nisi

407 5245 487 5300 sic
514 5250 767 5301 emeretur
793 5244 1049 5316 quomodo
1088 5244 1274 5300 emitur
1303 5259 1484 5314 pecus.
1532 5246 1603 5300 Et
1648 5246 1786 5315 quod
1828 5250 1904 5299 est
1950 5260 2047 5300 ne-

408 5316 559 5387 quius
588 5360 627 5387 ,_
670 5331 817 5372 nemo
874 5320 995 5372 tunc
1036 5316 1135 5387 qui
1188 5320 1346 5370 tanta:
1397 5316 1731 5386 peruersitati
1783 5316 2049 5387 resisteret

407 5385 715 5459 apparebat,
742 5387 856 5454 sed,
887 5401 1000 5441 cum
1029 5385 1137 5457 lupi
1161 5390 1329 5459 essent
1356 5385 1599 5457 rapaces,
1639 5387 1753 5459 veri
1791 5386 2049 5457 putaban-

407 5455 493 5513 tur
520 5471 633 5530 esse
664 5463 925 5530 pastores.
956 5488 1028 5530 +
1056 5455 1111 5515 ὁ.
1149 5455 1205 5510 4.
1236 5457 1323 5512 Ad
1359 5455 1587 5530 quorum
1630 5455 1874 5530 nimirum
1921 5471 2053 5529 per-

405 5527 704 5584 uersitatem
758 5529 1097 5598 detegendum
1134 5533 1184 5584 et
1229 5527 1612 5597 corrigendum,
1670 5527 2047 5596 Mediolanum,

2137 4534 2322 4617 ceteris
2359 4534 2491 4615 ipsa
2514 4541 2593 4617 est
2626 4535 2947 4617 populosior,
2975 4554 3013 4617 ει
3063 4534 3170 4595 Deo
3200 4534 3398 4617 procul
3435 4541 3601 4617 dubio
3647 4559 3789 4616 pm-

2133 4604 2276 4685 [atus
2303 4604 2501 4685 missus
2514 4612 2593 4685 est
2627 4604 2916 4685 git-inlitus.
2965 4610 3136 4685 Quem
3183 4604 3384 4668 deinde
3422 4613 3505 4685 ita
3551 4604 3794 4685 loq'uen-

2137 4681 2246 4756 tem
2314 4676 2563 4756 inducit:
2650 4680 3190 4756 Vestrisacerdotesg
3222 4686 3311 4754 qui
3368 4684 3532 4756 efﬁci
3562 4676 3791 4756 possunt

2136 4746 2354 4827 ditiores
2407 4748 2467 4827 in
2507 4749 2726 4827 terrenis
2771 4749 2945 4819 rebus,
2993 4746 3312 4827 carcelsiores
3344 4746 3434 4827 iti'
3455 4746 3791 4827 wdiﬁcandis

2135 4817 2364 4897 turribus
2418 4824 2468 4897 et
2507 4820 2781 4897 domibus,
2837 4817 3170 4897 superbiores
3192 4895 3205 4897 _
3233 4825 3288 4897 in
3338 4817 3625 4882 honoribus
3658 4873 3676 4897 ,
3736 4831 3792 4884 in

2134 4888 2371 4971 incilibus
2435 4889 2778 4971 delicatisque
2834 4888 3060 4971 uestibus
3110 4895 3469 4971 pulchriores,
3516 4900 3622 4971 ipsi
3658 4888 3673 4897 ’
3690 4916 3791 4971 ρι-

2134 4916 2371 4944 υιυιιιυιιδ
2435 4916 2772 4962 uatum-tqu
2834 4916 3060 4949 vestibus
3110 4916 3456 4966 putcunores,
3516 4916 3620 4969 ψει
3732 4918 3788 4955 I-

2134 4959 2617 5053 ff'l‘fi‘ibitléf’lts-
2650 4963 2885 5053 aerea
2921 4970 2984 5053 et
3008 4967 3401 5053 ceciderim
3449 4916 3788 5053 laici.qu-

2131 5045 2352 5109 uxores,
2381 5033 2592 5097 ducunt,
2647 5038 2889 5109 stuprum
2921 5033 3349 5109 quemadmodum
3402 5033 3615 5096 scelesti
3660 5041 3791 5098 laia

2131 5107 2437 5181 sequuntur,
2470 5108 2632 5181 atque.
2672 5106 2743 5160 ad
2791 5106 3072 5177 nefandum
3128 5109 3226 5164 hoc
3280 5125 3409 5181 opus
3455 5114 3789 5181 patrandum

2133 5177 2276 5228 tanto
2312 5178 2433 5247 sunt
2470 5174 2783 5247 validiores,
2827 5174 3020 5247 quanto
3061 5195 3094 5234 α
3123 5174 3328 5236 terrenti
3380 5174 3562 5238 labore
3607 5186 3788 5239 minus

2132 5245 2386 5314 oppressi.
2420 5245 2625 5301 Eodem
2663 5245 2912 5303 modo—in
2943 5250 3093 5306 Eccl.
3129 5253 3358 5309 Lucensi
3388 5256 3570 5310 omnia
3598 5255 3786 5312 bene-

2132 5314 2273 5398 ﬁcia
2315 5316 2574 5398 veniisse,
2651 5317 2983 5398 Alexander
3016 5323 3409 5398 "attestatur
3472 5328 3614 5395 epist
3688 5325 3783 5383 35.

2132 5384 2776 5467 mediolanensibusﬂhoc
2808 5392 2918 5459 jam
2949 5392 3226 5449 Paschalis
3262 5397 3285 5450 Ι
3324 5384 3782 5467 exprobraverat,

2132 5457 2302 5513 Mansi
2334 5459 2468 5525 XIV,
2500 5473 2556 5528 p.
2579 5458 2704 5516 378.
