4022 6160
211 293 300 346 901

1235 294 1546 348 HISTORIA
1586 291 2132 346 MEDIOLANENSIS.
2172 321 2242 331 —
2284 293 2404 346 LIB.
2450 293 2535 346 III.

3467 299 3573 352 902

212 416 428 473 becilles
478 431 577 487 per
623 417 898 472 silentium
950 417 1146 473 misere
1193 422 1595 480 transcurrunt,
1649 421 1703 469 et
1742 415 2149 483 quiAtandem
2189 415 2579 471 consederunt.
2627 415 2834 482 Quibus
2871 416 3172 486 imperator
3209 422 3573 490 respondens.

211 505 498 577 vigilando,
560 504 863 562 laborando
922 513 976 561 et
1032 506 1328 562 scribendo
1393 505 1515 559 aliis
1583 503 1847 572 prodesse

214 603 524 668 potuerunt,
558 602 628 668 ut
662 596 948 651 animabus
995 597 1110 651 suis
1157 595 1488 665 quandoque
1536 593 1852 647 sitientibus

211 700 400 755 aquam
447 689 825 755 praepararent
862 686 1055 752 vivam,
1106 685 1329 739 minime
1377 688 1728 752 satagerunt;
1783 681 1851 735 de

213 789 313 845 qua
354 775 580 830 caritate
630 780 684 828 et
728 774 1125 829 misericordiae
1171 789 1312 843 aqua
1352 773 1618 827 Dominus
1647 770 1714 825 ad
1751 771 1850 824 Sa-

213 863 527 919 maritanam
583 862 830 932 loquitur
887 862 1123 918 dicens:
1171 881 1198 913 «
1237 861 1338 928 Qui
1399 861 1602 916 biberit
1657 873 1849 928 aquam

213 966 370 1022 quam
408 966 510 1022 ego
542 951 633 1018 do,
667 951 760 1006 ﬁet
788 952 844 1005 in
875 965 940 1006 eo
980 950 1102 1007 fons
1131 965 1287 1020 aqua:
1317 949 1566 1005 salientis
1603 949 1658 1003 in
1686 947 1851 1002 vitam

215 1048 472 1096 aeternam
523 1039 742 1110 (Joann.
777 1054 851 1105 1v,
891 1038 1004 1108 l4).
1041 1059 1066 1087 ν
1124 1039 1229 1093 Sed
1272 1052 1372 1108 ego
1405 1039 1569 1093 homo
1610 1037 1854 1105 quamvis

213 1130 477 1197 tantillus,
518 1130 785 1200 angustiis
819 1135 871 1184 et
912 1129 1360 1184 tribulationibus
1399 1128 1650 1192 lassatus,
1683 1125 1854 1180 fretus

213 1228 268 1274 ut
317 1219 486 1275 credo
537 1227 883 1288 posterorum
931 1232 1176 1274 meorum
1216 1217 1447 1283 meritis,
1481 1217 1575 1286 qui
1616 1216 1734 1271 haec
1766 1215 1852 1268 vi-

213 1309 409 1364 dentes
455 1315 793 1379 cognoscent
840 1323 924 1364 me
953 1308 1021 1362 ad
1069 1321 1289 1363 suarum
1329 1307 1654 1376 dignitatum
1695 1303 1854 1358 labo-

214 1411 363 1452 rasse
404 1398 691 1466 honorem,
732 1396 799 1451 ad
839 1397 1116 1466 inceptum
1156 1394 1414 1450 festinare
1455 1393 1741 1464 aggrediar
1770 1390 1852 1445 ‘9‘.

283 1486 344 1540 2.
396 1485 660 1556 lgitur‘”
716 1485 998 1555 pralﬁnitis
1040 1499 1103 1539 ac
1152 1484 1529 1539 determinatis
1579 1479 1858 1548 archiepi-

213 1587 513 1643 scoporum
562 1580 874 1630 nostrorum
925 1573 1124 1639 causis,
1158 1586 1294 1642 quas
1324 1585 1425 1642 ego
1457 1569 1628 1624 multo
1659 1568 1859 1623 sudore

213 1662 501 1731 multoque
550 1661 739 1717 labore
790 1662 1048 1730 antiquos
1105 1659 1440 1715 sciscitando
1497 1671 1689 1722 annos,
1723 1654 1862 1711 veri-

1934 505 2078 558 inter
2107 509 2290 559 cetera
2327 503 2725 574 aliquantulum
2773 505 3051 573 dubitans,
3085 505 3277 562 videns
3306 510 3454 565 viros
3482 527 3572 566 sa-

1936 593 2170 660 pientes,
2191 593 2463 648 discretos
2483 599 2648 662 atque
2678 593 2922 650 aifabiles
2941 595 3320 665 doctrinisque
3351 597 3576 655 afﬂuen-
3642 651 3646 660 .

1936 687 2037 747 tes,
2073 683 2216 737 inter
2243 697 2302 738 se
2335 683 2497 738 tacite
2525 683 2789 738 Guidonis
2821 689 2874 738 et
2904 684 3098 739 horum
3129 699 3345 740 causam
3377 687 3472 742 diu
3503 689 3578 743 ri-

1935 772 2070 825 mari
2100 771 2248 826 visus
2276 776 2380 827 est.
2411 772 2648 827 Tandem
2679 786 2810 828 voce
2844 775 3066 843 propria
3094 775 3395 830 Guidonem
3428 783 3576 833 retro

1937 866 2060 929 post
2098 874 2288 916 omnes
2335 861 2537 916 ibidem
2578 867 2842 917 astantem
2874 869 3000 918 ante
3030 864 3279 929 vocavit;
3326 879 3436 935 quo
3475 881 3576 922 vo-

1935 956 2079 1016 cato,
2113 951 2398 1006 universos
2427 952 2774 1020 percunctari
2804 952 2992 1021 coepit,
3024 953 3070 1006 si
3100 953 3577 1025 archiepiscopum

1936 1038 2177 1092 vellent?
2225 1038 2326 1104 Qui
2375 1039 2540 1094 tertio
2589 1039 2844 1095 dixerunt
2885 1061 2895 1094 :
2944 1058 2971 1092 «
3012 1042 3273 1109 Petimus,
3306 1044 3576 1111 volumus,

1937 1127 2366 1182 desideramus.»
2398 1127 2478 1182 Ad
2509 1128 2628 1183 haec
2658 1129 2958 1198 imperator
2985 1151 2995 1184 :
3027 1132 3130 1186 «Si
3164 1147 3231 1186 ex
3262 1138 3378 1188 toto
3409 1134 3579 1188 corde

1940 1217 2153 1286 petitis,
2212 1216 2406 1284 vultis,
2467 1215 2820 1284 desideratis,
2880 1219 3182 1274 Guidonem
3251 1222 3506 1292 accipite.
3551 1244 3575 1272 »

1939 1307 2055 1360 Hoc
2093 1305 2282 1360 audito
2321 1305 2508 1360 clerici
2547 1320 2610 1360 ac
2657 1305 2781 1361 laici
2814 1321 3004 1362 omnes
3033 1309 3254 1364 minime
3294 1311 3349 1365 in
3388 1311 3580 1380 primis

1940 1394 2058 1448 haec
2113 1394 2304 1448 audire
2361 1393 2687 1464 cogitantes,
2746 1394 2988 1450 vultibus
3054 1397 3273 1467 pallidis
3329 1413 3578 1470 voceque

1941 1483 2208 1539 submissa
2265 1489 2585 1538 renuerunt.
2647 1486 2763 1551 Quo
2820 1484 3009 1540 audito
3075 1486 3376 1556 imperator
3433 1489 3586 1559 ipsos

1942 1570 2210 1624 sciscitari
2260 1571 2427 1639 erepit
2469 1571 2659 1626 dicens
2693 1593 2704 1626 :
2745 1591 2772 1622 «
2806 1573 2959 1639 Quod
3001 1571 3194 1630 festum
3227 1575 3393 1631 hodie
3433 1579 3586 1632 cele-

1945 1659 2156 1713 bratis?
2187 1678 2213 1709 ι)
2248 1659 2676 1729 Responderunt
2710 1680 2721 1714 :
2759 1679 2786 1712 «
2817 1662 3001 1717 Sancti
3048 1663 3298 1719 Materni.
3334 1684 3360 1716 »
3397 1683 3424 1716 «
3455 1666 3586 1732 Quis

208 1757 377 1806 tatem
409 1757 589 1806 tamen
638 1756 902 1816 amantes,
955 1749 1172 1804 curiose
1204 1747 1444 1817 repperi,
1477 1760 1541 1801 ac
1581 1738 2049 1802 eivitatumeuit
2088 1748 2190 1802 iste
2234 1750 2552 1804 Maternus?
2579 1770 2604 1798 ι
2656 1751 3084 1818 Responderunt
3117 1773 3129 1806 :
3168 1770 3195 1802 «
3236 1754 3588 1818 Primicerius

209 1840 382 1896 Italia:
416 1841 582 1896 totius
606 1840 873 1896 librorum
906 1838 1130 1909 paginas
1158 1837 1408 1892 rimando
1442 1835 1555 1890 fere
1586 1839 1863 1889 scrutatus

209 1943 351 1996 sum,
386 1935 441 1984 et
471 1934 636 1999 prout
667 1929 840 1998 potui
889 1928 1058 1982 multa
1089 1927 1144 1982 in
1177 1927 1327 1981 brevi
1361 1923 1857 1994 eomprehendens,

208 2017 346 2073 meis
377 2018 604 2074 cartulis
633 2017 970 2086 subscripsi;
1006 2029 1152 2071 nunc
1181 2015 1249 2070 ad
1281 2014 1632 2069 historiarum
1661 2012 1860 2066 seriem

207 2106 452 2173 redeam,
485 2121 649 2176 quam
697 2106 836 2176 legis
885 2105 1095 2175 peritus
1141 2103 1360 2174 aliquis,
1394 2108 1558 2172 prout
1587 2099 1689 2155 fuit
1719 2107 1774 2155 et
1805 2099 1860 2152 in

207 2196 442 2252 veritate
474 2195 717 2264 comperi
751 2208 1029 2249 enarrare.

279 2285 338 2340 3.
387 2283 498 2355 (2.)
557 2284 866 2354 Aliquantis
903 2282 966 2313 ’⁵⁸⁸
1023 2281 1220 2337 diebus
1274 2286 1400 2350 post
1456 2275 1862 2349 praeclarissimi

207 2374 495 2429 Heriberti
542 2375 827 2428 decessum
875 2371 1187 2438 transactis,
1240 2370 1436 2424 civium
1484 2368 1863 2422 universorum

206 2463 479 2519 collectio
511 2461 747 2515 adunata
774 2466 875 2515 est.
909 2461 982 2514 Ob
1013 2473 1175 2529 quam
1203 2471 1417 2512 causam
1450 2457 1640 2511 civitas
1669 2453 1865 2510 coadu-

204 2557 346 2606 nata
394 2551 486 2617 sit,
537 2550 671 2604 mihi
718 2563 938 2604 narrare
993 2561 1178 2618 Operae
1219 2547 1453 2616 pretium
1493 2551 1595 2600 est.
1647 2542 1867 2599 Civibus

198 2638 271 2670 “’7
316 2639 467 2694 enim
518 2639 974 2694 convenientibus
1003 2638 1060 2692 in
1102 2651 1265 2692 unum
1299 2643 1404 2691 tam
1445 2633 1664 2690 clericis
1703 2646 1865 2702 quam

204 2728 396 2793 laicis,
429 2727 623 2797 longas
663 2727 940 2783 solventes
984 2727 1265 2782 orationes
1312 2726 1366 2780 in
1416 2723 1642 2793 populo,
1677 2727 1868 2791 quate-

205 2831 318 2872 nus
362 2815 431 2870 de
461 2815 802 2884 acquirendo
834 2822 889 2871 et
920 2815 1176 2885 eligendo
1206 2813 1628 2882 archiepiscopo
1659 2824 1866 2866 consu-

205 2905 487 2971 lerentur,
529 2911 870 2974 quapropter
911 2912 1151 2974 quatuor
1197 2903 1421 2973 majoris
1469 2901 1681 2956 ordinis
1718 2900 1868 2954 viros

205 2995 499 3064 sapientes
546 2993 768 3062 optima:
825 2993 950 3048 vitm
1011 2993 1282 3062 bonaeque
1341 2990 1497 3045 fama:
1555 2990 1862 3059 elegerunt,

1945 1844 2256 1893 nostrorum
2324 1838 2610 1894 lectorum.
2647 1858 2674 1890 »
2735 1858 2762 1891 «
2813 1842 2978 1910 Cujus
3038 1843 3311 1912 prosapiae
3368 1842 3523 1898 fuit?
3555 1863 3581 1895 »

1942 1927 2367 1995 Responderunt
2418 1948 2430 1982 :
2494 1945 2522 1978 «
2571 1929 2972 1999 Cujuscumque
3048 1932 3320 2001 prosapiae
3350 1930 3416 1962 "8
3489 1932 3583 2000 sit,

1941 2017 2284 2085 suscepimus
2328 2031 2471 2072 eum.
2507 2037 2533 2068 »
2576 2035 2603 2067 «
2638 2019 2735 2084 Ita,
2768 2019 2814 2072 si
2848 2021 3240 2090 cujuscumque
3280 2021 3352 2075 sit
3401 2035 3585 2077 susce-

1944 2105 2123 2174 pistis,
2157 2112 2211 2160 et
2249 2107 2523 2160 Maternus
2551 2112 2732 2161 vester
2778 2105 2880 2161 fuit
2926 2108 3398 2180 archiepiscopus,
3441 2111 3587 2166 hunc

1942 2193 2244 2248 Guidonem
2298 2195 2528 2263 probum
2573 2195 2656 2248 vir
2701 2196 2986 2264 suscipite.
3023 2214 3050 2247 »
3099 2199 3272 2266 Igitur
3313 2198 3484 2253 ﬁnitis
3526 2213 3590 2254 ac

1947 2282 2334 2352 praeordinatis
2364 2283 2645 2337 consciliis
2666 2298 2789 2352 qua:
2819 2285 3120 2354 imperator
3150 2287 3345 2355 partim
3378 2288 3588 2356 private

1948 2372 2140 2442 partim
2175 2371 2392 2440 publice
2423 2387 2546 2426 cum
2576 2371 2822 2428 Guidone
2853 2373 3069 2429 curiose
3102 2381 3308 2444 egerat,
3332 2375 3389 2429 in
3415 2377 3591 2430 omni-

1946 2460 2050 2515 bus
2096 2461 2270 2530 ipsum
2313 2460 2715 2532 magniﬁcatum
2753 2475 2815 2516 ac
2856 2476 2956 2531 per
3001 2463 3184 2517 omnia
3238 2464 3590 2520 sublimatum

1949 2549 2150 2603 direxit
2199 2550 2584 2606 Mediolanum.
2625 2552 2758 2605 Cum
2787 2555 2966 2606 autem
2997 2552 3173 2607 Guido
3205 2554 3445 2608 venisset
3475 2556 3591 2609 Me-

1949 2637 2250 2703 diolanum,
2308 2640 2464 2706 cujus
2519 2638 2658 2693 fama
2724 2639 2930 2709 negotii
2999 2640 3161 2709 paulo
3214 2648 3341 2697 ante
3400 2642 3592 2697 urbem

1948 2726 2414 2796 supervolaverat,
2451 2740 2550 2781 usu
2589 2727 2815 2797 antiquo
2855 2742 2918 2782 ac
2955 2728 3203 2797 imperiis
3240 2731 3595 2799 imperatoris

1948 2815 2291 2884 urgentibus,
2333 2815 2635 2870 honorifice
2682 2830 2745 2870 ac
2802 2802 2997 2871 devote
3029 2816 3092 2847 ‘9’
3147 2800 3439 2888 susceptus
3487 2827 3590 2873 est.

1948 2904 2049 2970 Qui
2124 2919 2224 2972 per
2294 2904 2484 2974 viginti
2559 2905 2975 2960 Ambrosianum
3056 2906 3593 2976 archiepiscopatum

1951 2993 2174 3062 paciﬁce
2207 3007 2403 3063 regens
2439 3007 2634 3059 annos,
2668 3000 2831 3064 prout
2861 3001 3075 3064 tempus
3104 2996 3376 3066 exigebat,
3410 2998 3594 3052 omnia

205 3083 422 3154 quibus
471 3081 682 3149 electis,
735 3083 1002 3136 universae
1053 3082 1288 3136 civitatis
1336 3080 1562 3134 ordines
1608 3080 1759 3148 ipsos
1796 3060 2226 3138 adcelericalia
2272 3060 2336 3136 ac
2374 3060 2683 3138 saecularia
2707 3082 2886 3138 ofﬁcia
2934 3060 3221 3140 curialiter
3258 3099 3322 3139 ac
3362 3060 3590 3153 devote,

205 3173 607 3240 imperatorem
657 3171 973 3237 Henricum,
1007 3171 1100 3240 qui
1150 3169 1364 3224 noviter
1409 3172 1722 3223 surrexerat
1761 3180 1865 3222 no-

205 3261 471 3330 viterque
512 3259 772 3329 populum
805 3259 982 3329 ipsum
1013 3274 1044 3314 a
1083 3259 1345 3327 majorum
1379 3257 1628 3311 manibus
1667 3255 1869 3311 libera-

204 3354 386 3414 verat,
445 3362 654 3403 summa
711 3362 833 3404 cum
893 3347 1176 3418 diligentia
1234 3347 1589 3411 direxerunt;
1652 3352 1707 3399 et
1758 3344 1870 3398 hiis

203 3437 541 3506 imperatori
599 3437 1028 3506 repraesentatis,
1081 3435 1199 3506 ipse
1256 3436 1493 3490 discrete
1553 3433 1870 3503 provideret

203 3527 506 3584 consciliis
553 3527 782 3594 rimatis,
826 3534 1097 3597 quatenus
1145 3540 1310 3580 unum
1357 3525 1426 3579 de
1473 3523 1594 3578 istis
1631 3528 1869 3592 quatuor

203 3619 700 3688 archiepiscopum
748 3617 1046 3682 laudando,
1098 3615 1262 3669 anulo
1303 3621 1357 3668 et
1405 3615 1554 3683 virga
1605 3612 1867 3681 pastorali

202 3708 594 3773 confirmaret,
656 3721 818 3776 quem
884 3705 1260 3761 confirmatum
1320 3703 1465 3756 cives
1522 3702 1758 3770 majores
1815 3704 1870 3754 et

197 3798 463 3852 minores
519 3795 896 3850 indubitanter
934 3798 1206 3849 tenerent.
1265 3793 1487 3845 Factum
1537 3797 1621 3845 est
1663 3795 1865 3855 autem,

202 3885 370 3940 Wido
401 3885 761 3953 imperatoris
803 3883 976 3938 fretus
1020 3880 1336 3944 aminiculo,
1369 3880 1463 3948 qui
1495 3884 1549 3933 et
1579 3879 1696 3947 ipse
1726 3892 1866 3933 eon-

203 3974 440 4028 scilium
490 3986 748 4026 arcanum
788 3970 973 4026 domni
1023 3968 1298 4024 ileriberti
1347 3966 1642 4021 criminose
1689 3967 1870 4035 impe-

207 4063 387 4118 ratori
424 4061 819 4126 denudaverat,
851 4062 1003 4129 ipsos
1033 4072 1155 4113 cum
1189 4057 1376 4126 paucis
1405 4057 1734 4110 subsecutus
1763 4062 1865 4110 est.

205 4153 344 4207 Cum
389 4153 543 4207 enim
581 4153 637 4205 in
676 4150 827 4206 curia
866 4149 1036 4219 regali
1077 4147 1240 4203 electi
1282 4147 1542 4202 diacones
1579 4146 1869 4201 Widonem

207 4242 512 4307 vidissent,
563 4241 715 4295 taciti
763 4239 1098 4294 intrinsecus
1146 4238 1216 4294 ob
1274 4242 1491 4307 pactum
1549 4236 1698 4306 quod
1750 4236 1869 4306 ipse

206 4345 335 4385 cum
385 4332 726 4399 imperatore
775 4327 998 4393 fecerat,
1032 4326 1248 4396 singulo
1289 4326 1356 4380 de
1403 4340 1463 4380 se
1512 4326 1862 4395 desperante,

1950 3179 2008 3227 ut
2047 3187 2178 3227 suus
2225 3179 2564 3238 antecessor,
2607 3173 2886 3228 custodire
2935 3181 2989 3228 et
3045 3174 3394 3245 magniﬁcare
3443 3182 3595 3232 sata-

1948 3262 2084 3332 guit.
2133 3261 2234 3328 Qni
2281 3261 2429 3316 circa
2476 3262 2745 3317 secularia
2802 3262 3079 3332 colloquia
3135 3265 3477 3334 secretisque
3536 3267 3592 3321 in

1951 3350 2198 3406 consiliis
2247 3357 2480 3415 astutus,
2541 3351 2688 3405 circa
2741 3349 3069 3418 proferenda
3125 3352 3292 3406 verba
3329 3365 3459 3406 vero
3507 3351 3592 3406 fa-

1951 3440 2182 3503 cundus,
2225 3439 2280 3492 in
2311 3439 2510 3493 divinis
2540 3445 2720 3492 autem
2753 3452 3044 3506 perparum
3077 3439 3347 3495 eruditus.
3380 3441 3594 3496 Interea

1951 3526 2215 3582 ordinarii
2257 3539 2467 3590 omnes,
2523 3539 2663 3594 quos
2719 3524 2836 3593 ipse
2885 3525 3072 3579 multis
3127 3526 3412 3582 beneficiis
3458 3529 3597 3582 mul-

1950 3615 2131 3683 tisque
2163 3613 2467 3668 honoribus
2506 3627 2535 3667 a
2567 3611 2759 3667 dolore
2797 3612 2963 3665 animi
2995 3618 3050 3666 et
3083 3627 3113 3666 a
3153 3615 3408 3682 corporis
3445 3615 3595 3669 indi-

1950 3704 2230 3774 gnatione,
2273 3702 2474 3771 quibus
2520 3706 2680 3756 antea
2728 3701 2783 3754 in
2823 3701 2976 3755 curia
3025 3701 3194 3772 regali
3243 3701 3450 3758 famose
3489 3703 3594 3758 im-

1957 3792 2074 3848 buti
2121 3790 2356 3857 fuerant,
2391 3790 2584 3846 sedare
2628 3804 2691 3845 ac
2737 3790 2986 3860 mitigare
3035 3790 3256 3846 minime
3296 3792 3494 3861 potuit,
3537 3798 3597 3847 ut

1957 3881 2227 3937 desidium
2277 3895 2444 3950 super
2499 3880 2676 3949 ipsum
2727 3880 2926 3935 obnixe
2985 3886 3356 3948 exerceretur,
3413 3881 3596 3937 verbis

1951 3969 2260 4024 inhonestis
2317 3967 2566 4034 cottidie,
2622 3975 2801 4022 tamen
2861 3967 3047 4038 populi
3109 3970 3304 4024 timore
3359 3977 3594 4039 secrete,

1952 4059 2334 4115 detrahebant.
2388 4059 2445 4111 ln
2504 4062 2711 4112 tantum
2771 4058 2918 4113 enim
2983 4057 3205 4113 illorum
3263 4058 3428 4114 animi
3489 4061 3592 4128 ira,

1952 4148 2104 4213 odio,
2155 4147 2563 4215 ambitioneque
2629 4144 2941 4200 detestabili
2982 4154 3140 4202 erant
3178 4148 3394 4214 imbuti,
3445 4148 3596 4202 tabe-

1951 4241 2278 4306 scentesque
2335 4235 2664 4310 serviebant,
2706 4239 2766 4288 ut
2817 4234 3050 4302 quadam
3099 4235 3190 4289 die
3235 4250 3356 4290 cum
3399 4237 3466 4290 ad
3508 4251 3598 4291 ce-

1953 4326 2215 4382 lebranda
2280 4324 2463 4379 divina
2528 4321 2784 4392 mysteria
2850 4322 3078 4376 miriﬁce
3145 4323 3362 4387 ornati,
3432 4329 3598 4390 prout

208 4419 378 4490 hujus
420 4427 655 4475 eventus
702 4418 879 4473 rimati
929 4425 1074 4472 sunt.
1124 4416 1262 4483 Quid
1304 4415 1512 4470 multa?
1546 4418 1752 4470 Ventus
1781 4405 2152 4486 esthradus
2197 4413 2628 4481 uniuscujusque
2661 4409 2993 4480 postulabat,
3026 4423 3148 4463 cum
3188 4409 3309 4477 ipso
3347 4409 3596 4466 Guidone

207 4507 330 4564 dies
381 4514 628 4564 statutus
683 4506 798 4578 (an.
837 4505 990 4571 1045,
1023 4503 1129 4560 Jul.
1170 4505 1282 4570 l8),
1323 4505 1378 4558 in
1418 4517 1528 4572 quo
1567 4505 1868 4572 imperator

204 4598 700 4668 archiepiscopum
738 4595 853 4650 suis
899 4608 1021 4650 cum
1071 4593 1325 4649 omnibus
1373 4592 1697 4660 primatibus
1747 4593 1870 4647 lau-

205 4685 400 4743 dando
467 4685 838 4741 conﬁrmaret.
918 4685 1107 4751 Itaque
1167 4681 1433 4736 ordinarii
1484 4687 1539 4736 et
1595 4681 1867 4750 capitanei

205 4778 508 4845 ceterique
540 4789 638 4844 per
661 4776 872 4843 jussum
905 4771 1142 4826 civitatis
1171 4771 1263 4840 qui
1295 4784 1418 4825 cum
1463 4771 1598 4839 ipsis
1635 4771 1865 4838 iverant,

206 4879 334 4921 cum
367 4870 505 4919 ante
544 4861 892 4932 imperatoris
932 4860 1280 4930 praesentiam
1315 4859 1640 4927 astitissent,
1673 4867 1728 4915 et
1766 4874 1868 4916 ne-

204 4955 379 5024 gotiis
411 4952 600 5007 verbis
636 4950 1106 5015 Ioculentissimis,
1140 4955 1200 5004 ut
1231 4953 1423 5005 natura
1463 4948 1649 5015 dabat,
1684 4949 1872 5004 multis

204 5042 504 5113 episcopis
541 5047 597 5096 et
637 5040 962 5110 primatibus
1009 5039 1332 5104 astantibus,
1377 5044 1568 5093 ornate
1608 5037 1872 5093 denotas-

205 5138 357 5197 sent,
391 5128 524 5185 freti
555 5131 820 5199 majorum
852 5141 1075 5184 suorum
1096 5127 1455 5196 dignitatibus
1485 5132 1538 5181 et
1569 5127 1868 5196 consciliis,

1951 4509 2076 4558 ante
2116 4501 2291 4556 beata:
2349 4500 2530 4554 Mariae
2586 4499 2757 4553 altare
2805 4497 3047 4551 seriatim
3094 4497 3392 4563 venissent,
3453 4498 3594 4554 malo

1951 4604 2174 4647 suorum
2215 4588 2395 4644 omine
2444 4594 2498 4642 et
2555 4592 2902 4656 posterorum
2952 4591 3059 4640 tam
3118 4586 3383 4653 majorum
3432 4600 3592 4654 quam

1952 4679 2245 4744 minorum,
2279 4691 2401 4732 cum
2451 4689 2676 4731 suorum
2724 4676 2935 4730 veniam
2985 4662 3360 4742 peccaminum
3404 4689 3434 4729 a
3483 4677 3594 4731 Deo

1951 4767 2175 4824 summis
2231 4781 2352 4821 cum
2412 4765 2664 4835 Iacrymis
2720 4764 2861 4833 exigi
2930 4763 3226 4830 debebant,
3298 4763 3392 4818 Dei
3458 4764 3594 4819 iram

1952 4862 2338 4927 provocarunt.
2388 4857 2588 4911 Omnes
2644 4853 2789 4909 enim
2847 4850 3042 4908 relicto
3099 4851 3275 4906 solum
3323 4852 3595 4922 archiepi-

1953 4960 2122 5015 scopo
2192 4945 2348 5015 quasi
2415 4943 2696 4998 daemones
2752 4940 2958 4996 sanctis
3013 4941 3221 5010 sparsis
3278 4941 3598 4998 thimatibus

1953 5035 2243 5105 fugientes,
2304 5032 2508 5103 popqu
2566 5036 2849 5101 spectante
2907 5034 2961 5084 et
3016 5030 3249 5084 mirante
3317 5030 3593 5096 universo,

1955 5125 2217 5194 durisque
2284 5120 2808 5196 stibsannationibus
2873 5118 3171 5174 stridentes
3237 5125 3594 5175 evanuerunt.

1579 5295 1802 5349 νΑΡιΙίΕ
1841 5293 2122 5349 LECTION
2126 5292 2224 5346 ES.

279 5424 350 5455 ινδ
381 5425 468 5480 ita
507 5424 737 5479 correxit
765 5422 848 5478 Bl.
890 5423 946 5489 h,
979 5422 1016 5477 i.
1058 5421 1124 5476 ad
1156 5434 1318 5490 quem
1353 5419 1389 5476 f.
1423 5436 1474 5476 a.
1505 5423 1578 5477 A"
1597 5422 1717 5477 A**.
1751 5421 1808 5476 h.
1842 5421 1909 5476 ad

204 5497 359 5552 deest
388 5494 523 5551 A‘".
553 5495 636 5548 Bl.
668 5495 756 5565 qui
782 5497 1182 5565 scquensgcuput
1208 5492 1488 5565 secundum
1515 5494 1698 5565 dicunt,
1733 5499 1783 5548 et
1819 5494 1897 5548 sic
1924 5492 2184 5562 deinceps.

544 5565 608 5597 “7
647 5563 934 5637 quibus'B.
1010 5563 1245 5619 mdeest
1267 5565 1326 5618 Β.
1402 5563 1464 5593 “9
1495 5578 1545 5618 a.
1577 5564 1634 5618 d.
1667 5564 1809 5620 deest
1837 5566 1897 5619 Β.

206 5567 466 5638 piscopi.

1949 5434 2111 5490 quem
2142 5418 2179 5474 f.
2213 5418 2356 5490 a._B.
2408 5413 2496 5490 λδθῗ
2526 5412 2764 5490 Titulus:
2794 5412 3220 5490 Recapitulatio.
3271 5414 3375 5490 ῌίσ
3419 5412 3599 5490 titulus

2261 5487 2325 5519 ⁸⁸⁸
2359 5485 2592 5543 Titulus:
2637 5486 2709 5540 De
2758 5483 3029 5540 electione
3075 5484 3341 5540 Guidonis
3386 5485 3598 5541 archie-
