4022 6160
450 243 554 299 903

1529 232 1860 287 LANDULFI
1899 229 2430 286 MEDIOLANENSIS
2466 229 2728 284 CLERICI

3718 235 3826 288 904

445 391 562 456 Quo
600 384 769 450 facto,
812 382 1062 452 pluribus
1112 377 1346 450 perfusis
1391 374 1652 441 lacrimis,
1703 379 1866 443 prout
1915 371 2246 441 potuitAde
2287 370 2522 439 Badagio
2546 369 2609 401 “°’
2643 369 2791 442 (95),
2823 384 2986 440 quem
3031 371 3208 428 Guido
3256 373 3375 443 ipse
3413 375 3470 431 in
3507 376 3827 433 sacerdotio

445 476 622 534 Guido
673 471 918 544 mysterii
967 468 1269 537 solempnia
1317 463 1633 521 celebravit.
1689 465 1732 518 O
1788 461 1960 517 zelum
2001 475 2093 516 ne-

446 565 808 638 quissimum!
851 563 894 616 0
943 558 1145 614 invidia
1193 554 1607 611 crudelissima!
1660 553 1703 607 Ο
1740 551 1820 606 ira
1859 550 2092 606 scelera-

446 657 692 712 tissima!
755 656 833 707 An
890 648 1228 720 ignorabatis
1286 643 1594 699 Luciferum
1653 644 1868 712 ipsum,
1927 655 2088 710 quem

446 747 589 801 Deus
627 756 793 811 super
831 752 1019 794 omnes
1074 734 1299 806 angelos
1347 733 1599 799 scientia,
1645 731 1894 787 claritate
1945 736 2087 787 cete-

443 834 630 901 risque
706 827 1064 898 dignitatibus
1137 823 1568 885 sublimaverat,
1646 821 1812 875 nimia
1886 819 2087 873 invidia

444 920 673 976 honoris
733 916 828 971 Dei
886 913 1328 982 irrecupabiliter
1384 910 1695 966 cecidisse?
1751 908 1950 963 Saltem
2004 908 2084 962 vel

443 1009 590 1065 beati
637 1003 909 1062 Ambrosii
938 1003 1284 1070 (reverentia,
1337 1003 1494 1070 cujus
1541 998 1854 1054 cathedram
1903 1012 2088 1066 quam-

441 1099 522 1153 vis
551 1095 834 1164 indignum
867 1093 984 1162 ipse
1016 1091 1258 1160 regebat,
1289 1095 1343 1144 et
1363 1089 1748 1157 episcoporum
1781 1085 2085 1140 reverentia

442 1200 506 1240 ac
571 1183 824 1240 ordinum
890 1187 1194 1236 vestrorum
1259 1186 1312 1234 et
1369 1177 1619 1233 ecclesia:
1685 1176 1855 1231 totius
1911 1174 2082 1242 orbis,

441 1274 718 1344 animique
775 1272 944 1326 vestri
991 1271 1353 1324 intentionem
1403 1266 1690 1337 propalare
1741 1264 2081 1319 timuissetis.

439 1365 649 1420 Vestris
705 1361 851 1417 enim
919 1360 1160 1429 peccatis
1225 1357 1591 1428 exigentibus,
1659 1355 1786 1410 dum
1852 1353 2084 1423 putastis

441 1453 594 1508 illum
623 1451 957 1520 vituperare,
999 1462 1122 1503 cum
1171 1447 1291 1516 ipso
1341 1460 1452 1501 non
1502 1450 1627 1514 post
1676 1443 1902 1498 multum
1951 1449 2084 1496 tem-

441 1557 544 1612 pus
591 1541 710 1596 sine
758 1537 1136 1594 misericordia
1188 1536 1448 1591 cadentes
1496 1532 1919 1604 redarguemini.
1956 1533 2084 1586 Ver-

439 1629 673 1684 berastis
730 1627 882 1682 illum
938 1625 1120 1681 verbis
1176 1633 1231 1679 et
1295 1623 1817 1679 subsannationibus
1873 1620 2078 1686 multis,

2176 459 2340 529 paulo
2379 465 2505 515 ante
2554 465 2991 526 consecraverat,
3026 474 3218 517 omnes
3248 463 3474 526 ordines
3513 470 3621 519 tam
3656 467 3828 534 majo-

2175 564 2294 604 rum
2326 563 2486 618 quam
2536 549 2808 604 minorum
2857 550 3206 606 sacerdotum
3247 551 3318 606 ob
3353 553 3640 622 quandam
3696 555 3827 609 obe-

2175 639 2436 694 dientiam
2490 645 2814 694 cunctorum
2863 640 3158 708 ordinum,
3223 642 3529 698 communis
3577 646 3828 713 quamvis

2175 732 2458 797 parentum
2522 735 2577 783 et
2633 729 2716 784 sui
2784 744 3050 799 usurpare
3117 732 3397 800 querebat
3431 775 3445 797 ,
3524 733 3823 804 multisque

2173 818 2378 886 prmliis
2435 817 2726 873 inhoneste
2783 819 3115 875 sollicitabat
3148 820 3276 888 (96).
3326 823 3516 890 Itaque
3546 829 3606 877 ut
3646 824 3824 879 Guido

2171 907 2258 962 his
2313 907 2470 962 malis
2526 906 2687 962 ﬂnem
2745 908 3073 976 imponeret,
3125 913 3277 964 trans
3333 917 3551 966 montes
3607 911 3681 966 ad
3740 927 3826 968 re-

2168 1010 2290 1066 gem
2365 996 2574 1052 ducens
2645 997 2958 1052 Anselmum
2999 1041 3015 1064 ,
3093 1003 3154 1053 ut
3225 999 3344 1067 ipse
3419 999 3583 1068 hujus
3660 1015 3825 1055 causa

2167 1087 2374 1155 negotii
2451 1087 2687 1142 diserete
2755 1078 3051 1155 judicaret,
3118 1089 3373 1144 tetendit.
3442 1089 3684 1144 Tandem
3754 1092 3823 1145 ri-

2168 1176 2328 1230 matis
2387 1177 2624 1246 negotiis
2680 1176 2885 1243 multis,
2951 1177 3218 1232 conscilio
3285 1192 3416 1233 sane
3477 1193 3508 1232 a
3565 1179 3818 1235 Guidone

2165 1270 2416 1335 accepto,
2459 1273 2518 1320 ut
2557 1266 2748 1320 civitas
2796 1271 2910 1321 tota
2959 1281 3148 1336 pacem
3198 1267 3427 1323 haberet
3475 1268 3819 1332 diuturnam,

2167 1353 2261 1408 lite
2317 1354 2386 1408 ab
2441 1354 2697 1409 Anselmo
2758 1355 3118 1424 jurejurando
3185 1355 3445 1424 dimissa,
3519 1358 3825 1427 imperator

2165 1443 2542 1513 episcopatum
2600 1446 2901 1500 Lucensem
2931 1445 2981 1500 ei
3021 1445 3272 1500 attribuit
3304 1445 3440 1516 (97).
3491 1447 3624 1501 Erat
3673 1449 3816 1502 enim

2162 1532 2451 1588 Anselmus
2500 1534 2555 1587 in
2605 1548 2858 1590 sermone
2908 1540 3124 1604 potens,
3174 1535 3380 1590 divitiis
3426 1535 3684 1602 aflluens,
3726 1537 3817 1606 qui

2163 1628 2218 1676 et
2248 1622 2366 1690 ipse
2415 1628 2603 1677 sancta
2653 1623 2747 1677 Dei
2797 1623 3075 1693 evangelia
3115 1625 3261 1678 circa
3307 1629 3558 1694 tempora
3620 1639 3814 1680 conve-

441 1726 496 1774 et
531 1731 629 1772 vos
668 1715 1025 1786 popularibus
1081 1712 1310 1784 ﬂagellis
1355 1711 1776 1768 verberabimini
1835 1705 2377 1764 innume-Bnientia
2416 1710 2587 1779 polite
2618 1711 2823 1780 populo
2861 1712 3159 1768 reserando
3201 1713 3559 1782 praedicabat.
3594 1715 3815 1768 Factum

441 1805 729 1862 rabilibus.
801 1807 908 1860 Vos
972 1803 1288 1858 tabescente
1363 1801 1564 1856 invidia
1629 1799 1880 1856 voluistis
1953 1805 2078 1853 ante

441 1897 611 1951 Deum
675 1898 855 1949 vestra
912 1891 1161 1948 confiteri
1214 1896 1460 1961 peccata,
1519 1896 1573 1944 at
1619 1891 1761 1943 Deus
1805 1889 1942 1957 ipse,
1987 1887 2079 1956 qui

439 1984 596 2040 vobis
643 1997 752 2037 non
803 1986 1010 2051 parcet,
1051 1985 1230 2034 vestra
1270 1978 1538 2034 reserabit
1574 1977 1797 2047 ﬂagitia.
1840 1976 2083 2044 Reliqui-

439 2074 540 2128 stis
589 2077 827 2127 vestrum
877 2070 1353 2138 archiepiscopum
1403 2067 1469 2122 ad
1523 2066 1694 2121 altare
1735 2066 1832 2120 Dei
1881 2064 2079 2130 solum,

436 2169 498 2218 ut
527 2162 773 2231 apertius
802 2173 925 2214 eum
955 2159 1112 2214 malis
1141 2158 1351 2212 artibus
1391 2155 1812 2226 Opprimeretis;
1854 2159 1909 2208 et
1938 2155 2082 2209 Deus

439 2257 565 2306 ante
606 2251 900 2315 theatrum,
937 2247 1141 2318 populo
1181 2252 1391 2301 astante
1432 2244 1664 2311 crudeli,
1699 2243 1836 2298 male
1867 2247 2082 2312 aptatos

437 2339 784 2410 pessimeque
851 2342 1116 2392 tractatos
1169 2349 1267 2392 vos
1332 2333 1533 2390 frustra
1599 2345 1799 2388 nomen
1865 2331 2079 2387 Domini

433 2427 756 2484 invocantes
784 2425 1082 2495 relinquet.

505 2561 560 2618 4.
598 2559 710 2632 (3.)
759 2561 833 2614 Ea
870 2558 934 2589 ⁶⁰⁰
991 2561 1314 2626 tempestate
1367 2554 1463 2626 (an
1505 2553 1684 2620 .1050,
1721 2551 1885 2624 Apr.)
1931 2552 2080 2608 dom-

433 2663 537 2706 nus
577 2649 636 2680 ⁵⁰¹
696 2648 872 2704 Guido
939 2649 1127 2703 Romae
1184 2644 1327 2715 apud
1394 2645 1697 2698 Romanum
1764 2641 2079 2711 pontificem

429 2740 690 2804 Leonem,
759 2739 994 2807 ipsoque
1059 2738 1240 2790 Leone
1309 2732 1634 2789 conscilium
1705 2729 1891 2786 multi’s
1957 2744 2080 2785 cum

426 2827 705 2898 episcopis
763 2832 1010 2896 regente,
1062 2825 1158 2894 qui
1205 2829 1366 2878 antea
1419 2821 1602 2890 Papia;
1651 2820 1921 2890 synodum
1970 2819 2081 2874 cle-

428 2921 642 2971 menter
689 2914 1124 2975 eelebraverant,
1174 2915 1463 2965 accusatus
1511 2915 1614 2963 est.
1666 2909 1767 2974 Qui
1807 2921 1929 2962 cum
1969 2921 2082 2962 ma-

429 3004 650 3075 gniﬁce,
696 3001 884 3056 multis
921 2998 1264 3068 sapientibus
1311 2997 1529 3052 clericis
1574 3011 1637 3052 ac
1685 2997 2080 3052 strenuissimis

429 3091 697 3148 militibus
742 3090 1048 3144 honoratus
1075 3087 1158 3154 ⁸⁰¹,
1221 3087 1602 3142 accusationes
1649 3086 1802 3155 quasi
1854 3086 2077 3154 plumbo

430 3181 553 3250 ipso
602 3180 658 3234 in
707 3176 973 3234 conscilio
1013 3175 1201 3230 multis
1247 3189 1311 3230 ac
1359 3174 1592 3229 diversis
1637 3174 1943 3229 rationibus
1982 3188 2080 3244 0p-

430 3273 727 3340 pugnasset
755 3266 841 3333 ⁵⁰⁸,
893 3271 948 3320 et
1005 3270 1203 3320 cuneta
1262 3263 1568 3319 eanonibus
1622 3262 1854 3332 aliisque
1911 3277 2078 3334 argu-

429 3357 629 3413 mentis
694 3355 1042 3411 inimicorum
1108 3352 1338 3408 callidas
1410 3358 1723 3421 superasset
1797 3351 2074 3406 insidias:

365 3461 376 3471 ‘
432 3462 560 3504 ecce
607 3445 791 3502 subito
839 3444 954 3499 suis
992 3442 1388 3498 altercantibus
1425 3441 1744 3498 domesticis
1773 3447 1828 3497 et
1865 3441 2078 3496 archie-

432 3536 646 3607 piscopi
724 3532 1058 3589 Ravennatis
1090 3574 1104 3598 ,
1183 3535 1494 3587 asserentes
1569 3531 1716 3600 quod
1792 3532 2078 3586 Ravennas

431 3623 887 3694 archiepiscopus
952 3636 982 3676 a
1047 3621 1242 3676 dextro
1317 3619 1488 3675 latere
1554 3618 1845 3688 apostolici
1910 3635 2078 3689 super

431 3713 891 3769 Mediolanensem
933 3709 1126 3765 sedere
1165 3723 1382 3779 semper
1420 3709 1669 3774 deberet,
1702 3707 1903 3764 bellum
1944 3723 2074 3778 gra-

427 3802 706 3857 vissimum
765 3807 945 3855 ortum
1002 3793 1128 3854 est.
1164 3800 1281 3865 Quo
1341 3803 1587 3868 peracto,
1635 3799 1746 3852 Deo
1795 3804 2074 3852 annuente

427 3891 663 3948 ecclesia
718 3887 1074 3944 Ambrosiana
1134 3902 1234 3957 per
1296 3887 1598 3943 Guidonem
1655 3886 1844 3942 sedem
1901 3887 2074 3956 ipsam

425 3979 660 4036 viriliter
689 3977 910 4043 devicit,
938 3983 992 4032 et
1023 3976 1278 4046 religiose
1309 3976 1475 4031 hodie
1508 3982 1564 4031 et
1591 3989 1810 4045 semper
1841 3976 2071 4031 tenebit.

428 4071 494 4124 Et
549 4067 706 4122 miles
763 4066 984 4136 quidam
1041 4065 1330 4121 Anselmus
1387 4066 1630 4132 nomine,
1671 4065 1798 4120 dum
1836 4065 2075 4136 graviter

424 4157 481 4212 in
512 4157 725 4212 honore
756 4155 851 4211 Dei
895 4161 951 4211 et
997 4155 1144 4210 beati
1193 4154 1464 4210 Ambrosii
1502 4154 1649 4210 bello
1689 4154 1744 4209 in
1783 4153 1879 4209 illo
1911 4167 2072 4209 manu

422 4247 480 4302 in
510 4246 737 4301 dextera
768 4245 1086 4301 vulneratus
1123 4242 1338 4311 luisset,
1366 4245 1441 4299 ita
1481 4249 1539 4299 ut
1569 4249 1758 4312 aperte
1797 4243 2074 4310 amitteret

419 4335 594 4404 ipsam
646 4334 819 4389 altera
847 4333 937 4389 die
987 4333 1213 4390 omnino
1260 4331 1554 4389 incolumis
1604 4331 1750 4388 beati
1795 4330 2068 4388 Ambrosii

418 4424 630 4479 meritis
658 4423 931 4493 apparuit.

2164 1805 2247 1854 est
2277 1806 2478 1866 autem,
2521 1814 2644 1855 cum
2681 1800 2969 1856 Anselmus
3015 1804 3258 1857 Lucense
3290 1801 3570 1857 frueretur
3601 1804 3818 1872 episco-

2165 1892 2314 1955 patu,
2345 1888 2520 1943 Guido
2559 1894 2767 1958 septem
2809 1889 3071 1945 diacones
3101 1889 3168 1944 ad
3208 1903 3349 1960 opus
3388 1891 3689 1947 ministerii
3722 1893 3812 1946 Dei

2165 1981 2220 2029 et
2271 1976 2682 2045 praedicationis
2720 1980 2839 2048 ejus
2887 1993 2986 2048 per
3017 1979 3199 2034 omnia
3245 1980 3527 2048 sapientes
3569 1981 3811 2051 bonique

2166 2065 2463 2121 testimonii
2495 2067 2872 2123 consecrando
2919 2067 3104 2138 elegit.
3142 2070 3207 2123 Et
3245 2069 3460 2139 singulo
3495 2084 3597 2138 per
3636 2071 3813 2137 singu-

2164 2153 2268 2207 lam
2319 2155 2646 2211 dominicam
2687 2156 2754 2211 de
2785 2157 3021 2212 adventu
3070 2157 3405 2213 lucidissime
3449 2159 3809 2228 prmdicante,

2165 2241 2328 2311 hujus
2347 2242 2411 2273 ⁵⁰⁶
2449 2245 2528 2298 rei
2558 2243 2696 2299 fama
2727 2245 2794 2299 ad
2836 2247 3134 2300 Lucensem
3182 2246 3498 2301 Anselmum
3547 2248 3807 2302 volitavit.

2163 2332 2318 2397 Quod
2369 2333 2484 2402 ipse
2538 2335 2768 2389 audiens
2817 2334 3169 2390 ineﬂ'abiliter
3216 2334 3534 2406 indignatus
3581 2352 3812 2407 seseque

2165 2422 2321 2490 quasi
2367 2421 2453 2477 leo
2503 2424 2900 2495 perstringens,
2933 2425 3192 2494 intusque
3240 2431 3490 2491 extuans,
3524 2427 3607 2480 ira
3650 2434 3807 2496 atque

2165 2510 2296 2565 odio
2346 2509 2545 2566 ductus
2591 2519 2696 2579 est,
2731 2519 2786 2568 et
2832 2514 2988 2582 quasi
3038 2527 3164 2569 ursa
3210 2514 3266 2568 in
3317 2529 3479 2570 cavea
3529 2517 3811 2571 ruminans

2163 2599 2330 2653 verba
2378 2613 2489 2654 non
2535 2601 2910 2670 intelligibilia
2959 2601 3240 2658 fundebat.
3293 2605 3596 2673 Propterea
3648 2605 3808 2660 nimio

2165 2693 2472 2744 commotus
2532 2690 2730 2746 ardore
2804 2691 3172 2746 secretissime
3240 2706 3360 2747 cum
3436 2693 3635 2762 paucis
3700 2709 3808 2749 sua:

2165 2777 2320 2831 urbis
2367 2777 2586 2833 clericis
2634 2780 2689 2833 in
2739 2779 2828 2834 die
2861 2779 2965 2847 (98)
3016 2794 3126 2848 quo
3181 2781 3356 2835 sancti
3412 2782 3646 2836 Joannis
3692 2797 3810 2837 sen-

2164 2865 2337 2920 tentia
2387 2884 2414 2916 «
2463 2867 2523 2920 ln
2563 2867 2836 2936 principio
2877 2872 2994 2922 erat
3031 2868 3288 2934 Verbum,
3323 2875 3377 2923 et
3414 2869 3657 2924 Verbum
3698 2876 3804 2925 erat

2164 2954 2309 3023 apud
2357 2955 2547 3021 Deum,
2598 2963 2653 3010 et
2703 2957 2846 3010 Deus
2893 2961 3010 3010 erat
3066 2956 3384 3022 Verbum,»
3435 2957 3544 3012 hoc
3604 2959 3803 3028 populo

2102 3035 2491 3112 Gclericisque
2558 3044 2813 3099 omnibus
2881 3044 3266 3114 exponendum
3332 3046 3694 3113 tractabatur,
3753 3049 3806 3102 in

2162 3131 2395 3187 ecclesia
2442 3133 2659 3203 yemali,
2701 3133 2857 3202 quasi
2906 3134 3008 3188 sub
3051 3134 3274 3190 occulto
3322 3133 3459 3190 facie
3504 3136 3573 3190 ad
3616 3135 3805 3192 faciem

2160 3221 2266 3291 ipsi
2317 3223 2669 3291 praedicatori
2717 3237 2837 3278 sese
2868 3222 3167 3278 ostendens
3213 3223 3450 3279 advenit.
3507 3226 3586 3280 Eo
3618 3225 3674 3280 in
3720 3226 3805 3282 die

2159 3311 2481 3368 Ambrosius
2537 3312 2722 3379 Biﬂ'us,
2781 3313 2936 3382 quasi
3001 3313 3267 3379 biﬂ‘arius,
3336 3313 3586 3369 biﬂ'arius
3653 3316 3802 3384 quasi

2159 3399 2287 3454 bina
2339 3401 2617 3470 colloquia
2663 3403 2849 3456 Graeca
2879 3407 2934 3456 et
2981 3402 3172 3457 Latina
3219 3399 3384 3458 fando
3433 3403 3612 3472 ipsius
3651 3419 3804 3459 evan-

2158 3487 2286 3559 gelii
2331 3490 2632 3545 sententias
2670 3491 2971 3546 secundum
3002 3491 3262 3547 doctores
3298 3498 3540 3559 sanctos,
3575 3494 3799 3548 maxime

2158 3577 2461 3632 secundum
2545 3579 2690 3633 beati
2780 3579 3052 3634 Ambrosii
3144 3579 3491 3649 disciplinam
3577 3582 3798 3637 miriﬁce

2160 3667 2468 3732 tractando,
2502 3668 2690 3722 Graeca
2737 3668 2925 3722 Latine
2974 3668 3324 3737 exponendo,
3365 3675 3646 3740 tamquam
3695 3685 3793 3726 non

2157 3760 2217 3809 ut
2276 3754 2439 3810 homo
2506 3756 2794 3824 tractabat,
2855 3756 2951 3811 sed
3006 3757 3162 3826 quasi
3209 3758 3435 3828 angelus
3492 3760 3792 3814 nuntiabat.

2157 3844 2273 3898 Hoc
2314 3844 2602 3900 Anselmus
2632 3845 2783 3900 vultu
2833 3844 3089 3914 pallidus,
3122 3847 3202 3901 ira
3251 3847 3469 3913 lividus,
3504 3847 3671 3903 labiis
3698 3856 3794 3903 tre-

2155 3931 2355 3999 mulus,
2387 3933 2627 3988 animum
2673 3933 2872 3988 iterum
2919 3935 3228 4004 iterumque
3276 3937 3585 4004 revolvens,
3621 3938 3791 3993 omnia

2155 4025 2336 4075 tamen
2403 4021 2587 4076 audita
2644 4021 3007 4089 adnichilans,
3074 4023 3190 4078 suis
3245 4029 3504 4093 receptus
3557 4025 3787 4090 clericis,

2156 4109 2375 4164 domum
2434 4112 2666 4166 nativam
2727 4112 2983 4168 omnibus
3015 4112 3200 4182 .hujus
3257 4112 3409 4168 urbis
3465 4113 3691 4170 clericis
3729 4114 3788 4169 de

2155 4209 2221 4252 eo
2270 4199 2492 4254 omnino
2551 4199 2935 4270 ignorantibus
2990 4200 3289 4270 repedavit.
3347 4203 3415 4256 At
3467 4202 3660 4260 clerici
3705 4203 3790 4274 qui

2153 4299 2274 4341 cum
2343 4287 2466 4357 ipso
2527 4296 2820 4355 venerant,
2882 4291 3199 4360 ignorantes
3263 4291 3382 4360 ejus
3433 4293 3790 4358 voluntatem,

2085 4367 2320 4430 DDeum
2377 4382 2432 4432 et
2497 4377 2717 4433 beatum
2776 4379 3122 4434 Ambrosium
3185 4378 3569 4437 collaudantes
3635 4397 3792 4453 super

2149 4464 2258 4520 hiis
2295 4481 2420 4535 quae
2482 4467 2788 4533 audierant,
2848 4467 3173 4524 mirabiliter
3227 4469 3481 4524 admirati
3541 4479 3695 4538 sunt,
3740 4477 3789 4526 et

488 4554 546 4609 5.
583 4553 690 4625 (4.)
753 4556 866 4623 Qua
895 4553 960 4585 ³⁰⁶
1016 4557 1343 4624 tempestate
1395 4552 1512 4624 (an.
1558 4551 1719 4624 1057)
1777 4551 2066 4609 Ansehnus
2147 4568 2425 4625 nunquam
2484 4562 2594 4612 tam
2662 4556 2906 4626 plenarie
2959 4557 3027 4613 de
3075 4557 3278 4614 deitate
3336 4565 3391 4613 et
3454 4559 3787 4617 humanitate

1766 4661 1989 4714 VARle
2047 4660 2328 4716 LECTION
2333 4664 2430 4718 ES.

1768 4665 1989 4714 VARIzE
2047 4665 2430 4719 LECTIONES.

488 4749 553 4781 ⁶⁰⁰
587 4749 826 4806 Titulus:
869 4751 944 4804 De
975 4749 1334 4806 altercatione
1372 4749 1522 4804 sedis
1549 4748 1922 4803 Ambrosianaz
1949 4754 2003 4802 et
2029 4750 2379 4806 Ravennatis.
2412 4752 2498 4806 Αἵ
2533 4753 2606 4807 De
2646 4766 2677 4806 a
2714 4755 2776 4807 A.
2811 4751 3043 4808 ecclesie
3075 4759 3129 4809 et
3158 4755 3222 4809 R.
3256 4754 3310 4808 in
3341 4755 3495 4810 curia
3525 4756 3780 4812 Romana.

418 4822 478 4876 B.
511 4821 594 4876 Βι.
637 4824 711 4877 De
750 4821 984 4877 ecclesia
1020 4821 1378 4876 Ambrosiana
1409 4827 1463 4876 et
1493 4820 1792 4874 Ravennati
1839 4821 1893 4874 in
1934 4820 2212 4875 audientia
2253 4823 2514 4878 Romana.
2546 4824 2667 4878 A“.

1564 4891 1627 4921 δοῖ
1660 4891 1880 4966 Τξιιιιωη
1919 4891 2117 4966 addu_nt
2151 4912 2163 4946 :
2205 4893 2422 4949 Initium
2464 4893 3154 4966 discidiiltiediolanensis
3203 4891 3451 4953 ecclesiae
3500 4891 3614 4966 quo
3661 4899 3778 4954 uni-

418 4907 492 4948 m.
535 4894 718 4948 desunt
755 4893 852 4948 A‘.
953 4891 1018 4924 ⁵⁰³
1049 4892 1372 4961 opitulasset
1397 4893 1487 4947 A*.

2746 4824 2803 4855 ⁵⁰¹
2837 4825 2979 4879 deest
3008 4826 3071 4880 B.
3148 4823 3210 4856 ⁸⁰¹
3240 4825 3295 4880 h.
3331 4841 3379 4880 a.
3409 4841 3466 4895 q.
3501 4841 3556 4896 p.
3594 4829 3631 4882 i.
3665 4829 3699 4882 i.
3731 4842 3777 4882 c.

416 4978 615 5038 versus
636 4965 814 5038 Latini
855 4964 1007 5019 orbis
1037 4963 1175 5020 ordo
1205 4963 1613 5038 ecclesiasticus
1636 4962 1974 5038 dilaceratus
2021 4963 2088 5017 ab
2128 4965 2394 5032 ypoeritis
2423 4962 2874 5038 et'conculcatus
2919 4982 2949 5022 a
2994 4968 3169 5033 laicis,
3221 4962 3534 5038 margaritis
3567 4971 3779 5038 precia-

419 5034 651 5110 sissimis
681 5037 997 5110 litterarum
1015 5041 1347 5110 sanctarum,
1381 5034 1722 5110 illicite_sine
1751 5048 1848 5102 spe
1888 5039 2441 5110 oppressusiest._A*_.
2474 5037 2717 5104 Qualiter
2744 5039 3030 5094 Anselmus
3059 5040 3127 5095 de
3155 5034 3388 5110 Badagio
3411 5055 3478 5095 ex
3503 5034 3776 5096 ordinario

420 5106 669 5162 ecclesiae
709 5107 1002 5164 Mediolani
1031 5106 1208 5162 factus
1237 5108 1532 5177 episcopus
1579 5107 1846 5177 Lucanus,
1893 5105 2155 5161 sollicitat
2194 5107 2512 5163 Landulfum
2561 5116 2616 5164 et
2660 5111 2960 5177 Arialdum,
3014 5118 3071 5166 ut
3110 5105 3366 5168 uxores'a
3404 5113 3778 5168 sacerdotibus

419 5179 752 5248 separandas
791 5179 1178 5250 praedicarent.
1210 5175 1330 5234 A“.
1370 5175 1446 5234 ΒΣ
1471 5177 1554 5233 Βι.
1631 5175 1693 5208 ⁵⁰⁵
1722 5179 1852 5232 Ans.
1884 5177 2078 5248 Badagl

2163 5178 2236 5234 sis
2255 5182 2314 5234 Β.
2391 5180 2454 5210 ⁵⁰⁶
2482 5180 2796 5249 hujusmodi
2834 5183 2893 5237 Β.

1993 5278 2211 5334 NOTAE.

494 5363 616 5504 €953
657 5367 880 5437 Baggio,
908 5367 1063 5438 juxta
1091 5365 1310 5422 Mediol.
1339 5365 1407 5421 ad
1439 5364 1802 5448 occidentem.

521 5435 591 5488 96
658 5438 873 5494 Similes
928 5438 996 5494 de
1054 5440 1172 5504 ejus
1223 5437 1561 5504 fratrumque
1606 5436 1802 5492 vrolenl

521 5435 616 5507 96)
658 5435 873 5494 Similes
911 5435 996 5494 'de
1054 5440 1172 5508 ejus
1223 5437 1561 5508 fratrumque
1606 5436 1867 5493 violentia
1921 5445 2056 5508 que-

417 5503 563 5562 relas
591 5503 823 5577 profert
876 5503 1174 5566 Ardericus
1217 5509 1388 5565 abbas
1433 5503 1489 5566 SI
1519 5508 1758 5565 Victoris
1793 5509 1851 5564 in
1888 5503 2050 5579 epist.

2137 5367 2281 5436 apud
2313 5367 2456 5423 Giul.
2485 5369 2577 5434 lll,
2603 5368 2727 5425 538.

2230 5438 2320 5502 97)
2361 5453 2410 5494 a.
2450 5438 2604 5496 1057.

2230 5439 2320 5502 97)
2361 5453 2410 5494 a.
2450 5439 2604 5496 1057.

2206 5439 2316 5580 $98)
2357 5509 2411 5566 d.
2444 5509 2516 5564 25
2541 5513 2669 5568 Dec.
