  <div class='ocr_page' id='page_1' title='image "/cluster/home/n/w/nwhite01/storage/ocr_20150623/147/hvd.32044073505281/459.png"; bbox 0 0 4022 6160; ppageno 0'>
   <div class='ocr_carea' id='block_1_1' title="bbox 587 247 3794 323">
    <p class='ocr_par' dir='ltr' id='par_1_1' title="bbox 587 247 3794 323">
     <span class='ocr_line' id='line_1_1' title="bbox 587 247 3794 323; baseline 0.002 -20"><span class='ocrx_word' id='word_1_1' title='bbox 587 255 691 309; x_wconf 88' lang='lat'><strong>907</strong></span> <span class='ocrx_word' id='word_1_2' title='bbox 1674 249 2006 305; x_wconf 67' lang='lat' dir='ltr'><strong>LANDULFI</strong></span> <span class='ocrx_word' id='word_1_3' title='bbox 2045 247 2576 304; x_wconf 77' lang='lat' dir='ltr'><strong>MEDIOLANENSIS</strong></span> <span class='ocrx_word' id='word_1_4' title='bbox 2610 250 2874 308; x_wconf 81' lang='lat' dir='ltr'><strong>CLERICI</strong></span> <span class='ocrx_word' id='word_1_5' title='bbox 3724 268 3794 323; x_wconf 55' lang='grc' dir='ltr'><strong>ας</strong></span> 
     </span>
    </p>
   </div>
   <div class='ocr_carea' id='block_1_2' title="bbox 579 372 3794 460">
    <p class='ocr_par' dir='ltr' id='par_1_2' title="bbox 579 372 3794 460">
     <span class='ocr_line' id='line_1_2' title="bbox 579 372 3794 460; baseline 0.004 -26"><span class='ocrx_word' id='word_1_6' title='bbox 579 379 880 446; x_wconf 79' lang='lat' dir='ltr'><strong>mentitur;</strong></span> <span class='ocrx_word' id='word_1_7' title='bbox 920 379 1018 434; x_wconf 92' lang='lat' dir='ltr'><strong>sed</strong></span> <span class='ocrx_word' id='word_1_8' title='bbox 1049 377 1118 433; x_wconf 93' lang='lat' dir='ltr'><strong>de</strong></span> <span class='ocrx_word' id='word_1_9' title='bbox 1149 377 1296 432; x_wconf 92' lang='lat' dir='ltr'><strong>omni</strong></span> <span class='ocrx_word' id='word_1_10' title='bbox 1334 375 1502 430; x_wconf 91' lang='lat' dir='ltr'><strong>verbo</strong></span> <span class='ocrx_word' id='word_1_11' title='bbox 1550 374 1729 429; x_wconf 93' lang='lat' dir='ltr'><strong>otioso</strong></span> <span class='ocrx_word' id='word_1_12' title='bbox 1769 373 2040 428; x_wconf 73' lang='lat' dir='ltr'><strong>reddituri</strong></span> <span class='ocrx_word' id='word_1_13' title='bbox 2088 372 2634 432; x_wconf 84' lang='lat' dir='ltr'><strong>estisAconculcent</strong></span> <span class='ocrx_word' id='word_1_14' title='bbox 2665 388 2757 429; x_wconf 88' lang='lat' dir='ltr'><strong>eas</strong></span> <span class='ocrx_word' id='word_1_15' title='bbox 2786 375 3020 444; x_wconf 89' lang='lat' dir='ltr'><strong>pedibus</strong></span> <span class='ocrx_word' id='word_1_16' title='bbox 3054 378 3186 446; x_wconf 88' lang='lat' dir='ltr'><strong>suis,</strong></span> <span class='ocrx_word' id='word_1_17' title='bbox 3218 386 3270 435; x_wconf 89' lang='lat' dir='ltr'><strong>et</strong></span> <span class='ocrx_word' id='word_1_18' title='bbox 3303 386 3523 439; x_wconf 82' lang='lat' dir='ltr'><strong>conversi</strong></span> <span class='ocrx_word' id='word_1_19' title='bbox 3547 388 3794 460; x_wconf 80' lang='lat' dir='ltr'><strong>disrumpaut</strong></span> 
     </span>
    </p>
   </div>
   <div class='ocr_carea' id='block_1_3' title="bbox 577 460 3795 550">
    <p class='ocr_par' dir='ltr' id='par_1_3' title="bbox 577 460 3795 550">
     <span class='ocr_line' id='line_1_3' title="bbox 577 460 3795 550; baseline 0.007 -37"><span class='ocrx_word' id='word_1_20' title='bbox 577 469 890 524; x_wconf 73' lang='lat' dir='ltr'><strong>rationem?</strong></span> <span class='ocrx_word' id='word_1_21' title='bbox 931 465 1145 538; x_wconf 82' lang='lat' dir='ltr'><strong>(Matth.</strong></span> <span class='ocrx_word' id='word_1_22' title='bbox 1187 481 1283 530; x_wconf 87' lang='lat' dir='ltr'><strong>xu,</strong></span> <span class='ocrx_word' id='word_1_23' title='bbox 1323 462 1441 533; x_wconf 91' lang='lat'><strong>36.)</strong></span> <span class='ocrx_word' id='word_1_24' title='bbox 1477 481 1505 513; x_wconf 87' lang='lat'>»</span> <span class='ocrx_word' id='word_1_25' title='bbox 1545 462 1702 528; x_wconf 88' lang='lat' dir='ltr'><strong>Quod</strong></span> <span class='ocrx_word' id='word_1_26' title='bbox 1740 460 1786 515; x_wconf 87' lang='lat' dir='ltr'><strong>si</strong></span> <span class='ocrx_word' id='word_1_27' title='bbox 1815 461 1878 491; x_wconf 77' lang='grc'><strong>⁸¹⁸</strong></span> <span class='ocrx_word' id='word_1_28' title='bbox 1907 461 1983 515; x_wconf 91' lang='lat' dir='ltr'><strong>ita</strong></span> <span class='ocrx_word' id='word_1_29' title='bbox 2012 466 2116 526; x_wconf 91' lang='lat' dir='ltr'><strong>est,</strong></span> <span class='ocrx_word' id='word_1_30' title='bbox 2148 460 2216 515; x_wconf 89' lang='lat' dir='ltr'><strong>de</strong></span> <span class='ocrx_word' id='word_1_31' title='bbox 2302 474 2400 550; x_wconf 87' lang='lat' dir='ltr'><strong>vos</strong></span> <span class='ocrx_word' id='word_1_32' title='bbox 2439 461 2648 532; x_wconf 82' lang='lat' dir='ltr'><strong>(Matth.</strong></span> <span class='ocrx_word' id='word_1_33' title='bbox 2682 479 2781 530; x_wconf 83' lang='lat' dir='ltr'><strong>vn,</strong></span> <span class='ocrx_word' id='word_1_34' title='bbox 2829 463 2906 534; x_wconf 93' lang='lat'><strong>6).</strong></span> <span class='ocrx_word' id='word_1_35' title='bbox 2949 486 2975 514; x_wconf 80' lang='grc'>››</span> <span class='ocrx_word' id='word_1_36' title='bbox 3029 467 3314 537; x_wconf 79' lang='lat' dir='ltr'><strong>Karissimi,</strong></span> <span class='ocrx_word' id='word_1_37' title='bbox 3354 472 3515 528; x_wconf 92' lang='lat' dir='ltr'><strong>videte</strong></span> <span class='ocrx_word' id='word_1_38' title='bbox 3558 478 3664 544; x_wconf 89' lang='lat' dir='ltr'><strong>quid</strong></span> <span class='ocrx_word' id='word_1_39' title='bbox 3697 483 3795 550; x_wconf 80' lang='lat' dir='ltr'><strong>Apo-</strong></span> 
     </span>
    </p>
   </div>
   <div class='ocr_carea' id='block_1_4' title="bbox 575 549 3794 633">
    <p class='ocr_par' dir='ltr' id='par_1_4' title="bbox 575 549 3794 633">
     <span class='ocr_line' id='line_1_4' title="bbox 575 549 3794 633; baseline 0.003 -21"><span class='ocrx_word' id='word_1_40' title='bbox 575 557 797 627; x_wconf 88' lang='lat' dir='ltr'><strong>quantis</strong></span> <span class='ocrx_word' id='word_1_41' title='bbox 825 556 983 612; x_wconf 89' lang='lat' dir='ltr'><strong>malis</strong></span> <span class='ocrx_word' id='word_1_42' title='bbox 1015 553 1340 625; x_wconf 91' lang='lat' dir='ltr'><strong>juramentis</strong></span> <span class='ocrx_word' id='word_1_43' title='bbox 1395 567 1458 607; x_wconf 89' lang='lat' dir='ltr'><strong>ac</strong></span> <span class='ocrx_word' id='word_1_44' title='bbox 1514 551 1671 605; x_wconf 90' lang='lat' dir='ltr'><strong>malis</strong></span> <span class='ocrx_word' id='word_1_45' title='bbox 1707 551 1890 606; x_wconf 84' lang='lat' dir='ltr'><strong>verbis</strong></span> <span class='ocrx_word' id='word_1_46' title='bbox 1946 550 2219 605; x_wconf 82' lang='lat' dir='ltr'><strong>reddituri</strong></span> <span class='ocrx_word' id='word_1_47' title='bbox 2300 549 2476 604; x_wconf 92' lang='lat' dir='ltr'><strong>stolus</strong></span> <span class='ocrx_word' id='word_1_48' title='bbox 2541 550 2757 618; x_wconf 90' lang='lat' dir='ltr'><strong>clamat,</strong></span> <span class='ocrx_word' id='word_1_49' title='bbox 2816 552 3007 609; x_wconf 90' lang='lat' dir='ltr'><strong>dicens</strong></span> <span class='ocrx_word' id='word_1_50' title='bbox 3066 575 3090 604; x_wconf 75' lang='grc' dir='ltr'>α</span> <span class='ocrx_word' id='word_1_51' title='bbox 3143 557 3196 612; x_wconf 90' lang='lat' dir='ltr'><strong>Si</strong></span> <span class='ocrx_word' id='word_1_52' title='bbox 3232 558 3442 615; x_wconf 85' lang='lat' dir='ltr'><strong>invicem</strong></span> <span class='ocrx_word' id='word_1_53' title='bbox 3498 549 3794 633; x_wconf 39' lang='grc' dir='ltr'><strong>ωσι-(ἰθύς,γώ</strong></span> 
     </span>
    </p>
   </div>
   <div class='ocr_carea' id='block_1_5' title="bbox 576 638 3796 720">
    <p class='ocr_par' dir='ltr' id='par_1_5' title="bbox 576 638 3796 720">
     <span class='ocr_line' id='line_1_5' title="bbox 576 638 3796 720; baseline 0.002 -18"><span class='ocrx_word' id='word_1_54' title='bbox 576 649 710 702; x_wconf 89' lang='lat' dir='ltr'><strong>estis</strong></span> <span class='ocrx_word' id='word_1_55' title='bbox 740 647 1046 702; x_wconf 89' lang='lat' dir='ltr'><strong>rationem!</strong></span> <span class='ocrx_word' id='word_1_56' title='bbox 1089 645 1143 698; x_wconf 91' lang='lat' dir='ltr'><strong>Si</strong></span> <span class='ocrx_word' id='word_1_57' title='bbox 1172 643 1301 699; x_wconf 91' lang='lat' dir='ltr'><strong>odio</strong></span> <span class='ocrx_word' id='word_1_58' title='bbox 1332 641 1517 710; x_wconf 91' lang='lat' dir='ltr'><strong>aliquo</strong></span> <span class='ocrx_word' id='word_1_59' title='bbox 1557 639 1786 706; x_wconf 85' lang='lat' dir='ltr'><strong>fecistis,</strong></span> <span class='ocrx_word' id='word_1_60' title='bbox 1838 638 2038 694; x_wconf 85' lang='lat' dir='ltr'><strong>frustra</strong></span> <span class='ocrx_word' id='word_1_61' title='bbox 2070 639 2220 693; x_wconf 89' lang='lat' dir='ltr'><strong>labo-</strong></span> <span class='ocrx_word' id='word_1_62' title='bbox 2300 639 2533 694; x_wconf 87' lang='lat' dir='ltr'><strong>invicem</strong></span> <span class='ocrx_word' id='word_1_63' title='bbox 2574 643 2973 698; x_wconf 90' lang='lat' dir='ltr'><strong>consumcmiui</strong></span> <span class='ocrx_word' id='word_1_64' title='bbox 3006 643 3144 712; x_wconf 85' lang='lat' dir='ltr'><strong>(Gal.</strong></span> <span class='ocrx_word' id='word_1_65' title='bbox 3176 661 3228 712; x_wconf 87' lang='lat' dir='ltr'><strong>v,</strong></span> <span class='ocrx_word' id='word_1_66' title='bbox 3282 647 3390 718; x_wconf 84' lang='lat'><strong>15);</strong></span> <span class='ocrx_word' id='word_1_67' title='bbox 3435 657 3484 705; x_wconf 92' lang='lat' dir='ltr'><strong>et</strong></span> <span class='ocrx_word' id='word_1_68' title='bbox 3533 653 3643 720; x_wconf 92' lang='lat' dir='ltr'><strong>quid</strong></span> <span class='ocrx_word' id='word_1_69' title='bbox 3680 655 3728 710; x_wconf 85' lang='lat' dir='ltr'><strong>de</strong></span> <span class='ocrx_word' id='word_1_70' title='bbox 3763 666 3796 713; x_wconf 83' lang='lat' dir='ltr'><strong>te</strong></span> 
     </span>
    </p>
   </div>
   <div class='ocr_carea' id='block_1_6' title="bbox 577 727 3796 806">
    <p class='ocr_par' dir='ltr' id='par_1_6' title="bbox 577 727 3796 806">
     <span class='ocr_line' id='line_1_6' title="bbox 577 727 3796 806; baseline 0.002 -15"><span class='ocrx_word' id='word_1_71' title='bbox 577 737 731 802; x_wconf 92' lang='lat' dir='ltr'><strong>ratis,</strong></span> <span class='ocrx_word' id='word_1_72' title='bbox 766 736 833 791; x_wconf 91' lang='lat' dir='ltr'><strong>de</strong></span> <span class='ocrx_word' id='word_1_73' title='bbox 865 748 973 803; x_wconf 92' lang='lat' dir='ltr'><strong>quo</strong></span> <span class='ocrx_word' id='word_1_74' title='bbox 1006 748 1104 802; x_wconf 88' lang='lat' dir='ltr'><strong>per</strong></span> <span class='ocrx_word' id='word_1_75' title='bbox 1150 731 1488 802; x_wconf 83' lang='lat' dir='ltr'><strong>evangelium</strong></span> <span class='ocrx_word' id='word_1_76' title='bbox 1528 731 1790 785; x_wconf 88' lang='lat' dir='ltr'><strong>Dominus</strong></span> <span class='ocrx_word' id='word_1_77' title='bbox 1837 729 2008 784; x_wconf 86' lang='lat' dir='ltr'><strong>dicit:</strong></span> <span class='ocrx_word' id='word_1_78' title='bbox 2063 747 2092 780; x_wconf 86' lang='lat'>«</span> <span class='ocrx_word' id='word_1_79' title='bbox 2139 730 2216 782; x_wconf 90' lang='lat' dir='ltr'><strong>Tu</strong></span> <span class='ocrx_word' id='word_1_80' title='bbox 2299 727 2496 784; x_wconf 90' lang='lat' dir='ltr'><strong>doctor</strong></span> <span class='ocrx_word' id='word_1_81' title='bbox 2557 731 2850 799; x_wconf 84' lang='lat' dir='ltr'><strong>Gregorius</strong></span> <span class='ocrx_word' id='word_1_82' title='bbox 2914 731 3104 788; x_wconf 85' lang='lat' dir='ltr'><strong>dicat:</strong></span> <span class='ocrx_word' id='word_1_83' title='bbox 3176 753 3202 783; x_wconf 75' lang='grc' dir='ltr'>ι</span> <span class='ocrx_word' id='word_1_84' title='bbox 3259 737 3471 806; x_wconf 85' lang='lat' dir='ltr'><strong>Expedit</strong></span> <span class='ocrx_word' id='word_1_85' title='bbox 3527 740 3656 795; x_wconf 89' lang='lat' dir='ltr'><strong>nobis</strong></span> <span class='ocrx_word' id='word_1_86' title='bbox 3689 745 3796 800; x_wconf 78' lang='lat' dir='ltr'><strong>multa</strong></span> 
     </span>
    </p>
   </div>
   <div class='ocr_carea' id='block_1_7' title="bbox 575 816 3798 897">
    <p class='ocr_par' dir='ltr' id='par_1_7' title="bbox 575 816 3798 897">
     <span class='ocr_line' id='line_1_7' title="bbox 575 816 3798 897; baseline 0.003 -18"><span class='ocrx_word' id='word_1_87' title='bbox 575 825 746 879; x_wconf 85' lang='lat' dir='ltr'><strong>habes</strong></span> <span class='ocrx_word' id='word_1_88' title='bbox 777 824 981 878; x_wconf 83' lang='lat' dir='ltr'><strong>trabem</strong></span> <span class='ocrx_word' id='word_1_89' title='bbox 1015 823 1070 876; x_wconf 92' lang='lat' dir='ltr'><strong>in</strong></span> <span class='ocrx_word' id='word_1_90' title='bbox 1109 820 1271 876; x_wconf 90' lang='lat' dir='ltr'><strong>oculo</strong></span> <span class='ocrx_word' id='word_1_91' title='bbox 1309 825 1426 886; x_wconf 92' lang='lat' dir='ltr'><strong>tuo,</strong></span> <span class='ocrx_word' id='word_1_92' title='bbox 1488 826 1543 874; x_wconf 90' lang='lat' dir='ltr'><strong>et</strong></span> <span class='ocrx_word' id='word_1_93' title='bbox 1597 818 1675 873; x_wconf 89' lang='lat' dir='ltr'><strong>vis</strong></span> <span class='ocrx_word' id='word_1_94' title='bbox 1713 818 1916 888; x_wconf 83' lang='lat' dir='ltr'><strong>ejicere</strong></span> <span class='ocrx_word' id='word_1_95' title='bbox 1953 816 2216 872; x_wconf 83' lang='lat' dir='ltr'><strong>festucam</strong></span> <span class='ocrx_word' id='word_1_96' title='bbox 2299 831 2422 885; x_wconf 68' lang='lat' dir='ltr'><strong>quae</strong></span> <span class='ocrx_word' id='word_1_97' title='bbox 2461 817 2753 874; x_wconf 88' lang='lat' dir='ltr'><strong>inhonesta</strong></span> <span class='ocrx_word' id='word_1_98' title='bbox 2782 825 2838 874; x_wconf 91' lang='lat' dir='ltr'><strong>et</strong></span> <span class='ocrx_word' id='word_1_99' title='bbox 2867 821 3166 892; x_wconf 86' lang='lat' dir='ltr'><strong>incongrua</strong></span> <span class='ocrx_word' id='word_1_100' title='bbox 3202 824 3439 880; x_wconf 91' lang='lat' dir='ltr'><strong>videntur</strong></span> <span class='ocrx_word' id='word_1_101' title='bbox 3480 829 3592 897; x_wconf 91' lang='lat' dir='ltr'><strong>pati,</strong></span> <span class='ocrx_word' id='word_1_102' title='bbox 3617 835 3659 885; x_wconf 89' lang='lat' dir='ltr'><strong>et</strong></span> <span class='ocrx_word' id='word_1_103' title='bbox 3688 833 3798 888; x_wconf 80' lang='lat' dir='ltr'><strong>multo</strong></span> 
     </span>
    </p>
   </div>
   <div class='ocr_carea' id='block_1_8' title="bbox 575 905 3798 978">
    <p class='ocr_par' dir='ltr' id='par_1_8' title="bbox 575 905 3798 978">
     <span class='ocr_line' id='line_1_8' title="bbox 575 905 3798 978; baseline 0.002 -10"><span class='ocrx_word' id='word_1_104' title='bbox 575 915 643 968; x_wconf 92' lang='lat' dir='ltr'><strong>de</strong></span> <span class='ocrx_word' id='word_1_105' title='bbox 675 914 835 968; x_wconf 91' lang='lat' dir='ltr'><strong>oculo</strong></span> <span class='ocrx_word' id='word_1_106' title='bbox 866 911 1050 966; x_wconf 86' lang='lat' dir='ltr'><strong>fratris</strong></span> <span class='ocrx_word' id='word_1_107' title='bbox 1090 911 1206 966; x_wconf 86' lang='lat' dir='ltr'><strong>tui?</strong></span> <span class='ocrx_word' id='word_1_108' title='bbox 1241 909 1518 978; x_wconf 88' lang='lat' dir='ltr'><strong>Ypocrita,</strong></span> <span class='ocrx_word' id='word_1_109' title='bbox 1552 909 1693 976; x_wconf 89' lang='lat' dir='ltr'><strong>ejice</strong></span> <span class='ocrx_word' id='word_1_110' title='bbox 1741 907 1975 977; x_wconf 88' lang='lat' dir='ltr'><strong>primum</strong></span> <span class='ocrx_word' id='word_1_111' title='bbox 2007 907 2214 962; x_wconf 87' lang='lat' dir='ltr'><strong>trabem</strong></span> <span class='ocrx_word' id='word_1_112' title='bbox 2297 905 2513 974; x_wconf 88' lang='lat' dir='ltr'><strong>melius,</strong></span> <span class='ocrx_word' id='word_1_113' title='bbox 2546 921 2615 962; x_wconf 92' lang='lat' dir='ltr'><strong>ne</strong></span> <span class='ocrx_word' id='word_1_114' title='bbox 2647 907 2937 965; x_wconf 89' lang='lat' dir='ltr'><strong>dissidium</strong></span> <span class='ocrx_word' id='word_1_115' title='bbox 2975 918 3069 966; x_wconf 90' lang='lat' dir='ltr'><strong>aut</strong></span> <span class='ocrx_word' id='word_1_116' title='bbox 3113 913 3412 969; x_wconf 91' lang='lat' dir='ltr'><strong>scandalum</strong></span> <span class='ocrx_word' id='word_1_117' title='bbox 3446 916 3496 970; x_wconf 86' lang='lat' dir='ltr'><strong>in</strong></span> <span class='ocrx_word' id='word_1_118' title='bbox 3535 919 3714 974; x_wconf 86' lang='lat' dir='ltr'><strong>ecclesia</strong></span> <span class='ocrx_word' id='word_1_119' title='bbox 3739 924 3798 977; x_wconf 83' lang='lat' dir='ltr'><strong>Dei</strong></span> 
     </span>
    </p>
   </div>
   <div class='ocr_carea' id='block_1_9' title="bbox 575 995 3795 1078">
    <p class='ocr_par' dir='ltr' id='par_1_9' title="bbox 575 995 3795 1078">
     <span class='ocr_line' id='line_1_9' title="bbox 575 995 3795 1078; baseline 0.002 -22"><span class='ocrx_word' id='word_1_120' title='bbox 575 1003 642 1056; x_wconf 93' lang='lat' dir='ltr'><strong>de</strong></span> <span class='ocrx_word' id='word_1_121' title='bbox 665 1002 827 1057; x_wconf 93' lang='lat' dir='ltr'><strong>oculo</strong></span> <span class='ocrx_word' id='word_1_122' title='bbox 854 1008 967 1067; x_wconf 85' lang='lat' dir='ltr'><strong>tuo,</strong></span> <span class='ocrx_word' id='word_1_123' title='bbox 993 1006 1047 1055; x_wconf 92' lang='lat' dir='ltr'><strong>et</strong></span> <span class='ocrx_word' id='word_1_124' title='bbox 1068 1006 1198 1054; x_wconf 91' lang='lat' dir='ltr'><strong>tunc</strong></span> <span class='ocrx_word' id='word_1_125' title='bbox 1217 999 1432 1054; x_wconf 89' lang='lat' dir='ltr'><strong>videbis</strong></span> <span class='ocrx_word' id='word_1_126' title='bbox 1450 999 1652 1067; x_wconf 86' lang='lat' dir='ltr'><strong>ejicere</strong></span> <span class='ocrx_word' id='word_1_127' title='bbox 1672 995 1935 1051; x_wconf 89' lang='lat' dir='ltr'><strong>festucam</strong></span> <span class='ocrx_word' id='word_1_128' title='bbox 1958 997 2026 1051; x_wconf 90' lang='lat' dir='ltr'><strong>de</strong></span> <span class='ocrx_word' id='word_1_129' title='bbox 2052 996 2214 1052; x_wconf 91' lang='lat' dir='ltr'><strong>oculo</strong></span> <span class='ocrx_word' id='word_1_130' title='bbox 2296 995 2607 1052; x_wconf 89' lang='lat' dir='ltr'><strong>inconsulte</strong></span> <span class='ocrx_word' id='word_1_131' title='bbox 2647 999 2874 1054; x_wconf 90' lang='lat' dir='ltr'><strong>oriatur.</strong></span> <span class='ocrx_word' id='word_1_132' title='bbox 2934 1017 2963 1054; x_wconf 85' lang='lat'>»</span> <span class='ocrx_word' id='word_1_133' title='bbox 3008 1002 3158 1057; x_wconf 89' lang='lat' dir='ltr'><strong>Unde</strong></span> <span class='ocrx_word' id='word_1_134' title='bbox 3212 1003 3456 1060; x_wconf 90' lang='lat' dir='ltr'><strong>Dominus</strong></span> <span class='ocrx_word' id='word_1_135' title='bbox 3481 1006 3531 1060; x_wconf 90' lang='lat' dir='ltr'><strong>in</strong></span> <span class='ocrx_word' id='word_1_136' title='bbox 3556 1009 3795 1078; x_wconf 78' lang='lat' dir='ltr'><strong>Evangelia;</strong></span> 
     </span>
    </p>
   </div>
   <div class='ocr_carea' id='block_1_10' title="bbox 573 1084 3796 1164">
    <p class='ocr_par' dir='ltr' id='par_1_10' title="bbox 573 1084 3796 1164">
     <span class='ocr_line' id='line_1_10' title="bbox 573 1084 3796 1164; baseline 0 -19"><span class='ocrx_word' id='word_1_137' title='bbox 573 1091 758 1146; x_wconf 87' lang='lat' dir='ltr'><strong>tratris</strong></span> <span class='ocrx_word' id='word_1_138' title='bbox 796 1091 874 1145; x_wconf 92' lang='lat' dir='ltr'><strong>tui</strong></span> <span class='ocrx_word' id='word_1_139' title='bbox 921 1089 1133 1159; x_wconf 79' lang='lat' dir='ltr'><strong>(Matth.</strong></span> <span class='ocrx_word' id='word_1_140' title='bbox 1195 1104 1293 1154; x_wconf 84' lang='lat' dir='ltr'><strong>vn,</strong></span> <span class='ocrx_word' id='word_1_141' title='bbox 1356 1087 1435 1156; x_wconf 85' lang='lat'><strong>4).</strong></span> <span class='ocrx_word' id='word_1_142' title='bbox 1497 1107 1525 1137; x_wconf 86' lang='grc'><strong>››</strong></span> <span class='ocrx_word' id='word_1_143' title='bbox 1583 1087 1638 1141; x_wconf 91' lang='lat' dir='ltr'><strong>Si</strong></span> <span class='ocrx_word' id='word_1_144' title='bbox 1676 1086 1758 1140; x_wconf 89' lang='lat' dir='ltr'><strong>ira</strong></span> <span class='ocrx_word' id='word_1_145' title='bbox 1814 1100 1910 1140; x_wconf 90' lang='lat' dir='ltr'><strong>vos</strong></span> <span class='ocrx_word' id='word_1_146' title='bbox 1948 1098 2216 1155; x_wconf 85' lang='lat' dir='ltr'><strong>Operosos</strong></span> <span class='ocrx_word' id='word_1_147' title='bbox 2300 1087 2423 1139; x_wconf 76' lang='lat' dir='ltr'><strong>«Ve</strong></span> <span class='ocrx_word' id='word_1_148' title='bbox 2445 1084 2670 1155; x_wconf 90' lang='lat' dir='ltr'><strong>illi,per</strong></span> <span class='ocrx_word' id='word_1_149' title='bbox 2698 1101 2858 1156; x_wconf 92' lang='lat' dir='ltr'><strong>quem</strong></span> <span class='ocrx_word' id='word_1_150' title='bbox 2889 1090 3203 1146; x_wconf 83' lang='lat' dir='ltr'><strong>scandalum</strong></span> <span class='ocrx_word' id='word_1_151' title='bbox 3223 1092 3364 1148; x_wconf 92' lang='lat' dir='ltr'><strong>venit</strong></span> <span class='ocrx_word' id='word_1_152' title='bbox 3385 1093 3796 1164; x_wconf 64' lang='lat' dir='ltr'><strong>(Matth.xv1n,7);»</strong></span> 
     </span>
    </p>
   </div>
   <div class='ocr_carea' id='block_1_11' title="bbox 571 1175 3797 1250">
    <p class='ocr_par' dir='ltr' id='par_1_11' title="bbox 571 1175 3797 1250">
     <span class='ocr_line' id='line_1_11' title="bbox 571 1175 3797 1250; baseline 0.002 -17"><span class='ocrx_word' id='word_1_153' title='bbox 571 1179 720 1246; x_wconf 90' lang='lat' dir='ltr'><strong>fecit,</strong></span> <span class='ocrx_word' id='word_1_154' title='bbox 751 1180 933 1235; x_wconf 92' lang='lat' dir='ltr'><strong>videte</strong></span> <span class='ocrx_word' id='word_1_155' title='bbox 963 1179 1097 1248; x_wconf 86' lang='lat' dir='ltr'><strong>quid</strong></span> <span class='ocrx_word' id='word_1_156' title='bbox 1127 1178 1382 1233; x_wconf 91' lang='lat' dir='ltr'><strong>dominus</strong></span> <span class='ocrx_word' id='word_1_157' title='bbox 1421 1181 1608 1245; x_wconf 86' lang='lat' dir='ltr'><strong>pastor</strong></span> <span class='ocrx_word' id='word_1_158' title='bbox 1638 1180 1694 1230; x_wconf 91' lang='lat' dir='ltr'><strong>et</strong></span> <span class='ocrx_word' id='word_1_159' title='bbox 1732 1175 1988 1244; x_wconf 82' lang='lat' dir='ltr'><strong>magister</strong></span> <span class='ocrx_word' id='word_1_160' title='bbox 2026 1182 2216 1230; x_wconf 91' lang='lat' dir='ltr'><strong>noster</strong></span> <span class='ocrx_word' id='word_1_161' title='bbox 2297 1175 2362 1227; x_wconf 89' lang='lat' dir='ltr'><strong>Et</strong></span> <span class='ocrx_word' id='word_1_162' title='bbox 2390 1175 2674 1244; x_wconf 89' lang='lat' dir='ltr'><strong>apostolus</strong></span> <span class='ocrx_word' id='word_1_163' title='bbox 2699 1197 2711 1230; x_wconf 90' lang='lat'><strong>:</strong></span> <span class='ocrx_word' id='word_1_164' title='bbox 2740 1197 2766 1226; x_wconf 76' lang='grc' dir='ltr'>α</span> <span class='ocrx_word' id='word_1_165' title='bbox 2799 1179 2878 1232; x_wconf 92' lang='lat' dir='ltr'><strong>Tu</strong></span> <span class='ocrx_word' id='word_1_166' title='bbox 2909 1179 3034 1248; x_wconf 89' lang='lat' dir='ltr'><strong>quis</strong></span> <span class='ocrx_word' id='word_1_167' title='bbox 3073 1194 3152 1246; x_wconf 86' lang='lat' dir='ltr'><strong>es,</strong></span> <span class='ocrx_word' id='word_1_168' title='bbox 3183 1182 3274 1250; x_wconf 89' lang='lat' dir='ltr'><strong>qui</strong></span> <span class='ocrx_word' id='word_1_169' title='bbox 3305 1183 3501 1250; x_wconf 89' lang='lat' dir='ltr'><strong>judicas</strong></span> <span class='ocrx_word' id='word_1_170' title='bbox 3525 1184 3708 1240; x_wconf 90' lang='lat' dir='ltr'><strong>alienum</strong></span> <span class='ocrx_word' id='word_1_171' title='bbox 3728 1202 3797 1241; x_wconf 82' lang='lat' dir='ltr'><strong>ser-</strong></span> 
     </span>
    </p>
   </div>
   <div class='ocr_carea' id='block_1_12' title="bbox 568 1263 3797 1338">
    <p class='ocr_par' dir='ltr' id='par_1_12' title="bbox 568 1263 3797 1338">
     <span class='ocr_line' id='line_1_12' title="bbox 568 1263 3797 1338; baseline 0.002 -17"><span class='ocrx_word' id='word_1_172' title='bbox 568 1268 973 1324; x_wconf 61' lang='lat' dir='ltr'><strong>Ambrosius“</strong></span> <span class='ocrx_word' id='word_1_173' title='bbox 993 1274 1216 1323; x_wconf 88' lang='lat' dir='ltr'><strong>sanctus</strong></span> <span class='ocrx_word' id='word_1_174' title='bbox 1245 1267 1301 1320; x_wconf 91' lang='lat' dir='ltr'><strong>in</strong></span> <span class='ocrx_word' id='word_1_175' title='bbox 1331 1265 1474 1320; x_wconf 88' lang='lat' dir='ltr'><strong>libro</strong></span> <span class='ocrx_word' id='word_1_176' title='bbox 1497 1265 1564 1319; x_wconf 89' lang='lat' dir='ltr'><strong>de</strong></span> <span class='ocrx_word' id='word_1_177' title='bbox 1593 1263 1796 1333; x_wconf 89' lang='lat' dir='ltr'><strong>Joseph</strong></span> <span class='ocrx_word' id='word_1_178' title='bbox 1827 1264 1975 1318; x_wconf 92' lang='lat' dir='ltr'><strong>dicat</strong></span> <span class='ocrx_word' id='word_1_179' title='bbox 1997 1263 2074 1334; x_wconf 91' lang='lat' dir='ltr'><strong>(c.</strong></span> <span class='ocrx_word' id='word_1_180' title='bbox 2106 1263 2209 1334; x_wconf 89' lang='lat'><strong>13):</strong></span> <span class='ocrx_word' id='word_1_181' title='bbox 2293 1268 2460 1316; x_wconf 80' lang='lat' dir='ltr'><strong>vum?</strong></span> <span class='ocrx_word' id='word_1_182' title='bbox 2519 1277 2619 1318; x_wconf 92' lang='lat' dir='ltr'><strong>suo</strong></span> <span class='ocrx_word' id='word_1_183' title='bbox 2679 1264 2903 1320; x_wconf 90' lang='lat' dir='ltr'><strong>domino</strong></span> <span class='ocrx_word' id='word_1_184' title='bbox 2956 1273 3064 1322; x_wconf 87' lang='lat' dir='ltr'><strong>stat</strong></span> <span class='ocrx_word' id='word_1_185' title='bbox 3117 1274 3210 1323; x_wconf 92' lang='lat' dir='ltr'><strong>aut</strong></span> <span class='ocrx_word' id='word_1_186' title='bbox 3263 1270 3432 1338; x_wconf 87' lang='lat' dir='ltr'><strong>cadit;</strong></span> <span class='ocrx_word' id='word_1_187' title='bbox 3490 1273 3629 1327; x_wconf 89' lang='lat' dir='ltr'><strong>stabit</strong></span> <span class='ocrx_word' id='word_1_188' title='bbox 3682 1281 3797 1329; x_wconf 86' lang='lat' dir='ltr'><strong>autem</strong></span> 
     </span>
    </p>
   </div>
   <div class='ocr_carea' id='block_1_13' title="bbox 570 1350 3796 1427">
    <p class='ocr_par' dir='ltr' id='par_1_13' title="bbox 570 1350 3796 1427">
     <span class='ocr_line' id='line_1_13' title="bbox 570 1350 3796 1427; baseline 0.002 -19"><span class='ocrx_word' id='word_1_189' title='bbox 570 1371 599 1408; x_wconf 89' lang='lat'><strong>«</strong></span> <span class='ocrx_word' id='word_1_190' title='bbox 632 1360 716 1411; x_wconf 91' lang='lat' dir='ltr'><strong>lra</strong></span> <span class='ocrx_word' id='word_1_191' title='bbox 746 1373 894 1427; x_wconf 66' lang='lat' dir='ltr'><strong>saepe</strong></span> <span class='ocrx_word' id='word_1_192' title='bbox 925 1358 1090 1413; x_wconf 88' lang='lat' dir='ltr'><strong>etiam</strong></span> <span class='ocrx_word' id='word_1_193' title='bbox 1119 1357 1445 1411; x_wconf 90' lang='lat' dir='ltr'><strong>innocentes</strong></span> <span class='ocrx_word' id='word_1_194' title='bbox 1473 1355 1530 1409; x_wconf 91' lang='lat' dir='ltr'><strong>in</strong></span> <span class='ocrx_word' id='word_1_195' title='bbox 1569 1354 1776 1408; x_wconf 85' lang='lat' dir='ltr'><strong>crimen</strong></span> <span class='ocrx_word' id='word_1_196' title='bbox 1807 1353 2052 1419; x_wconf 90' lang='lat' dir='ltr'><strong>adducit,</strong></span> <span class='ocrx_word' id='word_1_197' title='bbox 2085 1352 2212 1421; x_wconf 88' lang='lat' dir='ltr'><strong>quia</strong></span> <span class='ocrx_word' id='word_1_198' title='bbox 2295 1350 2463 1419; x_wconf 84' lang='lat' dir='ltr'><strong>(Rom.</strong></span> <span class='ocrx_word' id='word_1_199' title='bbox 2504 1366 2617 1418; x_wconf 78' lang='lat' dir='ltr'><strong>xw,</strong></span> <span class='ocrx_word' id='word_1_200' title='bbox 2649 1350 2751 1422; x_wconf 90' lang='lat'><strong>4);</strong></span> <span class='ocrx_word' id='word_1_201' title='bbox 2796 1372 2823 1403; x_wconf 85' lang='lat'>»</span> <span class='ocrx_word' id='word_1_202' title='bbox 2865 1359 2921 1408; x_wconf 89' lang='lat' dir='ltr'><strong>et</strong></span> <span class='ocrx_word' id='word_1_203' title='bbox 2949 1355 3117 1410; x_wconf 85' lang='lat' dir='ltr'><strong>item:</strong></span> <span class='ocrx_word' id='word_1_204' title='bbox 3169 1376 3197 1408; x_wconf 85' lang='grc'><strong>‹‹</strong></span> <span class='ocrx_word' id='word_1_205' title='bbox 3243 1357 3361 1412; x_wconf 85' lang='lat' dir='ltr'><strong>Noli</strong></span> <span class='ocrx_word' id='word_1_206' title='bbox 3403 1360 3702 1416; x_wconf 82' lang='lat' dir='ltr'><strong>scandalizare</strong></span> <span class='ocrx_word' id='word_1_207' title='bbox 3729 1361 3796 1415; x_wconf 79' lang='lat' dir='ltr'><strong>tra-</strong></span> 
     </span>
    </p>
   </div>
   <div class='ocr_carea' id='block_1_14' title="bbox 565 1441 3795 1524">
    <p class='ocr_par' dir='ltr' id='par_1_14' title="bbox 565 1441 3795 1524">
     <span class='ocr_line' id='line_1_14' title="bbox 565 1441 3795 1524; baseline -0.001 -24"><span class='ocrx_word' id='word_1_208' title='bbox 565 1447 692 1501; x_wconf 91' lang='lat' dir='ltr'><strong>dum</strong></span> <span class='ocrx_word' id='word_1_209' title='bbox 746 1448 895 1515; x_wconf 91' lang='lat' dir='ltr'><strong>justo</strong></span> <span class='ocrx_word' id='word_1_210' title='bbox 955 1446 1188 1516; x_wconf 88' lang='lat' dir='ltr'><strong>amplius</strong></span> <span class='ocrx_word' id='word_1_211' title='bbox 1243 1444 1531 1499; x_wconf 89' lang='lat' dir='ltr'><strong>irascimur</strong></span> <span class='ocrx_word' id='word_1_212' title='bbox 1576 1450 1632 1497; x_wconf 92' lang='lat' dir='ltr'><strong>et</strong></span> <span class='ocrx_word' id='word_1_213' title='bbox 1679 1441 1928 1497; x_wconf 89' lang='lat' dir='ltr'><strong>volumus</strong></span> <span class='ocrx_word' id='word_1_214' title='bbox 1973 1441 2210 1496; x_wconf 90' lang='lat' dir='ltr'><strong>alienum</strong></span> <span class='ocrx_word' id='word_1_215' title='bbox 2294 1444 2433 1492; x_wconf 92' lang='lat' dir='ltr'><strong>trem</strong></span> <span class='ocrx_word' id='word_1_216' title='bbox 2455 1446 2629 1507; x_wconf 91' lang='lat' dir='ltr'><strong>tuum,</strong></span> <span class='ocrx_word' id='word_1_217' title='bbox 2654 1455 2754 1510; x_wconf 90' lang='lat' dir='ltr'><strong>pro</strong></span> <span class='ocrx_word' id='word_1_218' title='bbox 2777 1456 2887 1512; x_wconf 94' lang='lat' dir='ltr'><strong>quo</strong></span> <span class='ocrx_word' id='word_1_219' title='bbox 2908 1444 3157 1500; x_wconf 91' lang='lat' dir='ltr'><strong>Christus</strong></span> <span class='ocrx_word' id='word_1_220' title='bbox 3177 1454 3415 1524; x_wconf 85' lang='lat' dir='ltr'><strong>mortuus</strong></span> <span class='ocrx_word' id='word_1_221' title='bbox 3442 1455 3515 1504; x_wconf 92' lang='lat' dir='ltr'><strong>est</strong></span> <span class='ocrx_word' id='word_1_222' title='bbox 3535 1448 3682 1520; x_wconf 79' lang='lat' dir='ltr'><strong>(lbid.,</strong></span> <span class='ocrx_word' id='word_1_223' title='bbox 3704 1449 3795 1514; x_wconf 58' lang='lat' dir='ltr'><strong>15f.»</strong></span> 
     </span>
    </p>
   </div>
   <div class='ocr_carea' id='block_1_15' title="bbox 564 1527 3797 1607">
    <p class='ocr_par' dir='ltr' id='par_1_15' title="bbox 564 1527 3797 1607">
     <span class='ocr_line' id='line_1_15' title="bbox 564 1527 3797 1607; baseline 0 -16"><span class='ocrx_word' id='word_1_224' title='bbox 564 1550 823 1592; x_wconf 88' lang='lat' dir='ltr'><strong>coercere</strong></span> <span class='ocrx_word' id='word_1_225' title='bbox 854 1544 1161 1606; x_wconf 88' lang='lat' dir='ltr'><strong>peccatum,</strong></span> <span class='ocrx_word' id='word_1_226' title='bbox 1191 1535 1440 1604; x_wconf 80' lang='lat' dir='ltr'><strong>graviora</strong></span> <span class='ocrx_word' id='word_1_227' title='bbox 1479 1537 1704 1602; x_wconf 88' lang='lat' dir='ltr'><strong>peccata</strong></span> <span class='ocrx_word' id='word_1_228' title='bbox 1733 1532 2143 1588; x_wconf 90' lang='lat' dir='ltr'><strong>committimus.</strong></span> <span class='ocrx_word' id='word_1_229' title='bbox 2179 1551 2206 1582; x_wconf 89' lang='lat'>»</span> <span class='ocrx_word' id='word_1_230' title='bbox 2293 1527 2446 1582; x_wconf 88' lang='lat' dir='ltr'><strong>Unde</strong></span> <span class='ocrx_word' id='word_1_231' title='bbox 2478 1530 2689 1584; x_wconf 90' lang='lat' dir='ltr'><strong>Veritas</strong></span> <span class='ocrx_word' id='word_1_232' title='bbox 2748 1531 2806 1586; x_wconf 93' lang='lat' dir='ltr'><strong>in</strong></span> <span class='ocrx_word' id='word_1_233' title='bbox 2856 1534 3177 1604; x_wconf 84' lang='lat' dir='ltr'><strong>evangelio:</strong></span> <span class='ocrx_word' id='word_1_234' title='bbox 3231 1556 3255 1584; x_wconf 76' lang='grc' dir='ltr'>α</span> <span class='ocrx_word' id='word_1_235' title='bbox 3309 1536 3606 1607; x_wconf 88' lang='lat' dir='ltr'><strong>Quicumque</strong></span> <span class='ocrx_word' id='word_1_236' title='bbox 3647 1539 3797 1592; x_wconf 61' lang='lat' dir='ltr'><strong>scenda</strong></span> 
     </span>
    </p>
   </div>
   <div class='ocr_carea' id='block_1_16' title="bbox 565 1615 3796 1696">
    <p class='ocr_par' dir='ltr' id='par_1_16' title="bbox 565 1615 3796 1696">
     <span class='ocr_line' id='line_1_16' title="bbox 565 1615 3796 1696; baseline 0 -17"><span class='ocrx_word' id='word_1_237' title='bbox 565 1626 694 1680; x_wconf 89' lang='lat' dir='ltr'><strong>Ideo</strong></span> <span class='ocrx_word' id='word_1_238' title='bbox 747 1626 1033 1694; x_wconf 90' lang='lat' dir='ltr'><strong>apostolus</strong></span> <span class='ocrx_word' id='word_1_239' title='bbox 1089 1625 1210 1678; x_wconf 91' lang='lat' dir='ltr'><strong>ait:</strong></span> <span class='ocrx_word' id='word_1_240' title='bbox 1273 1639 1300 1675; x_wconf 88' lang='lat'><strong>«</strong></span> <span class='ocrx_word' id='word_1_241' title='bbox 1359 1624 1478 1677; x_wconf 89' lang='lat' dir='ltr'><strong>Non</strong></span> <span class='ocrx_word' id='word_1_242' title='bbox 1535 1634 1632 1677; x_wconf 91' lang='lat' dir='ltr'><strong>vos</strong></span> <span class='ocrx_word' id='word_1_243' title='bbox 1686 1621 1838 1690; x_wconf 91' lang='lat' dir='ltr'><strong>ipsos</strong></span> <span class='ocrx_word' id='word_1_244' title='bbox 1896 1621 2209 1690; x_wconf 87' lang='lat' dir='ltr'><strong>judicantes</strong></span> <span class='ocrx_word' id='word_1_245' title='bbox 2292 1615 2534 1673; x_wconf 86' lang='lat' dir='ltr'><strong>lizaverit</strong></span> <span class='ocrx_word' id='word_1_246' title='bbox 2583 1633 2751 1676; x_wconf 91' lang='lat' dir='ltr'><strong>unum</strong></span> <span class='ocrx_word' id='word_1_247' title='bbox 2798 1621 2867 1676; x_wconf 91' lang='lat' dir='ltr'><strong>de</strong></span> <span class='ocrx_word' id='word_1_248' title='bbox 2922 1623 3138 1692; x_wconf 91' lang='lat' dir='ltr'><strong>pusillis</strong></span> <span class='ocrx_word' id='word_1_249' title='bbox 3194 1625 3332 1691; x_wconf 89' lang='lat' dir='ltr'><strong>istis,</strong></span> <span class='ocrx_word' id='word_1_250' title='bbox 3387 1627 3582 1696; x_wconf 85' lang='lat' dir='ltr'><strong>expedit</strong></span> <span class='ocrx_word' id='word_1_251' title='bbox 3625 1634 3670 1682; x_wconf 91' lang='lat' dir='ltr'><strong>ut</strong></span> <span class='ocrx_word' id='word_1_252' title='bbox 3708 1628 3796 1682; x_wconf 75' lang='lat' dir='ltr'><strong>mola</strong></span> 
     </span>
    </p>
   </div>
   <div class='ocr_carea' id='block_1_17' title="bbox 566 1703 3794 1786">
    <p class='ocr_par' dir='ltr' id='par_1_17' title="bbox 566 1703 3794 1786">
     <span class='ocr_line' id='line_1_17' title="bbox 566 1703 3794 1786; baseline 0 -18"><span class='ocrx_word' id='word_1_253' title='bbox 566 1713 855 1780; x_wconf 88' lang='lat' dir='ltr'><strong>karissimi,</strong></span> <span class='ocrx_word' id='word_1_254' title='bbox 888 1715 983 1768; x_wconf 89' lang='lat' dir='ltr'><strong>sed</strong></span> <span class='ocrx_word' id='word_1_255' title='bbox 1025 1713 1150 1767; x_wconf 88' lang='lat' dir='ltr'><strong>date</strong></span> <span class='ocrx_word' id='word_1_256' title='bbox 1181 1713 1360 1766; x_wconf 92' lang='lat' dir='ltr'><strong>locum</strong></span> <span class='ocrx_word' id='word_1_257' title='bbox 1393 1713 1488 1766; x_wconf 66' lang='lat' dir='ltr'><strong>ira:</strong></span> <span class='ocrx_word' id='word_1_258' title='bbox 1532 1709 1704 1780; x_wconf 84' lang='lat' dir='ltr'><strong>(Rom.</strong></span> <span class='ocrx_word' id='word_1_259' title='bbox 1757 1725 1852 1764; x_wconf 80' lang='lat' dir='ltr'><strong>xu.</strong></span> <span class='ocrx_word' id='word_1_260' title='bbox 1911 1709 2017 1780; x_wconf 90' lang='lat'><strong>19),</strong></span> <span class='ocrx_word' id='word_1_261' title='bbox 2067 1729 2093 1759; x_wconf 73' lang='grc' dir='ltr'><strong>ι)</strong></span> <span class='ocrx_word' id='word_1_262' title='bbox 2147 1703 2527 1765; x_wconf 88' lang='lat' dir='ltr'><strong>etBasinaria</strong></span> <span class='ocrx_word' id='word_1_263' title='bbox 2555 1710 2924 1779; x_wconf 89' lang='lat' dir='ltr'><strong>suspendatur</strong></span> <span class='ocrx_word' id='word_1_264' title='bbox 2967 1712 3025 1767; x_wconf 91' lang='lat' dir='ltr'><strong>in</strong></span> <span class='ocrx_word' id='word_1_265' title='bbox 3069 1713 3216 1769; x_wconf 90' lang='lat' dir='ltr'><strong>collo</strong></span> <span class='ocrx_word' id='word_1_266' title='bbox 3236 1715 3368 1784; x_wconf 87' lang='lat' dir='ltr'><strong>ejus,</strong></span> <span class='ocrx_word' id='word_1_267' title='bbox 3398 1722 3449 1770; x_wconf 93' lang='lat' dir='ltr'><strong>et</strong></span> <span class='ocrx_word' id='word_1_268' title='bbox 3482 1716 3745 1786; x_wconf 78' lang='lat' dir='ltr'><strong>demergatur</strong></span> <span class='ocrx_word' id='word_1_269' title='bbox 3762 1717 3794 1770; x_wconf 86' lang='lat' dir='ltr'><strong>in</strong></span> 
     </span>
    </p>
   </div>
   <div class='ocr_carea' id='block_1_18' title="bbox 565 1795 3794 1875">
    <p class='ocr_par' dir='ltr' id='par_1_18' title="bbox 565 1795 3794 1875">
     <span class='ocr_line' id='line_1_18' title="bbox 565 1795 3794 1875; baseline 0.001 -19"><span class='ocrx_word' id='word_1_270' title='bbox 565 1805 826 1858; x_wconf 82' lang='lat' dir='ltr'><strong>Dominus</strong></span> <span class='ocrx_word' id='word_1_271' title='bbox 856 1818 956 1872; x_wconf 92' lang='lat' dir='ltr'><strong>per</strong></span> <span class='ocrx_word' id='word_1_272' title='bbox 985 1802 1360 1872; x_wconf 81' lang='lat' dir='ltr'><strong>evangelium:</strong></span> <span class='ocrx_word' id='word_1_273' title='bbox 1397 1816 1425 1854; x_wconf 94' lang='grc'><strong>‹‹</strong></span> <span class='ocrx_word' id='word_1_274' title='bbox 1457 1801 1557 1866; x_wconf 87' lang='lat' dir='ltr'><strong>Qui</strong></span> <span class='ocrx_word' id='word_1_275' title='bbox 1597 1799 1854 1854; x_wconf 88' lang='lat' dir='ltr'><strong>irascitur</strong></span> <span class='ocrx_word' id='word_1_276' title='bbox 1890 1798 2045 1853; x_wconf 86' lang='lat' dir='ltr'><strong>fratri</strong></span> <span class='ocrx_word' id='word_1_277' title='bbox 2084 1814 2205 1868; x_wconf 92' lang='lat' dir='ltr'><strong>suo,</strong></span> <span class='ocrx_word' id='word_1_278' title='bbox 2292 1795 2623 1865; x_wconf 77' lang='lat' dir='ltr'><strong>profundum</strong></span> <span class='ocrx_word' id='word_1_279' title='bbox 2662 1800 2828 1854; x_wconf 91' lang='lat' dir='ltr'><strong>maris</strong></span> <span class='ocrx_word' id='word_1_280' title='bbox 2879 1799 3097 1872; x_wconf 81' lang='lat' dir='ltr'><strong>(Matth.</strong></span> <span class='ocrx_word' id='word_1_281' title='bbox 3150 1817 3306 1868; x_wconf 86' lang='lat' dir='ltr'><strong>xvm,</strong></span> <span class='ocrx_word' id='word_1_282' title='bbox 3331 1803 3397 1873; x_wconf 84' lang='lat'><strong>6).</strong></span> <span class='ocrx_word' id='word_1_283' title='bbox 3431 1823 3455 1856; x_wconf 84' lang='lat'>»</span> <span class='ocrx_word' id='word_1_284' title='bbox 3484 1805 3564 1860; x_wconf 81' lang='lat' dir='ltr'><strong>Vel</strong></span> <span class='ocrx_word' id='word_1_285' title='bbox 3585 1810 3720 1875; x_wconf 78' lang='lat' dir='ltr'><strong>tangat</strong></span> <span class='ocrx_word' id='word_1_286' title='bbox 3738 1818 3794 1858; x_wconf 70' lang='lat' dir='ltr'><strong>vos</strong></span> 
     </span>
    </p>
   </div>
   <div class='ocr_carea' id='block_1_19' title="bbox 568 1885 3793 1962">
    <p class='ocr_par' dir='ltr' id='par_1_19' title="bbox 568 1885 3793 1962">
     <span class='ocr_line' id='line_1_19' title="bbox 568 1885 3793 1962; baseline -0 -16"><span class='ocrx_word' id='word_1_287' title='bbox 568 1906 695 1946; x_wconf 90' lang='lat' dir='ltr'><strong>reus</strong></span> <span class='ocrx_word' id='word_1_288' title='bbox 744 1891 848 1946; x_wconf 90' lang='lat' dir='ltr'><strong>erit</strong></span> <span class='ocrx_word' id='word_1_289' title='bbox 881 1891 1095 1960; x_wconf 89' lang='lat' dir='ltr'><strong>judicio</strong></span> <span class='ocrx_word' id='word_1_290' title='bbox 1147 1889 1352 1960; x_wconf 84' lang='lat' dir='ltr'><strong>(Matth.</strong></span> <span class='ocrx_word' id='word_1_291' title='bbox 1397 1905 1451 1954; x_wconf 69' lang='grc' dir='ltr'><strong>ν,</strong></span> <span class='ocrx_word' id='word_1_292' title='bbox 1484 1887 1591 1956; x_wconf 84' lang='lat'><strong>22).</strong></span> <span class='ocrx_word' id='word_1_293' title='bbox 1630 1909 1653 1935; x_wconf 83' lang='grc'><strong>››</strong></span> <span class='ocrx_word' id='word_1_294' title='bbox 1688 1887 1841 1941; x_wconf 84' lang='lat' dir='ltr'><strong>Unde</strong></span> <span class='ocrx_word' id='word_1_295' title='bbox 1889 1887 2204 1956; x_wconf 85' lang='lat' dir='ltr'><strong>Apostolus,</strong></span> <span class='ocrx_word' id='word_1_296' title='bbox 2288 1885 2646 1955; x_wconf 83' lang='lat' dir='ltr'><strong>Augustinus,</strong></span> <span class='ocrx_word' id='word_1_297' title='bbox 2687 1888 2977 1944; x_wconf 91' lang='lat' dir='ltr'><strong>sententiis</strong></span> <span class='ocrx_word' id='word_1_298' title='bbox 3012 1890 3268 1946; x_wconf 85' lang='lat' dir='ltr'><strong>humanis</strong></span> <span class='ocrx_word' id='word_1_299' title='bbox 3321 1892 3496 1948; x_wconf 90' lang='lat' dir='ltr'><strong>dicens</strong></span> <span class='ocrx_word' id='word_1_300' title='bbox 3544 1908 3624 1962; x_wconf 88' lang='lat' dir='ltr'><strong>per</strong></span> <span class='ocrx_word' id='word_1_301' title='bbox 3663 1899 3793 1947; x_wconf 82' lang='lat' dir='ltr'><strong>semet-</strong></span> 
     </span>
    </p>
   </div>
   <div class='ocr_carea' id='block_1_20' title="bbox 570 1971 3792 2051">
    <p class='ocr_par' dir='ltr' id='par_1_20' title="bbox 570 1971 3792 2051">
     <span class='ocr_line' id='line_1_20' title="bbox 570 1971 3792 2051; baseline -0 -17"><span class='ocrx_word' id='word_1_302' title='bbox 570 2003 593 2029; x_wconf 78' lang='lat'><strong>«</strong></span> <span class='ocrx_word' id='word_1_303' title='bbox 619 1983 701 2035; x_wconf 88' lang='lat' dir='ltr'><strong>Ira</strong></span> <span class='ocrx_word' id='word_1_304' title='bbox 723 1981 868 2036; x_wconf 90' lang='lat' dir='ltr'><strong>enim</strong></span> <span class='ocrx_word' id='word_1_305' title='bbox 887 1980 989 2034; x_wconf 88' lang='lat' dir='ltr'><strong>viri</strong></span> <span class='ocrx_word' id='word_1_306' title='bbox 1006 1978 1382 2048; x_wconf 91' lang='lat' dir='ltr'><strong>justitiamDei</strong></span> <span class='ocrx_word' id='word_1_307' title='bbox 1407 1990 1515 2031; x_wconf 92' lang='lat' dir='ltr'><strong>non</strong></span> <span class='ocrx_word' id='word_1_308' title='bbox 1538 1981 1798 2045; x_wconf 88' lang='lat' dir='ltr'><strong>operatur</strong></span> <span class='ocrx_word' id='word_1_309' title='bbox 1814 1974 1954 2045; x_wconf 87' lang='lat' dir='ltr'><strong>(Jac.</strong></span> <span class='ocrx_word' id='word_1_310' title='bbox 1978 1992 2018 2042; x_wconf 84' lang='lat'><strong>1,</strong></span> <span class='ocrx_word' id='word_1_311' title='bbox 2041 1975 2203 2047; x_wconf 85' lang='lat'><strong>20).»</strong></span> <span class='ocrx_word' id='word_1_312' title='bbox 2289 1971 2466 2041; x_wconf 90' lang='lat' dir='ltr'><strong>ipsum</strong></span> <span class='ocrx_word' id='word_1_313' title='bbox 2507 1975 2680 2045; x_wconf 85' lang='lat' dir='ltr'><strong>(serm.</strong></span> <span class='ocrx_word' id='word_1_314' title='bbox 2723 1980 2874 2032; x_wconf 90' lang='lat' dir='ltr'><strong>Dom.</strong></span> <span class='ocrx_word' id='word_1_315' title='bbox 2908 1979 2961 2032; x_wconf 83' lang='lat' dir='ltr'><strong>in</strong></span> <span class='ocrx_word' id='word_1_316' title='bbox 3007 1985 3199 2048; x_wconf 80' lang='lat' dir='ltr'><strong>monte,</strong></span> <span class='ocrx_word' id='word_1_317' title='bbox 3255 1980 3308 2048; x_wconf 87' lang='lat'><strong>2,</strong></span> <span class='ocrx_word' id='word_1_318' title='bbox 3363 1980 3482 2051; x_wconf 88' lang='lat'><strong>61):</strong></span> <span class='ocrx_word' id='word_1_319' title='bbox 3535 2001 3558 2034; x_wconf 91' lang='lat'>»</span> <span class='ocrx_word' id='word_1_320' title='bbox 3589 1983 3724 2051; x_wconf 85' lang='lat' dir='ltr'><strong>Neque</strong></span> <span class='ocrx_word' id='word_1_321' title='bbox 3748 1982 3792 2034; x_wconf 76' lang='lat' dir='ltr'><strong>in</strong></span> 
     </span>
    </p>
   </div>
   <div class='ocr_carea' id='block_1_21' title="bbox 633 2063 3791 2139">
    <p class='ocr_par' dir='ltr' id='par_1_21' title="bbox 633 2063 3791 2139">
     <span class='ocr_line' id='line_1_21' title="bbox 633 2063 3791 2139; baseline -0.001 -16"><span class='ocrx_word' id='word_1_322' title='bbox 633 2071 686 2124; x_wconf 92' lang='lat'><strong>6.</strong></span> <span class='ocrx_word' id='word_1_323' title='bbox 741 2070 834 2139; x_wconf 83' lang='lat'><strong>(5.)</strong></span> <span class='ocrx_word' id='word_1_324' title='bbox 885 2072 1099 2124; x_wconf 86' lang='lat' dir='ltr'><strong>Interea</strong></span> <span class='ocrx_word' id='word_1_325' title='bbox 1137 2068 1199 2098; x_wconf 79' lang='grc'><strong>⁶¹⁷</strong></span> <span class='ocrx_word' id='word_1_326' title='bbox 1247 2066 1502 2122; x_wconf 87' lang='lat' dir='ltr'><strong>Arialdus</strong></span> <span class='ocrx_word' id='word_1_327' title='bbox 1559 2079 1681 2121; x_wconf 91' lang='lat' dir='ltr'><strong>cum</strong></span> <span class='ocrx_word' id='word_1_328' title='bbox 1737 2065 1882 2134; x_wconf 90' lang='lat' dir='ltr'><strong>apud</strong></span> <span class='ocrx_word' id='word_1_329' title='bbox 1939 2065 2206 2120; x_wconf 75' lang='lat' dir='ltr'><strong>Varisium</strong></span> <span class='ocrx_word' id='word_1_330' title='bbox 2288 2063 2758 2130; x_wconf 85' lang='lat' dir='ltr'><strong>reprehendamus</strong></span> <span class='ocrx_word' id='word_1_331' title='bbox 2795 2081 2918 2137; x_wconf 72' lang='lat' dir='ltr'><strong>quae</strong></span> <span class='ocrx_word' id='word_1_332' title='bbox 2950 2067 3238 2125; x_wconf 83' lang='lat' dir='ltr'><strong>manifesta</strong></span> <span class='ocrx_word' id='word_1_333' title='bbox 3278 2076 3419 2138; x_wconf 88' lang='lat' dir='ltr'><strong>sunt,</strong></span> <span class='ocrx_word' id='word_1_334' title='bbox 3465 2077 3517 2126; x_wconf 93' lang='lat' dir='ltr'><strong>ut</strong></span> <span class='ocrx_word' id='word_1_335' title='bbox 3547 2071 3791 2139; x_wconf 84' lang='lat' dir='ltr'><strong>desperemus</strong></span> 
     </span>
    </p>
   </div>
   <div class='ocr_carea' id='block_1_22' title="bbox 563 2152 3792 2230">
    <p class='ocr_par' dir='ltr' id='par_1_22' title="bbox 563 2152 3792 2230">
     <span class='ocr_line' id='line_1_22' title="bbox 563 2152 3792 2230; baseline -0 -18"><span class='ocrx_word' id='word_1_336' title='bbox 563 2167 906 2225; x_wconf 89' lang='lat' dir='ltr'><strong>moraretur,</strong></span> <span class='ocrx_word' id='word_1_337' title='bbox 970 2158 1202 2227; x_wconf 88' lang='lat' dir='ltr'><strong>quadam</strong></span> <span class='ocrx_word' id='word_1_338' title='bbox 1257 2156 1347 2210; x_wconf 88' lang='lat' dir='ltr'><strong>die</strong></span> <span class='ocrx_word' id='word_1_339' title='bbox 1414 2171 1480 2210; x_wconf 85' lang='lat' dir='ltr'><strong>ex</strong></span> <span class='ocrx_word' id='word_1_340' title='bbox 1536 2157 1882 2222; x_wconf 90' lang='lat' dir='ltr'><strong>incorrupto,</strong></span> <span class='ocrx_word' id='word_1_341' title='bbox 1943 2161 1999 2209; x_wconf 93' lang='lat' dir='ltr'><strong>et</strong></span> <span class='ocrx_word' id='word_1_342' title='bbox 2050 2156 2206 2222; x_wconf 90' lang='lat' dir='ltr'><strong>quasi</strong></span> <span class='ocrx_word' id='word_1_343' title='bbox 2286 2152 2616 2220; x_wconf 84' lang='lat' dir='ltr'><strong>sanitatem;</strong></span> <span class='ocrx_word' id='word_1_344' title='bbox 2652 2160 2707 2209; x_wconf 90' lang='lat' dir='ltr'><strong>et</strong></span> <span class='ocrx_word' id='word_1_345' title='bbox 2744 2155 3036 2212; x_wconf 89' lang='lat' dir='ltr'><strong>vitabimus</strong></span> <span class='ocrx_word' id='word_1_346' title='bbox 3069 2158 3356 2228; x_wconf 88' lang='lat' dir='ltr'><strong>judicium,</strong></span> <span class='ocrx_word' id='word_1_347' title='bbox 3385 2159 3448 2215; x_wconf 94' lang='lat' dir='ltr'><strong>de</strong></span> <span class='ocrx_word' id='word_1_348' title='bbox 3482 2173 3574 2230; x_wconf 93' lang='lat' dir='ltr'><strong>quo</strong></span> <span class='ocrx_word' id='word_1_349' title='bbox 3614 2172 3715 2214; x_wconf 87' lang='lat' dir='ltr'><strong>nunc</strong></span> <span class='ocrx_word' id='word_1_350' title='bbox 3742 2158 3792 2212; x_wconf 86' lang='lat' dir='ltr'><strong>di-</strong></span> 
     </span>
    </p>
   </div>
   <div class='ocr_carea' id='block_1_23' title="bbox 560 2239 3790 2318">
    <p class='ocr_par' dir='ltr' id='par_1_23' title="bbox 560 2239 3790 2318">
     <span class='ocr_line' id='line_1_23' title="bbox 560 2239 3790 2318; baseline -0.001 -15"><span class='ocrx_word' id='word_1_351' title='bbox 560 2249 830 2305; x_wconf 88' lang='lat' dir='ltr'><strong>furiosum</strong></span> <span class='ocrx_word' id='word_1_352' title='bbox 871 2249 1100 2317; x_wconf 89' lang='lat' dir='ltr'><strong>cupiens</strong></span> <span class='ocrx_word' id='word_1_353' title='bbox 1131 2247 1403 2301; x_wconf 89' lang='lat' dir='ltr'><strong>seminare</strong></span> <span class='ocrx_word' id='word_1_354' title='bbox 1433 2258 1694 2315; x_wconf 87' lang='lat' dir='ltr'><strong>granum,</strong></span> <span class='ocrx_word' id='word_1_355' title='bbox 1729 2243 1876 2312; x_wconf 92' lang='lat' dir='ltr'><strong>quod</strong></span> <span class='ocrx_word' id='word_1_356' title='bbox 1907 2243 2047 2297; x_wconf 89' lang='lat' dir='ltr'><strong>male</strong></span> <span class='ocrx_word' id='word_1_357' title='bbox 2075 2258 2207 2298; x_wconf 86' lang='lat' dir='ltr'><strong>ven-</strong></span> <span class='ocrx_word' id='word_1_358' title='bbox 2285 2239 2464 2295; x_wconf 90' lang='lat' dir='ltr'><strong>citur:</strong></span> <span class='ocrx_word' id='word_1_359' title='bbox 2499 2242 2680 2297; x_wconf 87' lang='lat' dir='ltr'><strong>Nolite</strong></span> <span class='ocrx_word' id='word_1_360' title='bbox 2707 2244 2979 2314; x_wconf 87' lang='lat' dir='ltr'><strong>judicare,</strong></span> <span class='ocrx_word' id='word_1_361' title='bbox 3013 2260 3082 2302; x_wconf 89' lang='lat' dir='ltr'><strong>ne</strong></span> <span class='ocrx_word' id='word_1_362' title='bbox 3112 2249 3388 2318; x_wconf 88' lang='lat' dir='ltr'><strong>judicetur</strong></span> <span class='ocrx_word' id='word_1_363' title='bbox 3414 2249 3476 2305; x_wconf 92' lang='lat' dir='ltr'><strong>de</strong></span> <span class='ocrx_word' id='word_1_364' title='bbox 3497 2249 3637 2304; x_wconf 91' lang='lat' dir='ltr'><strong>vobis.</strong></span> <span class='ocrx_word' id='word_1_365' title='bbox 3662 2250 3702 2302; x_wconf 89' lang='lat' dir='ltr'><strong>In</strong></span> <span class='ocrx_word' id='word_1_366' title='bbox 3722 2259 3790 2315; x_wconf 85' lang='lat' dir='ltr'><strong>quo</strong></span> 
     </span>
    </p>
   </div>
   <div class='ocr_carea' id='block_1_24' title="bbox 555 2329 3791 2407">
    <p class='ocr_par' dir='ltr' id='par_1_24' title="bbox 555 2329 3791 2407">
     <span class='ocr_line' id='line_1_24' title="bbox 555 2329 3791 2407; baseline -0.002 -13"><span class='ocrx_word' id='word_1_367' title='bbox 555 2340 764 2394; x_wconf 91' lang='lat' dir='ltr'><strong>tilando</strong></span> <span class='ocrx_word' id='word_1_368' title='bbox 829 2339 1203 2401; x_wconf 87' lang='lat' dir='ltr'><strong>mondaverat,</strong></span> <span class='ocrx_word' id='word_1_369' title='bbox 1264 2335 1515 2390; x_wconf 66' lang='lat' dir='ltr'><strong>ecclesiae</strong></span> <span class='ocrx_word' id='word_1_370' title='bbox 1570 2335 1799 2404; x_wconf 88' lang='lat' dir='ltr'><strong>gradum</strong></span> <span class='ocrx_word' id='word_1_371' title='bbox 1855 2334 2157 2388; x_wconf 58' lang='lat' dir='ltr'><strong>ascendens</strong></span> <span class='ocrx_word' id='word_1_372' title='bbox 2183 2377 2196 2400; x_wconf 93' lang='lat'><strong>,</strong></span> <span class='ocrx_word' id='word_1_373' title='bbox 2284 2329 2429 2382; x_wconf 89' lang='lat' dir='ltr'><strong>enim</strong></span> <span class='ocrx_word' id='word_1_374' title='bbox 2453 2331 2666 2398; x_wconf 88' lang='lat' dir='ltr'><strong>judicio</strong></span> <span class='ocrx_word' id='word_1_375' title='bbox 2691 2333 3092 2402; x_wconf 90' lang='lat' dir='ltr'><strong>judicaveritis,</strong></span> <span class='ocrx_word' id='word_1_376' title='bbox 3137 2337 3464 2407; x_wconf 88' lang='lat' dir='ltr'><strong>judicabitur</strong></span> <span class='ocrx_word' id='word_1_377' title='bbox 3502 2338 3560 2393; x_wconf 88' lang='lat' dir='ltr'><strong>de</strong></span> <span class='ocrx_word' id='word_1_378' title='bbox 3602 2336 3726 2401; x_wconf 86' lang='lat' dir='ltr'><strong>vobis,</strong></span> <span class='ocrx_word' id='word_1_379' title='bbox 3758 2341 3791 2387; x_wconf 86' lang='lat' dir='ltr'><strong>et</strong></span> 
     </span>
    </p>
   </div>
   <div class='ocr_carea' id='block_1_25' title="bbox 551 2416 3792 2497">
    <p class='ocr_par' dir='ltr' id='par_1_25' title="bbox 551 2416 3792 2497">
     <span class='ocr_line' id='line_1_25' title="bbox 551 2416 3792 2497; baseline -0.002 -14"><span class='ocrx_word' id='word_1_380' title='bbox 551 2443 651 2497; x_wconf 91' lang='lat' dir='ltr'><strong>per</strong></span> <span class='ocrx_word' id='word_1_381' title='bbox 699 2428 882 2483; x_wconf 90' lang='lat' dir='ltr'><strong>omnia</strong></span> <span class='ocrx_word' id='word_1_382' title='bbox 929 2427 1250 2482; x_wconf 84' lang='lat' dir='ltr'><strong>sacerdotes</strong></span> <span class='ocrx_word' id='word_1_383' title='bbox 1295 2423 1647 2488; x_wconf 78' lang='lat' dir='ltr'><strong>diffamando,</strong></span> <span class='ocrx_word' id='word_1_384' title='bbox 1711 2431 1770 2477; x_wconf 92' lang='lat' dir='ltr'><strong>ut</strong></span> <span class='ocrx_word' id='word_1_385' title='bbox 1815 2422 1883 2477; x_wconf 92' lang='lat' dir='ltr'><strong>ab</strong></span> <span class='ocrx_word' id='word_1_386' title='bbox 1935 2424 2200 2479; x_wconf 81' lang='lat' dir='ltr'><strong>uxoribus</strong></span> <span class='ocrx_word' id='word_1_387' title='bbox 2281 2416 2338 2472; x_wconf 88' lang='lat' dir='ltr'><strong>in</strong></span> <span class='ocrx_word' id='word_1_388' title='bbox 2369 2433 2477 2488; x_wconf 90' lang='lat' dir='ltr'><strong>qua</strong></span> <span class='ocrx_word' id='word_1_389' title='bbox 2506 2435 2761 2478; x_wconf 90' lang='lat' dir='ltr'><strong>mensura</strong></span> <span class='ocrx_word' id='word_1_390' title='bbox 2779 2426 2952 2480; x_wconf 90' lang='lat' dir='ltr'><strong>mensi</strong></span> <span class='ocrx_word' id='word_1_391' title='bbox 2982 2425 3152 2482; x_wconf 90' lang='lat' dir='ltr'><strong>fuerit</strong></span> <span class='ocrx_word' id='word_1_392' title='bbox 3180 2428 3245 2495; x_wconf 92' lang='lat' dir='ltr'><strong>is,</strong></span> <span class='ocrx_word' id='word_1_393' title='bbox 3272 2429 3325 2482; x_wconf 88' lang='lat' dir='ltr'><strong>iu</strong></span> <span class='ocrx_word' id='word_1_394' title='bbox 3346 2442 3405 2483; x_wconf 88' lang='lat' dir='ltr'><strong>ea</strong></span> <span class='ocrx_word' id='word_1_395' title='bbox 3423 2424 3792 2483; x_wconf 85' lang='lat' dir='ltr'><strong>remetieturvobis</strong></span> 
     </span>
    </p>
   </div>
   <div class='ocr_carea' id='block_1_26' title="bbox 551 2506 3790 2586">
    <p class='ocr_par' dir='ltr' id='par_1_26' title="bbox 551 2506 3790 2586">
     <span class='ocr_line' id='line_1_26' title="bbox 551 2506 3790 2586; baseline -0.002 -13"><span class='ocrx_word' id='word_1_396' title='bbox 551 2517 690 2572; x_wconf 90' lang='lat' dir='ltr'><strong>male</strong></span> <span class='ocrx_word' id='word_1_397' title='bbox 729 2524 1138 2586; x_wconf 90' lang='lat' dir='ltr'><strong>separarentur,</strong></span> <span class='ocrx_word' id='word_1_398' title='bbox 1191 2514 1404 2584; x_wconf 91' lang='lat' dir='ltr'><strong>plebem</strong></span> <span class='ocrx_word' id='word_1_399' title='bbox 1443 2512 1624 2567; x_wconf 89' lang='lat' dir='ltr'><strong>verbis</strong></span> <span class='ocrx_word' id='word_1_400' title='bbox 1674 2510 2004 2579; x_wconf 91' lang='lat' dir='ltr'><strong>turpissimis</strong></span> <span class='ocrx_word' id='word_1_401' title='bbox 2041 2512 2196 2566; x_wconf 89' lang='lat' dir='ltr'><strong>rusti-</strong></span> <span class='ocrx_word' id='word_1_402' title='bbox 2282 2506 2424 2577; x_wconf 85' lang='lat' dir='ltr'><strong>(Luc.</strong></span> <span class='ocrx_word' id='word_1_403' title='bbox 2457 2523 2528 2576; x_wconf 76' lang='lat' dir='ltr'><strong>vr,</strong></span> <span class='ocrx_word' id='word_1_404' title='bbox 2561 2509 2669 2582; x_wconf 89' lang='lat'><strong>38).</strong></span> <span class='ocrx_word' id='word_1_405' title='bbox 2705 2531 2732 2564; x_wconf 87' lang='lat'><strong>»</strong></span> <span class='ocrx_word' id='word_1_406' title='bbox 2761 2515 3032 2570; x_wconf 75' lang='lat' dir='ltr'><strong>Praeterea</strong></span> <span class='ocrx_word' id='word_1_407' title='bbox 3055 2517 3190 2586; x_wconf 92' lang='lat' dir='ltr'><strong>quid</strong></span> <span class='ocrx_word' id='word_1_408' title='bbox 3221 2517 3406 2572; x_wconf 88' lang='lat' dir='ltr'><strong>beatus</strong></span> <span class='ocrx_word' id='word_1_409' title='bbox 3429 2513 3790 2572; x_wconf 74' lang='lat' dir='ltr'><strong>Ambrosiusdicat</strong></span> 
     </span>
    </p>
   </div>
   <div class='ocr_carea' id='block_1_27' title="bbox 552 2598 3791 2671">
    <p class='ocr_par' dir='ltr' id='par_1_27' title="bbox 552 2598 3791 2671">
     <span class='ocr_line' id='line_1_27' title="bbox 552 2598 3791 2671; baseline -0.003 -10"><span class='ocrx_word' id='word_1_410' title='bbox 552 2620 814 2662; x_wconf 88' lang='lat' dir='ltr'><strong>canorum</strong></span> <span class='ocrx_word' id='word_1_411' title='bbox 855 2604 1250 2660; x_wconf 89' lang='lat' dir='ltr'><strong>commovendo</strong></span> <span class='ocrx_word' id='word_1_412' title='bbox 1289 2602 1490 2658; x_wconf 86' lang='lat' dir='ltr'><strong>obnixe</strong></span> <span class='ocrx_word' id='word_1_413' title='bbox 1543 2613 1765 2670; x_wconf 89' lang='lat' dir='ltr'><strong>operam</strong></span> <span class='ocrx_word' id='word_1_414' title='bbox 1805 2600 1970 2654; x_wconf 89' lang='lat' dir='ltr'><strong>dabat</strong></span> <span class='ocrx_word' id='word_1_415' title='bbox 2012 2598 2194 2670; x_wconf 90' lang='lat'><strong>(104).</strong></span> <span class='ocrx_word' id='word_1_416' title='bbox 2277 2609 2447 2666; x_wconf 93' lang='lat' dir='ltr'><strong>super</strong></span> <span class='ocrx_word' id='word_1_417' title='bbox 2485 2600 2707 2668; x_wconf 90' lang='lat' dir='ltr'><strong>Lucam,</strong></span> <span class='ocrx_word' id='word_1_418' title='bbox 2750 2603 3033 2659; x_wconf 89' lang='lat' dir='ltr'><strong>curialiter</strong></span> <span class='ocrx_word' id='word_1_419' title='bbox 3061 2618 3128 2660; x_wconf 91' lang='lat' dir='ltr'><strong>ac</strong></span> <span class='ocrx_word' id='word_1_420' title='bbox 3167 2605 3358 2661; x_wconf 91' lang='lat' dir='ltr'><strong>devote</strong></span> <span class='ocrx_word' id='word_1_421' title='bbox 3403 2603 3633 2660; x_wconf 89' lang='lat' dir='ltr'><strong>audiendo</strong></span> <span class='ocrx_word' id='word_1_422' title='bbox 3655 2599 3791 2671; x_wconf 86' lang='lat' dir='ltr'><strong>perspi-</strong></span> 
     </span>
    </p>
   </div>
   <div class='ocr_carea' id='block_1_28' title="bbox 546 2685 3790 2763">
    <p class='ocr_par' dir='ltr' id='par_1_28' title="bbox 546 2685 3790 2763">
     <span class='ocr_line' id='line_1_28' title="bbox 546 2685 3790 2763; baseline -0.003 -12"><span class='ocrx_word' id='word_1_423' title='bbox 546 2696 701 2763; x_wconf 83' lang='lat' dir='ltr'><strong>Quod</strong></span> <span class='ocrx_word' id='word_1_424' title='bbox 734 2701 793 2750; x_wconf 93' lang='lat' dir='ltr'><strong>ut</strong></span> <span class='ocrx_word' id='word_1_425' title='bbox 832 2695 1025 2750; x_wconf 92' lang='lat' dir='ltr'><strong>rustici</strong></span> <span class='ocrx_word' id='word_1_426' title='bbox 1073 2708 1136 2748; x_wconf 90' lang='lat' dir='ltr'><strong>ac</strong></span> <span class='ocrx_word' id='word_1_427' title='bbox 1181 2692 1499 2748; x_wconf 87' lang='lat' dir='ltr'><strong>sacerdotes</strong></span> <span class='ocrx_word' id='word_1_428' title='bbox 1545 2689 1770 2744; x_wconf 89' lang='lat' dir='ltr'><strong>auribus</strong></span> <span class='ocrx_word' id='word_1_429' title='bbox 1815 2689 2064 2743; x_wconf 88' lang='lat' dir='ltr'><strong>attonitis</strong></span> <span class='ocrx_word' id='word_1_430' title='bbox 2101 2702 2193 2743; x_wconf 90' lang='lat' dir='ltr'><strong>au-</strong></span> <span class='ocrx_word' id='word_1_431' title='bbox 2276 2685 2422 2740; x_wconf 89' lang='lat' dir='ltr'><strong>cite:</strong></span> <span class='ocrx_word' id='word_1_432' title='bbox 2462 2706 2489 2738; x_wconf 83' lang='lat'><strong>«</strong></span> <span class='ocrx_word' id='word_1_433' title='bbox 2518 2689 2635 2744; x_wconf 86' lang='lat' dir='ltr'><strong>Nisi</strong></span> <span class='ocrx_word' id='word_1_434' title='bbox 2665 2695 2725 2745; x_wconf 92' lang='lat' dir='ltr'><strong>tu</strong></span> <span class='ocrx_word' id='word_1_435' title='bbox 2765 2692 2918 2761; x_wconf 87' lang='lat' dir='ltr'><strong>prius</strong></span> <span class='ocrx_word' id='word_1_436' title='bbox 2961 2693 3232 2750; x_wconf 90' lang='lat' dir='ltr'><strong>interiora</strong></span> <span class='ocrx_word' id='word_1_437' title='bbox 3270 2701 3358 2750; x_wconf 88' lang='lat' dir='ltr'><strong>tua</strong></span> <span class='ocrx_word' id='word_1_438' title='bbox 3398 2708 3546 2750; x_wconf 84' lang='lat' dir='ltr'><strong>vacua</strong></span> <span class='ocrx_word' id='word_1_439' title='bbox 3582 2687 3790 2748; x_wconf 83' lang='lat' dir='ltr'><strong>fecerisab</strong></span> 
     </span>
    </p>
   </div>
   <div class='ocr_carea' id='block_1_29' title="bbox 547 2775 3790 2850">
    <p class='ocr_par' dir='ltr' id='par_1_29' title="bbox 547 2775 3790 2850">
     <span class='ocr_line' id='line_1_29' title="bbox 547 2775 3790 2850; baseline -0.002 -13"><span class='ocrx_word' id='word_1_440' title='bbox 547 2785 790 2850; x_wconf 88' lang='lat' dir='ltr'><strong>dierunt,</strong></span> <span class='ocrx_word' id='word_1_441' title='bbox 832 2785 953 2840; x_wconf 71' lang='lat' dir='ltr'><strong>haec</strong></span> <span class='ocrx_word' id='word_1_442' title='bbox 982 2783 1205 2838; x_wconf 90' lang='lat' dir='ltr'><strong>minime</strong></span> <span class='ocrx_word' id='word_1_443' title='bbox 1235 2782 1292 2836; x_wconf 91' lang='lat' dir='ltr'><strong>in</strong></span> <span class='ocrx_word' id='word_1_444' title='bbox 1342 2779 1623 2835; x_wconf 90' lang='lat' dir='ltr'><strong>matutinis</strong></span> <span class='ocrx_word' id='word_1_445' title='bbox 1679 2777 1989 2843; x_wconf 89' lang='lat' dir='ltr'><strong>credentes,</strong></span> <span class='ocrx_word' id='word_1_446' title='bbox 2051 2777 2192 2833; x_wconf 88' lang='lat' dir='ltr'><strong>ultra</strong></span> <span class='ocrx_word' id='word_1_447' title='bbox 2275 2775 2424 2829; x_wconf 89' lang='lat' dir='ltr'><strong>omni</strong></span> <span class='ocrx_word' id='word_1_448' title='bbox 2454 2775 2576 2832; x_wconf 88' lang='lat' dir='ltr'><strong>labe</strong></span> <span class='ocrx_word' id='word_1_449' title='bbox 2612 2782 2849 2848; x_wconf 87' lang='lat' dir='ltr'><strong>peccati,</strong></span> <span class='ocrx_word' id='word_1_450' title='bbox 2890 2795 2959 2837; x_wconf 91' lang='lat' dir='ltr'><strong>ne</strong></span> <span class='ocrx_word' id='word_1_451' title='bbox 2997 2783 3374 2841; x_wconf 87' lang='lat' dir='ltr'><strong>dissensiones</strong></span> <span class='ocrx_word' id='word_1_452' title='bbox 3417 2783 3790 2847; x_wconf 83' lang='lat' dir='ltr'><strong>contentionesque</strong></span> 
     </span>
    </p>
   </div>
   <div class='ocr_carea' id='block_1_30' title="bbox 549 2864 3791 2946">
    <p class='ocr_par' dir='ltr' id='par_1_30' title="bbox 549 2864 3791 2946">
     <span class='ocr_line' id='line_1_30' title="bbox 549 2864 3791 2946; baseline -0.002 -17"><span class='ocrx_word' id='word_1_453' title='bbox 549 2875 770 2931; x_wconf 91' lang='lat' dir='ltr'><strong>modum</strong></span> <span class='ocrx_word' id='word_1_454' title='bbox 801 2875 870 2929; x_wconf 93' lang='lat' dir='ltr'><strong>de</strong></span> <span class='ocrx_word' id='word_1_455' title='bbox 902 2874 987 2928; x_wconf 89' lang='lat' dir='ltr'><strong>his</strong></span> <span class='ocrx_word' id='word_1_456' title='bbox 1025 2886 1150 2942; x_wconf 78' lang='lat' dir='ltr'><strong>quae</strong></span> <span class='ocrx_word' id='word_1_457' title='bbox 1181 2871 1249 2926; x_wconf 89' lang='lat' dir='ltr'><strong>ab</strong></span> <span class='ocrx_word' id='word_1_458' title='bbox 1296 2869 1518 2925; x_wconf 85' lang='lat' dir='ltr'><strong>Arialdo</strong></span> <span class='ocrx_word' id='word_1_459' title='bbox 1558 2868 1884 2924; x_wconf 88' lang='lat' dir='ltr'><strong>dicebantur</strong></span> <span class='ocrx_word' id='word_1_460' title='bbox 1931 2868 2192 2924; x_wconf 89' lang='lat' dir='ltr'><strong>mirantes</strong></span> <span class='ocrx_word' id='word_1_461' title='bbox 2273 2878 2342 2918; x_wconf 82' lang='lat' dir='ltr'><strong>ex</strong></span> <span class='ocrx_word' id='word_1_462' title='bbox 2371 2864 2570 2922; x_wconf 70' lang='lat' dir='ltr'><strong>ail‘ectu</strong></span> <span class='ocrx_word' id='word_1_463' title='bbox 2619 2876 2714 2925; x_wconf 91' lang='lat' dir='ltr'><strong>tuo</strong></span> <span class='ocrx_word' id='word_1_464' title='bbox 2765 2872 3057 2942; x_wconf 88' lang='lat' dir='ltr'><strong>prodeant,</strong></span> <span class='ocrx_word' id='word_1_465' title='bbox 3103 2889 3214 2932; x_wconf 93' lang='lat' dir='ltr'><strong>non</strong></span> <span class='ocrx_word' id='word_1_466' title='bbox 3261 2883 3412 2946; x_wconf 89' lang='lat' dir='ltr'><strong>potes</strong></span> <span class='ocrx_word' id='word_1_467' title='bbox 3437 2875 3546 2930; x_wconf 89' lang='lat' dir='ltr'><strong>aliis</strong></span> <span class='ocrx_word' id='word_1_468' title='bbox 3590 2872 3697 2928; x_wconf 82' lang='lat' dir='ltr'><strong>ferre</strong></span> <span class='ocrx_word' id='word_1_469' title='bbox 3723 2882 3791 2922; x_wconf 70' lang='lat' dir='ltr'><strong>me</strong></span> 
     </span>
    </p>
   </div>
   <div class='ocr_carea' id='block_1_31' title="bbox 547 2953 3794 3036">
    <p class='ocr_par' dir='ltr' id='par_1_31' title="bbox 547 2953 3794 3036">
     <span class='ocr_line' id='line_1_31' title="bbox 547 2953 3794 3036; baseline -0.002 -19"><span class='ocrx_word' id='word_1_470' title='bbox 547 2964 967 3031; x_wconf 90' lang='lat' dir='ltr'><strong>abstupuerunt,</strong></span> <span class='ocrx_word' id='word_1_471' title='bbox 1010 2961 1240 3015; x_wconf 83' lang='lat' dir='ltr'><strong>maxime</strong></span> <span class='ocrx_word' id='word_1_472' title='bbox 1269 2959 1602 3013; x_wconf 85' lang='lat' dir='ltr'><strong>afﬁrmantes</strong></span> <span class='ocrx_word' id='word_1_473' title='bbox 1631 2957 1780 3026; x_wconf 91' lang='lat' dir='ltr'><strong>quod</strong></span> <span class='ocrx_word' id='word_1_474' title='bbox 1829 2970 1988 3012; x_wconf 90' lang='lat' dir='ltr'><strong>nemo</strong></span> <span class='ocrx_word' id='word_1_475' title='bbox 2019 2959 2188 3012; x_wconf 89' lang='lat' dir='ltr'><strong>casti-</strong></span> <span class='ocrx_word' id='word_1_476' title='bbox 2218 3031 2248 3036; x_wconf 36' lang='grc' dir='ltr'><strong><em>μ</em></strong></span> <span class='ocrx_word' id='word_1_477' title='bbox 2274 2953 2535 3010; x_wconf 90' lang='lat' dir='ltr'><strong>dicinam.</strong></span> <span class='ocrx_word' id='word_1_478' title='bbox 2566 2961 2610 3012; x_wconf 82' lang='grc' dir='ltr'><strong>Α</strong></span> <span class='ocrx_word' id='word_1_479' title='bbox 2642 2965 2693 3014; x_wconf 91' lang='lat' dir='ltr'><strong>te</strong></span> <span class='ocrx_word' id='word_1_480' title='bbox 2722 2959 2786 2990; x_wconf 78' lang='grc'><strong>⁸¹⁹</strong></span> <span class='ocrx_word' id='word_1_481' title='bbox 2813 2961 2983 3032; x_wconf 83' lang='lat' dir='ltr'><strong>igitur</strong></span> <span class='ocrx_word' id='word_1_482' title='bbox 3011 2979 3209 3033; x_wconf 90' lang='lat' dir='ltr'><strong>pacem</strong></span> <span class='ocrx_word' id='word_1_483' title='bbox 3247 2967 3440 3036; x_wconf 89' lang='lat' dir='ltr'><strong>incipe,</strong></span> <span class='ocrx_word' id='word_1_484' title='bbox 3469 2973 3520 3019; x_wconf 92' lang='lat' dir='ltr'><strong>ut</strong></span> <span class='ocrx_word' id='word_1_485' title='bbox 3551 2977 3648 3018; x_wconf 88' lang='lat' dir='ltr'><strong>cum</strong></span> <span class='ocrx_word' id='word_1_486' title='bbox 3683 2957 3794 3013; x_wconf 83' lang='lat' dir='ltr'><strong>lueris</strong></span> 
     </span>
    </p>
   </div>
   <div class='ocr_carea' id='block_1_32' title="bbox 549 3031 3796 3122">
    <p class='ocr_par' dir='ltr' id='par_1_32' title="bbox 549 3031 3796 3122">
     <span class='ocr_line' id='line_1_32' title="bbox 549 3031 3796 3122; baseline -0.002 -16"><span class='ocrx_word' id='word_1_487' title='bbox 549 3057 716 3106; x_wconf 87' lang='lat' dir='ltr'><strong>tatem</strong></span> <span class='ocrx_word' id='word_1_488' title='bbox 749 3051 950 3105; x_wconf 89' lang='lat' dir='ltr'><strong>habere</strong></span> <span class='ocrx_word' id='word_1_489' title='bbox 981 3056 1184 3118; x_wconf 88' lang='lat' dir='ltr'><strong>potest,</strong></span> <span class='ocrx_word' id='word_1_490' title='bbox 1226 3047 1331 3102; x_wconf 91' lang='lat' dir='ltr'><strong>nisi</strong></span> <span class='ocrx_word' id='word_1_491' title='bbox 1353 3048 1404 3102; x_wconf 90' lang='lat' dir='ltr'><strong>ei</strong></span> <span class='ocrx_word' id='word_1_492' title='bbox 1433 3062 1464 3102; x_wconf 92' lang='lat' dir='ltr'><strong>a</strong></span> <span class='ocrx_word' id='word_1_493' title='bbox 1494 3049 1608 3102; x_wconf 90' lang='lat' dir='ltr'><strong>Deo</strong></span> <span class='ocrx_word' id='word_1_494' title='bbox 1639 3047 1824 3102; x_wconf 91' lang='lat' dir='ltr'><strong>datum</strong></span> <span class='ocrx_word' id='word_1_495' title='bbox 1853 3046 1946 3113; x_wconf 89' lang='lat' dir='ltr'><strong>sit,</strong></span> <span class='ocrx_word' id='word_1_496' title='bbox 1968 3046 2187 3103; x_wconf 92' lang='lat' dir='ltr'><strong>dicente</strong></span> <span class='ocrx_word' id='word_1_497' title='bbox 2209 3031 2252 3091; x_wconf 70' lang='grc' dir='ltr'>α</span> <span class='ocrx_word' id='word_1_498' title='bbox 2274 3042 2392 3112; x_wconf 91' lang='lat' dir='ltr'><strong>ipse</strong></span> <span class='ocrx_word' id='word_1_499' title='bbox 2449 3047 2730 3117; x_wconf 84' lang='lat' dir='ltr'><strong>paciﬁcus,</strong></span> <span class='ocrx_word' id='word_1_500' title='bbox 2785 3031 2974 3120; x_wconf 86' lang='lat' dir='ltr'><strong>pacem</strong></span> <span class='ocrx_word' id='word_1_501' title='bbox 3012 3031 3165 3110; x_wconf 78' lang='lat' dir='ltr'><strong>aliis</strong></span> <span class='ocrx_word' id='word_1_502' title='bbox 3217 3031 3376 3112; x_wconf 55' lang='lat' dir='ltr'><strong>feras:</strong></span> <span class='ocrx_word' id='word_1_503' title='bbox 3425 3031 3662 3122; x_wconf 77' lang='lat' dir='ltr'><strong>Quomodo</strong></span> <span class='ocrx_word' id='word_1_504' title='bbox 3701 3047 3796 3103; x_wconf 85' lang='lat' dir='ltr'><strong>enim</strong></span> 
     </span>
    </p>
   </div>
   <div class='ocr_carea' id='block_1_33' title="bbox 547 3136 3797 3213">
    <p class='ocr_par' dir='ltr' id='par_1_33' title="bbox 547 3136 3797 3213">
     <span class='ocr_line' id='line_1_33' title="bbox 547 3136 3797 3213; baseline -0.001 -19"><span class='ocrx_word' id='word_1_505' title='bbox 547 3139 849 3209; x_wconf 81' lang='lat' dir='ltr'><strong>Apostolo:</strong></span> <span class='ocrx_word' id='word_1_506' title='bbox 886 3139 1210 3206; x_wconf 85' lang='lat' dir='ltr'><strong>«Quoniam</strong></span> <span class='ocrx_word' id='word_1_507' title='bbox 1260 3137 1445 3191; x_wconf 91' lang='lat' dir='ltr'><strong>datum</strong></span> <span class='ocrx_word' id='word_1_508' title='bbox 1501 3137 1706 3191; x_wconf 91' lang='lat' dir='ltr'><strong>bonum</strong></span> <span class='ocrx_word' id='word_1_509' title='bbox 1764 3142 1867 3203; x_wconf 89' lang='lat' dir='ltr'><strong>est,</strong></span> <span class='ocrx_word' id='word_1_510' title='bbox 1922 3141 1977 3190; x_wconf 91' lang='lat' dir='ltr'><strong>et</strong></span> <span class='ocrx_word' id='word_1_511' title='bbox 2028 3149 2189 3193; x_wconf 89' lang='lat' dir='ltr'><strong>omne</strong></span> <span class='ocrx_word' id='word_1_512' title='bbox 2271 3139 2431 3202; x_wconf 90' lang='lat' dir='ltr'><strong>potes</strong></span> <span class='ocrx_word' id='word_1_513' title='bbox 2484 3136 2717 3193; x_wconf 90' lang='lat' dir='ltr'><strong>aliorum</strong></span> <span class='ocrx_word' id='word_1_514' title='bbox 2755 3141 2924 3196; x_wconf 88' lang='lat' dir='ltr'><strong>corda</strong></span> <span class='ocrx_word' id='word_1_515' title='bbox 2954 3143 3253 3213; x_wconf 81' lang='lat' dir='ltr'><strong>mundare,</strong></span> <span class='ocrx_word' id='word_1_516' title='bbox 3285 3146 3387 3200; x_wconf 90' lang='lat' dir='ltr'><strong>nisi</strong></span> <span class='ocrx_word' id='word_1_517' title='bbox 3415 3152 3546 3200; x_wconf 89' lang='lat' dir='ltr'><strong>tuum</strong></span> <span class='ocrx_word' id='word_1_518' title='bbox 3571 3150 3668 3196; x_wconf 87' lang='lat' dir='ltr'><strong>ante</strong></span> <span class='ocrx_word' id='word_1_519' title='bbox 3689 3149 3797 3192; x_wconf 86' lang='lat' dir='ltr'><strong>mun-</strong></span> 
     </span>
    </p>
   </div>
   <div class='ocr_carea' id='block_1_34' title="bbox 543 3221 3792 3303">
    <p class='ocr_par' dir='ltr' id='par_1_34' title="bbox 543 3221 3792 3303">
     <span class='ocr_line' id='line_1_34' title="bbox 543 3221 3792 3303; baseline -0.001 -20"><span class='ocrx_word' id='word_1_520' title='bbox 543 3229 747 3284; x_wconf 94' lang='lat' dir='ltr'><strong>donum</strong></span> <span class='ocrx_word' id='word_1_521' title='bbox 780 3227 1082 3297; x_wconf 88' lang='lat' dir='ltr'><strong>perfectum</strong></span> <span class='ocrx_word' id='word_1_522' title='bbox 1108 3225 1176 3280; x_wconf 85' lang='lat' dir='ltr'><strong>de</strong></span> <span class='ocrx_word' id='word_1_523' title='bbox 1215 3224 1356 3280; x_wconf 65' lang='lat' dir='ltr'><strong>cudo</strong></span> <span class='ocrx_word' id='word_1_524' title='bbox 1386 3239 1602 3279; x_wconf 90' lang='lat' dir='ltr'><strong>sursum</strong></span> <span class='ocrx_word' id='word_1_525' title='bbox 1641 3229 1743 3287; x_wconf 91' lang='lat' dir='ltr'><strong>est,</strong></span> <span class='ocrx_word' id='word_1_526' title='bbox 1775 3223 2120 3279; x_wconf 90' lang='lat' dir='ltr'><strong>descendens</strong></span> <span class='ocrx_word' id='word_1_527' title='bbox 2156 3240 2188 3280; x_wconf 89' lang='lat' dir='ltr'><strong>a</strong></span> <span class='ocrx_word' id='word_1_528' title='bbox 2270 3221 2524 3280; x_wconf 81' lang='lat' dir='ltr'><strong>daveris?</strong></span> <span class='ocrx_word' id='word_1_529' title='bbox 2553 3229 2631 3282; x_wconf 92' lang='lat' dir='ltr'><strong>Tu</strong></span> <span class='ocrx_word' id='word_1_530' title='bbox 2667 3228 2839 3285; x_wconf 90' lang='lat' dir='ltr'><strong>habes</strong></span> <span class='ocrx_word' id='word_1_531' title='bbox 2882 3232 3091 3288; x_wconf 87' lang='lat' dir='ltr'><strong>trabem</strong></span> <span class='ocrx_word' id='word_1_532' title='bbox 3140 3236 3198 3290; x_wconf 93' lang='lat' dir='ltr'><strong>in</strong></span> <span class='ocrx_word' id='word_1_533' title='bbox 3246 3236 3420 3303; x_wconf 92' lang='lat' dir='ltr'><strong>oculo,</strong></span> <span class='ocrx_word' id='word_1_534' title='bbox 3473 3241 3522 3289; x_wconf 89' lang='lat' dir='ltr'><strong>et</strong></span> <span class='ocrx_word' id='word_1_535' title='bbox 3566 3233 3631 3287; x_wconf 87' lang='lat' dir='ltr'><strong>vis</strong></span> <span class='ocrx_word' id='word_1_536' title='bbox 3658 3228 3792 3298; x_wconf 81' lang='lat' dir='ltr'><strong>ejicere</strong></span> 
     </span>
    </p>
   </div>
   <div class='ocr_carea' id='block_1_35' title="bbox 540 3309 3790 3396">
    <p class='ocr_par' dir='ltr' id='par_1_35' title="bbox 540 3309 3790 3396">
     <span class='ocr_line' id='line_1_35' title="bbox 540 3309 3790 3396; baseline 0.002 -24"><span class='ocrx_word' id='word_1_537' title='bbox 540 3322 701 3373; x_wconf 89' lang='lat' dir='ltr'><strong>Patre</strong></span> <span class='ocrx_word' id='word_1_538' title='bbox 736 3317 877 3389; x_wconf 87' lang='lat' dir='ltr'><strong>(Jac.</strong></span> <span class='ocrx_word' id='word_1_539' title='bbox 905 3334 941 3384; x_wconf 86' lang='grc' dir='ltr'><strong>ι,</strong></span> <span class='ocrx_word' id='word_1_540' title='bbox 975 3317 1076 3386; x_wconf 86' lang='lat' dir='ltr'><strong>l7).</strong></span> <span class='ocrx_word' id='word_1_541' title='bbox 1103 3336 1130 3364; x_wconf 87' lang='lat'>»</span> <span class='ocrx_word' id='word_1_542' title='bbox 1152 3318 1341 3384; x_wconf 88' lang='lat' dir='ltr'><strong>Itaque</strong></span> <span class='ocrx_word' id='word_1_543' title='bbox 1363 3321 1509 3370; x_wconf 76' lang='lat' dir='ltr'><strong>coetu</strong></span> <span class='ocrx_word' id='word_1_544' title='bbox 1531 3314 1839 3369; x_wconf 87' lang='lat' dir='ltr'><strong>coadunato</strong></span> <span class='ocrx_word' id='word_1_545' title='bbox 1860 3322 2185 3370; x_wconf 90' lang='lat' dir='ltr'><strong>cunctorum</strong></span> <span class='ocrx_word' id='word_1_546' title='bbox 2267 3309 2531 3369; x_wconf 83' lang='lat' dir='ltr'><strong>festucam</strong></span> <span class='ocrx_word' id='word_1_547' title='bbox 2562 3317 2630 3372; x_wconf 92' lang='lat' dir='ltr'><strong>de</strong></span> <span class='ocrx_word' id='word_1_548' title='bbox 2657 3319 2818 3375; x_wconf 93' lang='lat' dir='ltr'><strong>oculo</strong></span> <span class='ocrx_word' id='word_1_549' title='bbox 2848 3320 3033 3378; x_wconf 89' lang='lat' dir='ltr'><strong>fratris</strong></span> <span class='ocrx_word' id='word_1_550' title='bbox 3055 3327 3185 3381; x_wconf 81' lang='lat' dir='ltr'><strong>tui?</strong></span> <span class='ocrx_word' id='word_1_551' title='bbox 3217 3327 3477 3396; x_wconf 83' lang='lat' dir='ltr'><strong>Ypocrita,</strong></span> <span class='ocrx_word' id='word_1_552' title='bbox 3496 3324 3610 3393; x_wconf 88' lang='lat' dir='ltr'><strong>ejice</strong></span> <span class='ocrx_word' id='word_1_553' title='bbox 3634 3320 3790 3390; x_wconf 77' lang='lat' dir='ltr'><strong>primum</strong></span> 
     </span>
    </p>
   </div>
   <div class='ocr_carea' id='block_1_36' title="bbox 542 3402 3789 3478">
    <p class='ocr_par' dir='ltr' id='par_1_36' title="bbox 542 3402 3789 3478">
     <span class='ocr_line' id='line_1_36' title="bbox 542 3402 3789 3478; baseline -0.002 -16"><span class='ocrx_word' id='word_1_554' title='bbox 542 3409 609 3462; x_wconf 91' lang='lat' dir='ltr'><strong>ad</strong></span> <span class='ocrx_word' id='word_1_555' title='bbox 667 3407 971 3463; x_wconf 84' lang='lat' dir='ltr'><strong>Guidonem</strong></span> <span class='ocrx_word' id='word_1_556' title='bbox 1030 3405 1526 3474; x_wconf 88' lang='lat' dir='ltr'><strong>archiepiscopum,</strong></span> <span class='ocrx_word' id='word_1_557' title='bbox 1587 3410 1647 3458; x_wconf 92' lang='lat' dir='ltr'><strong>ut</strong></span> <span class='ocrx_word' id='word_1_558' title='bbox 1702 3403 1886 3458; x_wconf 88' lang='lat' dir='ltr'><strong>omnia</strong></span> <span class='ocrx_word' id='word_1_559' title='bbox 1939 3404 2183 3459; x_wconf 91' lang='lat' dir='ltr'><strong>seriatim</strong></span> <span class='ocrx_word' id='word_1_560' title='bbox 2263 3402 2475 3458; x_wconf 89' lang='lat' dir='ltr'><strong>trabem</strong></span> <span class='ocrx_word' id='word_1_561' title='bbox 2505 3404 2574 3460; x_wconf 88' lang='lat' dir='ltr'><strong>de</strong></span> <span class='ocrx_word' id='word_1_562' title='bbox 2604 3407 2766 3464; x_wconf 92' lang='lat' dir='ltr'><strong>oculo</strong></span> <span class='ocrx_word' id='word_1_563' title='bbox 2797 3417 2912 3478; x_wconf 91' lang='lat' dir='ltr'><strong>tuo,</strong></span> <span class='ocrx_word' id='word_1_564' title='bbox 2947 3418 3002 3466; x_wconf 90' lang='lat' dir='ltr'><strong>et</strong></span> <span class='ocrx_word' id='word_1_565' title='bbox 3031 3415 3397 3471; x_wconf 82' lang='lat' dir='ltr'><strong>tnnevidebis</strong></span> <span class='ocrx_word' id='word_1_566' title='bbox 3421 3407 3789 3478; x_wconf 82' lang='lat' dir='ltr'><strong>festucamejicere</strong></span> 
     </span>
    </p>
   </div>
   <div class='ocr_carea' id='block_1_37' title="bbox 540 3490 3790 3573">
    <p class='ocr_par' dir='ltr' id='par_1_37' title="bbox 540 3490 3790 3573">
     <span class='ocr_line' id='line_1_37' title="bbox 540 3490 3790 3573; baseline 0 -21"><span class='ocrx_word' id='word_1_567' title='bbox 540 3511 663 3566; x_wconf 76' lang='lat' dir='ltr'><strong>quae</strong></span> <span class='ocrx_word' id='word_1_568' title='bbox 729 3495 984 3551; x_wconf 88' lang='lat' dir='ltr'><strong>Arialdus</strong></span> <span class='ocrx_word' id='word_1_569' title='bbox 1049 3495 1264 3550; x_wconf 88' lang='lat' dir='ltr'><strong>noviter</strong></span> <span class='ocrx_word' id='word_1_570' title='bbox 1319 3492 1768 3548; x_wconf 90' lang='lat' dir='ltr'><strong>disseminaverat</strong></span> <span class='ocrx_word' id='word_1_571' title='bbox 1815 3492 2177 3560; x_wconf 90' lang='lat' dir='ltr'><strong>nuntiarent,</strong></span> <span class='ocrx_word' id='word_1_572' title='bbox 2263 3490 2332 3544; x_wconf 90' lang='lat' dir='ltr'><strong>de</strong></span> <span class='ocrx_word' id='word_1_573' title='bbox 2389 3493 2552 3550; x_wconf 92' lang='lat' dir='ltr'><strong>oculo</strong></span> <span class='ocrx_word' id='word_1_574' title='bbox 2591 3495 2775 3553; x_wconf 89' lang='lat' dir='ltr'><strong>fratris</strong></span> <span class='ocrx_word' id='word_1_575' title='bbox 2834 3501 2912 3555; x_wconf 92' lang='lat' dir='ltr'><strong>tui</strong></span> <span class='ocrx_word' id='word_1_576' title='bbox 2965 3501 3121 3571; x_wconf 82' lang='lat' dir='ltr'><strong>(Luc.</strong></span> <span class='ocrx_word' id='word_1_577' title='bbox 3187 3519 3267 3573; x_wconf 81' lang='lat' dir='ltr'><strong>v1,</strong></span> <span class='ocrx_word' id='word_1_578' title='bbox 3322 3505 3424 3572; x_wconf 87' lang='lat'><strong>42).</strong></span> <span class='ocrx_word' id='word_1_579' title='bbox 3477 3506 3591 3559; x_wconf 88' lang='lat' dir='ltr'><strong>ltem</strong></span> <span class='ocrx_word' id='word_1_580' title='bbox 3619 3493 3790 3566; x_wconf 75' lang='lat' dir='ltr'><strong>Augusti-</strong></span> 
     </span>
    </p>
   </div>
   <div class='ocr_carea' id='block_1_38' title="bbox 535 3581 3788 3663">
    <p class='ocr_par' dir='ltr' id='par_1_38' title="bbox 535 3581 3788 3663">
     <span class='ocr_line' id='line_1_38' title="bbox 535 3581 3788 3663; baseline -0.002 -22"><span class='ocrx_word' id='word_1_581' title='bbox 535 3587 865 3641; x_wconf 91' lang='lat' dir='ltr'><strong>unanimiter</strong></span> <span class='ocrx_word' id='word_1_582' title='bbox 894 3585 1082 3641; x_wconf 90' lang='lat' dir='ltr'><strong>clerici</strong></span> <span class='ocrx_word' id='word_1_583' title='bbox 1114 3591 1168 3638; x_wconf 92' lang='lat' dir='ltr'><strong>et</strong></span> <span class='ocrx_word' id='word_1_584' title='bbox 1195 3583 1323 3638; x_wconf 90' lang='lat' dir='ltr'><strong>laici</strong></span> <span class='ocrx_word' id='word_1_585' title='bbox 1361 3588 1783 3639; x_wconf 89' lang='lat' dir='ltr'><strong>concurrerunt.</strong></span> <span class='ocrx_word' id='word_1_586' title='bbox 1815 3581 2177 3648; x_wconf 85' lang='lat' dir='ltr'><strong>Quamobrem</strong></span> <span class='ocrx_word' id='word_1_587' title='bbox 2261 3592 2365 3634; x_wconf 89' lang='lat' dir='ltr'><strong>nus</strong></span> <span class='ocrx_word' id='word_1_588' title='bbox 2416 3582 2481 3652; x_wconf 93' lang='lat' dir='ltr'><strong>(l.</strong></span> <span class='ocrx_word' id='word_1_589' title='bbox 2532 3585 2575 3652; x_wconf 87' lang='grc' dir='ltr'><strong>Ι,</strong></span> <span class='ocrx_word' id='word_1_590' title='bbox 2621 3600 2671 3641; x_wconf 93' lang='lat' dir='ltr'><strong>c.</strong></span> <span class='ocrx_word' id='word_1_591' title='bbox 2731 3586 2867 3658; x_wconf 89' lang='lat'><strong>63):</strong></span> <span class='ocrx_word' id='word_1_592' title='bbox 2911 3606 2938 3643; x_wconf 74' lang='grc' dir='ltr'><strong>ι(</strong></span> <span class='ocrx_word' id='word_1_593' title='bbox 2979 3591 3169 3648; x_wconf 87' lang='lat' dir='ltr'><strong>Facile</strong></span> <span class='ocrx_word' id='word_1_594' title='bbox 3225 3593 3304 3649; x_wconf 88' lang='lat' dir='ltr'><strong>hii</strong></span> <span class='ocrx_word' id='word_1_595' title='bbox 3339 3589 3704 3663; x_wconf 88' lang='lat' dir='ltr'><strong>reprehendunt,</strong></span> <span class='ocrx_word' id='word_1_596' title='bbox 3729 3581 3788 3650; x_wconf 85' lang='lat' dir='ltr'><strong>qui</strong></span> 
     </span>
    </p>
   </div>
   <div class='ocr_carea' id='block_1_39' title="bbox 534 3669 3788 3752">
    <p class='ocr_par' dir='ltr' id='par_1_39' title="bbox 534 3669 3788 3752">
     <span class='ocr_line' id='line_1_39' title="bbox 534 3669 3788 3752; baseline -0.002 -22"><span class='ocrx_word' id='word_1_597' title='bbox 534 3676 730 3742; x_wconf 88' lang='lat' dir='ltr'><strong>Guido,</strong></span> <span class='ocrx_word' id='word_1_598' title='bbox 763 3675 1044 3730; x_wconf 86' lang='lat' dir='ltr'><strong>advocatis</strong></span> <span class='ocrx_word' id='word_1_599' title='bbox 1072 3672 1294 3728; x_wconf 88' lang='lat' dir='ltr'><strong>Arialdo</strong></span> <span class='ocrx_word' id='word_1_600' title='bbox 1325 3679 1380 3728; x_wconf 93' lang='lat' dir='ltr'><strong>et</strong></span> <span class='ocrx_word' id='word_1_601' title='bbox 1408 3669 1696 3737; x_wconf 88' lang='lat' dir='ltr'><strong>Landulfo,</strong></span> <span class='ocrx_word' id='word_1_602' title='bbox 1739 3684 1808 3726; x_wconf 92' lang='lat' dir='ltr'><strong>ne</strong></span> <span class='ocrx_word' id='word_1_603' title='bbox 1850 3685 2007 3726; x_wconf 91' lang='lat' dir='ltr'><strong>usum</strong></span> <span class='ocrx_word' id='word_1_604' title='bbox 2035 3672 2178 3726; x_wconf 87' lang='lat' dir='ltr'><strong>anti-</strong></span> <span class='ocrx_word' id='word_1_605' title='bbox 2258 3670 2430 3740; x_wconf 89' lang='lat' dir='ltr'><strong>magis</strong></span> <span class='ocrx_word' id='word_1_606' title='bbox 2467 3681 2650 3730; x_wconf 89' lang='lat' dir='ltr'><strong>amant</strong></span> <span class='ocrx_word' id='word_1_607' title='bbox 2673 3677 2982 3747; x_wconf 89' lang='lat' dir='ltr'><strong>vituperare</strong></span> <span class='ocrx_word' id='word_1_608' title='bbox 3013 3687 3068 3736; x_wconf 91' lang='lat' dir='ltr'><strong>et</strong></span> <span class='ocrx_word' id='word_1_609' title='bbox 3097 3682 3382 3750; x_wconf 88' lang='lat' dir='ltr'><strong>damnare,</strong></span> <span class='ocrx_word' id='word_1_610' title='bbox 3411 3696 3554 3752; x_wconf 89' lang='lat' dir='ltr'><strong>quam</strong></span> <span class='ocrx_word' id='word_1_611' title='bbox 3586 3673 3788 3734; x_wconf 81' lang='lat' dir='ltr'><strong>emendare</strong></span> 
     </span>
    </p>
   </div>
   <div class='ocr_carea' id='block_1_40' title="bbox 540 3758 3786 3842">
    <p class='ocr_par' dir='ltr' id='par_1_40' title="bbox 540 3758 3786 3842">
     <span class='ocr_line' id='line_1_40' title="bbox 540 3758 3786 3842; baseline -0.002 -23"><span class='ocrx_word' id='word_1_612' title='bbox 540 3779 704 3834; x_wconf 93' lang='lat' dir='ltr'><strong>quum</strong></span> <span class='ocrx_word' id='word_1_613' title='bbox 746 3765 1033 3833; x_wconf 89' lang='lat' dir='ltr'><strong>bonosque</strong></span> <span class='ocrx_word' id='word_1_614' title='bbox 1091 3761 1340 3817; x_wconf 75' lang='lat' dir='ltr'><strong>ecclesiae</strong></span> <span class='ocrx_word' id='word_1_615' title='bbox 1396 3774 1578 3817; x_wconf 91' lang='lat' dir='ltr'><strong>mores</strong></span> <span class='ocrx_word' id='word_1_616' title='bbox 1633 3764 1742 3815; x_wconf 91' lang='lat' dir='ltr'><strong>tam</strong></span> <span class='ocrx_word' id='word_1_617' title='bbox 1797 3760 2173 3816; x_wconf 70' lang='lat' dir='ltr'><strong>Ambrosianae</strong></span> <span class='ocrx_word' id='word_1_618' title='bbox 2255 3763 2421 3829; x_wconf 90' lang='lat' dir='ltr'><strong>atque</strong></span> <span class='ocrx_word' id='word_1_619' title='bbox 2460 3764 2761 3835; x_wconf 88' lang='lat' dir='ltr'><strong>corrigere.</strong></span> <span class='ocrx_word' id='word_1_620' title='bbox 2806 3767 2883 3838; x_wconf 93' lang='lat' dir='ltr'><strong>(c.</strong></span> <span class='ocrx_word' id='word_1_621' title='bbox 2923 3768 3064 3842; x_wconf 85' lang='lat'><strong>64).)</strong></span> <span class='ocrx_word' id='word_1_622' title='bbox 3098 3773 3263 3840; x_wconf 84' lang='lat' dir='ltr'><strong>Quod</strong></span> <span class='ocrx_word' id='word_1_623' title='bbox 3294 3758 3470 3828; x_wconf 85' lang='lat' dir='ltr'><strong>vitium</strong></span> <span class='ocrx_word' id='word_1_624' title='bbox 3505 3775 3575 3825; x_wconf 89' lang='lat' dir='ltr'><strong>est</strong></span> <span class='ocrx_word' id='word_1_625' title='bbox 3597 3761 3786 3834; x_wconf 73' lang='lat' dir='ltr'><strong>superbia</strong></span> 
     </span>
    </p>
   </div>
   <div class='ocr_carea' id='block_1_41' title="bbox 526 3848 3790 3933">
    <p class='ocr_par' dir='ltr' id='par_1_41' title="bbox 526 3848 3790 3933">
     <span class='ocr_line' id='line_1_41' title="bbox 526 3848 3790 3933; baseline 0.002 -24"><span class='ocrx_word' id='word_1_626' title='bbox 526 3869 686 3929; x_wconf 82' lang='lat' dir='ltr'><strong>quam</strong></span> <span class='ocrx_word' id='word_1_627' title='bbox 745 3855 915 3909; x_wconf 87' lang='lat' dir='ltr'><strong>totius</strong></span> <span class='ocrx_word' id='word_1_628' title='bbox 966 3853 1167 3921; x_wconf 63' lang='lat' dir='ltr'><strong>lingua:</strong></span> <span class='ocrx_word' id='word_1_629' title='bbox 1245 3851 1468 3916; x_wconf 70' lang='lat' dir='ltr'><strong>Latinae,</strong></span> <span class='ocrx_word' id='word_1_630' title='bbox 1547 3858 1654 3906; x_wconf 91' lang='lat' dir='ltr'><strong>tam</strong></span> <span class='ocrx_word' id='word_1_631' title='bbox 1729 3851 1935 3906; x_wconf 71' lang='lat' dir='ltr'><strong>Latinae</strong></span> <span class='ocrx_word' id='word_1_632' title='bbox 2009 3864 2170 3920; x_wconf 89' lang='lat' dir='ltr'><strong>quam</strong></span> <span class='ocrx_word' id='word_1_633' title='bbox 2254 3848 2337 3902; x_wconf 90' lang='lat' dir='ltr'><strong>vel</strong></span> <span class='ocrx_word' id='word_1_634' title='bbox 2369 3850 2626 3920; x_wconf 72' lang='lat' dir='ltr'><strong>invidiae;</strong></span> <span class='ocrx_word' id='word_1_635' title='bbox 2670 3862 2726 3910; x_wconf 92' lang='lat' dir='ltr'><strong>et</strong></span> <span class='ocrx_word' id='word_1_636' title='bbox 2754 3857 2879 3914; x_wconf 88' lang='lat' dir='ltr'><strong>ideo</strong></span> <span class='ocrx_word' id='word_1_637' title='bbox 2911 3859 3001 3928; x_wconf 91' lang='lat' dir='ltr'><strong>pie</strong></span> <span class='ocrx_word' id='word_1_638' title='bbox 3039 3869 3317 3933; x_wconf 86' lang='lat' dir='ltr'><strong>cauteque</strong></span> <span class='ocrx_word' id='word_1_639' title='bbox 3345 3858 3635 3933; x_wconf 88' lang='lat' dir='ltr'><strong>vigilandum</strong></span> <span class='ocrx_word' id='word_1_640' title='bbox 3659 3855 3790 3916; x_wconf 58' lang='lat' dir='ltr'><strong>esi,ut</strong></span> 
     </span>
    </p>
   </div>
   <div class='ocr_carea' id='block_1_42' title="bbox 528 3940 3787 4022">
    <p class='ocr_par' dir='ltr' id='par_1_42' title="bbox 528 3940 3787 4022">
     <span class='ocr_line' id='line_1_42' title="bbox 528 3940 3787 4022; baseline 0 -25"><span class='ocrx_word' id='word_1_641' title='bbox 528 3945 732 3997; x_wconf 79' lang='lat' dir='ltr'><strong>Graecae</strong></span> <span class='ocrx_word' id='word_1_642' title='bbox 772 3943 962 4008; x_wconf 88' lang='lat' dir='ltr'><strong>totius,</strong></span> <span class='ocrx_word' id='word_1_643' title='bbox 1004 3941 1297 3996; x_wconf 89' lang='lat' dir='ltr'><strong>criminose</strong></span> <span class='ocrx_word' id='word_1_644' title='bbox 1343 3941 1558 3995; x_wconf 89' lang='lat' dir='ltr'><strong>turbam</strong></span> <span class='ocrx_word' id='word_1_645' title='bbox 1605 3940 1958 3996; x_wconf 90' lang='lat' dir='ltr'><strong>sollicitando</strong></span> <span class='ocrx_word' id='word_1_646' title='bbox 2003 3941 2173 3996; x_wconf 87' lang='lat' dir='ltr'><strong>indis-</strong></span> <span class='ocrx_word' id='word_1_647' title='bbox 2253 3952 2376 3994; x_wconf 92' lang='lat' dir='ltr'><strong>cum</strong></span> <span class='ocrx_word' id='word_1_648' title='bbox 2407 3941 2651 4012; x_wconf 90' lang='lat' dir='ltr'><strong>aliquem</strong></span> <span class='ocrx_word' id='word_1_649' title='bbox 2700 3947 3110 4016; x_wconf 86' lang='lat' dir='ltr'><strong>reprehendere</strong></span> <span class='ocrx_word' id='word_1_650' title='bbox 3161 3953 3245 4008; x_wconf 90' lang='lat' dir='ltr'><strong>vel</strong></span> <span class='ocrx_word' id='word_1_651' title='bbox 3276 3953 3546 4022; x_wconf 80' lang='lat' dir='ltr'><strong>objurgare</strong></span> <span class='ocrx_word' id='word_1_652' title='bbox 3578 3940 3787 4002; x_wconf 68' lang='lat' dir='ltr'><strong>necessitas</strong></span> 
     </span>
    </p>
   </div>
   <div class='ocr_carea' id='block_1_43' title="bbox 531 4023 3787 4107">
    <p class='ocr_par' dir='ltr' id='par_1_43' title="bbox 531 4023 3787 4107">
     <span class='ocr_line' id='line_1_43' title="bbox 531 4023 3787 4107; baseline 0.001 -21"><span class='ocrx_word' id='word_1_653' title='bbox 531 4038 732 4086; x_wconf 89' lang='lat' dir='ltr'><strong>cretam</strong></span> <span class='ocrx_word' id='word_1_654' title='bbox 802 4030 1215 4095; x_wconf 89' lang='lat' dir='ltr'><strong>eonturbarent,</strong></span> <span class='ocrx_word' id='word_1_655' title='bbox 1296 4038 1458 4099; x_wconf 90' lang='lat' dir='ltr'><strong>prout</strong></span> <span class='ocrx_word' id='word_1_656' title='bbox 1534 4029 1714 4099; x_wconf 93' lang='lat' dir='ltr'><strong>potuit</strong></span> <span class='ocrx_word' id='word_1_657' title='bbox 1788 4030 2039 4099; x_wconf 87' lang='lat' dir='ltr'><strong>privatim</strong></span> <span class='ocrx_word' id='word_1_658' title='bbox 2114 4037 2170 4087; x_wconf 90' lang='lat' dir='ltr'><strong>et</strong></span> <span class='ocrx_word' id='word_1_659' title='bbox 2251 4029 2452 4099; x_wconf 86' lang='lat' dir='ltr'><strong>coegit,</strong></span> <span class='ocrx_word' id='word_1_660' title='bbox 2485 4033 2664 4100; x_wconf 90' lang='lat' dir='ltr'><strong>primo</strong></span> <span class='ocrx_word' id='word_1_661' title='bbox 2695 4036 3020 4107; x_wconf 90' lang='lat' dir='ltr'><strong>cogitemus,</strong></span> <span class='ocrx_word' id='word_1_662' title='bbox 3064 4045 3251 4097; x_wconf 88' lang='lat' dir='ltr'><strong>utrum</strong></span> <span class='ocrx_word' id='word_1_663' title='bbox 3283 4042 3387 4097; x_wconf 87' lang='lat' dir='ltr'><strong>tale</strong></span> <span class='ocrx_word' id='word_1_664' title='bbox 3415 4041 3482 4095; x_wconf 90' lang='lat' dir='ltr'><strong>sit</strong></span> <span class='ocrx_word' id='word_1_665' title='bbox 3516 4037 3670 4093; x_wconf 88' lang='lat' dir='ltr'><strong>vitium</strong></span> <span class='ocrx_word' id='word_1_666' title='bbox 3691 4023 3787 4099; x_wconf 77' lang='lat' dir='ltr'><strong>quod</strong></span> 
     </span>
    </p>
   </div>
   <div class='ocr_carea' id='block_1_44' title="bbox 527 4118 3786 4202">
    <p class='ocr_par' dir='ltr' id='par_1_44' title="bbox 527 4118 3786 4202">
     <span class='ocr_line' id='line_1_44' title="bbox 527 4118 3786 4202; baseline 0.002 -28"><span class='ocrx_word' id='word_1_667' title='bbox 527 4122 746 4176; x_wconf 93' lang='lat' dir='ltr'><strong>curiose</strong></span> <span class='ocrx_word' id='word_1_668' title='bbox 777 4119 1107 4190; x_wconf 87' lang='lat' dir='ltr'><strong>corrigendo</strong></span> <span class='ocrx_word' id='word_1_669' title='bbox 1147 4119 1430 4183; x_wconf 86' lang='lat' dir='ltr'><strong>amonuit;</strong></span> <span class='ocrx_word' id='word_1_670' title='bbox 1471 4119 1603 4187; x_wconf 90' lang='lat' dir='ltr'><strong>quin</strong></span> <span class='ocrx_word' id='word_1_671' title='bbox 1643 4118 1805 4173; x_wconf 89' lang='lat' dir='ltr'><strong>etiam</strong></span> <span class='ocrx_word' id='word_1_672' title='bbox 1853 4119 2024 4174; x_wconf 87' lang='lat' dir='ltr'><strong>multa</strong></span> <span class='ocrx_word' id='word_1_673' title='bbox 2060 4119 2166 4174; x_wconf 93' lang='lat' dir='ltr'><strong>alia</strong></span> <span class='ocrx_word' id='word_1_674' title='bbox 2248 4122 3786 4202; x_wconf 70' lang='lat' dir='ltr'><strong>numquamhabuerimus,velquojamcaruimus.Etsinum‘</strong></span> 
     </span>
    </p>
   </div>
   <div class='ocr_carea' id='block_1_45' title="bbox 521 4208 3788 4288">
    <p class='ocr_par' dir='ltr' id='par_1_45' title="bbox 521 4208 3788 4288">
     <span class='ocr_line' id='line_1_45' title="bbox 521 4208 3788 4288; baseline 0.002 -23"><span class='ocrx_word' id='word_1_675' title='bbox 521 4210 661 4265; x_wconf 89' lang='lat' dir='ltr'><strong>mala</strong></span> <span class='ocrx_word' id='word_1_676' title='bbox 700 4209 1006 4279; x_wconf 89' lang='lat' dir='ltr'><strong>multasque</strong></span> <span class='ocrx_word' id='word_1_677' title='bbox 1037 4208 1413 4264; x_wconf 92' lang='lat' dir='ltr'><strong>dissensiones</strong></span> <span class='ocrx_word' id='word_1_678' title='bbox 1460 4222 1524 4263; x_wconf 91' lang='lat' dir='ltr'><strong>ac</strong></span> <span class='ocrx_word' id='word_1_679' title='bbox 1562 4209 1792 4264; x_wconf 90' lang='lat' dir='ltr'><strong>crimina</strong></span> <span class='ocrx_word' id='word_1_680' title='bbox 1836 4209 2051 4265; x_wconf 89' lang='lat' dir='ltr'><strong>diversa</strong></span> <span class='ocrx_word' id='word_1_681' title='bbox 2097 4224 2166 4266; x_wconf 86' lang='lat' dir='ltr'><strong>ex</strong></span> <span class='ocrx_word' id='word_1_682' title='bbox 2247 4221 2409 4276; x_wconf 88' lang='lat' dir='ltr'><strong>quam</strong></span> <span class='ocrx_word' id='word_1_683' title='bbox 2440 4209 2811 4284; x_wconf 89' lang='lat' dir='ltr'><strong>habuerimus,</strong></span> <span class='ocrx_word' id='word_1_684' title='bbox 2845 4219 3154 4288; x_wconf 85' lang='lat' dir='ltr'><strong>cogitemus</strong></span> <span class='ocrx_word' id='word_1_685' title='bbox 3193 4228 3250 4278; x_wconf 90' lang='lat' dir='ltr'><strong>et</strong></span> <span class='ocrx_word' id='word_1_686' title='bbox 3278 4234 3378 4278; x_wconf 91' lang='lat' dir='ltr'><strong>nos</strong></span> <span class='ocrx_word' id='word_1_687' title='bbox 3406 4211 3788 4276; x_wconf 59' lang='lat' dir='ltr'><strong>hominesesseei</strong></span> 
     </span>
    </p>
   </div>
   <div class='ocr_carea' id='block_1_46' title="bbox 516 4295 3788 4372">
    <p class='ocr_par' dir='ltr' id='par_1_46' title="bbox 516 4295 3788 4372">
     <span class='ocr_line' id='line_1_46' title="bbox 516 4295 3788 4372; baseline 0.002 -18"><span class='ocrx_word' id='word_1_688' title='bbox 516 4300 602 4354; x_wconf 89' lang='lat' dir='ltr'><strong>his</strong></span> <span class='ocrx_word' id='word_1_689' title='bbox 631 4313 792 4369; x_wconf 91' lang='lat' dir='ltr'><strong>posse</strong></span> <span class='ocrx_word' id='word_1_690' title='bbox 832 4301 988 4367; x_wconf 91' lang='lat' dir='ltr'><strong>oriri,</strong></span> <span class='ocrx_word' id='word_1_691' title='bbox 1027 4299 1210 4354; x_wconf 91' lang='lat' dir='ltr'><strong>verbis</strong></span> <span class='ocrx_word' id='word_1_692' title='bbox 1240 4299 1350 4354; x_wconf 92' lang='lat' dir='ltr'><strong>illis</strong></span> <span class='ocrx_word' id='word_1_693' title='bbox 1404 4299 1701 4354; x_wconf 90' lang='lat' dir='ltr'><strong>reserando</strong></span> <span class='ocrx_word' id='word_1_694' title='bbox 1730 4314 1793 4354; x_wconf 91' lang='lat' dir='ltr'><strong>ac</strong></span> <span class='ocrx_word' id='word_1_695' title='bbox 1825 4299 2160 4355; x_wconf 89' lang='lat' dir='ltr'><strong>notiticando</strong></span> <span class='ocrx_word' id='word_1_696' title='bbox 2178 4363 2220 4372; x_wconf 68' lang='lat'><strong><em>_</em></strong></span> <span class='ocrx_word' id='word_1_697' title='bbox 2245 4295 2448 4354; x_wconf 89' lang='lat' dir='ltr'><strong>habere</strong></span> <span class='ocrx_word' id='word_1_698' title='bbox 2471 4303 2754 4372; x_wconf 89' lang='lat' dir='ltr'><strong>potuisse;</strong></span> <span class='ocrx_word' id='word_1_699' title='bbox 2784 4307 2832 4362; x_wconf 90' lang='lat' dir='ltr'><strong>si</strong></span> <span class='ocrx_word' id='word_1_700' title='bbox 2858 4322 2987 4364; x_wconf 90' lang='lat' dir='ltr'><strong>vero</strong></span> <span class='ocrx_word' id='word_1_701' title='bbox 3009 4308 3304 4366; x_wconf 85' lang='lat' dir='ltr'><strong>habuimus</strong></span> <span class='ocrx_word' id='word_1_702' title='bbox 3322 4319 3378 4366; x_wconf 91' lang='lat' dir='ltr'><strong>et</strong></span> <span class='ocrx_word' id='word_1_703' title='bbox 3404 4307 3552 4365; x_wconf 89' lang='lat' dir='ltr'><strong>modo</strong></span> <span class='ocrx_word' id='word_1_704' title='bbox 3570 4317 3659 4361; x_wconf 86' lang='lat' dir='ltr'><strong>non</strong></span> <span class='ocrx_word' id='word_1_705' title='bbox 3676 4295 3788 4354; x_wconf 62' lang='lat' dir='ltr'><strong>habe‘</strong></span> 
     </span>
    </p>
   </div>
   <div class='ocr_carea' id='block_1_47' title="bbox 514 4363 3790 4470">
    <p class='ocr_par' dir='ltr' id='par_1_47' title="bbox 514 4363 3790 4470">
     <span class='ocr_line' id='line_1_47' title="bbox 514 4363 3790 4470; baseline 0.001 -26"><span class='ocrx_word' id='word_1_706' title='bbox 514 4390 749 4458; x_wconf 91' lang='lat' dir='ltr'><strong>aperuit.</strong></span> <span class='ocrx_word' id='word_1_707' title='bbox 797 4390 1007 4456; x_wconf 90' lang='lat' dir='ltr'><strong>Quibus</strong></span> <span class='ocrx_word' id='word_1_708' title='bbox 1061 4391 1207 4444; x_wconf 90' lang='lat' dir='ltr'><strong>inter</strong></span> <span class='ocrx_word' id='word_1_709' title='bbox 1254 4394 1449 4470; x_wconf 75' lang='lat' dir='ltr'><strong>cetera</strong></span> <span class='ocrx_word' id='word_1_710' title='bbox 1487 4388 1738 4457; x_wconf 63' lang='lat' dir='ltr'><strong>quaedam</strong></span> <span class='ocrx_word' id='word_1_711' title='bbox 1793 4389 1958 4444; x_wconf 88' lang='lat' dir='ltr'><strong>verba</strong></span> <span class='ocrx_word' id='word_1_712' title='bbox 1997 4363 2385 4454; x_wconf 72' lang='lat' dir='ltr'><strong>evan-Diuus,</strong></span> <span class='ocrx_word' id='word_1_713' title='bbox 2420 4395 2608 4461; x_wconf 89' lang='lat' dir='ltr'><strong>tangat</strong></span> <span class='ocrx_word' id='word_1_714' title='bbox 2635 4363 2952 4452; x_wconf 82' lang='lat' dir='ltr'><strong>memoriam</strong></span> <span class='ocrx_word' id='word_1_715' title='bbox 2980 4400 3293 4457; x_wconf 89' lang='lat' dir='ltr'><strong>communis</strong></span> <span class='ocrx_word' id='word_1_716' title='bbox 3315 4398 3598 4461; x_wconf 78' lang='lat' dir='ltr'><strong>infirmitas,</strong></span> <span class='ocrx_word' id='word_1_717' title='bbox 3623 4399 3670 4447; x_wconf 89' lang='lat' dir='ltr'><strong>ut</strong></span> <span class='ocrx_word' id='word_1_718' title='bbox 3689 4385 3790 4445; x_wconf 69' lang='lat' dir='ltr'><strong>illam</strong></span> 
     </span>
    </p>
   </div>
   <div class='ocr_carea' id='block_1_48' title="bbox 515 4471 3787 4559">
    <p class='ocr_par' dir='ltr' id='par_1_48' title="bbox 515 4471 3787 4559">
     <span class='ocr_line' id='line_1_48' title="bbox 515 4471 3787 4559; baseline 0.001 -25"><span class='ocrx_word' id='word_1_719' title='bbox 515 4479 707 4550; x_wconf 85' lang='lat' dir='ltr'><strong>gelicae</strong></span> <span class='ocrx_word' id='word_1_720' title='bbox 747 4479 1016 4535; x_wconf 70' lang='lat' dir='ltr'><strong>doctrinae</strong></span> <span class='ocrx_word' id='word_1_721' title='bbox 1048 4479 1284 4549; x_wconf 87' lang='lat' dir='ltr'><strong>benigne</strong></span> <span class='ocrx_word' id='word_1_722' title='bbox 1319 4479 1511 4534; x_wconf 88' lang='lat' dir='ltr'><strong>dicens</strong></span> <span class='ocrx_word' id='word_1_723' title='bbox 1538 4479 1792 4548; x_wconf 88' lang='lat' dir='ltr'><strong>aperuit:</strong></span> <span class='ocrx_word' id='word_1_724' title='bbox 2240 4478 2730 4546; x_wconf 88' lang='lat' dir='ltr'><strong>reprehensionem</strong></span> <span class='ocrx_word' id='word_1_725' title='bbox 2757 4492 2853 4540; x_wconf 93' lang='lat' dir='ltr'><strong>aut</strong></span> <span class='ocrx_word' id='word_1_726' title='bbox 2890 4486 3332 4559; x_wconf 86' lang='lat' dir='ltr'><strong>objurgatiouem</strong></span> <span class='ocrx_word' id='word_1_727' title='bbox 3379 4502 3483 4544; x_wconf 89' lang='lat' dir='ltr'><strong>non</strong></span> <span class='ocrx_word' id='word_1_728' title='bbox 3525 4484 3696 4545; x_wconf 87' lang='lat' dir='ltr'><strong>odium,</strong></span> <span class='ocrx_word' id='word_1_729' title='bbox 3723 4471 3787 4529; x_wconf 73' lang='lat' dir='ltr'><strong>sed</strong></span> 
     </span>
    </p>
   </div>
   <div class='ocr_carea' id='block_1_49' title="bbox 573 4566 3790 4650">
    <p class='ocr_par' dir='ltr' id='par_1_49' title="bbox 573 4566 3790 4650">
     <span class='ocr_line' id='line_1_49' title="bbox 573 4566 3790 4650; baseline -0 -26"><span class='ocrx_word' id='word_1_730' title='bbox 573 4570 629 4624; x_wconf 91' lang='lat'><strong>7.</strong></span> <span class='ocrx_word' id='word_1_731' title='bbox 691 4569 788 4640; x_wconf 87' lang='lat'><strong>(6.)</strong></span> <span class='ocrx_word' id='word_1_732' title='bbox 833 4586 860 4619; x_wconf 79' lang='grc' dir='ltr'>α</span> <span class='ocrx_word' id='word_1_733' title='bbox 918 4569 1098 4625; x_wconf 87' lang='lat' dir='ltr'><strong>Nolite</strong></span> <span class='ocrx_word' id='word_1_734' title='bbox 1137 4569 1201 4598; x_wconf 77' lang='grc'><strong>⁵¹⁸</strong></span> <span class='ocrx_word' id='word_1_735' title='bbox 1269 4568 1400 4624; x_wconf 93' lang='lat' dir='ltr'><strong>dare</strong></span> <span class='ocrx_word' id='word_1_736' title='bbox 1456 4573 1706 4623; x_wconf 91' lang='lat' dir='ltr'><strong>sanctum</strong></span> <span class='ocrx_word' id='word_1_737' title='bbox 1761 4567 2010 4633; x_wconf 89' lang='lat' dir='ltr'><strong>canibus,</strong></span> <span class='ocrx_word' id='word_1_738' title='bbox 2053 4581 2156 4623; x_wconf 93' lang='lat' dir='ltr'><strong>nec</strong></span> <span class='ocrx_word' id='word_1_739' title='bbox 2238 4566 2620 4626; x_wconf 88' lang='lat' dir='ltr'><strong>misericordia</strong></span> <span class='ocrx_word' id='word_1_740' title='bbox 2667 4575 2967 4641; x_wconf 68' lang='lat' dir='ltr'><strong>praecedat.</strong></span> <span class='ocrx_word' id='word_1_741' title='bbox 3007 4579 3063 4633; x_wconf 93' lang='lat' dir='ltr'><strong>Si</strong></span> <span class='ocrx_word' id='word_1_742' title='bbox 3092 4587 3279 4636; x_wconf 89' lang='lat' dir='ltr'><strong>autem</strong></span> <span class='ocrx_word' id='word_1_743' title='bbox 3309 4580 3594 4650; x_wconf 85' lang='lat' dir='ltr'><strong>cogitantes</strong></span> <span class='ocrx_word' id='word_1_744' title='bbox 3618 4568 3790 4626; x_wconf 69' lang='lat' dir='ltr'><strong>nosmet-</strong></span> 
     </span>
    </p>
   </div>
   <div class='ocr_carea' id='block_1_50' title="bbox 518 4653 3788 4737">
    <p class='ocr_par' dir='ltr' id='par_1_50' title="bbox 518 4653 3788 4737">
     <span class='ocr_line' id='line_1_50' title="bbox 518 4653 3788 4737; baseline -0.001 -23"><span class='ocrx_word' id='word_1_745' title='bbox 518 4659 746 4714; x_wconf 89' lang='lat' dir='ltr'><strong>mittatis</strong></span> <span class='ocrx_word' id='word_1_746' title='bbox 802 4658 1122 4728; x_wconf 88' lang='lat' dir='ltr'><strong>margaritas</strong></span> <span class='ocrx_word' id='word_1_747' title='bbox 1176 4664 1384 4712; x_wconf 91' lang='lat' dir='ltr'><strong>vestras</strong></span> <span class='ocrx_word' id='word_1_748' title='bbox 1438 4663 1564 4712; x_wconf 91' lang='lat' dir='ltr'><strong>ante</strong></span> <span class='ocrx_word' id='word_1_749' title='bbox 1622 4669 1843 4726; x_wconf 91' lang='lat' dir='ltr'><strong>porcos,</strong></span> <span class='ocrx_word' id='word_1_750' title='bbox 1903 4671 1972 4712; x_wconf 92' lang='lat' dir='ltr'><strong>ne</strong></span> <span class='ocrx_word' id='word_1_751' title='bbox 2010 4656 2152 4712; x_wconf 82' lang='lat' dir='ltr'><strong>forte</strong></span> <span class='ocrx_word' id='word_1_752' title='bbox 2236 4656 2388 4725; x_wconf 89' lang='lat' dir='ltr'><strong>ipsos</strong></span> <span class='ocrx_word' id='word_1_753' title='bbox 2425 4659 2765 4718; x_wconf 91' lang='lat' dir='ltr'><strong>inveniemus</strong></span> <span class='ocrx_word' id='word_1_754' title='bbox 2801 4665 2860 4720; x_wconf 93' lang='lat' dir='ltr'><strong>in</strong></span> <span class='ocrx_word' id='word_1_755' title='bbox 2907 4679 2974 4723; x_wconf 88' lang='lat' dir='ltr'><strong>eo</strong></span> <span class='ocrx_word' id='word_1_756' title='bbox 3030 4682 3153 4724; x_wconf 90' lang='lat' dir='ltr'><strong>esse</strong></span> <span class='ocrx_word' id='word_1_757' title='bbox 3193 4670 3347 4737; x_wconf 91' lang='lat' dir='ltr'><strong>vitio,</strong></span> <span class='ocrx_word' id='word_1_758' title='bbox 3403 4669 3458 4724; x_wconf 91' lang='lat' dir='ltr'><strong>in</strong></span> <span class='ocrx_word' id='word_1_759' title='bbox 3509 4676 3606 4734; x_wconf 92' lang='lat' dir='ltr'><strong>quo</strong></span> <span class='ocrx_word' id='word_1_760' title='bbox 3638 4665 3703 4715; x_wconf 87' lang='lat' dir='ltr'><strong>est</strong></span> <span class='ocrx_word' id='word_1_761' title='bbox 3728 4653 3788 4710; x_wconf 78' lang='lat' dir='ltr'><strong>ille</strong></span> 
     </span>
    </p>
   </div>
   <div class='ocr_carea' id='block_1_51' title="bbox 1855 4755 2520 4813">
    <p class='ocr_par' dir='ltr' id='par_1_51' title="bbox 1855 4755 2520 4813">
     <span class='ocr_line' id='line_1_51' title="bbox 1855 4755 2520 4813; baseline 0.006 -4"><span class='ocrx_word' id='word_1_762' title='bbox 1855 4756 2078 4810; x_wconf 79' lang='lat' dir='ltr'><strong>VARle</strong></span> <span class='ocrx_word' id='word_1_763' title='bbox 2133 4755 2418 4812; x_wconf 84' lang='lat' dir='ltr'><strong>LECTION</strong></span> <span class='ocrx_word' id='word_1_764' title='bbox 2423 4759 2520 4813; x_wconf 89' lang='lat' dir='ltr'><strong>ES.</strong></span> 
     </span>
    </p>
   </div>
   <div class='ocr_carea' id='block_1_52' title="bbox 575 4821 3788 4904">
    <p class='ocr_par' dir='ltr' id='par_1_52' title="bbox 575 4821 3788 4904">
     <span class='ocr_line' id='line_1_52' title="bbox 575 4821 3788 4904; baseline -0.002 -21"><span class='ocrx_word' id='word_1_765' title='bbox 575 4827 638 4904; x_wconf 63' lang='lat'><strong>“{5</strong></span> <span class='ocrx_word' id='word_1_766' title='bbox 665 4828 812 4904; x_wconf 76' lang='lat' dir='ltr'><strong>deest</strong></span> <span class='ocrx_word' id='word_1_767' title='bbox 843 4829 914 4904; x_wconf 84' lang='lat' dir='ltr'><strong>B._</strong></span> <span class='ocrx_word' id='word_1_768' title='bbox 937 4827 1091 4904; x_wconf 84' lang='lat' dir='ltr'><strong>Quod</strong></span> <span class='ocrx_word' id='word_1_769' title='bbox 1123 4827 1236 4904; x_wconf 89' lang='lat' dir='ltr'><strong>si_i.</strong></span> <span class='ocrx_word' id='word_1_770' title='bbox 1273 4840 1326 4904; x_wconf 88' lang='lat' dir='ltr'><strong>e._</strong></span> <span class='ocrx_word' id='word_1_771' title='bbox 1359 4826 1506 4904; x_wconf 79' lang='lat' dir='ltr'><strong>d._q.</strong></span> <span class='ocrx_word' id='word_1_772' title='bbox 1537 4827 1767 4904; x_wconf 23' lang='lat' dir='ltr'><strong>Insita.</strong></span> <span class='ocrx_word' id='word_1_773' title='bbox 1800 4841 1872 4904; x_wconf 64' lang='lat' dir='ltr'><strong>in.</strong></span> <span class='ocrx_word' id='word_1_774' title='bbox 1905 4842 1955 4881; x_wconf 94' lang='lat' dir='ltr'><strong>v.</strong></span> <span class='ocrx_word' id='word_1_775' title='bbox 1987 4841 2200 4904; x_wconf 75' lang='lat' dir='ltr'><strong>_r._e,_r.</strong></span> <span class='ocrx_word' id='word_1_776' title='bbox 2237 4827 2419 4904; x_wconf 76' lang='lat' dir='ltr'><strong>desunt</strong></span> <span class='ocrx_word' id='word_1_777' title='bbox 2436 4831 2528 4883; x_wconf 71' lang='grc' dir='ltr'><strong>Α’τ.</strong></span> <span class='ocrx_word' id='word_1_778' title='bbox 2551 4832 2672 4886; x_wconf 83' lang='lat' dir='ltr'><strong>A**.</strong></span> <span class='ocrx_word' id='word_1_779' title='bbox 2749 4832 2814 4864; x_wconf 79' lang='grc'><strong>⁶¹⁶</strong></span> <span class='ocrx_word' id='word_1_780' title='bbox 2850 4835 2982 4904; x_wconf 90' lang='lat' dir='ltr'><strong>quid</strong></span> <span class='ocrx_word' id='word_1_781' title='bbox 3015 4837 3212 4895; x_wconf 87' lang='lat' dir='ltr'><strong>beatus</strong></span> <span class='ocrx_word' id='word_1_782' title='bbox 3237 4839 3394 4904; x_wconf 65' lang='lat' dir='ltr'><strong>Amb.</strong></span> <span class='ocrx_word' id='word_1_783' title='bbox 3427 4838 3481 4891; x_wconf 88' lang='grc' dir='ltr'><strong>Β.</strong></span> <span class='ocrx_word' id='word_1_784' title='bbox 3551 4829 3607 4863; x_wconf 84' lang='grc'><strong>⁵¹⁷</strong></span> <span class='ocrx_word' id='word_1_785' title='bbox 3633 4821 3788 4883; x_wconf 61' lang='lat' dir='ltr'><strong>titulus.</strong></span> 
     </span>
    </p>
   </div>
   <div class='ocr_carea' id='block_1_53' title="bbox 505 4897 3785 4978">
    <p class='ocr_par' dir='ltr' id='par_1_53' title="bbox 505 4897 3785 4978">
     <span class='ocr_line' id='line_1_53' title="bbox 505 4897 3785 4978; baseline -0.001 -23"><span class='ocrx_word' id='word_1_786' title='bbox 505 4899 1048 4978; x_wconf 26' lang='lat' dir='ltr'><strong>incipitdeﬁlhi&#39;taldo</strong></span> <span class='ocrx_word' id='word_1_787' title='bbox 1089 4905 1143 4952; x_wconf 92' lang='lat' dir='ltr'><strong>et</strong></span> <span class='ocrx_word' id='word_1_788' title='bbox 1165 4897 1524 4978; x_wconf 39' lang='lat' dir='ltr'><strong>&#39;handulpho.</strong></span> <span class='ocrx_word' id='word_1_789' title='bbox 1565 4899 1656 4978; x_wconf 57' lang='grc' dir='ltr'><strong>ᾼξ.</strong></span> <span class='ocrx_word' id='word_1_790' title='bbox 1691 4897 2226 4978; x_wconf 44' lang='lat' dir='ltr'><strong>Qualiternhrialdus</strong></span> <span class='ocrx_word' id='word_1_791' title='bbox 2269 4900 2440 4978; x_wconf 68' lang='lat' dir='ltr'><strong>coepit</strong></span> <span class='ocrx_word' id='word_1_792' title='bbox 2485 4915 2643 4978; x_wconf 91' lang='lat' dir='ltr'><strong>suum</strong></span> <span class='ocrx_word' id='word_1_793' title='bbox 2683 4897 3026 4974; x_wconf 78' lang='lat' dir='ltr'><strong>propositum</strong></span> <span class='ocrx_word' id='word_1_794' title='bbox 3079 4897 3554 4978; x_wconf 73' lang='lat' dir='ltr'><strong>praedicationibus</strong></span> <span class='ocrx_word' id='word_1_795' title='bbox 3587 4905 3785 4978; x_wconf 72' lang='lat' dir='ltr'><strong>reserare-</strong></span> 
     </span>
    </p>
   </div>
   <div class='ocr_carea' id='block_1_54' title="bbox 502 4969 3787 5042">
    <p class='ocr_par' dir='ltr' id='par_1_54' title="bbox 502 4969 3787 5042">
     <span class='ocr_line' id='line_1_54' title="bbox 502 4969 3787 5042; baseline 0.002 -16"><span class='ocrx_word' id='word_1_796' title='bbox 502 4975 620 5026; x_wconf 78' lang='lat' dir='ltr'><strong>A“.</strong></span> <span class='ocrx_word' id='word_1_797' title='bbox 653 4973 712 5026; x_wconf 92' lang='lat' dir='ltr'><strong>B.</strong></span> <span class='ocrx_word' id='word_1_798' title='bbox 765 4969 853 5042; x_wconf 15' lang='grc' dir='ltr'><strong>ί⁶¹⁸</strong></span> <span class='ocrx_word' id='word_1_799' title='bbox 896 4969 1093 5025; x_wconf 74' lang='lat' dir='ltr'><strong>Titulus</strong></span> <span class='ocrx_word' id='word_1_800' title='bbox 1114 4970 1444 5042; x_wconf 74' lang='lat' dir='ltr'><strong>:Exortatio</strong></span> <span class='ocrx_word' id='word_1_801' title='bbox 1484 4969 1886 5042; x_wconf 84' lang='lat' dir='ltr'><strong>archiepiscopi</strong></span> <span class='ocrx_word' id='word_1_802' title='bbox 1925 4969 2178 5025; x_wconf 87' lang='lat' dir='ltr'><strong>Widonis</strong></span> <span class='ocrx_word' id='word_1_803' title='bbox 2214 4969 2476 5026; x_wconf 86' lang='lat' dir='ltr'><strong>adversus</strong></span> <span class='ocrx_word' id='word_1_804' title='bbox 2511 4977 2574 5028; x_wconf 81' lang='grc' dir='ltr'><strong>Α.</strong></span> <span class='ocrx_word' id='word_1_805' title='bbox 2609 4981 2664 5030; x_wconf 91' lang='lat' dir='ltr'><strong>et</strong></span> <span class='ocrx_word' id='word_1_806' title='bbox 2683 4969 2761 5032; x_wconf 54' lang='lat' dir='ltr'><strong>&#39;L.</strong></span> <span class='ocrx_word' id='word_1_807' title='bbox 2790 4969 2856 5032; x_wconf 76' lang='lat' dir='ltr'><strong>ut</strong></span> <span class='ocrx_word' id='word_1_808' title='bbox 2885 4994 2914 5032; x_wconf 90' lang='lat' dir='ltr'><strong>a</strong></span> <span class='ocrx_word' id='word_1_809' title='bbox 2951 4969 3104 5035; x_wconf 81' lang='lat' dir='ltr'><strong>vanis</strong></span> <span class='ocrx_word' id='word_1_810' title='bbox 3131 4979 3571 5038; x_wconf 85' lang='lat' dir='ltr'><strong>altercationibus</strong></span> <span class='ocrx_word' id='word_1_811' title='bbox 3596 4970 3787 5042; x_wconf 70' lang='grc' dir='ltr'><strong>ᾳῑύθεεε·</strong></span> 
     </span>
    </p>
   </div>
   <div class='ocr_carea' id='block_1_55' title="bbox 503 5041 3786 5120">
    <p class='ocr_par' dir='ltr' id='par_1_55' title="bbox 503 5041 3786 5120">
     <span class='ocr_line' id='line_1_55' title="bbox 503 5041 3786 5120; baseline -0.001 -24"><span class='ocrx_word' id='word_1_812' title='bbox 503 5053 626 5098; x_wconf 88' lang='lat' dir='ltr'><strong>rent</strong></span> <span class='ocrx_word' id='word_1_813' title='bbox 658 5051 712 5098; x_wconf 91' lang='lat' dir='ltr'><strong>et</strong></span> <span class='ocrx_word' id='word_1_814' title='bbox 742 5041 1007 5120; x_wconf 82' lang='lat' dir='ltr'><strong>dissidiis,</strong></span> <span class='ocrx_word' id='word_1_815' title='bbox 1039 5041 1240 5120; x_wconf 77' lang='lat' dir='ltr'><strong>quibus</strong></span> <span class='ocrx_word' id='word_1_816' title='bbox 1279 5041 1540 5110; x_wconf 89' lang='lat' dir='ltr'><strong>populum</strong></span> <span class='ocrx_word' id='word_1_817' title='bbox 1569 5041 2177 5120; x_wconf 38' lang='lat' dir='ltr'><strong>adversusAsacerdotes</strong></span> <span class='ocrx_word' id='word_1_818' title='bbox 2203 5053 2514 5120; x_wconf 71' lang='lat' dir='ltr'><strong>omnesque</strong></span> <span class='ocrx_word' id='word_1_819' title='bbox 2543 5046 2769 5120; x_wconf 79' lang='lat' dir='ltr'><strong>ordines</strong></span> <span class='ocrx_word' id='word_1_820' title='bbox 2805 5049 3198 5120; x_wconf 89' lang='lat' dir='ltr'><strong>sollicitabant,</strong></span> <span class='ocrx_word' id='word_1_821' title='bbox 3232 5053 3517 5120; x_wconf 89' lang='lat' dir='ltr'><strong>multisque</strong></span> <span class='ocrx_word' id='word_1_822' title='bbox 3543 5041 3786 5120; x_wconf 65' lang='lat' dir='ltr'><strong>sanctorum</strong></span> 
     </span>
    </p>
   </div>
   <div class='ocr_carea' id='block_1_56' title="bbox 501 5111 3788 5188">
    <p class='ocr_par' dir='ltr' id='par_1_56' title="bbox 501 5111 3788 5188">
     <span class='ocr_line' id='line_1_56' title="bbox 501 5111 3788 5188; baseline 0.001 -19"><span class='ocrx_word' id='word_1_823' title='bbox 501 5124 715 5183; x_wconf 89' lang='lat' dir='ltr'><strong>patrum</strong></span> <span class='ocrx_word' id='word_1_824' title='bbox 740 5114 1011 5188; x_wconf 83' lang='lat' dir='ltr'><strong>exemplis</strong></span> <span class='ocrx_word' id='word_1_825' title='bbox 1040 5112 1796 5188; x_wconf 68' lang='lat' dir='ltr'><strong>sedati_removerentur._A‘.</strong></span> <span class='ocrx_word' id='word_1_826' title='bbox 1829 5112 2073 5188; x_wconf 76' lang='lat' dir='ltr'><strong>Qualiter</strong></span> <span class='ocrx_word' id='word_1_827' title='bbox 2118 5111 2304 5188; x_wconf 79' lang='lat' dir='ltr'><strong>Guido</strong></span> <span class='ocrx_word' id='word_1_828' title='bbox 2341 5113 2794 5188; x_wconf 89' lang='lat' dir='ltr'><strong>archiepiscopus</strong></span> <span class='ocrx_word' id='word_1_829' title='bbox 2838 5121 3116 5179; x_wconf 87' lang='lat' dir='ltr'><strong>Arialdum</strong></span> <span class='ocrx_word' id='word_1_830' title='bbox 3156 5111 3213 5180; x_wconf 75' lang='lat' dir='ltr'><strong>et</strong></span> <span class='ocrx_word' id='word_1_831' title='bbox 3243 5111 3552 5180; x_wconf 80' lang='lat' dir='ltr'><strong>Landulfum</strong></span> <span class='ocrx_word' id='word_1_832' title='bbox 3585 5119 3788 5188; x_wconf 54' lang='lat' dir='ltr'><strong>conXOCfl‘</strong></span> 
     </span>
    </p>
   </div>
   <div class='ocr_carea' id='block_1_57' title="bbox 501 5180 3786 5254">
    <p class='ocr_par' dir='ltr' id='par_1_57' title="bbox 501 5180 3786 5254">
     <span class='ocr_line' id='line_1_57' title="bbox 501 5180 3786 5254; baseline 0.001 -14"><span class='ocrx_word' id='word_1_833' title='bbox 501 5180 588 5242; x_wconf 83' lang='lat' dir='ltr'><strong>tos</strong></span> <span class='ocrx_word' id='word_1_834' title='bbox 618 5193 675 5241; x_wconf 92' lang='lat' dir='ltr'><strong>ut</strong></span> <span class='ocrx_word' id='word_1_835' title='bbox 705 5186 774 5241; x_wconf 92' lang='lat' dir='ltr'><strong>ab</strong></span> <span class='ocrx_word' id='word_1_836' title='bbox 805 5180 1041 5254; x_wconf 83' lang='lat' dir='ltr'><strong>inceptis</strong></span> <span class='ocrx_word' id='word_1_837' title='bbox 1080 5184 1551 5253; x_wconf 90' lang='lat' dir='ltr'><strong>predicationibus</strong></span> <span class='ocrx_word' id='word_1_838' title='bbox 1580 5184 1931 5252; x_wconf 90' lang='lat' dir='ltr'><strong>desisterent,</strong></span> <span class='ocrx_word' id='word_1_839' title='bbox 1973 5184 2174 5240; x_wconf 90' lang='lat' dir='ltr'><strong>frustra</strong></span> <span class='ocrx_word' id='word_1_840' title='bbox 2221 5180 2550 5242; x_wconf 77' lang='lat' dir='ltr'><strong>exhortatus</strong></span> <span class='ocrx_word' id='word_1_841' title='bbox 2588 5180 2756 5246; x_wconf 72' lang='lat' dir='ltr'><strong>est.B.</strong></span> <span class='ocrx_word' id='word_1_842' title='bbox 2805 5191 3130 5250; x_wconf 90' lang='lat' dir='ltr'><strong>adhortatus</strong></span> <span class='ocrx_word' id='word_1_843' title='bbox 3177 5203 3282 5251; x_wconf 92' lang='lat' dir='ltr'><strong>est.</strong></span> <span class='ocrx_word' id='word_1_844' title='bbox 3330 5198 3448 5252; x_wconf 59' lang='grc' dir='ltr'><strong>Δία.</strong></span> <span class='ocrx_word' id='word_1_845' title='bbox 3497 5195 3572 5247; x_wconf 84' lang='grc' dir='ltr'><strong>Βι.</strong></span> <span class='ocrx_word' id='word_1_846' title='bbox 3652 5182 3705 5215; x_wconf 85' lang='grc'><strong>⁸¹’</strong></span> <span class='ocrx_word' id='word_1_847' title='bbox 3737 5180 3786 5230; x_wconf 63' lang='grc' dir='ltr'><strong>αα</strong></span> 
     </span>
    </p>
   </div>
   <div class='ocr_carea' id='block_1_58' title="bbox 497 5255 2267 5382">
    <p class='ocr_par' dir='ltr' id='par_1_58' title="bbox 497 5255 2267 5382">
     <span class='ocr_line' id='line_1_58' title="bbox 497 5255 1342 5312; baseline -0.005 0"><span class='ocrx_word' id='word_1_848' title='bbox 497 5257 676 5312; x_wconf 82' lang='lat' dir='ltr'><strong>Ambr.</strong></span> <span class='ocrx_word' id='word_1_849' title='bbox 719 5261 798 5312; x_wconf 88' lang='lat' dir='ltr'><strong>An</strong></span> <span class='ocrx_word' id='word_1_850' title='bbox 831 5259 867 5312; x_wconf 89' lang='lat' dir='ltr'><strong>i.</strong></span> <span class='ocrx_word' id='word_1_851' title='bbox 902 5257 1057 5311; x_wconf 84' lang='lat' dir='ltr'><strong>codd.</strong></span> <span class='ocrx_word' id='word_1_852' title='bbox 1090 5261 1228 5311; x_wconf 81' lang='lat' dir='ltr'><strong>Ante</strong></span> <span class='ocrx_word' id='word_1_853' title='bbox 1261 5255 1342 5310; x_wconf 83' lang='lat' dir='ltr'><strong>Bt.</strong></span> 
     </span>
     <span class='ocr_line' id='line_1_59' title="bbox 2069 5326 2267 5382; baseline 0 0"><span class='ocrx_word' id='word_1_854' title='bbox 2069 5326 2267 5382; x_wconf 76' lang='grc' dir='ltr'><strong>ΝΟΤιΕ</strong></span> 
     </span>
    </p>
   </div>
   <div class='ocr_carea' id='block_1_59' title="bbox 568 5403 3782 5479">
    <p class='ocr_par' dir='ltr' id='par_1_59' title="bbox 568 5403 3782 5479">
     <span class='ocr_line' id='line_1_60' title="bbox 568 5403 3782 5479; baseline 0.001 -19"><span class='ocrx_word' id='word_1_855' title='bbox 568 5407 723 5478; x_wconf 87' lang='lat'><strong>(104)</strong></span> <span class='ocrx_word' id='word_1_856' title='bbox 751 5408 830 5463; x_wconf 85' lang='lat' dir='ltr'><strong>lbi</strong></span> <span class='ocrx_word' id='word_1_857' title='bbox 861 5421 984 5463; x_wconf 91' lang='lat' dir='ltr'><strong>eum</strong></span> <span class='ocrx_word' id='word_1_858' title='bbox 1005 5405 1374 5462; x_wconf 89' lang='lat' dir='ltr'><strong>concionandi</strong></span> <span class='ocrx_word' id='word_1_859' title='bbox 1405 5403 1868 5479; x_wconf 75' lang='lat' dir='ltr'><strong>initiumfecisse,</strong></span> <span class='ocrx_word' id='word_1_860' title='bbox 1902 5411 2134 5464; x_wconf 88' lang='lat' dir='ltr'><strong>testatur</strong></span> <span class='ocrx_word' id='word_1_861' title='bbox 2214 5407 2418 5479; x_wconf 83' lang='lat' dir='ltr'><strong>ruditos</strong></span> <span class='ocrx_word' id='word_1_862' title='bbox 2473 5415 2745 5479; x_wconf 78' lang='lat' dir='ltr'><strong>cognoscis</strong></span> <span class='ocrx_word' id='word_1_863' title='bbox 2767 5434 2783 5467; x_wconf 92' lang='lat'><strong>:</strong></span> <span class='ocrx_word' id='word_1_864' title='bbox 2829 5421 3053 5473; x_wconf 77' lang='lat' dir='ltr'><strong>ceterum</strong></span> <span class='ocrx_word' id='word_1_865' title='bbox 3095 5419 3142 5472; x_wconf 75' lang='lat' dir='ltr'><strong>si</strong></span> <span class='ocrx_word' id='word_1_866' title='bbox 3187 5417 3371 5474; x_wconf 84' lang='lat' dir='ltr'><strong>doctor</strong></span> <span class='ocrx_word' id='word_1_867' title='bbox 3397 5412 3569 5470; x_wconf 74' lang='lat' dir='ltr'><strong>haberi</strong></span> <span class='ocrx_word' id='word_1_868' title='bbox 3599 5409 3666 5464; x_wconf 70' lang='lat' dir='ltr'><strong>u&#39;:</strong></span> <span class='ocrx_word' id='word_1_869' title='bbox 3696 5413 3782 5456; x_wconf 74' lang='grc' dir='ltr'><em>ονε·</em></span> 
     </span>
    </p>
   </div>
   <div class='ocr_carea' id='block_1_60' title="bbox 493 5476 3560 5560">
    <p class='ocr_par' dir='ltr' id='par_1_60' title="bbox 493 5476 3560 5560">
     <span class='ocr_line' id='line_1_61' title="bbox 493 5476 3560 5560; baseline 0.003 -26"><span class='ocrx_word' id='word_1_870' title='bbox 493 5476 658 5550; x_wconf 75' lang='lat' dir='ltr'><strong>Syrus</strong></span> <span class='ocrx_word' id='word_1_871' title='bbox 697 5476 891 5560; x_wconf 76' lang='lat' dir='ltr'><strong>presh._</strong></span> <span class='ocrx_word' id='word_1_872' title='bbox 921 5494 1014 5560; x_wconf 64' lang='lat' dir='ltr'><strong>ap.</strong></span> <span class='ocrx_word' id='word_1_873' title='bbox 1046 5478 1372 5560; x_wconf 73' lang='lat' dir='ltr'><strong>Puricellum</strong></span> <span class='ocrx_word' id='word_1_874' title='bbox 1436 5492 1489 5560; x_wconf 73' lang='grc' dir='ltr'><strong>ρ.</strong></span> <span class='ocrx_word' id='word_1_875' title='bbox 1557 5476 1674 5560; x_wconf 66' lang='lat'><strong>120.</strong></span> <span class='ocrx_word' id='word_1_876' title='bbox 1732 5479 1849 5560; x_wconf 82' lang='lat' dir='ltr'><strong>Quo</strong></span> <span class='ocrx_word' id='word_1_877' title='bbox 1905 5486 2131 5560; x_wconf 79' lang='lat' dir='ltr'><strong>auctore</strong></span> <span class='ocrx_word' id='word_1_878' title='bbox 2215 5477 2410 5546; x_wconf 78' lang='lat' dir='ltr'><strong>dibih&#39;a,</strong></span> <span class='ocrx_word' id='word_1_879' title='bbox 2438 5476 2572 5536; x_wconf 65' lang='lat' dir='ltr'><strong>uade</strong></span> <span class='ocrx_word' id='word_1_880' title='bbox 2609 5489 2657 5538; x_wconf 81' lang='lat' dir='ltr'><strong>et</strong></span> <span class='ocrx_word' id='word_1_881' title='bbox 2685 5487 2741 5538; x_wconf 75' lang='lat' dir='ltr'><strong>in</strong></span> <span class='ocrx_word' id='word_1_882' title='bbox 2771 5486 2900 5541; x_wconf 83' lang='lat' dir='ltr'><strong>urbe</strong></span> <span class='ocrx_word' id='word_1_883' title='bbox 2928 5487 3040 5542; x_wconf 67' lang='lat' dir='ltr'><strong>haec</strong></span> <span class='ocrx_word' id='word_1_884' title='bbox 3066 5489 3204 5558; x_wconf 76' lang='lat' dir='ltr'><strong>loqui</strong></span> <span class='ocrx_word' id='word_1_885' title='bbox 3241 5487 3350 5543; x_wconf 76' lang='lat' dir='ltr'><strong>noli</strong></span> <span class='ocrx_word' id='word_1_886' title='bbox 3373 5488 3560 5544; x_wconf 72' lang='lat' dir='ltr'><strong>timere.</strong></span> 
     </span>
    </p>
   </div>
   <div class='ocr_carea' id='block_1_61' title="bbox 493 5549 2128 5620">
    <p class='ocr_par' dir='ltr' id='par_1_61' title="bbox 493 5549 2128 5620">
     <span class='ocr_line' id='line_1_62' title="bbox 493 5549 2128 5620; baseline -0.001 -13"><span class='ocrx_word' id='word_1_887' title='bbox 493 5549 899 5620; x_wconf 86' lang='lat' dir='ltr'><strong>responderunt</strong></span> <span class='ocrx_word' id='word_1_888' title='bbox 937 5551 1054 5606; x_wconf 91' lang='lat' dir='ltr'><strong>illi:</strong></span> <span class='ocrx_word' id='word_1_889' title='bbox 1091 5549 1256 5607; x_wconf 77' lang='lat' dir='ltr'><strong>Nobis</strong></span> <span class='ocrx_word' id='word_1_890' title='bbox 1293 5549 1409 5604; x_wconf 79' lang='lat' dir='ltr'><strong>ideo</strong></span> <span class='ocrx_word' id='word_1_891' title='bbox 1439 5552 1549 5604; x_wconf 65' lang='lat' dir='ltr'><strong>haec</strong></span> <span class='ocrx_word' id='word_1_892' title='bbox 1578 5549 1802 5620; x_wconf 84' lang='lat' dir='ltr'><strong>loqueris</strong></span> <span class='ocrx_word' id='word_1_893' title='bbox 1831 5552 1955 5620; x_wconf 81' lang='lat' dir='ltr'><strong>quia</strong></span> <span class='ocrx_word' id='word_1_894' title='bbox 1983 5551 2128 5606; x_wconf 82' lang='lat' dir='ltr'><strong>inre-</strong></span> 
     </span>
    </p>
   </div>
  </div>
