4022 6160
136 305 230 359 909

1136 295 1447 351 HISTORIA
1482 293 2030 350 MEDIOLANENSIS.
2071 323 2144 334 —
2180 295 2306 351 LIB.
2346 295 2438 350 III.

3367 296 3476 352 910

139 440 279 498 quem
342 422 750 493 reprehendere
789 423 1134 490 parabamus,
1201 433 1311 475 non
1378 419 1959 488 reprehenda-Acum
2028 419 2172 472 beati
2233 419 2441 472 Nazarii
2501 419 2756 488 martyris
2810 420 3097 476 translatio
3162 435 3190 475 a
3267 423 3480 477 civibus

136 531 242 572 mus
286 527 383 568 nec
442 513 784 582 objugemus,
845 511 940 565 sed
997 515 1206 565 tantum
1264 508 1753 577 congemiscamus,
1835 507 2106 562 universis
2143 509 2429 577 utriusque
2460 523 2622 563 sexus
2653 509 2828 563 cereis
2860 511 3068 580 magnis
3099 511 3396 580 multisque
3416 510 3480 544 ³²⁸

137 612 184 661 et
210 618 310 659 non
342 602 492 657 illum
525 601 590 655 ad
638 600 1124 669 obtemperandum
1174 598 1353 662 nobis,
1407 596 1502 651 sed
1549 597 1618 650 ad
1669 609 1760 664 pa-
1838 595 2161 650 ardentibus
2198 597 2393 651 devote
2437 598 2812 652 celebraretur
2841 597 2979 667 (106)
3016 605 3070 654 et
3100 613 3291 654 omnes
3321 613 3484 654 sexus

133 695 256 748 riter
281 691 585 746 conandum
637 690 945 743 invitemus.
999 706 1027 737 »
1078 686 1230 742 Unde
1284 704 1311 736 «
1370 684 1565 748 factus,
1619 697 1757 753 apo-

135 782 311 845 stolus,
347 794 464 834 sum
495 779 701 833 Iudaeis
731 778 887 847 quasi
924 777 1166 840 Iudaeus,
1218 783 1277 830 ut
1324 776 1545 830 Iudaeos
1583 773 1756 828 lucri-

1841 685 2137 753 promiscui
2167 686 2234 739 ad
2267 686 2319 739 id
2370 684 2608 740 ofﬁcium
2658 687 3044 742 celebrandum
3099 689 3380 744 humiliter
3417 701 3481 742 ac

1841 775 2036 828 devote
2068 775 2477 844 convenissent,
2523 782 2577 829 et
2615 774 2911 830 Landulfus
2955 784 3008 830 et
3057 777 3329 844 Arialdus,
3355 779 3481 846 jus-

132 871 348 924 facerem
388 869 443 938 (Ι
471 870 592 923 Cor.
626 882 698 930 1x,
732 865 854 936 20).
897 885 925 917 »
979 869 1042 920 Et
1089 866 1255 920 item:
1319 882 1347 914 ‹‹
1407 865 1602 918 Factus
1639 876 1755 917 sum
1833 862 2130 931 jurandum
2163 863 2310 932 quod
2351 864 2596 919 fecerant
2635 879 2924 932 memores,
2961 880 3082 921 cum
3133 882 3232 937 per
3279 868 3486 936 plateas

133 959 346 1014 inﬁrmis
384 957 651 1020 inﬁrmus,
686 962 745 1011 ut
776 956 1018 1010 inﬁrmos
1057 953 1470 1016 lucrifacerem;
1506 953 1760 1007 omnibus

129 1047 298 1103 omnia
320 1044 498 1101 factus
519 1059 660 1109 sum,
685 1050 745 1099 ut
764 1057 954 1098 omnes
985 1041 1360 1097 lucrifacerem
1386 1040 1569 1111 (Ibid.,
1591 1040 1702 1101 22).
1730 1059 1756 1088 ι

128 1138 226 1191 Vos
288 1134 476 1189 dicitis
540 1134 666 1204 quia
731 1133 1049 1188 sacerdotes
1107 1130 1443 1200 impossibile
1509 1135 1594 1184 est
1651 1139 1760 1182 non

124 1224 428 1280 adulterare
495 1230 550 1278 et
614 1222 943 1288 sacriﬁcare,
1011 1227 1065 1276 et
1129 1234 1313 1275 verum
1382 1219 1587 1274 dicitis.
1655 1217 1761 1272 Sed

127 1313 293 1368 nostri
323 1311 665 1370 sacerdotes.
698 1312 810 1365 Deo
849 1310 1070 1380 gratias,
1104 1322 1278 1378 usque
1306 1307 1472 1362 hodie
1503 1320 1606 1360 nec
1635 1308 1764 1359 sunt

126 1415 221 1457 nec
250 1401 518 1458 nominati
557 1405 686 1455 sunt
723 1398 980 1465 adulteri,
1040 1397 1136 1453 sed
1196 1396 1414 1452 curiose
1471 1396 1764 1450 observant

122 1492 483 1561 apostolicum
516 1493 872 1560 praeceptum,
907 1493 968 1544 ut
1015 1488 1126 1542 sint
1163 1487 1327 1541 unius
1363 1484 1611 1540 mulieris
1638 1482 1763 1536 viri.

122 1580 270 1635 Unde
309 1580 508 1635 beatus
536 1579 855 1634 Ambrosius
885 1591 1052 1646 super
1078 1575 1347 1631 Abraham
1387 1573 1524 1628 dicit
1564 1571 1624 1642 (ι,
1653 1570 1714 1640 7)
1749 1589 1762 1624 :

124 1689 146 1717 κ
186 1668 331 1724 Nulli
363 1669 498 1724 licet
535 1667 678 1723 scire
719 1666 1004 1722 mulierem
1064 1669 1266 1735 praeter
1319 1676 1578 1726 uxorem;
1639 1660 1765 1714 ideo

1841 965 1904 1005 ac
1936 952 2086 1006 urbis
2117 953 2371 1023 regiones
2396 954 2714 1009 sacerdotes
2761 955 2832 1010 ob
2879 957 3191 1026 conjugium
3237 958 3485 1027 aliquau-

1841 1041 2013 1096 tulum
2055 1041 2444 1109 diﬁ'amassent,
2508 1044 2662 1113 quasi
2721 1059 2868 1100 ranae
2927 1046 3199 1114 palustres
3255 1048 3481 1118 turgidi,

1843 1130 2178 1186 commixtim
2246 1132 2389 1200 apud
2457 1134 2712 1187 Sanctum
2778 1133 2992 1188 Celsum
3061 1135 3486 1205 convenissent,

1842 1219 2025 1273 verbis
2053 1219 2360 1275 vanissimis
2398 1235 2519 1276 cum
2551 1221 2771 1276 clericis
2801 1224 2956 1291 quasi
3005 1238 3131 1280 sues
3169 1240 3289 1280 cum
3343 1226 3494 1281 cani-

1845 1309 1948 1363 bus
1974 1309 2401 1364 altercabantur.
2437 1312 2494 1365 ln
2537 1326 2641 1380 qua
2693 1311 3050 1369 translatione
3100 1329 3220 1369 cum
3269 1324 3494 1371 sanctus

1846 1399 2166 1453 Ambrosius
2193 1399 2493 1465 adviveret,
2527 1401 2656 1470 quid
2691 1401 2926 1456 dicimus
2970 1402 3034 1433 ⁸³⁸
3083 1410 3273 1460 sancto
3312 1419 3496 1461 sacer-

1847 1488 1977 1542 dote
2032 1488 2321 1543 Ambrosio
2383 1489 2685 1558 imperante
2734 1505 2902 1560 super
2965 1498 3277 1562 strepentes
3335 1509 3496 1549 ranas

1848 1577 2055 1647 egerit,
2132 1583 2378 1632 sanctum
2447 1584 2641 1634 testem
2707 1581 3066 1649 Augustinum
3134 1582 3491 1638 afﬁrmantem

1847 1666 2023 1722 lector
2061 1666 2342 1737 intellige:
2390 1686 2418 1718 ι(
2467 1669 2596 1723 Cum
2646 1667 2879 1737 plurima
2917 1684 3170 1725 ranarum
3218 1686 3495 1726 murmura

120 1760 360 1828 conjugii
393 1759 459 1789 ⁵²⁰
489 1759 586 1814 tibi
618 1758 801 1812 datum
835 1762 918 1811 est
941 1758 1052 1825 jus,
1084 1768 1152 1809 ne
1185 1755 1236 1808 in
1271 1754 1521 1823 laqueum
1555 1745 1830 1805 incidasB
1851 1755 2076 1810 auribus
2107 1755 2381 1825 religiosa:
2413 1756 2590 1825 plebis
2619 1757 3022 1827 obstreperent,
3064 1760 3324 1814 sacerdos
3355 1774 3497 1828 pra:-

118 1848 432 1918 iniquitatis
469 1855 673 1904 etcum
706 1847 884 1902 aliena
923 1845 1151 1900 muliere
1182 1843 1492 1912 delinquas.
1545 1841 1769 1895 Vinctus

119 1951 176 1992 es
203 1938 370 1993 uxori
398 1941 490 2008 (rx,
514 1937 624 2003 84),
647 1936 761 1992 noli
781 1949 1031 2006 quaerere
1059 1933 1424 1989 solutionem:
1461 1930 1604 1986 unde
1623 1927 1766 1999 (105)

115 2028 420 2084 Salomon:
471 2030 514 2082 A
551 2029 684 2092 Deo,
718 2026 916 2096 inquit,
950 2023 1351 2094 praeparabitur
1388 2021 1504 2076 viro
1537 2033 1692 2075 uxor.
1737 2037 1766 2070 »

117 2117 170 2171 Si
201 2117 354 2172 enim
403 2117 458 2171 in
489 2115 719 2185 aliquid,
748 2122 808 2170 ut
837 2115 1070 2169 humana
1116 2112 1384 2183 fragilitas
1429 2111 1615 2177 habet,
1663 2108 1767 2163 de-

115 2205 385 2276 linquunt
416 2211 618 2275 praeter
645 2203 920 2273 capitalia,
971 2215 1070 2271 per
1123 2215 1305 2256 veram
1366 2198 1768 2254 confessionem

110 2310 207 2351 sua
239 2293 584 2351 conﬁtentes
637 2297 862 2362 peccata
917 2305 948 2345 a
1003 2292 1115 2344 Deo
1167 2288 1556 2358 justiﬁcantur.
1615 2285 1771 2341 Unde

108 2385 392 2456 magister
431 2388 622 2436 noster
662 2379 982 2434 Ambrosius
1008 2377 1068 2408 ’ἰ
1102 2377 1156 2431 in
1206 2376 1439 2446 epistola
1477 2373 1773 2429 Theodosii

106 2471 486 2544 imperatoris
513 2469 813 2524 clementer
849 2466 1024 2522 dixit:
1059 2486 1088 2516 «
1126 2465 1227 2532 Qui
1275 2478 1334 2520 se
1381 2471 1603 2519 accusat
1651 2477 1774 2518 cum

106 2561 466 2635 peccaverit,
492 2561 674 2628 justus
703 2563 805 2623 est,
838 2570 947 2612 non
989 2555 1082 2610 ille
1129 2553 1224 2624 qui
1263 2568 1322 2609 se
1370 2553 1690 2608 laudaverit.
1746 2570 1773 2603 ι)

107 2659 244 2711 ltem
279 2654 494 2708 beatus
526 2647 846 2704 Ambrosius
881 2647 946 2677 δ”
988 2645 1044 2700 in
1090 2644 1238 2699 Beati
1277 2642 1610 2698 lmmaculati
1660 2645 1776 2697 tra-

109 2750 296 2801 ctatus
333 2738 450 2812 (1v,
492 2737 617 2803 ll):
655 2755 683 2789 «
713 2737 813 2803 Qui
843 2749 902 2791 se
950 2740 1190 2798 accusat,
1234 2732 1336 2788 etsi
1385 2736 1644 2801 peccator
1671 2735 1775 2796 est,

107 2834 296 2901 justus
330 2841 464 2885 esse
497 2825 710 2896 incipit,
742 2825 868 2895 quia
900 2837 1003 2880 nec
1032 2821 1137 2878 sibi
1171 2821 1365 2891 parcit,
1408 2827 1461 2875 et
1492 2821 1587 2876 Dei
1610 2819 1779 2888 justi-

111 2921 244 2975 tiam
318 2916 646 2981 conﬁtetur,
688 2927 848 2984 quem
919 2917 1072 2982 putat
1136 2910 1307 2966 latere
1373 2908 1509 2964 nihil
1580 2921 1778 2980 posse:

1849 1844 2017 1912 cepit,
2046 1849 2106 1898 ut
2138 1849 2382 1899 tacerent.
2413 1849 2467 1899 et
2509 1844 2788 1901 deferrent
2837 1848 3074 1902 orationi
3124 1861 3296 1903 sacrae
3344 1861 3497 1902 reve-

1849 1934 2102 1988 rentiam.
2135 1935 2286 1988 Tunc
2315 1933 2499 1989 subito
2552 1934 2916 1990 circumfusus
2957 1937 3222 2006 strepitus
3265 1938 3495 2007 quievit,

1849 2027 1905 2079 et
1933 2038 2106 2093 usque
2136 2023 2302 2078 hodie
2335 2023 2563 2092 paludes
2592 2025 2776 2090 silent,
2810 2028 2885 2080 ita
2915 2031 2974 2081 ut
3002 2028 3088 2081 vix
3119 2034 3212 2082 aut
3242 2041 3498 2098 umquam

1849 2113 2084 2182 aliquam
2147 2127 2422 2179 ranarum,
2483 2115 2714 2168 maxime
2754 2114 2849 2171 illo
2906 2115 2959 2170 in
3001 2121 3271 2186 tempore,
3313 2118 3499 2187 crepi-

1853 2208 2058 2256 tantem
2093 2201 2416 2255 invenisses.
2455 2221 2480 2252 »

1924 2291 1977 2345 9.
2011 2289 2104 2361 (8.)
2135 2291 2349 2345 Interea
2379 2289 2443 2320 “7
2483 2291 2704 2359 quidam
2745 2306 2874 2346 ecce
2906 2293 3188 2360 sacerdos,
3221 2295 3376 2364 quasi
3407 2310 3503 2350 sa-

1855 2379 1988 2450 gitta
2018 2381 2085 2434 ab
2133 2393 2264 2435 arcu
2320 2379 2531 2446 volans,
2594 2379 2852 2436 dentibus
2889 2382 3149 2445 stridens,
3193 2383 3386 2438 oculos
3442 2391 3504 2440 ut

1856 2469 2054 2524 animal
2086 2469 2326 2533 volvens,
2359 2469 2552 2525 videns
2588 2469 2864 2525 Arialdum
2919 2477 2973 2526 et
3033 2472 3352 2527 Landulfum
3394 2487 3500 2528 no-

1855 2557 2014 2612 vellis
2076 2557 2215 2611 male
2267 2557 2589 2624 dulcoratis,
2650 2559 2852 2627 quibus
2907 2561 3181 2615 civitatem
3221 2561 3335 2616 fere
3387 2563 3499 2630 jam

1857 2649 2027 2700 totam
2059 2645 2387 2711 imbuerant,
2417 2645 2483 2699 ad
2510 2645 2788 2700 Arialdum
2815 2647 2933 2716 ipse
2957 2649 3249 2717 prosiliens
3269 2650 3500 2717 injicere

1859 2748 1981 2790 sese
2055 2733 2305 2787 manibus
2370 2735 2824 2789 comminabatur.
2884 2737 3017 2790 Cum
3081 2742 3260 2792 autem
3322 2739 3501 2807 ipsum

1860 2822 2137 2880 Arialdum
2171 2822 2349 2878 verbis
2386 2823 2552 2878 nimia
2592 2823 2668 2877 ira
2701 2825 2948 2879 tremulis
2971 2826 3305 2882 sciscitando
3337 2827 3507 2882 inter-

1863 2916 2130 2982 rogasset,
2163 2911 2209 2967 si
2239 2911 2331 2966 illa
2371 2927 2496 2966 vera
2527 2911 2759 2967 fuissent
2816 2929 2938 2983 qua:
2997 2915 3160 2984 paulo
3217 2921 3342 2970 ante
3396 2918 3505 2984 jam

112 3008 365 3078 ideoque
409 3005 694 3073 Scriptura
732 3002 844 3057 ait:
895 3002 1081 3056 Justus
1135 2999 1191 3054 in
1239 2997 1466 3054 exordio
1514 2997 1786 3052 sermonis
1818 3001 2084 3078 ~civitate
2150 3000 2635 3070 percrebrescente
2701 3002 2976 3068 audierat,
3020 3008 3074 3058 et
3130 3003 3272 3058 idem
3332 3007 3511 3073 ipsum

115 3075 428 3153 accusator
453 3100 540 3150 est
559 3093 665 3148 sui.
691 3113 717 3140 ι
741 3093 1020 3158 Preterea,
1045 3087 1243 3143 fratres
1265 3085 1557 3152 karissimi,
1581 3091 1782 3154 quanta
1805 3075 1847 3135 C
1865 3094 1974 3145 tam
2005 3088 2302 3144 indiscrete
2341 3094 2395 3144 et
2445 3089 2755 3145 inconsulte
2815 3105 2913 3160 per
2967 3090 3242 3146 civitatem
3299 3105 3362 3147 ac
3405 3090 3516 3162 pia.

115 3184 257 3240 mala
320 3188 670 3255 quantaeque
727 3179 1103 3236 dissensiones
1158 3175 1566 3232 nefandissimte
1605 3187 1786 3243 quan-

114 3281 281 3345 taque
317 3271 636 3330 homicidia
683 3275 996 3341 quantaque
1035 3266 1302 3323 adulteria
1334 3280 1400 3321 ex
1438 3265 1524 3320 his
1571 3264 1788 3334 possint

110 3363 300 3420 verbis
341 3363 518 3429 oriri,
554 3361 842 3430 percipite.

183 3453 220 3506 8
280 3452 405 3526 (7.)
453 3452 589 3506 Nam
629 3449 694 3481 ⁵²³
741 3449 884 3504 enim
942 3447 1161 3502 illorum
1220 3444 1392 3500 animi
1431 3443 1518 3497 his
1557 3449 1612 3498 et
1666 3441 1791 3496 aliis

109 3543 297 3598 verbis
349 3539 664 3604 dulcorati,
705 3537 889 3594 omnia
937 3549 1060 3604 qua:
1117 3533 1228 3588 illis
1283 3536 1512 3600 possent
1567 3530 1787 3584 evenire

111 3647 389 3702 prospera
435 3636 499 3685 et
539 3629 785 3694 adversa,
827 3624 1010 3680 animo
1040 3622 1372 3678 trutinantes
1408 3618 1792 3674 moliﬁcaban-

110 3727 220 3779 tur.
253 3723 325 3777 Et
359 3733 510 3776 ecce
549 3717 770 3787 quidam
822 3711 1211 3784 nequissimus,
1263 3709 1422 3778 cujus
1467 3707 1696 3777 spiritus
1731 3705 1788 3760 in

111 3811 346 3866 naribus
388 3813 545 3874 erat,
585 3806 748 3862 verba
788 3802 1105 3873 turpissima
1142 3799 1403 3854 adversus
1453 3796 1557 3852 hos
1606 3793 1789 3865 profe-

111 3913 260 3967 rens,
297 3913 406 3957 ore
463 3909 673 3952 vesano
704 3895 918 3950 animos
964 3903 1105 3961 quos
1148 3887 1323 3945 Guido
1364 3892 1529 3956 prout
1575 3887 1794 3955 poterat

112 3990 508 4060 mitigaverat,
542 3985 708 4040 nimia
747 3985 826 4039 ira
865 3978 1176 4038 commovit.
1238 3979 1428 4046 Itaque
1483 3975 1650 4030 nimia
1710 3974 1792 4028 in-

109 4079 456 4150 dignatione
493 4073 780 4138 commoti,
828 4069 1162 4126 unanimiter
1208 4071 1334 4121 aute
1380 4065 1556 4134 ipsum
1594 4062 1791 4119 Guido-

109 4181 234 4222 nem
289 4182 364 4223 ex
425 4166 530 4221 his
576 4162 802 4218 nimium
841 4159 1118 4216 dolentem
1151 4160 1568 4226 consurgentes,
1609 4152 1792 4209 verbis

109 4257 482 4313 terribilibus
516 4252 941 4316 afﬁrmaverunt,
973 4247 1242 4312 dicentes,
1284 4245 1352 4300 de
1383 4243 1470 4298 his
1498 4257 1792 4312 numquam

108 4347 394 4402 tacituros
435 4342 537 4409 ⁸⁸⁵,
592 4341 771 4396 donec
807 4339 1036 4408 spiritus
1083 4339 1230 4391 esset
1277 4334 1333 4388 in
1391 4333 1472 4388 eis
1516 4338 1570 4387 et
1609 4332 1794 4402 lingua

1868 3185 1985 3234 teas
2043 3177 2111 3232 de
2167 3177 2552 3234 sacerdotibus
2609 3179 2848 3235 locutum
2889 3194 2953 3235 ac
3009 3180 3148 3236 male
3182 3179 3516 3235 diffamatum

1867 3271 2034 3334 esset,
2077 3267 2232 3336 quasi
2280 3267 2506 3323 insanus
2535 3275 2726 3324 contra
2758 3281 3017 3323 vesanum
3063 3269 3181 3322 sine
3231 3282 3382 3323 mora
3430 3281 3518 3322 ca-

1868 3361 1966 3427 put
2004 3369 2228 3411 movens
2270 3357 2595 3424 respondit:
2633 3375 2660 3407 «
2691 3356 2846 3422 Quod
2878 3355 2990 3410 dixi
3021 3355 3168 3420 dico,
3202 3355 3350 3425 quod
3389 3355 3517 3411 dico

1867 3442 2100 3509 afﬁrmo,
2142 3442 2289 3512 quod
2324 3441 2535 3498 afﬁrmo
2567 3443 2780 3498 ratione
2821 3443 3159 3510 competenti
3208 3443 3516 3512 approbare

1868 3532 2094 3587 curabo.
2146 3550 2172 3581 ι)
2221 3531 2334 3586 Hoc
2373 3531 2561 3585 audito
2611 3530 2872 3585 sacerdos
2925 3531 3091 3584 nimia
3139 3531 3518 3600 indignatione

1869 3624 2214 3684 commotus,
2280 3632 2440 3672 manu
2510 3618 2702 3673 dextra
2769 3618 2976 3673 elevata
3036 3619 3212 3688 ipsum
3279 3619 3520 3690 graviter

1869 3707 2190 3778 alapizando
2219 3706 2285 3738 ⁵²⁸
2313 3707 2652 3777 alloquitur:
2688 3725 2715 3758 «
2747 3709 2825 3762 Tu
2857 3707 3010 3763 solus
3048 3707 3102 3762 in
3151 3709 3356 3764 mundo
3387 3707 3515 3762 uni-

1869 3810 2030 3853 verso
2061 3811 2161 3867 per
2190 3795 2569 3852 detestabilem
2601 3797 2898 3866 ypocrisim
2929 3796 3101 3853 audes
3147 3797 3311 3852 vitam
3340 3811 3519 3853 sacer-

1871 3887 2062 3942 dotum
2093 3885 2390 3941 diffamare.
2434 3884 2706 3954 Numquid
2740 3891 2798 3940 tu
2826 3885 2980 3941 solus
3023 3901 3122 3956 per
3151 3886 3517 3943 execrabilem

1873 3975 2125 4046 pataliam
2166 3980 2222 4029 et
2267 3973 2669 4043 quamplurima
2716 3982 3058 4030 sacramenta
3109 3989 3272 4044 prava
3322 3989 3386 4031 ac
3426 3974 3522 4031 de-

1871 4062 2145 4119 testabilia
2183 4062 2371 4132 populi
2437 4062 2726 4128 flammam,
2793 4078 2918 4133 quae
2982 4064 3189 4132 impetu
3247 4070 3306 4118 ut
3362 4079 3511 4120 mare

1870 4157 2142 4218 versatur,
2173 4166 2340 4221 super
2377 4164 2480 4207 nos
2525 4151 2828 4207 accendis?
2883 4153 3156 4222 Numquid
3213 4159 3272 4208 tu
3329 4154 3525 4208 melior

1873 4241 2142 4299 Abraham
2175 4246 2230 4296 et
2260 4242 2409 4295 Isaac
2439 4246 2493 4294 et
2542 4241 2732 4306 Jacob,
2791 4239 3069 4306 Salomon,
3130 4240 3522 4308 prophetarum

1881 4331 2222 4399 eximiusque
2284 4328 2494 4384 David?
2558 4327 2832 4398 Numquid
2891 4333 2948 4382 tu
3015 4327 3211 4382 melior
3269 4328 3524 4396 apostolo

418 4391 986 4496 tenyeret'urTQ'uibus
1042 4421 1571 4497 prophetizantibus,
1630 4391 2073 4484 insciiDPaulo,
2105 4391 2199 4486 q-ui
2233 4431 2265 4471 a
2305 4419 2414 4471 Deo
2455 4391 2746 4472 electionis
2791 4430 2883 4470 vas
2931 4422 3016 4470 est
3059 4391 3408 4484 appellatus?
3444 4418 3522 4470 An

106 4526 242 4594 quid
277 4526 354 4582 de
397 4539 468 4580 se
518 4521 789 4583 dicerent,
839 4516 1133 4572 insalutato
1179 4511 1598 4580 archiepiscopo
1641 4509 1796 4579 pala-
1877 4511 1936 4562 tu
1963 4507 2115 4563 solus
2139 4506 2343 4575 justior
2371 4520 2430 4560 es
2460 4506 2648 4560 multis
2695 4505 2946 4560 Patribus
2993 4505 3302 4594 sanctiset
3351 4518 3519 4560 vene-

109 4592 245 4670 tium
280 4611 735 4671 Ambrosianum
764 4621 927 4663 cursu
966 4605 1162 4672 veloci,
1202 4601 1357 4673 quasi
1394 4599 1508 4654 fera
1555 4599 1797 4654 crudelis
1876 4597 2084 4662 randis,
2116 4608 2348 4664 quorum
2383 4595 2489 4649 vita
2521 4608 2583 4648 ac
2613 4594 2861 4649 moribus
2901 4593 3061 4648 bonis
3111 4592 3354 4648 Ecclesia
3405 4594 3524 4663 pri-

110 4705 339 4760 mortali
402 4701 622 4773 sagitta
671 4710 949 4768 percussa,
1004 4693 1277 4750 exierunt.
1337 4691 1410 4745 Ea
1471 4693 1795 4758 tempestate
1877 4687 2062 4742 mitiva
2091 4683 2339 4740 refloruit
2387 4688 2442 4738 et
2483 4685 2592 4738 Deo
2649 4688 2926 4738 annuente
2988 4696 3206 4751 semper
3263 4683 3524 4739 ﬁorebit?

1526 4831 1746 4886 VARUE
1784 4829 2063 4886 LECTION
2071 4829 2168 4883 ES.

184 4973 254 5006 ⁵¹⁶
283 4975 369 5029 ita
404 4973 478 5026 B.
515 4982 586 5023 ea:
614 4979 776 5032 corr,.
819 4961 1040 5032 conjugi
1068 4959 1192 5032 A*.A
1235 4957 1299 4989 '“
1329 4955 1475 5032 unde
1514 4956 1718 5032 beatus
1751 4954 2008 5032 Amb._B.
2103 4951 2167 4981 ³²¹
2214 4950 2268 5005 b.
2321 4952 2383 5032 A.
2435 4949 2794 5032 desuntAB.m
2817 4947 2882 4979 ⁸³³
2915 4946 3166 5032 ,Τὶιαίιιᾳοε
3215 4949 3381 5032 Finis.
3415 4963 3530 5032 ser-

114 5018 783 5104 monib'u's-Widvonisa’d
815 5037 874 5090 L.
908 5018 964 5089 et
987 5018 1054 5088 Ἀ.
1082 5029 1282 5101 quibus
1310 5026 1720 5104 verba_diss_i_dii
1753 5024 2079 5104 prevaluere
2105 5022 2443 5104 concordiae.
2465 5023 2571 5104 _A'.
2622 5019 2866 5104 Qualiter
2912 5018 3209 5104 [:ﬂndulfus
3253 5021 3531 5104 etnAi-iai-

115 5089 487 5175 E'Jsmie‘Fbis'
508 5089 783 5166 aui—donis
812 5089 923 5161 nOn
955 5089 1532 5175 consénserunt._re_ll.
1598 5097 1672 5175 _"‘
1702 5089 1926 5175 nisese‘
1955 5101 2017 5175 t_._
2045 5097 2102 5150 Β.
2190 5092 2259 5175 ᾖξ’
2302 5107 2378 5175 nl.
2425 5091 2715 5175 et‘multis
2771 5092 2829 5146 B.
2925 5089 2989 5120 ⁸⁸⁸
3036 5090 3184 5175 quod
3237 5090 3533 5175 didicimus

112 5161 225 5248 37.”
276 5161 778 5243 '-?1"1'€a&£;?bé
805 5176 1184 5248 indignatione
1213 5171 1519 5248 sacerdotis
1547 5169 1809 5248 adversus
1826 5167 2135 5248 Arialdum.
2175 5165 2262 5248 Af.
2299 5166 2375 5248 ne
2421 5163 2536 5248 ind.
2558 5176 2782 5248 “saeua
2810 5175 2956 5248 cum
2978 5161 3263 5248 dc‘olap‘h‘o'.
3302 5164 3424 5219 A“.
3458 5164 3533 5218 De

114 5232 855 5334 indignationecuiusdam
875 5232 1182 5306 sacerdotis
1208 5241 1667 5315 reprehendentis
1694 5241 1971 5297 Arialdum
2001 5252 2125 5294 cum
2157 5235 2410 5306 colapho.
2445 5236 2506 5290 B.
2547 5233 2632 5289 BI.
2707 5232 2771 5264 ⁵³⁸
2799 5232 3086 5302 alpizando
3115 5233 3272 5290 codd.

1729 5367 1948 5424 NOTAE.

190 5512 367 5658 ((11%?)
401 5504 767 5636 321%ng
795 5503 851 5558 in
881 5497 1154 5557 Ambrosii
1183 5498 1322 5566 Opp.
1356 5507 1467 5550 non
1503 5497 1830 5563 sequuntur,
1860 5491 1958 5547 sed
1991 5485 2288 5546 Landulfus
2316 5500 2381 5543 ea
2409 5485 2604 5543 eodem
2634 5482 2800 5540 modo
2830 5497 2882 5539 c.
2913 5481 2986 5536 23
3021 5481 3323 5553 subiungit.

401 5582 476 5636 D.
525 5574 609 5631 10.
642 5576 763 5631 Mai.
