4022 6160
546 321 646 373 911
1631 321 1959 377 LANDULFI
2000 320 2530 375 MEDIOLANENSIS
2565 320 2830 375 CLERICI
3819 315 3924 368 912

541 447 818 517 Numquid
849 455 908 502 tu
945 447 1098 503 solus
1142 447 1310 502 multa
1355 453 1668 502 sanctorum
1717 446 1946 502 consilia
1996 446 2394 515 parvi-Anem
2432 460 2557 514 quae
2587 445 2656 500 ab
2686 459 2782 500 ore
2821 445 3061 500 hominis
3104 444 3401 500 inhoneste
3446 441 3689 513 proferri
3743 450 3922 512 potest

544 536 797 605 pendens
826 536 1126 592 anichilare
1165 535 1426 591 curabis?
1470 536 1745 604 Numquid
1803 541 1862 590 tu
1918 533 2070 590 solus
2127 535 2184 590 in
2269 533 2472 589 ridenti
2503 533 2708 604 p0pulo
2746 535 3050 590 emittebat.
3085 535 3160 589 De
3199 534 3358 602 cujus
3386 547 3484 588 ore
3525 534 3673 588 Deus
3723 531 3822 587 illo
3869 533 3920 586 in

543 627 779 682 ecclesia
817 626 1172 682 Ambrosiana
1201 625 1488 680 dissidium
1519 640 1619 695 per
1656 624 1844 680 falsam
1877 624 2184 680 castitatem
2267 629 2514 693 tempore
2544 625 2710 680 verba
2739 624 2924 679 divina
2954 625 3106 678 exire
3144 636 3257 678 non
3306 623 3579 692 permisit,
3636 621 3748 676 nisi
3788 621 3922 676 duos

542 724 710 783 tuam,
770 731 893 785 quae
958 715 1088 770 olim
1152 716 1209 770 in
1267 716 1467 784 palatio
1524 715 1885 771 Ambrosiano
1935 715 2183 770 Guidone

543 811 753 860 astante
811 804 1040 874 probata
1079 809 1181 870 est,
1240 806 1555 870 criminose,
1599 805 1938 860 seminabis?
1987 805 2043 859 Si
2082 805 2181 859 tibi

541 895 684 948 Deus
714 907 940 961 operum
999 894 1270 948 bonorum
1325 893 1722 963 perfectionem
1778 893 1997 949 caelitus
2051 894 2184 947 ami-

541 983 850 1048 nistrasset,
883 996 986 1037 nos
1016 983 1179 1038 modo
1211 983 1441 1053 private,
1473 999 1536 1039 ac
1565 985 1613 1038 si
1644 998 1783 1052 opus
1819 982 1963 1038 foret
2009 997 2183 1052 quan-

538 1070 720 1140 doque
765 1071 1006 1140 publice,
1039 1074 1119 1127 sic
1148 1073 1369 1141 publice
1400 1079 1460 1127 ut
1489 1074 1544 1126 in
1584 1073 1927 1142 presbyterio
1965 1079 2179 1139 nostro,

535 1160 880 1215 emendando
909 1161 1071 1216 bonis
1109 1162 1292 1216 verbis
1322 1163 1592 1231 bonisque
1643 1161 1908 1230 exemplis
1953 1162 2180 1216 humili-

533 1257 619 1304 ter
647 1264 710 1304 ac
741 1251 937 1306 devote
971 1251 1316 1321 corrigeres;
1345 1252 1489 1306 unde
1514 1251 1811 1320 Apostolus
1835 1271 1847 1306 :
1887 1270 1915 1302 «
1936 1251 1990 1306 Si
2011 1249 2182 1307 frater

531 1348 658 1394 tuus
688 1341 1019 1408 peccaverit,
1047 1342 1266 1409 corripe
1297 1356 1418 1396 eum
1459 1341 1603 1395 inter
1660 1348 1712 1395 te
1770 1346 1825 1395 et
1862 1342 2040 1410 ipsum
2089 1355 2178 1396 so-

529 1426 639 1483 lum
674 1430 880 1498 (Matth.
905 1445 1061 1496 xvut,
1091 1429 1195 1487 15).
1222 1449 1250 1480 )›
1281 1431 1465 1486 Potuit
1491 1431 1635 1485 enim
1656 1430 1904 1485 Christus
1924 1431 2178 1485 dominus

532 1518 794 1572 mundum
827 1532 938 1573 uno
966 1518 1135 1573 verbo
1167 1519 1391 1588 suisque
1441 1519 1688 1588 imperiis
1717 1519 2045 1588 subjugare;
2079 1518 2176 1573 sed

531 1613 591 1660 ut
622 1620 726 1662 nos
765 1622 863 1676 per
902 1608 1222 1676 patientiam
1251 1615 1307 1663 et
1335 1608 1694 1663 humilitatem
1745 1622 1993 1677 regnum,
2026 1609 2175 1676 quod

531 1695 805 1763 superbus
836 1696 1036 1763 amisit,
1077 1710 1546 1767 consequeremur
1573 1697 1627 1751 in
1661 1696 1834 1762 caelis,
1889 1696 2175 1751 karitative

2265 714 2568 771 versiculos
2595 717 2663 771 ab
2693 729 2784 781 eo,
2808 722 2869 770 ut
2907 715 3041 770 mihi
3089 714 3328 782 videtur,
3368 715 3504 768 satis
3545 713 3918 776 dissonantes.

2265 803 2496 859 dicens:
2557 824 2584 857 «
2633 806 2734 873 Qui
2791 804 2926 860 mihi
2964 804 3258 870 ministrat,
3328 817 3414 858 me
3469 809 3784 872 sequatur:
3842 815 3919 855 me

2263 897 2581 967 sequimini,
2615 897 2662 950 si
2693 908 2804 950 non
2846 893 3011 948 vultis
3049 893 3351 948 offendere.
3389 911 3417 944 »
3449 894 3581 959 Quae
3624 892 3801 946 verba
3832 893 3921 946 do-

2264 988 2445 1042 minus
2483 991 2674 1041 noster
2698 985 2859 1039 Jesus
2886 983 3140 1039 Christus
3169 982 3474 1052 discipulos
3521 995 3660 1036 suos
3709 993 3920 1035 omnes-

2264 1090 2371 1145 que
2407 1074 2597 1130 ﬁdeles
2626 1072 2694 1128 ad
2733 1072 3099 1128 humilitatem
3146 1071 3469 1126 servandam
3516 1069 3917 1138 karitatemque

2263 1179 2386 1219 cum
2417 1163 2674 1219 omnibus
2711 1161 3019 1216 habendam
3060 1161 3348 1216 insinuans
3372 1165 3429 1215 et
3446 1159 3648 1215 dicens
3667 1158 3912 1227 aperuit:

2263 1268 2292 1306 «
2332 1252 2432 1318 Qui
2464 1251 2596 1306 mihi
2636 1249 2931 1315 ministrat,
2964 1262 3049 1304 me
3099 1249 3374 1318 sequitur,
3423 1253 3478 1302 et
3511 1246 3610 1302 ubi
3651 1259 3763 1316 ego
3813 1260 3915 1300 sum

2261 1341 2373 1397 illic
2402 1340 2461 1372 ⁸³¹
2486 1341 2593 1395 erit
2621 1347 2677 1395 et
2705 1339 2959 1394 minister
2989 1353 3142 1394 meus
3179 1337 3390 1409 (Johan.
3422 1352 3521 1404 xu,
3548 1335 3678 1407 26).
3716 1355 3747 1387 ι)
3781 1337 3914 1390 Hanc

2258 1431 2379 1500 ipse
2444 1435 2635 1499 postea
2701 1441 2824 1482 cum
2866 1427 3198 1494 traderetur,
3248 1424 3548 1481 auriculam
3611 1426 3911 1494 amputanti

2260 1518 2503 1573 ostendit
2535 1517 2762 1572 dicens:
2799 1531 2828 1569 ι(
2859 1519 2940 1571 An
2970 1523 3130 1587 putas
3160 1515 3288 1585 quia
3320 1528 3432 1570 non
3479 1528 3718 1584 possum
3774 1526 3914 1583 roga-

2260 1621 2319 1663 re
2349 1609 2563 1661 Patrem
2595 1619 2794 1671 meum,
2826 1611 2884 1661 et
2921 1604 3208 1660 exhibebit
3236 1603 3370 1659 mihi
3401 1604 3566 1660 modo
3601 1602 3738 1672 plus
3768 1616 3912 1671 quam

2259 1696 2552 1752 duodecim
2591 1695 2840 1765 legiones
2877 1693 3243 1764 angelorum?
3291 1711 3320 1744 »
3379 1706 3488 1762 qua
3540 1706 3687 1748 voce
3751 1705 3912 1761 quove

530 1782 722 1836 dicens
760 1784 817 1837 in
857 1783 1020 1838 terris
1049 1785 1330 1840 amonuit:
1368 1807 1393 1833 «
1426 1785 1580 1852 Quod
1610 1786 1709 1840 tibi
1741 1798 1851 1840 non
1880 1785 1981 1852 vis,
2015 1786 2174 1840 alteri
2197 1779 2543 1855 Bpraacepto
2592 1797 2724 1839 suos
2781 1783 3011 1837 armavit
3065 1781 3372 1851 apostolos,
3431 1787 3489 1836 et
3544 1786 3811 1836 armatos
3859 1780 3911 1834 ab

531 1885 598 1924 ne
630 1870 847 1926 feceris.
873 1890 900 1923 »
923 1873 1063 1938 Quin
1098 1880 1152 1927 et
1183 1874 1332 1943 ipsos
1362 1875 1768 1949 cruciﬁgentes,
1802 1883 1864 1929 ut
1886 1875 2094 1929 Dathan
2125 1879 2180 1929 et
2263 1875 2640 1929 universorum
2671 1872 2982 1928 daemonum
3006 1871 3208 1941 jaculis
3245 1871 3462 1937 tutavit,
3495 1877 3552 1925 et
3605 1876 3828 1925 tutatos
3867 1870 3908 1924 in

526 1960 755 2029 Abiron,
789 1963 968 2031 potuit
997 1963 1147 2017 vivos
1175 1964 1472 2034 submergi.
1507 1965 1602 2019 Dic
1632 1965 1787 2030 mihi,
1840 1966 1996 2034 cujus
2046 1978 2177 2019 san-
2262 1971 2527 2018 aeternum
2585 1963 2887 2018 coronavit.
2947 1963 3062 2030 Qua
3109 1976 3245 2018 voce
3305 1959 3641 2016 Laurentius
3702 1968 3910 2015 sanctus

529 2057 744 2103 ctorum
796 2049 936 2104 viam
992 2051 1350 2120 aggrederis?
1408 2053 1559 2107 Enim
1617 2059 1678 2107 ut
1728 2067 1915 2107 verum
1973 2053 2174 2117 dicam,
2260 2053 2523 2125 munitus,
2551 2051 2769 2122 tyranni
2796 2051 3128 2120 iniquissimi
3147 2065 3290 2107 saeva
3311 2056 3588 2106 tormenta
3610 2057 3668 2104 et
3716 2050 3907 2120 ignium

528 2150 821 2206 numquam
846 2138 1053 2205 justum
1093 2140 1275 2194 inveni
1332 2141 1425 2210 qui
1480 2156 1580 2210 per
1635 2142 1944 2210 periculosa
2000 2154 2178 2196 sacra-
2257 2141 2539 2211 superavit
2567 2140 2782 2211 globos,
2819 2146 2874 2195 et
2904 2141 3083 2210 ipsum
3130 2139 3575 2196 crudelissimum
3626 2145 3906 2207 tyrannum

524 2230 706 2279 menta
734 2239 798 2280 ac
827 2227 1114 2295 pessimam
1164 2228 1588 2285 diﬂ‘amationem
1647 2231 1820 2286 malos
1875 2230 1944 2285 ad
2003 2231 2173 2286 Deum

524 2314 727 2370 invitos
781 2323 1145 2383 converteret,
1209 2332 1331 2372 cum
1381 2319 1507 2373 mali
1566 2320 1738 2390 magis
1793 2319 2006 2375 soleant
2057 2320 2174 2374 ﬁeri

525 2401 780 2458 duriores
836 2418 996 2472 quam
1055 2406 1324 2473 mitiores,
1383 2413 1438 2462 et
1493 2407 1709 2463 soleant
1766 2408 1938 2478 magis
1995 2411 2176 2478 poenis

525 2492 870 2548 crudeliores
933 2493 1053 2548 ﬁeri
1093 2509 1255 2563 quam
1312 2495 1573 2566 mitigari.
1630 2497 1784 2552 Unde
1838 2497 2171 2566 Apostolus:

528 2599 556 2631 «
580 2582 724 2638 Deus
744 2595 855 2637 non
877 2582 991 2637 vult
1011 2590 1202 2638 coacta
1222 2584 1466 2641 servitia.
1493 2604 1520 2637 ››
1543 2587 1609 2640 Et
1628 2586 1759 2641 item
1781 2586 1982 2642 Paulus
2006 2607 2018 2641 :
2047 2606 2075 2639 «
2097 2589 2175 2644 Tu

531 2671 657 2739 quis
689 2685 768 2737 es,
813 2671 906 2741 qui
951 2673 1169 2742 judicas
1197 2673 1434 2729 alienum
1465 2682 1723 2730 servum?
1780 2677 1888 2731 Suo
1947 2675 2176 2733 domino

525 2765 634 2815 stat
660 2768 754 2815 aut
780 2761 948 2829 cadit,
990 2763 1159 2818 stabit
1187 2771 1367 2819 autem
1403 2765 1567 2835 (Rom.
1599 2781 1712 2833 xw,
1764 2765 1842 2838 4).
1893 2784 1922 2817 »
1975 2767 2072 2822 liis
2119 2773 2176 2822 et

525 2850 649 2906 aliis
693 2850 859 2906 dictis
897 2853 1159 2909 sacerdos
1185 2855 1475 2910 Anselmus
1509 2869 1768 2925 quaarens
1798 2856 1977 2924 ipsum
2016 2871 2048 2911 a
2077 2855 2174 2911 tali

524 2954 788 2996 revocare
819 2942 1083 3012 cogitatu,
1111 2944 1259 2999 velut
1288 2946 1431 3015 ignis
1459 2945 1735 3001 fornacem
1769 2959 1832 3000 ac
1854 2945 1936 3000 ira
1956 2945 2170 3001 leonem

2257 2245 2321 2286 ac
2351 2231 2694 2297 semiustum,
2735 2229 2831 2284 Dei
2861 2229 2998 2284 iram
3038 2234 3338 2285 merentem
3386 2227 3537 2283 vicit.
3601 2228 3725 2293 Qua
3787 2240 3904 2282 voce

2258 2327 2482 2375 sanctus
2538 2321 2798 2374 Nazarius
2863 2324 2920 2373 et
2983 2317 3194 2386 Celsus,
3251 2316 3576 2388 angelorum
3636 2318 3741 2372 Dei
3797 2315 3908 2371 freti

2257 2409 2602 2476 aminiculis,
2671 2407 2970 2478 procellosi
3037 2408 3202 2463 maris
3240 2406 3523 2476 planitiem
3588 2412 3653 2460 ut
3711 2405 3908 2460 aridam

2259 2506 2460 2554 terram
2518 2497 2784 2566 intrepidi
2832 2495 3046 2552 calcare
3097 2501 3434 2551 meruerunt.
3493 2495 3671 2560 Quam
3731 2507 3907 2548 vocem

2257 2587 2498 2657 virgines
2536 2593 2592 2641 et
2637 2591 2908 2656 martyres
2945 2585 3230 2654 sanctique
3279 2596 3472 2639 omnes
3517 2581 3732 2638 devote
3770 2597 3906 2639 smn-

2257 2689 2397 2730 mam
2428 2680 2484 2730 et
2509 2688 2694 2730 veram
2732 2674 3055 2744 religionem
3083 2678 3399 2743 sequentes,
3430 2672 3490 2728 in
3532 2678 3820 2729 aeternum
3862 2679 3906 2727 et

2256 2779 2380 2820 cum
2408 2764 2626 2820 Christo
2657 2763 2998 2819 remunerari
3028 2768 3368 2818 meruerunt.

2333 2853 2416 2910 10.
2454 2853 2556 2926 (9.)
2589 2853 2723 2908 Cum
2760 2852 2824 2884 ⁸³³
2875 2859 3059 2908 autem
3104 2851 3360 2907 Arialdus
3411 2851 3606 2907 verbis
3663 2851 3914 2922 turpissi-

2255 2941 2708 2999 missacerdotes
2745 2941 2803 2997 in
2825 2941 3042 3011 populo
3076 2940 3308 3010 pessime
3336 2954 3401 2996 ac
3430 2940 3748 2996 criminose
3777 2940 3914 2996 ditia-

524 3029 974 3085 inrevocabiliter
1020 3033 1329 3102 exagitavit.
1364 3034 1535 3103 Igitur
1565 3049 1686 3089 cum
1727 3035 1890 3102 hujus
1921 3034 2000 3090 rei
2031 3033 2171 3090 fama
2209 3102 2218 3103 7
2255 3032 2477 3100 mando,
2532 3031 2772 3088 orationi
2829 3031 3161 3100 turpissimae
3200 3030 3362 3085 finem
3417 3030 3815 3099 imposuisset,
3869 3036 3914 3084 et

525 3116 596 3170 ad
635 3117 960 3172 Landulfum
989 3119 1296 3187 volitasset,
1331 3102 1475 3176 etiut
1504 3122 1676 3191 magis
1705 3137 1769 3177 ac
1798 3123 1990 3192 magis,
2023 3123 2173 3192 quod
2195 3102 2504 3178 Ceamdem
2552 3120 2907 3191 Landulphus
2975 3119 3138 3191 stylo,
3201 3126 3368 3190 prout
3431 3125 3554 3174 erat
3620 3119 3908 3183 facundus,

525 3205 582 3260 in
635 3205 873 3262 obscuro
913 3207 1190 3274 dixerunt,
1258 3223 1425 3278 super
1489 3216 1693 3266 tectum
1760 3211 2171 3282 divulgaretur,

530 3297 784 3365 martyris
857 3299 1211 3353 veneratione
1278 3298 1490 3366 relicta,
1557 3301 1646 3356 cui
1722 3314 1913 3356 omnes
1978 3301 2173 3358 devote

529 3394 920 3454 convenerant,
979 3402 1042 3442 ac
1108 3388 1460 3458 antiquorum
1517 3391 1867 3446 veneratione
1922 3392 2122 3447 omissa
2152 3432 2170 3456 ,

2255 3211 2494 3281 graviori
2527 3212 2878 3267 reiterasset:
2914 3209 2971 3264 in
3001 3224 3066 3265 ea
3103 3223 3229 3278 quae
3275 3208 3584 3278 turpissimi
3615 3209 3678 3263 in
3713 3208 3911 3279 populo

2257 3300 2500 3370 pandere
2558 3313 2623 3355 ac
2679 3299 2960 3370 divulgare
3015 3297 3522 3354 verecundarentur
3547 3339 3566 3363 ,
3646 3297 3908 3368 populum

2255 3389 2412 3459 quasi
2441 3389 2634 3445 leones
2661 3403 2724 3444 ac
2755 3386 3124 3443 ferocissimas
3151 3392 3341 3458 tygres
3384 3385 3578 3456 praeda
3625 3392 3688 3441 et
3739 3385 3909 3442 calido

526 3483 749 3546 arrepto
789 3477 1040 3531 manibus
1067 3477 1310 3546 Arialdo,
1341 3477 1546 3534 furiose
1587 3494 1651 3535 ac
1691 3481 1925 3549 pessime
1972 3479 2174 3536 vocife-
2253 3479 2519 3550 sanguine
2558 3478 2734 3534 anxiae
2763 3477 2827 3508 ⁸³³
2852 3477 3114 3534 adversus
3165 3476 3484 3532 sacerdotes
3540 3475 3908 3532 sollicitantes

524 3565 700 3621 rando
731 3580 853 3620 cum
885 3566 1076 3635 paucis
1107 3566 1174 3621 ad
1196 3567 1469 3622 theatrum
1496 3567 1654 3639 (107)
1679 3570 1948 3638 pervenit.
1980 3570 2170 3639 Itaque
2253 3567 2691 3623 commovebant.
2762 3567 2970 3623 Horum
3027 3565 3398 3622 disseminatis
3474 3565 3668 3620 verbis
3755 3565 3910 3635 prsti-

528 3656 710 3710 missis
739 3670 839 3724 per
868 3655 1105 3710 civitatis
1151 3654 1304 3711 vicos
1340 3662 1396 3710 et
1448 3656 1658 3726 plateas
1713 3658 1941 3714 cartulis
1995 3659 2171 3715 bomi-
2252 3656 2452 3725 lenter,
2505 3657 2689 3712 subito
2739 3655 2918 3724 multi,
2970 3655 3172 3726 quibus
3209 3654 3446 3710 alienum
3493 3667 3576 3709 aes
3614 3653 3906 3710 durissima

529 3746 691 3800 nibus
752 3744 854 3812 “9,
916 3746 1388 3814 perstrepentibus
1443 3747 1828 3804 tintinnabulis
1881 3748 2070 3804 multis
2116 3756 2172 3806 et
2253 3746 2592 3816 exigebatur,
2641 3759 2896 3815 quosque
2943 3742 3080 3800 foris
3125 3749 3182 3800 et
3228 3743 3378 3799 intus
3420 3742 3564 3798 dura
3613 3751 3908 3814 paupertas

527 3835 757 3903 magnis,
816 3848 880 3889 ac
919 3834 1327 3904 garrulantibus
1373 3835 1610 3904 feminis,
1670 3843 1943 3907 quatenus
1980 3852 2170 3895 omnes
2252 3834 2601 3900 trucidabat.
2671 3847 3077 3904 quamcumque
3136 3833 3483 3889 occasionem
3547 3841 3907 3903 (Ιυεΐεηῐεδν

525 3931 631 3978 tam
656 3924 885 3992 juvenes
923 3937 1084 3992 quam
1131 3939 1311 3992 senes,
1352 3931 1462 3980 tam
1499 3927 1778 3995 sapientes
1824 3942 1986 3997 quam
2040 3928 2170 3984 insi-
2251 3921 2399 3977 unde
2427 3923 2662 3977 miseros
2689 3921 2833 3978 ﬁlios
2871 3927 2926 3977 et
2971 3934 3173 3978 uxores
3226 3921 3531 3992 sapiSSime
3589 3923 3909 3976 verberans

525 4011 760 4078 pientes,
795 4017 904 4064 tam
942 4011 1103 4079 probi
1153 4026 1314 4080 quam
1351 4013 1644 4082 improvidi
1676 4015 2010 4070 unanimiter
2038 4029 2169 4071 con-

523 4097 827 4167 venientes,
860 4112 984 4168 quae
1016 4098 1398 4156 aedificationis
1426 4115 1490 4156 ac
1515 4102 1710 4158 animae
1741 4103 1935 4158 salutis
1963 4102 2164 4172 forent,

521 4187 746 4242 auribus
773 4187 1030 4243 audirent
1059 4189 1305 4256 attentis,
1346 4191 1684 4261 satagebant.
1736 4193 1925 4260 Itaque
1956 4191 2166 4257 civibus

519 4277 838 4334 convocatis
895 4278 1185 4333 universis.
1242 4278 1496 4334 Arialdus
1552 4281 1711 4350 quasi
1767 4280 1969 4336 ardens
2016 4285 2166 4336 totus

520 4366 790 4436 pulpitum
822 4367 1126 4423 ascendens
1164 4382 1474 4436 commune,
1516 4369 1695 4425 oculis
1725 4376 1785 4424 ut
1813 4369 1901 4425 leo
1933 4370 2162 4426 flammi-

517 4457 712 4524 vomis,
745 4457 1020 4526 nimiaque
1050 4457 1132 4512 ira
1181 4466 1509 4525 commotus,
1542 4458 1711 4513 multa
1750 4458 1818 4514 de
1867 4459 2168 4516 sacerdoti-

2250 4025 2503 4068 recreare
2559 4025 2622 4066 ac
2679 4016 2992 4067 sustentare
3050 4019 3313 4084 possent,
3374 4011 3650 4066 immenso
3716 4011 3908 4081 plausu

2248 4102 2402 4172 ipsos
2439 4100 2772 4168 laudabant;
2823 4099 2917 4156 alii
2963 4114 3094 4156 vero
3141 4099 3420 4169 simplices
3467 4104 3523 4154 et
3572 4098 3775 4156 idiota
3815 4110 3908 4153 sua

2249 4196 2474 4261 pectora
2530 4189 2907 4256 verberantes,
2966 4190 3123 4259 quasi
3181 4188 3329 4244 Petri
3388 4193 3444 4244 et
3499 4187 3664 4243 Pauli
3722 4202 3905 4244 eorum

2246 4280 2411 4336 verba
2440 4279 2718 4335 habebant
2747 4278 2922 4350 (108).
2959 4279 3097 4347 Quid
3129 4277 3342 4334 multa?
3388 4290 3591 4333 omnes
3643 4277 3911 4334 concives

2246 4367 2496 4424 fascinati
2523 4408 2541 4434 ,
2581 4369 2740 4439 quasi
2779 4368 2944 4424 maris
2999 4382 3142 4424 saava
3198 4373 3495 4436 tempestas
3538 4380 3607 4421 ac
3659 4366 3910 4423 aestualia

2184 4428 2498 4526 I)fulmina,
2523 4428 2658 4528 'an
2690 4458 2894 4514 multos
2931 4459 3232 4528 imparatos
3269 4428 3587 4527 opprimere
3626 4463 3692 4512 et
3731 4455 3914 4512 morti-

518 4548 622 4602 bus
696 4546 1008 4616 exprimens
1082 4546 1468 4613 detestabilia,
1537 4549 1694 4617 quasi
1760 4549 1936 4604 amnis
1999 4549 2165 4607 nimia
2247 4547 2411 4604 ficare
2449 4547 2654 4615 solent,
2687 4548 2962 4604 civitatem
2993 4552 3380 4617 percurrentes
3418 4551 3479 4600 ut
3529 4559 3666 4601 ursa
3718 4545 3914 4602 catulis

517 4634 877 4692 inundatione
937 4635 1224 4706 turgidus,
1284 4635 1516 4704 lapides,
1575 4635 1774 4706 sylvas,
1814 4637 2065 4694 homines
2101 4653 2166 4695 ac
2246 4638 2481 4704 amissis,
2511 4644 2565 4693 et
2595 4637 2913 4708 turpissime
2942 4636 3090 4693 velut
3117 4635 3354 4692 famelici
3401 4647 3572 4690 canes
3615 4635 3908 4693 latrantBS.

517 4739 720 4796 pecora
747 4724 971 4781 volvens
1001 4725 1286 4780 emittebat
1324 4725 1480 4794 quasi
1528 4739 1726 4781 munus
1773 4725 1837 4757 ⁵³⁰
1884 4742 1947 4782 ac
1994 4727 2166 4784 durus
2248 4727 2597 4784 sacerdotum
2664 4727 2858 4783 domos
2922 4727 3100 4796 primo
3156 4723 3448 4796 spolianda
3513 4725 3908 4786 cursitabant;

515 4813 789 4884 parasitus
826 4813 926 4868 sub
974 4813 1203 4868 obtentu
1263 4811 1548 4882 religionis
1587 4827 1803 4869 omnem
1862 4814 2163 4885 turpitudi-
2247 4822 2440 4886 postea
2469 4829 2599 4872 vero
2631 4829 2842 4872 summo
2880 4829 3004 4872 cum
3051 4813 3324 4871 dedecore
3371 4812 3671 4870 mulierum
3723 4815 3910 4870 divor-

1862 4941 2086 4996 VARIAS
2143 4941 2426 4998 LECTION
2433 4942 2530 4996 ES.

583 5034 1346 5140 ‘1".2T.‘3.‘2“§.éi;.22.3‘.;.3i;
1408 5035 1482 5140 21°
1511 5035 2086 5140 una.§l....:::usc.
2106 5041 2209 5140 B-..
2243 5039 2306 5140 τ’
2362 5038 2562 5140 iure
2586 5038 2804 5140 "....9."‘.‘1
2839 5036 3299 5140 ennium
3331 5035 3596 5140 sardus
3643 5038 3907 5094 οηυοιιε

514 5111 579 5165 ad
606 5111 867 5182 populum
897 5107 1272 5180 profecerunt.
1307 5109 1365 5163 Β.
1400 5107 1484 5163 BI.
1517 5109 1592 5163 De
1631 5122 1728 5164 ora
1757 5106 2031 5166 fusatione
2063 5113 2123 5167 L.
2159 5119 2214 5166 et
2241 5115 2304 5168 A.
2337 5111 2406 5167 ad
2437 5110 2701 5182 populum
2729 5113 2826 5167 A".
2861 5111 2976 5167 A".
3052 5106 3117 5140 ⁸³³
3146 5110 3299 5166 asine
3330 5109 3388 5166 Β.

2102 5229 2318 5284 NOTAE.

587 5326 729 5396 (107)
760 5328 876 5382 Hoc
905 5323 1172 5381 vocabulo
1211 5323 1348 5397 nihil
1397 5322 1546 5397 aliud
1595 5322 1828 5379 indicari
1868 5339 2030 5394 quam
2078 5326 2160 5383 fo-
2241 5324 2515 5397 tinnabula
2573 5329 2944 5397 perstrepunt,
3005 5324 3340 5397 prcegrandia
3397 5337 3538 5379 terea
3586 5323 3731 5380 tuba:
3791 5337 3906 5396 qu

513 5413 632 5453 rum
671 5398 922 5453 ecclesiae
961 5396 1400 5466 metropolitana:
1457 5395 1735 5466 adjacens,
1798 5396 1987 5465 populi
2027 5411 2159 5454 con—
2236 5396 2328 5452 ilic
2371 5402 2468 5465 est,
2501 5395 2610 5452 toto
2640 5395 2824 5452 civitas
2861 5395 3196 5465 clangoribus
3231 5397 3515 5450 intonatur.

514 5469 768 5524 cionibus
815 5464 1158 5538 adaptatum,
1209 5465 1507 5538 Fumagalli
1557 5464 1971 5538 demonstravit,
2029 5472 2154 5526 Ant.
2315 5464 2458 5538 (108)
2493 5470 2560 5524 Ut
2587 5468 2846 5524 Nazarius
2882 5467 2976 5523 ille
3006 5467 3345 5524 monetarius
3372 5467 3468 5538 qui
3518 5464 3754 5522 Arialdo
3807 5465 3910 5521 do-

513 5540 623 5595 Mil.
665 5542 710 5606 l,
749 5538 850 5595 164
875 5537 1032 5610 seqq.
1061 5541 1137 5594 De
1164 5538 1338 5608 signis
1365 5537 1566 5610 quibus
1613 5537 1850 5608 populus
1879 5553 2157 5597 convoca-
2237 5537 2386 5596 mum
2423 5537 2578 5597 Suam
2607 5539 2994 5597 commodavit.
3023 5539 3272 5596 Andreas
3299 5552 3352 5593 c.
3389 5537 3446 5592 6.

514 5611 695 5677 batur,
727 5611 802 5665 ita
850 5609 1094 5680 lquitur
1143 5611 1336 5666 Petrus
1382 5609 1624 5664 Damiani
1675 5623 1868 5680 opusc,
1909 5611 1980 5666 5:
2037 5614 2159 5668 Tin-
