4064 6162
179 324 285 381 913

1206 325 1517 382 HISTORIA
1553 320 2105 384 MEDIOLANENSIS.
2145 359 2218 369 —
2254 331 2380 385 LIB.
2422 332 2511 385 IlI.

3443 332 3549 386 914

181 451 338 520 tium,
378 453 500 509 sine
530 452 672 525 lege,
712 451 833 508 sine
860 451 1006 522 jure,
1037 449 1158 506 sine
1197 450 1481 521 episcopo,
1513 463 1625 507 non
1657 451 2082 520 DeumAesses,
2124 453 2193 509 ab
2240 455 2550 525 apostolico
2598 461 2692 512 aut
2738 456 2806 512 ab
2862 455 3047 527 aliquo
3114 456 3373 527 religioso
3431 460 3549 515 viro

183 542 280 599 sed
311 541 601 612 pecuniam
649 540 871 597 illorum
919 544 1200 607 amantes,
1260 540 1459 610 gladiis
1497 545 1552 595 et
1593 539 1830 595 fustibus

182 630 480 688 faciebant.
530 632 744 686 Interea
796 629 1116 686 sacerdotes
1163 629 1414 685 imbelles
1470 629 1590 684 hac
1647 629 1830 684 omnia

182 720 401 777 inmane
421 719 490 752 ⁵³⁸
534 721 874 792 ignorantes,
933 719 1146 774 animos
1193 723 1249 773 et
1296 717 1490 774 oculos
1534 718 1590 773 in
1630 718 1828 774 caelum

182 811 450 877 levantes,
486 816 548 865 ut
597 809 840 880 pecudes
885 807 1031 878 lupis
1079 807 1460 876 subjacehant.
1501 810 1568 862 At
1615 807 1831 863 nobiles

184 901 358 968 urbis,
400 914 635 971 quorum
664 900 865 955 virtute
893 897 1214 954 sacerdotes
1245 897 1408 966 paulo
1437 902 1562 953 ante
1591 898 1828 953 tueban-

183 996 293 1057 tur,
334 990 502 1046 nimia
541 991 622 1045 ira
651 994 707 1045 et
755 987 1134 1059 indignatione
1173 987 1472 1054 commoti,
1511 986 1607 1042 alii
1636 987 1827 1043 urbem

180 1080 463 1148 exiebant,
495 1079 589 1134 alii
637 1085 698 1134 ut
746 1077 1072 1148 procellosae
1121 1076 1415 1132 calamitati
1455 1076 1614 1131 ﬁnem
1653 1076 1830 1147 impo-

181 1175 401 1237 nerent,
440 1174 659 1239 tempus
689 1167 1076 1238 expectabant.
1103 1167 1320 1221 Interea
1350 1179 1418 1220 ex
1447 1165 1653 1236 populo
1684 1167 1826 1221 mul-

179 1259 243 1324 ti,
293 1258 518 1314 licentia
566 1272 597 1312 a
641 1258 751 1326 jam
800 1255 968 1311 dictis
1024 1259 1273 1324 accepta,
1316 1254 1572 1310 omnibus
1610 1255 1828 1310 omissis

178 1347 423 1419 negotiis
467 1346 670 1417 quibus
699 1344 899 1400 misera
928 1344 1093 1414 hujus
1129 1343 1319 1399 mundi
1348 1344 1458 1399 vita
1494 1343 1660 1399 alitur
1695 1358 1827 1400 cor-

180 1451 398 1508 pusque
425 1436 676 1500 vestitur,
711 1434 809 1489 filii
839 1447 904 1490 ac
943 1447 1147 1490 uxores
1175 1432 1449 1502 foventur,
1471 1433 1655 1503 magis
1679 1434 1827 1503 rapi-

179 1539 306 1581 nam
339 1539 501 1596 quam
529 1527 699 1580 Deum
738 1527 1005 1591 amantes,
1045 1523 1394 1579 sacerdotum
1427 1523 1680 1580 domibus
1708 1524 1826 1580 sine

179 1614 566 1672 misericordia
594 1613 868 1684 spoliatis,
897 1618 958 1668 ut
987 1613 1158 1684 magis
1205 1627 1269 1669 ac
1307 1613 1478 1684 magis
1507 1613 1593 1668 his
1623 1619 1678 1669 et
1705 1613 1828 1669 aliis

176 1704 339 1761 factis
378 1704 476 1760 Dei
526 1703 661 1758 iram
705 1707 1089 1768 mererentur,
1147 1702 1330 1757 verbis
1385 1716 1450 1757 ac
1503 1702 1826 1758 verberibus

1913 541 2066 610 prius
2094 544 2280 600 multis
2309 560 2431 601 cum
2457 546 2683 616 jejuniis
2712 547 2998 602 debuisses
3028 547 3363 613 consciliari,
3390 563 3550 618 quam

1914 630 2224 700 hujusmodi
2283 635 2562 706 negotium
2620 641 2727 690 tam
2789 649 3040 707 magnum
3091 641 3146 692 et
3199 641 3309 691 tam
3341 638 3555 706 pericu-

1911 718 2088 775 losum
2126 736 2248 777 cum
2279 722 2412 778 viris
2450 724 2742 780 inliteratis
2771 725 3098 792 inchoasse;
3141 729 3197 781 et
3234 726 3383 795 quod
3427 742 3550 782 cum

1912 807 2218 866 humilitate
2251 816 2306 867 et
2335 814 2596 881 patientia
2626 814 2898 884 bonisque
2928 814 3359 870 amonitionibus
3389 816 3553 872 debe-

1910 901 2010 956 bas
2047 899 2269 964 docere,
2320 901 2428 958 hoc
2475 917 2597 958 cum
2639 903 2864 970 lanceis,
2897 903 3151 971 fustibus,
3185 910 3244 959 ut
3283 906 3548 973 asseritis,

1911 988 2067 1044 laicis
2096 1004 2264 1059 super
2292 991 2610 1046 sacerdotes
2639 992 2988 1048 currentibus
3025 992 3439 1048 administrasti.
3471 997 3552 1049 An

1910 1078 2202 1149 ignorabas
2233 1079 2328 1133 Dei
2368 1080 2702 1150 evangelium
2756 1081 2993 1136 dicentis
3025 1102 3036 1135 :
3074 1099 3102 1132 «
3142 1081 3242 1149 Qui
3291 1096 3388 1138 vos
3435 1088 3552 1138 tan-

1910 1168 2008 1238 git,
2068 1181 2152 1222 me
2193 1168 2410 1237 tangit?
2459 1187 2488 1220 »
2530 1175 2584 1224 et
2640 1169 2804 1224 David
2872 1170 3264 1239 prophetarum
3321 1172 3553 1226 eximius

1911 1269 2010 1324 per
2039 1255 2299 1325 Spiritum
2331 1261 2578 1312 sanctum
2611 1259 2788 1327 ipsum
2827 1258 3040 1314 Saulem
3071 1273 3102 1314 a
3131 1261 3242 1315 Deo
3282 1259 3550 1329 dampna-

1911 1348 2024 1400 tum
2085 1358 2448 1415 cognoscens,
2489 1351 2549 1402 ut
2606 1361 2709 1402 nos
2746 1346 3090 1415 informaret,
3140 1347 3280 1403 dixit
3312 1368 3324 1402 :
3363 1366 3391 1400 «
3430 1351 3550 1404 Non

1911 1433 2042 1489 licet
2069 1432 2288 1490 mittere
2317 1449 2532 1490 manum
2562 1435 2619 1490 in
2648 1436 2923 1492 Christum
2953 1438 3118 1492 Deum
3145 1437 3207 1509 (Ι
3238 1440 3364 1506 Reg.
3396 1452 3547 1505 xxvr,

1916 1521 2031 1594 11).
2075 1541 2103 1574 »
2163 1523 2316 1578 Enim
2366 1524 2474 1579 nisi
2524 1523 2695 1580 fueris
2733 1527 2828 1580 Dei
2880 1527 3099 1596 adjutus
3146 1526 3545 1594 misericordia,

1910 1612 2110 1682 dignus
2139 1626 2199 1668 es
2227 1612 2396 1682 lapidi
2427 1613 2638 1684 alligari
2679 1619 2733 1669 et
2772 1615 2826 1669 in
2867 1615 3198 1684 profundum
3245 1617 3410 1672 maris
3448 1617 3553 1672 de-

1911 1703 2123 1772 mergi,
2180 1703 2439 1772 quoniam
2486 1702 2551 1734 ⁵³⁷
2602 1704 3014 1773 glorisissimam
3064 1720 3126 1760 ac
3184 1705 3547 1775 praeclarissi-

175 1794 514 1864 turpissimis
551 1795 704 1864 ipsos
745 1799 802 1849 et
840 1792 1060 1850 illorum
1098 1790 1330 1848 familias
1366 1791 1818 1862 insequebantur.
1841 1769 1890 1828 Β
1912 1769 2053 1847 mam
2083 1793 2176 1847 Dei
2198 1769 2495 1848 ecclesiam
2521 1837 2534 1859 ,
2587 1769 2642 1848 in
2683 1808 2788 1864 qua
2839 1795 3032 1849 beatus
3067 1769 3386 1850 Ambrosius
3416 1795 3552 1850 mul-

177 1883 393 1939 Exinde
432 1897 557 1938 cum
596 1883 838 1939 urbanos
884 1881 1205 1938 sacerdotes
1245 1881 1360 1951 lupi
1392 1881 1682 1937 meridiani
1715 1883 1827 1951 jam

170 1975 399 2043 jamque
444 1972 803 2040 attrivissent,
845 1977 900 2028 et
960 1985 1096 2042 opes
1151 1985 1288 2041 quas
1335 1971 1474 2026 male
1513 1970 1826 2041 acquisive-

177 2065 307 2118 rant
361 2064 856 2128 consummassent,
919 2059 1126 2115 rabiem
1170 2073 1322 2114 suam
1371 2059 1671 2115 extendere
1724 2074 1827 2114 cu-

182 2152 404 2222 pientes
457 2149 651 2206 urbem
708 2149 982 2206 exierunt.
1029 2148 1131 2215 Qui
1188 2147 1436 2204 studiose
1489 2148 1558 2202 ab
1603 2147 1826 2204 Arialdo

176 2239 412 2297 amoniti
433 2244 490 2295 et
512 2239 614 2295 sub
636 2239 866 2295 obtentu
896 2236 1183 2308 religionis
1203 2237 1361 2307 quasi
1393 2251 1558 2293 canes
1574 2237 1641 2293 ad
1663 2247 1828 2307 apros

178 2327 492 2385 venandum
531 2327 724 2393 illecti,
765 2325 943 2393 villas,
979 2325 1205 2381 castella
1252 2325 1554 2395 municipia
1593 2326 1828 2381 circum-

176 2423 400 2484 euntes,
441 2415 608 2471 simili
638 2414 804 2471 modo
835 2413 1113 2485 pauloque
1143 2415 1337 2470 durius
1365 2414 1684 2471 sacerdotes
1711 2428 1826 2471 om-

177 2521 304 2574 nes,
345 2519 488 2577 quos
515 2505 764 2560 invenire
793 2507 1070 2573 poterant,
1103 2504 1358 2574 pessime,
1391 2517 1502 2561 non
1531 2506 1698 2561 Deum
1729 2503 1827 2560 sed

182 2596 478 2668 pecuniam
508 2599 844 2666 quaerentes,
884 2593 1213 2649 tractabant.

254 2685 345 2740 ll.
391 2682 520 2755 (10.)
577 2685 766 2754 Itaque
813 2681 878 2714 ⁸⁸⁵
919 2695 1047 2752 pars
1094 2681 1362 2738 nobilium
1410 2696 1474 2737 ac
1512 2682 1581 2738 de
1619 2683 1827 2753 populo

177 2775 364 2842 multi,
422 2773 674 2829 videntes
719 2771 1042 2828 sacerdotes
1089 2772 1390 2827 indiscrete
1442 2771 1695 2840 lacerari,
1727 2773 1829 2828 mi-

172 2861 488 2919 sericordia
533 2861 668 2917 moti
714 2859 924 2930 prwliis
962 2859 1149 2916 multis
1177 2873 1274 2916 eos
1311 2859 1650 2915 muniebant.
1693 2862 1826 2916 Dum

174 2952 302 3008 haac
349 2950 692 3022 agebantur,
741 2949 1086 3018 temporibus
1151 2949 1444 3004 transactis
1489 2948 1823 3018 aliquantis,

175 3040 438 3098 Arialdus
467 3038 742 3108 adjunctis
769 3037 876 3093 sibi
897 3036 1164 3094 Landulfo
1195 3043 1250 3093 et
1271 3037 1822 3108 Oldeprando.(109),

1909 1886 2023 1936 tum
2067 1880 2375 1936 laborando
2423 1881 2730 1947 desudavit,
2774 1883 3085 1939 inconsulte
3125 1882 3544 1940 scandalizasti!

1909 1972 2076 2040 Cujus
2097 1955 2376 2025 desidium
2423 1971 2724 2026 crudeliter
2760 1971 3172 2027 disseminatum
3206 1979 3260 2027 et
3290 1979 3416 2028 ante
3455 1986 3555 2028 no-

1909 2060 2051 2114 viter
2079 2066 2286 2126 natum,
2320 2064 2382 2115 ut
2408 2059 2590 2126 video,
2624 2060 2937 2116 universum
2973 2062 3232 2117 mundum
3273 2061 3550 2117 citisseme

1909 2148 2066 2203 laicis
2113 2149 2375 2204 adversus
2422 2149 2739 2204 sacerdotes
2785 2149 3033 2206 studiose
3081 2151 3424 2207 inhiantibus
3470 2152 3554 2206 in-

1908 2238 2090 2293 vadet.
2133 2240 2268 2292 Vera
2299 2237 2395 2293 Dei
2425 2238 2680 2304 ecclesia,
2713 2251 2781 2294 ne
2813 2239 3082 2294 desidium
3111 2245 3205 2294 aut
3233 2240 3551 2296 scandalum

1909 2327 2139 2391 oriatur,
2173 2327 2339 2381 multa
2370 2337 2468 2396 per
2495 2331 2744 2402 tempora
2773 2328 2979 2382 sanctis
3007 2328 3213 2383 imbuta
3252 2329 3548 2395 alimoniis,

1910 2416 2309 2486 quamplurima
2348 2415 2620 2471 sustinere
2655 2431 2717 2471 ac
2749 2418 2860 2486 pati
2893 2417 3195 2472 consuevit.
3248 2419 3362 2474 Hoc
3395 2418 3547 2474 desi-

1910 2505 2058 2560 dium
2108 2511 2192 2559 est
2238 2503 2395 2572 illud,
2445 2504 2590 2560 unde
2639 2519 2935 2574 puerorum
2992 2520 3252 2562 numerus
3301 2506 3548 2562 infinitus

1909 2594 2028 2649 sine
2059 2593 2383 2663 baptismate
2414 2593 2646 2649 diversis
2690 2595 2912 2650 attritus
2940 2596 3210 2652 mortibus
3250 2596 3549 2652 crudeliter

1911 2683 2236 2749 necabitur;
2280 2683 2400 2737 haec
2448 2681 2540 2736 illa
2587 2687 2671 2738 est
2726 2684 2986 2750 occasio,
3045 2685 3117 2740 ob
3168 2700 3328 2755 quam
3391 2687 3548 2741 multi
3642 2756 3644 2758 ν

1903 2772 2135 2841 juvenes
2157 2813 2171 2838 ,
2205 2769 2334 2826 dum
2371 2775 2621 2826 naturam
2670 2785 2822 2826 suam
2862 2787 3120 2829 exercere
3150 2787 3260 2830 non
3293 2781 3550 2844 possunt,

1909 2865 2102 2915 contra
2139 2864 2388 2914 naturam
2433 2859 2782 2915 incurrentes
2820 2861 3168 2931 delinquunt,
3211 2868 3265 2917 et
3304 2863 3549 2918 debitum

1907 2947 2055 3018 quod
2073 2949 2231 3004 uxori
2253 2947 2299 3002 si
2319 2947 2588 3002 haberent
2605 2945 2670 2978 ⁸³⁸
2691 2947 3149 3018 dumimpendere
3160 2964 3272 3006 non
3295 2958 3545 3021 possunt,

1908 3036 1963 3090 in
2003 3036 2230 3092 alterius
2284 3035 2496 3090 inhiant
2537 3049 2786 3091 uxorem.
2831 3037 3031 3092 Saltem
3072 3039 3265 3095 beatus
3312 3041 3546 3097 Ambro-

172 3143 324 3202 quos
352 3133 479 3184 ante
507 3101 564 3183 in
594 3127 755 3183 initio
787 3128 950 3196 hujus
980 3126 1061 3182 rei
1097 3127 1203 3182 sibi
1243 3101 1568 3192 sociaverat,
1612 3101 1672 3181 ut
1710 3101 1826 3180 ma;
1849 3101 2024 3181 Csius
2052 3131 2106 3180 te
2137 3131 2342 3196 tangat,
2377 3125 2470 3194 qui
2502 3139 2624 3180 cum
2655 3139 2778 3180 eum
2810 3127 3061 3195 quaedam
3093 3128 3288 3184 mulier
3327 3135 3550 3201 tangere

170 3220 263 3292 gis
299 3232 366 3274 ac
405 3215 576 3288 magis
621 3217 778 3286 quasi
809 3229 908 3286 per
936 3215 1295 3285 apostolicam
1325 3215 1602 3270 licentiam
1632 3215 1688 3269 in
1719 3214 1828 3270 hiis

169 3323 236 3364 se
277 3312 336 3365 et
363 3320 495 3363 suos
523 3309 810 3362 exerceret
837 3305 1080 3372 actibus,
1107 3306 1330 3361 Romam
1361 3304 1431 3360 ad
1461 3303 1824 3374 apostolicum

166 3397 536 3466 Stephanum,
583 3395 679 3465 qui
727 3397 860 3450 tunc
916 3393 1132 3449 noviter
1186 3394 1244 3450 in
1313 3399 1561 3464 tempore
1617 3393 1826 3464 degens

170 3491 498 3542 surrexerat
539 3483 724 3556 (110),
773 3483 990 3539 occulte
1047 3482 1302 3539 tetendit.
1361 3483 1462 3549 Qui
1519 3495 1642 3538 cum
1697 3489 1825 3538 ante

168 3574 376 3632 faciem
405 3572 697 3644 apostolici
721 3576 1149 3642 repraesentatus
1175 3570 1369 3627 fuisset
1393 3614 1408 3637 ,
1455 3575 1509 3626 et
1549 3585 1646 3640 per
1675 3571 1825 3626 ordi-

168 3677 304 3720 nem
334 3661 600 3733 quicquid
648 3659 941 3716 Mediolani
971 3660 1193 3730 egisset,
1235 3659 1582 3728 qualiterque
1611 3671 1822 3714 summo

166 3767 304 3811 cum
353 3751 630 3808 dedecore
677 3749 998 3806 sacerdotes
1045 3749 1114 3803 ab
1161 3748 1427 3804 uxoribus
1473 3752 1820 3817 separasset,

167 3842 370 3899 multis
405 3839 713 3896 astantibus
742 3837 962 3894 clericis
1010 3837 1167 3892 laicis
1196 3841 1252 3892 et
1279 3836 1652 3892 cardinalibus
1681 3837 1826 3893 noti-

165 3933 344 3989 ﬁcare
375 3929 623 3997 curavit;
656 3928 752 3984 sed
794 3941 904 3983 non
934 3926 1079 3982 sicut
1114 3924 1326 3992 voluit,
1378 3929 1508 3981 tunc
1563 3930 1824 3996 acceptus

163 4026 281 4078 est.
323 4021 444 4076 Hoc
472 4018 682 4083 audito,
707 4029 899 4072 omnes
920 4014 1015 4085 qui
1034 4014 1284 4082 aderant,
1317 4013 1629 4070 universum
1650 4029 1826 4085 genus

164 4109 530 4167 sacerdotum
588 4112 698 4161 tam
756 4106 1006 4160 Latinum
1053 4117 1216 4174 quam
1256 4104 1503 4158 Graecum
1552 4117 1658 4158 una
1703 4104 1823 4175 lege

163 4199 430 4255 videntes
477 4195 802 4265 constringi,
843 4198 899 4249 et
936 4193 1244 4248 castitatem
1291 4191 1565 4248 neminem
1617 4192 1822 4249 habere

165 4301 339 4361 posse
397 4285 504 4340 nisi
561 4284 610 4339 ei
670 4282 856 4338 datum
908 4282 981 4337 sit
1035 4281 1295 4351 desuper,
1354 4282 1708 4338 vehementer
1763 4287 1824 4338 ut

160 4375 409 4436 Romani
429 4371 683 4429 admirati
704 4375 851 4426 sunt.
882 4371 1122 4437 Quorum
1152 4383 1296 4425 unus
1323 4369 1695 4425 cardinalibus
1724 4382 1823 4425 no-

1841 4421 1890 4478 D

1908 3220 2202 3270 conaretur
2226 3257 2240 3280 ,
2293 3227 2388 3269 ore
2428 3213 2729 3284 episcopali
2771 3215 2910 3270 dixit
2943 3215 3019 3287 (c.
3059 3216 3138 3287 Il)
3174 3238 3186 3272 :
3222 3233 3252 3272 «
3293 3219 3407 3274 Etsi
3447 3233 3548 3288 ego

1907 3307 2060 3359 tanto
2090 3301 2401 3358 sacerdotio
2450 3302 2709 3372 indignus
2755 3317 2896 3370 sum,
2929 3318 3041 3360 non
3079 3305 3210 3361 licet
3250 3311 3302 3361 te
3333 3307 3552 3362 mittere

1907 3406 2124 3448 manum
2154 3393 2208 3446 in
2241 3391 2515 3447 Christum
2545 3393 2734 3445 Deum.
2778 3409 2806 3442 »
2847 3393 3029 3448 Velint
3057 3394 3275 3461 nolint,
3317 3393 3554 3449 fustibus

1905 3495 1969 3536 ac
2001 3481 2177 3550 plagis
2208 3479 2441 3535 diversis
2470 3478 2742 3534 castiﬁcas
2771 3493 2868 3536 eos
2888 3525 2906 3547 ,
2963 3480 3074 3537 imo
3103 3483 3348 3538 incestos
3368 3483 3550 3539 animo

1907 3574 1962 3625 et
1998 3582 2235 3639 corpore
2283 3573 2537 3638 patenter
2585 3567 2774 3622 reddis
2801 3610 2815 3636 ,
2866 3583 2988 3623 cum
3027 3572 3322 3640 Apostolus
3360 3571 3548 3626 dicat:

1909 3679 1935 3708 ς(
1977 3660 2119 3714 Deus
2147 3670 2258 3713 non
2305 3657 2420 3712 vult
2448 3659 2636 3712 coacta
2666 3656 2906 3711 servitia.
2952 3675 2980 3708 »
3022 3659 3088 3713 Et
3115 3659 3162 3714 si
3194 3667 3252 3715 tu
3287 3674 3410 3716 cum
3443 3661 3552 3716 tuis

1894 3749 2102 3817 justus,
2130 3751 2332 3814 castus,
2374 3745 2628 3815 pudicus,
2661 3750 2885 3801 sanctus
2913 3751 2967 3801 et
3015 3747 3195 3804 bonus
3241 3749 3338 3804 Dei
3385 3750 3549 3805 mise-

1904 3836 2144 3892 ricordia
2189 3849 2358 3902 esses,
2391 3834 2576 3903 aspice
2625 3834 2758 3902 quid
2806 3835 3055 3890 veritatis
3092 3838 3351 3908 magister
3380 3839 3548 3895 disci-

1905 3924 2050 3994 pulis
2095 3926 2242 3980 dicat
2277 3945 2288 3978 :
2325 3942 2354 3976 «
2393 3925 2459 3979 Et
2505 3923 2552 3977 si
2600 3921 2896 3992 perfecerit
2943 3926 3146 3993 omnia,
3189 3925 3356 3983 dicite
3395 3929 3544 3998 quod

1903 4014 1966 4045 “9
1996 4014 2220 4069 inutiles
2275 4013 2418 4068 servi
2470 4011 2592 4068 sitis
2643 4011 2783 4082 (Luc.
2826 4028 2938 4067 xvn
2973 4055 2987 4078 ,
3036 4013 3114 4083 10)
3151 4035 3162 4069 :
3198 4033 3226 4067 »
3268 4021 3324 4072 tu
3365 4023 3545 4072 autem

1904 4102 2221 4158 sacerdotes
2267 4102 2403 4169 Dei,
2462 4114 2602 4170 quos
2660 4100 2894 4155 mundus
2940 4106 3090 4158 totus
3146 4119 3320 4174 usque
3378 4107 3543 4162 modo

1905 4192 2080 4248 bonos
2111 4197 2165 4247 et
2195 4205 2354 4247 caros
2380 4232 2394 4258 ,
2440 4191 2620 4260 justos
2650 4196 2704 4244 et
2733 4189 2924 4245 fideles
2962 4195 3156 4247 tenens
3180 4235 3194 4258 ,
3237 4195 3318 4249 eis
3347 4195 3543 4251 devote

1903 4280 1960 4335 in
1990 4280 2206 4336 cunctis
2250 4279 2544 4335 obediebat
2568 4320 2583 4344 ,
2633 4278 2879 4346 quamvis
2918 4283 3068 4333 tanto
3117 4282 3430 4336 sacerdotio
3462 4283 3544 4336 in-

1903 4368 2054 4438 digni
2081 4410 2096 4435 ,
2137 4367 2450 4423 criminosis
2478 4375 2534 4420 et
2562 4365 2842 4421 seditiosis
2863 4367 3137 4436 omnibus,
3169 4369 3263 4437 qui
3291 4370 3543 4424 nesciunt

158 4468 322 4525 mine
353 4462 666 4534 Dionysius,
701 4459 794 4528 qui
825 4458 881 4512 in
912 4459 1147 4528 pueritia
1175 4458 1232 4512 in
1263 4458 1550 4513 ecclesiam
1583 4458 1819 4514 Ambro-
1841 4453 2037 4526 “quid
2067 4457 2138 4511 sit
2166 4456 2312 4510 inter
2341 4455 2622 4509 dexteram
2665 4458 2720 4508 et
2764 4453 3063 4521 sinistram,
3105 4455 3398 4512 criminose
3431 4462 3542 4512 tra-

155 4559 386 4614 sianam
424 4551 602 4607 fuerat
649 4547 910 4613 nutritus,
962 4558 1304 4615 cognoscens
1359 4558 1550 4600 omnes
1596 4545 1822 4601 ordines

153 4641 589 4705 Ambrosianos,
613 4635 853 4707 qualiter
867 4635 1064 4690 devote
1086 4647 1150 4688 ac
1170 4633 1290 4689 sine
1313 4633 1820 4702 perturbationibus

156 4749 273 4806 per
332 4731 504 4787 multa
551 4736 798 4796 tempora
835 4725 1120 4791 vixerant,
1161 4737 1262 4794 per
1298 4723 1467 4779 multa
1504 4728 1818 4779 sanctorum

145 4827 399 4880 Patrum
428 4816 677 4886 exempla
699 4827 948 4879 currens,
973 4826 1159 4870 coram
1201 4811 1510 4882 apostolico
1539 4811 1820 4868 Arialdum

148 4921 220 4972 et
262 4923 465 4968 omnes
488 4907 583 4978 qui
623 4919 745 4961 cum
791 4918 858 4960 eo
895 4908 1158 4960 venerant
1187 4902 1524 4973 redarguens
1553 4901 1772 4957 dicebat
1803 4922 1816 4957 :

1903 4545 2113 4600 didisti.
2163 4544 2262 4598 His
2307 4543 2451 4598 enim
2499 4543 2682 4598 verbis
2719 4542 2959 4598 omnium
2997 4543 3344 4600 sacerdotum
3374 4547 3535 4602 vitam

1903 4640 1959 4689 et
2006 4633 2361 4689 ecclesiarum
2417 4637 2737 4688 cunctarum
2785 4645 2967 4688 mores
3008 4633 3310 4704 longasque
3349 4651 3538 4692 eorum

1903 4721 2332 4779 consuetudines
2360 4721 2756 4776 crudelissimis
2784 4721 3109 4776 Christianis
3138 4724 3293 4792 quasi
3315 4725 3544 4781 canibus

1902 4810 2180 4868 limfaticis
2207 4811 2274 4865 ad
2305 4810 2609 4866 rodendum
2656 4811 2758 4864 sub
2806 4809 3034 4864 obtentu
3066 4819 3230 4866 castae
3261 4812 3544 4884 religionis

1906 4901 2130 4957 dedisti.
2161 4901 2316 4968 Quod
2363 4899 2509 4955 enim
2550 4901 2697 4969 juste
2731 4914 2794 4954 ac
2834 4899 3029 4955 devote
3060 4916 3378 4972 summaque
3419 4920 3539 4960 cum

247 4999 343 5054 12.
386 4994 515 5067 (11.)
557 5012 586 5046 «
625 4995 757 5049 Cum
799 4991 864 5022 ⁸³⁸
901 4993 1064 5062 hujus
1109 4991 1372 5047 inaudita;
1403 4989 1619 5062 pataliae
1649 4989 1826 5060 placi-
1907 4989 2213 5047 humilitate
2260 4994 2496 5044 tractare
2540 4987 2931 5057 emendarique
2980 4989 3156 5059 pietas
3203 4993 3385 5048 divina
3435 4995 3545 5050 cxi-

145 5103 285 5152 tum
341 5083 596 5156 cogitasti
629 5094 996 5148 commovere,
1030 5081 1445 5151 qualiscumque
1493 5081 1823 5137 intentionis

1907 5080 2071 5151 gebat
2109 5078 2331 5148 optimis
2360 5077 2606 5134 moribus
2635 5077 2905 5146 bonisque
2935 5078 3218 5148 exemplis,
3245 5080 3352 5137 hoc
3385 5080 3544 5138 fusti-

1538 5179 1763 5234 VARL/E
1806 5179 2088 5235 LECTION
2094 5178 2192 5233 ES.

242 5283 320 5318 W
347 5281 405 5337 in
435 5291 582 5335 mare
613 5275 725 5333 A“.
757 5275 1034 5347 declinare
1071 5290 1141 5330 ea:
1176 5276 1312 5347 coni.
1360 5273 1461 5347 BI.
1519 5274 1598 5347 "’7
1633 5275 1872 5331 Titulus:
1903 5277 2042 5344 Quid
2084 5272 2348 5347 Landulfo
2396 5251 2833 5347 Romaeevenit,
2883 5286 3007 5328 cum
3053 5273 3257 5331 ibidem
3307 5275 3404 5346 (ibi
3455 5280 3548 5347 Β.)

136 5353 500 5418 sacerdotes
527 5347 878 5406 diﬁ'amasset.
954 5345 1017 5377 ⁸³⁸
1051 5345 1286 5418 Titulus:
1317 5345 1503 5402 Oratio
1543 5346 1772 5418 Dionisii
1802 5343 2098 5404 card’inalis
2147 5345 2409 5402 adversus
2467 5343 2745 5400 Arialdum
2805 5357 2988 5399 coram
3044 5360 3185 5416 papa
3239 5343 3538 5417 Stephano.

130 5415 228 5465 ῖδτ
263 5439 382 5498 qm.
416 5424 476 5479 Β.
507 5423 770 5492 quantum
797 5419 890 5474 A“.
928 5417 1049 5474 Δία.
1123 5415 1188 5449 ⁸⁸⁸
1215 5417 1444 5474 haberet
1471 5418 1531 5472 B.
1605 5417 1671 5450 ⁸³⁸
1699 5419 1828 5489 quia
1865 5420 1926 5474 Β.

1751 5517 1965 5572 NOTAE.

242 5617 402 5694 (109)
434 5612 865 5674 Hildebrandum
894 5611 1046 5669 card.
1078 5612 1234 5680 dicit,
1266 5626 1315 5668 ν.
1349 5609 1488 5667 infra
1519 5625 1569 5665 c.
1608 5611 1689 5666 15.

1983 5611 2140 5684 (110)
2166 5611 2319 5668 Sedit
2347 5625 2395 5667 a.
2437 5607 2596 5663 1057.
2627 5610 2763 5679 Aug.
2805 5609 2858 5664 3.
2890 5639 2962 5650 --
2998 5609 3151 5664 1058.
3184 5613 3340 5670 Mart.
3370 5614 3460 5672 29.
