4022 6160
516 291 624 345 915

1613 289 1943 344 LANDULFI
1984 288 2516 344 MEDIOLANENSIS
2551 289 2815 344 CLERICI

3796 283 3907 338 916

516 417 638 484 bus,
671 415 878 472 lanceis
907 417 1241 486 ensibusque
1288 413 1475 483 populi
1520 413 1784 468 insensati
1817 412 2454 482 pertractan-Amittere
2504 414 2823 483 margaritas
2871 417 2999 466 ante
3047 423 3268 480 porcos,
3326 423 3394 465 ne
3441 407 3590 466 forte
3639 410 3908 466 conversi

517 507 668 572 dum,
703 506 810 561 imo
842 504 1274 561 conculcandum
1319 501 1662 557 commisisti.
1704 501 1889 557 Potuit
1918 515 2152 571 namque

523 597 780 652 dominus
839 604 1026 652 noster
1067 597 1223 649 Jesus
1279 592 1499 647 humani
1564 593 1785 662 generis
1841 592 2159 661 redemptor

521 694 580 743 ut
601 701 702 742 nos
722 685 950 754 imperio
971 698 1084 739 suae
1106 681 1406 751 majestatis
1431 681 1600 736 totius
1629 681 1816 736 mundi
1840 680 2159 736 incredulos

517 775 856 830 Christianos
881 771 1060 827 facere
1091 770 1368 841 perfectos
1389 813 1403 837 ,
1455 777 1510 824 et
1549 784 1741 825 omnes
1771 770 2160 840 cruciﬁgentes

522 879 581 920 se
612 877 720 919 uno
750 863 806 917 in
837 867 1115 917 momento
1146 861 1293 915 viros
1343 861 1397 914 in
1447 858 1720 914 infernum
1761 859 2044 930 demergi;
2105 863 2160 912 at

524 962 582 1008 ut.
617 967 717 1008 nos
745 965 951 1007 summa
983 965 1106 1006 eum
1139 949 1405 1019 patientia
1436 949 1649 1005 hostem
1680 949 1986 1018 antiquum,
2038 962 2160 1002 ser-

525 1047 743 1111 pentem
796 1039 1275 1105 crudelissimum,
1336 1038 1557 1094 humani
1605 1039 1824 1108 generis
1881 1037 2162 1092 inimicum

523 1143 784 1199 superare
840 1133 894 1184 et
940 1134 1293 1199 prosternere
1343 1127 1651 1196 possimus,
1713 1127 1925 1181 Veritas
1973 1126 2166 1181 dicens

523 1219 759 1289 benigne
789 1218 1075 1274 admonuit
1109 1237 1121 1272 :
1158 1235 1184 1268 «
1227 1219 1284 1272 1n
1308 1215 1570 1286 patientia
1599 1222 1777 1270 vestra
1809 1214 2166 1284 possidebitis

524 1306 734 1361 animas
761 1313 971 1361 vestras
1002 1305 1148 1372 (Luc,
1188 1320 1317 1373 xxx,
1376 1303 1474 1372 19).
1520 1325 1544 1352 »
1605 1303 1730 1358 Scio
1779 1303 1924 1358 enim
1955 1307 2009 1358 et
2037 1316 2167 1358 vere

525 1395 676 1459 scio;
720 1395 882 1450 verba
930 1401 1108 1450 vestra
1157 1393 1299 1448 bona
1341 1399 1395 1448 et
1435 1391 1781 1447 rationabilia
1829 1391 2086 1446 videntur
2115 1398 2169 1446 et

529 1483 688 1539 laude
721 1481 923 1552 digna;
972 1481 1068 1538 sed
1123 1482 1250 1551 quia
1297 1479 1414 1536 zelo
1465 1481 1561 1535 Dei
1613 1494 1720 1536 non
1761 1479 2069 1549 incepistis,
2101 1480 2169 1535 ab

529 1573 677 1630 omni
735 1585 962 1626 munere
1026 1585 1055 1625 a
1112 1573 1224 1626 Deo
1284 1569 1590 1638 privemini.
1661 1571 1827 1624 Decet
1893 1582 2166 1639 namque,

533 1676 724 1728 omnes
779 1660 1180 1717 ecclesiasticas
1241 1659 1576 1728 dignitates,
1635 1672 1826 1714 omnes
1890 1658 2169 1725 honores,

2239 503 2584 574 disrumpant
2631 509 2686 558 et
2731 501 3061 558 conculeent
3109 514 3202 556 eas
3249 499 3486 570 pedibus
3514 498 3637 554 suis
3689 498 3904 567 (Matth.

2240 608 2332 658 vn,
2361 593 2436 657 6).
2478 612 2504 644 ››
2554 592 2634 648 Ad
2685 591 2934 648 ultimum
2974 591 3151 660 ipsum
3181 589 3486 645 Guidonem
3517 588 3911 658 archiepisco.

2242 696 2407 751 pum,
2459 683 2517 737 in
2569 682 2745 751 primo
2803 681 2923 736 haac
2970 679 3154 736 omnia
3211 677 3713 750 parvipendeutem
3744 720 3761 744 ,
3816 677 3909 746 qui

2241 772 2418 842 ipsum
2457 771 2770 826 Anselmum
2808 771 2866 827 in
2895 768 3209 826 sacerdotio
3239 773 3690 834 consecraverat,
3724 768 3911 837 Symo-

2243 861 2459 916 niacum
2497 867 2755 916 vocantes
2798 866 2853 916 et
2900 859 3083 916 omnia
3127 859 3246 928 ejus
3275 857 3620 913 detestantes
3649 855 3912 912 obfusca-

2245 956 2391 1006 runt.
2431 950 2570 1017 Quid
2603 949 2813 1005 multa?
2861 956 3065 1004 tantam
3097 947 3242 1003 enim
3273 947 3484 1002 ruinam
3522 954 3583 1001 et
3613 946 3909 1002 dissidium

2245 1046 2408 1109 atque
2457 1038 2792 1094 discordiam
2851 1038 3141 1107 pessimam
3199 1035 3582 1101 seminarunt,
3649 1042 3911 1104 quamam

2247 1129 2376 1184 olim
2423 1127 2778 1183 Naburzadan
2826 1127 3086 1197 princeps
3123 1123 3333 1180 militiae
3361 1123 3416 1178 in
3449 1122 3668 1193 populo
3703 1124 3913 1179 lsraeli-

2248 1217 2359 1273 tico
2415 1216 2656 1282 immisit,
2691 1223 2748 1272 et
2798 1221 3056 1286 quantam
3087 1213 3279 1269 videns
3313 1215 3507 1279 Aman,
3540 1212 3642 1282 qui
3677 1211 3742 1267 in
3773 1212 3910 1283 ligno

2250 1306 2397 1376 quod
2444 1305 2774 1361 Mardocheo
2830 1309 3115 1374 paraverat
3149 1303 3481 1372 dampnatus
3531 1301 3838 1371 pependit,
3866 1311 3912 1358 et

2251 1400 2507 1464 quantam
2539 1394 2774 1450 Absalon
2820 1392 2987 1448 David
3035 1391 3177 1462 patri
3213 1405 3314 1446 suo
3355 1391 3560 1460 injuste
3593 1392 3910 1446 commovit.

2330 1482 2412 1536 l4.
2473 1481 2618 1554 (13.)
2679 1482 2992 1537 Transactis
3037 1479 3101 1511 ’δ’
3148 1483 3329 1535 autem
3379 1477 3492 1534 fere
3539 1481 3660 1548 jam
3711 1487 3910 1549 septem

2253 1573 2432 1640 annis,
2466 1572 2518 1626 in
2573 1571 2774 1641 quibus
2823 1570 3074 1641 partibus
3121 1569 3406 1638 utriusque
3455 1582 3608 1624 nunc
3651 1582 3912 1639 prospera

2259 1675 2514 1730 nuncque
2554 1659 2780 1716 adversa
2818 1659 2973 1716 duris
3019 1657 3288 1714 bellorum
3330 1657 3621 1713 exercitiis
3667 1672 3915 1714 occurre-

533 1750 724 1821 quales
753 1750 820 1804 ab
850 1749 1036 1819 aliquo
1054 1748 1386 1818 reprehendi
1417 1761 1526 1804 non
1559 1754 1826 1817 possunt;
1858 1742 2384 1806 sacerdotesBrant
2407 1792 2421 1818 ,
2490 1747 2744 1805 Arialdus
2807 1755 2865 1804 et
2929 1746 3226 1803 Landulfus
3299 1747 3663 1802 extuantibus
3733 1748 3915 1802 animis

533 1854 664 1896 vero
695 1853 793 1908 per
821 1839 1004 1894 omnia
1051 1839 1248 1893 bonos.
1283 1837 1390 1892 Sed
1435 1837 1572 1892 dicit
1618 1839 1762 1892 Deus
1809 1836 2023 1892 cuidam
2053 1849 2176 1891 sese
2257 1840 2422 1898 tacite
2470 1839 2653 1894 rimari
2703 1844 3012 1908 coeperunt,
3063 1851 3225 1906 quem
3263 1835 3332 1892 de
3379 1837 3700 1906 capitaneis
3735 1845 3832 1890 aut
3855 1835 3912 1891 de

535 1929 897 1998 interroganti
933 1947 944 1982 :
981 1945 1008 1977 «
1049 1925 1187 1994 Quid
1219 1941 1304 1981 me
1336 1926 1476 1981 dicis
1506 1927 1755 1992 bonum?
1784 1939 1945 1982 nemo
1975 1925 2155 1981 bonus
2259 1928 2664 1984 valvassoribus
2691 1941 2860 1998 super
2896 1926 3211 1997 hujusmodi
3240 1926 3461 1997 negotia
3489 1925 3563 1980 ad
3594 1940 3751 1996 opus
3777 1926 3914 1981 belli-

536 2015 642 2072 nisi
672 2015 824 2072 solus
853 2016 996 2070 Deus
1031 2016 1181 2082 (Luc.
1213 2029 1386 2082 XVIII,
1444 2012 1550 2084 19).
1593 2033 1622 2066 »
2261 2032 2384 2074 cum
2433 2031 2600 2087 super
2645 2017 2963 2073 sacerdotes
3002 2029 3327 2086 praeponere
3358 2022 3615 2085 possent,
3648 2023 3914 2085 quatenus

613 2103 694 2160 l3.
743 2102 872 2175 (12.)
902 2105 1034 2158 Cum
1054 2102 1116 2134 “°
1146 2109 1326 2158 autem
1357 2101 1478 2158 haec
1525 2109 1581 2157 et
1611 2101 1778 2157 multa
1821 2101 1926 2156 alia
1955 2099 2178 2157 Arialdo
2261 2108 2380 2177 ejus
2435 2106 2699 2162 conscilio
2758 2120 2822 2161 ac
2877 2104 3060 2176 gladio
3117 2104 3218 2161 tuti
3278 2104 3454 2160 libere
3519 2104 3911 2174 praedicarent,

534 2191 760 2260 suisque
808 2191 976 2246 sociis
1022 2190 1234 2246 diceret
1276 2190 1590 2260 Dionysius,
1623 2198 1678 2245 et
1723 2188 1910 2245 multis
1961 2188 2180 2244 clericis
2261 2195 2652 2265 curialiterque
2695 2195 2758 2224 ⁸η
2805 2195 3090 2262 docerent,
3132 2192 3359 2264 implere
3405 2200 3758 2264 satagean
3797 2196 3914 2250 Cum

536 2279 719 2336 verbis
764 2280 1074 2335 inhonestis
1116 2279 1585 2345 subsannaretur,
1626 2278 1966 2349 apostolicus
2013 2275 2182 2333 silen-
2261 2287 2383 2342 haec
2429 2286 2751 2356 agebantur,
2801 2297 2930 2340 ecce
2978 2281 3395 2339 Herlembaldus
3431 2282 3612 2339 frater
3650 2284 3914 2351 Landulﬂ,

538 2369 672 2423 tium
705 2382 865 2423 manu
915 2368 1221 2438 imperavit.
1266 2371 1479 2423 Interea
1510 2368 1654 2424 idem
1686 2367 2026 2437 apostolicus
2063 2381 2183 2437 per-
2263 2389 2330 2431 ex
2378 2387 2572 2444 magna
2619 2373 2873 2443 prosapia
2928 2372 3337 2442 capitaneorum
3388 2371 3712 2438 oriundus,
3775 2373 3919 2428 miles

541 2471 713 2525 Pauca
742 2456 998 2526 Ιοίιιιθηδ.
1031 2457 1104 2511 ila
1144 2456 1201 2512 ίιι
1232 2457 1470 2511 "mdium
1518 2472 1577 2511 50
1619 2457 1830 2522 hami“.
1882 2455 2030 2526 QUOd
2079 2469 2184 2510 nec
2267 2471 2326 2518 ut
2356 2469 2549 2519 natura
2578 2462 2742 2517 dabat
2769 2461 3202 2528 strenuissimus,
3235 2460 3460 2516 barbam
3508 2468 3574 2516 ut
3614 2476 3752 2517 usus
3780 2463 3916 2516 anti-

541 2543 878 2599 cardinalem
927 2544 1168 2600 laudavit
1215 2559 1317 2600 nec
1363 2545 1641 2600 Arialdnm
1691 2544 2026 2615 dampnavit.
2065 2547 2183 2612 Quo
2265 2567 2409 2622 quus
2482 2551 2736 2621 exigebat
2810 2551 2968 2620 quasi.
3043 2563 3374 2620 purpuream
3438 2564 3649 2620 gerens
3685 2594 3702 2618 ,
3783 2550 3917 2606 tenui

545 2632 756 2698 audito,
789 2632 1044 2688 Arialdus
1091 2648 1119 2687 a
1166 2633 1341 2703 gloria
1389 2647 1548 2702 quam
1599 2635 1786 2689 Roma:
1816 2633 2021 2689 habere
2059 2648 2186 2703 spe-
2266 2641 2444 2708 vultu,
2513 2641 2691 2696 oculis
2754 2639 3050 2710 aquilinis,
3112 2644 3334 2708 pectore
3400 2638 3678 2706 leonino,
3752 2642 3918 2696 animo

541 2721 698 2777 rabat
746 2721 969 2776 omnino
1016 2720 1330 2786 frustratus,
1379 2735 1721 2792 cegnoscens
1758 2722 1970 2779 animos
2007 2728 2188 2777 astan-
2267 2729 2597 2796 admirabili,
2631 2729 2778 2784 circa
2806 2729 3086 2784 orationes
3123 2729 3178 2783 in
3227 2729 3431 2798 p0pulo
3463 2729 3773 2785 solvendas
3802 2745 3918 2785 cau-

542 2810 675 2865 tium
726 2811 968 2865 omnium
1016 2810 1267 2866 ecclesiae
1309 2811 1732 2866 Mediolanensis
1762 2811 2182 2881 compatientcs,
2269 2824 2382 2884 tus,
2429 2817 2640 2888 rigidus
2684 2817 2742 2872 in
2791 2816 2936 2873 bello
2985 2822 3046 2872 ut.
3090 2818 3300 2884 Caesar,
3348 2818 3403 2872 in
3454 2819 3744 2888 angustiis
3791 2820 3921 2873 mitis

540 2904 782 2955 tremens
810 2906 866 2954 et
897 2899 1133 2969 pallidus
1159 2900 1314 2970 quasi
1353 2908 1603 2956 mortuus
1634 2899 1903 2970 obriguit.
1944 2900 2183 2955 Tandem
2267 2907 2537 2976 nimisque
2620 2919 2892 2976 apparens
2931 2948 2946 2973 ,
3034 2905 3286 2961 sublimis
3367 2906 3538 2961 corde
3584 2948 3601 2971 ,
3696 2920 3919 2977 corpore

536 2987 880 3055 apostolicus
945 2987 1132 3042 multis
1196 3003 1259 3042 ac
1325 2989 1559 3043 diversis
1615 2987 1898 3044 consciliis
1949 2987 2180 3057 rimatis,
2266 2995 2455 3050 subtili
2493 3000 2548 3050 et
2595 2995 2834 3065 aequali,
2882 2994 3143 3050 membris
3180 2999 3236 3050 et
3281 2994 3538 3050 cruribus
3590 2995 3918 3051 decentissi-

534 3072 795 3142 adjuncto
817 3079 942 3142 post
963 3073 1174 3142 aliquot
1195 3073 1314 3129 dies
1341 3075 1596 3130 Anselmo
1627 3075 1858 3130 Lucensi
1891 3075 2176 3145 episcopo,
2202 3066 2246 3127 C
2266 3084 2390 3151 mis,
2432 3083 2583 3138 tibiis
2621 3097 2685 3138 ac
2739 3083 2972 3152 pedibus
3012 3082 3404 3149 subtilissimis,
3452 3093 3801 3153 pernoctare
3832 3086 3918 3140 do-

536 3175 700 3230 quem
731 3174 896 3229 supra
935 3163 1252 3226 memoravi,
1314 3169 1372 3217 ut
1403 3168 1569 3217 tantm
1618 3163 1761 3218 cladi
1810 3163 1973 3219 tinem
2005 3165 2182 3234 impo-
2265 3178 2388 3226 ctus
2416 3171 2487 3226 ob
2519 3171 2726 3236 hostes,
2773 3177 2828 3225 et
2865 3169 3132 3226 conscilio
3167 3170 3426 3239 providus
3456 3171 3702 3227 multum
3735 3173 3794 3228 in
3825 3187 3917 3243 quo

538 3255 695 3303 neret
726 3253 782 3303 et
819 3248 1139 3304 sacerdotes
1175 3263 1206 3304 a
1237 3249 1462 3320 perﬁdis
1500 3251 1868 3307 liberarentur
1906 3253 2181 3321 omnibus,
2268 3265 2460 3315 natura
2509 3259 2718 3314 militiae
2770 3259 2939 3314 nichil
2980 3258 3380 3326 oifendebatur,
3414 3261 3638 3316 noviter
3667 3262 3744 3316 ab
3773 3264 3919 3317 Jero-

539 3343 596 3391 et
626 3336 774 3406 quod
814 3336 934 3406 ipse
964 3336 1219 3392 Arialdus
1257 3337 1534 3393 inchoavit
1573 3341 2029 3395 corroboraretur
2053 3383 2067 3408 ,
2129 3347 2188 3396 ut
2269 3348 2480 3404 solimis
2527 3361 2758 3417 perosos
2806 3347 3018 3403 habens
3065 3349 3304 3418 majores
3351 3347 3600 3403 redierat
3640 3350 3816 3418 (111},
3846 3349 3922 3404 ubi

541 3425 600 3456 ⁵⁸¹
635 3425 1042 3496 quodammodo
1073 3427 1308 3483 ecclesia
1347 3428 1774 3485 Mediolanensis
1801 3431 1917 3485 suis
1941 3432 2189 3499 jussibus
2271 3451 2392 3492 cum
2427 3437 2657 3506 juvenili
2697 3443 2859 3491 aetate
2904 3437 3244 3503 ﬂoresceret,
3295 3446 3351 3492 et
3402 3451 3554 3492 more
3609 3438 3789 3494 solito
3834 3438 3922 3492 sibi

543 3515 973 3584 obtemperaret,
1021 3516 1324 3583 Arialdum,
1379 3518 1692 3573 Anselmum
1723 3521 2024 3575 Lucensem
2073 3520 2190 3590 epi-
2273 3539 2498 3580 uxorem
2531 3525 2920 3593 desponsasset
2944 3567 2958 3590 ,
3009 3531 3065 3580 et
3103 3525 3275 3594 ipsam
3307 3527 3364 3581 in
3395 3526 3631 3582 veritate
3664 3543 3796 3583 cum
3825 3527 3925 3582 ele-

542 3617 793 3672 scopum,
827 3610 883 3659 et
911 3604 1299 3674 lldeprandum
1335 3609 1445 3676 jam
1496 3607 1939 3663 archidiaconem
1989 3607 2192 3663 factum
2275 3615 2391 3670 rico
2450 3613 2687 3682 quodam
2739 3615 2956 3683 jocasse
3021 3613 3189 3669 certis
3252 3613 3475 3669 indiciis
3543 3619 3925 3686 comperisset.

544 3691 795 3747 ecclesiae
841 3693 1122 3760 Romanae,
1173 3708 1283 3750 uno
1331 3695 1512 3750 animo
1544 3695 1953 3752 consentientes
1981 3695 2195 3752 Medio-

544 3779 728 3836 lanum
759 3779 982 3835 direxit.
1014 3784 1254 3848 Quorum
1285 3798 1426 3839 unus
1466 3785 1797 3853 supradicta:
1828 3786 1925 3840 ira:
1972 3784 2193 3852 lividus,

547 3869 688 3924 alter
747 3868 913 3922 nimia
960 3870 1338 3940 indignatione
1403 3873 1710 3928 altitudinis
1774 3872 2196 3928 Mediolanensis

549 3955 801 4013 ecclesia:
846 3964 1171 4024 commotus,
1222 3961 1339 4016 zelo
1387 3962 1636 4017 zelabant
1683 3963 2041 4031 nequissimo.
2093 3959 2194 4027 Qui

549 4058 674 4101 cum
715 4044 1078 4103 Mediolanum
1113 4049 1440 4118 attigissent,
1484 4064 1643 4105 secus
1682 4052 1863 4106 omnia
1893 4054 2196 4106 tractarunt

551 4156 712 4212 quam
747 4137 1086 4209 apostolicus
1120 4137 1200 4190 eis
1249 4137 1587 4193 denotasset.
1635 4141 1708 4194 Ea
1759 4148 2082 4211 tempestate
2123 4147 2200 4202 ci-

552 4232 697 4287 vium
746 4230 976 4284 diversae
1017 4233 1232 4291 turmae,
1282 4226 1405 4283 alia:
1453 4228 1799 4285 sacerdotum
1849 4233 2072 4302 pietate,
2105 4237 2201 4304 qui

555 4321 694 4378 male
725 4320 792 4375 ab
822 4317 1042 4375 Arialdo
1087 4324 1144 4373 et
1186 4319 1304 4386 ejus
1352 4325 1505 4386 parte
1555 4321 1948 4390 tractabantur,
1992 4325 2197 4380 cotidie

2277 3703 2483 3774 nuptiis
2531 3703 2754 3758 omnino
2803 3703 3021 3758 omissis
3069 3704 3233 3758 tacite
3279 3703 3508 3774 aufugit.
3557 3706 3664 3760 Hic
3717 3716 3774 3761 et
3812 3708 3926 3761 Lan-

2278 3793 2462 3849 dulfus
2491 3799 2546 3847 et
2593 3793 2684 3847 alii
2729 3791 2926 3848 fratres
2952 3807 3018 3847 ex
3048 3792 3242 3848 illicito
3274 3793 3558 3863 coujugio,
3593 3802 3656 3850 ut
3698 3794 3928 3864 comperi

2279 3883 2336 3939 in
2375 3881 2602 3937 veritate
2626 3922 2641 3948 ,
2691 3880 2803 3935 nati
2832 3889 2994 3946 sunt;
3031 3894 3264 3950 quorum
3303 3888 3563 3951 parentes
3616 3884 3930 3939 Heribertus

2283 3969 2734 4038 archiepiscopus
2800 3968 3126 4038 permultum
3203 3969 3458 4025 laborans
3530 3971 3729 4039 gladio
3796 3970 3928 4026 verbi

2282 4059 2377 4113 Dei
2431 4071 2684 4126 separare
2734 4070 2843 4112 non
2892 4057 3090 4125 potuit.
3143 4057 3299 4112 Hunc
3327 4056 3392 4087 ⁸⁵⁵
3419 4058 3688 4114 Arialdus
3725 4068 3783 4115 et
3810 4061 3930 4114 Lan-

2283 4144 2465 4201 dulfus
2522 4145 2690 4200 trater
2747 4144 2991 4214 ejusdem
3049 4159 3171 4200 cum
3210 4145 3465 4200 visitandi
3531 4148 3722 4216 gratia
3780 4155 3924 4203 noctu

2251 4234 2792 4300 'Circumvenissent,
2844 4233 2987 4288 datis
3039 4233 3263 4301 osculis,
3323 4235 3524 4289 talibus
3583 4236 3780 4292 adorsi
3816 4243 3928 4290 sunt

2286 4323 2468 4377 verbis
2511 4342 2522 4376 :
2578 4341 2606 4372 ε(
2655 4325 2697 4377 Ο
2743 4321 3124 4377 llerlembalde
3174 4323 3231 4376 in
3279 4322 3534 4378 omnibus
3585 4325 3926 4387 venerande.

555 4417 616 4466 ut
653 4410 842 4464 hostes
871 4421 991 4462 sese
1025 4412 1285 4461 necantes
1324 4406 1732 4475 prmliabantur.
1773 4412 1961 4480 Itaque
1999 4413 2197 4469 Ansel-
2220 4391 2269 4447 Β
2288 4424 2387 4482 pro
2432 4417 2526 4466 tuo
2574 4411 2753 4466 reditu
2787 4424 2889 4466 nos
2924 4411 3091 4465 Deum
3123 4410 3499 4466 collaudantes
3525 4414 3749 4481 gratias
3779 4416 3827 4470 ei
3855 4427 3928 4468 reo

559 4514 680 4554 mus
709 4504 765 4554 et
794 4495 1154 4565 lldeprandus
1203 4495 1394 4564 populi
1433 4495 1671 4553 furorem
1723 4499 2006 4569 timentes,
2055 4503 2206 4558 elan-

559 4587 686 4642 culo
734 4586 942 4641 vocatis
996 4583 1206 4638 civibus
1263 4597 1403 4652 quos
1447 4585 1650 4641 habere
1698 4596 1974 4656 poterant,
2022 4605 2202 4661 quan-

563 4683 676 4730 tum
707 4674 908 4744 linguae
939 4687 1127 4728 eorum
1159 4673 1465 4742 exprimere
1497 4675 1816 4744 valuerunt,
1867 4679 1985 4734 sine
2033 4681 2203 4736 mise-

561 4763 821 4830 ricordia,
853 4763 971 4817 sine
1011 4762 1262 4828 caritate,
1295 4762 1492 4819 callide
1529 4763 1824 4822 frementes
1871 4767 2201 4824 ediderunt:

564 4868 594 4906 «
641 4855 762 4908 Non
808 4851 1093 4907 attenditis
1138 4851 1233 4907 Dei
1264 4853 1601 4924 evangelium
1632 4855 1869 4912 dicentis
1905 4877 1917 4912 :
1963 4857 2202 4913 «Nolite

2288 4499 2511 4556 ferimus
2558 4501 2870 4554 immensas.
2921 4499 3072 4554 Sicut
3110 4498 3172 4528 ³⁸⁵
3229 4501 3374 4554 enim
3420 4501 3568 4556 Deus
3614 4508 3673 4557 te
3715 4504 3930 4558 intem

2287 4596 2343 4645 et
2372 4589 2428 4644 in
2460 4589 2594 4665 mari
2625 4588 2810 4644 multis
2831 4589 3102 4658 quassatis
3133 4588 3393 4658 procellis
3423 4589 3589 4645 nobis
3614 4604 3928 4648 conservare

2289 4685 2344 4733 et
2377 4677 2608 4733 reddere
2646 4690 2743 4732 sua
2789 4676 3125 4748 benignitate
3155 4675 3448 4746 disposuit,
3483 4677 3756 4749 vitiisque
3788 4677 3928 4734 modo

2286 4767 2476 4824 saeculi
2525 4767 2680 4822 miles
2726 4765 2906 4833 fuisti,
2957 4767 3038 4822 sic
3084 4765 3288 4822 decens
3336 4773 3392 4822 et
3435 4777 3773 4838 competens
3809 4767 3927 4823 ratio

2286 4864 2388 4924 est,
2422 4863 2481 4911 ut
2511 4855 2708 4912 exinde
2745 4856 2841 4911 Dei
2890 4861 2945 4910 et
2991 4855 3278 4912 catholicae
3325 4853 3582 4912 ecclesia:
3630 4857 3800 4915 miles
3833 4855 3928 4913 eli-

1933 4983 2156 5037 νΑΗΙΔΕ
2184 4982 2572 5037 LECTIONES.

631 5102 695 5135 “°
728 5101 962 5175 Titulus:
994 5101 1304 5175 Stephanus
1334 5117 1472 5175 papa
1501 5103 1864 5175 Mediolanum
1895 5105 2106 5175 legatos
2132 5107 2317 5162 mittit.
2395 5105 2455 5137 ⁸⁸¹
2489 5111 2544 5161 et
2574 5111 2633 5160 ut
2663 5107 2722 5160 Β.
2798 5103 2862 5136 ⁸⁸⁸
2905 5103 3142 5175 Titulus;
3190 5104 3391 5174 Incipit
3419 5105 3489 5160 de
3519 5106 3925 5162 llerlembalde-

559 5176 646 5248 ᾼ’.
677 5173 921 5248 Qualiter
943 5173 1296 5248 Arialduset
1310 5173 1620 5248 Landulfus,
1638 5175 1743 5229 sibi
1773 5173 2050 5248 associant
2079 5179 2305 5234 militem
2337 5176 2801 5234 Herlembaldum.
2831 5177 2950 5232 A“.
2984 5177 3042 5231 Β.
3080 5174 3162 5231 BL
3239 5173 3389 5247 Im’p.
3430 5183 3486 5232 et
3536 5178 3926 5248 curialiterqnc

561 5246 621 5302 Β.
695 5244 760 5278 ⁵⁵⁵
797 5245 987 5301 Eidem
1010 5243 1096 5300 BI.
1172 5242 1236 5276 ⁵⁸⁵
1266 5246 1356 5300 Sic
1386 5244 1472 5300 BI.
1503 5249 1553 5301 et
1581 5247 1753 5301 Anon.
1786 5247 1840 5302 in
1872 5249 1930 5302 V.
1961 5248 2173 5304 Arialdi
2203 5265 2252 5304 ο.
2292 5250 2374 5305 16.

2137 5376 2354 5431 NOTAE.

635 5487 772 5562 (ω)
801 5491 985 5560 Nuper
1019 5486 1344 5560 Jerosolyma
1391 5501 1629 5544 reversus
1677 5487 1879 5546 volebat
1925 5494 2046 5546 tunc
2079 5489 2322 5546 saeculum
2365 5489 2655 5562 relinquere
2721 5496 2770 5547 et
2823 5505 2882 5546 se
2935 5488 3145 5546 tradere
3199 5488 3318 5545 υξιω
3374 5490 3704 5546 monasticae.
3765 5488 3928 5547 Andr.

567 5573 621 5616 c.
645 5558 743 5616 '16.
