4022 6160
171 293 267 348 917

1180 293 1493 350 HISTORIA
1530 295 2079 354 MEDIOLANENSIS.
2118 327 2191 340 —
2229 298 2354 353 LIB.
2394 298 2484 352 III.

3413 295 3521 351 918

171 418 318 475 ciaris
343 419 777 487 strenuissimus,
810 424 864 476 et
912 419 1061 490 quod
1091 432 1194 476 nos
1223 434 1397 490 usque
1428 421 1589 478 mode
1622 423 1794 492 perﬁ-
1813 424 2190 484 Aincitativas
2237 438 2359 480 eum
2415 422 2821 490 adhortaretur,
2870 435 3038 492 super
3083 421 3192 478 hoc
3220 421 3382 479 ﬁnem
3413 424 3521 479 im-

168 522 284 564 cere
337 521 448 564 non
500 508 798 580 potuimus,
858 515 950 565 tua
1008 509 1200 565 dextra
1256 509 1429 578 adjuti
1468 509 1698 581 implere
1730 527 1794 569 ac

169 597 417 669 perﬁcere
446 598 738 654 valeamus.
773 601 902 656 Esto
933 599 1089 669 quasi
1118 599 1404 654 Mathatias
1432 599 1514 656 vel
1547 600 1644 656 ﬁlii
1675 603 1795 672 ejus

167 687 251 757 qui
279 701 379 756 pro
423 688 629 758 templo
681 689 777 744 Dei
827 693 882 743 et
929 687 1118 758 populi
1159 689 1276 758 ejus
1305 688 1559 745 libertate
1591 691 1794 747 mortui

166 780 300 841 sunt,
347 781 402 831 et
447 777 608 831 vitam
658 776 924 832 habentes
971 782 1231 833 aeternam
1277 778 1333 832 in
1389 778 1609 834 Christo
1665 784 1794 836 sunt

163 863 383 921 feliciter
429 865 706 921 coronati.
746 866 1064 922 Liberemus
1109 865 1406 922 Ecclesiam
1451 868 1564 934 Dei,
1606 869 1794 925 multis

164 954 490 1025 temporibus
538 956 816 1011 obsessam
874 961 930 1011 et
981 955 1047 1010 ad
1106 955 1351 1012 uxoratis
1409 957 1792 1014 sacerdotibus

160 1045 445 1113 detentam,
479 1051 538 1101 tu
567 1045 687 1117 lege
717 1045 906 1116 gladii,
948 1052 1002 1101 et
1040 1059 1142 1101 nos
1172 1047 1286 1101 Dei.
1337 1048 1610 1102 Conserva
1650 1063 1793 1118 pra:-

160 1135 310 1189 mium
342 1134 491 1204 quod
540 1135 596 1190 in
645 1135 958 1191 visitatione
988 1134 1228 1205 sepulcri
1282 1136 1377 1191 Dei
1425 1137 1630 1193 habere
1669 1152 1790 1193 me-

157 1223 321 1279 ruisti.
359 1223 627 1281 Liberasti
673 1223 738 1256 ⁸⁸⁸
785 1224 1095 1295 sepulcrum
1127 1225 1244 1291 Dei,
1286 1225 1458 1281 libera
1491 1227 1658 1298 igitur
1696 1230 1792 1283 Ec-

158 1312 368 1368 clesiam
400 1314 539 1384 ejus.
573 1333 602 1365 »
634 1314 841 1382 Quibus
869 1313 989 1370 haec
1018 1318 1074 1369 et
1103 1314 1272 1369 multa
1319 1314 1424 1370 alia
1451 1315 1786 1384 dicentibus,

158 1402 566 1459 Herlembaldus
612 1404 720 1460 alta
767 1403 992 1459 trahens
1039 1403 1295 1473 suspiria,
1337 1405 1602 1461 citissime
1633 1419 1787 1475 pros-

155 1506 275 1562 pera
300 1491 576 1564 citiusque
623 1493 852 1549 adversa
891 1493 1072 1549 animo
1116 1493 1310 1549 videns
1356 1509 1479 1564 quae
1529 1495 1634 1551 sibi
1667 1510 1789 1551 eve-

156 1583 265 1638 nire
284 1587 532 1653 possent,
565 1583 720 1653 quasi
747 1582 1005 1654 fatigatus
1026 1583 1296 1638 consedit.
1321 1584 1420 1651 Qui
1452 1583 1546 1639 diu
1578 1588 1787 1658 tacens,

155 1671 217 1727 de
246 1672 501 1727 omnibus
547 1687 670 1742 quae
709 1672 766 1727 in
804 1672 939 1728 urbe
970 1687 1137 1742 super
1174 1673 1492 1729 sacerdotes
1519 1671 1786 1732 fecerant.

1874 514 2078 584 posuit.
2119 515 2235 581 Quo
2274 513 2462 569 audito
2510 513 2864 584 apostolicus,
2917 525 3016 582 per
3053 510 3350 581 plurimum
3398 513 3518 569 haec

1874 604 2017 659 intra
2047 618 2106 659 se
2144 603 2442 669 admirans,
2492 603 2686 658 videns
2713 615 2874 672 quam
2915 601 2987 656 sit
3023 613 3182 671 grave
3214 601 3516 670 periculum

1875 692 2055 749 civilia
2096 692 2240 748 bella
2288 691 2592 758 adhortari,
2625 691 2771 746 circa
2800 690 2908 746 hoc
2954 689 3234 760 negotium
3276 703 3376 759 per
3404 695 3518 746 tres

1874 782 1994 838 dies
2041 781 2405 838 consciliandi
2454 781 2704 837 inducias
2750 780 2924 834 dedit.
2973 781 3188 834 Interea
3239 779 3512 846 Arialdus,

1870 869 2137 927 festinans
2184 873 2251 927 ad
2299 871 2706 940 Oldeprandum
2737 868 3123 924 cancellarium
3155 873 3210 924 et
3237 868 3515 924 archidia-

1872 973 2065 1015 conem
2099 974 2164 1015 ex
2213 960 2482 1015 monacho
2513 957 2714 1013 factum
2753 957 3018 1023 cucurrit,
3053 957 3146 1026 qui
3178 957 3428 1012 residens
3457 957 3514 1012 in

1872 1049 2096 1118 palatio,
2137 1049 2386 1104 militiam
2416 1050 2713 1104 Romanam
2755 1047 2911 1116 quasi
2941 1047 3241 1116 imperator
3269 1047 3514 1116 regebat.

1873 1140 2026 1193 Hunc
2067 1137 2393 1209 aggrediens
2429 1136 2703 1203 Arialdus,
2753 1136 2936 1191 omnia
2983 1135 3091 1190 alta
3139 1142 3195 1191 et
3232 1137 3516 1206 magniﬁca

1869 1233 1990 1282 acta
2036 1227 2545 1292 Mediolanensium,
2613 1224 3158 1294 archiepiscoporum
3228 1229 3286 1280 et
3336 1239 3518 1281 sacer-

1870 1315 2059 1372 dotum
2093 1315 2488 1372 contumaciam
2537 1315 2800 1370 adversus
2848 1314 3162 1384 pontiﬁcem
3211 1315 3514 1370 Romanum

1869 1403 2034 1476 longo
2087 1419 2153 1460 ex
2211 1410 2459 1475 tempore
2502 1410 2738 1470 nactam,
2772 1409 3044 1473 quatenus
3106 1404 3282 1472 ipsum
3341 1405 3514 1474 magis

1868 1508 1932 1549 ac
1970 1494 2142 1564 magis
2171 1494 2457 1560 animaret,
2497 1492 2774 1562 patefecit.
2812 1495 2927 1548 Hoc
2966 1492 3176 1558 audito,
3219 1493 3415 1562 sopitis
3445 1494 3511 1549 il-

1870 1582 1978 1638 lico
2016 1583 2270 1638 omnibus
2317 1583 2441 1638 aliis
2489 1582 2729 1652 negotiis
2775 1582 2976 1652 quibus
3023 1581 3322 1652 implicitus
3368 1589 3504 1649 erat,

1869 1671 2007 1727 dixit
2038 1686 2097 1728 se
2127 1671 2489 1742 apostolicum
2520 1670 2588 1726 ad
2637 1672 2821 1726 omnia
2860 1685 2984 1740 qua
3017 1671 3282 1740 poscebat
3310 1672 3510 1726 adhor-

150 1765 198 1815 et
226 1760 464 1830 qualiter
511 1761 701 1832 populi
739 1762 975 1831 majores
1011 1766 1067 1816 et
1095 1761 1338 1816 minores
1366 1761 1521 1817 duris
1550 1762 1847 1833 cottidie];
1869 1762 1994 1816 tari.
2043 1763 2181 1828 Quid
2229 1761 2442 1817 multa?
2486 1761 2795 1816 Alexandro
2826 1766 2881 1816 et
2913 1761 3264 1830 Oldeprando
3301 1763 3358 1816 in
3398 1777 3508 1818 uno

150 1850 346 1919 praeliis
376 1849 835 1918 sollicitabantur,
865 1850 1124 1906 dubitans
1144 1850 1368 1906 omnino
1409 1850 1610 1906 talibus
1636 1865 1784 1908 com-

151 1939 362 1995 misceri
409 1939 742 2003 actionibus,
788 1939 1127 2009 respondere
1195 1939 1481 1995 renuebat.
1540 1940 1780 1996 Tandem

149 2028 325 2083 multis
385 2028 963 2095 circumventionibus,
1013 2033 1073 2084 ut
1128 2030 1352 2084 Romam
1413 2036 1668 2100 pergeret
1725 2033 1782 2084 et

144 2117 407 2174 conscilio
436 2117 727 2188 apostolici
759 2117 1118 2186 consentiret,
1150 2118 1581 2188 impetraverunt
1613 2116 1775 2181 (112).

141 2206 252 2270 Quo
310 2205 367 2260 in
425 2211 692 2276 tempore,
768 2210 986 2261 mortuo
1047 2204 1324 2274 Stephano
1391 2218 1553 2274 quem
1614 2217 1780 2273 supra

141 2295 577 2360 commemoravi,
626 2294 812 2350 divino
867 2293 1106 2364 ﬂagello,
1164 2295 1257 2363 qui
1302 2293 1390 2348 vix
1439 2307 1539 2362 per
1585 2306 1779 2348 novem

139 2398 356 2440 menses
409 2385 541 2440 sede
598 2383 901 2453 apostolica
967 2384 1177 2453 potitus
1251 2390 1353 2449 est,
1415 2383 1780 2452 omnibusque

133 2471 608 2532 successionibus,
655 2470 940 2526 Anselmus
979 2472 1242 2527 Lucensis
1270 2471 1564 2541 episcopus
1594 2471 1779 2526 sedem

133 2560 497 2633 apostolicam
551 2575 689 2630 papa
739 2563 844 2631 jam
895 2560 1071 2617 factus
1117 2562 1342 2634 regebat
1389 2559 1572 2633 (113).
1613 2563 1781 2632 Cujus

138 2649 340 2705 iactum
391 2649 783 2720 quomodoque
831 2649 894 2682 “9
940 2650 1102 2706 ﬁdem
1159 2650 1455 2720 adquisivit
1518 2651 1780 2706 Romanis

139 2737 314 2794 oculis
390 2739 866 2808 perscrutantibus
935 2739 1188 2810 abyssum
1256 2739 1520 2794 omittam.
1592 2741 1779 2808 Itaque

139 2826 388 2882 Arialdus
434 2826 583 2882 domi
621 2825 890 2882 Landulfo
937 2827 1185 2892 dimisso,
1237 2840 1483 2897 congruo
1529 2831 1778 2897 tempore

141 2917 357 2972 Romam
409 2915 643 2971 tendens
698 2930 761 2970 ac
817 2930 1002 2971 secum
1060 2915 1502 2972 Herlembaldum
1568 2916 1779 2972 ducens

142 3005 154 3072 ξ
163 3003 295 3075 114),
317 3004 576 3060 Anselmo
612 3004 706 3074 qui
733 3003 906 3061 altero
947 3005 1168 3060 nomine
1189 3010 1414 3059 vocatus
1438 3010 1521 3059 est
1545 3004 1778 3059 Alexan-

1865 1852 2362 1919 consentientibus,
2439 1855 2633 1906 vocato
2710 1849 3095 1906 Herlembaldo
3154 1856 3208 1906 et
3262 1843 3524 1918 Arialdo,’

1863 1939 2171 1995 astantibus
2199 1938 2406 2006 multis,
2456 1939 2711 1996 vexillum
2761 1951 2922 1993 manu
2972 1938 3248 2008 quoddam
3289 1945 3505 2006 tenens,

1861 2041 1926 2083 ac
1956 2027 2132 2098 ipsum
2183 2036 2348 2098 prout
2397 2033 2615 2098 poterat
2671 2028 3026 2094 benedicens,
3076 2029 3178 2082 sub
3235 2029 3507 2097 quandam

1863 2117 2234 2172 obedientiam
2275 2124 2330 2173 et
2383 2118 2684 2172 inauditam
2716 2117 2766 2172 ei
2809 2117 3079 2173 attribuit.
3115 2120 3158 2173 Ο
3208 2124 3382 2186 pater,
3416 2117 3510 2172 ubi

1863 2213 2028 2260 eras?
2058 2207 2270 2262 cmdisti
2329 2206 2474 2261 ﬁlios
2515 2206 2941 2276 scorpionibus!
2997 2209 3113 2262 Hoc
3152 2206 3296 2262 facto
3335 2207 3510 2262 Arial-

1861 2293 1966 2348 dus
1992 2296 2148 2363 quasi
2180 2295 2267 2350 leo
2307 2295 2591 2351 conﬁdens
2620 2301 2675 2351 et
2703 2297 2758 2351 in
2807 2296 3064 2351 omnibus
3093 2296 3503 2365 congratulans,

1863 2383 2104 2453 hospitio
2135 2391 2393 2454 receptus
2425 2391 2546 2448 est;
2590 2391 2644 2440 et
2696 2385 2923 2440 veniens
2969 2384 3355 2448 Mediolanum,
3390 2399 3505 2440 om-

1862 2473 1950 2527 nia
1990 2488 2112 2543 quae
2143 2475 2332 2530 Romae
2393 2473 2617 2538 fecerat,
2651 2474 2766 2530 suis
2805 2473 3053 2529 collectis
3091 2474 3330 2544 operuit.
3371 2477 3502 2530 Cum

1861 2567 2040 2617 autem
2072 2563 2127 2617 in
2159 2563 2294 2618 urbe
2343 2563 2761 2619 Herlembaldus
2810 2570 2866 2619 et
2910 2564 3166 2620 Arialdus
3201 2564 3502 2630 venissent,

1863 2653 2024 2721 paulo
2065 2651 2188 2722 plus
2215 2653 2271 2708 in
2302 2653 2466 2710 solito
2496 2655 2814 2710 sacerdotes
2851 2655 2952 2710 sub
2991 2655 3182 2711 uxoria
3210 2654 3503 2710 occasione

1861 2741 1918 2796 in
1965 2742 2180 2798 cunctis
2235 2743 2449 2798 actibus
2495 2748 2551 2798 et
2594 2743 2777 2798 verbis
2833 2743 3095 2799 laicorum
3155 2744 3508 2814 perplurimis

1861 2828 1971 2884 illis
2027 2830 2302 2900 adjunctis
2370 2831 2773 2901 vituperabant.
2846 2834 3090 2902 Cumque
3157 2833 3267 2888 illis
3324 2833 3507 2888 omnia

1860 2921 2330 2989 prosperabantur
2381 2921 2435 2976 in
2476 2922 2747 2986 manibus,
2800 2921 2972 2992 magis
3001 2936 3064 2976 ac
3111 2922 3283 2992 magis
3311 2935 3509 2977 accen-

1857 3008 2148 3064 debantur.
2201 3009 2254 3064 Si
2295 3011 2440 3064 enim
2489 3024 2618 3065 casu
2658 3011 3000 3067 sacerdotem
3053 3011 3364 3066 invenirent
3411 3011 3509 3064 mi-

142 3093 250 3161 der,
281 3109 406 3149 cum
461 3094 581 3164 ipso
628 3108 749 3150 sese
799 3093 1234 3164 repraesentavit.
1284 3093 1492 3161 Quibus
1539 3093 2143 3164 cognitianisterium
2196 3097 2438 3153 divinum
2489 3097 2880 3164 celebrantem,
2933 3099 3027 3168 qui
3076 3100 3192 3154 suis
3247 3112 3358 3155 non
3408 3099 3508 3154 ob-

140 3181 440 3239 Alexander
485 3196 652 3252 super
697 3197 886 3238 eorum
927 3182 1068 3239 colla
1116 3197 1283 3238 ruens
1322 3181 1649 3252 permultum
1679 3181 1776 3237 lae-

141 3277 294 3340 tatus,
327 3278 383 3328 et
415 3285 727 3328 convocans
755 3271 881 3328 illos
922 3273 977 3327 in
1010 3272 1262 3328 interiori
1293 3285 1527 3337 camera,
1559 3276 1775 3327 secrete

141 3360 202 3416 de
243 3361 484 3418 civitatis
512 3366 657 3418 statu
688 3368 743 3418 et
771 3363 1008 3433 negotiis
1055 3362 1449 3418 ecclesiasticis
1494 3361 1775 3416 scisitatus

141 3457 234 3505 est.
280 3453 346 3508 At
396 3450 656 3507 Arialdus
682 3451 875 3507 videns
911 3452 1274 3521 apostolicum
1307 3452 1374 3506 ad
1416 3451 1598 3506 omnia
1629 3465 1776 3518 qua:-

141 3553 360 3611 cumque
392 3531 640 3610 exigeret
670 3545 940 3610 paratum,
982 3540 1212 3595 maxime
1245 3539 1392 3610 quod
1414 3537 1478 3569 “8
1507 3537 1776 3594 conscilio

141 3629 248 3697 ejus
280 3636 536 3686 anteacta
563 3627 820 3698 faciebat,
854 3630 1000 3685 inter
1028 3635 1212 3684 cetera
1242 3628 1379 3683 dixit
1404 3647 1416 3681 :

210 3716 287 3772 15.
324 3717 476 3790 (14.)
514 3736 541 3769 «
580 3720 743 3774 Pater
770 3718 834 3750 “9
877 3718 1211 3784 venerande,
1244 3715 1490 3772 Creatori
1532 3713 1776 3770 omnium

139 3806 328 3872 gratias
376 3805 563 3862 refero
613 3807 926 3871 immensas,
977 3806 1125 3877 quod
1175 3811 1227 3860 te
1277 3806 1332 3860 in
1363 3810 1518 3861 tanto
1549 3806 1778 3862 honoris

143 3893 364 3951 culmine
420 3910 524 3965 per
567 3910 718 3951 suam
749 3895 1180 3951 misericordiam
1221 3894 1516 3951 sublimare
1548 3901 1602 3951 et
1633 3895 1778 3951 exal-

145 3986 249 4038 tare
305 3985 605 4056 disposuit.
665 3987 821 4041 Nunc
878 3986 1063 4055 itaque
1114 3999 1270 4040 meus
1323 3984 1536 4040 animus
1592 3985 1779 4040 multis

145 4076 451 4130 attenuatus
514 4075 782 4145 angustiis
839 4073 1146 4145 cognoscit,
1189 4073 1336 4143 quod
1399 4074 1625 4130 dilectio
1683 4080 1776 4130 tua

145 4161 263 4218 olim
308 4165 447 4220 mihi
495 4163 860 4220 amicabiliter
898 4163 1272 4233 promittebat.
1327 4165 1391 4219 Ut
1423 4163 1603 4219 omnia
1630 4164 1773 4219 enim

144 4251 397 4321 omittam,
465 4259 574 4309 tuae
632 4254 979 4324 paternitatis
1050 4253 1394 4309 clementiam
1451 4253 1780 4323 suppliciter

145 4344 195 4394 et
245 4343 446 4399 obnixe
497 4357 687 4410 exoro,
729 4349 789 4398 ut
834 4343 981 4398 hunc
1031 4343 1258 4398 militem
1309 4343 1774 4410 Herlembaldum,

1857 3190 2216 3255 temperasset
2291 3188 2532 3249 monitis.
2611 3188 2761 3244 illico
2829 3189 2984 3258 quasi
3050 3187 3182 3244 facti
3231 3189 3418 3244 vesani
3476 3204 3506 3243 a

1855 3276 2028 3330 sacris
2068 3276 2254 3332 multis
2303 3278 2784 3348 objurgationibus
2825 3278 3181 3333 retrahebant
3217 3278 3504 3332 altaribus.

1857 3366 2071 3421 Interea
2118 3366 2538 3421 Herlembaldus
2583 3373 2644 3420 ut
2686 3366 2747 3396 ³⁶¹
2798 3366 2987 3435 placiti
3034 3365 3248 3420 initium
3293 3365 3504 3429 habuit,

1857 3460 2070 3508 secrete
2100 3453 2189 3508 die
2221 3468 2284 3508 ac
2318 3459 2479 3508 nocte
2516 3455 2747 3521 juvenes
2785 3453 3023 3508 civitatis
3061 3453 3275 3507 ordinis
3303 3453 3507 3507 utrius-

1858 3555 1964 3610 que
2012 3540 2201 3610 populi
2250 3546 2305 3596 et
2351 3541 2618 3596 nobilium
2651 3540 2982 3596 fortissimos
3011 3539 3139 3595 duci
3188 3541 3256 3594 ad
3301 3555 3360 3595 se
3406 3539 3508 3593 fa—-

1858 3629 2038 3684 ciebat
2063 3651 2077 3698 ;
2110 3642 2250 3699 quos
2270 3629 2664 3699 complectens,
2689 3630 2746 3683 in
2775 3628 3116 3698 singulorum
3142 3628 3284 3684 colla
3317 3641 3504 3694 ruens,

1859 3719 1926 3772 ad
1961 3719 2344 3788 jusjurandum
2394 3719 2542 3788 quod
2592 3723 2750 3774 antea
2797 3717 3052 3773 Arialdus
3104 3723 3159 3774 et
3206 3716 3508 3774 Landulfus

1858 3805 2122 3874 fecerant,
2165 3814 2224 3862 ut
2275 3807 2490 3878 pataliae
2540 3808 2797 3878 placitum
2848 3812 3122 3875 tenerent,
3172 3807 3358 3863 multis
3405 3807 3504 3862 do-

1859 3895 1945 3950 nis
1973 3897 2267 3966 multisque
2319 3897 2604 3966 promissis
2649 3896 2896 3952 studiose
2945 3896 3195 3952 alliciens
3231 3895 3502 3966 impinge-

1859 3987 2040 4056 gebat.
2074 3990 2139 4042 At
2159 3986 2286 4043 illos
2313 4001 2454 4057 quos
2474 4001 2576 4044 nec
2598 3987 2760 4042 donis
2784 4001 2888 4042 nec
2919 3986 3202 4057 promissis
3240 4001 3344 4043 nec
3375 3985 3501 4041 ullis

1859 4075 2268 4132 adulationibus
2324 4077 2429 4132 sibi
2476 4077 2775 4147 adjungere
2808 4080 3043 4146 poterat,
3076 4080 3169 4131 aut
3216 4075 3378 4131 minis
3405 4081 3500 4131 aut

1858 4164 2142 4220 blanditiis
2172 4165 2390 4221 illorum
2423 4165 2564 4220 ﬁlios
2594 4166 2662 4221 de
2683 4164 2928 4221 fontibus
2948 4165 3173 4220 trahens
3201 4165 3373 4220 sacris
3394 4165 3500 4220 sibi

1859 4254 2197 4310 adsociabat.
2265 4257 2399 4310 Dum
2477 4256 2596 4311 haec
2680 4254 3001 4324 agebantur,
3089 4254 3508 4308 Herlembaldus

1861 4344 2157 4400 Landulfus
2205 4348 2261 4399 et
2305 4344 2559 4400 Arialdus
2588 4344 2857 4399 theatrum
2905 4346 2960 4396 et
3003 4341 3286 4408 inopinate
3330 4342 3508 4409 prosi-

146 4427 304 4486 virum
359 4432 512 4489 bello
570 4433 802 4502 probum
860 4431 1258 4501 consicilioque
1313 4433 1772 4499 strenuissimum,
1795 4422 2079 4498 Dlientes,
2109 4433 2347 4501 turpiter
2372 4433 2440 4488 de
2471 4431 2853 4488 sacerdotibus
2891 4443 3074 4486 coram
3117 4429 3262 4484 omni
3295 4429 3505 4498 populo

148 4516 198 4571 in
243 4523 500 4578 omnibus
558 4521 935 4577 conﬁrmatum
1000 4525 1056 4575 et
1101 4520 1445 4575 cohortatum
1505 4526 1558 4575 et
1605 4536 1634 4574 a
1685 4521 1779 4577 Dei

149 4613 311 4674 parte,
340 4610 492 4667 beati
545 4610 692 4666 Petri
721 4609 785 4640 ⁸³⁰
834 4616 889 4666 et
917 4609 1085 4665 vestri
1132 4608 1422 4676 munitum,
1465 4609 1596 4663 mihi
1627 4609 1782 4664 attri-

146 4693 270 4752 buas
297 4697 668 4765 defensorem,
720 4704 776 4754 et
815 4698 1070 4754 vexillum
1109 4697 1354 4752 victoria:
1411 4697 1668 4767 accipiat,
1720 4704 1780 4753 ut

148 4787 382 4842 securius
433 4787 674 4842 militans
727 4801 829 4843 nos
876 4787 1051 4858 possit
1081 4786 1376 4842 defendere
1409 4792 1463 4842 et
1493 4791 1618 4841 tuos
1647 4786 1778 4842 olim

150 4873 370 4931 rebelles
398 4875 711 4933 humiliare.
749 4895 777 4928 »
810 4877 876 4932 Et
905 4877 1032 4932 dum
1064 4890 1164 4946 per
1201 4875 1464 4947 plurimas
1501 4875 1783 4931 orationes

1862 4521 2173 4576 concionati
2206 4529 2353 4576 sunt.
2395 4524 2584 4591 Itaque
2631 4521 2828 4576 animis
2875 4520 3254 4575 universorum
3295 4517 3506 4573 scisci—

1861 4608 2009 4671 tatis,
2041 4609 2359 4665 sacerdotes
2410 4623 2550 4679 quos
2603 4614 2863 4666 uxoratos
2913 4606 3159 4663 invenire
3223 4613 3498 4676 poterant,

1855 4699 2112 4767 juvenum
2163 4697 2288 4754 freti
2333 4698 2658 4768 juramentis
2695 4713 2758 4753 ac
2790 4697 3140 4752 multitudine
3183 4695 3329 4766 vulgi
3361 4709 3501 4752 con-

1864 4787 2048 4854 ducta,
2091 4800 2325 4857 quorum
2362 4801 2528 4843 voces
2558 4792 2613 4842 et
2643 4786 2782 4842 facta
2820 4787 2926 4842 vile
2957 4787 3193 4856 pretium
3227 4785 3501 4854 movebat,

1864 4876 2100 4945 turpiter
2129 4877 2350 4932 tractari
2380 4876 2791 4947 permittebant.

1494 4975 1720 5029 VARIZE
1773 4975 2158 5031 LECTIONES.

213 5059 532 5135 “visitasti
571 5065 722 5119 Anon
750 5063 821 5118 ib.
897 5063 961 5095 “7
999 5079 1219 5135 quoque
1248 5064 1330 5119 A‘.
1365 5077 1586 5133 quoque
1615 5064 1735 5119 A**.
1785 5063 1871 5120 BI.
1962 5064 2026 5095 ⁵⁸⁸

2071 5066 2199 5135 quia
2243 5067 2302 5120 Β.
2395 5063 2458 5095 ⁵³⁸
2511 5061 2732 5135 Titulum
2779 5062 3014 5135 addunt:
3045 5062 3252 5135 _Oratio
3298 5060 3506 5135 Arialdi

151 5129 212 5206 ad
252 5132 618 5206 Alexandrum
650 5148 846 5206 papam
894 5129 1651 5201 natione'Mediolanensem,
1712 5140 1772 5191 ut
1829 5129 2272 5192 Herlembaldum
2323 5134 2684 5191 vexilliferum
2729 5134 2978 5190 ecclesiae
3035 5132 3258 5206 faceret.
3311 5135 3389 5206 B._
3418 5131 3505 5188 Bt.

154 5200 317 5276 Verba
344 5205 549 5262 Arialdi
579 5200 1040 5276 ab'apostolicum
1071 5208 1247 5273 Alex.,
1290 5213 1350 5263 ut
1392 5200 1651 5262 vexillum
1703 5207 2084 5264 Herlembaldo
2122 5208 2253 5263 belli
2300 5207 2458 5263 daret
2506 5206 2826 5262 adhortans.
2877 5206 2968 5261 A‘.
3008 5205 3128 5261 A".
3179 5205 3269 5260 ubi
3305 5203 3509 5259 adhor-

153 5275 322 5331 tantis.
403 5277 468 5308 ”°
497 5279 553 5333 b.
584 5279 644 5334 P.
686 5275 870 5334 desunt
904 5281 958 5333 Β.
1037 5277 1096 5309 ⁸⁸¹
1130 5284 1186 5334 et
1214 5280 1274 5334 B.

1717 5350 1935 5408 NOT/E.

224 5431 376 5505 (112)
411 5437 526 5493 Hoc
577 5442 715 5493 teste
761 5437 976 5493 Andrea
1027 5451 1213 5492 verum
1253 5442 1374 5506 est;
1407 5436 1502 5494 sed
1536 5437 1780 5494 Landul-

153 5498 546 5632 ggsggfujam
578 5515 849 5566 mortuum
881 5507 1046 5565 fuisse
1076 5516 1132 5565 et
1160 5498 1404 5565 Andreas
1433 5515 1489 5564 et
1524 5507 1782 5566 Arnulfus

444 5592 489 5632 r.

444 5592 489 5634 Γ.

2138 5435 2293 5494 1061.
2326 5439 2443 5508 Spt.
2474 5435 2634 5508 30-3
2661 5435 2968 5508 1073.7Apr.
3010 5434 3099 5489 21.

1973 5437 2072 5493 113
2138 5437 2293 5494 1061-
2326 5439 2443 5508 81η·
2474 5437 2634 5491 30-
2661 5437 2814 5492 1073.
2837 5438 2968 5506 Apr.
3010 5437 3099 5489 21.

1862 5437 2096 5636 re
2124 5508 2262 5565 And.
2286 5507 2727 5566 Herlembaldum
2749 5507 2926 5564 solum
2948 5509 3172 5564 Romam
3194 5504 3505 5577 perrexisse
