4022 6160
478 252 585 322 9.19

1572 262 1904 318 LANDULFI
1941 255 2470 316 MEDIOLANENSIS
2505 253 2774 312 CLEBlCl

3750 238 3858 298 om

559 378 643 436 16.
681 379 828 452 (15.)
860 383 935 438 Ea
964 382 1029 415 ”'
1067 389 1389 457 tempestate
1435 386 1610 443 Guido
1650 385 2120 456 archiepiSCOpus,
2142 378 2573 446 AVercellensis
2601 377 2916 450 episcopus,
2964 375 3049 430 vir
3095 373 3371 430 discretus
3419 376 3475 426 et
3529 367 3590 426 in
3637 364 3858 423 cunctis

485 481 648 536 quem
697 483 862 539 supra
906 475 1348 543 commemoravi,
1398 475 1822 532 Mediolanensis
1879 472 2129 530 ecclesia

488 570 702 614 summo
742 574 863 615 cum
913 561 1186 618 dedecore
1231 565 1543 620 cathedram
1593 565 1838 636 regebat.
1870 563 1970 631 Qui
2001 562 2128 617 dum

493 643 764 716 imprimis
823 649 1216 706 clandestinam
1302 658 1678 722 tempestatem
1756 651 2128 718 sacerdotum,

494 733 732 792 culmine
779 737 864 792 sui
902 737 1130 794 honoris
1174 739 1366 809 fretus,
1419 742 1822 812 parvipendens
1875 741 2131 810 adjuvare

493 837 590 898 eos
619 825 848 894 distulit,
882 829 1230 897 postmodum
1281 832 1531 900 proximo
1571 832 1626 886 in
1667 838 1911 900 tempore
1940 842 2134 885 consa-

494 912 776 969 cerdotum
843 917 1061 972 omissis
1107 917 1474 985 adminiculis,
1527 935 1628 975 nec
1685 919 1797 974 illis
1841 917 2132 974 subvenire

493 1002 692 1069 potuit,
734 1016 836 1059 nec
865 1019 924 1060 se
972 1005 1228 1074 adjuvare
1265 1009 1523 1078 sataguit.
1555 1011 1687 1064 Nam
1717 1005 2134 1064 Herlembaldus

490 1089 788 1147 Landulfus
863 1099 918 1148 et
981 1095 1256 1163 Arialdus,
1345 1111 1466 1152 cum
1549 1097 1896 1153 sacerdotum
1951 1095 2134 1151 omnia

485 1175 719 1234 fuissent
781 1188 947 1250 prout
1003 1183 1209 1240 vellent
1261 1187 1502 1257 negotia,
1570 1188 1862 1242 verborum
1917 1184 2134 1256 sagittis

485 1268 710 1325 omnino
757 1272 1018 1340 extensis,
1071 1288 1171 1343 per
1219 1276 1579 1331 Simoniacam
1635 1276 1936 1331 Guidonem
1976 1271 2131 1343 quasi

485 1357 732 1428 episcOpi
774 1360 828 1414 in
885 1362 1100 1432 synodo
1155 1363 1504 1420 damnabant.
1564 1366 1911 1434 Quapmpter
1955 1363 2130 1418 Guido

487 1450 804 1504 convocatis
832 1449 1210 1523 suﬁ‘raganeis,
1245 1468 1386 1523 quos
1424 1454 1628 1510 habere
1660 1455 1858 1524 potuit,
1893 1458 1953 1508 ut
1980 1465 2134 1508 scan-

489 1534 672 1622 dalum
731 1539 940 1622 populi
1015 1541 1386 1597 Herlembaldi
1470 1543 1715 1598 Landulﬁ
1793 1547 1848 1598 et
1925 1540 2133 1597 Arialdi

492 1621 747 1678 adorsum
799 1625 904 1680 sibi
973 1627 1260 1696 devitaret,
1300 1629 1586 1685 Novariam
1643 1644 1710 1684 ex
1775 1628 2134 1685 concessione

2209 469 2647 539 sapientissimus
2701 465 2922 534 divinis,
2978 463 3185 535 virgam
3239 460 3296 516 in
3347 458 3603 516 manibus
3661 461 3861 511 tenens

2211 557 2560 629 pastoralem,
2618 570 2739 612 sese
2778 560 2833 611 et
2869 566 3132 610 coronam
3189 550 3579 622 episcoporum
3639 545 3861 601 elevans

2209 660 2274 702 ac
2303 647 2364 702 in
2393 644 2533 702 facie
2569 644 2834 702 Guidonis
2862 643 3106 710 intuens,
3155 639 3397 697 lacrimis
3426 638 3496 694 ab
3526 637 3652 707 ejus
3681 632 3860 694 oculis

2211 734 2407 790 crebre
2435 733 2785 789 manantibus
2814 730 2953 787 dixit
2993 750 3007 785 ε

2290 821 2372 877 l7.
2411 821 2555 894 (16.)
2595 840 2624 874 «
2656 823 2817 877 Pater
2835 818 2899 851 ⁵⁸⁸
2927 815 3158 874 amande
3197 821 3252 872 et
3280 827 3315 871 ο
3343 812 3519 870 Guido
3551 805 3858 866 reverende

2213 919 2268 968 et
2289 921 2330 967 'o
2361 918 2547 968 rector
2591 907 2966 966 Ambrosiana
3012 903 3262 962 ecclesia
3299 916 3465 974 super
3502 897 3862 971 quamplures

2211 1000 2523 1057 venerande
2561 1007 2616 1056 et
2661 1013 2694 1055 ο
2743 999 2946 1054 chorus
2991 992 3417 1052 Mediolanensis
3469 1003 3642 1060 super
3669 999 3862 1043 omnes

2213 1091 2416 1146 choros
2472 1089 2672 1161 lingua
2720 1087 2929 1143 Latina
2967 1083 3222 1140 omnibus
3269 1082 3574 1138 instructus
3612 1075 3856 1133 divinis!

2212 1181 2459 1251 quamvis
2515 1179 2780 1235 malorum
2848 1176 3176 1233 clericorum
3234 1186 3300 1229 ac
3363 1171 3564 1228 civium
3641 1173 3860 1223 tuorum

2212 1270 2346 1325 falsa
2387 1269 2604 1339 justitia
2651 1266 2816 1322 modo
2874 1265 3194 1321 submersus
3241 1262 3340 1328 sis,
3397 1261 3494 1330 qui
3543 1256 3722 1312 tantis
3758 1258 3862 1326 jam

2212 1359 2370 1414 annis
2399 1359 2544 1413 inter
2583 1369 2775 1413 omnes
2822 1352 3079 1420 floruisti,
3130 1347 3501 1408 recordamini
3529 1344 3686 1416 quod
3723 1343 3863 1398 Veri.

2214 1454 2298 1502 tas
2353 1461 2452 1516 per
2489 1444 2825 1516 evangelium
2875 1441 3104 1498 cottidie
3159 1439 3403 1495 clamat:
3448 1453 3476 1487 «
3516 1433 3673 1490 Beati
3714 1431 3864 1488 eritis

2213 1550 2336 1591 cum
2367 1550 2463 1592 vos
2492 1534 2713 1590 oderint
2751 1533 3041 1600 homines;
3074 1535 3130 1586 et
3170 1541 3294 1585 cum
3341 1524 3731 1596 separaverint
3772 1535 3862 1576 vos

2213 1633 2267 1680 et
2311 1623 2736 1694 exprobaverint
2782 1628 2839 1678 et
2889 1619 3156 1691 ejecerint
3194 1629 3394 1673 nomen
3431 1619 3677 1669 vestrum
3742 1617 3866 1666 tam-

493 1709 786 1768 Alexandri
825 1716 1138 1784 apostolici,
1179 1731 1339 1786 quem
1383 1719 1501 1786 ipse
1529 1717 1705 1774 Guido
1736 1718 1793 1773 in
1821 1713 2380 1784 sacerdotiquuam
2438 1713 2639 1768 malum
2689 1717 2918 1782 propter
2965 1707 3162 1764 Filium
3209 1703 3468 1771 hominis,
3525 1699 3770 1773 gaudete
3815 1703 3863 1754 et

494 1809 930 1869 consecraverat,
973 1804 1242 1874 synodum
1276 1805 1572 1862 celebravit
1599 1806 1917 1863 immensam
1952 1804 2132 1875 (115).
2219 1801 2480 1874 exultate,
2513 1815 2643 1858 ecce
2673 1799 2818 1857 enim
2847 1811 3060 1855 merces
3103 1800 3284 1851 vestra
3325 1790 3552 1863 c0piosa
3591 1788 3657 1819 '"
3700 1787 3860 1844 estin

495 1887 596 1942 Ubi
647 1903 770 1943 cum
815 1895 932 1946 toto
981 1891 1132 1948 clero
1189 1907 1290 1949 suo
1333 1895 1402 1950 de
1449 1895 1616 1950 tantis
1658 1894 1815 1950 malis
1861 1896 2136 1963 tantisque
2218 1891 2373 1948 calis
2407 1889 2560 1962 (Luc.
2611 1905 2688 1958 v1,
2735 1887 2858 1959 22).
2902 1906 2930 1940 »
2981 1888 3048 1943 Et
3091 1885 3338 1941 iterum:
3382 1899 3411 1933 ς(
3451 1879 3630 1937 Vestri
3682 1876 3861 1948 capilli

494 1975 744 2045 desidiis,
786 1992 910 2048 qua
938 1995 1107 2050 super
1133 1995 1194 2038 se
1231 1988 1286 2038 et
1333 1997 1500 2053 super
1538 1984 1743 2040 clerum
1772 1997 1930 2039 suum
1958 1982 2139 2052 inopi-

496 2070 622 2120 nate
680 2070 737 2121 et
782 2067 1330 2138 incompensabiliter
1375 2077 1827 2141 supervenerant,
1859 2070 2140 2127 humiliter

495 2159 833 2223 conquestus
880 2164 985 2224 est,
1037 2164 1093 2213 et
1139 2159 1376 2229 qualiter
1423 2160 1531 2216 hiis
1569 2160 1727 2216 malis
1771 2160 1933 2216 ﬁnem
1965 2160 2142 2230 impo-

495 2247 712 2308 nerent,
771 2250 1028 2312 precatus
1073 2246 1139 2279 ⁸⁸³
1203 2254 1305 2303 est.
1367 2249 1581 2305 Interea
1647 2262 1838 2305 omnes
1892 2246 2141 2318 episcopi

496 2329 762 2399 rogabant
808 2333 1128 2390 sacerdotes
1199 2336 1657 2405 Mediolanenses,
1715 2342 1776 2392 ut
1826 2351 1950 2392 cum
2007 2335 2144 2405 ipsis

496 2431 708 2475 summo
739 2434 862 2475 cum
901 2421 1114 2478 honore
1144 2425 1327 2494 quoad
1369 2428 1586 2495 juvaret
1619 2425 1705 2493 ⁸⁵⁸,
1736 2425 1941 2495 spretis
1969 2424 2145 2481 omni-

499 2507 602 2562 bus
641 2508 852 2564 civibus
891 2511 1316 2569 Mediolanensis
1364 2514 1619 2582 civitatis,
1669 2515 1954 2586 magniﬁce
2004 2515 2146 2569 vive-

501 2601 643 2650 rent.
675 2597 776 2662 Qui
808 2607 1128 2667 renuerunt,
1162 2601 1426 2657 malentes
1455 2602 1640 2658 domui
1670 2617 1785 2659 sua
1814 2602 2144 2673 supplicium

503 2697 664 2754 quam
722 2682 860 2740 foris
914 2688 1194 2756 gaudium.
1249 2690 1458 2757 Quibus
1504 2689 1617 2746 fere
1674 2705 1774 2761 per
1829 2690 2144 2760 quindecim

2219 1981 2416 2051 capitis
2460 1993 2651 2036 omnes
2689 1977 2960 2034 numerati
3007 1978 3157 2030 sunt.
3205 1971 3387 2029 Nolite
3431 1970 3649 2034 timere,
3682 1965 3863 2022 multis

2221 2069 2536 2141 passeribus
2565 2067 2824 2124 meliores
2871 2065 3006 2122 estis
3051 2077 3148 2120 vos
3182 2060 3396 2129 (Matth.
3428 2075 3485 2126 ι,
3510 2056 3623 2123 30).
3656 2072 3690 2112 ι
3718 2057 3861 2111 Sicut

2221 2157 2278 2214 in
2309 2157 2590 2228 prosperis
2619 2155 2802 2213 ordini
2842 2160 3033 2210 nostro
3081 2165 3193 2208 non
3223 2151 3385 2206 datur
3421 2144 3672 2220 gloriari,
3702 2145 3784 2200 sic
3808 2143 3860 2199 in

2223 2246 2466 2303 adversis
2494 2259 2606 2302 non
2643 2243 2868 2314 expedit
2913 2240 3258 2301 conturbari.
3306 2236 3461 2294 Unde
3507 2235 3733 2304 sapiens
3760 2246 3866 2288 ma-

2224 2335 2395 2405 gister
2432 2335 2624 2390 dicens
2679 2334 2802 2388 ait:
2839 2351 2868 2384 «
2898 2331 3009 2386 Nec
3059 2340 3323 2400 prospera
3370 2331 3424 2381 te
3474 2324 3716 2390 elevent,
3768 2336 3863 2376 nec

2224 2424 2452 2480 adversa
2499 2422 2852 2480 conturbent.
2904 2438 2933 2472 »
2981 2421 3025 2475 0
3062 2417 3259 2474 fratres
3303 2420 3358 2471 et
3387 2428 3419 2471 ο
3469 2422 3656 2486 patres
3687 2411 3865 2466 tiaris»

2225 2514 2370 2581 simi,
2409 2513 2571 2569 decet
2600 2527 2701 2567 nos
2719 2510 2962 2567 omnium
2983 2507 3225 2564 ﬁdelium
3253 2505 3483 2570 animas,
3517 2502 3867 2574 quibuscum-

2227 2619 2334 2675 que
2380 2603 2695 2658 scismatum
2753 2600 2933 2657 causis
2981 2598 3212 2654 deviata
3250 2597 3383 2662 sint,
3441 2594 3617 2649 multo
3673 2590 3868 2647 sudore

2228 2693 2509 2762 multoque
2539 2691 2728 2746 labore
2779 2689 2847 2744 ad
2889 2693 3094 2744 sancta
3150 2685 3412 2742 Ecclesia
3441 2695 3706 2738 revocare
3735 2693 3871 2750 gre—

501 2771 622 2828 dies
677 2777 1163 2846 commorantibus,
1222 2785 1281 2834 ut
1345 2786 1503 2834 erant
1559 2785 1748 2836 mutuo
1814 2779 2143 2842 consciliati,
2229 2783 2419 2846 mium,
2449 2786 2505 2837 et
2551 2786 2843 2843 revocata,
2883 2791 3003 2833 cum
3053 2775 3190 2846 ipsis
3237 2775 3294 2830 in
3327 2775 3437 2829 Deo
3475 2771 3746 2843 gaudere.
3785 2771 3871 2824 Sin

503 2861 806 2918 honoriﬁce
837 2864 904 2918 ad
934 2865 1213 2922 Arialdum
1272 2867 1714 2924 Herlembaldum
1743 2874 1800 2924 et
1827 2867 2148 2924 Laudulfum
2230 2876 2411 2925 autem
2448 2869 2596 2938 ipsas
2633 2867 2747 2924 ullo
2795 2866 2959 2922 modo
3000 2877 3258 2920 revocare
3306 2875 3416 2918 non
3475 2872 3794 2930 possumus,
3825 2861 3873 2910 et

504 2950 716 3021 legatos
781 2952 1068 3022 miserunt,
1125 2962 1398 3024 quatenus
1455 2957 1561 3026 ipsi
1625 2957 1671 3011 si
1744 2956 1968 3024 vellent,
2027 2971 2148 3012 cum
2233 2963 2488 3030 quarunt
2517 2971 2620 3014 nos
2666 2956 2855 3012 subtili
2884 2954 3176 3011 occasione
3214 2951 3569 3021 submergere
3599 2963 3666 3004 ac
3698 2945 3874 3003 omni—

508 3040 855 3138 paucis_sine
874 3041 1102 3138 impetu,
1128 3044 1246 3098 sine
1277 3043 1486 3111 furore,
1509 3045 1628 3099 sine
1649 3044 1780 3101 belli
1808 3045 2147 3113 incursione,
2170 3033 2214 3092 Ο
2235 3049 2398 3105 modo
2428 3046 2697 3103 suffocare
2737 3045 2939 3115 injuste
2987 3047 3278 3107 conantur,
3327 3041 3594 3095 habemus
3624 3035 3876 3092 Veritatis

511 3128 1342 3227 sinehaltercationibus“malis
1397 3133 1610 3204 synodo
1668 3136 2048 3202 convenirent,
2098 3142 2154 3191 et
2235 3137 2575 3209 evangelium
2630 3134 2860 3191 cottidie
2918 3146 3019 3188 nos
3063 3130 3431 3194 admonentis,
3477 3127 3676 3184 dicens
3710 3147 3725 3180 :
3760 3147 3789 3175 εί
3826 3124 3875 3179 Si

407 3229 414 3234 '
508 3215 775 3315 justitiam
814 3231 975 3286 quam
1023 3218 1232 3315 praliis
1262 3221 1530 3291 saevisque
1562 3223 2011 3280 contentionibus
2037 3225 2157 3278 vin-
2233 3241 2331 3283 vos
2374 3225 2648 3296 persecuti
2696 3222 2902 3279 fuerint
2947 3222 3003 3276 in
3043 3233 3206 3276 unam
3255 3219 3552 3283 civitatem,
3605 3214 3780 3286 fugite
3826 3214 3875 3268 in

515 3304 702 3360 dicare
750 3314 1074 3374 cernuntur,
1116 3308 1400 3366 humiliter
1446 3325 1510 3366 ac
1557 3310 1754 3367 devote
1787 3312 2150 3379 declararent,
2235 3315 2394 3371 aliam
2431 3313 2622 3384 (Ibid.,
2672 3310 2791 3380 23).
2826 3328 2855 3363 »
2905 3311 2966 3365 In
3003 3308 3255 3375 veritate,
3295 3319 3328 3362 ο
3359 3311 3545 3376 patres
3586 3301 3872 3367 karissimi,

516 3399 572 3449 et
635 3408 759 3464 qua
835 3393 1263 3466 dampnandum,
1343 3413 1467 3454 cum
1543 3401 1757 3469 justitia
1832 3401 2157 3471 prascribe-
2236 3403 2605 3473 comperimus
2635 3400 2927 3455 Veritatem
2957 3397 3130 3469 ipsam
3160 3395 3216 3451 in
3239 3392 3523 3466 evangelio
3555 3393 3871 3448 dicentem:

517 3489 640 3538 rent
668 3482 752 3538 ⁵⁵⁸.
785 3485 902 3540 Hoc
931 3485 1141 3554 audito,
1192 3487 1608 3544 Herlembaldus
1653 3490 1908 3546 Arialdus
1939 3496 1994 3546 et
2023 3493 2158 3546 Lan-
2240 3511 2268 3545 «
2299 3494 2419 3548 Non
2451 3497 2535 3546 est
2565 3489 2832 3560 propheta
2861 3490 2980 3543 sine
3010 3487 3244 3550 honore,
3270 3483 3375 3539 nisi
3405 3483 3463 3538 in
3493 3483 3674 3552 patria
3713 3487 3873 3536 suaet

515 3571 699 3628 dulfus
727 3573 1098 3643 subridentes,
1145 3577 1370 3634 omnino
1417 3578 1528 3633 illis
1574 3578 1843 3636 interesse
1881 3581 2160 3652 episcopis
2238 3584 2295 3639 in
2345 3579 2673 3652 cognatione
2717 3590 2816 3633 sua
2868 3575 3086 3648 (Matth.
3139 3589 3255 3641 xm,
3309 3571 3433 3643 57).
3476 3590 3504 3623 )›
3545 3571 3704 3627 Multi
3741 3570 3873 3626 enim

517 3664 918 3736 respondentes
974 3674 1296 3723 renueruut.
1332 3671 1399 3724 At
1446 3669 1773 3740 suﬁ‘raganei
1829 3684 2022 3726 omnes
2065 3684 2159 3726 co-

516 3760 848 3822 gnoscentes
877 3754 1248 3812 Herlembaldi
1295 3757 1501 3812 Arialdi
1549 3765 1605 3813 et
1642 3758 1888 3814 Landulfi
1916 3759 2161 3816 volunta-

519 3848 650 3910 tem,
708 3842 765 3896 in
818 3843 1011 3899 ultimo
1071 3845 1160 3900 die
1217 3846 1496 3902 celebrato
1555 3848 1844 3916 conscilio,
1911 3849 2161 3905 videntes

2240 3672 2439 3728 civium
2486 3673 2791 3724 vestrorum
2839 3664 2972 3720 vitio
3020 3663 3400 3734 ypocritarum
3451 3659 3874 3721 detestabilium,

2242 3758 2310 3813 de
2349 3757 2550 3827 quibus
2587 3756 2723 3811 dicit
2759 3754 3020 3810 Dominus
3067 3771 3096 3803 (ι
3137 3754 3211 3807 Ve
3248 3750 3424 3817 vobis,
3465 3750 3763 3820 ypocrita,
3792 3747 3876 3816 qui

2241 3846 2508 3903 seducitis
2561 3845 2769 3900 animas
2815 3841 3213 3908 innocentium,
3255 3858 3284 3892 »
3340 3837 3557 3894 seducti
3608 3843 3877 3906 quarunt,

520 3931 764 4001 ingentia
839 3931 980 3985 mala
1057 3947 1224 4003 super
1307 3936 1791 4005 metropolitanum
1858 3937 2160 3993 Guidonem
2241 3937 2386 3993 sicut
2431 3935 2705 3990 Christum
2753 3931 3029 4002 quondam
3073 3929 3272 3996 Judai,
3328 3941 3426 3983 vos
3485 3927 3748 3983 mordere
3793 3938 3880 3980 ca-

523 4019 751 4090 ejusque
807 4021 1127 4076 sacerdotes
1173 4023 1242 4078 de
1292 4024 1381 4079 die
1433 4025 1489 4080 in
1557 4025 1700 4081 diem
1759 4027 2160 4096 ingravescere,
2245 4039 2483 4094 numque
2522 4037 2674 4078 more
2704 4021 2988 4087 lacerare;
3021 4018 3119 4074 sed
3155 4031 3280 4074 cum
3317 4017 3583 4072 Dominus
3611 4015 3669 4068 in
3700 4012 3880 4084 proxi-

524 4109 885 4177 dampnantes
929 4109 1080 4178 ipsos
1115 4124 1413 4181 eorumque
1443 4112 1686 4170 fautores
1704 4114 1922 4186 ﬂagello
1952 4115 2159 4183 divino,
2244 4128 2364 4170 mos
2391 4128 2488 4168 vos
2525 4113 2649 4183 igne
2689 4110 2773 4165 sui
2802 4109 3037 4180 Spiritus
3057 4107 3234 4163 sancti
3262 4104 3586 4170 vindicabit,
3619 4109 3677 4158 et
3708 4115 3887 4158 emor-

525 4211 813 4269 quousque
869 4197 937 4253 ad
999 4200 1435 4258 emendationem
1489 4203 1707 4275 dignam
1764 4205 2046 4262 humiliter
2099 4222 2163 4263 ac
2245 4209 2371 4259 tuos
2417 4201 2572 4272 quasi
2621 4212 2785 4254 canes
2825 4200 3073 4268 jacentes
3111 4211 3211 4266 per
3258 4194 3466 4266 plateas
3511 4192 3799 4257 videbitis,
3836 4196 3886 4244 et

525 4285 720 4342 devote
751 4286 1022 4355 venirent,
1055 4301 1277 4358 operam
1308 4291 1582 4348 dederunt
1629 4292 1877 4349 dicentes
1919 4314 1932 4349 :
1976 4315 2004 4345 «
2045 4295 2215 4362 Fal-_
2246 4290 2572 4362 superstites
2600 4287 2822 4343 illorum
2869 4285 3025 4351 mala,
3059 4299 3182 4355 qua
3222 4283 3276 4338 in
3316 4282 3474 4338 vobis
3511 4281 3722 4351 injuste
3761 4277 3892 4334 tule-

524 4388 618 4431 ces
646 4388 918 4432 canonum
947 4383 1002 4432 et
1029 4391 1190 4434 enses
1219 4379 1368 4435 sedis
1396 4381 1716 4450 apostolica
1747 4383 1967 4439 intorta
1997 4358 2228 4453 superD
2249 4358 2379 4449 rint,
2448 4377 2901 4442 recordabantur,
2982 4380 3264 4446 gementes
3337 4371 3504 4428 dicite
3556 4369 3697 4434 illis,
3757 4370 3890 4425 sicut

523 4464 776 4521 subditos
806 4465 1042 4521 rebelles
1071 4473 1125 4522 et
1156 4481 1266 4523 non
1297 4469 1623 4525 obedientes
1654 4471 1916 4540 pralatis,
1949 4487 1980 4526 a
2011 4479 2167 4542 parte
2249 4469 2498 4525 Christus
2522 4466 2799 4537 quondam
2831 4463 3049 4518 ﬁliabus
3074 4459 3374 4518 Jerusalem
3408 4479 3421 4514 :
3457 4475 3487 4513 α
3532 4458 3692 4514 Filia
3743 4459 3888 4520 Sion,

528 4555 626 4609 Dei
657 4559 712 4610 et
749 4555 896 4611 beati
926 4557 1072 4611 Petri
1117 4557 1354 4626 apostoli
1403 4565 1457 4612 et
1503 4559 1665 4614 etiam
1697 4561 1841 4616 beati
1870 4561 2164 4628 Ambrosii,
2250 4558 2422 4614 nolite
2468 4557 2598 4611 ﬂere
2641 4568 2808 4625 super
2845 4567 2953 4621 me,
2992 4550 3090 4607 sed
3138 4563 3304 4620 super
3339 4561 3438 4604 vos
3474 4547 3604 4603 ﬂete
3633 4553 3694 4601 et
3733 4558 3892 4615 super

529 4645 707 4700 donec
735 4645 805 4700 ad
835 4645 1272 4701 emendationem
1302 4647 1554 4703 venerint
1582 4647 1822 4719 dignam,
1853 4649 1965 4704 sint
2000 4664 2169 4720 super
2250 4647 2394 4702 ﬁlios
2429 4652 2642 4700 vestros
2685 4642 2838 4715 (Luc.
2887 4656 3043 4709 xxm,
3072 4639 3194 4710 28).
3229 4659 3254 4688 η
3311 4639 3442 4694 Cum
3480 4642 3668 4692 autem
3700 4635 3889 4690 multo-

523 4747 622 4792 eos
648 4747 948 4804 eorumque
978 4733 1242 4791 fautores.
1287 4753 1316 4787 »
1356 4737 1472 4803 Quo
1513 4736 1570 4792 in
1599 4742 1847 4807 tempore
1876 4738 1987 4793 Leo
2021 4737 2162 4809 (116)
2250 4749 2371 4792 rum
2407 4746 2596 4804 regum
2640 4736 2696 4788 et
2741 4731 2941 4787 ducum
2981 4741 3154 4800 usque
3181 4727 3251 4783 ad
3280 4726 3336 4782 id
3367 4733 3588 4796 tempus
3616 4737 3690 4780 ex
3717 4723 3886 4779 animo

1872 4836 2095 4890 VARUE
2132 4832 2516 4891 LECTIONES.

595 4918 940 5003 "fo‘ﬂlztl‘usi
971 4921 1171 5003 Incipit
1200 4920 1450 5003 conscilii
1487 4926 1644 5003 actus
1681 4935 1822 5003 quos
1867 4924 2032 5003 Wido
2079 4923 2224 4994 apud
2268 4920 2558 5003 Novariam
2607 4917 2793 4973 multis
2849 4929 2973 5003 cum
3019 4909 3754 5003 suﬁ'raga‘geisnoeleb‘ravit:

525 4991 771 5073 Qualiter
805 4977 2138 5073 Guido_aréh_iepiscopus,_Navariaconcilium
2158 4977 2630 5073 "provincialem.
2691 5002 2846 5073 ens.
2903 5001 2966 5073 ελ
3014 4984 3155 5073 τεᾷ..
3198 4977 3324 5073 ⁷⁸⁸³⁸
3357 4988 3750 5073 pertt‘a'ctatum
3796 4977 3872 5056 Bi-

525 5052 593 5095 ίίδ
619 5063 696 5146 ita
715 5062 942 5146 conjth
998 5065 1054 5146 ιζ.
1096 5062 1175 5146 Gl:
1208 5052 1538 5146 Grotel‘rerid.
1566 5065 1956 5146 coadjuvarent
1983 5067 2138 5146 c_¢_)_dd.
2185 5052 2721 5146 f‘“_perscriberent
2749 5059 2809 5115 B.
2901 5056 2968 5090 ⁸⁵⁸
3016 5054 3252 5113 Titulus:
3290 5052 3484 5112 Sermo
3531 5052 3733 5110 Leonis
3770 5052 3871 5119 epi-

527 5135 685 5206 scopi
715 5133 1078 5191 Vercellensis
1103 5134 1174 5190 ad
1211 5133 1482 5205 synodum
1511 5133 1921 5207 provincialem.
1997 5136 2060 5170 ⁸⁶⁷
2091 5137 2259 5194 multa
2289 5133 2351 5192 B.

604 5318 761 5392 (115)
791 5319 1170 5403 ,Βθβοηοϋίο
1216 5334 1327 5445 quo
1372 5319 1626 5406 Arialdus
1657 5320 2038 5404 etiandulfus
2065 5235 2382 5394 aly-mira
2437 5333 2469 5376 a
2505 5321 2699 5376 nostro
2743 5328 2905 5388 quam
2959 5313 3190 5372 maxime
3223 5309 3546 5369 conturbari
3589 5310 3700 5381 jam
3737 5301 3859 5360 vidi-

604 5397 916 5445 mmunicati
943 5398 1092 5445 sunt.
1132 5406 1184 5445 a.
1259 5391 1366 5445 057
1403 5391 1486 5445 vel
1534 5391 1686 5445 1008.
1719 5406 1776 5445 in
1823 5407 1954 5445 agro
1983 5395 2165 5445 Nova-
2247 5408 2386 5445 mus.

529 5391 916 5465 communicati
943 5398 1092 5460 sunt,
1132 5406 1184 5448 a.
1231 5391 1375 5465 1057”
1403 5391 1686 5465 ve‘lA1058.
1719 5393 1776 5448 in
1823 5407 1954 5465 agro
1983 5395 2165 5450 Nova-
2247 5391 2386 5465 inus.

528 5462 698 5546 riensi
761 5463 950 5519 habito
1000 5449 1242 5546 νέῳ-ιι
1309 5464 1404 5546 ill,
1442 5461 1550 5546 .13...
1593 5464 1835 5546 Alterum
1856 5449 2166 5546 "ejusmodi
2248 5538 2290 5546 __
2324 5461 2482 5546 (119)
2516 5463 2635 5546 Leo_
2645 5457 2970 5546 jamdudum
2999 5460 3248 5514 mortuus
3274 5458 3414 5512 erat.
3441 5449 3860 5524 Gregorinstnnc

530 5531 776 5590 habitum
814 5547 956 5602 esse,
1012 5533 1236 5592 minime
1291 5533 1587 5592 verisimile
1640 5533 1876 5604 videtur,
1924 5531 1990 5594 ’et
2030 5543 2169 5596 tem-
2248 5531 2512 5594 Vercellis
2539 5531 2706 5590 sedit.
2979 5579 2986 5583 .
3357 5575 3362 5582 .
