4022 6160
281 203 382 261 921

1247 231 1255 238 ·
1313 211 1624 268 HISTORIA
1661 209 2210 266 MEDIOLANENSIS.
2249 239 2323 251 —
2357 210 2482 266 LIB.
2522 209 2616 265 III.

3541 194 3650 254 922

284 338 338 389 et
365 347 434 390 ex
461 332 624 392 libris
649 335 1004 408 antiquorum
1034 336 1370 394 voluminum
1403 335 1674 408 recolligi,
1701 349 1768 392 ex
1797 335 1921 406 qui-
1940 339 1994 404 Α
2012 333 2124 390 illis
2154 334 2382 407 laqueus
2408 349 2570 406 quem
2607 333 2883 406 ignorant.
2913 334 2972 389 et
2998 329 3182 402 captio
3209 343 3372 400 quam
3401 325 3650 384 occulta-

282 420 386 477 bus
423 422 627 494 injuste
671 424 1135 484 Mediolanensem
1177 425 1469 482 ecclesiam
1517 425 1658 482 lacte
1686 425 1927 481 Ambro-
2002 431 2202 480 verunt
2258 424 2639 494 apprehendet
2693 437 2811 490 eos,
2869 427 2924 478 et
2978 421 3036 477 in
3092 419 3348 488 laqueum
3402 416 3652 474 incident

280 510 494 569 sianico
540 511 692 571 fonte
721 528 1067 572 commovere
1105 519 1161 572 et
1197 515 1530 572 conturbare
1560 513 1923 585 quaesierunt,

283 604 338 656 et
387 600 624 670 qualiter
660 609 853 672 postea
897 605 988 659 Dei
1027 603 1220 660 dextra
1267 603 1511 660 infamati
1545 609 1602 658 et
1637 603 1707 658 ad
1747 602 1925 658 nichi-

281 687 393 744 lum
432 689 641 746 redacti
670 691 783 747 sint
815 711 827 746 :
861 705 1026 762 spero
1065 691 1161 747 Dei
1205 691 1586 748 misericordia
1623 691 1798 761 adjuti
1827 703 1925 747 vos

282 777 546 834 citissime
574 779 819 836 liberari.
843 781 909 836 Et
936 780 984 835 si
1013 782 1158 836 Deus
1186 781 1391 836 nostris
1420 779 1664 850 peccatis
1693 779 1925 835 nostris-

282 881 390 938 que
437 867 596 924 malis
641 869 875 937 meritis,
909 869 1019 925 illis
1057 870 1111 925 in
1143 870 1306 926 nobis
1344 883 1536 926 omnes
1573 869 1926 926 detestandas

283 956 625 1014 intentiones
659 957 891 1028 implere
929 971 994 1014 ac
1041 957 1307 1029 perﬁcere
1357 958 1688 1028 permiserit,
1720 957 1826 1014 hoc
1855 957 1924 1012 ad

282 1043 502 1101 illorum
552 1046 852 1116 perniciem
902 1050 1011 1102 tam
1063 1059 1360 1118 corporum
1409 1061 1571 1118 quam
1624 1047 1922 1103 animarum

281 1134 477 1204 procul
507 1135 678 1192 dubio
708 1150 738 1191 a
767 1137 879 1194 Deo
909 1150 1031 1193 esse
1060 1149 1386 1193 concessum
1419 1135 1653 1194 credite.
1692 1137 1748 1191 Si
1780 1135 1924 1190 enim

281 1221 353 1278 de
391 1222 498 1278 ﬁde
546 1224 822 1281 catholica
870 1230 962 1280 aut
1010 1223 1079 1281 de
1125 1223 1436 1281 Simoniaca
1475 1224 1672 1280 haeresi
1715 1227 1811 1280 aut
1857 1223 1926 1279 de

280 1309 674 1369 ecclesiasticis
711 1314 950 1385 negotiis
996 1315 1182 1384 quiete
1223 1319 1459 1370 tractare
1497 1327 1561 1370 ac
1592 1313 1926 1384 inquirendo

280 1399 566 1470 disputare
604 1401 826 1469 vellent,
870 1403 998 1460 huic
1043 1409 1235 1460 sancto
1284 1402 1524 1460 concilio
1572 1403 1924 1472 interessent,

281 1493 338 1544 et
376 1502 480 1545 nos
525 1496 621 1546 aut
667 1491 977 1548 rationibus
1010 1492 1230 1549 illorum
1261 1492 1497 1564 negotiis
1526 1493 1791 1548 canonice
1823 1493 1930 1548 de-

280 1577 591 1634 terminatis
637 1580 822 1650 quiete
879 1580 1339 1646 consentiremus,
1390 1588 1485 1636 aut
1539 1581 1747 1651 apertis
1791 1594 1925 1636 sen-

2005 512 2180 584 ipsum
2218 513 2384 578 (Psal.
2426 529 2610 580 xxxrv,
2647 511 2723 583 8).
2758 530 2786 566 »
2825 511 3035 578 Quibus
3061 506 3227 565 dictis
3255 505 3402 562 idem
3449 519 3509 560 se
3550 518 3644 559 re-

2004 607 2226 659 vertens
2280 602 2348 658 ad
2405 602 2748 669 sacerdotes,
2803 600 2959 671 quasi
3015 597 3248 669 primum
3304 594 3425 650 hac
3479 593 3646 648 verba

2007 690 2342 757 inchoasset,
2393 690 2532 747 dixit
2575 710 2588 745 :
2625 691 2894 754 «Patres,
2927 694 2982 743 et
3028 700 3060 742 o
3107 684 3305 740 fratres
3352 679 3646 746 karissimi,

2007 779 2253 848 quamvis
2300 793 2401 848 per
2428 778 2594 834 multa
2627 778 2767 834 mala
2797 783 2852 833 et
2889 774 3074 832 multis
3121 770 3464 842 temporibus
3493 781 3649 824 com-

2009 868 2140 923 moti
2172 874 2228 923 et
2255 868 2569 923 conturbati
2601 867 2742 934 sitis,
2770 866 2931 922 decet
2961 869 3139 920 tamen
3159 875 3278 923 vos.
3303 864 3467 930 prout
3485 863 3649 928 expe-

2009 956 2110 1022 dit,
2160 955 2308 1027 quod
2358 957 2569 1012 Veritas
2615 956 2811 1012 clamat
2858 951 3174 1011 reminisci:
3213 971 3240 1000 α
3273 952 3332 1006 ln
3385 946 3648 1020 patientia

2007 1050 2185 1100 vestra
2224 1045 2582 1116 possidebitis
2631 1045 2841 1100 animas
2885 1050 3094 1100 vestras
3143 1041 3287 1112 (Luc.
3328 1054 3440 1105 xxI,
3478 1035 3582 1106 l9).
3617 1056 3642 1085 ι

2007 1135 2074 1190 Et
2107 1135 2274 1190 item:
2313 1154 2339 1184 ι
2369 1133 2550 1190 Nolite
2597 1134 2791 1190 timere
2829 1147 2926 1189 eos
2971 1130 3066 1203 qui
3114 1144 3317 1200 corpus
3363 1124 3646 1191 occidunt,

2006 1223 2240 1279 animam
2270 1229 2452 1280 autem
2481 1236 2592 1279 non
2625 1227 2856 1294 possunt
2884 1221 3142 1278 occidere
3175 1216 3394 1290 (Matth.
3422 1231 3476 1281 x,
3499 1213 3646 1279 28).»

2009 1317 2157 1371 Inter
2185 1320 2371 1370 cetera
2408 1313 2555 1369 beati
2581 1312 2856 1369 Ambrosii
2895 1310 3138 1368 omnium
3184 1308 3493 1380 linguarum
3524 1315 3652 1359 con-

2008 1402 2276 1459 fessorum
2324 1401 2670 1469 conscilium,
2719 1400 2867 1470 quod
2918 1399 2974 1455 in
3024 1395 3360 1454 Vercellensi
3416 1391 3652 1463 epistola

2011 1497 2072 1561 (1,
2103 1490 2193 1559 43,
2225 1491 2311 1558 63)
2363 1490 2629 1561 loquitur,
2679 1490 2864 1545 audite
2913 1487 3288 1558 cordibusque
3339 1482 3649 1556 percipite:

2013 1600 2040 1634 «
2079 1583 2201 1637 Non
2229 1581 2302 1636 sit
2331 1581 2386 1636 in
2415 1580 2571 1635 vobis
2599 1579 2833 1644 desidia,
2867 1592 2976 1634 non
3015 1578 3088 1633 sit
3120 1589 3341 1647 pravum
3374 1587 3438 1629 os
3467 1571 3651 1642 lingua

279 1665 472 1723 tentiis
510 1681 611 1738 per
639 1681 910 1725 canonum
955 1669 1368 1732 rectitudinem,
1400 1684 1526 1740 qua:
1565 1669 1784 1726 mentiri
1816 1667 2268 1728 nonBamarior.
2325 1669 2507 1725 Nolite
2554 1669 2611 1724 in
2659 1667 2894 1724 consilio
2935 1666 3191 1722 vanitatis
3238 1663 3472 1728 sedere;
3523 1657 3656 1716 scri-

279 1761 533 1826 possunt,
590 1756 746 1826 ipsos
803 1770 906 1813 nos
958 1758 1432 1814 convinceremus.
1492 1759 1598 1814 Sed
1657 1759 1784 1829 quia
1833 1758 1926 1814 vili

279 1842 574 1900 occasione
614 1858 714 1901 vos
744 1851 800 1902 et
845 1846 1206 1903 substantiam
1247 1853 1480 1903 vestram
1513 1861 1578 1903 ac
1614 1848 1927 1918 perniciose

278 1933 540 1990 invadere
569 1940 846 2006 quaerunt,
881 1935 1007 1992 ideo
1037 1936 1221 1993 verbis
1259 1936 1513 2007 pessimis
1543 1950 1641 1993 vos
1679 1942 1734 1993 et
1769 1936 1927 1993 ordi-

279 2035 382 2078 nes
407 2028 622 2080 vestros
649 2023 814 2082 modo
844 2025 994 2082 velut
1023 2040 1189 2082 canes
1227 2025 1478 2082 limfatici
1515 2025 1760 2083 feraliter
1789 2026 1927 2082 dila-

281 2116 554 2180 cerantes,
587 2111 716 2169 huic
768 2118 958 2171 nostro
1007 2113 1246 2171 concilio
1297 2114 1577 2170 humiliter
1613 2128 1678 2171 ac
1707 2115 1926 2182 devote,

277 2204 341 2254 ut
397 2199 580 2268 decet,
641 2200 913 2257 interesse
966 2201 1152 2258 verbis
1208 2202 1543 2272 turpissimis
1604 2207 1924 2258 renuerunt.

279 2287 446 2356 Ecce,
478 2302 511 2344 o
546 2289 758 2354 Patres,
803 2294 1020 2358 tempus
1047 2290 1226 2356 adest,
1260 2290 1406 2346 unde
1459 2291 1654 2346 beatus
1697 2291 1931 2346 Ambro-

278 2375 398 2431 sius
450 2376 508 2431 iu
554 2375 699 2433 libro
757 2377 1022 2433 Pastorali
1081 2377 1306 2434 dolebat
1348 2377 1531 2450 (117),
1591 2393 1715 2435 cum
1753 2379 1926 2435 dicit:

287 2483 314 2512 κ
355 2462 613 2520 Dolemus
639 2463 705 2495 ⁸⁵⁸
743 2472 936 2521 contra
975 2466 1220 2536 priorum
1250 2467 1456 2523 monita
1496 2469 1712 2522 Patrum
1744 2468 1928 2524 inole-

279 2550 425 2606 visse
453 2557 579 2608 vota
610 2553 1077 2623 perniciosissima
1115 2556 1505 2626 posteriorum.
1546 2558 1680 2612 Nam
1721 2564 1929 2628 quanto

276 2638 628 2710 frequentius
663 2642 746 2698 illi
779 2644 942 2698 noxia
971 2649 1285 2712 vetuerunt,
1319 2651 1473 2701 tanto
1505 2645 1808 2702 studiosius
1837 2645 1927 2701 isti

277 2734 602 2799 perpetrare
631 2731 799 2786 vetita
829 2745 941 2786 non
989 2733 1296 2802 quiescent.
1332 2751 1360 2785 »
1407 2735 1549 2790 Ecce
1578 2734 1723 2790 enim
1755 2735 1931 2788 Yere-

278 2816 420 2872 mias
449 2831 571 2874 cum
611 2817 783 2875 dicit:
819 2838 847 2870 «
874 2821 1084 2876 Inventi
1121 2827 1250 2878 sunt
1288 2822 1346 2877 in
1385 2822 1593 2893 populo
1624 2835 1745 2878 meo
1775 2822 1930 2891 impii

276 2905 610 2963 insidiantes
639 2908 793 2978 quasi
834 2923 1095 2980 aucupes,
1127 2910 1358 2981 laqueos
1388 2917 1661 2982 ponentes
1689 2916 1745 2966 et
1775 2911 1930 2980 pedi-

277 3009 378 3052 cas
422 2996 491 3052 ad
542 2997 844 3067 capiendos
881 2997 1048 3066 viros,
1099 3000 1244 3056 sicut
1290 2999 1544 3070 decipula
1594 3000 1754 3070 plena
1797 2999 1926 3056 dolo

277 3083 411 3154 (Jer.
441 3101 498 3150 ν,
529 3084 643 3150 26).
697 3088 839 3143 Ecce
879 3102 982 3160 ego
1013 3088 1155 3145 dabo
1203 3088 1260 3144 in
1311 3089 1573 3160 populum
1613 3090 1775 3144 istum
1822 3089 1933 3145 rui-

277 3186 404 3240 nas,
445 3179 501 3230 et
547 3180 710 3230 ruent
755 3174 812 3230 in
862 3175 942 3232 eis
993 3182 1178 3247 patres
1227 3176 1355 3233 ﬁliis
1397 3177 1580 3244 simul,
1621 3176 1836 3233 vicinus
1875 3183 1932 3232 et

276 3263 570 3334 proximus
607 3265 868 3336 peribunt
921 3264 1056 3337 (Jer.
1108 3282 1184 3333 v1,
1235 3265 1348 3336 21).
1400 3283 1430 3322 »
1489 3268 1622 3322 ltem
1680 3267 1930 3323 Ezechiel

275 3352 556 3423 propheta
589 3372 602 3408 :
637 3375 659 3403 ο
699 3354 928 3424 Egressa
959 3359 1043 3410 est
1072 3355 1357 3422 contritio,
1391 3356 1578 3411 floruit
1606 3356 1777 3427 virga,
1809 3370 1932 3426 ger-

275 3441 512 3498 minavit
548 3441 828 3512 superbia,
871 3441 1136 3512 iniquitas
1183 3450 1541 3499 surrexerunt
1569 3442 1632 3475 ⁵⁸⁹
1680 3445 1738 3499 in
1780 3444 1932 3513 virga

275 3529 587 3600 impietatis
614 3530 830 3597 (Ezeeh.
861 3547 963 3598 vu,
1004 3530 1117 3602 10).
1154 3549 1183 3584 »
1233 3531 1387 3587 Unde
1426 3533 1570 3588 sicut
1617 3532 1804 3588 Esaias
1843 3531 1932 3587 lo-

275 3625 448 3676 cutus
485 3626 568 3675 est
613 3634 782 3690 super
824 3619 1150 3687 Jerusalem,
1183 3619 1266 3675 sic
1314 3633 1416 3692 ego
1467 3634 1634 3690 super
1672 3619 1933 3676 Mediola-

277 3722 415 3765 num
467 3722 567 3778 per
614 3709 866 3764 eumdem
914 3708 1128 3764 Esaiam
1177 3708 1351 3765 dico:
1388 3729 1413 3757 α
1444 3708 1730 3776 Quomodo
1788 3707 1933 3762 facta

277 3802 372 3864 est
421 3795 682 3851 meretrix
727 3795 921 3851 civitas
972 3795 1152 3851 ﬁdelis
1198 3795 1360 3866 plena
1410 3795 1650 3866 judicii?
1703 3795 1931 3852 Justicia

276 3884 552 3941 habitavit
598 3883 655 3939 in
704 3897 792 3950 eo,
846 3898 992 3940 nunc
1038 3891 1220 3940 autem
1260 3884 1594 3952 homicidae;
1644 3891 1931 3956 argentum

280 3979 440 4029 tuum
488 3987 701 4028 versum
747 3979 832 4028 est
877 3973 933 4028 in
981 3973 1238 4040 scoriam,
1271 3973 1454 4029 vinum
1503 3978 1656 4029 tuum
1703 3975 1931 4029 mixtum

284 4071 368 4117 est
397 4075 542 4131 aqua
574 4059 706 4131 (Isa.
742 4077 797 4127 v,
832 4059 954 4132 21).
988 4077 1018 4117 »
1057 4063 1246 4132 Itaque
1277 4063 1443 4118 tantis
1474 4062 1725 4118 ecclesiae
1757 4063 1934 4118 hono-

285 4150 445 4205 ribus
502 4163 565 4204 ac
629 4148 992 4219 dignitatibus
1055 4151 1352 4206 attenuatis
1407 4150 1730 4218 condolens,
1788 4151 1933 4206 sicut

2011 1766 2161 1830 ptum
2219 1762 2304 1815 est
2360 1758 2506 1814 enim
2567 1777 2579 1813 :
2638 1758 2759 1814 Non
2816 1755 2934 1812 sedi
2993 1757 3048 1810 in
3103 1752 3339 1810 consilio
3396 1747 3655 1805 vanitatis

2012 1846 2176 1918 (Psal.
2209 1861 2333 1914 xxv,
2365 1846 2442 1917 4).
2500 1845 2683 1902 Nolite
2739 1845 2928 1902 audire
2988 1843 3344 1900 detrahentes
3390 1835 3654 1910 proximis

2010 1936 2173 2003 (Psal.
2208 1951 2260 2002 c,
2289 1935 2369 2008 5),
2403 1949 2473 1991 ne
2520 1934 2736 1990 dicatur
2767 1934 3065 2003 unicuique
3103 1939 3344 1988 vestrum
3380 1947 3391 1984 :
3444 1925 3656 1983 Sedens

2009 2026 2271 2083 adversus
2298 2023 2523 2080 fratrem
2551 2030 2704 2080 tuum
2743 2023 3073 2080 detrahebas
3110 2019 3280 2093 (Psal.
3313 2033 3457 2084 χιιι,
3490 2013 3598 2085 20).
3623 2032 3652 2067 »

2011 2116 2143 2169 ltem
2172 2114 2319 2170 idem
2351 2127 2519 2182 super
2547 2113 2698 2169 Beati
2727 2111 3062 2168 Immaculati
3095 2110 3236 2181 (vm,
3265 2107 3354 2177 35)
3392 2127 3404 2162 :
3441 2125 3468 2158 «
3499 2103 3658 2175 Cogi-

2013 2208 2092 2258 tet
2112 2203 2254 2272 quis,
2280 2201 2740 2271 quemadmodum
2773 2200 2968 2270 pedem
2999 2213 3156 2254 suum
3188 2197 3411 2267 dirigat,
3435 2206 3654 2249 manum

2010 2305 2164 2347 suam
2220 2291 2462 2357 adserat,
2521 2303 2591 2346 ne
2646 2288 2855 2358 impetu
2909 2285 3308 2359 indignationis
3364 2281 3654 2352 impulsus,

2011 2393 2134 2435 cum
2187 2378 2458 2450 repellere
2498 2377 2753 2447 injuriam
2813 2377 3039 2448 cogitat,
3081 2376 3200 2444 ipse
3247 2371 3406 2428 alteri
3449 2372 3656 2439 jactum

2011 2467 2273 2524 notabilis
2300 2467 2470 2523 caedis
2498 2465 2696 2522 inlidat
2723 2465 2806 2519 5“.
2843 2486 2868 2515 ι
2905 2466 2970 2520 Et
3011 2485 3036 2514 α
3068 2463 3114 2519 si
3146 2462 3309 2533 longe
3339 2465 3424 2516 est
3451 2473 3482 2514 a
3522 2471 3660 2528 pec-

2011 2557 2292 2612 catoribus
2336 2555 2504 2621 salus,
2537 2563 2718 2610 tamen
2758 2568 2920 2609 nemo
2968 2553 3244 2623 desperet,
3295 2550 3425 2622 quia
3471 2547 3657 2604 multae

2012 2644 2407 2701 misericordia:
2438 2643 2673 2699 Domini.
2698 2643 3021 2710 Miserebor,
3054 2641 3256 2712 inquit,
3279 2639 3368 2696 cui
3400 2638 3660 2694 misertus

2013 2747 2130 2790 ero.
2165 2751 2193 2785 »
2234 2735 2454 2790 Fratres
2496 2732 2790 2800 karissimi,
2824 2733 2880 2788 in
2918 2732 3066 2802 quod
3106 2732 3300 2787 beatus
3335 2727 3661 2785 Ambrosius

2012 2823 2167 2888 dicit,
2199 2822 2477 2878 credimus
2515 2821 2662 2892 quod
2703 2821 2841 2877 dixit
2880 2828 2934 2876 et
2981 2819 3131 2890 quod
3177 2819 3397 2875 locutus
3437 2821 3524 2872 est
3561 2828 3662 2884 per

2013 2911 2278 2982 Spiritum
2325 2919 2596 2967 sanctum.
2629 2913 2762 2966 ltem
2807 2911 2864 2966 in
2905 2910 3056 2965 Beati
3095 2905 3431 2964 lmmaculati
3457 2925 3470 2960 :
3499 2922 3528 2954 «
3557 2901 3659 2972 Qui

1949 2969 1991 3028 θ’
2012 2969 2104 3053 hic
2133 3011 2192 3053 se
2235 3011 2425 3054 aurum
2458 3003 2634 3066 putat,
2667 2997 2832 3052 habet
2872 2996 3173 3066 plumbum,
3209 3000 3265 3049 et
3292 2993 3386 3063 qui
3417 2969 3661 3061 putat'se

2013 3101 2240 3158 granum
2271 3086 2466 3153 tritici,
2489 3086 2655 3142 habet
2683 3085 2961 3155 stipulam,
2987 3099 3111 3154 qua:
3142 3083 3319 3154 possit
3350 3078 3658 3136 comburi.»

2013 3177 2120 3234 Sed
2163 3177 2255 3233 hic
2290 3177 2446 3233 multi
2476 3176 2582 3232 sibi
2613 3189 2802 3232 aurum
2846 3175 3051 3231 habere
3081 3174 3358 3230 videntur.
3399 3172 3516 3236 Non
3550 3168 3661 3224 illis

2014 3265 2255 3322 invideo.
2285 3268 2354 3322 At
2378 3271 2438 3321 ut
2467 3279 2569 3322 nos
2597 3265 2760 3335 hujus
2789 3264 3062 3319 sermonis
3098 3263 3261 3318 ﬁnem
3292 3262 3656 3329 imponamus,

2015 3354 2193 3409 dicam
2233 3368 2355 3409 cum
2396 3354 2558 3408 beato
2606 3351 2917 3415 Ambrosio,
2976 3349 3128 3419 quod
3186 3349 3330 3403 idem
3384 3346 3454 3401 de
3501 3345 3661 3399 vobis
3745 3390 3748 3391 ν

2014 3442 2188 3498 dixit:
2216 3458 2245 3492 «
2274 3441 2384 3495 Det
2413 3440 2571 3495 vobis
2609 3439 2870 3494 Dominus
2898 3438 3026 3492 ﬁdei
3065 3438 3321 3508 ignorare
3351 3433 3654 3502 naufragia,

2011 3529 2220 3584 habere
2286 3541 2420 3598 pace
2489 3525 2836 3596 profundam,
2896 3531 2951 3580 et
3007 3524 3054 3580 si
3108 3524 3318 3594 aliquid
3375 3523 3448 3578 sit
3505 3521 3655 3591 quod

2012 3631 2206 3690 graves
2233 3616 2396 3672 nobis
2425 3614 2613 3671 saeculi
2643 3614 2809 3683 hujus
2837 3612 3040 3669 excitet
3065 3613 3284 3678 ﬂuctus,
3307 3609 3656 3681 evigilantem

2014 3720 2114 3779 pro
2163 3705 2323 3775 nobis
2380 3703 2583 3759 habere
2639 3702 3064 3773 gubernatorem
3126 3700 3408 3756 dominum
3447 3699 3654 3765 Jesum,

2013 3796 2106 3867 qui
2135 3795 2302 3850 verbo
2333 3793 2566 3864 imperat
2595 3798 2651 3848 et
2678 3796 3034 3861 tempestates
3071 3789 3302 3860 mitigat,
3339 3786 3656 3858 tranquilli-

2013 3890 2180 3940 tatem
2237 3883 2402 3938 maris
2464 3879 2738 3947 refundat,
2773 3898 2801 3932 »
2865 3881 3024 3935 Jesus
3086 3878 3336 3934 Christus
3399 3875 3656 3932 dominus

2014 3979 2204 4029 noster
2241 3972 2334 4042 qui
2375 3971 2505 4026 vivit
2541 3977 2598 4028 et
2634 3974 2827 4041 regnat
2865 3983 2990 4024 cum
3027 3969 3138 4024 Deo
3170 3969 3330 4023 Patre
3359 3967 3416 4022 in
3447 3964 3658 4022 unitate

2012 4062 2250 4132 Spiritus
2272 4059 2447 4116 sancti
2474 4062 2618 4115 Deus
2647 4072 2746 4128 per
2773 4057 2985 4114 inﬁnita
3015 4056 3218 4114 saecula
3247 4055 3597 4113 saeculorum.
3625 4075 3650 4104 ι»

2091 4151 2172 4206 18.
2208 4149 2341 4220 (17.)
2372 4151 2505 4205 Cum
2526 4148 2585 4180 ⁶⁶¹
2618 4153 2799 4205 autem
2830 4147 2950 4203 haec
2981 4155 3103 4202 acta
3132 4145 3385 4212 fuissent,
3406 4150 3462 4200 et
3481 4143 3657 4200 Guido

287 4235 596 4293 Hieremias
643 4237 835 4292 dicens
882 4237 1111 4307 plorabo
1145 4259 1158 4294 :
1195 4259 1221 4289 ι
1251 4240 1383 4308 Quis
1412 4240 1571 4296 dabis
1601 4240 1768 4311 capiti
1809 4253 1931 4296 meo
1952 4239 2272 4311 “omnibus
2316 4238 2567 4294 salutatis
2611 4236 2888 4306 episcopis
2922 4235 3113 4290 urbem
3155 4233 3495 4304 repedasset,
3528 4244 3660 4287 ecce

289 4291 489 4396 aquam
526 4291 589 4380 et
859 4291 1768 4399 Hfontem‘la—crvm—arumfet—
1951 4291 2002 4349 D
2762 4291 2818 4378 et
2846 4319 3146 4376 Landulfus
3174 4291 3290 4375 suis
3319 4333 3442 4375 cum
3481 4291 3661 4374 omni-

288 4414 424 4470 rabo
465 4413 556 4470 die
603 4427 666 4469 ac
716 4422 898 4470 nocte.
944 4416 1331 4486 Unusquisque
1379 4430 1438 4472 se
1475 4431 1506 4471 a
1550 4417 1801 4486 proximo
1829 4430 1932 4473 suo
2015 4413 2118 4470 bus
2156 4415 2323 4470 nimia
2362 4413 2740 4484 indignatione
2786 4409 3088 4480 supradicti
3121 4408 3343 4464 concilii
3374 4406 3658 4474 commoti,

285 4501 588 4568 custodiat,
620 4507 676 4558 et
704 4501 760 4556 in
791 4503 940 4558 omni
970 4501 1124 4558 fratri
1153 4516 1254 4558 suo
1285 4516 1395 4558 non
1425 4503 1626 4559 habeat
1650 4503 1931 4570 ﬁduciam,
2015 4504 2246 4560 maxime
2289 4503 2418 4574 quia
2464 4503 2566 4558 sub
2616 4500 2921 4558 canonibus
2967 4498 3316 4568 conscriptos
3361 4511 3483 4553 sese
3536 4509 3657 4551 esse

284 4591 415 4662 quia
445 4590 625 4647 omnis
653 4589 824 4646 frater
851 4591 1211 4661 supplantans
1243 4592 1637 4662 supplantabit,
1670 4599 1726 4648 et
1755 4593 1934 4648 omnis
2014 4592 2328 4660 audierant,
2405 4589 2859 4647 irrationabiliter
2923 4587 3080 4658 quasi
3145 4585 3277 4642 fera:
3342 4583 3658 4640 inflammati

285 4679 498 4735 amicus
554 4677 934 4735 fraudolenter
987 4679 1196 4736 incedit
1233 4679 1356 4751 (Jer.
1390 4695 1464 4748 1x,
1504 4679 1576 4752 l).
1609 4701 1636 4730 ι
1690 4681 1931 4748 Quorum
2013 4687 2161 4738 sunt.
2194 4683 2383 4753 Itaque
2413 4679 2647 4751 quadam
2685 4678 2966 4735 Dominica
3005 4675 3194 4746 populi
3234 4674 3393 4731 turba
3425 4674 3657 4730 maxima

285 4765 451 4823 ﬁnem
504 4766 670 4822 David
728 4768 1032 4837 prospexit,
1083 4782 1206 4824 cum
1251 4768 1432 4825 dicit:
1470 4767 1822 4825 «insidiatur
1872 4776 1932 4826 ut
2012 4771 2160 4838 freti,
2199 4785 2264 4826 ac
2312 4783 2506 4841 magna
2545 4768 2897 4825 multitudine
2945 4766 3220 4823 conducta
3259 4769 3314 4820 et
3351 4763 3657 4834 aliquantu-

288 4856 468 4925 rapiat
512 4855 754 4925 inepem,
797 4869 991 4925 rapere
1032 4869 1329 4926 pauperem
1377 4857 1506 4914 dum
1543 4857 1769 4912 attrahit
1807 4871 1930 4913 eum
2012 4861 2123 4916 lum
2153 4864 2308 4928 parte
2334 4857 2602 4923 nobilium
2627 4855 2773 4912 bello
2796 4854 3102 4912 cottidiano
3133 4854 3351 4921 obtusa,
3374 4852 3659 4922 totiusque

286 4941 344 4998 in
391 4943 592 5014 laqueo
639 4955 764 5010 suo,
820 4943 1130 5000 humiliabit
1168 4951 1224 5000 et
1268 4945 1558 5002 inclinabit
1601 4959 1682 5014 se,
1715 4950 1930 5002 etcum
2013 4946 2250 5004 civitatis
2305 4945 2859 5017 percrebescentibus
2923 4941 3330 5009 tintinnabulis,
3382 4953 3506 4997 cum
3564 4939 3660 4995 ali-

287 5032 456 5090 armis
499 5032 618 5088 suis
665 5031 828 5089 cadet
874 5032 932 5088 in
981 5038 1212 5090 mortem
1246 5033 1420 5106 (Paul.
1450 5050 1525 5104 1x,
1556 5033 1634 5108 9).
1668 5052 1697 5088 »
1735 5034 1933 5092 Veniet
2013 5035 2292 5106 quantulis
2320 5033 2540 5092 clericis
2569 5039 2625 5090 et
2651 5031 3035 5090 sacerdotibus
3063 5035 3119 5088 et
3155 5030 3476 5102 presbytero
3516 5029 3654 5085 Leo-

1671 5160 1896 5216 VABIE
1949 5160 2232 5216 LECTION
2236 5161 2334 5216 ES.

357 5253 424 5287 ⁸⁸⁸
447 5252 696 5326 volemus
731 5255 792 5310 Β.
867 5251 933 5284 ⁸⁸⁸
978 5255 1218 5310 surrexit
1261 5254 1400 5326 vulg.
1475 5256 1540 5290 “°
1582 5256 1780 5316 inlibat
1828 5257 1985 5314 codd.
2057 5257 2117 5291 ³⁸³
2164 5256 2365 5315 Titulus
2417 5257 2474 5314 in
2509 5255 2812 5314 codicibus:
2865 5253 3112 5325 Qualiter
3166 5252 3354 5310 domni
3391 5250 3658 5310 Guldonis

289 5329 468 5383 vestes
494 5339 527 5382 a
555 5325 768 5382 civibus
795 5330 1053 5395 tanquam
1081 5338 1114 5381 a
1150 5325 1380 5384 canibus
1407 5328 1596 5386 scissae
1623 5334 1773 5386 sunt.

361 5481 505 5557 (ιιτ)
532 5486 682 5545 hunc
717 5483 901 5542 locum
928 5481 1132 5544 frustra
1157 5484 1236 5545 lbi
1274 5486 1522 5557 quam,
1865 5417 2083 5475 ΝοἸῈο
