4022 6160
383 223 489 278 923

1457 227 1786 282 LANDULFI
1827 223 2364 279 MEDIOLANENSIS
2400 224 2666 279 CLERICI

3639 225 3756 279 924

383 349 616 422 prando,
672 347 973 406 fomentum
1022 351 1311 407 maximum
1351 351 1452 418 rei,
1485 350 1579 422 qui
1616 364 1675 406 se
1713 348 1824 405 illis
1859 345 2323 410 novi-Aactibus
2358 361 2639 416 vesanum,
2689 347 3064 406 obstinatione
3111 351 3514 421 gravissimum,
3550 356 3612 407 ut
3638 364 3759 407 non

381 449 467 496 ter
511 439 838 506 inseruerat,
871 439 1110 494 animum
1159 439 1337 496 leonis
1383 452 1491 496 non
1528 438 1768 496 hominis
1804 451 2022 510 gerens,

383 542 544 600 quem
599 527 776 584 Guido
831 528 888 583 in
947 528 1260 586 sacerdotio
1325 533 1762 597 consecraverat,
1819 526 2024 584 furiose

383 619 658 675 theatrum
715 617 891 674 oculis
939 621 994 674 et
1049 619 1302 674 manibus
1339 618 1673 675 minantibus
1727 620 2020 673 intrarunt.

383 709 485 778 Qui
514 707 609 764 diu
658 722 757 778 per
795 707 1057 779 plurimas
1094 716 1149 765 et
1186 709 1377 781 longas
1407 711 1656 766 oratione
1697 709 2023 766 concionan~

385 806 488 867 tes,
522 805 581 854 ut
609 798 780 869 magis
809 813 872 854 ac
919 799 1089 870 magis
1117 798 1312 870 vulgus
1354 806 1548 856 contra
1593 798 1896 856 Guidonem
1935 812 2026 854 ac-

384 888 734 953 cenderetur,
783 888 1066 944 curialiter
1104 903 1326 959 operam
1371 889 1593 945 dabant.
1645 888 1783 956 Quid
1815 887 2026 944 multa?

384 978 557 1035 Guido
605 977 772 1033 nimia
821 977 1010 1048 populi
1041 977 1322 1049 violentia,
1357 983 1412 1035 et
1441 979 1560 1048 ipse
1607 977 2026 1034 Herlembaldus

384 1067 674 1124 inhoneste
722 1068 900 1138 ipsum
949 1067 1216 1125 clamante
1265 1068 1589 1136 Guidonem,
1622 1068 1771 1138 quod
1813 1067 2024 1123 ruinam

384 1170 550 1226 super
579 1170 701 1212 eum
741 1156 1002 1226 minabat,
1037 1159 1302 1228 cujusque
1332 1158 1478 1228 vulgi
1518 1156 1684 1214 animi
1734 1161 1794 1212 ut
1834 1154 1964 1212 folia
1993 1169 2025 1211 a

383 1251 548 1302 vento
596 1245 975 1313 movebantur,
1016 1261 1137 1302 sese
1186 1246 1434 1317 periculo
1484 1246 1705 1302 trahens
1751 1245 2024 1300 theatrum

383 1335 626 1392 intravit.
677 1336 741 1390 Et
789 1333 933 1392 iacto
963 1335 1206 1404 silentio,
1249 1342 1309 1392 ut
1337 1336 1512 1393 Guido
1547 1337 1703 1406 jussu
1735 1349 1798 1391 ac
1828 1333 2026 1404 impul-

383 1425 538 1481 sione
588 1424 979 1493 Herlembaldi,
1013 1427 1106 1496 qui
1147 1426 1324 1482 oculis
1371 1432 1426 1482 et
1461 1425 1716 1481 manibus
1761 1439 1826 1480 ac
1854 1423 2025 1479 barba

384 1520 444 1569 ut
472 1521 792 1585 tyrampnus
820 1514 957 1571 dura
987 1515 1248 1580 minabat,
1282 1519 1375 1570 aut
1405 1513 2024 1570 excommunicationem

384 1617 547 1674 quam
586 1602 792 1659 fecerat
829 1603 1133 1671 dediceret,
1183 1609 1277 1658 aut
1323 1603 1853 1673 archiepiscopatum
1893 1603 2026 1656 irre-

2106 437 2230 507 plus
2285 437 2342 494 in
2401 437 2693 494 occasione
2751 439 3155 495 contrariorum
3213 439 3413 496 civium
3471 445 3754 504 curarent,

2105 540 2268 596 quam
2297 526 2343 582 si
2390 526 2648 583 Saraceni
2696 532 2790 583 aut
2837 527 3074 599 gentiles
3113 528 3457 598 comprobati
3497 528 3755 585 fuissent.

2105 618 2172 670 At
2201 619 2262 671 ut
2299 629 2400 687 ego
2449 616 2648 672 multas
2676 622 2733 673 et
2767 617 2946 673 varias
2995 617 3278 674 orationes
3325 617 3572 674 diversas
3620 618 3759 674 mul-

2107 708 2270 774 taque
2300 704 2443 760 bella
2487 705 2688 773 civilia,
2722 721 2846 776 quae
2886 706 3048 777 Sylla:
3077 711 3171 763 aut
3207 707 3358 764 Marii
3389 708 3474 763 vel
3505 707 3760 765 Catilinae

2106 794 2448 864 temporibus
2521 793 2879 863 sufﬁcerent,
2958 796 3251 867 caedesque
3325 797 3763 868 quamplurimas

2107 883 2374 951 omittam,
2435 898 2558 954 qua:
2621 885 2804 940 omnia
2859 883 3106 941 scribere
3163 899 3264 955 per
3319 885 3541 957 longum
3601 886 3758 954 duxi,

2107 974 2272 1030 modo
2321 974 2673 1044 perscribens
2720 974 2776 1029 in
2815 975 3009 1045 paucis
3047 973 3217 1030 multa
3265 975 3757 1046 comprehendam.

2107 1062 2278 1134 Igitur
2312 1062 2488 1119 Guido
2519 1063 2586 1118 ad
2633 1063 2886 1119 ultimum
2926 1077 3119 1120 omnes
3156 1064 3303 1120 cives
3333 1063 3531 1134 partim
3566 1065 3642 1121 ob
3675 1071 3762 1120 tu-

2106 1151 2268 1208 telam
2299 1153 2405 1222 sui,
2432 1159 2526 1209 aut
2560 1151 2717 1226 (118)
2762 1153 3017 1210 hostilem
3069 1160 3448 1226 paupertatem
3477 1155 3535 1212 in
3576 1157 3758 1225 majo-

2107 1257 2225 1298 rum
2267 1242 2589 1313 expulsione
2638 1247 2694 1299 et
2740 1243 3090 1300 sacerdotum
3129 1243 3455 1300 substantiis
3505 1244 3759 1315 expelle-

2107 1336 2248 1399 rent,
2311 1331 2514 1388 cotidie
2573 1345 2909 1389 concurrere
2964 1333 3179 1401 videns,
3229 1339 3286 1389 et
3341 1333 3762 1404 conjurationes

2107 1434 2216 1476 non
2257 1425 2365 1476 tam
2414 1421 2621 1490 private
2659 1421 2756 1477 sed
2789 1421 3010 1492 publice
3053 1422 3143 1478 die
3175 1427 3453 1492 noctuque
3485 1423 3606 1478 ﬁeri
3640 1443 3654 1478 :
3691 1436 3757 1479 ne

2107 1509 2298 1566 civitas
2344 1510 2429 1565 sui
2481 1509 2772 1567 occasione
2811 1509 2998 1567 multis
3044 1525 3167 1567 cum
3210 1511 3528 1568 homicidiis
3576 1513 3757 1568 crimi-

2114 1612 2248 1656 nose
2278 1600 2701 1669 opprimeretur,
2744 1600 2909 1656 tacite
2941 1615 3063 1656 cum
3095 1601 3284 1670 paucis
3315 1601 3454 1657 dixit
3489 1621 3501 1656 :
3537 1619 3567 1652 «
3601 1602 3756 1658 Enim

385 1691 695 1748 meabiliter
723 1693 1044 1760 dimitteret,
1080 1692 1343 1748 continuo
1375 1692 1530 1748 multi
1561 1707 1627 1748 ex
1656 1691 1861 1763 p0pulo
1893 1685 2088 1746 irra-B
2110 1689 2304 1745 animae
2355 1703 2490 1744 meae
2535 1688 2696 1745 saluti
2746 1689 2988 1759 expedit,
3022 1693 3082 1744 ut
3111 1702 3278 1759 parvo
3305 1688 3428 1745 loco
3459 1693 3759 1744 contentus

387 1779 728 1837 tionabiliter
755 1782 973 1837 accensi
1005 1782 1160 1851 quasi
1199 1780 1328 1838 ferat
1360 1797 1527 1852 super
1556 1795 1678 1838 eum
1718 1781 2029 1837 insurrexe-

386 1877 553 1939 runt;
597 1870 690 1939 qui
721 1870 883 1925 etiam
917 1869 1148 1926 diversis
1177 1871 1232 1926 in
1273 1871 1522 1941 partibus
1558 1873 1880 1927 vestimcnta
1909 1872 2030 1941 ejus

385 1957 542 2028 quasi
590 1966 756 2014 canes
795 1958 1042 2014 limfatici
1089 1958 1426 2026 scindentes,
1459 1959 1664 2015 nudum
1696 1958 1811 2015 fere
1854 1974 2028 2030 usque

385 2046 453 2102 ad
503 2045 750 2102 ultimum
801 2047 1149 2104 dimiserunt.
1191 2049 1308 2104 Hoc
1357 2047 1501 2104 facto
1541 2063 1731 2105 omnes
1760 2049 1916 2118 quasi
1947 2047 2029 2104 fu-

386 2135 521 2190 riosi
560 2141 616 2190 et
646 2135 967 2203 dementati,
1001 2140 1061 2192 ut
1100 2143 1274 2204 erant,
1309 2136 1580 2192 theatrum
1629 2141 1910 2204 exeuntes,
1945 2136 2028 2190 di-

383 2223 526 2280 versi
573 2224 788 2280 diversa
835 2225 1157 2294 sentientes,
1194 2226 1446 2281 manibus
1485 2230 1540 2281 et
1587 2239 1683 2282 ore
1733 2225 2029 2280 immundis

384 2327 486 2384 per
542 2313 779 2370 civitatis
807 2313 870 2344 ⁸⁶²
936 2316 1148 2385 plateas
1205 2320 1617 2386 perstrepentes
1681 2317 1838 2385 quasi
1902 2329 2029 2371 sues

382 2402 772 2474 grunniebant.
821 2406 889 2459 At
917 2419 1040 2460 cum
1087 2405 1468 2475 hujuscemodi
1516 2405 1723 2476 negotii
1760 2403 1900 2459 fama
1931 2419 2030 2475 per

385 2492 577 2548 urbem
625 2493 887 2548 citissime
925 2493 1184 2560 volassct,
1227 2499 1282 2549 et
1327 2493 1594 2550 nobilium
1633 2495 1869 2564 majores
1908 2493 2028 2550 haec

387 2580 570 2637 omnia
600 2581 657 2636 in
701 2582 930 2638 veritate
977 2583 1396 2653 comperissent,
1439 2583 1607 2639 curiae
1652 2583 2027 2640 Ambrosianae

385 2669 455 2726 ad
484 2669 810 2739 Guidonem,
850 2672 990 2728 mori
1026 2672 1181 2743 quasi
1231 2673 1405 2743 parati
1445 2680 1506 2728 ut
1547 2673 1617 2728 de
1655 2678 1807 2729 tanto
1849 2673 2024 2729 dede-

386 2771 515 2815 core
542 2773 665 2815 cum
693 2761 1058 2830 vindicarent,
1091 2762 1421 2818 unanimiter
1449 2768 1844 2818 convenerunt.
1878 2763 2029 2817 Inter

386 2862 528 2920 quos
562 2850 737 2906 Guido
788 2851 1229 2919 Landrianensis,
1263 2852 1346 2907 vir
1376 2852 1554 2922 magni
1594 2851 1845 2908 conscilii
1881 2865 2028 2906 sum-

386 2951 600 3008 maeque
645 2938 950 3010 dignitatis,
985 2941 1301 3010 ignominiaa
1351 2940 1616 2996 Guidonis
1664 2947 1720 2994 et
1761 2939 2029 2995 nobilium

2111 1780 2164 1834 in
2206 1793 2340 1849 pace
2383 1779 2494 1834 Deo
2533 1784 2809 1834 annuente
2855 1778 3078 1846 moriar,
3112 1792 3273 1848 quam
3313 1777 3510 1848 plenus
3549 1777 3758 1833 divitiis

2110 1874 2165 1922 et
2219 1866 2527 1923 honoribus
2579 1865 2787 1936 fultus,
2849 1867 3017 1923 tantis
3073 1867 3285 1923 civibus
3337 1866 3753 1930 insidiantibus,

2109 1957 2440 2027 quandoque
2479 1956 2723 2012 moriens
2767 1956 2824 2012 in
2865 1955 3134 2014 infernum
3177 1970 3299 2012 cum
3329 1955 3516 2027 impiis
3544 1957 3758 2012 demer-

2110 2059 2224 2116 gar.
2283 2047 2472 2116 Itaque
2510 2045 2630 2102 solo
2670 2051 2963 2102 contentus
3009 2045 3266 2117 Vergulio
3300 2044 3465 2116 (119),
3510 2050 3572 2101 ut
3616 2044 3756 2100 alius

2109 2135 2558 2206 archiepiscopus
2614 2136 2920 2192 honoribus
2958 2142 3014 2192 et
3051 2135 3258 2192 divitiis
3302 2135 3536 2202 fruatur,
3581 2137 3758 2192 inces-

2109 2230 2296 2280 santer
2351 2238 2573 2294 operam
2632 2226 2794 2282 dabo.
2847 2244 2875 2277 »
2933 2227 3049 2294 Quo
3111 2226 3166 2281 in
3225 2231 3476 2296 tempore
3533 2225 3757 2296 quidam

2111 2319 2228 2370 erat
2282 2313 2636 2370 Gottofredus
2689 2314 2756 2371 de
2813 2316 3079 2384 majorum
3138 2315 3354 2381 ordine,
3413 2314 3640 2385 sapiens
3697 2329 3758 2370 ac

2111 2403 2318 2473 probus
2356 2403 2637 2471 sacerdos,
2674 2418 2740 2460 ex
2770 2403 2942 2459 nobili
2973 2408 3028 2458 et
3059 2417 3250 2475 magna
3282 2403 3538 2474 prosapia
3570 2405 3756 2460 oriun-

2109 2492 2232 2559 dus,
2261 2491 2356 2562 qui
2387 2498 2442 2548 et
2472 2493 2588 2562 ipse
2615 2492 2879 2563 populum
2910 2494 3251 2564 temporibus
3281 2493 3604 2550 constitutis
3624 2493 3759 2549 divi-

2109 2595 2300 2637 narum
2347 2583 2752 2653 Scripturarum
2783 2583 3058 2638 alimoniis
3088 2583 3251 2653 paulo
3281 2587 3408 2639 ante
3447 2583 3753 2639 imbuebat.

2110 2673 2265 2727 Hunc
2303 2671 2477 2728 Guido
2525 2672 2594 2728 ad
2633 2687 2692 2728 se
2731 2672 2918 2728 multis
2971 2673 3278 2729 astantibus
3325 2672 3610 2729 nobilibus
3650 2687 3754 2729 vo-

2109 2761 2221 2817 cari
2271 2761 2556 2832 praecepit,
2608 2767 2662 2817 et
2710 2761 3094 2832 ignorantibus
3151 2761 3440 2828 universis,
3482 2761 3757 2832 archiepi-

2109 2856 2396 2920 scopatum
2436 2852 2486 2906 ei
2516 2850 2679 2907 anulo
2731 2858 2786 2907 et
2815 2851 2965 2922 virga
3013 2851 3432 2914 commendavit,
3477 2849 3758 2906 afﬁrmans

2109 2954 2230 2995 sese
2294 2941 2405 2996 ullo
2464 2940 2629 2997 modo
2687 2941 2755 2996 de
2813 2953 2879 2997 eo
2947 2940 3181 3010 amplius
3238 2953 3346 2996 non
3407 2940 3756 2996 intromissu-

387 3026 781 3095 perplurimum
827 3029 1186 3098 compatiens,
1246 3028 1429 3083 verbis
1476 3027 1926 3083 luculentissimis
1971 3015 2231 3084 etCrum
2262 3029 2422 3099 (120).
2471 3030 2627 3098 Quod
2675 3028 2875 3086 factum
2917 3029 3359 3086 Herlembaldum
3389 3036 3444 3086 et
3472 3030 3754 3086 Arialdum

385 3113 643 3184 lacrymis
707 3115 827 3183 ejus
891 3116 959 3170 ab
1025 3116 1202 3172 oculis
1264 3115 1686 3172 decurrentibus
1719 3159 1733 3184 ,
1812 3117 2032 3172 multis-

384 3217 490 3274 que
566 3203 1014 3274 lacrymautibus,
1095 3204 1381 3262 universos
1445 3205 1514 3260 ad
1582 3205 1782 3262 bellum
1850 3207 2032 3262 duris-

385 3291 581 3348 simum
645 3292 922 3362 animavit,
991 3300 1262 3363 quatenus
1326 3301 1418 3350 aut
1456 3294 1520 3326 ⁸⁸³
1585 3296 1848 3351 continuo
1904 3295 2031 3351 Gui-

386 3381 625 3448 donem,
695 3382 783 3438 cui
852 3382 1170 3439 ﬁdelitatem
1242 3385 1596 3453 juraverant,
1666 3383 2029 3440 defenderent

384 3476 440 3527 et
495 3471 809 3542 superbiam
876 3472 1246 3529 Herlembaldi
1306 3480 1362 3529 et
1429 3486 1652 3530 suorum
1717 3480 2026 3530 ceterorum

381 3559 581 3633 gladiis
635 3561 868 3618 viriliter
923 3568 1378 3633 compescerent,
1441 3568 1536 3618 aut
1600 3577 1724 3618 cum
1789 3563 1917 3618 ﬁliis
1973 3570 2031 3618 et

384 3650 652 3706 uxoribus
696 3651 816 3707 sine
865 3665 1017 3708 mora
1048 3651 1310 3707 citissime
1355 3666 1478 3707 cum
1527 3652 1648 3720 ipso
1687 3652 1880 3707 urbem
1914 3652 2028 3707 exi-

383 3746 522 3795 rent.
583 3741 699 3795 Jam
764 3741 910 3796 enim
967 3755 1257 3811 perparum
1325 3741 1710 3798 Herlembaldo
1769 3742 2026 3797 resistere

383 3830 621 3898 majores
669 3834 944 3898 poterant.
995 3831 1127 3885 Nam
1185 3830 1481 3900 aliquantis
1537 3830 1937 3899 sacerdotibus,
1979 3832 2027 3887 si

383 3916 464 3971 fas
495 3921 578 3971 est
618 3917 826 3984 dicere,
859 3919 960 3974 sub
991 3919 1223 3988 quadam
1265 3919 1390 3976 ﬁcta
1418 3919 1668 3976 castitate
1700 3920 2028 3991 degentibus

385 4011 444 4060 ut
509 4005 837 4074 quibusdam
903 4007 1208 4075 videbatur,
1279 4009 1540 4079 populum
1608 4009 1812 4065 cotidie
1878 4009 2024 4064 inci-

384 4091 647 4159 tantibus,
683 4098 738 4148 et
788 4093 1176 4151 Herlembaldo
1209 4101 1264 4151 et
1300 4096 1567 4153 Landulfo
1597 4110 1700 4152 nec
1739 4110 1848 4152 non
1890 4099 2027 4153 Leo-

383 4181 682 4252 prando‘“
731 4184 886 4254 quasi
925 4183 993 4239 ad
1043 4185 1231 4242 hostes
1291 4187 1464 4256 parati
1522 4186 1760 4242 universi
1821 4185 2025 4241 cotidie

382 4272 714 4328 unanimiter
759 4274 1171 4344 permanebant.
1219 4277 1435 4332 Interea
1474 4289 1708 4346 namque
1747 4275 1940 4346 vulgus
1960 4274 2024 4306 ⁸⁸³

2112 3117 2333 3173 minime
2382 3117 2562 3174 latuit.
2611 3121 2801 3189 Itaque
2849 3117 3270 3175 Herlembaldus
3297 3118 3464 3175 nimia
3504 3118 3757 3190 indigna-

2113 3207 2262 3263 tione
2314 3214 2640 3276 commotus,
2695 3209 2955 3279 quoniam
3003 3223 3170 3279 super
3205 3208 3313 3266 hoc
3356 3210 3659 3280 negotium,
3700 3216 3759 3264 ut

2111 3295 2215 3351 sibi
2264 3296 2368 3353 soli
2416 3297 2794 3368 episcopatum
2832 3296 3118 3366 refutaret,
3165 3297 3498 3368 permultum
3533 3297 3656 3368 ipse
3687 3298 3761 3353 la~

2112 3386 2419 3455 boraverat,
2468 3387 2570 3443 sub
2628 3387 2860 3458 quadam
2921 3388 3213 3444 occasione
3270 3387 3540 3444 custodiae
3583 3388 3758 3443 intro-

2111 3475 2334 3530 mittens
2369 3489 2429 3530 se
2460 3475 2529 3531 de
2569 3475 2824 3532 omnibus
2852 3475 3017 3544 villis,
3050 3475 3311 3543 castellis,
3354 3476 3758 3532 munitionibus

2111 3569 2165 3618 et
2222 3564 2533 3620 redditibus
2584 3565 3113 3636 archiepiscopatus,
3173 3566 3330 3636 quasi
3387 3565 3499 3621 dux
3553 3564 3754 3636 fugatis

2110 3653 2363 3710 hostibus
2404 3655 2587 3711 omnia
2639 3655 2759 3711 haec
2805 3655 3068 3712 adversus
3105 3653 3483 3711 Gottofredum
3521 3655 3754 3711 terribi-

2110 3741 2255 3797 libus
2296 3743 2643 3813 juramentis,
2693 3747 2754 3799 ut
2801 3757 2902 3800 nec
2950 3756 3114 3800 unum
3146 3743 3210 3774 ⁸⁸⁸
3247 3743 3499 3812 haberet,
3547 3743 3753 3799 vellent

2110 3831 2340 3899 nollent,
2394 3833 2723 3888 ﬁrmaverat.
2782 3833 2921 3902 Quin
2973 3833 3136 3890 etiam
3183 3833 3233 3889 ei
3281 3833 3337 3888 in
3380 3833 3663 3889 montibus
3701 3839 3756 3888 et

2108 3918 2340 3975 vallibus
2388 3921 2646 3976 resistere
2696 3927 2751 3976 et
2798 3922 3020 3977 obviare
3072 3928 3234 3992 gente
3283 3921 3607 3978 admirabile
3646 3929 3754 3977 sat-

2109 4009 2278 4079 aguit.
2341 4010 2471 4064 Dum
2513 4009 2631 4064 haec
2679 4010 2983 4081 agebantur
3023 4010 3136 4080 (an.
3183 4009 3370 4081 1073),
3420 4009 3755 4067 Gotofredus

2109 4112 2320 4154 summo
2353 4112 2473 4154 cum
2505 4099 2716 4155 honore
2747 4114 3049 4171 magnaque
3079 4100 3254 4172 gloria
3289 4101 3537 4157 Novarize
3569 4100 3756 4157 multis

2108 4202 2231 4243 cum
2261 4186 2618 4258 sutfraganeis
2649 4193 3005 4244 consecratus
3035 4195 3118 4244 est
3151 4188 3334 4260 (121).

2187 4275 2269 4332 l9.
2309 4275 2446 4347 (18.)
2499 4277 2574 4332 Ea
2602 4275 2667 4307 ⁵⁸⁷
2720 4283 3044 4348 tempestate
3100 4277 3408 4333 Alexander
3455 4276 3585 4332 dum
3627 4279 3756 4332 Am-

380 4361 748 4420 accenderant
804 4364 1019 4420 actibus
1069 4378 1294 4432 vanum,
1363 4364 1643 4422 voluntate
1709 4365 1978 4421 lubricum
2006 4407 2022 4433 ,
2049 4360 2402 4421 Dbrosianos
2438 4365 2757 4421 sacerdotes
2795 4365 3032 4436 quodam
3071 4365 3189 4422 zelo
3235 4365 3427 4437 iniquo
3477 4365 3758 4421 diﬂ'amare

1726 4519 1952 4574 VARIAE
2013 4518 2400 4575 LECTIONES.

453 4641 516 4716 “f
571 4641 887 4716 civitatibus
931 4644 989 4698 Β.
1050 4641 1131 4716 ff“
1163 4648 1344 4716 autem
1381 4641 1499 4716 At".
1575 4642 1638 4716 Ψ
1667 4643 1766 4698 Hic
1798 4643 2294 4716 Le0prandusfuit
2322 4644 2613 4716 presbyter
2651 4646 2703 4700 S.
2756 4644 2907 4702 Pauli
2955 4644 3012 4700 in
3059 4644 3332 4715 Compito.
3384 4645 3443 4716 Β.
3487 4644 3555 4716 in
3586 4659 3755 4716 marg.

384 4714 539 4768 minio
568 4715 775 4785 scripta,
797 4713 970 4770 habet.
1047 4713 1112 4745 ⁵⁸⁸
1141 4714 1360 4785 vulgum
1398 4713 1489 4768 A*.
1521 4715 1642 4785 A**.
1684 4719 1731 4769 et
1754 4717 1925 4784 primo
1956 4717 2014 4769 B.
2041 4715 2134 4770 sed
2171 4715 2254 4770 hic
2300 4713 2569 4780 correxit;
2617 4717 2947 4772 accenderat
3000 4717 3091 4772 A".
3153 4713 3271 4772 A‘".
3332 4714 3416 4770 Bl.
3491 4713 3558 4746 ⁵⁵⁸
3587 4714 3753 4770 ullum

382 4785 469 4856 Αἵ
503 4790 558 4838 et
586 4783 689 4840 nec
728 4784 897 4840 ullum
922 4787 1032 4840 A".
1110 4785 1173 4816 ⁵⁸⁷
1208 4783 1431 4840 Titulum
1459 4784 1694 4840 inscribit
1721 4783 1823 4840 A":
1858 4786 2058 4854 Incipit
2086 4786 2154 4842 de
2194 4787 2426 4842 dissidio
2465 4789 2652 4842 Romae
2700 4786 2844 4843 facto
2889 4801 3058 4856 super
3102 4786 3464 4856 apostolicum
3515 4785 3752 4840 Alexan-

381 4854 567 4928 drum,
595 4857 714 4928 qui;
747 4856 873 4911 dum
922 4859 1240 4913 sacerdotes
1295 4857 1655 4912 Ambroianos
1705 4857 2019 4925 opprimere
2078 4872 2175 4926 per
2229 4858 2498 4928 quosdam
2560 4858 2903 4914 scismaticos
2958 4854 3250 4927 disposuit,
3310 4870 3450 4927 quos
3507 4862 3569 4912 ut
3614 4856 3754 4928 ﬁlios

383 4926 658 4996 quondam
691 4925 926 5001 fovebat,
961 4943 1142 5001 rerum
1180 4929 1532 4998 dispensante
1558 4932 1810 5001 auctore,
1855 4941 1953 4996 per
1990 4925 2212 5001 eosdem
2247 4925 2502 5001 ίςιοεηίιίδ
2525 4929 2798 4999 capitulis,
2831 4925 3222 5001 quibusjipsos
3250 4925 3550 5001 imbuebat,
3592 4926 3752 5001 ditia-

385 5003 564 5070 matus
589 5013 654 5054 ac
693 4998 989 5056 criminose
1025 4997 1382 5066 detractatus,
1424 5013 1522 5055 sua
1552 4998 1610 5054 in
1640 4997 1771 5070 sede
1803 5000 2120 5066 permansit.
2173 4999 2304 5055 Bell.
2340 4997 2466 5056 'ita:
2510 4997 2753 5068 Qualiter
2801 4997 2940 5070 papa
2983 4997 3292 5055 AleXander
3338 4998 3614 5070 quosdam
3645 4998 3751 5054 cle-

383 5069 531 5141 ricos
569 5070 834 5136 exaltans,
867 5079 928 5126 ut
963 5071 1102 5127 alios
1131 5071 1484 5141 deprimeret,
1516 5084 1546 5125 a
1575 5069 1698 5141 suis,
1721 5071 1910 5141 Romae
1949 5070 2257 5126 diﬁ‘amatus
2296 5079 2374 5126 est
2416 5071 2638 5138 injuste,
2688 5068 2886 5140 sicque
2927 5085 3025 5126 sua
3069 5068 3369 5139 permansit
3414 5068 3652 5141 insede
3689 5070 3746 5124 Β.

382 5139 437 5212 in
465 5155 634 5208 marg.
666 5143 822 5196 minio
852 5157 995 5198 scr.:
1029 5143 1127 5197 Hic
1155 5139 1484 5199 Gotot‘redus
1514 5156 1613 5212 per
1640 5139 2007 5198 Alexandrum
2041 5155 2232 5211 papam
2263 5143 2526 5212 privatur,
2567 5142 2696 5212 quia
2725 5139 2990 5206 intrusus,
3032 5141 3176 5197 unde
3219 5143 3276 5198 in
3325 5139 3614 5210 cathalogo
3659 5154 3746 5195 ar-

385 5211 867 5283 chiepiscoporum
899 5227 1009 5271 non
1037 5221 1121 5271 est
1149 5213 1409 5284 scriptus.

1954 5307 2170 5366 ΝΟΤᾹΞ.

2179 5451 2320 5521 (120)
2363 5455 2491 5509 Post
2521 5467 2571 5508 a.
2606 5451 2783 5521 1067;
2825 5467 2876 5509 v.
2907 5455 3039 5510 Arn.
3072 5454 3164 5520 111,
3193 5451 3283 5508 22.

485 5455 605 5517 118)
642 5457 685 5510 I.
719 5469 769 5511 e.
799 5457 995 5525 partim
1031 5459 1109 5509 ut.

485 5455 605 5517 118)
642 5457 685 5510 I.
719 5469 769 5511 e.
799 5457 995 5525 partim
1031 5459 1109 5509 ut.
2179 5455 2305 5516 (120
2363 5455 2491 5509 Post
2521 5467 2571 5508 a.
2606 5455 2780 5521 1067;

459 5455 600 5598 E119)
637 5529 768 5582 Arn.
801 5527 893 5594 III,
924 5524 1014 5579 25.
2187 5455 2324 5595 (121;
2364 5537 2416 5580 v.
2446 5525 2577 5580 Arn.
2607 5525 2695 5593 IV,
2726 5524 2780 5580 3.

485 5525 600 5598 119)
637 5529 768 5582 Arn.
801 5524 893 5594 IlI,
924 5524 1014 5579 25.
