4022 6160
307 219 413 275 925

1339 221 1649 277 HISTORIA
1686 221 2234 278 MEDIOLANENSIS.
2273 251 2344 261 —
2383 222 2507 278 LIB.
2549 222 2640 277 ΙΙΙ.

3571 211 3680 269 926

307 351 358 402 et
389 345 706 416 opprimere
762 345 966 414 injuste
1005 343 1298 416 disposuit,
1358 345 1439 402 illi
1477 359 1618 416 quos
1675 346 1792 416 ipse
1848 345 2198 409 subAbeato
2239 347 2400 403 Petro
2429 345 2704 416 apostolo,
2751 341 3113 415 jurejurando
3161 341 3232 397 de
3278 355 3346 398 eo
3395 342 3544 396 tanta
3592 351 3682 394 ca-

304 434 578 506 quandam
617 433 985 490 obedientiam
1026 449 1192 504 super
1221 435 1442 491 eosdem
1472 434 1791 491 sacerdotes
1819 433 1956 490 mul-

305 524 375 579 tis
398 538 521 580 cum
554 523 812 594 capitulis
843 523 1135 580 animando
1166 524 1328 580 velud
1377 537 1580 594 porcos
1628 524 1952 590 immiserat,

306 613 384 669 illi
414 612 648 668 insidias
695 610 834 667 fama
875 613 1191 682 turpissima
1232 612 1548 683 pervolante
1596 612 1652 667 in
1702 612 1954 682 proximo

305 708 659 776 paraverunt.
701 701 858 758 Unde
888 703 1110 772 sapiens
1157 702 1414 759 Salomon
1462 703 1732 773 sapientia
1779 703 1884 759 sibi
1924 717 1956 758 a

306 796 416 850 Deo
472 791 674 849 collata
730 791 904 848 dicit:
960 792 1126 859 «Qui
1175 792 1298 848 aliis
1344 791 1551 849 foveam
1601 799 1776 863 parat,
1836 792 1955 863 ipse

305 881 505 939 incidit
542 881 600 936 in
641 894 758 936 eam
805 881 981 949 (Prov.
1015 896 1164 949 xxw,
1195 881 1305 952 27).
1340 901 1367 934 »
1399 881 1693 938 Venientes
1722 895 1956 951 namque

306 971 531 1042 quidam
588 970 911 1037 suburbani,
954 969 1185 1025 diversis
1251 984 1315 1026 ac
1379 971 1545 1026 variis
1609 970 1958 1041 dogmatibus

305 1059 532 1127 irretiti,
563 1065 619 1114 et
647 1058 902 1114 Arialdus
958 1058 1096 1128 ipse,
1158 1063 1214 1114 et
1267 1058 1385 1129 ipse
1426 1073 1588 1129 quem
1627 1059 1810 1115 animo
1843 1074 1957 1130 prae

307 1148 566 1204 omnibus
595 1147 882 1218 diligebat,
928 1151 982 1202 et
1012 1146 1309 1216 aliquantis
1357 1161 1479 1202 cum
1531 1147 1686 1202 laicis
1731 1147 1824 1218 qui
1861 1147 1957 1203 Gi-

305 1237 457 1293 rardi
510 1236 578 1292 de
637 1235 952 1293 Monteforti
999 1235 1291 1291 sententiis
1336 1235 1450 1292 fere
1498 1237 1956 1303 consentiebant,

308 1340 453 1397 quos
481 1326 600 1396 ipse
640 1325 803 1396 paulo
853 1333 912 1380 ut
950 1323 1094 1380 ﬁlios
1133 1324 1452 1396 complexus
1507 1325 1954 1392 deosculabatur,

305 1415 376 1471 ad
407 1429 695 1471 numerum
743 1413 858 1470 fere
903 1413 1117 1486 viginti,
1179 1428 1300 1470 cum
1359 1414 1610 1471 viderent
1666 1430 1788 1471 sese
1843 1415 1959 1470 suis

306 1504 808 1561 machinationibus
865 1503 1089 1574 suisque
1143 1504 1433 1560 latratibus
1489 1504 1700 1575 aliquid
1742 1505 1958 1561 medio-

305 1594 418 1650 lani
450 1593 647 1665 egisse,
683 1601 936 1664 tanquam
990 1608 1090 1664 pro
1139 1593 1346 1650 nichilo
1393 1595 1680 1662 habentes,
1731 1597 1958 1651 Romam

2035 433 2231 490 thedra
2262 435 2367 504 ipsi
2399 434 2761 505 collegerunt,
2793 437 2854 488 ut
2881 429 3030 502 quod
3066 442 3252 485 verum
3284 432 3403 484 erat
3439 424 3678 497 aperuit,

2037 529 2092 580 et
2121 525 2267 594 quod
2299 523 2490 580 falsum
2523 522 2792 580 obmutui.
2825 524 2890 578 Et
2937 521 3016 576 sic
3055 518 3188 575 falsa
3227 516 3420 588 religio
3461 515 3678 572 illorum

2038 612 2262 682 opilata,
2304 613 2407 668 sub
2439 613 2698 679 obscuro,
2732 625 2799 666 ne
2829 609 3062 665 diversis
3091 605 3427 663 cruciatibus
3473 608 3678 658 attere-

2037 700 2248 766 re'ntur,
2289 703 2488 758 Urbem
2538 702 2808 758 exierunt.
2860 698 2990 754 Mihi
3028 697 3122 768 qui
3168 699 3347 752 autem
3390 694 3511 749 haec
3557 705 3683 746 nar-

2039 791 2195 856 ravit,
2239 805 2380 847 unus
2435 789 2538 847 fuit
2587 806 2652 846 ex
2710 790 2842 856 illis,
2902 787 2996 858 qui
3053 786 3149 841 illo
3207 789 3455 853 tempore
3512 780 3681 836 nimia

2038 880 2432 948 superstitione
2471 895 2536 935 ac
2582 879 2872 935 vanissima
2922 875 3188 947 religione
3226 877 3287 928 ut
3334 871 3431 926 ﬁlii
3478 871 3681 926 Scaevae

2038 968 2288 1035 vallatus,
2329 969 2457 1024 huic
2497 974 2648 1024 tanto
2695 966 2841 1023 facto
2899 973 2955 1022 et
3011 961 3323 1019 inconsulto
3381 974 3502 1016 cum
3558 957 3682 1012 aliis

2039 1056 2319 1112 cathedris
2350 1056 2502 1129 (122)
2558 1062 2614 1113 et
2660 1058 2780 1128 ipse
2827 1051 3144 1111 interfuisse
3193 1049 3377 1106 verbis
3423 1045 3681 1104 terribili-

2040 1146 2144 1202 bus
2180 1145 2265 1201 “7°.

2111 1234 2200 1291 20.
2259 1233 2406 1306 (19.)
2457 1236 2589 1291 Cum
2644 1232 2704 1265 ⁸⁷¹
2764 1233 2976 1289 interea
3013 1229 3376 1287 Mediolanum
3431 1225 3686 1282 Arialdus

2040 1324 2313 1398 venisset,’
2351 1324 2604 1380 universa
2651 1321 3151 1380 ecclesiasticorum
3199 1319 3442 1375 virorum
3493 1315 3686 1370 videns

2041 1413 2222 1470 ofﬁcia
2277 1413 2512 1484 quadam
2570 1413 2940 1469 amentissima
2987 1425 3050 1466 ac
3089 1406 3499 1466 dementissima
3553 1418 3681 1460 cru-

2042 1501 2266 1558 delitate
2294 1516 2326 1558 a
2355 1501 2511 1558 malis
2543 1503 2656 1572 jam
2699 1502 2897 1558 doctus
2934 1498 3259 1557 Christianis
3298 1495 3384 1551 vel
3431 1508 3462 1549 a
3501 1491 3686 1564 porcis

2043 1591 2282 1647 coanosis
2325 1591 2639 1648 conculcari
2678 1597 2734 1646 et
2789 1590 3111 1646 Arianorum
3168 1584 3505 1657 argumentis
3553 1595 3685 1636 san-

305 1688 368 1739 ut
392 1682 756 1753 apostolicum
804 1687 1136 1753 temptarent
1174 1683 1510 1753 omninoque
1558 1683 1952 1754 deprimerent,
1976 1685 2157 1742 Bctas
2187 1680 2474 1750 depravari
2505 1680 2818 1750 Scripturas
2846 1687 2902 1734 et
2948 1685 3009 1734 ut
3055 1689 3218 1732 canes
3267 1671 3564 1729 saavissime
3603 1669 3686 1724 di-

305 1771 585 1827 adierunt.
626 1772 889 1839 Quicum
946 1771 1002 1826 in
1062 1772 1265 1841 palatio
1326 1774 1692 1829 Lateranense
1749 1786 1957 1829 conve-

306 1861 541 1928 nissent,
573 1861 757 1916 verbis
802 1860 1164 1930 apertissimis
1211 1860 1351 1916 male
1391 1860 1670 1917 diﬁamare
1718 1861 1958 1917 Alexan-

307 1949 468 2005 drum
507 1956 815 2020 caaperunt,
849 1949 1098 2006 dicentes
1135 1949 1314 2020 ipsum
1362 1950 1549 2006 sedem
1597 1950 1956 2021 apostolicam

305 2037 592 2105 invasisse,
626 2044 682 2095 et
711 2039 866 2110 quasi
897 2038 984 2095 fur
1014 2046 1069 2094 et
1108 2039 1248 2095 latro
1279 2053 1388 2095 non
1440 2054 1540 2110 per
1573 2040 1812 2096 hostium
1859 2040 1958 2095 sed

309 2139 412 2197 per
441 2125 657 2183 culmen
687 2126 968 2194 intrasset,
1014 2145 1042 2178 «
1100 2131 1155 2183 et
1194 2127 1343 2196 quod
1400 2127 1550 2184 dono
1601 2127 1697 2183 Dei
1755 2128 1959 2183 habere

307 2215 522 2283 debuit,
563 2215 668 2271 hoc
717 2230 817 2285 per
864 2216 1245 2271 detestabilem
1284 2215 1580 2272 Simoniam
1619 2215 1954 2287 adquisivit;

307 2304 456 2360 unde
514 2303 722 2360 nullum
762 2305 1002 2360 divinum
1045 2304 1363 2374 mysterium
1413 2305 1695 2362 celebrare
1755 2310 1954 2374 potest.

312 2395 504 2461 Itaque
561 2405 664 2447 nos
709 2391 754 2447 si
794 2391 1032 2461 populus
1078 2394 1361 2449 Romanus
1397 2393 1652 2460 voluerit,
1689 2393 1959 2464 judicium

311 2480 701 2551 quodcumque
753 2480 990 2537 voluerit
1029 2481 1112 2537 vel
1161 2483 1427 2553 exegerit,
1483 2488 1543 2538 ut
1597 2489 1846 2552 apertum
1905 2487 1961 2539 et

308 2568 678 2636 manifestum,
713 2569 860 2640 quod
893 2570 961 2626 de
996 2585 1062 2626 eo
1106 2569 1423 2639 asserimus,
1483 2571 1602 2627 sine
1640 2585 1793 2628 mora
1855 2586 1959 2641 ap-

311 2663 523 2727 pareat,
557 2656 738 2714 facere
777 2659 1109 2728 paratissimi
1148 2674 1357 2714 sumus.
1393 2681 1418 2709 ιο
1453 2660 1626 2730 Igitur
1655 2659 1814 2714 multi
1845 2661 1962 2715 lio-

309 2747 456 2802 mani
488 2748 649 2816 probi
678 2748 958 2818 sapientes
1007 2754 1172 2819 atque
1212 2747 1438 2804 discreti
1485 2749 1605 2805 haec
1651 2748 1958 2815 audientes,

308 2835 559 2907 quicum
599 2842 783 2892 essent
821 2837 877 2892 in
920 2837 1099 2906 Italia,
1151 2843 1205 2893 et
1251 2837 1618 2893 Mediolanum
1677 2838 1747 2893 ob
1807 2837 1962 2907 regni

311 2925 533 2996 negotia
563 2925 968 2994 convenissent,
1009 2932 1065 2982 et
1102 2925 1497 2982 clandestinam
1537 2933 1767 2996 pestem,
1801 2940 1962 2996 quam

2041 1769 2293 1837 lacerari,
2327 1775 2382 1824 et
2425 1769 2605 1838 ipsum
2654 1769 2739 1824 sui
2778 1767 2906 1823 facti
2947 1765 3261 1836 paeniteret,
3310 1761 3506 1817 dolens
3553 1757 3686 1827 quid

2040 1863 2229 1929 ageret
2256 1872 2442 1914 secum
2491 1857 2676 1914 rimari
2727 1857 2884 1927 quasi
2937 1869 3060 1911 cum
3106 1853 3215 1909 alio
3254 1849 3444 1920 ccepit.
3494 1849 3686 1916 Itaque

2041 1961 2164 2004 cum
2211 1947 2560 2004 sacerdotum
2617 1947 2860 2003 omnium
2917 1945 3195 2013 totiusque
3245 1937 3482 1996 civitatis
3509 1933 3689 1992 solitis

2040 2038 2310 2105 moribus,
2363 2037 2522 2107 quasi
2563 2037 2804 2094 hominis
2852 2035 3014 2091 unius
3053 2038 3380 2090 conventum
3415 2041 3538 2084 cum
3569 2024 3688 2095 pri-

2041 2127 2268 2182 micerio
2309 2139 2519 2192 eorum,
2562 2127 2691 2181 dum
2733 2126 2791 2181 in
2832 2123 3176 2195 presbyterio
3227 2121 3384 2176 locus
3423 2128 3687 2172 reveren-

2041 2215 2145 2270 dus
2174 2229 2241 2270 ex
2280 2214 2522 2284 propriis
2569 2219 2625 2270 et
2670 2214 2997 2270 comunibus
3044 2210 3282 2282 negotiis
3337 2208 3426 2263 die
3482 2211 3688 2262 statuto

2040 2304 2270 2359 adunari
2319 2304 2700 2374 comperisset,
2762 2302 3012 2373 privatim
3068 2313 3178 2355 uno
3218 2304 3430 2353 tantum
3485 2293 3690 2349 clerico

2040 2393 2276 2462 stipatus
2305 2407 2426 2448 cum
2456 2391 2671 2448 Domini
2711 2405 2875 2447 cruce
2932 2389 3081 2446 venit
3137 2389 3192 2442 in
3232 2385 3491 2442 medium.
3533 2383 3692 2438 Cum-

2043 2495 2148 2550 que
2180 2481 2274 2536 diu
2307 2481 2449 2536 intra
2488 2496 2547 2536 se
2597 2481 2846 2551 cogitans
2885 2479 3085 2535 tacitus
3132 2480 3458 2540 moraretur,
3510 2472 3694 2542 lacry-

2044 2570 2147 2624 mis
2177 2569 2480 2640 largissime
2520 2569 2964 2636 decurrentibus,
3007 2568 3208 2625 talibus
3257 2565 3478 2622 tandem
3508 2561 3692 2619 verbis

2044 2658 2277 2713 adorsus
2307 2663 2425 2713 est:
2459 2676 2488 2709 «
2518 2661 2561 2712 Ο
2591 2663 2894 2713 conventus
2939 2663 2994 2713 et
3041 2671 3074 2713 o
3114 2660 3318 2726 patres,
3371 2652 3538 2708 multa
3587 2663 3690 2720 pro

2045 2747 2165 2815 ipsa
2221 2761 2431 2802 summa
2480 2746 2781 2802 reverenda
2828 2746 2991 2802 solita
3039 2748 3242 2816 pietate
3289 2742 3457 2800 vestri
3503 2754 3688 2796 sacer-

2046 2834 2184 2890 dotii
2215 2835 2349 2890 mihi
2394 2836 2626 2905 parcite,
2659 2837 2918 2892 inmerito
2959 2841 3010 2892 et
3052 2834 3308 2891 omnibus
3353 2829 3692 2886 facinoribus

2045 2923 2246 2992 quibus
2294 2924 2492 2978 misera
2548 2922 2815 2994 fragilitas
2871 2925 3107 2980 humana
3153 2920 3382 2979 offendit
3410 2919 3626 2976 irretito
3659 2938 3688 2970 »

310 3016 433 3085 ipse
465 3029 563 3084 per
593 3015 904 3085 hujusmodi
937 3016 1188 3071 homines
1225 3016 1430 3071 ibidem
1479 3016 1798 3082 immiserat,
1833 3030 1955 3071 cum
1978 3011 2020 3070 Ο
2048 3025 2193 3068 nunc
2258 3011 2443 3068 debita
2498 3012 2854 3068 sceleratoria
2910 3013 3042 3068 mihi
3098 3012 3408 3068 condonate
3466 3009 3688 3064 misero.

312 3104 488 3160 multo
517 3104 782 3175 sanguine
821 3105 1176 3160 exercitatam
1225 3104 1645 3174 comperissent,
1688 3105 1959 3175 agebant:

316 3193 477 3249 Enim
500 3193 649 3262 justa
680 3193 953 3263 dignaque
982 3207 1072 3248 res
1103 3199 1204 3260 est,
1233 3200 1292 3248 ut
1320 3192 1414 3248 ille
1463 3193 1558 3264 qui
1605 3206 1737 3248 suos
1780 3193 1965 3262 porcis

316 3289 486 3352 atque
516 3281 868 3351 serpentibus
906 3281 1178 3337 commisit
1216 3281 1380 3348 ﬁlios,
1421 3281 1489 3337 ab
1527 3280 1639 3336 illis
1666 3295 1823 3336 versa
1846 3281 1965 3338 vice

315 3370 630 3425 diffamatus
660 3370 1006 3439 dampnetur,
1057 3375 1111 3424 et
1160 3370 1287 3425 dum
1328 3369 1455 3425 illos
1502 3384 1601 3439 per
1648 3369 1964 3439 hujusmodi

316 3459 574 3516 homines
625 3459 938 3529 Opprimere
992 3457 1286 3527 disposuit,
1345 3459 1413 3513 ab
1470 3457 1582 3512 illis
1637 3457 1968 3513 dilaceratus

314 3556 487 3619 atque
527 3547 844 3615 distractus,
876 3549 969 3617 qui
1009 3561 1118 3602 una
1155 3547 1210 3601 in
1269 3545 1444 3616 patria
1499 3560 1684 3602 secum
1743 3545 1857 3602 nati
1913 3549 1970 3600 et

314 3638 437 3694 aliti
477 3645 625 3704 sunt,
659 3636 1002 3693 Simoniacus
1032 3643 1260 3692 vocetur
1289 3641 1344 3691 et
1391 3635 1786 3691 convinciatur.
1839 3634 1969 3701 Quis

313 3727 378 3758 ⁸⁸⁸
450 3728 564 3783 suis
630 3726 887 3796 capitulis
951 3724 1174 3795 suisque
1240 3724 1719 3781 exhortationibus
1773 3723 1970 3780 imbuti

316 3816 488 3888 digne
528 3817 647 3886 ipsa
676 3817 732 3870 in
772 3821 934 3883 caput
971 3817 1212 3879 vertunt,
1262 3827 1326 3868 ac
1374 3812 1732 3868 ecclesiarum
1778 3826 1968 3867 sacer-

317 3906 550 3964 dotibus
578 3911 632 3960 et
679 3904 978 3974 episcopis,
1031 3902 1240 3958 nullum
1299 3908 1551 3958 tenentes
1609 3901 1969 3973 episcopum,

320 4004 379 4053 ut
439 3995 616 4065 porci,
669 3994 818 4064 quod
879 3992 1089 4048 Veritas
1146 3991 1304 4058 dicit,
1371 4000 1652 4062 appareat,
1721 3991 1972 4046 conversi

318 4087 669 4155 disrumpant
700 4083 1002 4140 universos.
1029 4102 1056 4134 »
1079 4084 1293 4138 Interea
1313 4082 1440 4138 dum
1467 4082 1587 4138 haec
1616 4080 1756 4137 fama
1784 4083 1972 4137 Romae

320 4175 480 4231 urbis
519 4175 773 4243 regiones
810 4171 1235 4240 supervolasset,
1268 4185 1398 4227 ecce
1437 4170 1822 4240 Oldepraudus
1861 4171 1976 4225 Ro-

320 4263 524 4320 maniae
553 4262 802 4318 ecclesia:
832 4260 1274 4326 archidiaconus,
1306 4260 1400 4330 qui
1435 4267 1489 4316 et
1517 4260 1637 4329 ipse
1661 4259 1971 4316 Alexandro

2045 3103 2157 3172 Ego
2223 3116 2362 3166 sum,
2424 3102 2518 3172 qui
2583 3109 2773 3158 saneta
2831 3103 3060 3159 canibus
3115 3103 3356 3158 virorum
3423 3099 3692 3170 sanguine

2045 3204 2254 3246 summa
2283 3190 2542 3247 aviditate
2581 3191 2930 3248 anelantibus
2979 3198 3172 3248 contra
3220 3193 3470 3246 sanctum
3519 3201 3689 3244 evan-

2045 3277 2248 3350 gelium
2289 3293 2478 3350 agens,
2516 3295 2642 3336 nec
2682 3295 2766 3336 me
2825 3295 2926 3336 nec
2965 3281 3215 3336 ordinem
3267 3277 3560 3333 attendens
3613 3277 3696 3330 in-

2048 3367 2286 3422 discrete
2326 3369 2474 3423 dedi.
2509 3369 2646 3434 Quin
2678 3370 2842 3424 etiam
2891 3382 2993 3438 ego
3041 3382 3180 3434 sum,
3231 3366 3326 3437 qui
3373 3371 3567 3422 contra
3610 3364 3695 3419 fas

2049 3461 2103 3510 et
2141 3455 2351 3510 licitum
2381 3469 2478 3511 vos
2509 3463 2564 3511 et
2591 3463 2771 3512 vestra
2800 3455 3130 3512 diﬁ‘amando
3182 3456 3438 3524 nequiter
3485 3453 3695 3510 odiosis

2048 3544 2180 3599 viris
2236 3557 2300 3599 ac
2359 3551 2522 3600 terrae
2563 3545 2754 3600 bestiis
2809 3544 3122 3601 inconsulte
3171 3543 3392 3599 tradidi.
3453 3541 3694 3598 Proinde

2049 3631 2209 3688 video
2250 3646 2350 3702 per
2398 3632 2569 3688 visum
2595 3675 2608 3698 ,
2663 3634 2796 3688 meis
2842 3641 2897 3688 et
2953 3632 3144 3703 populi
3185 3631 3428 3702 peccatis
3465 3629 3694 3700 exigen-

2049 3721 2219 3789 tibus,
2258 3722 2434 3777 sancti
2463 3723 2736 3778 Ambrosii
2766 3723 3017 3779 ordiuem
3057 3737 3120 3778 ac
3160 3721 3405 3792 ejusdem
3443 3719 3695 3776 ecclesiae

2051 3811 2266 3867 culmen
2325 3811 2637 3868 conculcari
2686 3820 2740 3868 et
2779 3813 3028 3868 cominus
3075 3811 3351 3868 demoliri.
3407 3811 3695 3880 Cognosco

2055 3908 2324 3972 praeterea
2354 3909 2408 3956 et
2436 3903 2493 3958 in
2533 3903 2760 3958 veritate
2799 3903 3082 3973 comperio
3110 3901 3461 3972 parvulorum
3489 3898 3696 3956 multo-

2053 4006 2173 4047 rum
2205 4005 2394 4047 necem
2432 3991 2552 4048 sine
2580 3992 2926 4063 baptismate,
2960 3991 3109 4063 quod
3140 3998 3225 4048 est
3264 3996 3547 4062 peccatum
3578 4003 3699 4045 cru-

2055 4080 2393 4136 delissimum
2451 4087 2506 4135 et
2563 4081 2704 4136 ultra
2760 4081 2978 4137 modum
3019 4081 3396 4152 gravissimum
3453 4077 3699 4134 feraliter

2054 4171 2476 4236 incurrentium,
2536 4171 2668 4240 quin
2717 4171 2882 4225 etiam
2928 4171 3031 4226 sub
3076 4170 3307 4226 obtentu
3363 4168 3514 4223 falsae
3572 4165 3700 4221 reli-

2057 4259 2238 4330 gionis
2283 4259 2553 4314 adulteria
2598 4257 3018 4312 innumerabilia
3064 4272 3129 4312 ac
3165 4255 3561 4312 fornicationes
3597 4267 3696 4308 so-

321 4351 560 4408 aemulus
589 4351 952 4405 insidiabatur
989 4353 1045 4404 et
1083 4347 1338 4404 omnibus
1383 4348 1620 4418 negotiis
1666 4349 1785 4418 ipse
1835 4341 2348 4417 prm-Ddomiticas
2411 4347 2609 4403 multas
2663 4361 2727 4401 ac
2786 4345 3048 4401 diversas.
3105 4346 3254 4399 Inter
3298 4349 3498 4398 caetera
3536 4341 3696 4396 video

322 4450 406 4498 ter
473 4440 622 4496 sedis
686 4439 1005 4509 apostolicae
1063 4437 1366 4493 dominium
1416 4436 1480 4467 ⁵⁶⁹
1539 4437 1924 4493 dominabatur
1955 4480 1970 4505 ,

323 4530 581 4587 clanculo
612 4529 680 4584 ad
720 4543 779 4583 se
809 4528 992 4583 vocari
1023 4527 1124 4582 hos
1173 4539 1364 4582 omnes
1411 4527 1710 4594 praecepit;
1767 4533 1823 4581 et
1878 4526 1973 4581 diu

329 4635 433 4690 per
461 4618 642 4676 omnia
687 4617 906 4672 illorqu
945 4630 1160 4672 causam
1209 4614 1517 4681 sciscitans,
1575 4614 1971 4684 aliquantulum

329 4708 590 4764 conscius
627 4704 756 4762 facti
786 4705 1100 4771 Alexandri,
1142 4704 1267 4760 illos
1304 4717 1471 4773 super
1517 4703 1830 4773 hujusmodi
1879 4717 1974 4758 ne-

329 4797 538 4866 gotium
585 4793 853 4849 incitavit.
895 4793 1033 4860 Quid
1093 4791 1302 4847 multa?
1365 4793 1429 4846 Ut
1467 4796 1648 4846 autem
1706 4798 1973 4846 venerunt

329 4885 396 4941 ad
442 4886 609 4949 diem,
655 4897 766 4953 quo
817 4883 1084 4951 judicium
1141 4882 1368 4936 absente
1427 4889 1608 4936 tamen
1663 4881 1970 4950 apostolico

331 4988 429 5044 per
465 4972 670 5029 ferrum
700 4971 1088 5028 calidissimum
1128 4977 1401 5042 ageretur,
1433 4975 1710 5026 annuente
1756 4972 1867 5026 Deo
1917 4977 1972 5027 et

2057 4434 2427 4504 quamplures,
2467 4437 2722 4491 sensibus
2751 4432 3062 4504 depravatis
3089 4447 3153 4487 ac
3190 4431 3392 4486 Ariano
3443 4429 3696 4500 dogmate

2055 4523 2301 4578 seductis
2337 4530 2579 4578 sanctam
2633 4524 2994 4594 depravantes
3030 4521 3389 4590 Scripturam,
3434 4520 3546 4588 jam
3585 4528 3695 4570 non

2057 4614 2149 4682 qui
2186 4613 2550 4679 sacerdotem,
2586 4628 2692 4670 nou
2726 4614 3064 4683 episcopum,
3111 4623 3222 4666 non
3251 4621 3521 4665 summum
3553 4619 3695 4676 pon-

2056 4702 2256 4758 tiﬁcem
2276 4705 2667 4768 Romanorum,
2689 4702 2759 4757 ad
2791 4702 3036 4758 ultimum
3071 4713 3179 4756 non
3210 4698 3376 4755 ullam
3406 4697 3695 4752 ecclesiam

2055 4793 2404 4849 conﬁtentur.
2447 4792 2807 4859 Quamobrem
2849 4790 2980 4846 mihi
3041 4788 3254 4845 veniam
3312 4787 3459 4853 date,
3501 4791 3557 4841 et
3596 4798 3695 4854 pro

2056 4896 2188 4952 pace
2219 4880 2468 4936 ecclesiae
2515 4880 2795 4936 humiliter
2831 4885 3076 4935 exorate.
3118 4879 3232 4948 Ego
3269 4878 3382 4932 Deo
3420 4879 3696 4930 annuente

2055 4971 2252 5026 exinde
2281 4978 2342 5026 ut
2371 4969 2666 5026 scismatici
2695 4969 2810 5025 suis
2839 4983 2960 5025 cum
2983 4967 3320 5039 argumentis
3348 4963 3692 5030 discendant,

1683 5095 1904 5150 VARl/E
1957 5096 2342 5152 LECTIONES.

403 5195 469 5229 ³⁸⁸
513 5195 664 5266 iique
705 5193 813 5266 BI.
862 5192 926 5266 ἔθ’
957 5192 1086 5266 dum
1125 5193 1184 5247 B.
1261 5191 1776 5266 "Pterribilissimis
1820 5193 1913 5266 Af.
1989 5193 2071 5266 ⁵⁷¹ί
2113 5193 2311 5249 Titulus
2335 5215 2365 5266 :7
2396 5191 2752 5266 ,DeArialdi
2809 5190 3180 5258 confessione,
3221 5187 3582 5266 cum_spiritu
3639 5188 3696 5266 in

334 5269 560 5338 naribus
574 5259 952 5338 'apparuit‘ira
979 5264 1174 5321 subtus
1203 5263 1384 5320 verbis
1412 5263 1790 5322 velocissimis.
1821 5265 1912 5322 A*.
1946 5265 2190 5334 Qualiter
2225 5265 2480 5324 Arialdus
2507 5264 2565 5321 in
2603 5265 2949 5338 presbyterio
2988 5279 3048 5321 se
3095 5275 3308 5320 errasse
3356 5259 3694 5318 lacrimando

1915 5409 2112 5466 NOTE

335 5333 750 5396 confessus—est.
781 5333 895 5391 rell.

301 5510 309 5517 ‘
408 5505 558 5580 (122)
592 5508 845 5564 Fortasse
875 5503 1021 5562 idem
1050 5503 1200 5576 quod
1230 5503 1440 5562 Ghatcri
1477 5518 1527 5562 c.
1567 5504 1672 5573 29;
1706 5505 1776 5562 cf.
1809 5521 1860 5563 c.
1893 5505 1984 5561 31.
