4056 6150
441 190 548 245 92⁷
1518 210 1847 266 LANDULFI
1888 210 2418 267 MEDIOLANENSIS
2453 210 2718 267 CLERICI
3656 212 3743 266 928

441 330 498 417 et
552 341 651 385 vos
686 329 744 387 in
794 346 929 402 pace
966 334 1227 394 diuturna
1273 347 1330 396 et
1375 341 1602 399 caritate
1648 343 1811 400 solita
1849 343 2150 406 feliciterA
2168 343 2423 401 omnibus
2451 344 2567 402 suis
2595 346 2927 417 expoliatum
2958 346 3120 403 bonis
3137 345 3743 403 distrahebant.ODeust

441 415 656 486 vivatis,
687 433 911 492 operam
950 427 1100 482 omni
1130 428 1273 485 dabo
1302 432 1610 489 conamine.
1644 452 1672 486 »
1713 436 1956 505 Cumque
1996 434 2083 489 his
2168 434 2533 503 Imperatores
2588 415 2875 507 gentilium
2914 436 2984 492 de
3031 437 3141 491 Deo
3176 448 3305 491 vero
3360 434 3569 491 omnino
3603 435 3744 506 ignari

439 507 694 564 Arialdus
756 513 938 569 verbis
1003 516 1164 573 ﬁnem
1229 519 1611 589 imposuisset,
1679 532 1734 580 et
1799 525 2087 581 universos
2168 535 2278 578 non
2317 523 2479 579 talem
2518 524 2691 596 legem
2754 525 2870 581 suis
2917 524 3296 581 sacerdotibus
3344 522 3630 579 ediderunt.
3662 525 3746 580 Sed

443 596 582 652 mala
613 602 893 667 praeterita
953 608 1306 664 memorando
1363 610 1771 682 inﬂammasset,
1830 615 2086 671 omnibus

441 690 863 774 contacentibus
901 698 957 748 et
1011 694 1181 751 nichil
1225 700 1710 771 respondentibus,
1761 704 1918 774 quasi
1963 700 2087 774 gra-

441 773 678 833 vissimis
751 781 1072 838 verberibus
1143 784 1339 843 fuisset
1412 790 1664 860 attritus,
1741 773 1983 848 minans
2029 797 2086 848 et

441 867 679 921 aestuans
709 872 764 922 et
801 868 1126 928 insalutatus
1174 878 1422 934 recessit.
1475 882 1549 935 Ea
1598 886 1923 951 tempestate
1961 895 2084 937 cum

439 953 725 1010 Anselmus
762 957 878 1012 vice
904 974 1091 1017 comes
1132 963 1358 1022 Romam
1387 969 1656 1026 orationis
1686 985 1849 1026 causa
1887 971 2084 1027 devote

437 1041 553 1130 suis
589 1055 712 1098 cum
751 1046 1017 1105 militibus
1062 1061 1434 1124 properasset,
1487 1063 1542 1113 et
1589 1060 1707 1129 ipse
1755 1060 1823 1115 ab
1863 1065 2086 1130 aposto-

436 1127 546 1186 lico
601 1131 910 1192 Alexandro
968 1139 1037 1194 de
1075 1146 1221 1197 statu
1261 1145 1414 1201 urbis
1450 1161 1515 1203 ac
1564 1127 1776 1204 ordinis
1824 1127 2085 1205 ecclesia-

436 1217 561 1273 stici
600 1220 913 1280 sciscitatus
939 1233 1104 1296 esset,
1148 1234 1474 1302 respondit:
1521 1256 1548 1287 ‹‹
1591 1238 1743 1292 Enim
1773 1252 1804 1293 a
1833 1242 2082 1308 tempore

434 1320 546 1376 quo
576 1311 776 1378 patalia
809 1321 994 1372 nostra
1025 1318 1081 1373 in
1127 1321 1345 1379 civitate
1390 1325 1655 1395 insonuit,
1697 1329 1949 1390 universa
1998 1328 2083 1383 di-

434 1396 559 1452 vina
597 1402 653 1454 et
708 1400 965 1474 humana,
1018 1408 1180 1465 bellis
1218 1412 1513 1483 intestinis,
1574 1417 1783 1473 civibus
1838 1419 1985 1473 inter
2020 1431 2080 1473 se

2167 626 2363 669 novum
2396 614 2654 684 placitum
2693 628 2833 671 nova
2885 614 3040 671 dedit
3098 617 3390 684 praecepta,
3450 626 3565 683 qua:
3605 612 3747 670 Julius

2165 704 2347 759 Caesar
2382 704 2466 759 vel
2505 706 2649 761 Nero
2688 710 2782 761 aut
2835 705 3176 771 Maximinus,
3233 703 3281 758 si
3333 703 3502 758 adhuc
3547 702 3746 758 viverent

2167 792 2349 849 animo
2388 796 2444 850 et
2482 807 2735 864 corpore,
2795 807 3090 866 numquam
3142 791 3447 848 laudarent.
3492 791 3583 859 Qui
3617 792 3747 847 etiam

2167 882 2604 950 Herlembaldus,
2636 898 2759 940 cum
2817 884 3039 939 domum
3097 896 3206 960 non
3263 881 3486 936 haberet
3518 886 3613 935 tam
3662 894 3748 935 am-

2167 971 2333 1041 plam,
2374 976 2434 1028 ut
2491 986 2623 1029 suos
2677 973 2925 1044 recipere
2974 977 3181 1043 posset,
3240 970 3457 1027 domum
3505 968 3746 1039 palatinam

2166 1074 2415 1131 magnam
2446 1076 2569 1117 cum
2599 1068 2753 1118 curte
2792 1061 3213 1131 admirabilique
3258 1058 3510 1115 viridario
3552 1062 3603 1112 et
3632 1057 3748 1113 dele-

2166 1148 2377 1217 ctabili,
2409 1164 2532 1220 qua:
2561 1156 2689 1207 ante
2718 1150 3007 1207 ecclesiam
3054 1150 3231 1205 sancti
3278 1148 3507 1213 Victoris
3548 1145 3611 1199 40
3640 1160 3748 1201 mar-

2164 1241 2344 1307 tyrum
2383 1240 2719 1309 morabatur,
2770 1244 2831 1296 ut
2885 1253 3016 1296 suos
3053 1240 3330 1308 reciperet
3375 1235 3746 1301 consentientes,

2164 1332 2224 1381 ut
2262 1327 2425 1383 etiam
2464 1342 2639 1399 equos
2676 1335 2733 1385 et
2777 1328 2954 1385 mulas
2990 1327 3223 1396 foveret,
3265 1325 3547 1383 criminose
3572 1323 3744 1377 invasit.

2232 1415 2321 1469 22.
2353 1417 2487 1488 (21.)
2521 1420 2736 1475 Interea
2764 1418 2829 1451 ⁵⁷⁸
2875 1418 3175 1489 aliquantis
3227 1414 3514 1473 transactis
3555 1412 3744 1479 diebus,

434 1484 726 1578 durissima
794 1492 1194 1565 praeliantibus,
1255 1504 1308 1555 et
1365 1504 1749 1561 sacerdotibus
1787 1505 1938 1562 falsis
1976 1520 2076 1563 oc-
2153 1484 2384 1575 jubente
2424 1484 2603 1563 tamen
2661 1509 2784 1578 ipso
2842 1484 3256 1575 Herlembaldo,
3316 1507 3661 1561 convenerunt
3702 1500 3745 1555 in

433 1573 748 1633 casionibus
814 1580 1109 1640 criminose
1165 1588 1491 1658 vituperatis
1548 1593 1693 1650 ultra
1731 1596 1973 1663 modum,
2018 1599 2078 1650 ut

2161 1596 2462 1652 secretario
2502 1595 2789 1668 utriusq‘ue
2835 1599 3006 1668 partis
3052 1597 3268 1655 ordinis
3305 1601 3507 1651 tantum
3540 1590 3745 1649 ecclesia-

427 1662 539 1732 jam
575 1664 685 1720 ulla
715 1680 824 1724 non
864 1672 936 1726 sit
974 1687 1064 1729 res
1102 1677 1285 1733 ordini
1324 1686 1527 1737 nostras
1576 1683 1827 1740 ecclesiae
1874 1677 2285 1754 promi-Bstici
2317 1693 2510 1742 natura
2530 1693 2586 1743 et
2624 1686 2854 1742 scientia
2886 1689 3142 1757 majores,
3176 1692 3449 1757 quatenus
3491 1694 3636 1751 super
3665 1679 3744 1735 hoc

431 1765 584 1822 seua,
618 1758 938 1815 conculcata
967 1768 1115 1819 sunt.
1150 1783 1178 1817 »
1211 1768 1309 1822 Cui
1334 1768 1570 1827 domnus
1597 1772 1923 1840 Alexander,
1954 1787 2074 1829 ma-

433 1841 535 1932 tris
564 1848 871 1903 reverentia
902 1856 1080 1908 tactus
1110 1853 1218 1910 alta
1258 1862 1313 1912 et
1358 1858 1523 1930 longa
1571 1862 1796 1917 trahens
1839 1863 2077 1932 suspiria

433 1930 547 2022 ait:
582 1947 613 1988 ι(
643 1935 924 1994 Convertit
952 1941 1095 1998 Deus
1133 1958 1321 2002 eorum
1362 1962 1478 2016 cor,
1527 1955 1589 2005 ut
1638 1951 1861 2008 odirent
1906 1930 2079 2022 popu-

433 2019 545 2112 lum
575 2036 753 2092 suum,
787 2033 843 2082 et
881 2029 1066 2086 dolum
1113 2032 1358 2093 facerent
1403 2037 1460 2093 in
1511 2054 1700 2097 servos
1757 2019 2079 2112 ejus—Ana-

434 2109 615 2201 thema
667 2119 983 2175 maranatha
1012 2121 1085 2178 sit
1123 2124 1431 2194 damnatus,
1487 2130 1581 2201 qui
1622 2109 1880 2201 placitum
1941 2131 2073 2187 illud

434 2198 566 2255 mihi
596 2202 859 2262 inchoare
887 2206 1036 2266 fecit.
1080 2230 1109 2264 »
1152 2215 1269 2271 Hoc
1315 2217 1465 2275 dicto
1504 2198 1903 2292 vox—quaedam
1957 2221 2077 2277 sine

433 2301 670 2358 persona
698 2299 1023 2365 respondit:
1061 2319 1090 2354 «
1122 2305 1259 2373 Fiat,
1294 2309 1431 2375 Fiat,
1474 2309 1611 2365 Fiat.
1646 2329 1676 2363 »

502 2378 594 2434 21.
640 2381 785 2456 (20.)
816 2388 950 2444 Cum
980 2390 1042 2421 ⁸⁷³
1079 2392 1200 2449 haec
1238 2402 1360 2451 acta
1396 2396 1648 2466 inissent,
1690 2399 2077 2457 Herlembaldo

432 2466 502 2522 de
531 2467 619 2525 his
648 2475 905 2531 omnibus
933 2478 1243 2550 ignorante,
1277 2486 1433 2553 quasi
1473 2486 1649 2543 hostis
1694 2488 1762 2543 ab
1811 2489 1947 2545 urbe
1986 2503 2077 2545 ex-

434 2554 608 2624 pulsis
638 2562 961 2633 capitaneis,
995 2569 1185 2639 populi
1223 2578 1379 2642 parte
1426 2575 1658 2631 maxima
1705 2591 1805 2647 per
1848 2578 2077 2634 nimium

432 2659 557 2702 cum
585 2648 709 2719 ipso
750 2652 1056 2723 praeliante,
1092 2672 1307 2717 omnem
1362 2663 1499 2720 iram
1547 2678 1875 2737 omnemque
1917 2666 2075 2724 furo-

431 2749 545 2792 rem
575 2751 742 2826 supra
769 2744 1107 2816 sacerdotes,
1151 2755 1209 2805 ut
1251 2757 1410 2809 antea
1459 2769 1754 2826 numquam
1801 2762 1885 2813 est
1921 2758 2077 2813 audi-

431 2828 567 2893 tum,
625 2825 831 2887 furiose
887 2837 1180 2893 convertit.
1232 2841 1447 2900 Etenim
1500 2850 1560 2900 ut
1610 2825 1712 2901 hei
1770 2851 2076 2902 mereretur

429 2912 591 3005 iram,
621 2920 780 2987 cujus
808 2921 889 2976 ira
936 2926 1091 2981 tarda
1131 2934 1214 2983 est
1260 2937 1315 2985 et
1362 2934 1473 2988 cito
1523 2935 1864 3005 propitiatio,
1906 2935 2074 2991 multa

2158 1777 2437 1846 negotium
2468 1777 2726 1847 capitulis
2764 1783 2820 1833 et
2849 1776 3142 1833 sententiis
3178 1775 3498 1831 alterutrum
3534 1771 3743 1827 rimaren-

2158 1868 2268 1931 tur,
2300 1870 2355 1921 et
2384 1880 2746 1936 quaecumque
2776 1881 2904 1937 pars
2928 1867 3142 1922 ratione
3172 1865 3597 1927 convinceretur,
3621 1858 3742 1913 alteri

2158 1955 2450 2025 subjacens
2478 1956 2751 2012 obediret.
2794 1957 2875 2012 Ab
2913 1969 3022 2011 una
3078 1958 3236 2026 parte
3288 1952 3565 2010 Guibertus
3609 1947 3743 2003 archi-

2160 2043 2427 2100 diaconus
2455 2045 2742 2116 utriusque
2794 2045 2995 2117 linguae
3053 2044 3338 2115 magister,
3395 2047 3450 2097 et
3481 2036 3741 2097 Ambrosius

2160 2132 2326 2189 Biﬁ‘us
2350 2134 2444 2203 qui
2475 2141 2523 2188 et
2559 2134 2847 2201 diaconus,
2876 2141 2927 2190 et
2967 2133 3269 2189 Ardericus
3298 2130 3391 2203 qui
3427 2134 3480 2186 et
3510 2127 3737 2190 diaconus,

2161 2225 2316 2293 cujus
2353 2237 2457 2279 vox
2485 2223 2633 2279 velut
2657 2225 2872 2280 sonitus
2918 2237 3183 2294 aquarum
3237 2221 3551 2285 multarum;
3590 2216 3647 2272 de
3675 2215 3742 2269 de-

2161 2312 2407 2368 cumanis
2435 2317 2617 2368 autem
2644 2313 2890 2369 Andreas
2936 2312 3225 2379 sacerdos,
3276 2313 3333 2367 in
3378 2307 3563 2366 divinis
3598 2313 3643 2361 et
3671 2304 3738 2359 hu-

2160 2401 2335 2456 manis
2387 2402 2592 2457 Graecis
2642 2406 2698 2458 et
2734 2402 2941 2457 Latinis
2986 2400 3340 2457 sermonibus
3380 2398 3542 2454 virilis
3582 2408 3659 2449 seu
3692 2389 3738 2421 ⁸⁷³

2160 2490 2415 2546 decorus.
2453 2490 2534 2545 Ab
2572 2489 2745 2546 altera
2773 2504 2903 2547 vero
2950 2496 3107 2561 parte
3143 2489 3403 2545 Arialdus
3454 2492 3506 2543 et
3554 2479 3740 2539 Landul-

2159 2578 2245 2635 fus
2273 2584 2328 2634 et
2355 2578 2661 2650 Aginulfus,
2695 2579 2790 2650 qui
2830 2579 2898 2636 de
2928 2579 3177 2650 partibus
3230 2576 3457 2635 diversis
3495 2572 3628 2630 urbis
3663 2581 3739 2624 no-

2158 2668 2240 2722 vis
2270 2667 2502 2737 pedibus
2558 2674 2949 2724 convenerant.
2999 2668 3216 2735 Quibus
3252 2662 3660 2726 consedentibns,
3697 2662 3741 2711 ut

2158 2756 2467 2813 rationibus
2495 2762 2551 2813 et
2588 2757 2919 2813 utilitatibus
2954 2758 3141 2828 quiete
3180 2757 3540 2827 disputarent,
3569 2746 3739 2818 majori-

2158 2845 2260 2900 bus
2288 2843 2436 2900 fandi
2466 2844 2697 2903 facultas
2725 2846 2851 2901 data
2881 2851 2983 2902 est.
3019 2846 3107 2902 Hii
3156 2851 3340 2901 autem
3391 2857 3506 2899 cum
3549 2839 3629 2895 diu
3665 2848 3740 2907 per

2156 2934 2395 3004 apostoli
2441 2935 2593 2991 Pauli
2649 2941 2705 2992 et
2760 2949 3028 2993 canonum
3088 2935 3504 2997 altercarentur,
3539 2926 3740 2986 Arialdus

429 3014 542 3057 non
571 3002 948 3097 fandahsuper
993 3015 1312 3073 sacerdotes
1367 3002 1643 3078 adversus
1679 3023 1957 3089 mulieres,
2018 3002 2214 3080 etCet
2242 3026 2539 3083 Landulfus
2568 3027 2907 3097 proclamare
2947 3030 3245 3096 coeperunt
3292 3025 3560 3082 dicentes:
3602 3037 3625 3071 «
3664 3018 3738 3071 Ve-

430 3102 599 3158 super
645 3094 905 3152 mulieres
959 3100 1223 3159 adversus
1277 3109 1595 3166 sacerdotes
1633 3112 1898 3169 exercuit.
1941 3114 2072 3169 Cum

429 3184 609 3235 autem
642 3195 894 3241 nummos
939 3195 1033 3245 aut
1080 3205 1293 3262 aurum,
1343 3210 1372 3252 e
1412 3198 1612 3268 quibus
1668 3201 1895 3257 cottidie
1944 3216 2075 3259 suos

429 3268 703 3362 retinebat
723 3274 924 3343 justos,
954 3292 1064 3335 non
1094 3281 1341 3352 haberet,
1374 3287 1555 3343 statim
1589 3291 1743 3359 quasi
1774 3291 2075 3362 imperator

425 3355 604 3447 legem
631 3374 800 3431 super
835 3369 1153 3425 sacerdotes
1200 3387 1301 3441 per
1349 3376 1572 3446 triginta
1605 3355 1869 3435 mittebat
1902 3380 2069 3447 viros,

428 3444 656 3503 dicens:
694 3467 723 3502 «
751 3450 809 3506 Si
837 3456 1098 3513 sacerdos
1126 3466 1221 3515 aut
1249 3460 1414 3517 levita
1431 3444 1566 3519 icum
1592 3466 1886 3523 duodecim
1919 3444 2073 3524 testi;

428 3534 537 3626 bus
567 3538 750 3595 verbis
778 3544 1108 3615 evangelicis
1139 3549 1325 3618 jurare
1375 3560 1583 3622 posset,
1626 3556 1773 3626 quod
1814 3571 1845 3611 a
1876 3557 2072 3614 diebus

426 3625 628 3694 quibus
692 3636 1168 3692 consecrationem
1234 3641 1469 3711 accepit,
1538 3625 1659 3698 cum
1719 3644 1919 3701 femina
1958 3661 2069 3703 non

426 3716 808 3787 concubuerit,
841 3720 983 3779 liber
1029 3736 1383 3797 permaneat;
1435 3731 1519 3786 sin
1558 3738 1761 3802 autem,
1814 3735 1880 3790 ah
1921 3737 2067 3792 omni

424 3804 732 3863 substantia
780 3824 943 3879 quam
990 3814 1156 3871 habet
1204 3819 1465 3887 privetur.
1505 3822 1611 3878 Alii
1652 3838 1781 3880 vero
1829 3824 1894 3856 ³⁷³
1924 3827 2068 3881 intra

427 3891 618 3948 urbem
655 3902 710 3950 et
748 3895 882 3953 foris
909 3900 1133 3969 palatini
1165 3918 1347 3974 canes,
1382 3906 1547 3965 ﬁbula
1594 3910 1816 3969 dimissa
1863 3919 1919 3970 et
1965 3928 2067 3971 acu

426 3981 736 4052 ceterisque
766 3990 1004 4058 negotiis
1041 4005 1071 4046 c
1109 3994 1309 4063 quibus
1336 3997 1444 4053 vita
1483 3999 1700 4057 illorum
1752 4003 2066 4060 redimeba-

426 4076 535 4162 tur,
568 4071 905 4132 decoloratis
934 4078 1212 4150 dentibus,
1272 4098 1487 4142 necnon
1536 4090 1780 4159 asinarii,
1832 4107 2065 4162 quorum

423 4157 535 4250 vita
563 4161 894 4231 turpissimis
923 4168 1103 4225 trullis
1141 4172 1421 4229 asinorum
1447 4178 1675 4235 cottidie
1716 4157 2066 4250 fulciebatur,

2155 3118 2275 3170 tera
2304 3116 2661 3184 transierunt,
2694 3122 2750 3172 et
2777 3115 2919 3172 facta
2962 3121 3093 3172 sunt
3138 3115 3327 3171 omnia
3374 3126 3504 3169 nova
3539 3108 3618 3182 (II
3645 3108 3736 3163 Cor.

2156 3220 2209 3271 x,
2249 3204 2354 3271 17).
2386 3206 2542 3273 Quod
2574 3205 2704 3261 olim
2743 3205 2801 3261 in
2850 3206 3136 3275 primativa
3195 3203 3433 3261 ecclesia
3479 3216 3508 3257 a
3541 3196 3738 3271 patribus

2155 3294 2360 3350 sanctis
2388 3307 2710 3351 concessum
2757 3299 2859 3361 est,
2907 3293 3072 3351 modo
3115 3294 3491 3350 indubitanter
3532 3284 3739 3359 prohibe-

2155 3390 2263 3440 tur.
2305 3386 2532 3440 Tantum
2563 3385 2755 3441 beatus
2783 3385 3043 3456 magister
3087 3389 3143 3440 et
3194 3385 3394 3441 doctor
3445 3380 3507 3413 ⁸⁷⁸
3553 3376 3736 3434 Ambro-

2152 3474 2286 3541 sius,
2321 3475 2477 3543 cujus
2515 3474 2765 3530 ordinem
2792 3478 3062 3541 tenemus,
3096 3487 3199 3530 vos
3250 3474 3501 3543 dampnet
3524 3475 3606 3524 aut
3628 3462 3737 3520 afﬁr-

2153 3566 2283 3618 met.
2318 3583 2344 3612 ι
2378 3564 2529 3618 Tunc
2564 3562 2855 3619 Guibertus
2911 3562 3342 3620 archidiaconus
3394 3561 3531 3618 facto
3560 3552 3735 3613 silentio

2151 3650 2271 3706 inﬁt
2293 3666 2308 3704 :

2152 3738 2339 3811 Incipit
2366 3738 2430 3771 ⁸⁷⁷
2456 3754 2626 3796 sermo
2657 3738 2893 3797 Guiberti
2928 3739 3179 3795 adversus
3230 3738 3501 3797 Arialdum
3541 3739 3584 3791 et
3622 3733 3733 3789 Lan-

2856 3826 3073 3897 dul/um.

2221 3916 2291 3971 23
2325 3916 2470 3989 (22.)
2507 3936 2536 3969 «
2565 3919 2815 3974 Sanctam
2846 3917 3163 3972 Trinitatem
3198 3925 3257 3973 et
3285 3918 3546 3974 Unitatem
3572 3907 3652 3965 Dei
3688 3918 3735 3959 ac

2150 4006 2363 4062 Domini
2395 4007 2570 4063 nostri
2605 4009 2734 4062 Jesu
2781 4006 3005 4074 Christi,
3063 4004 3266 4063 fratres
3304 4000 3577 4066 karissimi,
3624 4007 3736 4091 nullo

2149 4096 2319 4151 corde
2346 4100 2402 4152 et
2438 4096 2621 4152 animo
2651 4096 2969 4152 invocantes
3006 4096 3371 4165 deprecemur
3398 4099 3456 4149 ut
3481 4093 3589 4161 ipso
3609 4096 3735 4141 aun-

2148 4184 2337 4251 liante,
2370 4185 2625 4241 omnibus
2671 4187 2897 4240 remotis
2934 4185 3411 4255 indignationibus
3438 4196 3498 4237 ac
3523 4179 3613 4244 ira,
3639 4183 3735 4243 qua

422 4247 625 4344 quibus
659 4252 866 4310 Patalia
903 4256 1066 4314 vitam
1103 4261 1260 4317 malis
1288 4264 1497 4321 artibus
1536 4268 1901 4339 ministrabat,
1953 4247 2125 4344 mm“
2144 4247 2333 4343 justos
2353 4275 2514 4329 etiam
2571 4274 2900 4331 criminosas
2936 4247 3086 4341 facit:
3137 4288 3263 4344 quae
3310 4262 3737 4329 hediﬁcationibus

422 4334 618 4434 lierum
643 4350 968 4434 ornamenta
1016 4349 1267 4408 clanculo
1324 4354 1380 4409 in
1420 4361 1583 4411 nocte
1640 4372 1740 4428 per
1794 4334 2257 4419 fenestrasDtam
2287 4362 2589 4419 animarum
2618 4378 2781 4434 quam
2811 4377 3129 4434 corporum,
3186 4362 3428 4433 pandere
3479 4370 3589 4415 cum
3630 4361 3736 4422 pace

421 4425 476 4535 in
508 4427 774 4535 domidus
800 4437 1149 4495 sacerdotum
1179 4441 1316 4511 ipsis
1370 4425 1755 4514 ignoranti—bus
1810 4449 2065 4507 immitte—
2147 4456 2202 4508 et
2231 4453 2457 4508 caritate
2487 4425 2779 4523 possimus,
2813 4453 2882 4508 de
2912 4425 3039 4523 -qua
3086 4425 3312 4523 sapiens
3366 4451 3553 4507 doctor
3605 4435 3735 4535 (1232

421 4516 719 4623 bant.'Quo
748 4522 913 4594 facto,
955 4543 1077 4584 cum
1116 4532 1355 4589 stridore
1394 4549 1697 4606 magnaque
1728 4540 1886 4595 ruina
1915 4541 2065 4610 ipso—
2146 4542 2317 4597 dixit:
2357 4560 2385 4593 «
2415 4516 2518 4610 Qui
2546 4543 2665 4598 sine
2706 4516 3213 4598 karitate-virtutes
3262 4542 3565 4611 congregat.
3609 4524 3736 4623 qua?

420 4620 539 4701 rum
584 4607 733 4667 fores
790 4623 1212 4687 prorumpentes
1270 4624 1483 4693 magnis
1516 4624 1805 4683 latratibus
1857 4607 2063 4686 ins—ilie-
2145 4638 2364 4687 ventum
2394 4607 2453 4686 in
2481 4631 2759 4701 pulverem
2791 4636 2992 4701 portat.
3027 4649 3056 4683 »
3097 4630 3253 4687 Unde
3290 4607 3606 4700 Apostolus:
3637 4636 3661 4669 «
3692 4613 3734 4669 Si

419 4697 571 4799 bant,
614 4707 668 4755 et
705 4704 1043 4775 accipientes
1077 4725 1200 4779 quae
1258 4712 1616 4779 immiserant,
1677 4718 1858 4774 verbis
1896 4721 2060 4777 terri-
2143 4697 2497 4777 distribuere
2515 4697 2806 4776 facultates
2845 4733 3038 4776 omnes
3068 4734 3215 4775 meas
3262 4719 3320 4775 in
3368 4717 3516 4773 cibos
3559 4717 3733 4799 ρεψρθξ

416 4784 699 4879 bilissimis
725 4792 1058 4853 afﬁrmantes
1106 4800 1388 4858 mulierem
1427 4805 1829 4875 condormisse,
1878 4824 2064 4866 sacer-
2144 4825 2283 4878 rum,
2317 4816 2371 4866 et
2408 4809 2688 4865 tradidero
2717 4823 2921 4879 corpus
2968 4822 3147 4865 meum
3178 4808 3252 4866 ita
3282 4814 3342 4862 ut
3369 4804 3593 4866 ardeam,
3623 4789 3733 4849 kari-

418 4874 603 4934 dotem
669 4883 888 4940 nemine
952 4886 1282 4947 defendente
1342 4892 1520 4963 ipsum
1595 4874 1918 4954 distractum
1993 4901 2062 4955 ab
2144 4874 2310 4955 tatem
2339 4905 2521 4955 autem
2551 4912 2661 4956 non
2681 4874 3131 4967 habeam,factus
3158 4911 3277 4954 sum
3298 4894 3443 4952 velut
3469 4904 3540 4947 aes
3565 4890 3735 4943 sonans

1792 5023 2015 5078 VARI/IS
2053 5024 2436 5084 LECTIONES.

489 5098 553 5201 ῗζζ
585 5101 1556 5201 ἶῗῖίῖίὲῥΡῩᾸίΞῗ⁰νθ,Ηθηθωὲηίεέί
1585 5131 1754 5201 super
1791 5120 2126 5201 ξξοθνςὶριεξ·
2296 5123 2361 5201 Et
2406 5121 2501 5201 alii
2539 5123 2633 5201 B-.
2673 5119 2737 5201 ."‘
2792 5118 3183 5201 mulus-Linc-
3227 5118 3296 5201 de
3326 5112 3727 5201 -900‘li9‘“.£i"

418 5168 553 5264 EF]?
570 5179 968 5264 Διξξῖξίζυωίῐυθ,
999 5196 1128 5264 reg};
1160 5168 2145 5264 imperantefﬁerlermbaido:Aquini
2178 5168 3198 5264 disputationeuutriusque“parﬁ—ex
3231 5168 3540 5247 testimonio
3580 5168 3728 5237 sacra-

419 5253 537 5297 rum
567 5253 985 5316 scripturarum.
1023 5253 1143 5312 rell.
1218 5253 1282 5289 ⁵η
1310 5259 1424 5316 sive
1454 5261 1513 5316 Β.
1590 5260 1654 5293 ⁸⁷⁸
1682 5275 1755 5317 m.
1788 5268 1845 5319 et
1881 5263 1938 5319 d.
1971 5263 2172 5321 desunt.
2204 5253 2283 5320 Β.’
2340 5264 2403 5297 ⁵⁷⁷
2431 5266 2594 5322 deest.
2625 5265 2685 5322 Β.

1978 5388 2193 5443 NOT/E.

492 5460 652 5537 (123)
684 5470 997 5541 Gregorius,
1029 5490 1081 5531 v.
1108 5491 1273 5548 supra
1308 5481 1352 5545 Ι,
1382 5478 1436 5535 3.
