4064 6162
346 308 454 363 929
1381 312 1690 368 HISTORIA
1729 312 2276 370 MEDIOLANENSIS.
2321 345 2389 355 —
2428 315 2554 371 LIB.
2596 317 2686 371 lll.
3613 326 3720 381 930

342 438 440 487 aut
468 431 761 488 cimbalum
799 433 1043 489 tinniens
1089 435 1161 501 (Ι.
1212 435 1333 492 Cor.
1384 451 1502 502 xm,
1539 434 1627 506 3).
1658 437 1799 492 lram
1836 437 1980 491 enim
2003 437 2173 502 Avn,
2213 436 2292 507 ι).
2333 457 2363 490 ››
2403 440 2623 494 Fratres
2678 440 2969 509 karissimi,
3014 444 3218 499 scimus
3272 451 3529 515 quoniam
3587 452 3713 520 epi-

340 521 445 576 viri
475 521 702 576 dilectio
731 521 828 577 Dei
859 535 970 578 non
1011 528 1273 592 operatur
1305 524 1444 594 (Jac.
1478 540 1518 590 ι,
1549 523 1669 594 20).
1712 543 1741 575 »
1771 527 1847 580 De
1876 541 1984 596 qua
2072 524 2258 593 scopis
2287 527 2670 582 sacerdotibus
2699 534 2753 584 et
2809 529 2990 586 levitis
3027 533 3411 602 prOphetizare
3450 544 3504 592 et
3541 553 3715 596 evan-

341 610 536 665 beatus
559 611 882 666 Ambrosius
919 612 975 666 in
1019 618 1255 668 tractatu
1303 627 1469 682 super
1503 614 1709 683 Joseph
1739 614 1985 670 clemen-

339 707 428 755 ter
455 700 592 756 dicit
622 700 700 772 (c.
749 702 837 773 13)
868 722 880 757 :
918 721 945 753 «
993 704 1077 758 Ira
1123 717 1272 772 saepe
1325 703 1650 760 innocentes
1688 705 1744 759 in
1775 705 1982 760 crimen

336 788 584 856 adducit,
617 790 746 859 quia
775 790 902 845 dum
946 793 1097 860 justo
1141 792 1374 861 amplius
1417 794 1704 849 irascimur
1733 801 1786 849 et
1823 794 1982 850 volu-

337 893 460 934 mus
506 879 743 935 alienum
801 894 1062 937 coercere
1105 889 1412 951 peccatum,
1461 885 1710 952 graviora
1758 890 1982 953 peccata

335 968 749 1024 committimus.
783 987 812 1021 ι)
860 970 990 1026 Ideo
1037 971 1333 1040 Apostolus
1361 972 1439 1027 ait
1471 993 1482 1027 :
1520 994 1547 1021 α
1578 975 1697 1028 Non
1727 974 1985 1029 vosmeti-

336 1071 470 1126 psos
493 1057 828 1127 judicantes,
861 1059 1154 1127 karissimi,
1186 1060 1284 1115 sed
1315 1060 1440 1116 date
1471 1060 1650 1117 locum
1681 1063 1778 1118 ira:
1810 1065 1976 1130 (Rom.

336 1160 435 1212 x11,
501 1144 607 1212 19).
658 1165 687 1198 »
745 1147 901 1214 Quod
960 1148 1125 1215 enim,
1183 1148 1381 1205 fratres
1437 1150 1730 1218 karissimi,
1789 1165 1981 1208 omnes

333 1235 640 1291 sententias
667 1243 870 1306 praeter
895 1238 1282 1294 Ambrosianas
1319 1239 1388 1294 ab
1426 1239 1533 1296 hoc
1562 1241 1786 1311 negotio
1814 1242 1978 1298 modo

334 1325 666 1394 removistis,
708 1326 870 1382 nobis
899 1326 1082 1396 placet
1110 1327 1450 1400 multumque
1490 1330 1794 1397 laudamus,
1835 1347 1976 1402 quo-

336 1415 482 1469 niam
512 1428 705 1471 omnes
741 1416 1001 1486 discipuli
1039 1416 1189 1474 illius
1237 1425 1428 1474 tenent
1473 1434 1536 1475 ac
1584 1419 1809 1477 laudant
1845 1437 1978 1478 sen-

334 1504 539 1558 tentias
568 1505 835 1575 magistri,
890 1520 1054 1575 quem
1101 1521 1216 1576 prae
1255 1508 1458 1563 ceteris
1493 1510 1885 1579 sapientiorem
1923 1518 1979 1568 et

333 1592 693 1648 valentiorem
747 1594 1080 1665 disputando
1145 1603 1200 1650 et
1265 1597 1513 1653 rimando
1580 1606 1974 1669 cognoverunt.

331 1681 508 1751 igitur
540 1682 861 1739 Ambrosius
898 1683 1097 1740 doctor
1133 1691 1193 1739 ut
1238 1687 1492 1756 egregius
1529 1694 1585 1742 et
1621 1688 1974 1745 ecclesiarum

2066 612 2335 682 geliorum
2375 624 2588 671 secreta
2627 617 2881 673 ﬁdelibus
2911 626 2966 675 et
2993 621 3312 680 inﬁdelibus
3341 624 3620 683 humiliter
3648 644 3711 685 ac

2067 699 2263 757 devote
2294 705 2548 759 nuntiare
2577 719 2608 759 a
2646 707 2758 762 Deo
2816 707 3002 763 datum
3050 711 3123 765 sit
3153 731 3167 776 ;
3209 712 3306 766 sed
3338 714 3493 770 vobis
3523 718 3709 773 nescio

2065 803 2096 843 a
2121 805 2232 859 quo
2271 794 2541 863 pr0pheta
2570 796 2682 850 sive
2728 810 2757 850 a
2789 811 2898 865 quo
2943 799 3224 869 evangelio
3263 803 3518 858 instructi
3565 806 3706 873 sitis,

2066 893 2188 934 cum
2220 880 2426 937 lanceis
2470 891 2525 938 et
2563 883 2799 940 fustibus
2837 887 2963 942 illos
2999 889 3068 943 ad
3098 903 3331 958 quorum
3362 893 3531 961 pedes
3559 909 3706 950 sem-

2065 982 2165 1037 per
2219 973 2470 1040 stetistis,
2546 974 2682 1030 male
2741 975 3070 1033 dill‘amando
3135 982 3292 1049 quasi
3348 982 3709 1051 imperatores

2063 1058 2358 1115 criminose
2384 1061 2665 1130 judicatis,
2708 1064 2776 1119 de
2825 1066 3027 1135 quibus
3064 1068 3257 1124 beatus
3292 1070 3613 1128 Ambrosius
3650 1075 3706 1128 in

2062 1145 2205 1201 libro
2236 1149 2480 1204 Paradisi
2511 1149 2756 1220 loquitur
2797 1173 2810 1208 :
2846 1173 2872 1202 «
2905 1155 3122 1212 Sciebat
3152 1158 3296 1213 enim
3325 1161 3469 1215 Deus
3507 1168 3560 1216 te
3586 1176 3706 1218 esse

2063 1231 2333 1304 fragilem,
2356 1238 2567 1294 sciebat
2589 1241 2841 1310 judicare
2871 1257 2981 1300 non
3013 1259 3196 1314 posse.
3221 1247 3350 1304 ideo
3382 1249 3520 1305 dixit
3549 1239 3704 1320 quasi

2062 1321 2455 1396 fragilioribus,
2487 1329 2659 1385 nolite
2683 1331 2954 1400 judicare,
2980 1341 3040 1388 ut
3060 1348 3170 1390 non
3195 1336 3539 1404 judicemini.
3563 1339 3704 1410 Ergo

2061 1413 2125 1442 ⁵⁷⁸
2155 1416 2282 1484 quia
2311 1416 2456 1473 sicut
2504 1424 2558 1473 te
2607 1419 2881 1476 inﬁrmum
2920 1435 3041 1478 esse
3073 1423 3141 1478 ad
3167 1425 3526 1493 judicandum
3555 1427 3705 1483 scie-

2061 1501 2176 1570 bat,
2230 1504 2512 1576 voluitque
2561 1508 2912 1565 obedientem
2969 1525 3090 1567 esse
3152 1513 3432 1582 mandato,
3490 1516 3700 1585 dicens,

2061 1591 2232 1646 nolite
2256 1593 2550 1662 judicare;
2584 1596 2730 1651 unde
2767 1598 2968 1653 Paulus
2995 1600 3280 1668 apostolus
3312 1621 3325 1656 :
3359 1604 3436 1657 Tu
3467 1604 3592 1674 quis
3622 1619 3701 1671 es,

2061 1680 2154 1749 qui
2179 1681 2397 1750 judicas
2443 1683 2682 1740 alienum
2731 1700 2981 1753 servum;
3016 1702 3116 1744 suo
3165 1689 3389 1746 domino
3451 1699 3578 1759 stat,
3611 1700 3705 1748 aut

331 1784 483 1826 nunc
513 1777 568 1827 et
610 1786 830 1843 semper
857 1773 1117 1844 magister
1160 1775 1383 1830 veniens
1412 1776 1664 1833 resedeat
1709 1782 1765 1833 et
1792 1778 1970 1836 collo-
1993 1766 2042 1824 Β
2063 1769 2230 1838 cadit,
2263 1772 2430 1828 Stabii-
2467 1781 2648 1830 amem
2681 1775 2852 1846 (Rom-
2897 1791 3009 1844 XIV:
3053 1777 3141 1848 4)·
3175 1796 3204 1831 »
3244 1780 3380 1834 "em
3408 1781 3556 1849 αυοά
3585 1782 3704 1852 ipse

330 1865 537 1929 quatur
562 1860 866 1928 vobiscum,
907 1870 962 1917 et
999 1862 1148 1932 quod
1186 1863 1243 1918 in
1273 1865 1575 1921 Exameron
1611 1866 1692 1937 (v,
1721 1867 1783 1938 7)
1819 1867 1973 1934 dicit,

329 1949 622 2005 audientes
651 1950 1039 2023 intelligamus,
1073 1952 1149 2008 ait
1178 1953 1324 2008 enim
1361 1974 1373 2009 :
1419 1973 1447 2006 «
1477 1956 1738 2024 Spectent
1774 1957 1974 2027 singuli

329 2039 575 2096 ﬁdelium
605 2040 798 2110 pulcra
849 2042 1152 2098 animarum
1205 2043 1450 2111 monilia,
1521 2051 1576 2100 et
1632 2045 1978 2102 delectentur

331 2129 643 2185 maturitate
693 2131 1023 2200 prudentiae,
1073 2131 1369 2201 splendore
1419 2132 1568 2199 ﬁdei,
1611 2133 1977 2191 confessionis

328 2217 556 2286 decore,
601 2220 832 2290 justitia:
872 2220 1303 2290 pulchritudine,
1354 2223 1606 2279 ubertate
1654 2225 1973 2280 misericor-

326 2303 460 2373 diae,
495 2312 555 2362 ut
578 2307 795 2364 dicatur
823 2309 924 2365 tibi
966 2329 979 2364 :
1013 2311 1162 2366 Uxor
1186 2315 1277 2366 tua
1315 2311 1458 2366 sicut
1487 2312 1613 2367 vitis
1651 2314 1976 2369 habundans

326 2394 387 2450 in
445 2394 714 2453 lateribus
767 2397 964 2454 domus
1003 2405 1131 2455 tuae.
1190 2399 1372 2455 Nolite
1429 2415 1679 2470 quaerere
1735 2403 1972 2459 alienum

329 2485 572 2554 thorum,
605 2486 778 2543 nolite
838 2487 1034 2544 aliena;
1092 2488 1306 2559 copulae
1371 2489 1643 2546 insidiari.
1683 2494 1852 2548 Grave
1892 2498 1976 2549 est

326 2573 681 2641 adulterium,
714 2583 925 2633 naturae
971 2578 1172 2648 injuria
1215 2585 1318 2634 est.
1376 2581 1522 2634 Duos
1561 2580 1794 2650 primum
1833 2584 1976 2638 Deus

325 2661 481 2730 fecit,
527 2665 697 2721 Adam
736 2673 792 2722 et
837 2669 1020 2735 Evam,
1061 2667 1168 2725 hoc
1215 2674 1299 2724 est
1352 2668 1526 2724 virum
1567 2677 1622 2725 et
1652 2685 1876 2727 uxorem
1907 2672 1976 2728 de

326 2752 471 2819 viro,
503 2753 608 2810 hoc
657 2762 740 2811 est
791 2757 859 2812 de
889 2763 1044 2813 costa
1081 2756 1232 2824 Adae,
1265 2761 1322 2812 et
1345 2757 1509 2828 jussit
1538 2759 1728 2815 ambos
1759 2773 1879 2816 esse
1918 2761 1974 2816 in

326 2854 442 2896 uno
471 2856 706 2914 corpore
756 2851 811 2900 et
853 2846 909 2900 in
941 2859 1051 2901 uno
1102 2845 1320 2915 spiritu.
1353 2846 1492 2912 Quid
1541 2861 1708 2903 unum
1753 2862 1977 2918 separas

327 2943 554 3001 corpus,
596 2947 761 2989 unum
794 2934 994 2990 dividis
1044 2935 1342 3004 spiritum?
1382 2954 1410 2988 »
1441 2937 1575 2992 Item
1605 2952 1773 3007 super
1799 2938 1973 2993 Abra-

325 3019 453 3075 ham
487 3019 553 3091 (r,
585 3020 648 3093 7)
683 3042 696 3078 :
735 3043 760 3072 ι
790 3023 936 3079 Nulli
966 3023 1096 3080 licet
1124 3024 1266 3080 scire
1297 3024 1582 3081 mulierem
1613 3032 1817 3095 praeter
1845 3039 1978 3082 uxo—

2059 1857 2126 1913 de
2157 1859 2409 1930 improbe
2451 1863 2832 1932 judicantibus
2877 1867 2932 1920 in
2985 1865 3222 1936 aliquem
3273 1869 3439 1936 dicat,
3481 1870 3609 1926 audi
3647 1872 3704 1926 in

2059 1948 2208 2003 Beati
2239 1950 2577 2007 lmmaculati
2609 1960 2846 2009 tractatu
2884 1955 3176 2011 consilium
3210 1955 3326 2028 (xx,
3359 1959 3454 2030 26)
3490 1980 3502 2015 :
3541 1978 3570 2011 (ι
3610 1960 3706 2014 Er-

2059 2037 2201 2092 ranti
2223 2039 2370 2094 enim
2399 2037 2617 2096 facilius
2651 2042 2813 2097 datur
2839 2044 3016 2110 venia,
3050 2058 3213 2114 quam
3244 2046 3494 2116 improbe
3533 2048 3590 2102 in
3619 2047 3704 2102 al-

2058 2131 2234 2182 terum
2287 2129 2580 2198 judicanti.
2615 2131 2850 2188 Necesse
2890 2139 2974 2187 est
3021 2133 3188 2202 enim,
3223 2149 3339 2190 eam
3379 2133 3608 2192 formam
3646 2136 3703 2191 in

2056 2220 2111 2270 te
2151 2215 2333 2272 redire
2361 2218 2580 2288 judicii,
2613 2233 2775 2290 quam
2831 2221 2887 2275 in
2937 2221 3102 2277 alium
3141 2224 3261 2292 ipse
3299 2223 3702 2280 decernendam

2059 2306 2352 2374 putaveris.
2415 2328 2442 2356 ιο
2519 2308 2625 2364 Sed
2683 2311 3062 2380 unusquisque
3101 2311 3349 2367 karitatis
3403 2313 3585 2383 ignem
3645 2314 3702 2368 in

2056 2394 2168 2449 Deo
2208 2400 2263 2450 et
2295 2396 2349 2451 in
2381 2397 2631 2465 proximo
2679 2411 2888 2452 summa
2927 2412 3050 2453 cum
3100 2399 3408 2456 humilitate
3447 2406 3502 2456 et
3531 2401 3701 2457 devo-

2059 2482 2232 2546 tione,
2283 2490 2343 2539 ut
2386 2483 2556 2540 frater
2599 2484 2946 2552 hediﬁcetur,
3002 2485 3206 2542 habere
3247 2503 3307 2543 se
3355 2488 3594 2545 studeat.
3626 2491 3701 2545 De

2057 2586 2168 2641 quo
2207 2574 2454 2630 caritatis
2510 2576 2637 2646 igne
2693 2575 2827 2646 quid
2884 2582 2941 2631 et
2993 2577 3314 2633 Ambrosius
3352 2593 3521 2648 super
3551 2580 3700 2634 Beati

2057 2662 2393 2718 lmmaculati
2421 2669 2655 2720 tractatu
2686 2665 2854 2732 dicat,
2885 2664 3172 2720 audiamus
3208 2672 3264 2722 et
3292 2667 3460 2723 corde
3491 2667 3700 2723 intelli-

2057 2765 2293 2822 gamus:
2329 2767 2359 2806 α
2398 2752 2501 2821 Qui
2563 2753 2654 2808 hic
2712 2753 2968 2809 habuerit
3025 2754 3270 2810 caritatis
3324 2756 3527 2827 ignem,
3586 2755 3701 2812 illic

2057 2839 2238 2910 ignem
2269 2841 2436 2912 gladii
2467 2843 2662 2897 timere
2683 2855 2794 2898 non
2815 2842 3056 2912 poterit;
3082 2861 3110 2895 »
3144 2849 3200 2899 et
3227 2844 3396 2900 item:
3428 2845 3533 2900 «Si
3562 2844 3700 2900 nihil

2056 2929 2270 2999 argenti
2321 2931 2379 2986 in
2427 2945 2512 2987 me
2561 2931 2840 2987 inventum
2895 2930 3080 2998 fuerit,
3133 2932 3241 2988 heu
3290 2947 3376 2989 me
3423 2934 3480 2989 in
3512 2933 3701 2988 ultima

2056 3016 2260 3075 inferni
2299 3019 2562 3076 detrudas
2605 3028 2701 3076 aut
2748 3027 2809 3076 ut
2835 3021 3038 3090 stipula
3076 3027 3224 3076 totus
3261 3035 3478 3078 exuras.
3508 3022 3616 3078 Sed
3653 3023 3701 3078 si

324 3123 468 3174 rem,
508 3113 751 3183 conjugii
793 3113 892 3168 tibi
923 3113 1107 3168 datum
1148 3118 1231 3169 est
1256 3115 1368 3182 jus,
1410 3129 1479 3170 ne
1510 3115 1566 3170 iu
1597 3114 1852 3185 laqueum
1881 3116 1972 3172 in-
1994 3098 2036 3158 α
2061 3107 2192 3176 φιίά
2223 3108 2281 3164 in
2311 3123 2396 3164 me
2425 3109 2705 3165 ίηνθηῐιιω
2734 3108 2902 3165 firm
2937 3109 3057 3164 auri
3077 3115 3172 3165 ³1η
3199 3112 3432 3181 argenti.
3461 3125 3572 3168 I10n
3602 3126 3702 3182 P0P

325 3197 484 3253 cidas
530 3204 586 3254 et
623 3215 746 3256 cum
784 3201 962 3256 aliena
1016 3201 1244 3258 muliere
1276 3201 1566 3272 delinquas
1606 3223 1619 3258 :
1670 3204 1886 3260 vinctus
1914 3219 1975 3260 es
2055 3208 2208 3252 111808
2236 3204 2412 3265 actus.
2444 3199 2543 3254 Sed
2588 3213 2686 3268 Per
2732 3198 3169 3254 misericordiam
3207 3205 3262 3254 θῐ
3289 3201 3516 3271 gratiam
3547 3200 3703 3257 Chri'

327 3289 513 3352 uxori,
547 3289 661 3345 noli
709 3305 960 3360 quasrere
989 3291 1343 3347 solutionem.
1385 3292 1541 3348 Unde
1581 3292 1838 3349 Salomon
1871 3293 1972 3364 (1x,

2060 3285 2146 3353 sti,
2182 3300 2283 3357 per
2319 3289 2638 3358 mysterium
2687 3287 2984 3344 sacerdotii
3044 3288 3223 3344 dicam
3278 3288 3510 3345 fortasse
3547 3304 3650 3361 ego
3684 3310 3697 3346 :

325 3375 426 3447 84)
464 3397 476 3432 :
510 3381 554 3434 A
580 3379 693 3435 Deo
745 3381 862 3436 viro
911 3381 1312 3450 przeparabitur
1340 3395 1496 3438 uxor.
1531 3401 1559 3433 «
1591 3383 1842 3438 Forsitan
1872 3397 1972 3439 co-
2055 3375 2268 3429 Εῐθηίῐη
2309 3377 2404 3445 (illi
2443 3382 2670 3446 sperant
2705 3376 2762 3430 ίη
2803 3380 2878 3442 te:
2921 3389 3032 3431 ηοη
3071 3375 3500 3432 θουίυοάθηῐυτο
3529 3379 3700 3434 Nemo

325 3467 516 3538 gitatis
564 3469 710 3539 quod
759 3469 828 3525 de
886 3469 1042 3526 laicis
1078 3477 1288 3526 tantum
1328 3471 1494 3538 dicat,
1525 3471 1593 3528 de
1624 3472 1825 3541 quibus
1861 3485 1972 3528 non

2060 3463 2161 3517 sibi
2199 3463 2451 3534 adrogat,
2484 3477 2645 3519 nemo
2672 3464 2741 3519 de
2771 3464 3000 3530 meritis,
3038 3477 3199 3520 nemo
3229 3465 3298 3521 de
3330 3471 3604 3535 potestate
3641 3481 3702 3522 se

326 3562 415 3611 est
444 3555 671 3612 dubium
701 3557 906 3614 habere
955 3560 1286 3630 conjugem?
1313 3561 1512 3614 Omnes
1549 3565 1730 3615 tamen
1762 3558 1888 3614 laici
1918 3566 1974 3614 et
2049 3553 2245 3621 iactet.
2276 3552 2375 3607 58d
2405 3565 2596 3608 omnes
2646 3553 2703 3607 in
2747 3552 3028 3608 ἀοωίηυω
3074 3555 3258 3609 Iesum
3288 3574 3300 3610 ε
3345 3568 3537 3612 omnes
3573 3561 3700 3612 ante

325 3643 538 3712 clerici,
597 3647 930 3716 quicumque
968 3653 1097 3703 sunt
1162 3647 1257 3702 ﬁlii
1315 3647 1596 3714 Ecclesiae,
1656 3647 1975 3704 sacerdotes
2054 3643 2175 3710 ejus
2204 3642 2444 3698 tribunal
2473 3642 2874 3698 stabimus:de
2902 3641 3000 3698 illo
3031 3643 3264 3710 veniam,
3299 3644 3367 3699 de
3395 3644 3493 3701 illo
3523 3645 3700 3702 indul-

326 3739 478 3788 sunt.
521 3734 720 3790 Audite
769 3735 1007 3804 qualiter
1051 3749 1221 3806 super
1268 3736 1464 3790 Lucam
1493 3735 1755 3791 adversus
1782 3749 1976 3791 sacer-
2055 3732 2294 3801 gentiam
2343 3731 2656 3801 postulabo.
2709 3732 2842 3798 Quae
2879 3733 3024 3786 enim
3061 3745 3191 3802 spes
3237 3732 3344 3788 alia
3382 3735 3697 3802 peccatori-

328 3819 492 3877 dotes
538 3827 765 3879 sanctus
811 3823 962 3879 dicat
1013 3825 1355 3890 Ambrosius,
1396 3838 1519 3880 cum
1569 3824 1637 3880 de
1685 3825 1852 3880 David
1894 3824 1970 3896 (v,
2055 3818 2182 3887 bus,
2215 3827 2271 3875 et
2299 3821 2395 3890 qui
2423 3835 2483 3876 se
2514 3833 2705 3875 aurum
2738 3825 2912 3890 putat,
2965 3820 3130 3876 habet
3176 3821 3478 3891 plumbum,
3511 3827 3566 3879 et
3603 3822 3700 3892 qui

323 3907 414 3980 33)
458 3931 470 3965 :
518 3913 864 3979 «Quomodo
902 3919 1084 3969 autem
1131 3913 1225 3969 ille
1265 3913 1586 3969 observator
1633 3912 1774 3984 legis
1808 3919 1972 3984 atque
2054 3922 2114 3964 se
2145 3916 2299 3978 putat
2327 3922 2554 3980 granum
2596 3908 2786 3975 tritici,
2837 3908 3002 3964 habet
3051 3909 3328 3978 stipulam,
3369 3926 3493 3982 qua:
3523 3913 3700 3982 possit

326 3997 595 4056 defensor
623 4015 792 4071 panes
838 4007 894 4058 et
941 4003 1058 4072 ipse
1097 4003 1464 4070 manducavit,
1496 4007 1552 4058 et
1579 4002 1733 4058 dedit
1761 4002 1848 4058 bis
1877 4003 1973 4074 qui
2055 3999 2327 4055 comburi.
2359 3999 2466 4055 Sed
2497 3998 2586 4053 hic
2615 3997 2772 4053 multi
2801 3997 2909 4053 sibi
2947 4012 3140 4055 aurum
3167 3999 3427 4056 videntur
3454 4000 3696 4070 habere;

324 4093 486 4144 erant
533 4103 740 4159 secum,
782 4105 922 4161 quos
973 4105 1083 4147 non
1121 4090 1323 4147 licebat
1368 4091 1534 4147 edere
1573 4092 1680 4147 nisi
1729 4098 1972 4148 tantum-
2055 4101 2167 4144 non
2199 4088 2311 4144 illis
2349 4088 2589 4144 invideo.
2622 4103 2654 4143 »
2684 4089 2821 4144 item
2851 4087 2908 4142 in
2939 4087 3135 4144 eodem
3166 4108 3180 4144 :
3215 4106 3245 4141 «
3283 4090 3352 4145 Et
3371 4090 3418 4145 si
3442 4097 3625 4146 castus
3645 4095 3701 4146 et

324 4176 496 4233 modo
545 4179 948 4247 sacerdotibus,
997 4179 1104 4234 nisi
1153 4185 1212 4235 ut
1250 4194 1350 4250 per
1390 4179 1539 4235 illam
1569 4180 1974 4237 demonstraret
2054 4177 2101 4233 si
2130 4179 2353 4234 sobrius
2375 4178 2472 4245 sis,
2513 4191 2642 4233 cave
2690 4191 2758 4234 ne
2797 4177 2874 4232 sis
2903 4177 3208 4248 negligens.
3249 4179 3507 4248 Majorem
3536 4180 3702 4236 Chri-

324 4266 556 4336 ﬁguram
595 4268 991 4324 sacerdotalem
1031 4268 1213 4324 cibum
1251 4269 1484 4325 transire
1523 4269 1591 4325 ad
1622 4285 1753 4326 usus
1791 4284 1973 4340 popu-
2053 4274 2140 4324 sto
2173 4266 2304 4324 facit
2332 4267 2608 4337 injuriam,
2641 4267 2737 4336 qui
2774 4265 3159 4322 advenientem
3207 4268 3447 4337 repellit.
3489 4287 3518 4320 »
3557 4270 3698 4324 Pro-

324 4353 528 4422 lorum,
560 4357 672 4412 sive
703 4358 832 4427 quia
861 4371 1054 4414 omnes
1089 4357 1252 4413 vitam
1281 4358 1677 4414 sacerdotalem
1708 4359 1972 4414 debemus
1993 4421 2031 4427 _
2053 4361 2262 4426 pterea,
2295 4356 2513 4420 fratres,
2556 4354 2941 4425 gloriosissimi
2989 4353 3326 4409 confessoris
3372 4355 3546 4410 nostri
3573 4358 3700 4410 Am-

323 4421 552 4512 imitari,
603 4421 739 4501 sive
770 4446 897 4516 quia
945 4459 1138 4503 omnes
1192 4446 1288 4500 ﬁlii
1335 4445 1596 4503 Ecclesiae
1653 4421 2228 4503 sacerdotesDbrosii
2277 4444 2600 4500 sententiam
2649 4441 2876 4498 auribus
2919 4442 3280 4498 interioribus
3307 4443 3546 4514 graviter
3574 4457 3700 4513 per-

320 4539 474 4588 sunt.
511 4533 775 4604 Ungimur
821 4535 964 4590 enim
1015 4536 1072 4590 in
1100 4533 1469 4590 sacerdotium
1507 4539 1778 4601 sanctum,
1829 4535 1970 4591 oﬁ‘e-
2055 4535 2244 4603 cipite,
2277 4535 2366 4590 cui
2422 4532 2686 4604 refragari
2732 4547 2764 4587 a
2809 4531 3094 4587 Catholica
3144 4532 3516 4602 periculosum
3543 4540 3599 4588 et
3628 4531 3698 4588 ab

323 4627 520 4678 rentes
548 4624 919 4695 nosmetipsos
963 4626 1076 4681 Deo
1122 4623 1335 4680 hostias
1388 4623 1727 4693 spirituales.
1762 4644 1791 4678 »
1832 4626 1972 4694 Quin
2054 4623 2260 4693 injusto
2309 4622 2666 4682 criminosum
2731 4620 3108 4677 indubitanter
3163 4634 3284 4676 esse
3341 4621 3696 4677 adscribitur.

324 4712 492 4767 etiam
541 4713 810 4783 percipite
860 4713 995 4782 quid
1030 4713 1088 4768 in
1117 4711 1465 4768 sermonibus
1493 4712 1642 4768 dicat
1683 4732 1696 4768 :
1741 4715 1972 4770 «Nemo
2054 4712 2143 4768 Ait
2181 4711 2325 4767 enim
2355 4712 2412 4766 in
2461 4711 2605 4766 libro
2656 4709 2725 4764 de
2755 4709 3015 4764 conflictu
3054 4708 3354 4765 vitiorum:
3394 4726 3424 4761 «
3454 4708 3610 4777 Quod
3640 4711 3698 4765 in

325 4807 513 4870 potest
541 4808 752 4858 mutare
779 4807 1049 4869 naturam,
1080 4803 1186 4858 nisi
1217 4802 1311 4872 qui
1343 4801 1597 4858 dominus
1626 4808 1710 4859 est
1739 4810 1970 4860 naturae.
2055 4801 2287 4857 exordio
2316 4801 2535 4871 generis
2581 4799 2806 4854 humani
2852 4796 3153 4854 masculum
3182 4803 3238 4854 et
3284 4796 3539 4855 feminam
3572 4799 3700 4854 Do-

321 4890 550 4946 Gravius
598 4897 682 4947 est
729 4891 875 4947 enim
923 4891 1210 4963 religionis
1254 4891 1584 4947 adulterium
1641 4906 1802 4961 quam
1849 4906 1974 4948 cor-
2055 4891 2262 4946 minum
2295 4903 2615 4960 procreasse
2647 4887 2943 4957 proﬁteris,
2966 4893 3028 4943 ut
3058 4887 3261 4943 mutuis
3279 4902 3338 4944 se
3358 4887 3700 4958 amplexibus

325 4980 499 5049 poris.
535 5000 561 5030 »
590 4980 746 5037 Unde
774 4994 943 5052 super
969 4981 1170 5036 Lucam
1202 4998 1219 5034 :
1255 4998 1284 5032 «
1315 4981 1472 5035 Disce
1502 4993 1753 5050 persona:
1783 4980 1971 5036 vitium
2056 4979 2277 5035 misceri
2325 4977 2582 5044 debeant,
2633 4977 2857 5031 omnino
2902 4975 3186 5032 verissime
3225 4976 3403 5044 dicis;
3471 4976 3569 5032 sed
3600 4990 3700 5032 nu-

325 5082 471 5137 esse,
505 5082 617 5125 non
667 5084 851 5126 sexus.
903 5069 1078 5126 Sexus
1115 5069 1262 5125 enim
1299 5073 1520 5124 sanctus
1558 5075 1660 5124 est.
1697 5088 1723 5118 »
1765 5069 1975 5126 Praeter
2056 5069 2227 5126 bendi
2257 5067 2481 5124 licentia
2527 5064 2852 5136 quibusdam
2902 5065 3184 5133 tribuitur,
3217 5065 3324 5122 hoc
3353 5070 3438 5122 est
3466 5067 3561 5136 qui
3591 5065 3702 5122 vir-

326 5157 432 5214 lsta
477 5159 789 5230 apostolum
837 5173 930 5215 vas
975 5159 1264 5216 electionis
1301 5159 1486 5214 audite
1534 5178 1546 5214 :
1584 5159 1849 5215 «Bonum
1889 5165 1974 5215 est
2055 5160 2361 5230 ginitatem,
2430 5155 2827 5222 castimoniam,
2885 5152 2969 5209 vel
3042 5153 3416 5210 vidualitatem
3477 5169 3702 5226 nequa—

323 5245 539 5304 bomini
587 5249 874 5306 mulierem
920 5261 1032 5306 non
1070 5254 1334 5318 tangere;
1377 5254 1604 5317 propter
1640 5246 1970 5304 fornicatio-
2056 5261 2218 5320 quam
2247 5243 2480 5318 professi
2510 5248 2672 5310 sunt;
2706 5241 3032 5313 quibusdam
3063 5247 3246 5299 autem
3274 5257 3385 5301 non
3416 5244 3698 5311 tribuitur,

326 5347 454 5394 nem
482 5343 665 5397 autem
694 5336 1076 5408 unusquisque
1104 5350 1257 5393 suam
1286 5349 1509 5394 uxorem
1533 5335 1734 5393 habeat
1767 5336 1824 5409 (Ι
1845 5339 1967 5394 Cor.
2056 5336 2113 5393 id
2134 5343 2219 5394 est
2235 5335 2332 5407 qui
2349 5335 2590 5406 virgines
2616 5333 2701 5390 vel
2721 5333 3072 5391 continentes
3095 5346 3218 5390 esse
3245 5331 3629 5392 decreverunt.
3665 5354 3694 5387 υ

1695 5485 1919 5540 VARLE
1955 5483 2341 5540 LECTIONES.

398 5583 464 5614 ιτ·
489 5583 567 5640 ita
594 5584 707 5640 A”.
749 5581 834 5640 BI.
870 5584 983 5653 Ege
1013 5581 1104 5636 A‘.
1137 5581 1198 5636 Β.
