4056 6150
402 276 501 333 931

1485 266 1617 321 LAN
1624 264 1818 321 DULFI
1829 261 2391 328 {‘MEDIOLANENSIS
2427 263 2691 319 CLERICI

3668 264 3778 321 982

403 405 556 468 Item,
587 400 788 456 fratres
845 394 1211 460 dilectissimi,
1262 390 1392 462 quid
1446 397 1668 444 sanctus
1723 387 2318 455 AmbrosiusAagunt,
2353 400 2463 441 non
2493 385 2818 442 sufferentes
2866 386 3097 442 invicem
3138 401 3317 458 neque
3347 389 3635 444 studentes
3661 405 3780 446 ser-

402 492 550 548 dicat
606 490 822 546 curiose
861 486 1150 542 attendite.
1192 482 1276 537 Ait
1324 480 1464 536 enim
1517 479 1572 533 in
1621 477 1764 533 libro
1813 477 1881 532 de
1919 475 2045 546 fuga

401 580 591 637 saeculi
628 578 705 650 (c.
737 577 798 642 3)
837 597 848 632 :
897 594 922 626 «
962 577 1070 630 Lex
1107 571 1387 627 hominum
1419 582 1482 624 os
1521 568 1701 637 potuit
1731 567 2041 631 obstruere,

401 683 512 725 non
565 668 742 738 potuit
791 670 1023 721 mentem
1072 666 1305 724 mutare,
1346 674 1376 712 »
1409 662 1463 712 et
1511 656 1566 711 in
1620 655 1855 725 septimo
1901 655 2042 709 libro

403 759 548 814 idem
579 772 745 826 super
792 757 986 810 Lucam
1022 751 1168 822 (vm,
1197 749 1258 819 7)
1317 768 1328 802 :
1365 766 1392 797 «
1423 747 1502 801 Ab
1540 745 1697 801 initio
1727 749 1908 800 autem
1947 744 2040 798 Dei

406 847 492 902 lex
532 852 633 901 est.
666 847 793 911 Quae
833 849 914 897 est
947 841 1030 895 lex
1071 838 1210 894 Dei?
1238 835 1532 905 Relinquet
1563 834 1726 890 homo
1758 839 1966 903 patrem
1989 837 2044 887 et

406 942 653 1000 matrem,
704 938 758 986 et
799 928 1104 986 adhaerebit
1135 926 1291 982 uxori
1343 939 1478 990 su:e,
1533 929 1586 979 et
1637 927 1798 978 erunt
1845 921 1954 976 duo
1987 920 2040 975 in

403 1038 565 1081 carne
614 1037 741 1078 una.
791 1023 933 1090 Ergo
974 1019 1066 1088 qui
1099 1015 1326 1071 dimittit
1355 1028 1604 1074 uxorem,
1638 1025 1856 1068 carnem
1889 1024 2042 1065 suam

400 1113 622 1178 scindit,
658 1110 850 1166 dividit
879 1122 1082 1178 corpus
1107 1105 1183 1177 (c.
1216 1105 1299 1175 4).
1329 1104 1450 1160 Noli
1482 1117 1706 1159 uxorem
1741 1101 2038 1164 dimittere,

401 1218 468 1259 ne
504 1205 670 1259 Deum
701 1199 916 1269 copulae
951 1203 1059 1253 tuae
1106 1195 1392 1251 difﬁtearis
1421 1201 1689 1249 antorem.
1730 1191 1868 1246 Audi
1909 1189 2038 1260 quid

401 1293 539 1347 dixit
568 1293 710 1346 Deus
744 1310 756 1344 :
789 1288 889 1355 Qui
921 1285 1146 1342 dimittit
1167 1297 1414 1350 uxorem,
1449 1281 1578 1337 facit
1607 1295 1724 1336 eam
1755 1278 2037 1345 moechari,

401 1381 602 1436 ctenim
634 1379 720 1434 cui
754 1391 863 1432 non
905 1376 1033 1430 licet
1061 1375 1274 1429 vivente
1314 1374 1430 1428 viro
1461 1377 1671 1426 mutare
1702 1370 2038 1440 conjugium,

403 1477 584 1540 potest
624 1469 894 1537 obrepere
955 1465 1124 1520 libido
1167 1462 1451 1533 peccandi.
1502 1463 1690 1530 Itaque
1738 1459 1832 1529 qui
1881 1464 2043 1512 autor

401 1558 607 1615 erroris
645 1562 745 1622 est,
784 1555 945 1610 etiam
996 1567 1124 1608 reus
1181 1557 1264 1606 est
1295 1551 1495 1620 culpae.
1534 1550 1703 1616 Quam
1745 1547 2042 1618 periculo--

399 1661 540 1713 sum,
581 1646 627 1701 si
656 1644 900 1715 fragilem
944 1639 1371 1698 adolescentulze
1421 1643 1635 1693 aetatem
1686 1637 1861 1692 errori
1910 1635 2043 1691 offe-

2128 487 2252 528 vare
2292 475 2554 530 unitatem
2603 475 2833 544 spiritus
2881 476 2936 530 in
2989 476 3211 533 vinculo
3263 477 3432 546 pacis.
3493 479 3777 533 caritatem

2127 564 2317 633 utique
2347 578 2455 620 non
2507 565 2784 630 habendo,
2818 566 2980 620 etiam
3029 581 3153 621 cum
3194 567 3304 621 illis
3342 568 3621 633 omnibus,
3654 583 3778 638 qua:

2127 652 2296 706 nichil
2343 653 2424 707 eis
2463 659 2714 722 prosunt,
2775 654 2842 708 ad
2899 661 3158 710 aeternam
3217 655 3447 710 salutem
3489 658 3779 726 pervenire

2126 754 2235 796 non
2269 748 2519 811 possunt.
2555 743 2822 798 Idolatras
2867 744 3010 798 enim
3051 745 3106 798 in
3157 745 3362 814 populo
3419 746 3514 800 Dei
3562 745 3779 815 gladius

2125 830 2425 898 interemit,
2467 833 2810 888 scismaticos
2837 839 3017 888 autem
3060 840 3224 889 terrae
3255 835 3436 890 hiatus
3464 835 3774 890 absorbuit.

2125 921 2230 976 Sed
2280 921 2409 990 quia
2464 923 2741 992 negotium
2801 924 2963 978 nobis
3031 925 3236 979 eminet
3302 938 3447 980 nunc
3494 939 3773 996 magnum,

2126 1009 2270 1064 unde
2303 1010 2467 1066 modo
2499 1016 2735 1066 tractare
2766 1026 2888 1067 cum
2915 1027 3123 1068 summa
3154 1013 3458 1069 humilitate
3489 1015 3771 1080 convenit,

2125 1112 2154 1151 a
2186 1098 2387 1153 talibus
2425 1113 2570 1153 nunc
2601 1113 2702 1155 nos
2741 1101 3130 1157 subtrahentes
3181 1102 3546 1170 quiescamus.
3603 1103 3776 1173 Igitur

2124 1200 2270 1241 nunc
2300 1189 2504 1243 nostris
2556 1197 2810 1244 occurrat
2861 1191 3158 1255 memoriis,
3211 1191 3360 1261 quod
3391 1191 3592 1247 doctor
3621 1207 3776 1263 gen-

2124 1275 2256 1330 tium
2317 1283 2369 1330 et
2418 1277 2666 1332 veritatis
2723 1279 2984 1349 magister
3040 1278 3239 1333 Paulus
3275 1280 3580 1349 apostolus,
3648 1281 3775 1336 tuba

2123 1365 2398 1432 salutaris,
2431 1366 2667 1432 intonat,
2701 1367 2894 1422 dicens
2920 1388 2932 1422 :
2961 1386 2988 1418 «
3019 1369 3117 1434 Qui
3149 1383 3208 1424 se
3239 1382 3350 1423 non
3381 1370 3654 1434 continet,
3680 1384 3778 1424 nu-

2124 1455 2236 1521 bat,
2271 1454 2466 1509 melius
2505 1457 2649 1510 enim
2705 1461 2790 1511 est
2836 1456 3044 1512 nubere
3098 1471 3262 1527 quam
3301 1459 3385 1512 uri
3430 1458 3489 1529 (I
3515 1460 3638 1514 Cor.
3673 1473 3772 1513 vn.

2123 1541 2208 1612 9).
2253 1563 2278 1590 ι)
2321 1544 2388 1597 Et
2418 1545 2546 1599 item
2582 1564 2594 1598 :
2631 1565 2657 1593 α
2700 1544 2836 1600 Volo
2886 1553 3066 1601 autem
3123 1559 3317 1602 omnes
3360 1547 3616 1602 homines
3652 1561 3772 1602 esse

2123 1631 2265 1686 sicut
2299 1637 2353 1687 et
2384 1647 2468 1688 me
2498 1633 2698 1703 ipsum,
2721 1635 2818 1690 sed
2843 1635 3220 1706 unusquisque
3252 1637 3537 1706 pr0prium
3566 1637 3770 1692 donum

401 1743 524 1792 ras!
577 1737 744 1802 Quam
803 1731 1050 1802 impium,
1101 1731 1145 1785 si
1204 1731 1322 1798 ejus
1382 1727 1649 1783 destituas
1703 1731 2042 1781 senectutem
2063 1719 2290 1780 Bhabet
2329 1735 2395 1776 ex
2424 1723 2556 1789 Deo,
2607 1722 2746 1777 alius
2793 1723 3015 1793 quidem
3054 1725 3156 1792 sic,
3195 1725 3336 1780 alius
3363 1739 3492 1780 vero
3523 1740 3638 1781 non
3669 1727 3768 1781 sic.

400 1826 556 1895 cujus
587 1822 940 1878 deﬂoraveris
962 1823 1299 1890 juventutem
1328 1825 1338 1873 !
1390 1818 1492 1884 Qui
1531 1816 1844 1872 hominibus
1882 1815 2042 1870 obse-

401 1914 608 1984 queris,
644 1915 811 1968 Deum
849 1925 1060 1967 verere.
1111 1908 1248 1964 Audi
1282 1909 1455 1978 legem
1493 1907 1706 1962 Domini
1739 1911 1808 1973 (c.
1841 1904 1918 1973 5),
1952 1905 2039 1959 cui

402 2005 742 2060 obsecuntur
771 2001 934 2056 etiam
965 1999 1056 2068 qui
1091 1997 1240 2068 leges
1268 1996 1452 2052 ferunt
1481 2017 1493 2051 :
1545 1997 1690 2063 Quos
1729 1997 1872 2050 Deus
1901 2008 2041 2050 con-

394 2095 596 2164 junxit,
632 2092 796 2148 homo
828 2103 936 2144 non
971 2094 1191 2158 separet
1225 2086 1302 2158 (c.
1334 2086 1420 2157 6).
1451 2085 1554 2141 Sed
1588 2099 1697 2139 non
1729 2083 1905 2139 solum
1935 2083 2042 2138 hoc

397 2182 462 2213 ⁸⁷⁹
491 2182 714 2238 caeleste
754 2183 1112 2250 praeceptum,
1154 2175 1251 2231 sed
1282 2175 1557 2246 quoddam
1590 2174 1751 2229 etiam
1778 2186 1918 2243 Opus
1945 2171 2042 2227 Dei

397 2271 648 2327 solvitur.
692 2288 720 2321 »
759 2271 825 2324 At
877 2267 1006 2338 quid
1038 2270 1261 2321 sanctus
1298 2263 1580 2320 Crisantus
1609 2263 1664 2317 in
1695 2277 1792 2317 sua
1832 2261 2042 2332 passio-

398 2374 488 2427 ne,
549 2360 642 2415 ubi
704 2357 921 2413 mentiri
970 2369 1079 2412 non
1130 2353 1330 2424 potuit,
1381 2352 1548 2419 dicat,
1609 2351 1893 2421 percipite.
1955 2350 2044 2404 Ait

401 2450 545 2504 enim
581 2469 594 2504 :
631 2466 659 2499 «
700 2450 896 2502 Errant
945 2445 1038 2515 qui
1088 2444 1393 2500 castitatem
1431 2456 1490 2497 se
1523 2446 1715 2512 putant
1745 2438 2041 2510 perfectam

398 2539 514 2594 suis
546 2537 762 2592 nisibus
791 2535 1081 2601 obtinere;
1125 2533 1227 2587 nisi
1266 2533 1410 2587 enim
1450 2537 1566 2597 tuo,
1605 2530 1848 2596 Domine,
1883 2529 2041 2584 inbre

398 2627 629 2681 flammae
659 2624 866 2680 fuerint
914 2621 1234 2692 corporales
1264 2621 1539 2687 extinctae,
1575 2632 1683 2674 non
1716 2624 1895 2688 potest
1924 2617 2042 2673 ani-

396 2727 517 2770 mus
546 2714 834 2784 pervenire
865 2726 974 2782 quo
1016 2712 1212 2781 pergit.
1247 2710 1442 2765 Libido
1464 2714 1547 2764 est
1577 2708 1748 2764 bestia
1782 2707 2037 2778 maligna,

394 2817 518 2872 quae
552 2803 607 2858 in
637 2803 787 2873 sylva
817 2802 979 2872 hujus
1008 2800 1195 2856 saeculi
1227 2799 1295 2854 ad
1335 2797 1678 2854 devorandas
1705 2796 1913 2851 animas
1943 2811 2042 2866 per

395 2902 614 2944 carnem
647 2894 702 2944 et
731 2888 1015 2943 diabolum
1045 2887 1328 2942 incitatur.
1360 2885 1460 2951 Qui
1500 2885 1619 2953 ejus
1657 2888 1886 2938 mortem
1919 2896 2039 2936 eva-

393 2977 548 3040 serit,
607 2976 708 3030 tibi
765 2977 877 3031 Deo
925 2976 1128 3046 gratias
1184 2971 1372 3038 refert,
1424 2973 1554 3042 quia
1591 2978 1743 3026 tuum
1775 2971 2036 3042 estquod

394 3066 585 3120 evasit.
629 3084 658 3116 ))

394 3170 630 3242 Explicit
658 3169 723 3201 ⁵⁸⁰
749 3185 917 3225 sermo
976 3168 1198 3242 Wiberti
1227 3167 1604 3242 archidiaconi
1626 3188 1645 3234 ;
1694 3168 1877 3242 incipit
1915 3171 2038 3242 Am-

462 3239 648 3310 Erosii,
700 3243 902 3299 ercis
957 3246 1005 3296 et
1063 3241 1263 3296 Latinis
1317 3239 1534 3310 eloquiis
1581 3239 1832 3306 eruditus,
1865 3241 1951 3311 qui
1989 3245 2037 3296 et

463 3315 734 3370 diaconus.

2123 1808 2254 1864 Dico
2299 1819 2479 1866 autem
2527 1824 2636 1866 non
2688 1813 2874 1882 nuptis
2919 1818 2974 1867 et
3021 1813 3201 1868 viduis
3236 1834 3248 1869 :
3283 1816 3488 1870 Bonum
3522 1822 3607 1870 est
3638 1815 3767 1882 illis,

2122 1897 2167 1952 si
2190 1897 2269 1952 sic
2291 1901 2691 1968 permanserint
2711 1901 2856 1957 sicut
2873 1907 2928 1957 et
2945 1917 3068 1973 ego.
3085 1903 3241 1970 Quod
3262 1903 3308 1958 si
3330 1917 3437 1958 non
3456 1905 3766 1970 continent,

2124 1989 2351 2056 nubant,
2385 1990 2579 2046 melius
2600 1997 2683 2046 est
2703 1993 2846 2046 enim
2869 1993 3098 2059 nubere,
3135 2008 3294 2064 quam
3319 1996 3403 2049 uri
3425 1994 3612 2064 (Ibid.,
3638 1995 3717 2060 7).
3740 2013 3765 2046 υ

2123 2078 2255 2133 Item
2280 2078 2347 2133 ad
2371 2081 2647 2136 Romanos
2671 2101 2683 2136 :
2713 2101 2738 2130 «
2761 2081 2974 2136 Scimus
2992 2083 3335 2152 autem,quia
3359 2083 3444 2138 lex
3463 2083 3771 2154 spiritualis

2125 2172 2229 2235 est,
2269 2182 2372 2239 ego
2419 2175 2598 2224 autem
2648 2171 2884 2226 carnalis
2920 2185 3039 2226 sum
3087 2173 3191 2227 sub
3232 2179 3458 2242 peccato
3489 2173 3771 2228 venunda-

2125 2259 2230 2310 tus.
2280 2257 2418 2324 Quid
2466 2259 2610 2313 enim
2667 2273 2890 2329 operor,
2947 2273 3058 2316 non
3115 2261 3383 2331 intelligo.
3443 2263 3561 2318 Non
3625 2263 3769 2316 enim

2125 2345 2273 2414 quod
2312 2347 2435 2402 volo
2493 2349 2597 2403 hoc
2644 2363 2766 2419 ago,
2815 2349 2914 2404 sed
2962 2349 3109 2419 quod
3159 2349 3252 2405 odi
3309 2350 3445 2406 illud
3488 2349 3655 2407 facio.
3716 2353 3770 2407 Si

2124 2440 2304 2489 autem
2337 2436 2484 2502 quod
2516 2437 2646 2494 nolo
2667 2438 2801 2493 illud
2840 2437 3003 2508 facio,
3027 2438 3315 2495 consentio
3347 2439 3477 2510 legi,
3511 2441 3771 2510 quoniam

2124 2523 2266 2579 bona
2297 2531 2381 2580 est
2429 2525 2628 2596 (Rom.,
2675 2543 2772 2595 vn,
2834 2527 2949 2600 l4).
2985 2547 3012 2579 »
3056 2529 3211 2598 Nam,
3244 2527 3441 2585 fratres
3473 2530 3770 2596 karissimi,

2125 2615 2326 2669 timens
2381 2615 2775 2685 pet-plurimum
2823 2617 2992 2673 corde
3023 2623 3082 2672 et
3110 2619 3292 2674 animo
3333 2633 3660 2690 expavesco,
3689 2628 3771 2678 tot

2123 2711 2177 2760 et
2215 2710 2400 2759 tantos
2440 2705 2670 2760 scientia
2718 2714 2773 2762 et
2821 2707 3144 2776 operatione
3194 2708 3650 2778 praeclarissimos
3685 2725 3771 2766 sa-

2122 2794 2377 2850 cerdotes
2423 2793 2668 2850 feraliter
2695 2810 2724 2850 a
2767 2796 2990 2865 perfidis
3035 2797 3360 2858 Christianis
3396 2800 3502 2855 sub
3529 2799 3768 2871 quadam

2121 2890 2176 2939 et
2241 2884 2486 2940 inaudita
2574 2886 2866 2941 occasione
2939 2887 3244 2943 trucidatos
3301 2889 3767 2957 animadvertens,

2121 2973 2315 3030 dolens
2353 2974 2517 3032 modo
2547 2981 2764 3046 tempus
2793 2977 3073 3046 comperio
3103 2978 3308 3034 nostris
3336 2979 3516 3036 oculis
3543 2981 3765 3036 accele-

2059 3048 2290 3130 Crasse,
2331 3063 2400 3119 de
2457 3078 2567 3134 quo
2620 3066 2833 3121 animus
2869 3065 3108 3136 apostoli
3163 3068 3360 3136 spiritu
3417 3075 3472 3124 et
3529 3069 3766 3125 scientia

2122 3152 2214 3207 Dei
2247 3151 2562 3222 perfulgens
2597 3153 2767 3208 multa
2804 3155 3070 3225 praesagia
3118 3154 3378 3225 praefatus
3415 3165 3501 3212 est
3531 3158 3728 3214 dicens
3757 3178 3769 3212 :

2123 3260 2148 3288 α
2190 3241 2248 3295 In
2281 3241 2592 3297 novissimis
2629 3243 2970 3312 temporibus
2999 3243 3288 3300 discedent
3312 3245 3534 3315 quidam
3564 3261 3597 3301 a
3637 3247 3767 3313 ﬁde,

2118 3327 2470 3384 attendentes
2525 3329 2813 3399 spiritibus
2869 3331 3094 3397 erroris,
3147 3338 3201 3386 et
3239 3331 3512 3388 doctrinis
3562 3334 3769 3390 daemo-

460 3419 550 3475 24.
590 3419 735 3492 (23.)
783 3439 808 3469 α
849 3420 993 3474 Deus
1047 3418 1141 3488 qui
1187 3416 1310 3474 fons
1338 3423 1422 3473 est
1451 3417 1734 3484 bonitatis,
1768 3415 2035 3488 perfectio
2117 3417 2334 3472 niorum
2382 3418 2439 3472 in
2491 3418 2733 3488 ypocrisi
2779 3418 3121 3488 loquentium
3161 3421 3530 3489 mendacium,
3583 3430 3769 3480 caute-

389 3509 677 3576 castitatis,
728 3507 987 3578 magister
1033 3507 1298 3572 caritatis,
1348 3513 1559 3563 amator
1612 3523 1755 3564 verte
1813 3509 2036 3581 virgini-
2118 3506 2310 3561 riatam
2343 3506 2660 3562 habentium
2697 3521 2850 3563 suam
2901 3509 3320 3576 conscientiam,
3353 3511 3765 3580 prohibentium

390 3599 519 3654 tatis
549 3599 902 3668 omniumque
948 3596 1208 3652 virtutum
1257 3603 1471 3666 auctor,
1522 3598 1593 3653 sit
1639 3599 1802 3654 nobis
1841 3599 1948 3656 hoc
1978 3600 2033 3655 in
2118 3595 2348 3662 nubere,
2418 3595 2696 3652 abstinere
2753 3611 2781 3651 a
2829 3597 2970 3652 cibis
3026 3612 3167 3667 quos
3223 3599 3365 3654 Deus
3421 3602 3636 3657 creavit
3695 3603 3764 3658 ad

389 3690 613 3760 negotio
663 3687 909 3743 veritatis
947 3692 1117 3753 tutor,
1158 3687 1379 3756 adjutor
1425 3688 1768 3756 humilitatis,
1825 3690 2037 3746 adver--
2117 3684 2533 3754 percipiendum
2583 3698 2706 3740 cum
2737 3685 3037 3755 gratiarum
3066 3687 3284 3742 actione
3315 3687 3574 3745 ﬁdelibus
3614 3695 3668 3746 et
3698 3692 3765 3747 iis

387 3777 658 3832 sariorum
745 3774 1023 3843 defensor,
1116 3789 1261 3831 verae
1353 3776 1570 3832 virtutis
1661 3783 2032 3848 augmentum,
2115 3773 2209 3842 qui
2235 3779 2613 3843 cognoverunt
2641 3774 2925 3830 veritatem
2961 3773 3021 3845 (Ι
3050 3775 3180 3831 Tim.
3221 3791 3299 3844 tv,
3333 3777 3406 3848 1).
3451 3798 3479 3829 υ
3523 3780 3760 3849 Utinam,

387 3878 702 3920 sermonum
746 3866 1020 3934 justorum
1079 3863 1347 3932 minister,
1397 3871 1451 3920 et
1497 3865 1728 3922 sincerae
1787 3867 2032 3923 caritatis
2114 3859 2311 3916 fratres
2367 3861 2732 3930 dilectissimi,
2793 3863 2900 3919 hoc
2948 3863 3209 3933 placitum
3267 3879 3392 3921 cum
3448 3868 3660 3924 curiate
3707 3877 3760 3924 et

386 3969 606 4024 semper
637 3953 1074 4021 incrementum;
1115 3968 1276 4023 quam
1334 3954 1617 4011 caritatem
1658 3956 1855 4012 Paulus
1901 3971 2032 4028 apo.
2113 3949 2419 4006 humilitate
2479 3965 2543 4006 ac
2599 3951 2935 4008 discretione
2985 3952 3200 4009 initium
3239 3953 3296 4009 in
3325 3954 3437 4010 Deo
3477 3955 3708 4011 haberet
3743 3963 3754 4010 ε

387 4043 566 4100 stolus
594 4056 762 4112 super
792 4055 983 4098 omnes
1030 4042 1262 4098 virtutes
1300 4043 1594 4113 laudando,
1629 4053 1688 4101 ut
1711 4048 1822 4117 jam
1852 4048 2028 4115 scitis,
2113 4039 2228 4095 Hoc
2259 4041 2305 4095 si
2336 4039 2482 4095 enim
2513 4039 2727 4107 fuisset,
2761 4041 2952 4110 utique
2985 4041 3223 4097 medium
3254 4041 3457 4098 bonum
3498 4058 3564 4100 ac
3596 4046 3758 4100 tinem

386 4132 790 4204 magnificavit;
831 4131 901 4187 de
950 4145 1058 4203 qua
1119 4137 1342 4188 sanctus
1405 4136 1739 4205 Augustinus
1786 4138 2029 4193 omnium
2112 4128 2205 4198 (Ιυί
2245 4136 2328 4183 est
2380 4130 2603 4198 Diei-alis
2648 4135 2703 4184 θῐ
2751 4129 2996 4185 caritatis
3042 4131 3256 4186 initium
3317 4137 3372 4186 θῐ
3429 4132 3574 4200 ﬁnis,
3617 4135 3758 4190 Deus

383 4222 782 4278 sententiarum
823 4221 1020 4292 peritia
1069 4220 1238 4278 fultus
1267 4222 1321 4278 in
1362 4222 1504 4280 libro
1535 4225 1603 4280 de
1644 4225 1808 4280 unico
1848 4224 1906 4256 ⁸⁸¹
1940 4226 2030 4280 ba-
2111 4217 2278 4272 certis
2306 4217 2520 4272 inditiis
2557 4218 2676 4272 sine
2709 4219 2874 4273 tantis
2926 4219 3101 4290 plagis
3151 4233 3216 4275 ac
3246 4222 3534 4291 angustiis,
3576 4238 3607 4278 e
3637 4223 3758 4293 qui-

383 4313 584 4382 ptismo
624 4313 948 4384 perscripsit
1001 4311 1158 4384 (124)
1218 4313 1410 4370 dicens
1451 4335 1463 4370 :
1518 4333 1545 4366 «
1597 4315 1828 4370 Videant
1865 4307 2213 4386 quam_bus
2261 4321 2406 4363 nunc
2453 4307 2592 4363 ordo
2645 4311 2834 4364 noster
2873 4308 3136 4365 Ecclesiae
3173 4311 3344 4366 totius
3379 4312 3756 4369 Ambrosiam:

383 4378 551 4458 multa
582 4378 641 4458 et
667 4378 1062 4474 quam—magna
1092 4378 1259 4458 nichil
1311 4404 1543 4474 prosint,
1585 4405 1633 4460 si
1681 4419 1846 4461 unum
1877 4378 2026 4476 quod
2048 4378 2166 4452 Din
2200 4397 2390 4469 primis
2427 4403 2674 4469 urgetur,
2716 4398 3018 4454 clementer
3044 4400 3416 4470 approbaret;
3446 4402 3516 4458 de
3555 4403 3758 4473 quibus

381 4491 656 4560 defuerit;
691 4497 748 4548 et
775 4492 1000 4548 videant
1037 4491 1187 4561 quod
1236 4491 1307 4546 sit
1339 4492 1518 4562 ipsum
1550 4505 1755 4560 unum;
1800 4507 1901 4549 nec
1940 4508 2026 4549 me
2111 4489 2303 4545 beatus
2329 4487 2651 4544 Ambrosius
2678 4487 2734 4543 in
2763 4489 3112 4545 sermonibus
3132 4491 3493 4560 conqueritur
3521 4492 3749 4549 dicens:

381 4581 438 4638 in
469 4581 691 4639 homine
712 4581 959 4649 audiant,
1005 4581 1103 4637 sed
1134 4581 1456 4652 Apostolum
1490 4600 1502 4636 :
1536 4581 1591 4636 Si
1622 4581 1824 4653 linguis
1851 4583 2029 4639 bomi-
2112 4598 2141 4631 «
2181 4579 2367 4634 Tantis
2398 4579 2543 4634 enim
2590 4577 2748 4634 malis
2786 4579 2905 4634 haec
2934 4579 3042 4634 vita
3073 4580 3268 4635 misera
3307 4587 3391 4636 est
3430 4582 3663 4652 repleta,
3697 4592 3754 4640 ut

379 4684 508 4727 num
547 4671 746 4743 loquar
791 4677 848 4728 et
892 4671 1233 4742 angelorum,
1287 4670 1568 4726 caritatem
1619 4684 1728 4727 non
1776 4671 2025 4740 habeam,
2111 4669 2521 4740 comparatione
2575 4670 2696 4738 ejus
2747 4682 2895 4725 mors
2971 4669 3272 4725 remedium
3338 4677 3582 4740 putatur,
3644 4687 3751 4730 non

379 4760 550 4816 nichil
582 4775 720 4817 sum.
755 4777 785 4816 »
817 4760 872 4816 Si
905 4760 1074 4832 igitur
1102 4760 1285 4831 aliqua
1317 4761 1609 4832 ingruente
1642 4764 2025 4832 persecutione
2109 4773 2290 4830 poena.
2323 4777 2351 4810 »
2392 4758 2498 4814 Sed
2557 4758 2685 4827 quia
2742 4757 2948 4812 malitia
3005 4764 3061 4813 et
3109 4757 3500 4828 malivolentia,
3567 4763 3651 4818 ira
3697 4771 3750 4820 et

379 4850 598 4906 tradant
629 4850 697 4906 ad
727 4850 971 4906 ﬂammas
1020 4850 1307 4906 nobiscum
1356 4863 1561 4921 corpus
1589 4865 1746 4906 suum
1777 4865 1879 4921 pro
1916 4851 2023 4907 fide
2105 4849 2177 4905 od
2219 4862 2251 4904 ο
2291 4861 2354 4903 ac
2391 4846 2639 4914 avaritia,
2693 4859 2816 4917 quae
2874 4859 3054 4916 neque
3111 4847 3271 4916 c0pia
3307 4849 3519 4918 augeri,
3571 4864 3748 4922 neque

378 4953 542 5010 quam
572 4940 781 5012 pariter
827 4938 1180 5008 confitentur,
1232 4944 1411 4995 tamen
1459 4940 1588 5012 quia
1626 4941 1863 5011 separati
1902 4939 2022 4996 haec
2104 4937 2292 5009 inOpia
2343 4936 2516 4992 minui
2571 4939 2775 5006 potest,
2830 4935 3004 5004 ipsam
3051 4945 3375 4993 exercentes
3429 4939 3747 5010 incompen-

1725 5092 1950 5180 νᾼΡιΙιΕ
2006 5090 2286 5146 LECTION
2291 5089 2390 5144 ES.

455 5210 520 5244 ⁵⁷³
560 5211 650 5268 hic
688 5211 828 5282 vulg.
871 5213 1030 5268 Totus
1060 5211 1204 5268 locus
1239 5211 1324 5268 hic
1353 5212 1634 5270 admodum
1661 5212 1924 5270 breviatur
1951 5220 2047 5269 est.
2121 5212 2186 5244 ⁸³⁰
2239 5213 2430 5268 Sermo
2473 5208 2747 5266 Ambrosii
2779 5207 2900 5276 Bifﬁ
2929 5209 2986 5264 in
3028 5209 3234 5266 Latinis
3267 5207 3471 5267 litteris
3503 5220 3559 5268 et
3593 5214 3743 5270 Grae-

377 5283 458 5339 cis
494 5283 695 5340 eruditi
725 5304 739 5354 ;
781 5283 908 5341 ideo
940 5283 1192 5341 Bilfarius
1229 5285 1414 5342 dictus
1442 5299 1522 5342 es.
1563 5286 1680 5343 Δί’.
1715 5286 1773 5342 Β.
1804 5285 1893 5342 BI.
1968 5285 2028 5316 ⁵⁸⁸
2070 5285 2234 5342 unico
2272 5284 2341 5340 de
2365 5285 2448 5343 A'.
2488 5282 2610 5339 A“.

1943 5440 2158 5495 NOTAE.

472 5561 584 5630 124)
629 5561 851 5616 Frustra
889 5562 964 5618 ibi
997 5563 1251 5630 quaesivi.
