4056 6150
255 285 354 342 933

1278 285 1589 342 HISTORIA
1628 282 2176 339 MEDIOLANENSIS.
2216 311 2288 324 --
2324 283 2448 339 LIB.
2489 283 2581 339 IIl.

3509 290 3616 348 934

253 409 495 466 sabiliter
531 413 591 464 ut
638 413 932 479 appareret
979 408 1177 479 repleti
1209 415 1356 475 sunt,
1391 414 1450 466 ut
1490 409 1652 465 bonis
1689 408 1880 473 initiis,
1905 411 2092 469 Aest;
2146 407 2295 476 quod
2333 405 2510 477 culpae
2557 413 2641 462 est
2680 407 2863 477 igitur,
2897 407 2957 462 in
2999 409 3322 478 baptibmate
3361 416 3610 482 laxatur;

251 499 326 555 sic
372 497 696 554 melioribus
745 497 947 554 ﬁnibus
996 498 1225 564 carebit,
1261 498 1328 553 de
1382 513 1487 567 qua
1537 496 1891 567 malignitatis

253 587 537 658 iniquitate
586 587 784 643 doctor
833 593 888 642 et
936 588 1132 642 beatus
1179 587 1496 643 Ambrosius
1541 585 1598 641 in
1656 584 1889 656 epistola

253 676 604 744 Vercellensi,
654 676 788 747 quid
836 676 1006 746 dicat,
1063 677 1347 733 audiamus
1395 683 1465 744 (c.
1500 674 1587 746 45)
1624 696 1635 730 ε
1681 693 1710 727 ‹‹
1741 674 1890 729 Mali-

251 768 427 839 gnitas
493 766 617 836 plus
681 772 848 821 nocet
885 780 1047 836 quam
1106 766 1331 832 malitia,
1396 766 1524 836 quia
1582 764 1891 835 malignitas

252 870 350 910 nec
403 868 593 925 puram
633 853 1039 924 simplicitatem
1080 853 1266 920 habet,
1301 868 1403 909 nec
1450 861 1692 924 apertam
1741 851 1891 906 mali-

252 945 401 1009 tiam,
449 943 546 998 sed
605 943 980 998 absconditam
1050 942 1558 999 malivolentiam.»
1610 945 1677 997 At
1720 947 1778 996 ut
1821 941 1888 995 ad

255 1049 334 1101 ea,
387 1033 587 1103 quibus
637 1033 851 1087 animus
898 1047 1053 1088 meus
1109 1032 1363 1100 intendit,
1416 1033 1648 1099 veniam,
1691 1032 1892 1100 quibus

250 1122 442 1179 loricis
498 1121 808 1192 quibusque
869 1121 1056 1188 armis,
1115 1137 1292 1191 quove
1357 1129 1515 1178 scuto
1572 1136 1602 1176 a
1665 1121 1888 1187 talibus,

250 1212 497 1283 quamvis
553 1211 774 1279 frustra,
835 1211 1034 1266 muniri
1066 1209 1129 1242 ⁵⁸²
1186 1217 1240 1266 et
1307 1210 1604 1266 defendere
1662 1211 1888 1280 possim,

247 1300 498 1357 studiose
548 1315 669 1356 cum
719 1300 975 1356 omnibus
1030 1299 1284 1356 Arialdus
1324 1305 1380 1355 et
1435 1298 1734 1355 Landulfus
1781 1312 1892 1354 non

251 1405 356 1458 me,
409 1389 507 1446 sed
559 1389 869 1460 apostolum
925 1395 1170 1445 nostrum
1226 1389 1567 1445 Ambrosium
1622 1393 1890 1456 sanctum,

247 1480 400 1550 quod
441 1480 496 1535 in
536 1479 870 1535 Vercellensi
912 1478 1146 1550 epistola
1185 1478 1351 1546 dicat,
1384 1479 1609 1534 audiant
1639 1483 1693 1533 et
1737 1476 1897 1532 intel-

249 1570 422 1641 ligant
474 1569 552 1641 (c.
585 1569 681 1640 62)
719 1590 732 1626 :
765 1587 793 1620 «
825 1569 1095 1643 Virtutum
1137 1574 1318 1624 autem
1366 1569 1626 1638 magister
1673 1572 1894 1637 aposto-

246 1657 332 1714 lus
373 1664 478 1726 est,
530 1658 624 1729 qui
664 1673 787 1714 cum
839 1658 1102 1728 patientia
1157 1657 1569 1729 redarguendos
1620 1656 1783 1712 docet
1840 1661 1894 1712 et

1971 495 2118 563 quod
2162 495 2298 565 legis
2328 502 2433 562 est,
2471 495 2524 549 in
2565 495 2822 566 conjugio
2862 496 3193 555 solvitur”.
3232 521 3257 548 ιι
3307 503 3440 558 Item
3493 506 3616 561 Hie-

1971 599 2232 654 ronymus
2279 606 2290 640 :
2347 604 2374 636 «
2425 585 2775 640 Sacerdotem
2834 587 3034 654 quaerit
3090 588 3354 658 Ecclesia,
3407 601 3501 648 aut
3547 595 3614 650 de

1970 670 2337 740 virginitatem
2377 677 2646 739 sanctum,
2679 681 2772 728 ant
2803 673 2870 728 de
2902 678 3245 746 monogamia
3276 687 3550 736 ornatum.
3585 701 3612 732 ι)

1973 761 2159 816 Laudo
2191 763 2354 828 enim,
2389 761 2584 820 fratres
2615 764 2905 830 karissimi,
2941 766 3087 836 quod
3129 766 3326 824 fratres
3365 771 3618 826 Arialdus

1974 856 2028 905 et
2060 852 2412 923 Landulphus
2452 855 2561 923 jam
2612 854 2832 923 populis
2878 855 3237 922 seminarunt,
3269 865 3324 913 et
3360 874 3619 930 conquae-

1974 941 2019 994 ri
2050 938 2115 970 ⁵⁹⁸
2164 956 2192 995 a
2233 942 2511 998 desiderio
2544 943 2784 998 omnium
2830 943 3068 999 fidelium
3103 947 3331 1003 maxime
3361 951 3618 1006 sacerdo-

1973 1034 2086 1084 tum
2117 1035 2172 1084 et
2219 1031 2503 1086 levitarum
2544 1032 2883 1098 castitatem;
2924 1034 3021 1088 sed
3056 1037 3231 1105 «quis
3276 1052 3395 1093 esse
3437 1045 3617 1108 potest

1975 1121 2284 1186 continens,
2316 1120 2421 1175 nisi
2451 1123 2595 1176 Deus
2626 1121 2802 1177 det?»
2836 1128 2893 1177 ut
2921 1123 2997 1178 ait
3028 1125 3359 1194 Augustinus
3388 1127 3444 1181 in
3474 1128 3618 1184 libro

1976 1213 2167 1264 contra
2212 1209 2496 1265 Paulinum
2536 1216 2591 1266 et
2638 1211 2959 1281 Eutropium
2990 1212 3053 1243 ⁸⁹⁹
3099 1216 3168 1279 (c.
3204 1214 3308 1284 11).
3353 1217 3620 1273 «Caritas

1976 1297 2092 1360 Dei,
2126 1303 2185 1352 ut
2216 1298 2359 1353 idem
2386 1299 2442 1353 in
2474 1299 2667 1354 eodem
2707 1299 2804 1365 ait,
2829 1315 2952 1370 qum
2983 1301 3388 1360 multitudinem
3429 1319 3621 1374 pecca-

1978 1392 2156 1440 torum
2207 1388 2460 1456 cooperit
2489 1387 2572 1454 θοο,
2623 1387 2947 1444 diffunditur
3005 1390 3060 1445 in
3100 1392 3363 1448 cordibus
3416 1394 3621 1450 nostris

1977 1489 2086 1530 non
2132 1490 2229 1546 per
2276 1490 2376 1531 nos
2423 1477 2594 1546 ipsos,
2636 1478 2732 1532 sed
2775 1493 2873 1548 per
2911 1479 3171 1549 Spiritum
3221 1489 3490 1550 sanctum,
3523 1485 3617 1554 qui

1977 1563 2137 1620 datus
2167 1569 2250 1620 est
2278 1566 2459 1621 nobis.
2490 1586 2518 1618 »
2558 1568 2622 1621 Et
2654 1567 2783 1622 item
2817 1569 2871 1623 in
2903 1567 3097 1624 eodem
3139 1569 3210 1640 (c.
3244 1569 3341 1642 34)
3379 1592 3390 1627 :
3427 1593 3452 1622 ιι
3485 1575 3615 1628 Cum

1976 1668 2073 1708 rex
2115 1656 2296 1723 justus
2350 1655 2557 1710 sederit
2605 1655 2660 1710 in
2711 1656 2910 1711 throno
2960 1673 3074 1712 suae
3132 1661 3450 1728 majestatis,
3494 1661 3618 1730 quis

243 1747 308 1780 ⁸⁸³
346 1747 813 1816 contradicentes,
864 1747 958 1818 qui
1006 1746 1168 1802 unius
1223 1747 1410 1802 uxoris
1465 1747 1638 1802 virum
1697 1743 2303 1823 praeci-Dgloriabitur
2347 1751 2554 1800 castum
2601 1759 2660 1799 se
2711 1743 2912 1800 habere
2963 1761 3080 1814 cor,
3126 1754 3219 1802 aut
3258 1749 3383 1817 quis
3420 1749 3618 1819 gloria-

243 1838 362 1908 piat
395 1852 534 1905 esse,
579 1851 687 1893 non
729 1837 879 1907 quod
911 1842 1154 1892 exortem
1186 1835 1440 1892 excludat
1469 1835 1734 1907 conjugii,
1767 1850 1887 1890 nam

245 1926 354 1982 hoc
415 1940 580 1996 supra
637 1926 810 1997 legem
870 1926 1132 1996 praecepti
1192 1932 1295 1992 est,
1344 1926 1439 1981 sed
1501 1930 1557 1981 ut
1617 1923 1890 1995 conjugali

245 2015 574 2071 castimonia
603 2013 747 2071 fruet
766 2014 831 2047 5“
859 2014 1241 2071 ablutionis‘”
1269 2030 1384 2071 sua:
1415 2015 1588 2086 gratia
1607 2013 1691 2070 ⁸⁸⁸.
1731 2014 1890 2070 Nulla

244 2104 396 2160 enim
427 2105 587 2176 culpa
613 2106 874 2176 conjugii,
898 2105 995 2160 sed
1027 2105 1114 2160 lex
1135 2104 1216 2158 ⁸⁸⁸.
1250 2105 1380 2160 Ideo
1402 2103 1696 2176 Apostolus
1713 2103 1890 2174 legem

243 2194 456 2262 posuit,
490 2194 717 2250 dicens:
749 2195 803 2250 Si
836 2195 960 2264 quis
988 2193 1107 2249 sine
1137 2194 1367 2249 crimine
1400 2199 1484 2250 est
1512 2194 1675 2249 unius
1705 2193 1892 2248 uxoris

241 2284 352 2338 vir.
377 2285 518 2354 Ergo
545 2284 637 2354 qui
669 2284 787 2338 sine
819 2284 1047 2338 crimine
1074 2288 1158 2339 est
1188 2285 1350 2339 unius
1371 2284 1558 2340 uxoris
1585 2284 1686 2349 vir,
1711 2287 1894 2338 tenea-

240 2377 338 2426 tur
388 2372 456 2426 ad
514 2372 687 2441 legem
741 2371 1039 2427 sacerdotii
1095 2371 1514 2441 snpradictim;
1570 2372 1663 2441 qui
1711 2376 1892 2425 autem

237 2459 538 2514 intraverit
568 2458 631 2489 ⁸⁸³
681 2459 1020 2530 conjugium,
1054 2459 1268 2530 culpam
1310 2459 1530 2530 quidem
1579 2472 1690 2514 non
1729 2459 1895 2514 habet

237 2546 616 2616 coinquinati,
664 2548 760 2603 sed
819 2548 1182 2618 praerogativa
1239 2548 1456 2603 exuitur
1510 2543 1891 2604 sacerdotii.»

233 2638 382 2692 Item
437 2637 490 2692 in
532 2638 722 2694 eadem
769 2637 1002 2708 epistola
1059 2637 1136 2709 (c.
1177 2637 1273 2709 39)
1313 2659 1324 2693 :
1362 2656 1389 2688 ‹‹
1429 2640 1612 2694 Bonus
1649 2637 1896 2693 medicus

232 2725 338 2796 qui
394 2732 448 2780 et
496 2725 730 2782 fortibus
785 2727 1147 2783 subtilitatem
1178 2726 1242 2757 ⁵⁸⁹
1296 2727 1514 2782 virtutis
1569 2740 1893 2783 conservare

231 2815 455 2886 cupiat,
496 2823 551 2870 et
601 2815 832 2870 inﬁrmis
871 2815 1248 2871 salubritatem
1290 2815 1442 2883 dare,
1484 2816 1608 2872 aliis
1645 2816 1738 2872 dat
1768 2831 1896 2874 con-

233 2903 452 2972 silium,
486 2903 608 2958 aliis
647 2903 988 2960 demonstrat
1035 2904 1358 2972 remedium,
1393 2904 1585 2960 dicens
1619 2925 1630 2960 :
1681 2906 1780 2973 Qui
1812 2905 1896 2961 in-

235 2992 438 3048 firmus
483 3001 587 3059 est,
638 2992 788 3048 olera
847 2992 1158 3059 manducet,
1210 2993 1445 3063 accipiat
1493 3008 1756 3062 uxorem;
1797 2994 1894 3065 qui

1977 1833 2125 1888 bitur
2169 1834 2427 1889 mundum
2468 1849 2527 1890 se
2576 1848 2697 1889 esse
2742 1846 2774 1889 a
2824 1840 3093 1903 peccato?
3151 1837 3302 1891 Tunc
3348 1851 3479 1908 ergo
3521 1852 3620 1908 per

1975 1925 2094 1993 ejus
2143 1923 2577 1980 misericordiam
2624 1924 2758 1994 justi
2803 1924 2871 1978 ab
2926 1924 3034 1980 hiis
3089 1924 3305 1981 liberati
3337 1926 3395 1957 ⁶⁰¹
3456 1928 3616 1998 plene

1975 2012 2326 2084 perfecteque
2375 2013 2640 2079 mundati,
2673 2012 2960 2083 fulgebunt
2998 2014 3052 2068 in
3101 2029 3271 2087 regno
3321 2018 3496 2072 Patris
3533 2016 3618 2071 sui

1973 2102 2117 2157 sicut
2149 2103 2254 2168 sol,
2287 2107 2342 2158 et
2370 2117 2492 2158 cum
2524 2101 2585 2132 ⁶⁰²
2633 2101 2794 2172 plene
2824 2107 2988 2172 atque
3029 2103 3270 2172 perfecte
3309 2106 3414 2161 erit
3443 2105 3619 2161 eccle-

1974 2191 2056 2246 sia
2087 2205 2197 2247 non
2227 2192 2436 2247 habens
2465 2191 2732 2246 maculam
2763 2206 2943 2260 neque
2976 2207 3184 2263 rugam.
3210 2213 3237 2245 »
3278 2194 3442 2249 Multa
3471 2196 3616 2250 enim

1976 2294 2308 2349 percurrens
2361 2281 2420 2336 in
2475 2280 2777 2349 Scripturis
2833 2282 3039 2335 sanctis
3095 2281 3301 2337 dixisse
3358 2283 3618 2351 memini;

1976 2369 2073 2425 sed
2131 2370 2273 2425 hanc
2319 2369 2601 2441 Optionem
2646 2369 2838 2424 damus
2885 2369 3062 2437 vobis,
3104 2372 3349 2440 quamvis
3396 2372 3620 2440 injuste,

1978 2459 2236 2530 quoniam
2290 2473 2401 2516 non
2441 2459 2603 2515 decet
2651 2458 2757 2514 nisi
2807 2459 2942 2514 solis
2977 2460 3257 2531 episcOpis
3297 2463 3400 2518 hoc
3443 2462 3622 2519 facere

1978 2549 2127 2619 quod
2175 2548 2371 2617 facitis,
2418 2555 2479 2604 ut
2535 2548 2809 2605 licentiam
2853 2549 3021 2605 totius
3070 2550 3307 2606 civitatis
3355 2554 3623 2608 omnium-

1979 2651 2086 2706 que
2126 2636 2367 2706 plebium
2397 2638 2556 2708 plane
2588 2639 2989 2708 perscrutando
3022 2640 3310 2707 habeatis;
3352 2646 3624 2711 quatenus

1979 2726 2258 2782 trutinatis
2314 2727 2673 2796 facinoribus,
2733 2729 3046 2786 homicidiis
3104 2731 3454 2800 parvulorum
3503 2732 3623 2786 sine

1979 2815 2304 2886 baptismate
2350 2831 2540 2872 necem
2588 2816 2832 2874 feraliter
2871 2826 2926 2874 et
2963 2820 3292 2875 innocenter
3339 2820 3625 2875 incurren-

1977 2904 2146 2972 tibus,
2190 2905 2450 2975 perjuriis
2487 2907 2558 2962 ob
2597 2907 2889 2963 mulierum
2935 2921 3177 2963 amorem
3226 2915 3281 2964 et
3317 2909 3403 2964 sui
3441 2908 3624 2965 defen-

1979 2993 2210 3062 sionem,
2245 3007 2346 3049 nec
2385 3009 2495 3051 non
2543 2995 2830 3052 adulteriis
2859 3010 2923 3051 ac
2953 2996 3118 3051 variis
3166 2994 3625 3054 fornicationibus

236 3082 464 3138 validus
511 3088 614 3148 est,
675 3081 956 3138 fortiorem
1014 3082 1232 3137 virtutis
1289 3083 1471 3138 cibum
1520 3083 2088 3154 expectat‘°°;ctam
2128 3083 2390 3152 juvenum
2437 3099 2597 3153 quam
2646 3085 2916 3156 virginum
2963 3099 3261 3154 sacrarum,
3311 3101 3377 3142 ac
3435 3087 3626 3144 usibus

237 3173 562 3243 meritoque
609 3171 858 3241 adjunxit
901 3191 914 3226 :
966 3173 1098 3227 Nam
1139 3173 1232 3242 qui
1263 3172 1451 3228 statuit
1498 3173 1554 3227 in
1593 3173 1761 3229 corde
1790 3187 1891 3229 suo

236 3262 459 3328 firmus,
512 3275 622 3317 non
679 3261 890 3317 habens
946 3261 1351 3328 necessitatem,
1412 3269 1737 3332 potestatem
1802 3278 1897 3318 au-

235 3357 352 3408 tem
396 3350 612 3406 habens
649 3365 763 3406 sua:
794 3350 1130 3419 voluntatis;
1189 3356 1245 3406 et
1290 3351 1382 3406 hic
1411 3351 1470 3383 ⁶⁹¹
1524 3352 1792 3422 judicavit
1838 3352 1896 3408 in

233 3441 417 3498 corde
479 3455 580 3497 suo
637 3455 854 3497 servare
907 3440 1272 3512 virginitatem
1329 3456 1504 3510 suam,
1566 3443 1706 3499 bene
1767 3442 1898 3500 facit

232 3530 322 3596 ⁸⁹¹,
358 3537 418 3586 et
452 3531 548 3600 qui
579 3543 688 3587 non
715 3530 917 3600 jungit,
960 3530 1156 3585 melius
1186 3529 1335 3597 facit,
1361 3547 1392 3585 ι)
1423 3537 1478 3586 et
1509 3532 1770 3587 Dominus
1799 3547 1899 3602 per

233 3620 576 3690 prophetam
611 3640 623 3675 :
662 3638 689 3670 «
721 3618 1048 3675 Sacerdotes
1085 3617 1192 3673 mei
1229 3619 1440 3674 nubant
1467 3620 1657 3676 semel.
1693 3641 1721 3671 »
1763 3623 1896 3676 Item

231 3724 337 3780 per
379 3708 711 3780 prophetam
738 3729 750 3764 :
782 3727 807 3757 ει
839 3705 1108 3763 Sacerdos
1137 3708 1402 3776 virginem
1443 3707 1607 3764 ducat
1647 3722 1894 3776 uxorem,

229 3800 506 3856 similiter
554 3805 609 3855 et
657 3799 820 3854 levita
875 3798 1053 3869 (Leuit.
1087 3813 1196 3865 ιω,
1235 3796 1347 3867 13).
1384 3817 1410 3850 »
1463 3801 1532 3854 At
1561 3807 1619 3855 ut
1651 3801 1763 3869 jam
1794 3815 1896 3871 ego

230 3889 323 3945 his
361 3889 558 3946 verbis
596 3888 755 3944 tinem
807 3887 1104 3958 imponam,
1160 3885 1294 3958 quid
1344 3887 1536 3943 beatus
1578 3889 1898 3946 Ambrosius

229 3980 501 4036 scribens
548 3979 604 4034 in
653 3977 796 4034 libro
845 3977 914 4032 de
963 3974 1164 4034 officiis
1210 3977 1380 4045 dicat,
1420 3977 1604 4034 audite
1648 3977 1714 4051 (1,
1744 3977 1842 4050 50)
1879 4000 1891 4035 :

232 4087 262 4118 «
303 4070 385 4125 De
417 4067 773 4139 monogamia
819 4066 1117 4124 sacerdotii
1138 4065 1203 4096 ⁵³³
1245 4066 1378 4137 quid
1417 4066 1632 4138 loquar,
1673 4068 1896 4138 quando

229 4171 343 4213 una
400 4162 620 4214 tantum
669 4155 1004 4226 permittitur
1042 4156 1240 4226 copula
1286 4163 1341 4212 et
1389 4170 1500 4213 non
1538 4157 1791 4227 repetita.
1834 4159 1894 4214 In

229 4245 358 4316 ipso
410 4261 554 4316 ergo
599 4245 858 4316 conjugio
896 4245 984 4301 lex
1023 4253 1126 4313 est,
1167 4260 1280 4303 non
1317 4246 1517 4302 iterare
1556 4248 1892 4318 conjugium,

230 4349 338 4392 nec
367 4334 677 4392 secundam
711 4335 952 4406 conjugii
991 4336 1178 4392 sortiri
1218 4337 1702 4406 conjunctionem;
1745 4337 1893 4407 quod

1982 3172 2183 3242 quibus
2212 3178 2325 3229 tota
2345 3174 2728 3230 Christianitas
2756 3189 2856 3246 per
2884 3175 3074 3231 orbem
3105 3176 3417 3233 universum
3450 3191 3624 3249 usque

1983 3263 2146 3319 modo
2185 3263 2380 3319 ditiusa
2435 3261 2672 3319 feliciter
2727 3265 2895 3320 Deum
2945 3272 3001 3320 et
3057 3265 3336 3322 hominem
3389 3267 3628 3337 diligens

1980 3350 2200 3420 fruitur,
2222 3353 2278 3408 in
2303 3352 2516 3421 judicio
2541 3359 2845 3408 vestrarum
2875 3354 3197 3420 animarum,
3222 3361 3281 3409 nt
3311 3367 3623 3423 possumus,

1981 3441 2391 3507 committimus,
2426 3447 2486 3495 ut
2541 3440 2878 3507 sacerdotes,
2911 3455 3052 3510 quos
3098 3442 3346 3511 bigamos
3391 3449 3486 3498 aut
3528 3443 3625 3499 tri-

1979 3544 2168 3599 gamos
2214 3536 2308 3584 aut
2353 3529 2779 3584 concubinarios
2825 3529 3164 3597 inveneritis,
3204 3537 3299 3586 aut
3344 3531 3627 3602 deponan-

1981 3623 2070 3673 tur
2099 3624 2193 3673 aut
2231 3616 2563 3673 dividantur.
2604 3617 2737 3672 Illos
2773 3623 2955 3672 autem
2985 3632 3126 3688 quos
3153 3619 3455 3676 secundum
3494 3635 3627 3676 usus

1981 3706 2232 3762 ecclesia:
2280 3706 2449 3762 totius
2497 3706 2660 3762 unius
2709 3706 2897 3762 uxoris
2945 3707 3092 3762 viros
3137 3707 3494 3776 inveneritis,
3555 3722 3623 3765 ne

1979 3796 2201 3851 veniant
2229 3795 2286 3850 in
2317 3796 2473 3866 pejus
2493 3795 2752 3852 dimittite
2777 3815 2790 3850 :
2823 3801 3031 3851 tantum
3062 3802 3286 3853 strenue
3315 3797 3621 3868 providete,

1980 3899 2049 3942 ne
2093 3888 2282 3956 jugum
2331 3885 2480 3955 quod
2520 3885 2697 3942 nostri
2743 3886 2980 3956 majores
3025 3886 3156 3942 olim
3202 3885 3345 3943 ferre
3385 3902 3495 3944 non
3526 3902 3624 3958 po-

1980 3979 2225 4042 tuerunt,
2257 3973 2497 4030 calorem
2545 3981 2758 4030 naturaa
2808 3974 3060 4030 humana:
3091 3989 3253 4045 quam
3282 3976 3356 4032 sit
3392 3976 3460 4032 ad
3499 3991 3626 4048 pec-

1980 4064 2213 4120 candum
2262 4063 2524 4134 proclivis
2571 4070 2990 4135 cognoscentes,
3025 4064 3208 4121 ordini
3255 4072 3447 4123 nostro
3476 4067 3622 4124 into-

1978 4154 2283 4210 lerabiliter
2354 4153 2744 4225 superponatis
2775 4196 2790 4222 ,
2873 4169 3145 4211 memores
3216 4155 3624 4227 evangeliorum

1977 4243 2215 4311 Domini,
2265 4243 2360 4314 qui
2409 4258 2532 4300 cum
2581 4242 2793 4299 videret
2829 4258 2960 4299 suos
3011 4243 3312 4312 discipulos
3357 4259 3389 4299 a
3435 4246 3623 4300 Phari-

1977 4334 2104 4390 saais
2142 4333 2390 4404 legaliter
2428 4332 2683 4403 redargui
2722 4331 2972 4386 dicentes
3003 4351 3018 4386 :
3052 4350 3081 4382 (ι
3119 4332 3384 4401 Discipuli
3431 4333 3512 4387 tui
3550 4331 3624 4388 fa-

231 4422 298 4454 ⁸⁹⁴
343 4425 638 4496 plerisque
677 4425 872 4480 mirum
904 4424 1138 4481 videtur.
1180 4428 1314 4481 Cum
1352 4425 1516 4482 etiam
1555 4432 1681 4482 ante
1720 4423 2150 4496 bapti-Dciunt,
2182 4421 2332 4491 quod
2364 4435 2476 4477 non
2505 4421 2636 4476 licet
2665 4421 2746 4476 eis
2784 4418 2966 4475 facere
2997 4419 3241 4475 sabbatis
3273 4419 3488 4489 (Matth.
3520 4435 3619 4486 xu,

226 4530 417 4572 smum
474 4516 670 4571 iterata
717 4516 972 4587 conjugia
1012 4515 1276 4572 dilatione
1307 4513 1372 4546 ⁵³⁸
1429 4515 1674 4571 muneris
1709 4523 1766 4572 et
1808 4530 1893 4572 or-

227 4602 551 4660 dinationis
615 4605 1034 4675 praerogativam
1090 4603 1481 4674 impedimenta
1537 4611 1892 4674 generentur,

225 4707 356 4749 cum
411 4693 584 4749 etiam
631 4692 834 4749 delicta
891 4693 1087 4749 obesse
1135 4706 1247 4749 non
1299 4693 1534 4761 soleant,
1590 4692 1638 4748 si
1694 4693 1894 4749 lavacri

226 4784 478 4838 remissa
505 4781 713 4837 tuerint
740 4787 1106 4850 sacramento,
1137 4782 1236 4838 sed
1266 4781 1577 4852 intelligere
1608 4781 1892 4852 debemus,

224 4871 365 4942 quia
436 4871 745 4941 baptismus
809 4871 1026 4942 culpam
1091 4871 1372 4927 remittere
1407 4869 1472 4901 5“
1537 4875 1739 4941 potest,
1811 4869 1898 4926 lex

225 4960 460 5018 aboleri
490 4973 601 5017 non
633 4965 836 5031 potest.
881 4962 943 5017 In
993 4962 1252 5033 conjugio
1292 4974 1404 5018 non
1451 4959 1631 5031 culpa,
1662 4961 1759 5016 sed
1807 4959 1896 5016 lex

1975 4511 2062 4582 2),
2097 4511 2300 4567 vellere
2347 4512 2529 4580 spicas
2558 4517 2615 4566 et
2653 4509 3023 4576 manducare;
3060 4529 3086 4558 π
3127 4510 3285 4564 Jesus
3313 4517 3495 4565 autem
3526 4510 3622 4565 de-

1977 4599 2208 4656 fendens
2255 4613 2371 4667 eos,
2406 4605 2466 4655 ut
2510 4603 2700 4669 pastor
2727 4599 2905 4654 bonus
2933 4598 3013 4653 ait
3040 4597 3121 4653 eis
3150 4618 3164 4653 :
3201 4616 3228 4646 ι
3257 4599 3380 4653 Non
3411 4596 3622 4668 legistis

1977 4689 2111 4760 quid
2149 4686 2344 4745 fecerit
2390 4687 2557 4743 David
2597 4686 2818 4758 quando
2857 4686 3104 4754 esurivit,
3146 4691 3201 4741 et
3256 4687 3351 4756 qui
3390 4700 3514 4742 cum
3553 4700 3621 4743 eo

1978 4784 2176 4835 erant?
2222 4784 2316 4834 aut
2345 4791 2456 4834 non
2487 4777 2699 4848 legistis
2727 4777 2784 4831 in
2817 4775 2940 4846 lege
2985 4774 3133 4846 quod
3162 4775 3406 4831 sabbatis
3443 4789 3622 4831 sacer-

1978 4869 2137 4925 dotes
2166 4869 2224 4924 in
2273 4867 2478 4938 templo
2525 4867 2813 4922 sabbatum
2861 4865 3088 4933 violant,
3129 4872 3184 4921 et
3231 4866 3350 4921 sine
3390 4865 3620 4921 crimine

1977 4964 2221 5016 sunt?»
2286 4960 2520 5014 Naturas
2581 4956 2802 5013 leonum
2855 4955 3034 5024 quivis
3099 4955 3264 5012 homo
3329 4954 3619 5010 humiliare

1607 5112 1833 5168 VARLE
1879 5112 2264 5168 LECTIONES.

299 5237 373 5271 181
402 5239 486 5271 a'In
517 5238 724 5271 Annam;
751 5259 762 5271 ο
797 5239 990 5271 τηιιηῖιῖ
1030 5241 1094 5271 Δῖ
1154 5239 1238 5271 ΛΨ.
1291 5239 1330 5271 ι)
1381 5237 1574 5271 muniti

402 5239 488 5295 ita
515 5238 762 5295 correxi:
795 5239 992 5295 muniti
1020 5241 1112 5296 A'.
1145 5239 1257 5295 A".
1291 5239 1350 5293 B.
1381 5237 1606 5294 munitis
1643 5253 1728 5294 me
1769 5239 1823 5294 d.
1878 5237 1964 5294 Βι.
2057 5237 2123 5270 ⁸⁸³
2169 5238 2368 5295 doceat
2416 5252 2467 5292 c.
2518 5237 2656 5304 vulg.
2748 5237 2814 5264 ⁵⁸⁸
2861 5239 3044 5289 servet

402 5309 732 5394 hsolutionis
786 5309 1028 5394 ᾼθωΒι.
1131 5309 1195 5394 ’δέ
1238 5310 1378 5394 ‘Hic.
1401 5308 2161 5394 nostergententiagnqliquot
2200 5310 2388 5394 entisit.
2416 5393 2437 5394 η
2460 5302 3064 5394 i‘flsuscipielndiltfig‘.

1510 5381 1569 5413 ⁸⁹¹
1601 5381 1708 5438 hoc
1735 5381 1806 5438 ib.
1886 5381 1950 5412 δ”
1978 5375 2151 5452 Igitur
2179 5385 2235 5437 et
2272 5381 2367 5451 qui
2397 5378 2746 5434 matrimonio
2757 5375 2951 5503 (jungit
2978 5375 3245 5446 virginem
3273 5389 3446 5443 suam,
3480 5375 3622 5432 bene

1510 5467 1536 5503 θ
1569 5454 1891 5503 castimonia
1930 5461 2110 5503 autem
2170 5468 2225 5503 cr.
2285 5451 2425 5503 υιιισ.
2519 5449 2584 5480 ⁸⁸⁸
2638 5451 2754 5503 Ono
2841 5462 2896 5503 ι).
2947 5460 3021 5501 m.
3072 5461 3123 5503 ν.
3171 5461 3272 5502 cur
3314 5446 3454 5503 bula.
3558 5447 3622 5479 ⁸⁸⁸

2841 5462 2896 5518 p.

221 5309 291 5342 ⁸⁸³
353 5309 732 5366 absolutionis
786 5311 886 5366 A**
941 5309 1028 5366 Bl.

219 5380 290 5414 “’
322 5381 695 5438 stabilitatem
730 5381 871 5452 vulg.
896 5380 962 5412 ⁸⁸⁸
1036 5386 1257 5452 expetat
1292 5379 1433 5450 vuig.

221 5454 365 5529 facit
399 5452 490 5529 pel
517 5452 765 5529 librarius
794 5451 1070 5529 bebLand.
1103 5451 1293 5508 Omisit.
1313 5522 1346 5529 __
1369 5451 1548 5529 "’__l_)e_
1569 5454 1891 5529 castimonia
1922 5451 2112 5529 autem
2156 5468 2237 5529 _q.A
2285 5451 2497 5529 quiqu“
2519 5451 2584 5480 ⁸³⁸
2638 5451 2804 5529 Quod.

222 5524 429 5580 iterati
465 5526 704 5595 conjugii
744 5526 811 5580 ad
843 5525 1169 5580 electionem
1202 5539 1275 5578 m.
1305 5522 1356 5577 ib
1431 5523 1496 5554 ⁸⁹⁶
1535 5525 1806 5593 baptismo
1845 5525 2005 5593 culpa
2036 5517 2238 5579 dimitti
2285 5517 2392 5577 ib.’
2433 5521 2497 5551 δ⁹⁷
2528 5533 2636 5576 non
2681 5535 2727 5574 s.
2786 5517 2858 5574 ib.
2951 5517 3018 5549 ⁸⁹⁸
3062 5532 3183 5589 que]

222 5595 492 5664 tropium
530 5602 584 5651 et
617 5596 838 5651 Paulum
869 5596 1008 5664 vulg.
1087 5595 1150 5625 ⁶⁰⁰
1178 5610 1236 5664 q.
1268 5609 1339 5650 m.
1378 5610 1430 5664 p.
1465 5610 1516 5649 c.
1550 5595 1732 5651 desunt
1762 5597 1833 5651 ib.
1911 5595 1970 5624 ‘°'
2002 5596 2071 5649 ab
2102 5595 2156 5649 h.
2203 5595 2240 5649 Ι.
2269 5593 2451 5648 desunt
2482 5591 2555 5650 ib.
2631 5590 2692 5620 ⁶⁰¹
2721 5589 2804 5646 sol
2843 5591 2993 5646 Tunc
3023 5605 3078 5660 p.
3111 5589 3183 5646 ib.

220 5595 492 5665 tropium
530 5602 584 5651 et
617 5596 838 5651 Paulum
869 5596 1008 5664 vulg.

2057 5237 2123 5270 ⁸⁸³
2169 5238 2368 5295 doceat
2416 5252 2467 5292 c.
2518 5234 2656 5304 vulg.
2748 5232 3044 5304 “servet

3089 5231 3617 5333 *ιεὲτῗὲξῗῗὶςέηδέξε

3275 5303 3493 5360 iteravit
3545 5303 3620 5359 ib.

2519 5449 2584 5480 ⁸⁸⁸
2638 5446 2792 5515 Quod
2841 5462 2896 5516 p.
2947 5460 3021 5501 ιιι.
3072 5461 3123 5503 v.
3171 5461 3272 5502 cur
3314 5446 3454 5516 vulg.
3558 5447 3624 5479 ⁸⁸⁸

3062 5519 3221 5589 queri
3260 5519 3319 5572 Β.
3415 5517 3481 5549 ⁸⁹⁹
3516 5520 3624 5576 En-
