  <div class='ocr_page' id='page_1' title='image "/cluster/home/n/w/nwhite01/storage/ocr_20150623/147/hvd.32044073505281/473.png"; bbox 0 0 4056 6150; ppageno 0'>
   <div class='ocr_carea' id='block_1_1' title="bbox 457 300 566 354">
    <p class='ocr_par' dir='ltr' id='par_1_1' title="bbox 457 300 566 354">
     <span class='ocr_line' id='line_1_1' title="bbox 457 300 566 354; baseline 0 0"><span class='ocrx_word' id='word_1_1' title='bbox 457 300 566 354; x_wconf 84' lang='grc'><strong>935</strong></span> 
     </span>
    </p>
   </div>
   <div class='ocr_carea' id='block_1_2' title="bbox 1554 293 2754 352">
    <p class='ocr_par' dir='ltr' id='par_1_2' title="bbox 1554 293 2754 352">
     <span class='ocr_line' id='line_1_2' title="bbox 1554 293 2754 352; baseline 0.003 -4"><span class='ocrx_word' id='word_1_2' title='bbox 1554 294 1884 350; x_wconf 79' lang='lat' dir='ltr'><strong>LANDULFI</strong></span> <span class='ocrx_word' id='word_1_3' title='bbox 1922 293 2453 352; x_wconf 80' lang='lat' dir='ltr'><strong>MEDIOLANENSIS</strong></span> <span class='ocrx_word' id='word_1_4' title='bbox 2488 295 2754 351; x_wconf 80' lang='lat' dir='ltr'><strong>CLERICI</strong></span> 
     </span>
    </p>
   </div>
   <div class='ocr_carea' id='block_1_3' title="bbox 3715 290 3818 352">
    <p class='ocr_par' dir='ltr' id='par_1_3' title="bbox 3715 290 3818 352">
     <span class='ocr_line' id='line_1_3' title="bbox 3715 290 3818 352; baseline 0 -3"><span class='ocrx_word' id='word_1_5' title='bbox 3715 290 3818 352; x_wconf 78' lang='lat'><strong>936</strong></span> 
     </span>
    </p>
   </div>
   <div class='ocr_carea' id='block_1_4' title="bbox 458 417 3816 496">
    <p class='ocr_par' dir='ltr' id='par_1_4' title="bbox 458 417 3816 496">
     <span class='ocr_line' id='line_1_4' title="bbox 458 417 3816 496; baseline 0 -15"><span class='ocrx_word' id='word_1_6' title='bbox 458 430 658 496; x_wconf 79' lang='lat' dir='ltr'><strong>potest,</strong></span> <span class='ocrx_word' id='word_1_7' title='bbox 717 421 956 478; x_wconf 87' lang='lat' dir='ltr'><strong>hominis</strong></span> <span class='ocrx_word' id='word_1_8' title='bbox 1015 422 1180 486; x_wconf 89' lang='lat' dir='ltr'><strong>Deus,</strong></span> <span class='ocrx_word' id='word_1_9' title='bbox 1237 433 1347 474; x_wconf 91' lang='lat' dir='ltr'><strong>non</strong></span> <span class='ocrx_word' id='word_1_10' title='bbox 1404 419 1567 473; x_wconf 93' lang='lat' dir='ltr'><strong>homo</strong></span> <span class='ocrx_word' id='word_1_11' title='bbox 1618 423 1827 472; x_wconf 91' lang='lat' dir='ltr'><strong>mutare</strong></span> <span class='ocrx_word' id='word_1_12' title='bbox 1886 421 2160 487; x_wconf 86' lang='lat' dir='ltr'><strong>potest.A</strong></span> <span class='ocrx_word' id='word_1_13' title='bbox 2175 417 2365 486; x_wconf 88' lang='lat' dir='ltr'><strong>paucis</strong></span> <span class='ocrx_word' id='word_1_14' title='bbox 2419 418 2476 473; x_wconf 94' lang='lat' dir='ltr'><strong>in</strong></span> <span class='ocrx_word' id='word_1_15' title='bbox 2530 419 2748 474; x_wconf 76' lang='lat' dir='ltr'><strong>Christo</strong></span> <span class='ocrx_word' id='word_1_16' title='bbox 2805 421 3083 488; x_wconf 90' lang='lat' dir='ltr'><strong>coronari,</strong></span> <span class='ocrx_word' id='word_1_17' title='bbox 3124 437 3287 492; x_wconf 88' lang='lat' dir='ltr'><strong>quam</strong></span> <span class='ocrx_word' id='word_1_18' title='bbox 3342 438 3466 481; x_wconf 89' lang='lat' dir='ltr'><strong>eum</strong></span> <span class='ocrx_word' id='word_1_19' title='bbox 3521 425 3713 481; x_wconf 82' lang='lat' dir='ltr'><strong>multis</strong></span> <span class='ocrx_word' id='word_1_20' title='bbox 3767 427 3816 482; x_wconf 89' lang='lat' dir='ltr'><strong>in</strong></span> 
     </span>
    </p>
   </div>
   <div class='ocr_carea' id='block_1_5' title="bbox 459 509 2096 581">
    <p class='ocr_par' dir='ltr' id='par_1_5' title="bbox 459 509 2096 581">
     <span class='ocr_line' id='line_1_5' title="bbox 459 509 2096 581; baseline -0.006 -10"><span class='ocrx_word' id='word_1_21' title='bbox 459 514 611 571; x_wconf 91' lang='lat' dir='ltr'>Unde</span> <span class='ocrx_word' id='word_1_22' title='bbox 662 513 945 581; x_wconf 78' lang='lat' dir='ltr'><strong>Scriptura</strong></span> <span class='ocrx_word' id='word_1_23' title='bbox 1001 524 1201 565; x_wconf 88' lang='lat' dir='ltr'><strong>sacra:</strong></span> <span class='ocrx_word' id='word_1_24' title='bbox 1236 509 1466 563; x_wconf 87' lang='lat' dir='ltr'><strong>«Nemo</strong></span> <span class='ocrx_word' id='word_1_25' title='bbox 1514 510 1697 576; x_wconf 91' lang='lat' dir='ltr'><strong>potest</strong></span> <span class='ocrx_word' id='word_1_26' title='bbox 1741 511 1952 562; x_wconf 89' lang='lat' dir='ltr'><strong>mutare</strong></span> <span class='ocrx_word' id='word_1_27' title='bbox 2001 521 2096 561; x_wconf 87' lang='lat' dir='ltr'><strong>na-</strong></span> 
     </span>
    </p>
   </div>
   <div class='ocr_carea' id='block_1_6' title="bbox 455 595 1305 670">
    <p class='ocr_par' dir='ltr' id='par_1_6' title="bbox 455 595 1305 670">
     <span class='ocr_line' id='line_1_6' title="bbox 455 595 1305 670; baseline -0.014 -11"><span class='ocrx_word' id='word_1_28' title='bbox 455 611 653 669; x_wconf 91' lang='lat' dir='ltr'><strong>turam,</strong></span> <span class='ocrx_word' id='word_1_29' title='bbox 686 602 792 657; x_wconf 87' lang='lat' dir='ltr'><strong>nisi</strong></span> <span class='ocrx_word' id='word_1_30' title='bbox 823 601 917 670; x_wconf 89' lang='lat' dir='ltr'><strong>qui</strong></span> <span class='ocrx_word' id='word_1_31' title='bbox 947 613 1064 654; x_wconf 86' lang='lat' dir='ltr'><strong>eam</strong></span> <span class='ocrx_word' id='word_1_32' title='bbox 1093 595 1244 652; x_wconf 90' lang='lat' dir='ltr'><strong>fecit.</strong></span> <span class='ocrx_word' id='word_1_33' title='bbox 1277 617 1305 644; x_wconf 85' lang='lat'>»</span> 
     </span>
    </p>
   </div>
   <div class='ocr_carea' id='block_1_7' title="bbox 456 702 1903 785">
    <p class='ocr_par' dir='ltr' id='par_1_7' title="bbox 456 702 1903 785">
     <span class='ocr_line' id='line_1_7' title="bbox 456 702 1903 785; baseline -0.006 -19"><span class='ocrx_word' id='word_1_34' title='bbox 456 709 694 785; x_wconf 66' lang='lat' dir='ltr'><strong>Explica</strong></span> <span class='ocrx_word' id='word_1_35' title='bbox 718 707 780 738; x_wconf 80' lang='grc'><strong>⁶⁰³</strong></span> <span class='ocrx_word' id='word_1_36' title='bbox 826 708 996 785; x_wconf 59' lang='lat' dir='ltr'><strong>oratio</strong></span> <span class='ocrx_word' id='word_1_37' title='bbox 1044 703 1312 785; x_wconf 62' lang='lat' dir='ltr'><strong>Ambrosii</strong></span> <span class='ocrx_word' id='word_1_38' title='bbox 1535 703 1622 785; x_wconf 61' lang='lat' dir='ltr'><strong>qui</strong></span> <span class='ocrx_word' id='word_1_39' title='bbox 1672 702 1845 785; x_wconf 32' lang='lat' dir='ltr'><strong>etiam.</strong></span> <span class='ocrx_word' id='word_1_40' title='bbox 1883 705 1903 784; x_wconf 60' lang='grc' dir='ltr'><strong>ξ</strong></span> 
     </span>
    </p>
   </div>
   <div class='ocr_carea' id='block_1_8' title="bbox 526 773 1940 844">
    <p class='ocr_par' dir='ltr' id='par_1_8' title="bbox 526 773 1940 844">
     <span class='ocr_line' id='line_1_8' title="bbox 526 773 1940 844; baseline -0.005 -8"><span class='ocrx_word' id='word_1_41' title='bbox 526 773 776 836; x_wconf 76' lang='grc' dir='ltr'><strong>ἀάυει·ειι.ς</strong></span> <span class='ocrx_word' id='word_1_42' title='bbox 805 775 1079 832; x_wconf 82' lang='lat' dir='ltr'><strong>Arialdum</strong></span> <span class='ocrx_word' id='word_1_43' title='bbox 1116 780 1164 829; x_wconf 86' lang='lat' dir='ltr'><strong>et</strong></span> <span class='ocrx_word' id='word_1_44' title='bbox 1204 773 1535 843; x_wconf 74' lang='lat' dir='ltr'><strong>Laudat/&quot;um.</strong></span> <span class='ocrx_word' id='word_1_45' title='bbox 1578 774 1769 844; x_wconf 81' lang='lat' dir='ltr'><strong>Incipit</strong></span> <span class='ocrx_word' id='word_1_46' title='bbox 1805 774 1940 829; x_wconf 80' lang='lat' dir='ltr'><strong>Aria</strong></span> 
     </span>
    </p>
   </div>
   <div class='ocr_carea' id='block_1_9' title="bbox 525 844 1825 920">
    <p class='ocr_par' dir='ltr' id='par_1_9' title="bbox 525 844 1825 920">
     <span class='ocr_line' id='line_1_9' title="bbox 525 844 1825 920; baseline -0.005 -13"><span class='ocrx_word' id='word_1_47' title='bbox 525 850 766 920; x_wconf 79' lang='lat' dir='ltr'><strong>Landulﬁ</strong></span> <span class='ocrx_word' id='word_1_48' title='bbox 795 849 1044 903; x_wconf 79' lang='lat' dir='ltr'><strong>adversus</strong></span> <span class='ocrx_word' id='word_1_49' title='bbox 1085 845 1370 902; x_wconf 81' lang='lat' dir='ltr'><strong>Wibertum</strong></span> <span class='ocrx_word' id='word_1_50' title='bbox 1399 852 1446 899; x_wconf 87' lang='lat' dir='ltr'><strong>et</strong></span> <span class='ocrx_word' id='word_1_51' title='bbox 1475 844 1825 900; x_wconf 81' lang='lat' dir='ltr'><strong>Ambrosium.</strong></span> 
     </span>
    </p>
   </div>
   <div class='ocr_carea' id='block_1_10' title="bbox 524 951 2095 1024">
    <p class='ocr_par' dir='ltr' id='par_1_10' title="bbox 524 951 2095 1024">
     <span class='ocr_line' id='line_1_10' title="bbox 524 951 2095 1024; baseline -0.003 -14"><span class='ocrx_word' id='word_1_52' title='bbox 524 958 616 1011; x_wconf 89' lang='lat'><strong>25.</strong></span> <span class='ocrx_word' id='word_1_53' title='bbox 650 956 780 1023; x_wconf 88' lang='lat'><strong>(24.)</strong></span> <span class='ocrx_word' id='word_1_54' title='bbox 822 974 851 1006; x_wconf 90' lang='lat'><strong>«</strong></span> <span class='ocrx_word' id='word_1_55' title='bbox 881 957 922 1010; x_wconf 94' lang='lat'>0</span> <span class='ocrx_word' id='word_1_56' title='bbox 958 962 1141 1024; x_wconf 86' lang='lat' dir='ltr'><strong>patres</strong></span> <span class='ocrx_word' id='word_1_57' title='bbox 1177 959 1232 1007; x_wconf 91' lang='lat' dir='ltr'><strong>et</strong></span> <span class='ocrx_word' id='word_1_58' title='bbox 1269 967 1303 1008; x_wconf 94' lang='lat' dir='ltr'><strong>o</strong></span> <span class='ocrx_word' id='word_1_59' title='bbox 1350 951 1566 1020; x_wconf 86' lang='lat' dir='ltr'><strong>fratres,</strong></span> <span class='ocrx_word' id='word_1_60' title='bbox 1599 952 1792 1008; x_wconf 86' lang='lat' dir='ltr'><strong>ordine</strong></span> <span class='ocrx_word' id='word_1_61' title='bbox 1832 957 1888 1007; x_wconf 90' lang='lat' dir='ltr'><strong>et</strong></span> <span class='ocrx_word' id='word_1_62' title='bbox 1916 951 2095 1022; x_wconf 88' lang='lat' dir='ltr'><strong>digni-</strong></span> 
     </span>
    </p>
   </div>
   <div class='ocr_carea' id='block_1_11' title="bbox 455 1041 2096 1116">
    <p class='ocr_par' dir='ltr' id='par_1_11' title="bbox 455 1041 2096 1116">
     <span class='ocr_line' id='line_1_11' title="bbox 455 1041 2096 1116; baseline -0.004 -14"><span class='ocrx_word' id='word_1_63' title='bbox 455 1054 565 1102; x_wconf 88' lang='lat' dir='ltr'><strong>tate</strong></span> <span class='ocrx_word' id='word_1_64' title='bbox 604 1060 668 1101; x_wconf 92' lang='lat' dir='ltr'><strong>ac</strong></span> <span class='ocrx_word' id='word_1_65' title='bbox 707 1051 870 1116; x_wconf 91' lang='lat' dir='ltr'><strong>gente</strong></span> <span class='ocrx_word' id='word_1_66' title='bbox 921 1058 1036 1113; x_wconf 63' lang='lat' dir='ltr'><strong>prae</strong></span> <span class='ocrx_word' id='word_1_67' title='bbox 1080 1041 1281 1098; x_wconf 89' lang='lat' dir='ltr'><strong>ceteris</strong></span> <span class='ocrx_word' id='word_1_68' title='bbox 1335 1041 1505 1096; x_wconf 69' lang='lat' dir='ltr'><strong>italia:</strong></span> <span class='ocrx_word' id='word_1_69' title='bbox 1553 1041 1721 1097; x_wconf 90' lang='lat' dir='ltr'><strong>totius</strong></span> <span class='ocrx_word' id='word_1_70' title='bbox 1769 1041 2096 1111; x_wconf 87' lang='lat' dir='ltr'><strong>primatibus</strong></span> 
     </span>
    </p>
   </div>
   <div class='ocr_carea' id='block_1_12' title="bbox 454 1131 2092 1204">
    <p class='ocr_par' dir='ltr' id='par_1_12' title="bbox 454 1131 2092 1204">
     <span class='ocr_line' id='line_1_12' title="bbox 454 1131 2092 1204; baseline -0.004 -13"><span class='ocrx_word' id='word_1_71' title='bbox 454 1136 509 1190; x_wconf 91' lang='lat' dir='ltr'><strong>in</strong></span> <span class='ocrx_word' id='word_1_72' title='bbox 550 1135 824 1201; x_wconf 90' lang='lat' dir='ltr'><strong>omnibus,</strong></span> <span class='ocrx_word' id='word_1_73' title='bbox 875 1133 922 1188; x_wconf 90' lang='lat' dir='ltr'><strong>si</strong></span> <span class='ocrx_word' id='word_1_74' title='bbox 969 1133 1212 1204; x_wconf 85' lang='lat' dir='ltr'><strong>vigorem</strong></span> <span class='ocrx_word' id='word_1_75' title='bbox 1262 1131 1446 1187; x_wconf 88' lang='lat' dir='ltr'><strong>ordini</strong></span> <span class='ocrx_word' id='word_1_76' title='bbox 1503 1132 1678 1186; x_wconf 89' lang='lat' dir='ltr'><strong>nostri</strong></span> <span class='ocrx_word' id='word_1_77' title='bbox 1725 1131 1781 1185; x_wconf 92' lang='lat' dir='ltr'><strong>in</strong></span> <span class='ocrx_word' id='word_1_78' title='bbox 1829 1137 2092 1200; x_wconf 88' lang='lat' dir='ltr'><strong>quantum</strong></span> 
     </span>
    </p>
   </div>
   <div class='ocr_carea' id='block_1_13' title="bbox 453 1217 2092 1292">
    <p class='ocr_par' dir='ltr' id='par_1_13' title="bbox 453 1217 2092 1292">
     <span class='ocr_line' id='line_1_13' title="bbox 453 1217 2092 1292; baseline -0.004 -12"><span class='ocrx_word' id='word_1_79' title='bbox 453 1224 592 1280; x_wconf 86' lang='lat' dir='ltr'><strong>ratio</strong></span> <span class='ocrx_word' id='word_1_80' title='bbox 647 1229 837 1279; x_wconf 88' lang='lat' dir='ltr'><strong>nostra</strong></span> <span class='ocrx_word' id='word_1_81' title='bbox 896 1222 1065 1292; x_wconf 85' lang='lat' dir='ltr'><strong>exigit</strong></span> <span class='ocrx_word' id='word_1_82' title='bbox 1121 1220 1426 1276; x_wconf 88' lang='lat' dir='ltr'><strong>custodisse</strong></span> <span class='ocrx_word' id='word_1_83' title='bbox 1479 1219 1849 1286; x_wconf 89' lang='lat' dir='ltr'><strong>curavissetis,</strong></span> <span class='ocrx_word' id='word_1_84' title='bbox 1901 1217 2092 1288; x_wconf 61' lang='lat' dir='ltr'><strong>praefe-</strong></span> 
     </span>
    </p>
   </div>
   <div class='ocr_carea' id='block_1_14' title="bbox 451 1307 2094 1380">
    <p class='ocr_par' dir='ltr' id='par_1_14' title="bbox 451 1307 2094 1380">
     <span class='ocr_line' id='line_1_14' title="bbox 451 1307 2094 1380; baseline -0.003 -13"><span class='ocrx_word' id='word_1_85' title='bbox 451 1313 642 1368; x_wconf 89' lang='lat' dir='ltr'><strong>rendi!</strong></span> <span class='ocrx_word' id='word_1_86' title='bbox 696 1325 798 1368; x_wconf 90' lang='lat' dir='ltr'><strong>nos</strong></span> <span class='ocrx_word' id='word_1_87' title='bbox 837 1317 1109 1380; x_wconf 88' lang='lat' dir='ltr'><strong>tamquam</strong></span> <span class='ocrx_word' id='word_1_88' title='bbox 1149 1324 1179 1364; x_wconf 93' lang='lat' dir='ltr'><strong>a</strong></span> <span class='ocrx_word' id='word_1_89' title='bbox 1219 1309 1418 1364; x_wconf 86' lang='lat' dir='ltr'><strong>talibus</strong></span> <span class='ocrx_word' id='word_1_90' title='bbox 1467 1323 1590 1379; x_wconf 65' lang='lat' dir='ltr'><strong>qua:</strong></span> <span class='ocrx_word' id='word_1_91' title='bbox 1630 1310 1743 1378; x_wconf 90' lang='lat' dir='ltr'><strong>jam</strong></span> <span class='ocrx_word' id='word_1_92' title='bbox 1788 1307 2094 1363; x_wconf 86' lang='lat' dir='ltr'><strong>audivimus</strong></span> 
     </span>
    </p>
   </div>
   <div class='ocr_carea' id='block_1_15' title="bbox 449 1396 2091 1471">
    <p class='ocr_par' dir='ltr' id='par_1_15' title="bbox 449 1396 2091 1471">
     <span class='ocr_line' id='line_1_15' title="bbox 449 1396 2091 1471; baseline -0.002 -16"><span class='ocrx_word' id='word_1_93' title='bbox 449 1401 702 1469; x_wconf 88' lang='lat' dir='ltr'><strong>fastiditi,</strong></span> <span class='ocrx_word' id='word_1_94' title='bbox 771 1400 1167 1471; x_wconf 85' lang='lat' dir='ltr'><strong>perplurimum</strong></span> <span class='ocrx_word' id='word_1_95' title='bbox 1232 1397 1698 1468; x_wconf 89' lang='lat' dir='ltr'><strong>congratulamur,</strong></span> <span class='ocrx_word' id='word_1_96' title='bbox 1766 1396 1916 1467; x_wconf 93' lang='lat' dir='ltr'><strong>quod</strong></span> <span class='ocrx_word' id='word_1_97' title='bbox 1981 1403 2091 1452; x_wconf 91' lang='lat' dir='ltr'><strong>tam</strong></span> 
     </span>
    </p>
   </div>
   <div class='ocr_carea' id='block_1_16' title="bbox 446 1486 2094 1560">
    <p class='ocr_par' dir='ltr' id='par_1_16' title="bbox 446 1486 2094 1560">
     <span class='ocr_line' id='line_1_16' title="bbox 446 1486 2094 1560; baseline -0.004 -14"><span class='ocrx_word' id='word_1_98' title='bbox 446 1491 728 1560; x_wconf 89' lang='lat' dir='ltr'><strong>sapienter</strong></span> <span class='ocrx_word' id='word_1_99' title='bbox 764 1495 928 1560; x_wconf 90' lang='lat' dir='ltr'><strong>atque</strong></span> <span class='ocrx_word' id='word_1_100' title='bbox 969 1489 1206 1543; x_wconf 85' lang='lat' dir='ltr'><strong>discrete</strong></span> <span class='ocrx_word' id='word_1_101' title='bbox 1255 1502 1428 1557; x_wconf 92' lang='lat' dir='ltr'><strong>usque</strong></span> <span class='ocrx_word' id='word_1_102' title='bbox 1478 1486 1641 1542; x_wconf 92' lang='lat' dir='ltr'><strong>modo</strong></span> <span class='ocrx_word' id='word_1_103' title='bbox 1679 1486 2094 1542; x_wconf 90' lang='lat' dir='ltr'><strong>sermocinastis</strong></span> 
     </span>
    </p>
   </div>
   <div class='ocr_carea' id='block_1_17' title="bbox 445 1575 2094 1646">
    <p class='ocr_par' dir='ltr' id='par_1_17' title="bbox 445 1575 2094 1646">
     <span class='ocr_line' id='line_1_17' title="bbox 445 1575 2094 1646; baseline -0.003 -11"><span class='ocrx_word' id='word_1_104' title='bbox 445 1581 754 1637; x_wconf 89' lang='lat' dir='ltr'><strong>nobiscum.</strong></span> <span class='ocrx_word' id='word_1_105' title='bbox 805 1581 953 1636; x_wconf 91' lang='lat' dir='ltr'><strong>Bona</strong></span> <span class='ocrx_word' id='word_1_106' title='bbox 991 1584 1074 1633; x_wconf 91' lang='lat' dir='ltr'><strong>est</strong></span> <span class='ocrx_word' id='word_1_107' title='bbox 1113 1577 1332 1644; x_wconf 90' lang='lat' dir='ltr'><strong>caritas,</strong></span> <span class='ocrx_word' id='word_1_108' title='bbox 1373 1590 1498 1646; x_wconf 69' lang='lat' dir='ltr'><strong>qua:</strong></span> <span class='ocrx_word' id='word_1_109' title='bbox 1542 1575 1678 1646; x_wconf 82' lang='lat' dir='ltr'><strong>legis</strong></span> <span class='ocrx_word' id='word_1_110' title='bbox 1706 1581 1762 1631; x_wconf 91' lang='lat' dir='ltr'><strong>et</strong></span> <span class='ocrx_word' id='word_1_111' title='bbox 1799 1575 2094 1646; x_wconf 89' lang='lat' dir='ltr'><strong>propheta-</strong></span> 
     </span>
    </p>
   </div>
   <div class='ocr_carea' id='block_1_18' title="bbox 445 1665 2091 1737">
    <p class='ocr_par' dir='ltr' id='par_1_18' title="bbox 445 1665 2091 1737">
     <span class='ocr_line' id='line_1_18' title="bbox 445 1665 2091 1737; baseline -0.002 -13"><span class='ocrx_word' id='word_1_112' title='bbox 445 1683 565 1725; x_wconf 93' lang='lat' dir='ltr'><strong>rum</strong></span> <span class='ocrx_word' id='word_1_113' title='bbox 616 1674 700 1724; x_wconf 92' lang='lat' dir='ltr'><strong>est</strong></span> <span class='ocrx_word' id='word_1_114' title='bbox 747 1667 1072 1737; x_wconf 88' lang='lat' dir='ltr'><strong>plenitudo;</strong></span> <span class='ocrx_word' id='word_1_115' title='bbox 1125 1665 1268 1720; x_wconf 88' lang='lat' dir='ltr'><strong>bona</strong></span> <span class='ocrx_word' id='word_1_116' title='bbox 1325 1671 1408 1720; x_wconf 93' lang='lat' dir='ltr'><strong>est</strong></span> <span class='ocrx_word' id='word_1_117' title='bbox 1455 1665 1674 1730; x_wconf 90' lang='lat' dir='ltr'><strong>caritas,</strong></span> <span class='ocrx_word' id='word_1_118' title='bbox 1717 1679 1840 1734; x_wconf 68' lang='lat' dir='ltr'><strong>quae</strong></span> <span class='ocrx_word' id='word_1_119' title='bbox 1893 1671 2091 1734; x_wconf 92' lang='lat' dir='ltr'><strong>proto-</strong></span> 
     </span>
    </p>
   </div>
   <div class='ocr_carea' id='block_1_19' title="bbox 1535 702 2094 829">
    <p class='ocr_par' dir='ltr' id='par_1_19' title="bbox 1535 702 2094 829">
     <span class='ocr_line' id='line_1_19' title="bbox 1535 702 2090 828; baseline 0 -71"><span class='ocrx_word' id='word_1_120' title='bbox 1535 703 1622 772; x_wconf 81' lang='lat' dir='ltr'><strong>qui</strong></span> <span class='ocrx_word' id='word_1_121' title='bbox 1672 702 1828 758; x_wconf 85' lang='lat' dir='ltr'><strong>etiam</strong></span> <span class='ocrx_word' id='word_1_122' title='bbox 1883 702 2090 828; x_wconf 49' lang='grc' dir='ltr'><strong>Βὶίὲανί,</strong></span> 
     </span>
     <span class='ocr_line' id='line_1_20' title="bbox 1578 774 2094 829; baseline 0.002 -1"><span class='ocrx_word' id='word_1_123' title='bbox 1578 774 1769 829; x_wconf 75' lang='lat' dir='ltr'><strong>Incipit</strong></span> <span class='ocrx_word' id='word_1_124' title='bbox 1805 774 1940 829; x_wconf 80' lang='lat' dir='ltr'><strong>Aria</strong></span> <span class='ocrx_word' id='word_1_125' title='bbox 1997 775 2094 829; x_wconf 84' lang='lat' dir='ltr'><strong>iet</strong></span> 
     </span>
    </p>
   </div>
   <div class='ocr_carea' id='block_1_20' title="bbox 2174 506 3816 582">
    <p class='ocr_par' dir='ltr' id='par_1_20' title="bbox 2174 506 3816 582">
     <span class='ocr_line' id='line_1_21' title="bbox 2174 506 3816 582; baseline 0.006 -22"><span class='ocrx_word' id='word_1_126' title='bbox 2174 506 2421 560; x_wconf 86' lang='lat' dir='ltr'><strong>tenebris</strong></span> <span class='ocrx_word' id='word_1_127' title='bbox 2484 507 2768 562; x_wconf 91' lang='lat' dir='ltr'><strong>collocari.</strong></span> <span class='ocrx_word' id='word_1_128' title='bbox 2829 509 2950 564; x_wconf 87' lang='lat' dir='ltr'><strong>Non</strong></span> <span class='ocrx_word' id='word_1_129' title='bbox 3009 511 3193 566; x_wconf 90' lang='lat' dir='ltr'><strong>omnia</strong></span> <span class='ocrx_word' id='word_1_130' title='bbox 3261 527 3552 582; x_wconf 91' lang='lat' dir='ltr'><strong>possumus</strong></span> <span class='ocrx_word' id='word_1_131' title='bbox 3609 529 3816 581; x_wconf 85' lang='lat' dir='ltr'><strong>omnes,</strong></span> 
     </span>
    </p>
   </div>
   <div class='ocr_carea' id='block_1_21' title="bbox 2176 595 3815 673">
    <p class='ocr_par' dir='ltr' id='par_1_21' title="bbox 2176 595 3815 673">
     <span class='ocr_line' id='line_1_22' title="bbox 2176 595 3815 673; baseline 0.007 -25"><span class='ocrx_word' id='word_1_132' title='bbox 2176 595 2305 662; x_wconf 91' lang='lat' dir='ltr'><strong>quia</strong></span> <span class='ocrx_word' id='word_1_133' title='bbox 2347 608 2458 650; x_wconf 92' lang='lat' dir='ltr'><strong>non</strong></span> <span class='ocrx_word' id='word_1_134' title='bbox 2509 597 2797 666; x_wconf 54' lang='lat' dir='ltr'><strong>aequaliter</strong></span> <span class='ocrx_word' id='word_1_135' title='bbox 2823 597 3086 665; x_wconf 89' lang='lat' dir='ltr'><strong>valemus,</strong></span> <span class='ocrx_word' id='word_1_136' title='bbox 3128 599 3197 656; x_wconf 93' lang='lat' dir='ltr'><strong>de</strong></span> <span class='ocrx_word' id='word_1_137' title='bbox 3229 602 3430 671; x_wconf 90' lang='lat' dir='ltr'><strong>quibus</strong></span> <span class='ocrx_word' id='word_1_138' title='bbox 3475 603 3815 673; x_wconf 85' lang='lat' dir='ltr'><strong>Apostolus:</strong></span> 
     </span>
    </p>
   </div>
   <div class='ocr_carea' id='block_1_22' title="bbox 2181 683 3818 761">
    <p class='ocr_par' dir='ltr' id='par_1_22' title="bbox 2181 683 3818 761">
     <span class='ocr_line' id='line_1_23' title="bbox 2181 683 3818 761; baseline 0.008 -26"><span class='ocrx_word' id='word_1_139' title='bbox 2181 683 2372 738; x_wconf 86' lang='lat' dir='ltr'><strong>«Aliis</strong></span> <span class='ocrx_word' id='word_1_140' title='bbox 2411 683 2575 739; x_wconf 91' lang='lat' dir='ltr'><strong>datur</strong></span> <span class='ocrx_word' id='word_1_141' title='bbox 2602 699 2783 740; x_wconf 90' lang='lat' dir='ltr'><strong>sermo</strong></span> <span class='ocrx_word' id='word_1_142' title='bbox 2821 686 3092 754; x_wconf 64' lang='lat' dir='ltr'><strong>scientiae,</strong></span> <span class='ocrx_word' id='word_1_143' title='bbox 3132 689 3256 743; x_wconf 90' lang='lat' dir='ltr'><strong>aliis</strong></span> <span class='ocrx_word' id='word_1_144' title='bbox 3292 704 3472 747; x_wconf 89' lang='lat' dir='ltr'><strong>sermo</strong></span> <span class='ocrx_word' id='word_1_145' title='bbox 3512 693 3818 761; x_wconf 68' lang='lat' dir='ltr'><strong>sapientiae,</strong></span> 
     </span>
    </p>
   </div>
   <div class='ocr_carea' id='block_1_23' title="bbox 2175 769 3822 850">
    <p class='ocr_par' dir='ltr' id='par_1_23' title="bbox 2175 769 3822 850">
     <span class='ocr_line' id='line_1_24' title="bbox 2175 769 3822 850; baseline 0.007 -26"><span class='ocrx_word' id='word_1_146' title='bbox 2175 769 2299 825; x_wconf 91' lang='lat' dir='ltr'><strong>aliis</strong></span> <span class='ocrx_word' id='word_1_147' title='bbox 2336 771 2599 827; x_wconf 88' lang='lat' dir='ltr'><strong>discretio</strong></span> <span class='ocrx_word' id='word_1_148' title='bbox 2647 773 2894 842; x_wconf 86' lang='lat' dir='ltr'><strong>spiritus,</strong></span> <span class='ocrx_word' id='word_1_149' title='bbox 2929 775 3054 830; x_wconf 91' lang='lat' dir='ltr'><strong>aliis</strong></span> <span class='ocrx_word' id='word_1_150' title='bbox 3090 790 3296 846; x_wconf 88' lang='lat' dir='ltr'><strong>genera</strong></span> <span class='ocrx_word' id='word_1_151' title='bbox 3332 779 3664 850; x_wconf 86' lang='lat' dir='ltr'><strong>linguarum,</strong></span> <span class='ocrx_word' id='word_1_152' title='bbox 3704 781 3822 837; x_wconf 88' lang='lat' dir='ltr'><strong>aliis</strong></span> 
     </span>
    </p>
   </div>
   <div class='ocr_carea' id='block_1_24' title="bbox 2181 859 3822 940">
    <p class='ocr_par' dir='ltr' id='par_1_24' title="bbox 2181 859 3822 940">
     <span class='ocr_line' id='line_1_25' title="bbox 2181 859 3822 940; baseline 0.009 -27"><span class='ocrx_word' id='word_1_153' title='bbox 2181 859 2566 929; x_wconf 85' lang='lat' dir='ltr'><strong>interpretatio</strong></span> <span class='ocrx_word' id='word_1_154' title='bbox 2613 876 2925 918; x_wconf 88' lang='lat' dir='ltr'><strong>sermonum</strong></span> <span class='ocrx_word' id='word_1_155' title='bbox 2980 863 3041 934; x_wconf 88' lang='grc' dir='ltr'><strong>(Ι</strong></span> <span class='ocrx_word' id='word_1_156' title='bbox 3076 867 3198 920; x_wconf 84' lang='lat' dir='ltr'><strong>Cor.</strong></span> <span class='ocrx_word' id='word_1_157' title='bbox 3250 882 3344 934; x_wconf 86' lang='lat' dir='ltr'><strong>xu,</strong></span> <span class='ocrx_word' id='word_1_158' title='bbox 3393 867 3479 937; x_wconf 91' lang='lat'><strong>8),</strong></span> <span class='ocrx_word' id='word_1_159' title='bbox 3527 871 3822 940; x_wconf 86' lang='lat' dir='ltr'><strong>unicuique</strong></span> 
     </span>
    </p>
   </div>
   <div class='ocr_carea' id='block_1_25' title="bbox 2176 950 3820 1029">
    <p class='ocr_par' dir='ltr' id='par_1_25' title="bbox 2176 950 3820 1029">
     <span class='ocr_line' id='line_1_26' title="bbox 2176 950 3820 1029; baseline 0.004 -26"><span class='ocrx_word' id='word_1_160' title='bbox 2176 950 2320 1004; x_wconf 92' lang='lat' dir='ltr'><strong>sicut</strong></span> <span class='ocrx_word' id='word_1_161' title='bbox 2357 950 2544 1006; x_wconf 85' lang='lat' dir='ltr'><strong>divisit</strong></span> <span class='ocrx_word' id='word_1_162' title='bbox 2589 953 2734 1007; x_wconf 90' lang='lat' dir='ltr'><strong>Deus</strong></span> <span class='ocrx_word' id='word_1_163' title='bbox 2771 967 3082 1009; x_wconf 89' lang='lat' dir='ltr'><strong>mensuram</strong></span> <span class='ocrx_word' id='word_1_164' title='bbox 3130 956 3256 1012; x_wconf 90' lang='lat' dir='ltr'><strong>ﬁdei</strong></span> <span class='ocrx_word' id='word_1_165' title='bbox 3301 956 3476 1028; x_wconf 87' lang='lat' dir='ltr'><strong>(Rom.</strong></span> <span class='ocrx_word' id='word_1_166' title='bbox 3517 973 3616 1027; x_wconf 70' lang='grc' dir='ltr'><strong>χιι,</strong></span> <span class='ocrx_word' id='word_1_167' title='bbox 3657 958 3762 1029; x_wconf 88' lang='lat'><strong>3);</strong></span> <span class='ocrx_word' id='word_1_168' title='bbox 3797 981 3820 1010; x_wconf 76' lang='grc' dir='ltr'><strong>ι</strong></span> 
     </span>
    </p>
   </div>
   <div class='ocr_carea' id='block_1_26' title="bbox 2176 1039 3821 1114">
    <p class='ocr_par' dir='ltr' id='par_1_26' title="bbox 2176 1039 3821 1114">
     <span class='ocr_line' id='line_1_27' title="bbox 2176 1039 3821 1114; baseline 0.007 -21"><span class='ocrx_word' id='word_1_169' title='bbox 2176 1039 2273 1094; x_wconf 94' lang='lat' dir='ltr'><strong>sed</strong></span> <span class='ocrx_word' id='word_1_170' title='bbox 2324 1041 2703 1110; x_wconf 86' lang='lat' dir='ltr'><strong>unusquisque</strong></span> <span class='ocrx_word' id='word_1_171' title='bbox 2750 1047 3022 1111; x_wconf 90' lang='lat' dir='ltr'><strong>nostrum,</strong></span> <span class='ocrx_word' id='word_1_172' title='bbox 3055 1047 3260 1114; x_wconf 88' lang='lat' dir='ltr'><strong>gratias</strong></span> <span class='ocrx_word' id='word_1_173' title='bbox 3300 1048 3432 1114; x_wconf 91' lang='lat' dir='ltr'><strong>Deo,</strong></span> <span class='ocrx_word' id='word_1_174' title='bbox 3473 1049 3549 1103; x_wconf 89' lang='lat' dir='ltr'><strong>ita</strong></span> <span class='ocrx_word' id='word_1_175' title='bbox 3594 1050 3821 1104; x_wconf 84' lang='lat' dir='ltr'><strong>scientia</strong></span> 
     </span>
    </p>
   </div>
   <div class='ocr_carea' id='block_1_27' title="bbox 2174 1127 3820 1202">
    <p class='ocr_par' dir='ltr' id='par_1_27' title="bbox 2174 1127 3820 1202">
     <span class='ocr_line' id='line_1_28' title="bbox 2174 1127 3820 1202; baseline 0.007 -21"><span class='ocrx_word' id='word_1_176' title='bbox 2174 1127 2375 1182; x_wconf 89' lang='lat' dir='ltr'><strong>divinis</strong></span> <span class='ocrx_word' id='word_1_177' title='bbox 2404 1137 2460 1183; x_wconf 93' lang='lat' dir='ltr'><strong>et</strong></span> <span class='ocrx_word' id='word_1_178' title='bbox 2489 1129 2742 1185; x_wconf 89' lang='lat' dir='ltr'><strong>humanis</strong></span> <span class='ocrx_word' id='word_1_179' title='bbox 2771 1132 3135 1202; x_wconf 92' lang='lat' dir='ltr'><strong>superpollet,</strong></span> <span class='ocrx_word' id='word_1_180' title='bbox 3169 1142 3226 1190; x_wconf 90' lang='lat' dir='ltr'><strong>ut</strong></span> <span class='ocrx_word' id='word_1_181' title='bbox 3249 1137 3352 1191; x_wconf 64' lang='lat' dir='ltr'><strong>viae</strong></span> <span class='ocrx_word' id='word_1_182' title='bbox 3381 1151 3526 1192; x_wconf 71' lang='lat' dir='ltr'><strong>vera:</strong></span> <span class='ocrx_word' id='word_1_183' title='bbox 3553 1138 3820 1194; x_wconf 85' lang='lat' dir='ltr'><strong>tramitem</strong></span> 
     </span>
    </p>
   </div>
   <div class='ocr_carea' id='block_1_28' title="bbox 2173 1215 3819 1298">
    <p class='ocr_par' dir='ltr' id='par_1_28' title="bbox 2173 1215 3819 1298">
     <span class='ocr_line' id='line_1_29' title="bbox 2173 1215 3819 1298; baseline 0.008 -27"><span class='ocrx_word' id='word_1_184' title='bbox 2173 1215 2286 1271; x_wconf 86' lang='lat' dir='ltr'><strong>sive</strong></span> <span class='ocrx_word' id='word_1_185' title='bbox 2319 1217 2536 1273; x_wconf 92' lang='lat' dir='ltr'><strong>devium</strong></span> <span class='ocrx_word' id='word_1_186' title='bbox 2567 1224 2660 1274; x_wconf 89' lang='lat' dir='ltr'><strong>aut</strong></span> <span class='ocrx_word' id='word_1_187' title='bbox 2689 1225 2998 1276; x_wconf 89' lang='lat' dir='ltr'><strong>tortuosum</strong></span> <span class='ocrx_word' id='word_1_188' title='bbox 3028 1224 3202 1279; x_wconf 90' lang='lat' dir='ltr'><strong>sacris</strong></span> <span class='ocrx_word' id='word_1_189' title='bbox 3231 1225 3288 1280; x_wconf 93' lang='lat' dir='ltr'><strong>in</strong></span> <span class='ocrx_word' id='word_1_190' title='bbox 3327 1226 3631 1296; x_wconf 91' lang='lat' dir='ltr'><strong>Scripturis</strong></span> <span class='ocrx_word' id='word_1_191' title='bbox 3661 1228 3819 1298; x_wconf 88' lang='lat' dir='ltr'><strong>longo</strong></span> 
     </span>
    </p>
   </div>
   <div class='ocr_carea' id='block_1_29' title="bbox 2174 1307 3820 1386">
    <p class='ocr_par' dir='ltr' id='par_1_29' title="bbox 2174 1307 3820 1386">
     <span class='ocr_line' id='line_1_30' title="bbox 2174 1307 3820 1386; baseline 0.007 -26"><span class='ocrx_word' id='word_1_192' title='bbox 2174 1307 2440 1363; x_wconf 85' lang='lat' dir='ltr'><strong>exercitio</strong></span> <span class='ocrx_word' id='word_1_193' title='bbox 2497 1309 2832 1364; x_wconf 86' lang='lat' dir='ltr'><strong>exercitatus</strong></span> <span class='ocrx_word' id='word_1_194' title='bbox 2887 1324 3227 1382; x_wconf 87' lang='lat' dir='ltr'><strong>cognoscere</strong></span> <span class='ocrx_word' id='word_1_195' title='bbox 3277 1320 3332 1370; x_wconf 91' lang='lat' dir='ltr'><strong>et</strong></span> <span class='ocrx_word' id='word_1_196' title='bbox 3368 1329 3429 1370; x_wconf 92' lang='lat' dir='ltr'><strong>se</strong></span> <span class='ocrx_word' id='word_1_197' title='bbox 3466 1330 3499 1370; x_wconf 92' lang='lat' dir='ltr'><strong>a</strong></span> <span class='ocrx_word' id='word_1_198' title='bbox 3547 1317 3820 1386; x_wconf 88' lang='lat' dir='ltr'><strong>principio</strong></span> 
     </span>
    </p>
   </div>
   <div class='ocr_carea' id='block_1_30' title="bbox 2174 1395 3819 1471">
    <p class='ocr_par' dir='ltr' id='par_1_30' title="bbox 2174 1395 3819 1471">
     <span class='ocr_line' id='line_1_31' title="bbox 2174 1395 3819 1471; baseline 0.008 -22"><span class='ocrx_word' id='word_1_199' title='bbox 2174 1395 2409 1452; x_wconf 89' lang='lat' dir='ltr'><strong>liberare</strong></span> <span class='ocrx_word' id='word_1_200' title='bbox 2448 1410 2560 1453; x_wconf 90' lang='lat' dir='ltr'><strong>non</strong></span> <span class='ocrx_word' id='word_1_201' title='bbox 2607 1397 2770 1465; x_wconf 89' lang='lat' dir='ltr'><strong>valet,</strong></span> <span class='ocrx_word' id='word_1_202' title='bbox 2813 1399 2958 1455; x_wconf 92' lang='lat' dir='ltr'><strong>unde</strong></span> <span class='ocrx_word' id='word_1_203' title='bbox 3007 1401 3279 1471; x_wconf 85' lang='lat' dir='ltr'><strong>propheta</strong></span> <span class='ocrx_word' id='word_1_204' title='bbox 3321 1423 3334 1458; x_wconf 91' lang='lat'><strong>:</strong></span> <span class='ocrx_word' id='word_1_205' title='bbox 3381 1422 3410 1454; x_wconf 87' lang='lat'>«</span> <span class='ocrx_word' id='word_1_206' title='bbox 3448 1406 3646 1461; x_wconf 88' lang='lat' dir='ltr'><strong>Parate</strong></span> <span class='ocrx_word' id='word_1_207' title='bbox 3683 1407 3819 1462; x_wconf 87' lang='lat' dir='ltr'><strong>viam</strong></span> 
     </span>
    </p>
   </div>
   <div class='ocr_carea' id='block_1_31' title="bbox 2173 1485 3818 1564">
    <p class='ocr_par' dir='ltr' id='par_1_31' title="bbox 2173 1485 3818 1564">
     <span class='ocr_line' id='line_1_32' title="bbox 2173 1485 3818 1564; baseline 0.005 -26"><span class='ocrx_word' id='word_1_208' title='bbox 2173 1485 2426 1553; x_wconf 89' lang='lat' dir='ltr'><strong>Domino,</strong></span> <span class='ocrx_word' id='word_1_209' title='bbox 2468 1492 2649 1541; x_wconf 90' lang='lat' dir='ltr'><strong>rectas</strong></span> <span class='ocrx_word' id='word_1_210' title='bbox 2694 1485 2858 1543; x_wconf 89' lang='lat' dir='ltr'><strong>facite</strong></span> <span class='ocrx_word' id='word_1_211' title='bbox 2907 1489 3132 1545; x_wconf 89' lang='lat' dir='ltr'><strong>semitas</strong></span> <span class='ocrx_word' id='word_1_212' title='bbox 3177 1493 3296 1561; x_wconf 90' lang='lat' dir='ltr'><strong>ejus</strong></span> <span class='ocrx_word' id='word_1_213' title='bbox 3347 1491 3510 1563; x_wconf 81' lang='lat' dir='ltr'><strong>(Isai.</strong></span> <span class='ocrx_word' id='word_1_214' title='bbox 3542 1509 3630 1559; x_wconf 77' lang='lat' dir='ltr'><strong>XL,</strong></span> <span class='ocrx_word' id='word_1_215' title='bbox 3670 1492 3761 1564; x_wconf 87' lang='lat'><strong>3).</strong></span> <span class='ocrx_word' id='word_1_216' title='bbox 3793 1515 3818 1547; x_wconf 68' lang='grc' dir='ltr'><strong><em>ι</em></strong></span> 
     </span>
    </p>
   </div>
   <div class='ocr_carea' id='block_1_32' title="bbox 2172 1571 3819 1651">
    <p class='ocr_par' dir='ltr' id='par_1_32' title="bbox 2172 1571 3819 1651">
     <span class='ocr_line' id='line_1_33' title="bbox 2172 1571 3819 1651; baseline 0.007 -25"><span class='ocrx_word' id='word_1_217' title='bbox 2172 1571 2474 1638; x_wconf 88' lang='lat' dir='ltr'><strong>Deelinate,</strong></span> <span class='ocrx_word' id='word_1_218' title='bbox 2507 1571 2724 1641; x_wconf 88' lang='lat' dir='ltr'><strong>fratres,</strong></span> <span class='ocrx_word' id='word_1_219' title='bbox 2749 1589 2779 1629; x_wconf 90' lang='lat' dir='ltr'><strong>a</strong></span> <span class='ocrx_word' id='word_1_220' title='bbox 2798 1576 2902 1630; x_wconf 91' lang='lat' dir='ltr'><strong>viis</strong></span> <span class='ocrx_word' id='word_1_221' title='bbox 2932 1577 3149 1646; x_wconf 84' lang='lat' dir='ltr'><strong>vestris,</strong></span> <span class='ocrx_word' id='word_1_222' title='bbox 3174 1581 3474 1649; x_wconf 91' lang='lat' dir='ltr'><strong>perspicite</strong></span> <span class='ocrx_word' id='word_1_223' title='bbox 3495 1583 3649 1651; x_wconf 86' lang='lat' dir='ltr'><strong>quod</strong></span> <span class='ocrx_word' id='word_1_224' title='bbox 3677 1583 3819 1638; x_wconf 81' lang='lat' dir='ltr'><strong>Scri-</strong></span> 
     </span>
    </p>
   </div>
   <div class='ocr_carea' id='block_1_33' title="bbox 2174 1661 3819 1739">
    <p class='ocr_par' dir='ltr' id='par_1_33' title="bbox 2174 1661 3819 1739">
     <span class='ocr_line' id='line_1_34' title="bbox 2174 1661 3819 1739; baseline 0.007 -24"><span class='ocrx_word' id='word_1_225' title='bbox 2174 1666 2334 1729; x_wconf 89' lang='lat' dir='ltr'><strong>ptura</strong></span> <span class='ocrx_word' id='word_1_226' title='bbox 2373 1661 2590 1729; x_wconf 90' lang='lat' dir='ltr'><strong>clamat,</strong></span> <span class='ocrx_word' id='word_1_227' title='bbox 2622 1662 2850 1718; x_wconf 90' lang='lat' dir='ltr'><strong>dicens:</strong></span> <span class='ocrx_word' id='word_1_228' title='bbox 2877 1679 2907 1718; x_wconf 77' lang='grc' dir='ltr'><strong>ι(</strong></span> <span class='ocrx_word' id='word_1_229' title='bbox 2929 1666 3004 1720; x_wconf 85' lang='lat' dir='ltr'><strong>Ve</strong></span> <span class='ocrx_word' id='word_1_230' title='bbox 3045 1666 3254 1722; x_wconf 89' lang='lat' dir='ltr'><strong>homini</strong></span> <span class='ocrx_word' id='word_1_231' title='bbox 3297 1669 3572 1739; x_wconf 87' lang='lat' dir='ltr'><strong>gradienti</strong></span> <span class='ocrx_word' id='word_1_232' title='bbox 3609 1670 3819 1726; x_wconf 86' lang='lat' dir='ltr'><strong>duabus</strong></span> 
     </span>
    </p>
   </div>
   <div class='ocr_carea' id='block_1_34' title="bbox 445 1735 3817 1828">
    <p class='ocr_par' dir='ltr' id='par_1_34' title="bbox 445 1735 3817 1828">
     <span class='ocr_line' id='line_1_35' title="bbox 445 1735 3817 1828; baseline 0.001 -15"><span class='ocrx_word' id='word_1_233' title='bbox 445 1757 694 1828; x_wconf 91' lang='lat' dir='ltr'><strong>plaustos</strong></span> <span class='ocrx_word' id='word_1_234' title='bbox 739 1735 841 1827; x_wconf 81' lang='lat' dir='ltr'><strong>per</strong></span> <span class='ocrx_word' id='word_1_235' title='bbox 877 1756 1046 1812; x_wconf 91' lang='lat' dir='ltr'><strong>multa</strong></span> <span class='ocrx_word' id='word_1_236' title='bbox 1095 1762 1341 1824; x_wconf 91' lang='lat' dir='ltr'><strong>tempora</strong></span> <span class='ocrx_word' id='word_1_237' title='bbox 1379 1755 1494 1809; x_wconf 91' lang='lat' dir='ltr'><strong>suis</strong></span> <span class='ocrx_word' id='word_1_238' title='bbox 1543 1753 1785 1823; x_wconf 82' lang='lat' dir='ltr'><strong>peccatis</strong></span> <span class='ocrx_word' id='word_1_239' title='bbox 1823 1735 2151 1825; x_wconf 78' lang='lat' dir='ltr'><strong>exigenti—B</strong></span> <span class='ocrx_word' id='word_1_240' title='bbox 2173 1749 2310 1816; x_wconf 89' lang='lat' dir='ltr'><strong>viis;</strong></span> <span class='ocrx_word' id='word_1_241' title='bbox 2338 1769 2368 1802; x_wconf 87' lang='lat'>»</span> <span class='ocrx_word' id='word_1_242' title='bbox 2397 1751 2582 1806; x_wconf 91' lang='lat' dir='ltr'><strong>veniat</strong></span> <span class='ocrx_word' id='word_1_243' title='bbox 2619 1751 2874 1808; x_wconf 89' lang='lat' dir='ltr'><strong>sensibus</strong></span> <span class='ocrx_word' id='word_1_244' title='bbox 2901 1755 3120 1821; x_wconf 87' lang='lat' dir='ltr'><strong>vestris,</strong></span> <span class='ocrx_word' id='word_1_245' title='bbox 3153 1735 3370 1824; x_wconf 79' lang='lat' dir='ltr'><strong>fratres,</strong></span> <span class='ocrx_word' id='word_1_246' title='bbox 3403 1759 3551 1828; x_wconf 91' lang='lat' dir='ltr'><strong>quod</strong></span> <span class='ocrx_word' id='word_1_247' title='bbox 3587 1759 3817 1828; x_wconf 90' lang='lat' dir='ltr'><strong>prophe-</strong></span> 
     </span>
    </p>
   </div>
   <div class='ocr_carea' id='block_1_35' title="bbox 446 1841 2090 1916">
    <p class='ocr_par' dir='ltr' id='par_1_35' title="bbox 446 1841 2090 1916">
     <span class='ocr_line' id='line_1_36' title="bbox 446 1841 2090 1916; baseline -0.002 -14"><span class='ocrx_word' id='word_1_248' title='bbox 446 1847 549 1902; x_wconf 91' lang='lat' dir='ltr'><strong>bus</strong></span> <span class='ocrx_word' id='word_1_249' title='bbox 587 1847 915 1916; x_wconf 87' lang='lat' dir='ltr'><strong>dampnatos</strong></span> <span class='ocrx_word' id='word_1_250' title='bbox 959 1859 990 1899; x_wconf 89' lang='lat' dir='ltr'><strong>a</strong></span> <span class='ocrx_word' id='word_1_251' title='bbox 1043 1843 1292 1899; x_wconf 89' lang='lat' dir='ltr'><strong>faucibus</strong></span> <span class='ocrx_word' id='word_1_252' title='bbox 1342 1841 1544 1897; x_wconf 90' lang='lat' dir='ltr'><strong>inferni</strong></span> <span class='ocrx_word' id='word_1_253' title='bbox 1582 1843 1883 1898; x_wconf 90' lang='lat' dir='ltr'><strong>clementer</strong></span> <span class='ocrx_word' id='word_1_254' title='bbox 1912 1843 2090 1899; x_wconf 90' lang='lat' dir='ltr'><strong>detra-</strong></span> 
     </span>
    </p>
   </div>
   <div class='ocr_carea' id='block_1_36' title="bbox 446 1932 2093 2003">
    <p class='ocr_par' dir='ltr' id='par_1_36' title="bbox 446 1932 2093 2003">
     <span class='ocr_line' id='line_1_37' title="bbox 446 1932 2093 2003; baseline -0.002 -13"><span class='ocrx_word' id='word_1_255' title='bbox 446 1936 565 2003; x_wconf 85' lang='lat' dir='ltr'><strong>xit;</strong></span> <span class='ocrx_word' id='word_1_256' title='bbox 616 1935 776 1990; x_wconf 89' lang='lat' dir='ltr'><strong>beata</strong></span> <span class='ocrx_word' id='word_1_257' title='bbox 815 1941 900 1990; x_wconf 90' lang='lat' dir='ltr'><strong>est</strong></span> <span class='ocrx_word' id='word_1_258' title='bbox 948 1933 1205 1996; x_wconf 82' lang='lat' dir='ltr'><strong>Charitas,</strong></span> <span class='ocrx_word' id='word_1_259' title='bbox 1240 1945 1362 2001; x_wconf 69' lang='lat' dir='ltr'><strong>quae</strong></span> <span class='ocrx_word' id='word_1_260' title='bbox 1402 1945 1502 2000; x_wconf 89' lang='lat' dir='ltr'><strong>per</strong></span> <span class='ocrx_word' id='word_1_261' title='bbox 1548 1945 1812 1986; x_wconf 88' lang='lat' dir='ltr'><strong>summam</strong></span> <span class='ocrx_word' id='word_1_262' title='bbox 1866 1932 2093 1988; x_wconf 88' lang='lat' dir='ltr'><strong>Deitatis</strong></span> 
     </span>
    </p>
   </div>
   <div class='ocr_carea' id='block_1_37' title="bbox 445 2019 2092 2089">
    <p class='ocr_par' dir='ltr' id='par_1_37' title="bbox 445 2019 2092 2089">
     <span class='ocr_line' id='line_1_38' title="bbox 445 2019 2092 2089; baseline -0.003 -9"><span class='ocrx_word' id='word_1_263' title='bbox 445 2023 791 2080; x_wconf 90' lang='lat' dir='ltr'><strong>clementiam</strong></span> <span class='ocrx_word' id='word_1_264' title='bbox 828 2023 1174 2079; x_wconf 89' lang='lat' dir='ltr'><strong>humanatam</strong></span> <span class='ocrx_word' id='word_1_265' title='bbox 1209 2034 1310 2076; x_wconf 91' lang='lat' dir='ltr'><strong>nos</strong></span> <span class='ocrx_word' id='word_1_266' title='bbox 1343 2035 1373 2074; x_wconf 92' lang='lat' dir='ltr'><strong>a</strong></span> <span class='ocrx_word' id='word_1_267' title='bbox 1413 2033 1575 2088; x_wconf 69' lang='lat' dir='ltr'><strong>poena</strong></span> <span class='ocrx_word' id='word_1_268' title='bbox 1614 2019 1806 2089; x_wconf 90' lang='lat' dir='ltr'><strong>primis</strong></span> <span class='ocrx_word' id='word_1_269' title='bbox 1853 2019 2092 2076; x_wconf 84' lang='lat' dir='ltr'><strong>hominis</strong></span> 
     </span>
    </p>
   </div>
   <div class='ocr_carea' id='block_1_38' title="bbox 445 2108 2088 2179">
    <p class='ocr_par' dir='ltr' id='par_1_38' title="bbox 445 2108 2088 2179">
     <span class='ocr_line' id='line_1_39' title="bbox 445 2108 2088 2179; baseline -0.002 -10"><span class='ocrx_word' id='word_1_270' title='bbox 445 2114 681 2170; x_wconf 91' lang='lat' dir='ltr'><strong>liberare</strong></span> <span class='ocrx_word' id='word_1_271' title='bbox 721 2113 1155 2169; x_wconf 89' lang='lat' dir='ltr'><strong>misericorditer</strong></span> <span class='ocrx_word' id='word_1_272' title='bbox 1190 2109 1446 2179; x_wconf 90' lang='lat' dir='ltr'><strong>sataguit,</strong></span> <span class='ocrx_word' id='word_1_273' title='bbox 1482 2114 1537 2164; x_wconf 90' lang='lat' dir='ltr'><strong>et</strong></span> <span class='ocrx_word' id='word_1_274' title='bbox 1574 2108 1862 2164; x_wconf 88' lang='lat' dir='ltr'><strong>liberando</strong></span> <span class='ocrx_word' id='word_1_275' title='bbox 1903 2124 2088 2165; x_wconf 90' lang='lat' dir='ltr'><strong>secum</strong></span> 
     </span>
    </p>
   </div>
   <div class='ocr_carea' id='block_1_39' title="bbox 444 2198 2089 2273">
    <p class='ocr_par' dir='ltr' id='par_1_39' title="bbox 444 2198 2089 2273">
     <span class='ocr_line' id='line_1_40' title="bbox 444 2198 2089 2273; baseline -0.002 -15"><span class='ocrx_word' id='word_1_276' title='bbox 444 2205 502 2259; x_wconf 92' lang='lat' dir='ltr'><strong>in</strong></span> <span class='ocrx_word' id='word_1_277' title='bbox 533 2202 694 2273; x_wconf 90' lang='lat' dir='ltr'><strong>culpa</strong></span> <span class='ocrx_word' id='word_1_278' title='bbox 725 2202 898 2258; x_wconf 90' lang='lat' dir='ltr'><strong>nostri</strong></span> <span class='ocrx_word' id='word_1_279' title='bbox 948 2200 1138 2256; x_wconf 60' lang='lat' dir='ltr'><strong>saeculi</strong></span> <span class='ocrx_word' id='word_1_280' title='bbox 1177 2200 1232 2255; x_wconf 94' lang='lat' dir='ltr'><strong>in</strong></span> <span class='ocrx_word' id='word_1_281' title='bbox 1268 2204 1537 2255; x_wconf 62' lang='lat' dir='ltr'><strong>aternum</strong></span> <span class='ocrx_word' id='word_1_282' title='bbox 1583 2198 1823 2268; x_wconf 89' lang='lat' dir='ltr'><strong>gaudere</strong></span> <span class='ocrx_word' id='word_1_283' title='bbox 1863 2212 2089 2255; x_wconf 90' lang='lat' dir='ltr'><strong>conces-</strong></span> 
     </span>
    </p>
   </div>
   <div class='ocr_carea' id='block_1_40' title="bbox 443 2287 2088 2361">
    <p class='ocr_par' dir='ltr' id='par_1_40' title="bbox 443 2287 2088 2361">
     <span class='ocr_line' id='line_1_41' title="bbox 443 2287 2088 2361; baseline -0.002 -14"><span class='ocrx_word' id='word_1_284' title='bbox 443 2294 537 2359; x_wconf 89' lang='lat' dir='ltr'><strong>sit,</strong></span> <span class='ocrx_word' id='word_1_285' title='bbox 597 2305 704 2361; x_wconf 92' lang='lat' dir='ltr'><strong>qua</strong></span> <span class='ocrx_word' id='word_1_286' title='bbox 755 2290 1058 2360; x_wconf 89' lang='lat' dir='ltr'><strong>discipulos</strong></span> <span class='ocrx_word' id='word_1_287' title='bbox 1113 2302 1244 2344; x_wconf 91' lang='lat' dir='ltr'><strong>suos</strong></span> <span class='ocrx_word' id='word_1_288' title='bbox 1300 2287 1493 2344; x_wconf 89' lang='lat' dir='ltr'><strong>dicens</strong></span> <span class='ocrx_word' id='word_1_289' title='bbox 1549 2287 1822 2342; x_wconf 87' lang='lat' dir='ltr'><strong>armavit:</strong></span> <span class='ocrx_word' id='word_1_290' title='bbox 1869 2307 1895 2337; x_wconf 72' lang='grc' dir='ltr'><strong>ει</strong></span> <span class='ocrx_word' id='word_1_291' title='bbox 1936 2289 2088 2343; x_wconf 90' lang='lat' dir='ltr'><strong>Beati</strong></span> 
     </span>
    </p>
   </div>
   <div class='ocr_carea' id='block_1_41' title="bbox 445 2377 2087 2450">
    <p class='ocr_par' dir='ltr' id='par_1_41' title="bbox 445 2377 2087 2450">
     <span class='ocr_line' id='line_1_42' title="bbox 445 2377 2087 2450; baseline -0.002 -13"><span class='ocrx_word' id='word_1_292' title='bbox 445 2379 866 2447; x_wconf 88' lang='lat' dir='ltr'><strong>misericordes,</strong></span> <span class='ocrx_word' id='word_1_293' title='bbox 945 2379 1202 2450; x_wconf 89' lang='lat' dir='ltr'><strong>quoniam</strong></span> <span class='ocrx_word' id='word_1_294' title='bbox 1267 2378 1374 2448; x_wconf 91' lang='lat' dir='ltr'><strong>ipsi</strong></span> <span class='ocrx_word' id='word_1_295' title='bbox 1451 2377 1811 2447; x_wconf 89' lang='lat' dir='ltr'><strong>possidebunt</strong></span> <span class='ocrx_word' id='word_1_296' title='bbox 1883 2382 2087 2434; x_wconf 90' lang='lat' dir='ltr'><strong>terram</strong></span> 
     </span>
    </p>
   </div>
   <div class='ocr_carea' id='block_1_42' title="bbox 442 2465 2084 2540">
    <p class='ocr_par' dir='ltr' id='par_1_42' title="bbox 442 2465 2084 2540">
     <span class='ocr_line' id='line_1_43' title="bbox 442 2465 2084 2540; baseline -0.003 -14"><span class='ocrx_word' id='word_1_297' title='bbox 442 2469 652 2539; x_wconf 79' lang='lat' dir='ltr'><strong>(Matth.</strong></span> <span class='ocrx_word' id='word_1_298' title='bbox 685 2485 744 2537; x_wconf 90' lang='lat' dir='ltr'><strong>v,</strong></span> <span class='ocrx_word' id='word_1_299' title='bbox 773 2470 912 2540; x_wconf 88' lang='lat'><strong>7);»</strong></span> <span class='ocrx_word' id='word_1_300' title='bbox 952 2474 1007 2524; x_wconf 93' lang='lat' dir='ltr'><strong>et</strong></span> <span class='ocrx_word' id='word_1_301' title='bbox 1037 2469 1166 2524; x_wconf 92' lang='lat' dir='ltr'><strong>item</strong></span> <span class='ocrx_word' id='word_1_302' title='bbox 1192 2488 1205 2522; x_wconf 91' lang='lat'><strong>:</strong></span> <span class='ocrx_word' id='word_1_303' title='bbox 1232 2484 1260 2518; x_wconf 88' lang='lat'><strong>«</strong></span> <span class='ocrx_word' id='word_1_304' title='bbox 1282 2468 1343 2521; x_wconf 91' lang='lat' dir='ltr'><strong>In</strong></span> <span class='ocrx_word' id='word_1_305' title='bbox 1371 2465 1478 2522; x_wconf 92' lang='lat' dir='ltr'><strong>hoc</strong></span> <span class='ocrx_word' id='word_1_306' title='bbox 1506 2472 1843 2535; x_wconf 88' lang='lat' dir='ltr'><strong>cognoscent</strong></span> <span class='ocrx_word' id='word_1_307' title='bbox 1873 2479 2084 2532; x_wconf 91' lang='lat' dir='ltr'><strong>omnes,</strong></span> 
     </span>
    </p>
   </div>
   <div class='ocr_carea' id='block_1_43' title="bbox 442 2553 2086 2628">
    <p class='ocr_par' dir='ltr' id='par_1_43' title="bbox 442 2553 2086 2628">
     <span class='ocr_line' id='line_1_44' title="bbox 442 2553 2086 2628; baseline -0.002 -15"><span class='ocrx_word' id='word_1_308' title='bbox 442 2558 572 2628; x_wconf 90' lang='lat' dir='ltr'><strong>quia</strong></span> <span class='ocrx_word' id='word_1_309' title='bbox 619 2558 726 2613; x_wconf 91' lang='lat' dir='ltr'><strong>mei</strong></span> <span class='ocrx_word' id='word_1_310' title='bbox 775 2556 1035 2625; x_wconf 91' lang='lat' dir='ltr'><strong>discipuli</strong></span> <span class='ocrx_word' id='word_1_311' title='bbox 1093 2555 1246 2620; x_wconf 88' lang='lat' dir='ltr'><strong>estis,</strong></span> <span class='ocrx_word' id='word_1_312' title='bbox 1289 2555 1336 2610; x_wconf 90' lang='lat' dir='ltr'><strong>si</strong></span> <span class='ocrx_word' id='word_1_313' title='bbox 1382 2553 1733 2610; x_wconf 89' lang='lat' dir='ltr'><strong>dilectionem</strong></span> <span class='ocrx_word' id='word_1_314' title='bbox 1781 2553 2086 2610; x_wconf 88' lang='lat' dir='ltr'><strong>habueritis</strong></span> 
     </span>
    </p>
   </div>
   <div class='ocr_carea' id='block_1_44' title="bbox 440 2642 2087 2716">
    <p class='ocr_par' dir='ltr' id='par_1_44' title="bbox 440 2642 2087 2716">
     <span class='ocr_line' id='line_1_45' title="bbox 440 2642 2087 2716; baseline -0.003 -13"><span class='ocrx_word' id='word_1_315' title='bbox 440 2647 509 2703; x_wconf 89' lang='lat' dir='ltr'><strong>ad</strong></span> <span class='ocrx_word' id='word_1_316' title='bbox 539 2646 772 2702; x_wconf 86' lang='lat' dir='ltr'><strong>invicem</strong></span> <span class='ocrx_word' id='word_1_317' title='bbox 805 2645 978 2716; x_wconf 87' lang='lat' dir='ltr'><strong>(Joan.</strong></span> <span class='ocrx_word' id='word_1_318' title='bbox 1007 2659 1124 2710; x_wconf 84' lang='lat' dir='ltr'><strong>xm,</strong></span> <span class='ocrx_word' id='word_1_319' title='bbox 1156 2642 1341 2712; x_wconf 82' lang='lat'><strong>35);»</strong></span> <span class='ocrx_word' id='word_1_320' title='bbox 1392 2643 1460 2698; x_wconf 93' lang='lat' dir='ltr'><strong>de</strong></span> <span class='ocrx_word' id='word_1_321' title='bbox 1509 2656 1616 2712; x_wconf 89' lang='lat' dir='ltr'><strong>qua</strong></span> <span class='ocrx_word' id='word_1_322' title='bbox 1663 2642 1801 2697; x_wconf 81' lang='lat' dir='ltr'><strong>dixit</strong></span> <span class='ocrx_word' id='word_1_323' title='bbox 1850 2645 2087 2712; x_wconf 84' lang='lat' dir='ltr'><strong>Aposto-</strong></span> 
     </span>
    </p>
   </div>
   <div class='ocr_carea' id='block_1_45' title="bbox 441 2731 2081 2798">
    <p class='ocr_par' dir='ltr' id='par_1_45' title="bbox 441 2731 2081 2798">
     <span class='ocr_line' id='line_1_46' title="bbox 441 2731 2081 2798; baseline -0.002 -8"><span class='ocrx_word' id='word_1_324' title='bbox 441 2734 526 2790; x_wconf 93' lang='lat' dir='ltr'><strong>lus</strong></span> <span class='ocrx_word' id='word_1_325' title='bbox 558 2755 572 2790; x_wconf 91' lang='lat'><strong>:</strong></span> <span class='ocrx_word' id='word_1_326' title='bbox 608 2753 638 2787; x_wconf 87' lang='lat'>«</span> <span class='ocrx_word' id='word_1_327' title='bbox 678 2733 911 2790; x_wconf 92' lang='lat' dir='ltr'><strong>Dilectio</strong></span> <span class='ocrx_word' id='word_1_328' title='bbox 963 2734 1086 2788; x_wconf 88' lang='lat' dir='ltr'><strong>sine</strong></span> <span class='ocrx_word' id='word_1_329' title='bbox 1144 2731 1514 2798; x_wconf 91' lang='lat' dir='ltr'><strong>simulatione,</strong></span> <span class='ocrx_word' id='word_1_330' title='bbox 1555 2731 1809 2786; x_wconf 84' lang='lat' dir='ltr'><strong>odientes</strong></span> <span class='ocrx_word' id='word_1_331' title='bbox 1858 2731 2081 2798; x_wconf 89' lang='lat' dir='ltr'><strong>malum,</strong></span> 
     </span>
    </p>
   </div>
   <div class='ocr_carea' id='block_1_46' title="bbox 437 2818 2082 2890">
    <p class='ocr_par' dir='ltr' id='par_1_46' title="bbox 437 2818 2082 2890">
     <span class='ocr_line' id='line_1_47' title="bbox 437 2818 2082 2890; baseline -0.003 -11"><span class='ocrx_word' id='word_1_332' title='bbox 437 2823 786 2881; x_wconf 69' lang='lat' dir='ltr'><strong>adhaerentes</strong></span> <span class='ocrx_word' id='word_1_333' title='bbox 832 2823 980 2878; x_wconf 93' lang='lat' dir='ltr'><strong>bono</strong></span> <span class='ocrx_word' id='word_1_334' title='bbox 1019 2823 1184 2888; x_wconf 87' lang='lat' dir='ltr'><strong>(Rom.</strong></span> <span class='ocrx_word' id='word_1_335' title='bbox 1227 2836 1322 2888; x_wconf 78' lang='lat' dir='ltr'><strong>x11,</strong></span> <span class='ocrx_word' id='word_1_336' title='bbox 1353 2819 1426 2890; x_wconf 90' lang='lat'><strong>9).</strong></span> <span class='ocrx_word' id='word_1_337' title='bbox 1462 2840 1488 2870; x_wconf 67' lang='grc' dir='ltr'><strong>ι</strong></span> <span class='ocrx_word' id='word_1_338' title='bbox 1533 2823 1646 2890; x_wconf 86' lang='lat' dir='ltr'><strong>Ago</strong></span> <span class='ocrx_word' id='word_1_339' title='bbox 1678 2818 1742 2850; x_wconf 75' lang='lat'><strong>‘“</strong></span> <span class='ocrx_word' id='word_1_340' title='bbox 1784 2825 1840 2875; x_wconf 93' lang='lat' dir='ltr'><strong>et</strong></span> <span class='ocrx_word' id='word_1_341' title='bbox 1877 2826 2082 2888; x_wconf 89' lang='lat' dir='ltr'><strong>autem,</strong></span> 
     </span>
    </p>
   </div>
   <div class='ocr_carea' id='block_1_47' title="bbox 439 2907 2084 2980">
    <p class='ocr_par' dir='ltr' id='par_1_47' title="bbox 439 2907 2084 2980">
     <span class='ocr_line' id='line_1_48' title="bbox 439 2907 2084 2980; baseline -0.003 -12"><span class='ocrx_word' id='word_1_342' title='bbox 439 2911 732 2980; x_wconf 77' lang='lat' dir='ltr'><strong>karissimi,</strong></span> <span class='ocrx_word' id='word_1_343' title='bbox 763 2925 926 2967; x_wconf 91' lang='lat' dir='ltr'><strong>nemo</strong></span> <span class='ocrx_word' id='word_1_344' title='bbox 956 2911 1052 2980; x_wconf 91' lang='lat' dir='ltr'><strong>qui</strong></span> <span class='ocrx_word' id='word_1_345' title='bbox 1092 2909 1295 2965; x_wconf 91' lang='lat' dir='ltr'><strong>viderit</strong></span> <span class='ocrx_word' id='word_1_346' title='bbox 1323 2907 1547 2963; x_wconf 88' lang='lat' dir='ltr'><strong>fratrem</strong></span> <span class='ocrx_word' id='word_1_347' title='bbox 1585 2912 1860 2963; x_wconf 90' lang='lat' dir='ltr'><strong>errantem</strong></span> <span class='ocrx_word' id='word_1_348' title='bbox 1897 2907 2084 2976; x_wconf 91' lang='lat' dir='ltr'><strong>aliqua</strong></span> 
     </span>
    </p>
   </div>
   <div class='ocr_carea' id='block_1_48' title="bbox 439 2996 2081 3072">
    <p class='ocr_par' dir='ltr' id='par_1_48' title="bbox 439 2996 2081 3072">
     <span class='ocr_line' id='line_1_49' title="bbox 439 2996 2081 3072; baseline -0.004 -16"><span class='ocrx_word' id='word_1_349' title='bbox 439 3000 772 3072; x_wconf 86' lang='lat' dir='ltr'><strong>negligentia</strong></span> <span class='ocrx_word' id='word_1_350' title='bbox 834 3005 928 3054; x_wconf 91' lang='lat' dir='ltr'><strong>aut</strong></span> <span class='ocrx_word' id='word_1_351' title='bbox 992 3005 1204 3053; x_wconf 74' lang='lat' dir='ltr'><strong>naturae</strong></span> <span class='ocrx_word' id='word_1_352' title='bbox 1268 2997 1584 3052; x_wconf 90' lang='lat' dir='ltr'><strong>inﬁrmitate</strong></span> <span class='ocrx_word' id='word_1_353' title='bbox 1653 3010 1754 3066; x_wconf 90' lang='lat' dir='ltr'><strong>per</strong></span> <span class='ocrx_word' id='word_1_354' title='bbox 1809 2996 2081 3066; x_wconf 90' lang='lat' dir='ltr'><strong>quandam</strong></span> 
     </span>
    </p>
   </div>
   <div class='ocr_carea' id='block_1_49' title="bbox 2169 1839 3818 1919">
    <p class='ocr_par' dir='ltr' id='par_1_49' title="bbox 2169 1839 3818 1919">
     <span class='ocr_line' id='line_1_50' title="bbox 2169 1839 3818 1919; baseline 0.007 -26"><span class='ocrx_word' id='word_1_355' title='bbox 2169 1846 2346 1894; x_wconf 92' lang='lat' dir='ltr'><strong>tarum</strong></span> <span class='ocrx_word' id='word_1_356' title='bbox 2387 1839 2619 1895; x_wconf 83' lang='lat' dir='ltr'><strong>eximius</strong></span> <span class='ocrx_word' id='word_1_357' title='bbox 2657 1840 2854 1896; x_wconf 90' lang='lat' dir='ltr'><strong>clamat</strong></span> <span class='ocrx_word' id='word_1_358' title='bbox 2886 1861 2899 1897; x_wconf 91' lang='lat'><strong>:</strong></span> <span class='ocrx_word' id='word_1_359' title='bbox 2933 1862 2965 1891; x_wconf 85' lang='grc'><strong>‹‹</strong></span> <span class='ocrx_word' id='word_1_360' title='bbox 2992 1843 3143 1898; x_wconf 87' lang='lat' dir='ltr'><strong>Viam</strong></span> <span class='ocrx_word' id='word_1_361' title='bbox 3189 1845 3438 1902; x_wconf 89' lang='lat' dir='ltr'><strong>veritatis</strong></span> <span class='ocrx_word' id='word_1_362' title='bbox 3485 1848 3650 1919; x_wconf 87' lang='lat' dir='ltr'><strong>elegi,</strong></span> <span class='ocrx_word' id='word_1_363' title='bbox 3678 1849 3818 1917; x_wconf 86' lang='lat' dir='ltr'><strong>judi-</strong></span> 
     </span>
    </p>
   </div>
   <div class='ocr_carea' id='block_1_50' title="bbox 2169 1929 3811 2005">
    <p class='ocr_par' dir='ltr' id='par_1_50' title="bbox 2169 1929 3811 2005">
     <span class='ocr_line' id='line_1_51' title="bbox 2169 1929 3811 2005; baseline 0.002 -23"><span class='ocrx_word' id='word_1_364' title='bbox 2169 1930 2255 1982; x_wconf 90' lang='lat' dir='ltr'><strong>cia</strong></span> <span class='ocrx_word' id='word_1_365' title='bbox 2284 1934 2397 1995; x_wconf 91' lang='lat' dir='ltr'><strong>tua,</strong></span> <span class='ocrx_word' id='word_1_366' title='bbox 2430 1929 2680 1996; x_wconf 90' lang='lat' dir='ltr'><strong>Domine,</strong></span> <span class='ocrx_word' id='word_1_367' title='bbox 2715 1943 2824 1986; x_wconf 92' lang='lat' dir='ltr'><strong>non</strong></span> <span class='ocrx_word' id='word_1_368' title='bbox 2855 1945 2976 1987; x_wconf 91' lang='lat' dir='ltr'><strong>sum</strong></span> <span class='ocrx_word' id='word_1_369' title='bbox 3006 1932 3214 1988; x_wconf 90' lang='lat' dir='ltr'><strong>oblitus</strong></span> <span class='ocrx_word' id='word_1_370' title='bbox 3242 1933 3409 2005; x_wconf 82' lang='lat' dir='ltr'><strong>(Psal.</strong></span> <span class='ocrx_word' id='word_1_371' title='bbox 3434 1950 3627 2001; x_wconf 84' lang='lat' dir='ltr'><strong>cxvm,</strong></span> <span class='ocrx_word' id='word_1_372' title='bbox 3652 1936 3767 2005; x_wconf 86' lang='lat'><strong>30).</strong></span> <span class='ocrx_word' id='word_1_373' title='bbox 3789 1959 3811 1986; x_wconf 71' lang='grc' dir='ltr'>ι</span> 
     </span>
    </p>
   </div>
   <div class='ocr_carea' id='block_1_51' title="bbox 2171 2017 3813 2092">
    <p class='ocr_par' dir='ltr' id='par_1_51' title="bbox 2171 2017 3813 2092">
     <span class='ocr_line' id='line_1_52' title="bbox 2171 2017 3813 2092; baseline 0.006 -20"><span class='ocrx_word' id='word_1_374' title='bbox 2171 2019 2238 2072; x_wconf 82' lang='grc' dir='ltr'><strong>Εῐ</strong></span> <span class='ocrx_word' id='word_1_375' title='bbox 2266 2017 2395 2072; x_wconf 91' lang='lat' dir='ltr'><strong>item</strong></span> <span class='ocrx_word' id='word_1_376' title='bbox 2431 2038 2443 2072; x_wconf 91' lang='lat'><strong>:</strong></span> <span class='ocrx_word' id='word_1_377' title='bbox 2481 2037 2508 2070; x_wconf 87' lang='lat'><strong>«</strong></span> <span class='ocrx_word' id='word_1_378' title='bbox 2541 2018 2692 2074; x_wconf 89' lang='lat' dir='ltr'><strong>Viam</strong></span> <span class='ocrx_word' id='word_1_379' title='bbox 2731 2019 3113 2077; x_wconf 90' lang='lat' dir='ltr'><strong>mandatorum</strong></span> <span class='ocrx_word' id='word_1_380' title='bbox 3160 2029 3377 2080; x_wconf 90' lang='lat' dir='ltr'><strong>tuorum</strong></span> <span class='ocrx_word' id='word_1_381' title='bbox 3417 2026 3664 2092; x_wconf 90' lang='lat' dir='ltr'><strong>cucurri,</strong></span> <span class='ocrx_word' id='word_1_382' title='bbox 3698 2041 3813 2082; x_wconf 90' lang='lat' dir='ltr'><strong>cum</strong></span> 
     </span>
    </p>
   </div>
   <div class='ocr_carea' id='block_1_52' title="bbox 2167 2105 3813 2181">
    <p class='ocr_par' dir='ltr' id='par_1_52' title="bbox 2167 2105 3813 2181">
     <span class='ocr_line' id='line_1_53' title="bbox 2167 2105 3813 2181; baseline 0.005 -19"><span class='ocrx_word' id='word_1_383' title='bbox 2167 2105 2430 2162; x_wconf 90' lang='lat' dir='ltr'><strong>dilatares</strong></span> <span class='ocrx_word' id='word_1_384' title='bbox 2460 2120 2559 2162; x_wconf 93' lang='lat' dir='ltr'><strong>cor</strong></span> <span class='ocrx_word' id='word_1_385' title='bbox 2596 2122 2776 2164; x_wconf 89' lang='lat' dir='ltr'><strong>meum</strong></span> <span class='ocrx_word' id='word_1_386' title='bbox 2811 2108 3002 2180; x_wconf 81' lang='lat' dir='ltr'><strong>(Ibid.,</strong></span> <span class='ocrx_word' id='word_1_387' title='bbox 3033 2109 3152 2181; x_wconf 90' lang='lat'><strong>32).</strong></span> <span class='ocrx_word' id='word_1_388' title='bbox 3189 2132 3214 2162; x_wconf 77' lang='grc' dir='ltr'><strong><em>ι</em></strong></span> <span class='ocrx_word' id='word_1_389' title='bbox 3259 2113 3459 2169; x_wconf 89' lang='lat' dir='ltr'><strong>Demus</strong></span> <span class='ocrx_word' id='word_1_390' title='bbox 3497 2115 3613 2170; x_wconf 90' lang='lat' dir='ltr'><strong>Deo</strong></span> <span class='ocrx_word' id='word_1_391' title='bbox 3642 2115 3813 2172; x_wconf 89' lang='lat' dir='ltr'><strong>hono-</strong></span> 
     </span>
    </p>
   </div>
   <div class='ocr_carea' id='block_1_53' title="bbox 2169 2196 3812 2271">
    <p class='ocr_par' dir='ltr' id='par_1_53' title="bbox 2169 2196 3812 2271">
     <span class='ocr_line' id='line_1_54' title="bbox 2169 2196 3812 2271; baseline 0.007 -22"><span class='ocrx_word' id='word_1_392' title='bbox 2169 2209 2306 2261; x_wconf 91' lang='lat' dir='ltr'><strong>rem,</strong></span> <span class='ocrx_word' id='word_1_393' title='bbox 2341 2201 2396 2251; x_wconf 90' lang='lat' dir='ltr'><strong>et</strong></span> <span class='ocrx_word' id='word_1_394' title='bbox 2438 2196 2617 2265; x_wconf 90' lang='lat' dir='ltr'><strong>ipsum</strong></span> <span class='ocrx_word' id='word_1_395' title='bbox 2647 2197 2706 2252; x_wconf 90' lang='lat' dir='ltr'><strong>in</strong></span> <span class='ocrx_word' id='word_1_396' title='bbox 2735 2211 2972 2268; x_wconf 91' lang='lat' dir='ltr'><strong>corpore</strong></span> <span class='ocrx_word' id='word_1_397' title='bbox 3008 2204 3201 2256; x_wconf 90' lang='lat' dir='ltr'><strong>nostro</strong></span> <span class='ocrx_word' id='word_1_398' title='bbox 3249 2208 3554 2271; x_wconf 90' lang='lat' dir='ltr'><strong>portemus,</strong></span> <span class='ocrx_word' id='word_1_399' title='bbox 3589 2205 3812 2260; x_wconf 85' lang='lat' dir='ltr'><strong>mortiﬁ-</strong></span> 
     </span>
    </p>
   </div>
   <div class='ocr_carea' id='block_1_54' title="bbox 2168 2284 3810 2363">
    <p class='ocr_par' dir='ltr' id='par_1_54' title="bbox 2168 2284 3810 2363">
     <span class='ocr_line' id='line_1_55' title="bbox 2168 2284 3810 2363; baseline 0.007 -26"><span class='ocrx_word' id='word_1_400' title='bbox 2168 2284 2306 2338; x_wconf 88' lang='lat' dir='ltr'><strong>catis</strong></span> <span class='ocrx_word' id='word_1_401' title='bbox 2346 2284 2507 2340; x_wconf 92' lang='lat' dir='ltr'><strong>nobis</strong></span> <span class='ocrx_word' id='word_1_402' title='bbox 2536 2285 2673 2356; x_wconf 88' lang='lat' dir='ltr'><strong>ipsis</strong></span> <span class='ocrx_word' id='word_1_403' title='bbox 2701 2287 2757 2342; x_wconf 94' lang='lat' dir='ltr'><strong>in</strong></span> <span class='ocrx_word' id='word_1_404' title='bbox 2791 2288 3005 2343; x_wconf 91' lang='lat' dir='ltr'><strong>cunctis</strong></span> <span class='ocrx_word' id='word_1_405' title='bbox 3035 2289 3250 2344; x_wconf 81' lang='lat' dir='ltr'><strong>actibus</strong></span> <span class='ocrx_word' id='word_1_406' title='bbox 3277 2290 3489 2358; x_wconf 67' lang='lat' dir='ltr'><strong>saeculi,</strong></span> <span class='ocrx_word' id='word_1_407' title='bbox 3523 2305 3627 2362; x_wconf 90' lang='lat' dir='ltr'><strong>per</strong></span> <span class='ocrx_word' id='word_1_408' title='bbox 3653 2308 3810 2363; x_wconf 85' lang='lat' dir='ltr'><strong>quem</strong></span> 
     </span>
    </p>
   </div>
   <div class='ocr_carea' id='block_1_55' title="bbox 2167 2371 3812 2454">
    <p class='ocr_par' dir='ltr' id='par_1_55' title="bbox 2167 2371 3812 2454">
     <span class='ocr_line' id='line_1_56' title="bbox 2167 2371 3812 2454; baseline 0.008 -28"><span class='ocrx_word' id='word_1_409' title='bbox 2167 2372 2372 2429; x_wconf 91' lang='lat' dir='ltr'><strong>mundo</strong></span> <span class='ocrx_word' id='word_1_410' title='bbox 2399 2371 2483 2440; x_wconf 76' lang='lat'><strong>“7,</strong></span> <span class='ocrx_word' id='word_1_411' title='bbox 2533 2380 2594 2429; x_wconf 91' lang='lat' dir='ltr'><strong>ut</strong></span> <span class='ocrx_word' id='word_1_412' title='bbox 2641 2375 2718 2431; x_wconf 90' lang='lat' dir='ltr'><strong>ait</strong></span> <span class='ocrx_word' id='word_1_413' title='bbox 2763 2376 3077 2446; x_wconf 85' lang='lat' dir='ltr'><strong>Apostolus,</strong></span> <span class='ocrx_word' id='word_1_414' title='bbox 3120 2378 3414 2435; x_wconf 83' lang='lat' dir='ltr'><strong>cruciﬁxus</strong></span> <span class='ocrx_word' id='word_1_415' title='bbox 3459 2389 3568 2447; x_wconf 88' lang='lat' dir='ltr'><strong>est,</strong></span> <span class='ocrx_word' id='word_1_416' title='bbox 3610 2389 3668 2438; x_wconf 93' lang='lat' dir='ltr'><strong>et</strong></span> <span class='ocrx_word' id='word_1_417' title='bbox 3716 2397 3812 2454; x_wconf 87' lang='lat' dir='ltr'><strong>ego</strong></span> 
     </span>
    </p>
   </div>
   <div class='ocr_carea' id='block_1_56' title="bbox 2169 2461 3812 2542">
    <p class='ocr_par' dir='ltr' id='par_1_56' title="bbox 2169 2461 3812 2542">
     <span class='ocr_line' id='line_1_57' title="bbox 2169 2461 3812 2542; baseline 0.007 -27"><span class='ocrx_word' id='word_1_418' title='bbox 2169 2461 2374 2538; x_wconf 74' lang='lat' dir='ltr'><strong>mundo</strong></span> <span class='ocrx_word' id='word_1_419' title='bbox 2409 2461 2548 2533; x_wconf 80' lang='lat' dir='ltr'><strong>(Gal.</strong></span> <span class='ocrx_word' id='word_1_420' title='bbox 2580 2477 2658 2532; x_wconf 80' lang='lat' dir='ltr'><strong>vr,</strong></span> <span class='ocrx_word' id='word_1_421' title='bbox 2700 2463 2801 2531; x_wconf 85' lang='lat' dir='ltr'><strong>l4),</strong></span> <span class='ocrx_word' id='word_1_422' title='bbox 2835 2466 2928 2535; x_wconf 92' lang='lat' dir='ltr'><strong>qui</strong></span> <span class='ocrx_word' id='word_1_423' title='bbox 2977 2473 3208 2522; x_wconf 90' lang='lat' dir='ltr'><strong>cunctos</strong></span> <span class='ocrx_word' id='word_1_424' title='bbox 3251 2467 3496 2540; x_wconf 87' lang='lat' dir='ltr'><strong>legitime</strong></span> <span class='ocrx_word' id='word_1_425' title='bbox 3543 2470 3725 2542; x_wconf 88' lang='lat' dir='ltr'><strong>gloria</strong></span> <span class='ocrx_word' id='word_1_426' title='bbox 3761 2480 3812 2528; x_wconf 90' lang='lat' dir='ltr'><strong>et</strong></span> 
     </span>
    </p>
   </div>
   <div class='ocr_carea' id='block_1_57' title="bbox 2165 2549 3813 2629">
    <p class='ocr_par' dir='ltr' id='par_1_57' title="bbox 2165 2549 3813 2629">
     <span class='ocr_line' id='line_1_58' title="bbox 2165 2549 3813 2629; baseline 0.008 -24"><span class='ocrx_word' id='word_1_427' title='bbox 2165 2549 2377 2606; x_wconf 90' lang='lat' dir='ltr'><strong>honore</strong></span> <span class='ocrx_word' id='word_1_428' title='bbox 2409 2551 2811 2621; x_wconf 89' lang='lat' dir='ltr'><strong>triumphantes</strong></span> <span class='ocrx_word' id='word_1_429' title='bbox 2856 2554 3210 2610; x_wconf 89' lang='lat' dir='ltr'><strong>inenarrabili</strong></span> <span class='ocrx_word' id='word_1_430' title='bbox 3248 2557 3306 2612; x_wconf 89' lang='lat' dir='ltr'><strong>in</strong></span> <span class='ocrx_word' id='word_1_431' title='bbox 3345 2566 3621 2629; x_wconf 88' lang='lat' dir='ltr'><strong>perpetuo</strong></span> <span class='ocrx_word' id='word_1_432' title='bbox 3659 2574 3813 2618; x_wconf 91' lang='lat' dir='ltr'><strong>coro-</strong></span> 
     </span>
    </p>
   </div>
   <div class='ocr_carea' id='block_1_58' title="bbox 2164 2639 3811 2719">
    <p class='ocr_par' dir='ltr' id='par_1_58' title="bbox 2164 2639 3811 2719">
     <span class='ocr_line' id='line_1_59' title="bbox 2164 2639 3811 2719; baseline 0.009 -26"><span class='ocrx_word' id='word_1_433' title='bbox 2164 2644 2279 2706; x_wconf 91' lang='lat' dir='ltr'><strong>nat,</strong></span> <span class='ocrx_word' id='word_1_434' title='bbox 2329 2639 2512 2696; x_wconf 92' lang='lat' dir='ltr'><strong>animo</strong></span> <span class='ocrx_word' id='word_1_435' title='bbox 2559 2645 2615 2695; x_wconf 90' lang='lat' dir='ltr'><strong>et</strong></span> <span class='ocrx_word' id='word_1_436' title='bbox 2661 2655 2898 2711; x_wconf 89' lang='lat' dir='ltr'><strong>corpore</strong></span> <span class='ocrx_word' id='word_1_437' title='bbox 2947 2657 3067 2698; x_wconf 92' lang='lat' dir='ltr'><strong>eum</strong></span> <span class='ocrx_word' id='word_1_438' title='bbox 3109 2643 3418 2715; x_wconf 84' lang='lat' dir='ltr'><strong>diligamus,</strong></span> <span class='ocrx_word' id='word_1_439' title='bbox 3473 2653 3527 2703; x_wconf 90' lang='lat' dir='ltr'><strong>et</strong></span> <span class='ocrx_word' id='word_1_440' title='bbox 3578 2649 3811 2719; x_wconf 85' lang='lat' dir='ltr'><strong>primum</strong></span> 
     </span>
    </p>
   </div>
   <div class='ocr_carea' id='block_1_59' title="bbox 2164 2727 3809 2797">
    <p class='ocr_par' dir='ltr' id='par_1_59' title="bbox 2164 2727 3809 2797">
     <span class='ocr_line' id='line_1_60' title="bbox 2164 2727 3809 2797; baseline 0.009 -16"><span class='ocrx_word' id='word_1_441' title='bbox 2164 2727 2367 2797; x_wconf 88' lang='lat' dir='ltr'><strong>pietate</strong></span> <span class='ocrx_word' id='word_1_442' title='bbox 2425 2727 2785 2785; x_wconf 86' lang='lat' dir='ltr'><strong>fraternitatis</strong></span> <span class='ocrx_word' id='word_1_443' title='bbox 2841 2737 2896 2786; x_wconf 92' lang='lat' dir='ltr'><strong>et</strong></span> <span class='ocrx_word' id='word_1_444' title='bbox 2951 2731 3184 2789; x_wconf 69' lang='lat' dir='ltr'><strong>sincerae</strong></span> <span class='ocrx_word' id='word_1_445' title='bbox 3240 2735 3488 2791; x_wconf 88' lang='lat' dir='ltr'><strong>caritatis</strong></span> <span class='ocrx_word' id='word_1_446' title='bbox 3543 2752 3809 2795; x_wconf 83' lang='lat' dir='ltr'><strong>amemus.</strong></span> 
     </span>
    </p>
   </div>
   <div class='ocr_carea' id='block_1_60' title="bbox 2164 2815 3814 2898">
    <p class='ocr_par' dir='ltr' id='par_1_60' title="bbox 2164 2815 3814 2898">
     <span class='ocr_line' id='line_1_61' title="bbox 2164 2815 3814 2898; baseline 0.009 -29"><span class='ocrx_word' id='word_1_447' title='bbox 2164 2815 2318 2871; x_wconf 91' lang='lat' dir='ltr'><strong>Unde</strong></span> <span class='ocrx_word' id='word_1_448' title='bbox 2349 2822 2572 2872; x_wconf 92' lang='lat' dir='ltr'><strong>sanctus</strong></span> <span class='ocrx_word' id='word_1_449' title='bbox 2615 2819 2951 2888; x_wconf 81' lang='lat' dir='ltr'><strong>Augustinus</strong></span> <span class='ocrx_word' id='word_1_450' title='bbox 2978 2821 3034 2875; x_wconf 92' lang='lat' dir='ltr'><strong>in</strong></span> <span class='ocrx_word' id='word_1_451' title='bbox 3065 2820 3210 2878; x_wconf 91' lang='lat' dir='ltr'><strong>libro</strong></span> <span class='ocrx_word' id='word_1_452' title='bbox 3239 2837 3401 2892; x_wconf 91' lang='lat' dir='ltr'><strong>quem</strong></span> <span class='ocrx_word' id='word_1_453' title='bbox 3431 2825 3500 2880; x_wconf 91' lang='lat' dir='ltr'><strong>ad</strong></span> <span class='ocrx_word' id='word_1_454' title='bbox 3533 2826 3814 2898; x_wconf 81' lang='lat' dir='ltr'><strong>Hierony-</strong></span> 
     </span>
    </p>
   </div>
   <div class='ocr_carea' id='block_1_61' title="bbox 2162 2905 3814 2986">
    <p class='ocr_par' dir='ltr' id='par_1_61' title="bbox 2162 2905 3814 2986">
     <span class='ocr_line' id='line_1_62' title="bbox 2162 2905 3814 2986; baseline 0.009 -28"><span class='ocrx_word' id='word_1_455' title='bbox 2162 2917 2308 2959; x_wconf 91' lang='lat' dir='ltr'><strong>mum</strong></span> <span class='ocrx_word' id='word_1_456' title='bbox 2361 2905 2741 2975; x_wconf 84' lang='lat' dir='ltr'><strong>presbyterum</strong></span> <span class='ocrx_word' id='word_1_457' title='bbox 2790 2906 2922 2964; x_wconf 90' lang='lat' dir='ltr'><strong>facit</strong></span> <span class='ocrx_word' id='word_1_458' title='bbox 2952 2909 3136 2981; x_wconf 84' lang='lat'><strong>(125),</strong></span> <span class='ocrx_word' id='word_1_459' title='bbox 3183 2912 3470 2968; x_wconf 89' lang='lat' dir='ltr'><strong>curialiter</strong></span> <span class='ocrx_word' id='word_1_460' title='bbox 3496 2914 3567 2970; x_wconf 92' lang='lat' dir='ltr'><strong>de</strong></span> <span class='ocrx_word' id='word_1_461' title='bbox 3609 2916 3814 2986; x_wconf 79' lang='lat' dir='ltr'><strong>pietate</strong></span> 
     </span>
    </p>
   </div>
   <div class='ocr_carea' id='block_1_62' title="bbox 2163 2992 3814 3071">
    <p class='ocr_par' dir='ltr' id='par_1_62' title="bbox 2163 2992 3814 3071">
     <span class='ocr_line' id='line_1_63' title="bbox 2163 2992 3814 3071; baseline 0.009 -25"><span class='ocrx_word' id='word_1_462' title='bbox 2163 2999 2408 3048; x_wconf 89' lang='lat' dir='ltr'><strong>tractans</strong></span> <span class='ocrx_word' id='word_1_463' title='bbox 2436 2993 2572 3049; x_wconf 89' lang='lat' dir='ltr'><strong>dicit</strong></span> <span class='ocrx_word' id='word_1_464' title='bbox 2605 2992 2686 3066; x_wconf 93' lang='lat' dir='ltr'><strong>(c.</strong></span> <span class='ocrx_word' id='word_1_465' title='bbox 2724 2994 2856 3067; x_wconf 89' lang='lat' dir='ltr'><strong>ll):</strong></span> <span class='ocrx_word' id='word_1_466' title='bbox 2894 3014 2923 3049; x_wconf 89' lang='grc'><strong>‹‹</strong></span> <span class='ocrx_word' id='word_1_467' title='bbox 2950 2998 3092 3064; x_wconf 84' lang='lat' dir='ltr'><strong>Quid</strong></span> <span class='ocrx_word' id='word_1_468' title='bbox 3132 3005 3314 3056; x_wconf 90' lang='lat' dir='ltr'><strong>autem</strong></span> <span class='ocrx_word' id='word_1_469' title='bbox 3361 3002 3540 3071; x_wconf 89' lang='lat' dir='ltr'><strong>pietas</strong></span> <span class='ocrx_word' id='word_1_470' title='bbox 3581 3005 3690 3060; x_wconf 88' lang='lat' dir='ltr'><strong>nisi</strong></span> <span class='ocrx_word' id='word_1_471' title='bbox 3722 3005 3814 3061; x_wconf 91' lang='lat' dir='ltr'><strong>Dei</strong></span> 
     </span>
    </p>
   </div>
   <div class='ocr_carea' id='block_1_63' title="bbox 438 3064 3815 3159">
    <p class='ocr_par' dir='ltr' id='par_1_63' title="bbox 438 3064 3815 3159">
     <span class='ocr_line' id='line_1_64' title="bbox 438 3064 3815 3159; baseline 0.004 -19"><span class='ocrx_word' id='word_1_472' title='bbox 438 3064 689 3159; x_wconf 72' lang='lat' dir='ltr'><strong>conjugis</strong></span> <span class='ocrx_word' id='word_1_473' title='bbox 761 3087 1228 3156; x_wconf 90' lang='lat' dir='ltr'><strong>conjunctionem,</strong></span> <span class='ocrx_word' id='word_1_474' title='bbox 1306 3085 1601 3140; x_wconf 87' lang='lat' dir='ltr'><strong>occasione</strong></span> <span class='ocrx_word' id='word_1_475' title='bbox 1654 3064 1894 3154; x_wconf 73' lang='lat' dir='ltr'><strong>palliata</strong></span> <span class='ocrx_word' id='word_1_476' title='bbox 1966 3064 2388 3141; x_wconf 71' lang='lat' dir='ltr'><strong>ncnc-cultus?</strong></span> <span class='ocrx_word' id='word_1_477' title='bbox 2432 3088 2488 3138; x_wconf 90' lang='lat' dir='ltr'><strong>et</strong></span> <span class='ocrx_word' id='word_1_478' title='bbox 2518 3064 2663 3139; x_wconf 83' lang='lat' dir='ltr'><strong>unde</strong></span> <span class='ocrx_word' id='word_1_479' title='bbox 2692 3064 2896 3140; x_wconf 87' lang='lat' dir='ltr'><strong>colitur</strong></span> <span class='ocrx_word' id='word_1_480' title='bbox 2925 3086 3030 3141; x_wconf 91' lang='lat' dir='ltr'><strong>nisi</strong></span> <span class='ocrx_word' id='word_1_481' title='bbox 3069 3101 3137 3143; x_wconf 81' lang='lat' dir='ltr'><strong>ex</strong></span> <span class='ocrx_word' id='word_1_482' title='bbox 3166 3088 3230 3120; x_wconf 74' lang='grc'><strong>⁸⁸⁸</strong></span> <span class='ocrx_word' id='word_1_483' title='bbox 3276 3064 3543 3148; x_wconf 73' lang='lat' dir='ltr'><strong>caritate!</strong></span> <span class='ocrx_word' id='word_1_484' title='bbox 3605 3094 3815 3151; x_wconf 81' lang='lat' dir='ltr'><strong>Caritas</strong></span> 
     </span>
    </p>
   </div>
   <div class='ocr_carea' id='block_1_64' title="bbox 437 3171 2076 3248">
    <p class='ocr_par' dir='ltr' id='par_1_64' title="bbox 437 3171 2076 3248">
     <span class='ocr_line' id='line_1_65' title="bbox 437 3171 2076 3248; baseline -0.004 -14"><span class='ocrx_word' id='word_1_485' title='bbox 437 3176 770 3248; x_wconf 85' lang='lat' dir='ltr'><strong>corripuerit</strong></span> <span class='ocrx_word' id='word_1_486' title='bbox 792 3175 856 3206; x_wconf 75' lang='grc'><strong>⁸⁸³</strong></span> <span class='ocrx_word' id='word_1_487' title='bbox 895 3189 1038 3241; x_wconf 88' lang='lat' dir='ltr'><strong>eum,</strong></span> <span class='ocrx_word' id='word_1_488' title='bbox 1082 3177 1193 3244; x_wconf 86' lang='lat' dir='ltr'><strong>jam</strong></span> <span class='ocrx_word' id='word_1_489' title='bbox 1248 3186 1359 3229; x_wconf 92' lang='lat' dir='ltr'><strong>non</strong></span> <span class='ocrx_word' id='word_1_490' title='bbox 1415 3171 1717 3228; x_wconf 89' lang='lat' dir='ltr'><strong>secundum</strong></span> <span class='ocrx_word' id='word_1_491' title='bbox 1772 3175 2076 3242; x_wconf 88' lang='lat' dir='ltr'><strong>caritatem,</strong></span> 
     </span>
    </p>
   </div>
   <div class='ocr_carea' id='block_1_65' title="bbox 436 3261 2080 3334">
    <p class='ocr_par' dir='ltr' id='par_1_65' title="bbox 436 3261 2080 3334">
     <span class='ocr_line' id='line_1_66' title="bbox 436 3261 2080 3334; baseline -0.001 -13"><span class='ocrx_word' id='word_1_492' title='bbox 436 3267 545 3323; x_wconf 91' lang='lat' dir='ltr'><strong>imo</strong></span> <span class='ocrx_word' id='word_1_493' title='bbox 591 3264 892 3322; x_wconf 92' lang='lat' dir='ltr'><strong>secundum</strong></span> <span class='ocrx_word' id='word_1_494' title='bbox 948 3262 1359 3334; x_wconf 88' lang='lat' dir='ltr'><strong>injustissimam</strong></span> <span class='ocrx_word' id='word_1_495' title='bbox 1409 3263 1667 3331; x_wconf 89' lang='lat' dir='ltr'><strong>pietatem</strong></span> <span class='ocrx_word' id='word_1_496' title='bbox 1720 3261 1980 3330; x_wconf 85' lang='lat' dir='ltr'><strong>ambulat,</strong></span> <span class='ocrx_word' id='word_1_497' title='bbox 2023 3270 2080 3319; x_wconf 89' lang='lat' dir='ltr'><strong>et</strong></span> 
     </span>
    </p>
   </div>
   <div class='ocr_carea' id='block_1_66' title="bbox 435 3349 2080 3422">
    <p class='ocr_par' dir='ltr' id='par_1_66' title="bbox 435 3349 2080 3422">
     <span class='ocr_line' id='line_1_67' title="bbox 435 3349 2080 3422; baseline -0.002 -11"><span class='ocrx_word' id='word_1_498' title='bbox 435 3355 632 3412; x_wconf 90' lang='lat' dir='ltr'><strong>merito</strong></span> <span class='ocrx_word' id='word_1_499' title='bbox 671 3353 973 3410; x_wconf 90' lang='lat' dir='ltr'><strong>secundum</strong></span> <span class='ocrx_word' id='word_1_500' title='bbox 1005 3351 1154 3422; x_wconf 92' lang='lat' dir='ltr'><strong>quod</strong></span> <span class='ocrx_word' id='word_1_501' title='bbox 1193 3352 1270 3406; x_wconf 89' lang='lat' dir='ltr'><strong>ait</strong></span> <span class='ocrx_word' id='word_1_502' title='bbox 1306 3349 1622 3420; x_wconf 82' lang='lat' dir='ltr'><strong>Apostolus,</strong></span> <span class='ocrx_word' id='word_1_503' title='bbox 1653 3350 1723 3406; x_wconf 92' lang='lat' dir='ltr'><strong>de</strong></span> <span class='ocrx_word' id='word_1_504' title='bbox 1762 3352 1985 3421; x_wconf 89' lang='lat' dir='ltr'><strong>pernice</strong></span> <span class='ocrx_word' id='word_1_505' title='bbox 2015 3352 2080 3384; x_wconf 80' lang='grc'>⁶⁰⁶</span> 
     </span>
    </p>
   </div>
   <div class='ocr_carea' id='block_1_67' title="bbox 429 3439 2076 3514">
    <p class='ocr_par' dir='ltr' id='par_1_67' title="bbox 429 3439 2076 3514">
     <span class='ocr_line' id='line_1_68' title="bbox 429 3439 2076 3514; baseline -0.001 -14"><span class='ocrx_word' id='word_1_506' title='bbox 429 3444 792 3514; x_wconf 75' lang='lat' dir='ltr'><strong>iudicabitur,</strong></span> <span class='ocrx_word' id='word_1_507' title='bbox 831 3442 916 3498; x_wconf 85' lang='lat' dir='ltr'><strong>vel</strong></span> <span class='ocrx_word' id='word_1_508' title='bbox 956 3441 1025 3498; x_wconf 93' lang='lat' dir='ltr'><strong>de</strong></span> <span class='ocrx_word' id='word_1_509' title='bbox 1073 3440 1404 3511; x_wconf 87' lang='lat' dir='ltr'><strong>negligentia</strong></span> <span class='ocrx_word' id='word_1_510' title='bbox 1452 3439 1928 3507; x_wconf 86' lang='lat' dir='ltr'><strong>condemnabitur.</strong></span> <span class='ocrx_word' id='word_1_511' title='bbox 1974 3442 2076 3510; x_wconf 86' lang='lat' dir='ltr'><strong>Qui</strong></span> 
     </span>
    </p>
   </div>
   <div class='ocr_carea' id='block_1_68' title="bbox 433 3527 2078 3596">
    <p class='ocr_par' dir='ltr' id='par_1_68' title="bbox 433 3527 2078 3596">
     <span class='ocr_line' id='line_1_69' title="bbox 433 3527 2078 3596; baseline -0.002 -6"><span class='ocrx_word' id='word_1_512' title='bbox 433 3541 617 3590; x_wconf 89' lang='lat' dir='ltr'><strong>autem</strong></span> <span class='ocrx_word' id='word_1_513' title='bbox 659 3533 715 3588; x_wconf 91' lang='lat' dir='ltr'><strong>in</strong></span> <span class='ocrx_word' id='word_1_514' title='bbox 748 3531 933 3588; x_wconf 89' lang='lat' dir='ltr'><strong>dubiis</strong></span> <span class='ocrx_word' id='word_1_515' title='bbox 978 3531 1145 3586; x_wconf 90' lang='lat' dir='ltr'><strong>rebus</strong></span> <span class='ocrx_word' id='word_1_516' title='bbox 1183 3527 1480 3596; x_wconf 86' lang='lat' dir='ltr'><strong>consuluit,</strong></span> <span class='ocrx_word' id='word_1_517' title='bbox 1513 3534 1574 3584; x_wconf 93' lang='lat' dir='ltr'><strong>ut</strong></span> <span class='ocrx_word' id='word_1_518' title='bbox 1603 3542 1706 3584; x_wconf 90' lang='lat' dir='ltr'><strong>nos</strong></span> <span class='ocrx_word' id='word_1_519' title='bbox 1735 3529 1900 3586; x_wconf 90' lang='lat' dir='ltr'><strong>hodie</strong></span> <span class='ocrx_word' id='word_1_520' title='bbox 1929 3530 2078 3586; x_wconf 80' lang='lat' dir='ltr'><strong>vide-</strong></span> 
     </span>
    </p>
   </div>
   <div class='ocr_carea' id='block_1_69' title="bbox 433 3617 2076 3689">
    <p class='ocr_par' dir='ltr' id='par_1_69' title="bbox 433 3617 2076 3689">
     <span class='ocr_line' id='line_1_70' title="bbox 433 3617 2076 3689; baseline -0.002 -11"><span class='ocrx_word' id='word_1_521' title='bbox 433 3636 574 3689; x_wconf 89' lang='lat' dir='ltr'><strong>mus,</strong></span> <span class='ocrx_word' id='word_1_522' title='bbox 616 3621 777 3678; x_wconf 89' lang='lat' dir='ltr'><strong>decet</strong></span> <span class='ocrx_word' id='word_1_523' title='bbox 827 3634 947 3676; x_wconf 88' lang='lat' dir='ltr'><strong>esse</strong></span> <span class='ocrx_word' id='word_1_524' title='bbox 987 3632 1215 3675; x_wconf 91' lang='lat' dir='ltr'><strong>vacuum</strong></span> <span class='ocrx_word' id='word_1_525' title='bbox 1254 3618 1323 3674; x_wconf 89' lang='lat' dir='ltr'><strong>ab</strong></span> <span class='ocrx_word' id='word_1_526' title='bbox 1351 3617 1466 3685; x_wconf 73' lang='lat' dir='ltr'><strong>lira,</strong></span> <span class='ocrx_word' id='word_1_527' title='bbox 1510 3617 1578 3672; x_wconf 92' lang='lat' dir='ltr'><strong>ab</strong></span> <span class='ocrx_word' id='word_1_528' title='bbox 1617 3617 1769 3685; x_wconf 91' lang='lat' dir='ltr'><strong>odio,</strong></span> <span class='ocrx_word' id='word_1_529' title='bbox 1809 3632 1874 3674; x_wconf 90' lang='lat' dir='ltr'><strong>ac</strong></span> <span class='ocrx_word' id='word_1_530' title='bbox 1913 3619 2076 3675; x_wconf 87' lang='lat' dir='ltr'><strong>mise-</strong></span> 
     </span>
    </p>
   </div>
   <div class='ocr_carea' id='block_1_70' title="bbox 433 3705 2075 3778">
    <p class='ocr_par' dir='ltr' id='par_1_70' title="bbox 433 3705 2075 3778">
     <span class='ocr_line' id='line_1_71' title="bbox 433 3705 2075 3778; baseline -0.002 -11"><span class='ocrx_word' id='word_1_531' title='bbox 433 3711 698 3768; x_wconf 91' lang='lat' dir='ltr'><strong>ricordia.</strong></span> <span class='ocrx_word' id='word_1_532' title='bbox 757 3711 889 3764; x_wconf 90' lang='lat' dir='ltr'><strong>Nam</strong></span> <span class='ocrx_word' id='word_1_533' title='bbox 935 3709 1037 3775; x_wconf 93' lang='lat' dir='ltr'><strong>ira,</strong></span> <span class='ocrx_word' id='word_1_534' title='bbox 1088 3714 1149 3762; x_wconf 91' lang='lat' dir='ltr'><strong>ut</strong></span> <span class='ocrx_word' id='word_1_535' title='bbox 1195 3707 1416 3776; x_wconf 89' lang='lat' dir='ltr'><strong>sapiens</strong></span> <span class='ocrx_word' id='word_1_536' title='bbox 1469 3705 1730 3776; x_wconf 89' lang='lat' dir='ltr'><strong>magister</strong></span> <span class='ocrx_word' id='word_1_537' title='bbox 1783 3708 1879 3775; x_wconf 88' lang='lat' dir='ltr'><strong>ait,</strong></span> <span class='ocrx_word' id='word_1_538' title='bbox 1926 3722 2075 3778; x_wconf 69' lang='lat' dir='ltr'><strong>saepe</strong></span> 
     </span>
    </p>
   </div>
   <div class='ocr_carea' id='block_1_71' title="bbox 433 3796 2074 3870">
    <p class='ocr_par' dir='ltr' id='par_1_71' title="bbox 433 3796 2074 3870">
     <span class='ocr_line' id='line_1_72' title="bbox 433 3796 2074 3870; baseline -0.002 -14"><span class='ocrx_word' id='word_1_539' title='bbox 433 3799 665 3870; x_wconf 90' lang='lat' dir='ltr'><strong>impedit</strong></span> <span class='ocrx_word' id='word_1_540' title='bbox 705 3798 966 3864; x_wconf 90' lang='lat' dir='ltr'><strong>animum,</strong></span> <span class='ocrx_word' id='word_1_541' title='bbox 1015 3809 1084 3850; x_wconf 90' lang='lat' dir='ltr'><strong>ne</strong></span> <span class='ocrx_word' id='word_1_542' title='bbox 1123 3796 1299 3865; x_wconf 92' lang='lat' dir='ltr'><strong>possit</strong></span> <span class='ocrx_word' id='word_1_543' title='bbox 1326 3807 1554 3850; x_wconf 90' lang='lat' dir='ltr'><strong>cernere</strong></span> <span class='ocrx_word' id='word_1_544' title='bbox 1581 3808 1789 3850; x_wconf 85' lang='lat' dir='ltr'><strong>verum.</strong></span> <span class='ocrx_word' id='word_1_545' title='bbox 1829 3796 1905 3850; x_wconf 90' lang='lat' dir='ltr'><strong>De</strong></span> <span class='ocrx_word' id='word_1_546' title='bbox 1944 3796 2074 3853; x_wconf 94' lang='lat' dir='ltr'><strong>odio</strong></span> 
     </span>
    </p>
   </div>
   <div class='ocr_carea' id='block_1_72' title="bbox 433 3882 2075 3956">
    <p class='ocr_par' dir='ltr' id='par_1_72' title="bbox 433 3882 2075 3956">
     <span class='ocr_line' id='line_1_73' title="bbox 433 3882 2075 3956; baseline -0.001 -14"><span class='ocrx_word' id='word_1_547' title='bbox 433 3887 568 3956; x_wconf 91' lang='lat' dir='ltr'><strong>quid</strong></span> <span class='ocrx_word' id='word_1_548' title='bbox 615 3887 765 3942; x_wconf 90' lang='lat' dir='ltr'><strong>aliud</strong></span> <span class='ocrx_word' id='word_1_549' title='bbox 821 3885 1022 3950; x_wconf 91' lang='lat' dir='ltr'><strong>dicam,</strong></span> <span class='ocrx_word' id='word_1_550' title='bbox 1071 3897 1233 3953; x_wconf 90' lang='lat' dir='ltr'><strong>quam</strong></span> <span class='ocrx_word' id='word_1_551' title='bbox 1285 3882 1434 3954; x_wconf 90' lang='lat' dir='ltr'><strong>quod</strong></span> <span class='ocrx_word' id='word_1_552' title='bbox 1492 3883 1830 3954; x_wconf 88' lang='lat' dir='ltr'><strong>evangelium</strong></span> <span class='ocrx_word' id='word_1_553' title='bbox 1882 3883 2075 3941; x_wconf 89' lang='lat' dir='ltr'><strong>dicens</strong></span> 
     </span>
    </p>
   </div>
   <div class='ocr_carea' id='block_1_73' title="bbox 431 3971 2072 4042">
    <p class='ocr_par' dir='ltr' id='par_1_73' title="bbox 431 3971 2072 4042">
     <span class='ocr_line' id='line_1_74' title="bbox 431 3971 2072 4042; baseline -0.001 -10"><span class='ocrx_word' id='word_1_554' title='bbox 431 3976 628 4032; x_wconf 89' lang='lat' dir='ltr'><strong>clamat</strong></span> <span class='ocrx_word' id='word_1_555' title='bbox 679 3995 692 4030; x_wconf 94' lang='lat'><strong>:</strong></span> <span class='ocrx_word' id='word_1_556' title='bbox 746 3992 775 4027; x_wconf 88' lang='grc'><strong>‹‹</strong></span> <span class='ocrx_word' id='word_1_557' title='bbox 821 3973 922 4042; x_wconf 88' lang='lat' dir='ltr'><strong>Qui</strong></span> <span class='ocrx_word' id='word_1_558' title='bbox 969 3973 1135 4029; x_wconf 88' lang='lat' dir='ltr'><strong>habet</strong></span> <span class='ocrx_word' id='word_1_559' title='bbox 1191 3972 1403 4028; x_wconf 89' lang='lat' dir='ltr'><strong>trabem</strong></span> <span class='ocrx_word' id='word_1_560' title='bbox 1450 3972 1508 4028; x_wconf 93' lang='lat' dir='ltr'><strong>in</strong></span> <span class='ocrx_word' id='word_1_561' title='bbox 1559 3971 1722 4028; x_wconf 92' lang='lat' dir='ltr'><strong>oculo</strong></span> <span class='ocrx_word' id='word_1_562' title='bbox 1777 3985 1899 4040; x_wconf 91' lang='lat' dir='ltr'><strong>suo,</strong></span> <span class='ocrx_word' id='word_1_563' title='bbox 1960 3987 2072 4030; x_wconf 91' lang='lat' dir='ltr'><strong>non</strong></span> 
     </span>
    </p>
   </div>
   <div class='ocr_carea' id='block_1_74' title="bbox 431 4059 2074 4135">
    <p class='ocr_par' dir='ltr' id='par_1_74' title="bbox 431 4059 2074 4135">
     <span class='ocr_line' id='line_1_75' title="bbox 431 4059 2074 4135; baseline -0.001 -15"><span class='ocrx_word' id='word_1_564' title='bbox 431 4069 615 4135; x_wconf 89' lang='lat' dir='ltr'><strong>potest</strong></span> <span class='ocrx_word' id='word_1_565' title='bbox 661 4063 863 4133; x_wconf 88' lang='lat' dir='ltr'><strong>ejicere</strong></span> <span class='ocrx_word' id='word_1_566' title='bbox 923 4060 1186 4117; x_wconf 91' lang='lat' dir='ltr'><strong>festucam</strong></span> <span class='ocrx_word' id='word_1_567' title='bbox 1234 4061 1303 4116; x_wconf 90' lang='lat' dir='ltr'><strong>de</strong></span> <span class='ocrx_word' id='word_1_568' title='bbox 1349 4060 1514 4117; x_wconf 92' lang='lat' dir='ltr'><strong>oculo</strong></span> <span class='ocrx_word' id='word_1_569' title='bbox 1551 4059 1737 4116; x_wconf 83' lang='lat' dir='ltr'><strong>fratris</strong></span> <span class='ocrx_word' id='word_1_570' title='bbox 1780 4061 1903 4127; x_wconf 89' lang='lat' dir='ltr'><strong>sui;</strong></span> <span class='ocrx_word' id='word_1_571' title='bbox 1938 4081 1966 4114; x_wconf 82' lang='lat'><strong><em>»</em></strong></span> <span class='ocrx_word' id='word_1_572' title='bbox 2017 4068 2074 4119; x_wconf 89' lang='lat' dir='ltr'><strong>at</strong></span> 
     </span>
    </p>
   </div>
   <div class='ocr_carea' id='block_1_75' title="bbox 428 4149 2074 4223">
    <p class='ocr_par' dir='ltr' id='par_1_75' title="bbox 428 4149 2074 4223">
     <span class='ocr_line' id='line_1_76' title="bbox 428 4149 2074 4223; baseline -0.002 -14"><span class='ocrx_word' id='word_1_573' title='bbox 428 4153 524 4223; x_wconf 87' lang='lat' dir='ltr'><strong>qui</strong></span> <span class='ocrx_word' id='word_1_574' title='bbox 564 4151 999 4209; x_wconf 90' lang='lat' dir='ltr'><strong>misericordiam</strong></span> <span class='ocrx_word' id='word_1_575' title='bbox 1028 4151 1104 4206; x_wconf 88' lang='lat' dir='ltr'><strong>ita</strong></span> <span class='ocrx_word' id='word_1_576' title='bbox 1133 4156 1376 4218; x_wconf 84' lang='lat' dir='ltr'><strong>exercet,</strong></span> <span class='ocrx_word' id='word_1_577' title='bbox 1408 4155 1469 4206; x_wconf 89' lang='lat' dir='ltr'><strong>ut</strong></span> <span class='ocrx_word' id='word_1_578' title='bbox 1509 4149 1778 4219; x_wconf 84' lang='lat' dir='ltr'><strong>justitiam</strong></span> <span class='ocrx_word' id='word_1_579' title='bbox 1825 4149 2074 4206; x_wconf 88' lang='lat' dir='ltr'><strong>funditus</strong></span> 
     </span>
    </p>
   </div>
   <div class='ocr_carea' id='block_1_76' title="bbox 425 4238 2067 4311">
    <p class='ocr_par' dir='ltr' id='par_1_76' title="bbox 425 4238 2067 4311">
     <span class='ocr_line' id='line_1_77' title="bbox 425 4238 2067 4311; baseline -0.002 -13"><span class='ocrx_word' id='word_1_580' title='bbox 425 4242 802 4309; x_wconf 90' lang='lat' dir='ltr'><strong>obliviscatur,</strong></span> <span class='ocrx_word' id='word_1_581' title='bbox 830 4243 941 4311; x_wconf 89' lang='lat' dir='ltr'><strong>jam</strong></span> <span class='ocrx_word' id='word_1_582' title='bbox 980 4252 1092 4296; x_wconf 92' lang='lat' dir='ltr'><strong>non</strong></span> <span class='ocrx_word' id='word_1_583' title='bbox 1130 4238 1432 4295; x_wconf 88' lang='lat' dir='ltr'><strong>secundum</strong></span> <span class='ocrx_word' id='word_1_584' title='bbox 1470 4238 1751 4294; x_wconf 88' lang='lat' dir='ltr'><strong>caritatem</strong></span> <span class='ocrx_word' id='word_1_585' title='bbox 1790 4238 2067 4306; x_wconf 89' lang='lat' dir='ltr'><strong>ambulat;</strong></span> 
     </span>
    </p>
   </div>
   <div class='ocr_carea' id='block_1_77' title="bbox 426 4325 2069 4401">
    <p class='ocr_par' dir='ltr' id='par_1_77' title="bbox 426 4325 2069 4401">
     <span class='ocr_line' id='line_1_78' title="bbox 426 4325 2069 4401; baseline -0.003 -13"><span class='ocrx_word' id='word_1_586' title='bbox 426 4331 573 4388; x_wconf 89' lang='lat' dir='ltr'><strong>unde</strong></span> <span class='ocrx_word' id='word_1_587' title='bbox 610 4328 945 4401; x_wconf 85' lang='lat' dir='ltr'><strong>Augustinus</strong></span> <span class='ocrx_word' id='word_1_588' title='bbox 977 4347 990 4383; x_wconf 96' lang='lat'><strong>:</strong></span> <span class='ocrx_word' id='word_1_589' title='bbox 1027 4345 1056 4379; x_wconf 78' lang='grc' dir='ltr'><strong>(ι</strong></span> <span class='ocrx_word' id='word_1_590' title='bbox 1085 4327 1140 4383; x_wconf 91' lang='lat' dir='ltr'><strong>Si</strong></span> <span class='ocrx_word' id='word_1_591' title='bbox 1184 4325 1354 4383; x_wconf 88' lang='lat' dir='ltr'><strong>frater</strong></span> <span class='ocrx_word' id='word_1_592' title='bbox 1401 4332 1529 4383; x_wconf 90' lang='lat' dir='ltr'><strong>tuus</strong></span> <span class='ocrx_word' id='word_1_593' title='bbox 1556 4326 1754 4382; x_wconf 87' lang='lat' dir='ltr'><strong>vulnus</strong></span> <span class='ocrx_word' id='word_1_594' title='bbox 1801 4325 1967 4382; x_wconf 86' lang='lat' dir='ltr'><strong>habet</strong></span> <span class='ocrx_word' id='word_1_595' title='bbox 2011 4327 2069 4383; x_wconf 89' lang='lat' dir='ltr'><strong>in</strong></span> 
     </span>
    </p>
   </div>
   <div class='ocr_carea' id='block_1_78' title="bbox 2161 3170 3814 3242">
    <p class='ocr_par' dir='ltr' id='par_1_78' title="bbox 2161 3170 3814 3242">
     <span class='ocr_line' id='line_1_79' title="bbox 2161 3170 3814 3242; baseline 0.01 -18"><span class='ocrx_word' id='word_1_596' title='bbox 2161 3170 2331 3241; x_wconf 90' lang='lat' dir='ltr'><strong>igitur</strong></span> <span class='ocrx_word' id='word_1_597' title='bbox 2358 3170 2427 3226; x_wconf 93' lang='lat' dir='ltr'><strong>de</strong></span> <span class='ocrx_word' id='word_1_598' title='bbox 2451 3171 2620 3228; x_wconf 91' lang='lat' dir='ltr'><strong>corde</strong></span> <span class='ocrx_word' id='word_1_599' title='bbox 2660 3187 2802 3242; x_wconf 88' lang='lat' dir='ltr'><strong>puro</strong></span> <span class='ocrx_word' id='word_1_600' title='bbox 2832 3181 2886 3230; x_wconf 91' lang='lat' dir='ltr'><strong>et</strong></span> <span class='ocrx_word' id='word_1_601' title='bbox 2916 3176 3257 3234; x_wconf 87' lang='lat' dir='ltr'><strong>conscientia</strong></span> <span class='ocrx_word' id='word_1_602' title='bbox 3293 3177 3438 3236; x_wconf 88' lang='lat' dir='ltr'><strong>bona</strong></span> <span class='ocrx_word' id='word_1_603' title='bbox 3467 3187 3524 3236; x_wconf 93' lang='lat' dir='ltr'><strong>et</strong></span> <span class='ocrx_word' id='word_1_604' title='bbox 3565 3181 3674 3239; x_wconf 91' lang='lat' dir='ltr'><strong>ﬁde</strong></span> <span class='ocrx_word' id='word_1_605' title='bbox 3705 3197 3814 3240; x_wconf 88' lang='lat' dir='ltr'><strong>non</strong></span> 
     </span>
    </p>
   </div>
   <div class='ocr_carea' id='block_1_79' title="bbox 2159 3260 3814 3338">
    <p class='ocr_par' dir='ltr' id='par_1_79' title="bbox 2159 3260 3814 3338">
     <span class='ocr_line' id='line_1_80' title="bbox 2159 3260 3814 3338; baseline 0.009 -24"><span class='ocrx_word' id='word_1_606' title='bbox 2159 3260 2304 3326; x_wconf 82' lang='lat' dir='ltr'><strong>ﬁcta,</strong></span> <span class='ocrx_word' id='word_1_607' title='bbox 2345 3274 2538 3332; x_wconf 87' lang='lat' dir='ltr'><strong>magna</strong></span> <span class='ocrx_word' id='word_1_608' title='bbox 2575 3267 2632 3316; x_wconf 90' lang='lat' dir='ltr'><strong>et</strong></span> <span class='ocrx_word' id='word_1_609' title='bbox 2667 3276 2794 3318; x_wconf 90' lang='lat' dir='ltr'><strong>vera</strong></span> <span class='ocrx_word' id='word_1_610' title='bbox 2830 3264 3005 3320; x_wconf 89' lang='lat' dir='ltr'><strong>virtus</strong></span> <span class='ocrx_word' id='word_1_611' title='bbox 3026 3264 3110 3333; x_wconf 72' lang='grc'><strong>⁸⁸⁸,</strong></span> <span class='ocrx_word' id='word_1_612' title='bbox 3142 3269 3274 3337; x_wconf 91' lang='lat' dir='ltr'><strong>quia</strong></span> <span class='ocrx_word' id='word_1_613' title='bbox 3313 3269 3433 3338; x_wconf 90' lang='lat' dir='ltr'><strong>ipsa</strong></span> <span class='ocrx_word' id='word_1_614' title='bbox 3472 3276 3560 3326; x_wconf 90' lang='lat' dir='ltr'><strong>est</strong></span> <span class='ocrx_word' id='word_1_615' title='bbox 3598 3279 3652 3328; x_wconf 89' lang='lat' dir='ltr'><strong>et</strong></span> <span class='ocrx_word' id='word_1_616' title='bbox 3692 3273 3814 3328; x_wconf 79' lang='lat' dir='ltr'><strong>ﬁnis</strong></span> 
     </span>
    </p>
   </div>
   <div class='ocr_carea' id='block_1_80' title="bbox 2161 3351 3813 3420">
    <p class='ocr_par' dir='ltr' id='par_1_80' title="bbox 2161 3351 3813 3420">
     <span class='ocr_line' id='line_1_81' title="bbox 2161 3351 3813 3420; baseline 0.008 -17"><span class='ocrx_word' id='word_1_617' title='bbox 2161 3351 2447 3420; x_wconf 70' lang='lat' dir='ltr'><strong>praecepti.</strong></span> <span class='ocrx_word' id='word_1_618' title='bbox 2468 3379 2542 3392; x_wconf 93' lang='lat'>—</span> <span class='ocrx_word' id='word_1_619' title='bbox 2570 3352 2723 3406; x_wconf 91' lang='lat' dir='ltr'><strong>Sicut</strong></span> <span class='ocrx_word' id='word_1_620' title='bbox 2752 3365 2902 3408; x_wconf 91' lang='lat' dir='ltr'><strong>mors</strong></span> <span class='ocrx_word' id='word_1_621' title='bbox 2930 3355 3166 3411; x_wconf 89' lang='lat' dir='ltr'><strong>animam</strong></span> <span class='ocrx_word' id='word_1_622' title='bbox 3198 3357 3382 3413; x_wconf 89' lang='lat' dir='ltr'><strong>evellit</strong></span> <span class='ocrx_word' id='word_1_623' title='bbox 3400 3357 3467 3390; x_wconf 80' lang='grc'><strong>⁶¹⁶</strong></span> <span class='ocrx_word' id='word_1_624' title='bbox 3492 3374 3524 3414; x_wconf 88' lang='lat' dir='ltr'><strong>a</strong></span> <span class='ocrx_word' id='word_1_625' title='bbox 3554 3362 3813 3418; x_wconf 82' lang='lat' dir='ltr'><strong>sensibus</strong></span> 
     </span>
    </p>
   </div>
   <div class='ocr_carea' id='block_1_81' title="bbox 2159 3439 3811 3514">
    <p class='ocr_par' dir='ltr' id='par_1_81' title="bbox 2159 3439 3811 3514">
     <span class='ocr_line' id='line_1_82' title="bbox 2159 3439 3811 3514; baseline 0.007 -20"><span class='ocrx_word' id='word_1_626' title='bbox 2159 3439 2363 3506; x_wconf 91' lang='lat' dir='ltr'><strong>carnis,</strong></span> <span class='ocrx_word' id='word_1_627' title='bbox 2403 3440 2487 3494; x_wconf 90' lang='lat' dir='ltr'><strong>sic</strong></span> <span class='ocrx_word' id='word_1_628' title='bbox 2532 3442 2734 3496; x_wconf 88' lang='lat' dir='ltr'><strong>caritas</strong></span> <span class='ocrx_word' id='word_1_629' title='bbox 2771 3455 2801 3497; x_wconf 92' lang='lat' dir='ltr'><strong>a</strong></span> <span class='ocrx_word' id='word_1_630' title='bbox 2841 3444 3308 3514; x_wconf 89' lang='lat' dir='ltr'><strong>concupiscentiis</strong></span> <span class='ocrx_word' id='word_1_631' title='bbox 3363 3448 3705 3506; x_wconf 83' lang='lat' dir='ltr'><strong>carnalibus.</strong></span> <span class='ocrx_word' id='word_1_632' title='bbox 3743 3481 3811 3493; x_wconf 90' lang='lat'><strong>-</strong></span> 
     </span>
    </p>
   </div>
   <div class='ocr_carea' id='block_1_82' title="bbox 2160 3526 3806 3602">
    <p class='ocr_par' dir='ltr' id='par_1_82' title="bbox 2160 3526 3806 3602">
     <span class='ocr_line' id='line_1_83' title="bbox 2160 3526 3806 3602; baseline 0.008 -20"><span class='ocrx_word' id='word_1_633' title='bbox 2160 3526 2263 3582; x_wconf 91' lang='lat' dir='ltr'><strong>Ubi</strong></span> <span class='ocrx_word' id='word_1_634' title='bbox 2303 3540 2436 3597; x_wconf 89' lang='lat' dir='ltr'><strong>ergo</strong></span> <span class='ocrx_word' id='word_1_635' title='bbox 2482 3526 2576 3582; x_wconf 92' lang='lat' dir='ltr'><strong>illa</strong></span> <span class='ocrx_word' id='word_1_636' title='bbox 2623 3527 2786 3598; x_wconf 91' lang='lat' dir='ltr'><strong>plena</strong></span> <span class='ocrx_word' id='word_1_637' title='bbox 2832 3533 2893 3585; x_wconf 90' lang='lat' dir='ltr'><strong>et</strong></span> <span class='ocrx_word' id='word_1_638' title='bbox 2945 3531 3188 3601; x_wconf 84' lang='lat' dir='ltr'><strong>perfecta</strong></span> <span class='ocrx_word' id='word_1_639' title='bbox 3235 3534 3360 3602; x_wconf 90' lang='lat' dir='ltr'><strong>erit,</strong></span> <span class='ocrx_word' id='word_1_640' title='bbox 3394 3536 3532 3592; x_wconf 88' lang='lat' dir='ltr'><strong>nihil</strong></span> <span class='ocrx_word' id='word_1_641' title='bbox 3573 3552 3640 3594; x_wconf 81' lang='lat' dir='ltr'><strong>ex</strong></span> <span class='ocrx_word' id='word_1_642' title='bbox 3678 3539 3806 3595; x_wconf 80' lang='lat' dir='ltr'><strong>vitio</strong></span> 
     </span>
    </p>
   </div>
   <div class='ocr_carea' id='block_1_83' title="bbox 2157 3613 3810 3691">
    <p class='ocr_par' dir='ltr' id='par_1_83' title="bbox 2157 3613 3810 3691">
     <span class='ocr_line' id='line_1_84' title="bbox 2157 3613 3810 3691; baseline 0.008 -21"><span class='ocrx_word' id='word_1_643' title='bbox 2157 3613 2484 3671; x_wconf 89' lang='lat' dir='ltr'><strong>remanebit.</strong></span> <span class='ocrx_word' id='word_1_644' title='bbox 2519 3638 2546 3667; x_wconf 79' lang='grc'><strong>»</strong></span> <span class='ocrx_word' id='word_1_645' title='bbox 2600 3618 2853 3674; x_wconf 88' lang='lat' dir='ltr'><strong>Testatus</strong></span> <span class='ocrx_word' id='word_1_646' title='bbox 2901 3625 3005 3688; x_wconf 89' lang='lat' dir='ltr'><strong>est,</strong></span> <span class='ocrx_word' id='word_1_647' title='bbox 3064 3621 3356 3691; x_wconf 85' lang='lat' dir='ltr'><strong>karissimi,</strong></span> <span class='ocrx_word' id='word_1_648' title='bbox 3397 3623 3639 3682; x_wconf 88' lang='lat' dir='ltr'><strong>domnus</strong></span> <span class='ocrx_word' id='word_1_649' title='bbox 3683 3629 3810 3684; x_wconf 85' lang='lat' dir='ltr'><strong>Gui-</strong></span> 
     </span>
    </p>
   </div>
   <div class='ocr_carea' id='block_1_84' title="bbox 2157 3703 3807 3781">
    <p class='ocr_par' dir='ltr' id='par_1_84' title="bbox 2157 3703 3807 3781">
     <span class='ocr_line' id='line_1_85' title="bbox 2157 3703 3807 3781; baseline 0.008 -22"><span class='ocrx_word' id='word_1_650' title='bbox 2157 3703 2348 3760; x_wconf 91' lang='lat' dir='ltr'><strong>bertus</strong></span> <span class='ocrx_word' id='word_1_651' title='bbox 2394 3705 2704 3774; x_wconf 90' lang='lat' dir='ltr'><strong>apostolum</strong></span> <span class='ocrx_word' id='word_1_652' title='bbox 2752 3707 2958 3763; x_wconf 85' lang='lat' dir='ltr'><strong>dixisse</strong></span> <span class='ocrx_word' id='word_1_653' title='bbox 2991 3727 3005 3764; x_wconf 92' lang='lat'><strong>:</strong></span> <span class='ocrx_word' id='word_1_654' title='bbox 3041 3727 3070 3761; x_wconf 85' lang='lat'><strong><em>«</em></strong></span> <span class='ocrx_word' id='word_1_655' title='bbox 3101 3710 3327 3767; x_wconf 86' lang='lat' dir='ltr'><strong>Vinctus</strong></span> <span class='ocrx_word' id='word_1_656' title='bbox 3363 3726 3427 3768; x_wconf 93' lang='lat' dir='ltr'><strong>es</strong></span> <span class='ocrx_word' id='word_1_657' title='bbox 3464 3715 3647 3781; x_wconf 80' lang='lat' dir='ltr'><strong>uxori,</strong></span> <span class='ocrx_word' id='word_1_658' title='bbox 3695 3715 3807 3772; x_wconf 81' lang='lat' dir='ltr'><strong>noli</strong></span> 
     </span>
    </p>
   </div>
   <div class='ocr_carea' id='block_1_85' title="bbox 2157 3793 3806 3869">
    <p class='ocr_par' dir='ltr' id='par_1_85' title="bbox 2157 3793 3806 3869">
     <span class='ocr_line' id='line_1_86' title="bbox 2157 3793 3806 3869; baseline 0.009 -22"><span class='ocrx_word' id='word_1_659' title='bbox 2157 3807 2405 3862; x_wconf 62' lang='lat' dir='ltr'><strong>quaerere</strong></span> <span class='ocrx_word' id='word_1_660' title='bbox 2436 3793 2769 3851; x_wconf 90' lang='lat' dir='ltr'><strong>solutionem</strong></span> <span class='ocrx_word' id='word_1_661' title='bbox 2801 3795 2855 3867; x_wconf 91' lang='grc' dir='ltr'><strong>(Ι</strong></span> <span class='ocrx_word' id='word_1_662' title='bbox 2881 3797 3002 3854; x_wconf 82' lang='lat' dir='ltr'><strong>Cor.</strong></span> <span class='ocrx_word' id='word_1_663' title='bbox 3036 3812 3138 3867; x_wconf 79' lang='lat' dir='ltr'><strong>v11,</strong></span> <span class='ocrx_word' id='word_1_664' title='bbox 3169 3800 3278 3869; x_wconf 87' lang='lat'><strong>27),</strong></span> <span class='ocrx_word' id='word_1_665' title='bbox 3309 3820 3338 3851; x_wconf 71' lang='grc' dir='ltr'><strong>ι</strong></span> <span class='ocrx_word' id='word_1_666' title='bbox 3370 3807 3427 3858; x_wconf 90' lang='lat' dir='ltr'><strong>et</strong></span> <span class='ocrx_word' id='word_1_667' title='bbox 3454 3803 3533 3859; x_wconf 87' lang='lat' dir='ltr'><strong>ita</strong></span> <span class='ocrx_word' id='word_1_668' title='bbox 3572 3811 3679 3860; x_wconf 86' lang='lat' dir='ltr'><strong>est.</strong></span> <span class='ocrx_word' id='word_1_669' title='bbox 3702 3805 3806 3862; x_wconf 83' lang='lat' dir='ltr'><strong>Sed</strong></span> 
     </span>
    </p>
   </div>
   <div class='ocr_carea' id='block_1_86' title="bbox 2155 3881 3808 3955">
    <p class='ocr_par' dir='ltr' id='par_1_86' title="bbox 2155 3881 3808 3955">
     <span class='ocr_line' id='line_1_87' title="bbox 2155 3881 3808 3955; baseline 0.01 -19"><span class='ocrx_word' id='word_1_670' title='bbox 2155 3881 2292 3937; x_wconf 87' lang='lat' dir='ltr'><strong>illud</strong></span> <span class='ocrx_word' id='word_1_671' title='bbox 2322 3882 2471 3952; x_wconf 91' lang='lat' dir='ltr'><strong>quod</strong></span> <span class='ocrx_word' id='word_1_672' title='bbox 2500 3885 2754 3953; x_wconf 89' lang='lat' dir='ltr'><strong>sequitur</strong></span> <span class='ocrx_word' id='word_1_673' title='bbox 2780 3899 2951 3955; x_wconf 90' lang='lat' dir='ltr'><strong>quare</strong></span> <span class='ocrx_word' id='word_1_674' title='bbox 2983 3900 3094 3943; x_wconf 89' lang='lat' dir='ltr'><strong>non</strong></span> <span class='ocrx_word' id='word_1_675' title='bbox 3125 3888 3304 3945; x_wconf 80' lang='lat' dir='ltr'><strong>dicit?</strong></span> <span class='ocrx_word' id='word_1_676' title='bbox 3349 3890 3611 3948; x_wconf 89' lang='lat' dir='ltr'><strong>videlicet</strong></span> <span class='ocrx_word' id='word_1_677' title='bbox 3661 3913 3692 3945; x_wconf 73' lang='grc' dir='ltr'><strong>α</strong></span> <span class='ocrx_word' id='word_1_678' title='bbox 3722 3909 3808 3952; x_wconf 83' lang='lat' dir='ltr'><strong>so-</strong></span> 
     </span>
    </p>
   </div>
   <div class='ocr_carea' id='block_1_87' title="bbox 2156 3968 3806 4044">
    <p class='ocr_par' dir='ltr' id='par_1_87' title="bbox 2156 3968 3806 4044">
     <span class='ocr_line' id='line_1_88' title="bbox 2156 3968 3806 4044; baseline 0.009 -20"><span class='ocrx_word' id='word_1_679' title='bbox 2156 3968 2304 4025; x_wconf 90' lang='lat' dir='ltr'><strong>lutus</strong></span> <span class='ocrx_word' id='word_1_680' title='bbox 2332 3984 2392 4026; x_wconf 91' lang='lat' dir='ltr'><strong>es</strong></span> <span class='ocrx_word' id='word_1_681' title='bbox 2420 3971 2488 4026; x_wconf 92' lang='lat' dir='ltr'><strong>ab</strong></span> <span class='ocrx_word' id='word_1_682' title='bbox 2519 3985 2711 4040; x_wconf 82' lang='lat' dir='ltr'><strong>uxore,</strong></span> <span class='ocrx_word' id='word_1_683' title='bbox 2747 3973 2862 4029; x_wconf 89' lang='lat' dir='ltr'><strong>noli</strong></span> <span class='ocrx_word' id='word_1_684' title='bbox 2894 3989 3144 4044; x_wconf 77' lang='lat' dir='ltr'><strong>quaerere</strong></span> <span class='ocrx_word' id='word_1_685' title='bbox 3174 3991 3422 4035; x_wconf 88' lang='lat' dir='ltr'><strong>uxorem.</strong></span> <span class='ocrx_word' id='word_1_686' title='bbox 3450 4000 3477 4030; x_wconf 74' lang='grc' dir='ltr'><strong>ιι</strong></span> <span class='ocrx_word' id='word_1_687' title='bbox 3518 3983 3806 4039; x_wconf 86' lang='lat' dir='ltr'><strong>Protulisti</strong></span> 
     </span>
    </p>
   </div>
   <div class='ocr_carea' id='block_1_88' title="bbox 2154 4061 3805 4140">
    <p class='ocr_par' dir='ltr' id='par_1_88' title="bbox 2154 4061 3805 4140">
     <span class='ocr_line' id='line_1_89' title="bbox 2154 4061 3805 4140; baseline 0.01 -27"><span class='ocrx_word' id='word_1_688' title='bbox 2154 4061 2481 4116; x_wconf 88' lang='lat' dir='ltr'><strong>sententiam</strong></span> <span class='ocrx_word' id='word_1_689' title='bbox 2519 4061 2766 4131; x_wconf 90' lang='lat' dir='ltr'><strong>Apostoli</strong></span> <span class='ocrx_word' id='word_1_690' title='bbox 2807 4063 3046 4120; x_wconf 91' lang='lat' dir='ltr'><strong>dicentis</strong></span> <span class='ocrx_word' id='word_1_691' title='bbox 3086 4086 3099 4121; x_wconf 93' lang='lat'><strong>:</strong></span> <span class='ocrx_word' id='word_1_692' title='bbox 3146 4086 3174 4118; x_wconf 79' lang='grc' dir='ltr'>α</span> <span class='ocrx_word' id='word_1_693' title='bbox 3213 4069 3604 4140; x_wconf 87' lang='lat' dir='ltr'><strong>Unusquisque</strong></span> <span class='ocrx_word' id='word_1_694' title='bbox 3651 4087 3805 4130; x_wconf 83' lang='lat' dir='ltr'><strong>suam</strong></span> 
     </span>
    </p>
   </div>
   <div class='ocr_carea' id='block_1_89' title="bbox 2155 4147 3802 4226">
    <p class='ocr_par' dir='ltr' id='par_1_89' title="bbox 2155 4147 3802 4226">
     <span class='ocr_line' id='line_1_90' title="bbox 2155 4147 3802 4226; baseline 0.007 -25"><span class='ocrx_word' id='word_1_695' title='bbox 2155 4160 2381 4202; x_wconf 85' lang='lat' dir='ltr'><strong>uxorem</strong></span> <span class='ocrx_word' id='word_1_696' title='bbox 2419 4147 2654 4204; x_wconf 90' lang='lat' dir='ltr'><strong>habeat:</strong></span> <span class='ocrx_word' id='word_1_697' title='bbox 2687 4167 2715 4200; x_wconf 87' lang='lat'><strong>»</strong></span> <span class='ocrx_word' id='word_1_698' title='bbox 2765 4163 2868 4221; x_wconf 90' lang='lat' dir='ltr'><strong>ego</strong></span> <span class='ocrx_word' id='word_1_699' title='bbox 2907 4159 3087 4208; x_wconf 91' lang='lat' dir='ltr'><strong>autem</strong></span> <span class='ocrx_word' id='word_1_700' title='bbox 3118 4153 3246 4211; x_wconf 92' lang='lat' dir='ltr'><strong>dico</strong></span> <span class='ocrx_word' id='word_1_701' title='bbox 3285 4173 3314 4207; x_wconf 87' lang='lat'>«</span> <span class='ocrx_word' id='word_1_702' title='bbox 3345 4158 3548 4226; x_wconf 88' lang='lat' dir='ltr'><strong>quibus</strong></span> <span class='ocrx_word' id='word_1_703' title='bbox 3586 4159 3743 4218; x_wconf 87' lang='lat' dir='ltr'><strong>licet.</strong></span> <span class='ocrx_word' id='word_1_704' title='bbox 3775 4182 3802 4212; x_wconf 72' lang='grc' dir='ltr'><strong><em>ι</em></strong></span> 
     </span>
    </p>
   </div>
   <div class='ocr_carea' id='block_1_90' title="bbox 2153 4236 3803 4318">
    <p class='ocr_par' dir='ltr' id='par_1_90' title="bbox 2153 4236 3803 4318">
     <span class='ocr_line' id='line_1_91' title="bbox 2153 4236 3803 4318; baseline 0.01 -29"><span class='ocrx_word' id='word_1_705' title='bbox 2153 4236 2427 4292; x_wconf 62' lang='lat' dir='ltr'><strong>Praeterea</strong></span> <span class='ocrx_word' id='word_1_706' title='bbox 2474 4236 2610 4292; x_wconf 90' lang='lat' dir='ltr'><strong>illud</strong></span> <span class='ocrx_word' id='word_1_707' title='bbox 2650 4238 3017 4308; x_wconf 88' lang='lat' dir='ltr'><strong>apostolicum</strong></span> <span class='ocrx_word' id='word_1_708' title='bbox 3053 4243 3356 4299; x_wconf 90' lang='lat' dir='ltr'><strong>animarum</strong></span> <span class='ocrx_word' id='word_1_709' title='bbox 3402 4252 3459 4300; x_wconf 90' lang='lat' dir='ltr'><strong>et</strong></span> <span class='ocrx_word' id='word_1_710' title='bbox 3505 4260 3803 4318; x_wconf 88' lang='lat' dir='ltr'><strong>corporum</strong></span> 
     </span>
    </p>
   </div>
   <div class='ocr_carea' id='block_1_91' title="bbox 2155 4325 3806 4398">
    <p class='ocr_par' dir='ltr' id='par_1_91' title="bbox 2155 4325 3806 4398">
     <span class='ocr_line' id='line_1_92' title="bbox 2155 4325 3806 4398; baseline 0.009 -18"><span class='ocrx_word' id='word_1_711' title='bbox 2155 4325 2445 4381; x_wconf 89' lang='lat' dir='ltr'><strong>consilium</strong></span> <span class='ocrx_word' id='word_1_712' title='bbox 2492 4325 2680 4383; x_wconf 87' lang='lat' dir='ltr'><strong>audite</strong></span> <span class='ocrx_word' id='word_1_713' title='bbox 2721 4347 2736 4383; x_wconf 89' lang='lat'><strong>:</strong></span> <span class='ocrx_word' id='word_1_714' title='bbox 2782 4348 2809 4377; x_wconf 76' lang='grc' dir='ltr'><strong>α</strong></span> <span class='ocrx_word' id='word_1_715' title='bbox 2841 4329 3080 4398; x_wconf 87' lang='lat' dir='ltr'><strong>Fratres,</strong></span> <span class='ocrx_word' id='word_1_716' title='bbox 3120 4331 3406 4389; x_wconf 90' lang='lat' dir='ltr'><strong>debitores</strong></span> <span class='ocrx_word' id='word_1_717' title='bbox 3452 4349 3645 4392; x_wconf 86' lang='lat' dir='ltr'><strong>sumus</strong></span> <span class='ocrx_word' id='word_1_718' title='bbox 3695 4353 3806 4396; x_wconf 87' lang='lat' dir='ltr'><strong>non</strong></span> 
     </span>
    </p>
   </div>
   <div class='ocr_carea' id='block_1_92' title="bbox 424 4393 3806 4491">
    <p class='ocr_par' dir='ltr' id='par_1_92' title="bbox 424 4393 3806 4491">
     <span class='ocr_line' id='line_1_93' title="bbox 424 4393 3806 4491; baseline 0.002 -14"><span class='ocrx_word' id='word_1_719' title='bbox 424 4393 882 4491; x_wconf 27' lang='lat' dir='ltr'><strong>corporeiquod</strong></span> <span class='ocrx_word' id='word_1_720' title='bbox 939 4417 1071 4474; x_wconf 90' lang='lat' dir='ltr'><strong>velit</strong></span> <span class='ocrx_word' id='word_1_721' title='bbox 1118 4415 1421 4484; x_wconf 86' lang='lat' dir='ltr'><strong>occultare,</strong></span> <span class='ocrx_word' id='word_1_722' title='bbox 1478 4415 1606 4471; x_wconf 92' lang='lat' dir='ltr'><strong>dum</strong></span> <span class='ocrx_word' id='word_1_723' title='bbox 1656 4415 1812 4471; x_wconf 90' lang='lat' dir='ltr'><strong>timet</strong></span> <span class='ocrx_word' id='word_1_724' title='bbox 1867 4393 2328 4484; x_wconf 78' lang='lat' dir='ltr'><strong>secari,Dcarni,</strong></span> <span class='ocrx_word' id='word_1_725' title='bbox 2369 4421 2431 4470; x_wconf 89' lang='lat' dir='ltr'><strong>ut</strong></span> <span class='ocrx_word' id='word_1_726' title='bbox 2477 4416 2780 4472; x_wconf 90' lang='lat' dir='ltr'><strong>secundum</strong></span> <span class='ocrx_word' id='word_1_727' title='bbox 2828 4431 3050 4475; x_wconf 89' lang='lat' dir='ltr'><strong>carnem</strong></span> <span class='ocrx_word' id='word_1_728' title='bbox 3094 4421 3375 4491; x_wconf 89' lang='lat' dir='ltr'><strong>vivamus;</strong></span> <span class='ocrx_word' id='word_1_729' title='bbox 3424 4424 3471 4479; x_wconf 90' lang='lat' dir='ltr'><strong>si</strong></span> <span class='ocrx_word' id='word_1_730' title='bbox 3521 4427 3672 4482; x_wconf 84' lang='lat' dir='ltr'><strong>enim</strong></span> <span class='ocrx_word' id='word_1_731' title='bbox 3711 4442 3806 4484; x_wconf 89' lang='lat' dir='ltr'><strong>se-</strong></span> 
     </span>
    </p>
   </div>
   <div class='ocr_carea' id='block_1_93' title="bbox 425 4504 2069 4572">
    <p class='ocr_par' dir='ltr' id='par_1_93' title="bbox 425 4504 2069 4572">
     <span class='ocr_line' id='line_1_94' title="bbox 425 4504 2069 4572; baseline -0.003 -6"><span class='ocrx_word' id='word_1_732' title='bbox 425 4523 610 4566; x_wconf 90' lang='lat' dir='ltr'><strong>nonne</strong></span> <span class='ocrx_word' id='word_1_733' title='bbox 667 4507 968 4564; x_wconf 90' lang='lat' dir='ltr'><strong>crudeliter</strong></span> <span class='ocrx_word' id='word_1_734' title='bbox 1022 4520 1054 4561; x_wconf 92' lang='lat' dir='ltr'><strong>a</strong></span> <span class='ocrx_word' id='word_1_735' title='bbox 1111 4511 1163 4560; x_wconf 91' lang='lat' dir='ltr'><strong>te</strong></span> <span class='ocrx_word' id='word_1_736' title='bbox 1221 4506 1517 4572; x_wconf 87' lang='lat' dir='ltr'><strong>sileretur,</strong></span> <span class='ocrx_word' id='word_1_737' title='bbox 1575 4504 1623 4559; x_wconf 91' lang='lat' dir='ltr'><strong>si</strong></span> <span class='ocrx_word' id='word_1_738' title='bbox 1689 4504 2069 4561; x_wconf 88' lang='lat' dir='ltr'><strong>misericordia</strong></span> 
     </span>
    </p>
   </div>
   <div class='ocr_carea' id='block_1_94' title="bbox 425 4591 2070 4663">
    <p class='ocr_par' dir='ltr' id='par_1_94' title="bbox 425 4591 2070 4663">
     <span class='ocr_line' id='line_1_95' title="bbox 425 4591 2070 4663; baseline -0.004 -7"><span class='ocrx_word' id='word_1_739' title='bbox 425 4605 608 4656; x_wconf 89' lang='lat' dir='ltr'><strong>motus</strong></span> <span class='ocrx_word' id='word_1_740' title='bbox 658 4603 892 4663; x_wconf 90' lang='lat' dir='ltr'><strong>taceres,</strong></span> <span class='ocrx_word' id='word_1_741' title='bbox 945 4598 1002 4651; x_wconf 88' lang='lat' dir='ltr'><strong>et</strong></span> <span class='ocrx_word' id='word_1_742' title='bbox 1048 4592 1484 4649; x_wconf 90' lang='lat' dir='ltr'><strong>misericorditer</strong></span> <span class='ocrx_word' id='word_1_743' title='bbox 1513 4591 1897 4661; x_wconf 89' lang='lat' dir='ltr'><strong>judicaretur:</strong></span> <span class='ocrx_word' id='word_1_744' title='bbox 1932 4612 1962 4646; x_wconf 78' lang='lat'><strong>»</strong></span> <span class='ocrx_word' id='word_1_745' title='bbox 2002 4595 2070 4649; x_wconf 89' lang='lat' dir='ltr'><strong>Et</strong></span> 
     </span>
    </p>
   </div>
   <div class='ocr_carea' id='block_1_95' title="bbox 423 4681 2068 4758">
    <p class='ocr_par' dir='ltr' id='par_1_95' title="bbox 423 4681 2068 4758">
     <span class='ocr_line' id='line_1_96' title="bbox 423 4681 2068 4758; baseline -0.004 -13"><span class='ocrx_word' id='word_1_746' title='bbox 423 4686 722 4758; x_wconf 87' lang='lat' dir='ltr'><strong>Apostolus</strong></span> <span class='ocrx_word' id='word_1_747' title='bbox 753 4705 768 4742; x_wconf 90' lang='lat'><strong>:</strong></span> <span class='ocrx_word' id='word_1_748' title='bbox 802 4703 832 4736; x_wconf 77' lang='grc' dir='ltr'>α</span> <span class='ocrx_word' id='word_1_749' title='bbox 870 4685 924 4740; x_wconf 92' lang='lat' dir='ltr'><strong>Si</strong></span> <span class='ocrx_word' id='word_1_750' title='bbox 963 4682 1169 4739; x_wconf 88' lang='lat' dir='ltr'><strong>videris</strong></span> <span class='ocrx_word' id='word_1_751' title='bbox 1206 4681 1428 4737; x_wconf 86' lang='lat' dir='ltr'><strong>fratrem</strong></span> <span class='ocrx_word' id='word_1_752' title='bbox 1475 4686 1629 4736; x_wconf 89' lang='lat' dir='ltr'><strong>tuum</strong></span> <span class='ocrx_word' id='word_1_753' title='bbox 1677 4687 1971 4748; x_wconf 89' lang='lat' dir='ltr'><strong>errantem,</strong></span> <span class='ocrx_word' id='word_1_754' title='bbox 2013 4690 2068 4738; x_wconf 90' lang='lat' dir='ltr'><strong>et</strong></span> 
     </span>
    </p>
   </div>
   <div class='ocr_carea' id='block_1_96' title="bbox 425 4768 2066 4844">
    <p class='ocr_par' dir='ltr' id='par_1_96' title="bbox 425 4768 2066 4844">
     <span class='ocr_line' id='line_1_97' title="bbox 425 4768 2066 4844; baseline -0.004 -12"><span class='ocrx_word' id='word_1_755' title='bbox 425 4791 536 4834; x_wconf 90' lang='lat' dir='ltr'><strong>non</strong></span> <span class='ocrx_word' id='word_1_756' title='bbox 567 4775 906 4844; x_wconf 89' lang='lat' dir='ltr'><strong>corripueris</strong></span> <span class='ocrx_word' id='word_1_757' title='bbox 932 4783 1078 4840; x_wconf 79' lang='lat' dir='ltr'><strong>eum,</strong></span> <span class='ocrx_word' id='word_1_758' title='bbox 1111 4771 1180 4827; x_wconf 89' lang='lat' dir='ltr'><strong>de</strong></span> <span class='ocrx_word' id='word_1_759' title='bbox 1225 4769 1558 4841; x_wconf 86' lang='lat' dir='ltr'><strong>negligentia</strong></span> <span class='ocrx_word' id='word_1_760' title='bbox 1591 4768 1951 4840; x_wconf 89' lang='lat' dir='ltr'><strong>judicaberis,</strong></span> <span class='ocrx_word' id='word_1_761' title='bbox 1982 4770 2066 4826; x_wconf 93' lang='lat' dir='ltr'><strong>vel</strong></span> 
     </span>
    </p>
   </div>
   <div class='ocr_carea' id='block_1_97' title="bbox 423 4858 2069 4936">
    <p class='ocr_par' dir='ltr' id='par_1_97' title="bbox 423 4858 2069 4936">
     <span class='ocr_line' id='line_1_98' title="bbox 423 4858 2069 4936; baseline -0.005 -12"><span class='ocrx_word' id='word_1_762' title='bbox 423 4863 944 4936; x_wconf 89' lang='lat' dir='ltr'><strong>condempnaberis.</strong></span> <span class='ocrx_word' id='word_1_763' title='bbox 976 4881 1005 4915; x_wconf 90' lang='lat'><strong>»</strong></span> <span class='ocrx_word' id='word_1_764' title='bbox 1036 4863 1148 4918; x_wconf 82' lang='lat' dir='ltr'><strong>Vos</strong></span> <span class='ocrx_word' id='word_1_765' title='bbox 1174 4859 1379 4928; x_wconf 91' lang='lat' dir='ltr'><strong>dicitis,</strong></span> <span class='ocrx_word' id='word_1_766' title='bbox 1411 4858 1644 4916; x_wconf 87' lang='lat' dir='ltr'><strong>fratres:</strong></span> <span class='ocrx_word' id='word_1_767' title='bbox 1683 4879 1710 4910; x_wconf 69' lang='grc' dir='ltr'>ι</span> <span class='ocrx_word' id='word_1_768' title='bbox 1742 4859 1907 4915; x_wconf 88' lang='lat' dir='ltr'><strong>Pauci</strong></span> <span class='ocrx_word' id='word_1_769' title='bbox 1937 4865 2069 4916; x_wconf 91' lang='lat' dir='ltr'><strong>sunt</strong></span> 
     </span>
    </p>
   </div>
   <div class='ocr_carea' id='block_1_98' title="bbox 423 4947 2066 5022">
    <p class='ocr_par' dir='ltr' id='par_1_98' title="bbox 423 4947 2066 5022">
     <span class='ocr_line' id='line_1_99' title="bbox 423 4947 2066 5022; baseline -0.004 -12"><span class='ocrx_word' id='word_1_770' title='bbox 423 4955 560 5012; x_wconf 88' lang='lat' dir='ltr'><strong>casti</strong></span> <span class='ocrx_word' id='word_1_771' title='bbox 616 4954 800 5010; x_wconf 89' lang='lat' dir='ltr'><strong>animo</strong></span> <span class='ocrx_word' id='word_1_772' title='bbox 847 4956 904 5008; x_wconf 91' lang='lat' dir='ltr'><strong>et</strong></span> <span class='ocrx_word' id='word_1_773' title='bbox 957 4964 1214 5022; x_wconf 91' lang='lat' dir='ltr'><strong>corpore,</strong></span> <span class='ocrx_word' id='word_1_774' title='bbox 1267 4955 1324 5004; x_wconf 90' lang='lat' dir='ltr'><strong>et</strong></span> <span class='ocrx_word' id='word_1_775' title='bbox 1377 4947 1692 5019; x_wconf 88' lang='lat' dir='ltr'><strong>paucissimi</strong></span> <span class='ocrx_word' id='word_1_776' title='bbox 1745 4947 2066 5004; x_wconf 91' lang='lat' dir='ltr'><strong>sacerdotes</strong></span> 
     </span>
    </p>
   </div>
   <div class='ocr_carea' id='block_1_99' title="bbox 420 5036 2065 5117">
    <p class='ocr_par' dir='ltr' id='par_1_99' title="bbox 420 5036 2065 5117">
     <span class='ocr_line' id='line_1_100' title="bbox 420 5036 2065 5117; baseline -0.005 -15"><span class='ocrx_word' id='word_1_777' title='bbox 420 5045 714 5117; x_wconf 80' lang='lat' dir='ltr'><strong>virgines;</strong></span> <span class='ocrx_word' id='word_1_778' title='bbox 761 5062 790 5100; x_wconf 68' lang='grc' dir='ltr'><strong>η</strong></span> <span class='ocrx_word' id='word_1_779' title='bbox 843 5041 942 5098; x_wconf 89' lang='lat' dir='ltr'><strong>sed</strong></span> <span class='ocrx_word' id='word_1_780' title='bbox 1001 5040 1174 5112; x_wconf 89' lang='lat' dir='ltr'><strong>magis</strong></span> <span class='ocrx_word' id='word_1_781' title='bbox 1227 5037 1353 5095; x_wconf 92' lang='lat' dir='ltr'><strong>volo</strong></span> <span class='ocrx_word' id='word_1_782' title='bbox 1408 5044 1572 5107; x_wconf 89' lang='lat' dir='ltr'><strong>atque</strong></span> <span class='ocrx_word' id='word_1_783' title='bbox 1627 5036 1884 5094; x_wconf 88' lang='lat' dir='ltr'><strong>desidero</strong></span> <span class='ocrx_word' id='word_1_784' title='bbox 1940 5051 2065 5094; x_wconf 92' lang='lat' dir='ltr'><strong>cum</strong></span> 
     </span>
    </p>
   </div>
   <div class='ocr_carea' id='block_1_100' title="bbox 2150 4502 3803 4578">
    <p class='ocr_par' dir='ltr' id='par_1_100' title="bbox 2150 4502 3803 4578">
     <span class='ocr_line' id='line_1_101' title="bbox 2150 4502 3803 4578; baseline 0.008 -20"><span class='ocrx_word' id='word_1_785' title='bbox 2150 4502 2392 4559; x_wconf 91' lang='lat' dir='ltr'><strong>cundum</strong></span> <span class='ocrx_word' id='word_1_786' title='bbox 2455 4518 2675 4561; x_wconf 91' lang='lat' dir='ltr'><strong>carnem</strong></span> <span class='ocrx_word' id='word_1_787' title='bbox 2737 4504 3005 4575; x_wconf 85' lang='lat' dir='ltr'><strong>vixeritis,</strong></span> <span class='ocrx_word' id='word_1_788' title='bbox 3065 4509 3397 4578; x_wconf 88' lang='lat' dir='ltr'><strong>moriemini,</strong></span> <span class='ocrx_word' id='word_1_789' title='bbox 3455 4514 3503 4569; x_wconf 89' lang='lat' dir='ltr'><strong>si</strong></span> <span class='ocrx_word' id='word_1_790' title='bbox 3563 4516 3714 4572; x_wconf 87' lang='lat' dir='ltr'><strong>enim</strong></span> <span class='ocrx_word' id='word_1_791' title='bbox 3743 4517 3803 4548; x_wconf 79' lang='lat'><strong>‘“</strong></span> 
     </span>
    </p>
   </div>
   <div class='ocr_carea' id='block_1_101' title="bbox 2147 4591 3800 4676">
    <p class='ocr_par' dir='ltr' id='par_1_101' title="bbox 2147 4591 3800 4676">
     <span class='ocr_line' id='line_1_102' title="bbox 2147 4591 3800 4676; baseline 0.008 -27"><span class='ocrx_word' id='word_1_792' title='bbox 2147 4592 2348 4663; x_wconf 91' lang='lat' dir='ltr'><strong>spiritu</strong></span> <span class='ocrx_word' id='word_1_793' title='bbox 2402 4591 2544 4650; x_wconf 86' lang='lat' dir='ltr'><strong>facta</strong></span> <span class='ocrx_word' id='word_1_794' title='bbox 2601 4595 2783 4650; x_wconf 90' lang='lat' dir='ltr'><strong>carnis</strong></span> <span class='ocrx_word' id='word_1_795' title='bbox 2839 4596 3317 4666; x_wconf 87' lang='lat' dir='ltr'><strong>mortiﬁcaveritis,</strong></span> <span class='ocrx_word' id='word_1_796' title='bbox 3370 4601 3567 4658; x_wconf 85' lang='lat' dir='ltr'><strong>vivetis</strong></span> <span class='ocrx_word' id='word_1_797' title='bbox 3621 4605 3800 4676; x_wconf 69' lang='lat' dir='ltr'><strong>(non.</strong></span> 
     </span>
    </p>
   </div>
   <div class='ocr_carea' id='block_1_102' title="bbox 2148 4680 3800 4763">
    <p class='ocr_par' dir='ltr' id='par_1_102' title="bbox 2148 4680 3800 4763">
     <span class='ocr_line' id='line_1_103' title="bbox 2148 4680 3800 4763; baseline 0.01 -29"><span class='ocrx_word' id='word_1_798' title='bbox 2148 4680 2203 4749; x_wconf 89' lang='lat'><strong>8,</strong></span> <span class='ocrx_word' id='word_1_799' title='bbox 2235 4680 2348 4751; x_wconf 87' lang='lat' dir='ltr'><strong>l2).</strong></span> <span class='ocrx_word' id='word_1_800' title='bbox 2377 4700 2406 4734; x_wconf 88' lang='grc'><strong>››</strong></span> <span class='ocrx_word' id='word_1_801' title='bbox 2445 4682 2640 4738; x_wconf 85' lang='lat' dir='ltr'><strong>Dixisti</strong></span> <span class='ocrx_word' id='word_1_802' title='bbox 2670 4682 2818 4753; x_wconf 92' lang='lat' dir='ltr'><strong>quod</strong></span> <span class='ocrx_word' id='word_1_803' title='bbox 2840 4683 2910 4740; x_wconf 92' lang='lat' dir='ltr'><strong>de</strong></span> <span class='ocrx_word' id='word_1_804' title='bbox 2933 4685 3270 4743; x_wconf 87' lang='lat' dir='ltr'><strong>Vercellensi</strong></span> <span class='ocrx_word' id='word_1_805' title='bbox 3299 4689 3539 4759; x_wconf 86' lang='lat' dir='ltr'><strong>epistola</strong></span> <span class='ocrx_word' id='word_1_806' title='bbox 3568 4691 3800 4763; x_wconf 84' lang='lat' dir='ltr'><strong>placuit.</strong></span> 
     </span>
    </p>
   </div>
   <div class='ocr_carea' id='block_1_103' title="bbox 2147 4769 3804 4847">
    <p class='ocr_par' dir='ltr' id='par_1_103' title="bbox 2147 4769 3804 4847">
     <span class='ocr_line' id='line_1_104' title="bbox 2147 4769 3804 4847; baseline 0.007 -21"><span class='ocrx_word' id='word_1_807' title='bbox 2147 4770 2245 4826; x_wconf 90' lang='lat' dir='ltr'><strong>sed</strong></span> <span class='ocrx_word' id='word_1_808' title='bbox 2275 4769 2412 4826; x_wconf 90' lang='lat' dir='ltr'><strong>illud</strong></span> <span class='ocrx_word' id='word_1_809' title='bbox 2441 4771 2592 4840; x_wconf 93' lang='lat' dir='ltr'><strong>quod</strong></span> <span class='ocrx_word' id='word_1_810' title='bbox 2621 4771 2894 4842; x_wconf 90' lang='lat' dir='ltr'><strong>sequitur,</strong></span> <span class='ocrx_word' id='word_1_811' title='bbox 2928 4787 3099 4844; x_wconf 88' lang='lat' dir='ltr'><strong>quare</strong></span> <span class='ocrx_word' id='word_1_812' title='bbox 3129 4789 3240 4831; x_wconf 90' lang='lat' dir='ltr'><strong>non</strong></span> <span class='ocrx_word' id='word_1_813' title='bbox 3271 4777 3576 4847; x_wconf 89' lang='lat' dir='ltr'><strong>protulisti,</strong></span> <span class='ocrx_word' id='word_1_814' title='bbox 3606 4781 3804 4839; x_wconf 88' lang='lat' dir='ltr'><strong>dice</strong></span> 
     </span>
    </p>
   </div>
   <div class='ocr_carea' id='block_1_104' title="bbox 2148 4858 3802 4932">
    <p class='ocr_par' dir='ltr' id='par_1_104' title="bbox 2148 4858 3802 4932">
     <span class='ocr_line' id='line_1_105' title="bbox 2148 4858 3802 4932; baseline 0.008 -16"><span class='ocrx_word' id='word_1_815' title='bbox 2148 4860 2206 4916; x_wconf 90' lang='lat' dir='ltr'><strong>in</strong></span> <span class='ocrx_word' id='word_1_816' title='bbox 2253 4858 2444 4915; x_wconf 89' lang='lat' dir='ltr'><strong>eadem</strong></span> <span class='ocrx_word' id='word_1_817' title='bbox 2492 4866 2564 4928; x_wconf 92' lang='lat' dir='ltr'><strong>(c.</strong></span> <span class='ocrx_word' id='word_1_818' title='bbox 2598 4859 2693 4932; x_wconf 87' lang='lat'><strong>62)</strong></span> <span class='ocrx_word' id='word_1_819' title='bbox 2724 4879 2736 4916; x_wconf 95' lang='lat'><strong>:</strong></span> <span class='ocrx_word' id='word_1_820' title='bbox 2774 4881 2800 4911; x_wconf 75' lang='grc' dir='ltr'>α</span> <span class='ocrx_word' id='word_1_821' title='bbox 2846 4862 2958 4918; x_wconf 85' lang='lat' dir='ltr'><strong>Nec</strong></span> <span class='ocrx_word' id='word_1_822' title='bbox 2997 4863 3218 4920; x_wconf 90' lang='lat' dir='ltr'><strong>interim</strong></span> <span class='ocrx_word' id='word_1_823' title='bbox 3245 4865 3307 4896; x_wconf 85' lang='grc'><strong>⁶¹²</strong></span> <span class='ocrx_word' id='word_1_824' title='bbox 3344 4873 3406 4923; x_wconf 81' lang='grc' dir='ltr'><strong>ιιι</strong></span> <span class='ocrx_word' id='word_1_825' title='bbox 3443 4867 3592 4926; x_wconf 87' lang='lat' dir='ltr'><strong>ﬁlios</strong></span> <span class='ocrx_word' id='word_1_826' title='bbox 3616 4871 3678 4928; x_wconf 90' lang='lat' dir='ltr'><strong>in</strong></span> <span class='ocrx_word' id='word_1_827' title='bbox 3717 4885 3802 4928; x_wconf 80' lang='lat' dir='ltr'><strong>sa-</strong></span> 
     </span>
    </p>
   </div>
   <div class='ocr_carea' id='block_1_105' title="bbox 2146 4948 3796 5026">
    <p class='ocr_par' dir='ltr' id='par_1_105' title="bbox 2146 4948 3796 5026">
     <span class='ocr_line' id='line_1_106' title="bbox 2146 4948 3796 5026; baseline 0.007 -21"><span class='ocrx_word' id='word_1_828' title='bbox 2146 4948 2396 5006; x_wconf 89' lang='lat' dir='ltr'><strong>cerdotio</strong></span> <span class='ocrx_word' id='word_1_829' title='bbox 2443 4962 2634 5006; x_wconf 89' lang='lat' dir='ltr'><strong>creare</strong></span> <span class='ocrx_word' id='word_1_830' title='bbox 2689 4950 2998 5020; x_wconf 86' lang='lat' dir='ltr'><strong>apostolica</strong></span> <span class='ocrx_word' id='word_1_831' title='bbox 3045 4959 3290 5010; x_wconf 87' lang='lat' dir='ltr'><strong>mutetur</strong></span> <span class='ocrx_word' id='word_1_832' title='bbox 3315 4954 3381 4988; x_wconf 87' lang='grc'><strong>⁶¹³</strong></span> <span class='ocrx_word' id='word_1_833' title='bbox 3425 4961 3796 5026; x_wconf 84' lang='lat' dir='ltr'><strong>auctoritate;</strong></span> 
     </span>
    </p>
   </div>
   <div class='ocr_carea' id='block_1_106' title="bbox 2145 5035 3798 5113">
    <p class='ocr_par' dir='ltr' id='par_1_106' title="bbox 2145 5035 3798 5113">
     <span class='ocr_line' id='line_1_107' title="bbox 2145 5035 3798 5113; baseline 0.009 -23"><span class='ocrx_word' id='word_1_834' title='bbox 2145 5035 2436 5092; x_wconf 91' lang='lat' dir='ltr'><strong>habentem</strong></span> <span class='ocrx_word' id='word_1_835' title='bbox 2482 5037 2630 5093; x_wconf 90' lang='lat' dir='ltr'><strong>enim</strong></span> <span class='ocrx_word' id='word_1_836' title='bbox 2679 5037 2825 5095; x_wconf 89' lang='lat' dir='ltr'><strong>ﬁlios</strong></span> <span class='ocrx_word' id='word_1_837' title='bbox 2851 5037 2939 5109; x_wconf 74' lang='grc'><strong>⁸⁸⁸,</strong></span> <span class='ocrx_word' id='word_1_838' title='bbox 2987 5053 3100 5098; x_wconf 88' lang='lat' dir='ltr'><strong>non</strong></span> <span class='ocrx_word' id='word_1_839' title='bbox 3155 5039 3471 5113; x_wconf 86' lang='lat' dir='ltr'><strong>facientem,</strong></span> <span class='ocrx_word' id='word_1_840' title='bbox 3521 5059 3626 5102; x_wconf 89' lang='lat' dir='ltr'><strong>nec</strong></span> <span class='ocrx_word' id='word_1_841' title='bbox 3669 5062 3798 5105; x_wconf 87' lang='lat' dir='ltr'><strong>con-</strong></span> 
     </span>
    </p>
   </div>
   <div class='ocr_carea' id='block_1_107' title="bbox 1778 5134 2426 5191">
    <p class='ocr_par' dir='ltr' id='par_1_107' title="bbox 1778 5134 2426 5191">
     <span class='ocr_line' id='line_1_108' title="bbox 1778 5134 2426 5191; baseline -0.002 0"><span class='ocrx_word' id='word_1_842' title='bbox 1778 5135 2004 5191; x_wconf 66' lang='lat' dir='ltr'><strong>VARL/E</strong></span> <span class='ocrx_word' id='word_1_843' title='bbox 2040 5134 2426 5190; x_wconf 78' lang='lat' dir='ltr'><strong>LECTlONES&#39;.</strong></span> 
     </span>
    </p>
   </div>
   <div class='ocr_carea' id='block_1_108' title="bbox 491 5206 1766 5270">
    <p class='ocr_par' dir='ltr' id='par_1_108' title="bbox 491 5206 1766 5270">
     <span class='ocr_line' id='line_1_109' title="bbox 491 5206 1766 5270; baseline -0.005 1"><span class='ocrx_word' id='word_1_844' title='bbox 491 5213 557 5246; x_wconf 77' lang='grc'><strong>⁸⁸³</strong></span> <span class='ocrx_word' id='word_1_845' title='bbox 583 5214 770 5270; x_wconf 89' lang='lat' dir='ltr'><strong>Oratio</strong></span> <span class='ocrx_word' id='word_1_846' title='bbox 798 5215 891 5268; x_wconf 84' lang='lat' dir='ltr'><strong>Ar.</strong></span> <span class='ocrx_word' id='word_1_847' title='bbox 925 5215 980 5266; x_wconf 90' lang='lat' dir='ltr'><strong>et</strong></span> <span class='ocrx_word' id='word_1_848' title='bbox 1016 5211 1078 5266; x_wconf 91' lang='lat' dir='ltr'><strong>L.</strong></span> <span class='ocrx_word' id='word_1_849' title='bbox 1127 5207 1251 5265; x_wconf 90' lang='lat' dir='ltr'><strong>adv.</strong></span> <span class='ocrx_word' id='word_1_850' title='bbox 1301 5207 1460 5264; x_wconf 89' lang='lat' dir='ltr'><strong>Guib.</strong></span> <span class='ocrx_word' id='word_1_851' title='bbox 1501 5211 1556 5262; x_wconf 89' lang='lat' dir='ltr'><strong>et</strong></span> <span class='ocrx_word' id='word_1_852' title='bbox 1608 5206 1766 5264; x_wconf 89' lang='lat' dir='ltr'><strong>Amb.</strong></span> 
     </span>
    </p>
   </div>
   <div class='ocr_carea' id='block_1_109' title="bbox 1293 5206 3794 5311">
    <p class='ocr_par' dir='ltr' id='par_1_109' title="bbox 1293 5206 3794 5311">
     <span class='ocr_line' id='line_1_110' title="bbox 1301 5206 3794 5311; baseline 0.004 -47"><span class='ocrx_word' id='word_1_853' title='bbox 1301 5207 1460 5264; x_wconf 89' lang='lat' dir='ltr'><strong>Guib.</strong></span> <span class='ocrx_word' id='word_1_854' title='bbox 1501 5211 1556 5262; x_wconf 89' lang='lat' dir='ltr'><strong>et</strong></span> <span class='ocrx_word' id='word_1_855' title='bbox 1608 5206 1766 5264; x_wconf 89' lang='lat' dir='ltr'><strong>Amb.</strong></span> <span class='ocrx_word' id='word_1_856' title='bbox 1826 5206 2175 5278; x_wconf 87' lang='lat' dir='ltr'><strong>probantium</strong></span> <span class='ocrx_word' id='word_1_857' title='bbox 2231 5219 2300 5260; x_wconf 87' lang='lat' dir='ltr'><strong>ex</strong></span> <span class='ocrx_word' id='word_1_858' title='bbox 2355 5207 2671 5262; x_wconf 89' lang='lat' dir='ltr'><strong>testimonio</strong></span> <span class='ocrx_word' id='word_1_859' title='bbox 2708 5221 2881 5263; x_wconf 64' lang='lat' dir='ltr'><strong>sacrae</strong></span> <span class='ocrx_word' id='word_1_860' title='bbox 2929 5209 3258 5311; x_wconf 56' lang='lat' dir='ltr'><strong>Scriptura,</strong></span> <span class='ocrx_word' id='word_1_861' title='bbox 3305 5211 3629 5272; x_wconf 79' lang='lat' dir='ltr'><strong>sacerdotes</strong></span> <span class='ocrx_word' id='word_1_862' title='bbox 3684 5229 3794 5273; x_wconf 87' lang='lat' dir='ltr'><strong>non</strong></span> 
     </span>
     <span class='ocr_line' id='line_1_111' title="bbox 1293 5276 3772 5311; baseline 0 0"><span class='ocrx_word' id='word_1_863' title='bbox 1293 5278 1408 5311; x_wconf 70' lang='grc' dir='ltr'><strong>Ηηὸ</strong></span> <span class='ocrx_word' id='word_1_864' title='bbox 1461 5293 1489 5311; x_wconf 73' lang='grc' dir='ltr'><em>ο</em></span> <span class='ocrx_word' id='word_1_865' title='bbox 1541 5277 1627 5311; x_wconf 70' lang='lat' dir='ltr'><strong>oin</strong></span> <span class='ocrx_word' id='word_1_866' title='bbox 1665 5279 1725 5311; x_wconf 59' lang='grc' dir='ltr'><strong>Α.</strong></span> <span class='ocrx_word' id='word_1_867' title='bbox 1785 5277 1879 5311; x_wconf 62' lang='lat' dir='ltr'><strong>Ai&#39;f</strong></span> <span class='ocrx_word' id='word_1_868' title='bbox 1931 5280 1968 5311; x_wconf 69' lang='grc' dir='ltr'><strong>ι)</strong></span> <span class='ocrx_word' id='word_1_869' title='bbox 2024 5279 2062 5311; x_wconf 74' lang='grc' dir='ltr'><strong>ῐὶ</strong></span> <span class='ocrx_word' id='word_1_870' title='bbox 2125 5278 2258 5311; x_wconf 65' lang='lat' dir='ltr'><strong>mon</strong></span> <span class='ocrx_word' id='word_1_871' title='bbox 2289 5290 2390 5311; x_wconf 75' lang='lat' dir='ltr'><strong>nan</strong></span> <span class='ocrx_word' id='word_1_872' title='bbox 2430 5291 2457 5311; x_wconf 70' lang='grc' dir='ltr'><strong>ο</strong></span> <span class='ocrx_word' id='word_1_873' title='bbox 2523 5277 2552 5311; x_wconf 67' lang='grc' dir='ltr'><strong>ιν</strong></span> <span class='ocrx_word' id='word_1_874' title='bbox 2612 5278 2777 5311; x_wconf 76' lang='lat' dir='ltr'><strong>hnnnn</strong></span> <span class='ocrx_word' id='word_1_875' title='bbox 2834 5276 2892 5311; x_wconf 75' lang='grc' dir='ltr'>ω</span> <span class='ocrx_word' id='word_1_876' title='bbox 3114 5283 3480 5311; x_wconf 66' lang='grc' dir='ltr'><strong>ηΑ--ιηειιι-εηο</strong></span> <span class='ocrx_word' id='word_1_877' title='bbox 3544 5287 3605 5311; x_wconf 64' lang='grc' dir='ltr'><strong><em>ια</em></strong></span> <span class='ocrx_word' id='word_1_878' title='bbox 3686 5288 3772 5311; x_wconf 61' lang='lat' dir='ltr'><strong>in</strong></span> 
     </span>
    </p>
   </div>
   <div class='ocr_carea' id='block_1_110' title="bbox 419 5276 3215 5426">
    <p class='ocr_par' dir='ltr' id='par_1_110' title="bbox 419 5276 3215 5426">
     <span class='ocr_line' id='line_1_112' title="bbox 423 5276 3215 5348; baseline -0.001 -8"><span class='ocrx_word' id='word_1_879' title='bbox 423 5284 753 5342; x_wconf 86' lang='lat' dir='ltr'><strong>uxorandos.</strong></span> <span class='ocrx_word' id='word_1_880' title='bbox 785 5283 908 5339; x_wconf 82' lang='lat' dir='ltr'><strong>A**.</strong></span> <span class='ocrx_word' id='word_1_881' title='bbox 937 5283 997 5337; x_wconf 92' lang='lat' dir='ltr'><strong>B.</strong></span> <span class='ocrx_word' id='word_1_882' title='bbox 1031 5278 1118 5336; x_wconf 73' lang='lat' dir='ltr'><strong>Bt.</strong></span> <span class='ocrx_word' id='word_1_883' title='bbox 1194 5277 1259 5310; x_wconf 75' lang='lat'><strong>&#39;“</strong></span> <span class='ocrx_word' id='word_1_884' title='bbox 1285 5279 1362 5335; x_wconf 82' lang='lat' dir='ltr'><strong>ita</strong></span> <span class='ocrx_word' id='word_1_885' title='bbox 1389 5278 1429 5333; x_wconf 82' lang='lat' dir='ltr'><strong>i.</strong></span> <span class='ocrx_word' id='word_1_886' title='bbox 1459 5293 1508 5333; x_wconf 85' lang='lat' dir='ltr'><strong>e.</strong></span> <span class='ocrx_word' id='word_1_887' title='bbox 1539 5277 1628 5334; x_wconf 92' lang='lat' dir='ltr'><strong>aio</strong></span> <span class='ocrx_word' id='word_1_888' title='bbox 1656 5279 1744 5334; x_wconf 79' lang='lat' dir='ltr'><strong>A&#39;.</strong></span> <span class='ocrx_word' id='word_1_889' title='bbox 1775 5276 1899 5332; x_wconf 71' lang='lat' dir='ltr'><strong>A“.</strong></span> <span class='ocrx_word' id='word_1_890' title='bbox 1929 5280 1990 5333; x_wconf 88' lang='grc' dir='ltr'><strong>Β.</strong></span> <span class='ocrx_word' id='word_1_891' title='bbox 2024 5279 2083 5334; x_wconf 87' lang='grc' dir='ltr'><strong>Β.</strong></span> <span class='ocrx_word' id='word_1_892' title='bbox 2125 5278 2258 5332; x_wconf 91' lang='lat' dir='ltr'><strong>Dico</strong></span> <span class='ocrx_word' id='word_1_893' title='bbox 2289 5290 2390 5348; x_wconf 89' lang='lat' dir='ltr'><strong>ego</strong></span> <span class='ocrx_word' id='word_1_894' title='bbox 2429 5291 2483 5334; x_wconf 91' lang='lat' dir='ltr'><strong>a.</strong></span> <span class='ocrx_word' id='word_1_895' title='bbox 2521 5277 2578 5332; x_wconf 75' lang='lat' dir='ltr'><strong>lt.</strong></span> <span class='ocrx_word' id='word_1_896' title='bbox 2610 5278 2778 5334; x_wconf 89' lang='lat' dir='ltr'><strong>homo</strong></span> <span class='ocrx_word' id='word_1_897' title='bbox 2824 5276 2910 5335; x_wconf 82' lang='lat' dir='ltr'><strong>BI.</strong></span> <span class='ocrx_word' id='word_1_898' title='bbox 3006 5276 3071 5311; x_wconf 77' lang='grc'><strong><em>⁸⁸⁸</em></strong></span> <span class='ocrx_word' id='word_1_899' title='bbox 3112 5295 3215 5337; x_wconf 67' lang='lat' dir='ltr'><strong>cor;</strong></span> 
     </span>
     <span class='ocr_line' id='line_1_113' title="bbox 419 5346 3215 5426; baseline -0.002 -13"><span class='ocrx_word' id='word_1_900' title='bbox 419 5357 755 5426; x_wconf 81' lang='lat' dir='ltr'><strong>corripuerit</strong></span> <span class='ocrx_word' id='word_1_901' title='bbox 776 5356 836 5426; x_wconf 78' lang='grc' dir='ltr'><strong>Β.</strong></span> <span class='ocrx_word' id='word_1_902' title='bbox 913 5352 1085 5426; x_wconf 62' lang='lat' dir='ltr'><strong>“fon</strong></span> <span class='ocrx_word' id='word_1_903' title='bbox 1108 5349 1450 5426; x_wconf 88' lang='lat' dir='ltr'><strong>pernice_W.</strong></span> <span class='ocrx_word' id='word_1_904' title='bbox 1487 5347 1593 5426; x_wconf 64' lang='lat' dir='ltr'><strong>__f°&#39;_</strong></span> <span class='ocrx_word' id='word_1_905' title='bbox 1613 5347 2179 5426; x_wconf 41' lang='lat' dir='ltr'><strong>mihimundusnzgutg.</strong></span> <span class='ocrx_word' id='word_1_906' title='bbox 2214 5346 2512 5426; x_wconf 32' lang='lat' dir='ltr'><strong>“ﬁctaest,</strong></span> <span class='ocrx_word' id='word_1_907' title='bbox 2540 5347 2682 5419; x_wconf 78' lang='lat' dir='ltr'><strong>vutg.</strong></span> <span class='ocrx_word' id='word_1_908' title='bbox 2757 5348 2822 5381; x_wconf 85' lang='grc'><strong>⁶⁰⁹</strong></span> <span class='ocrx_word' id='word_1_909' title='bbox 2851 5364 2902 5408; x_wconf 90' lang='lat' dir='ltr'><strong>v.</strong></span> <span class='ocrx_word' id='word_1_910' title='bbox 2943 5355 3028 5407; x_wconf 88' lang='lat' dir='ltr'><strong>est</strong></span> <span class='ocrx_word' id='word_1_911' title='bbox 3073 5351 3215 5422; x_wconf 70' lang='lat' dir='ltr'><strong>vnlg.</strong></span> 
     </span>
    </p>
   </div>
   <div class='ocr_carea' id='block_1_111' title="bbox 3112 5282 3794 5428">
    <p class='ocr_par' dir='ltr' id='par_1_111' title="bbox 3112 5282 3794 5428">
     <span class='ocr_line' id='line_1_114' title="bbox 3112 5282 3794 5352; baseline 0.009 -16"><span class='ocrx_word' id='word_1_912' title='bbox 3112 5282 3486 5352; x_wconf 88' lang='lat' dir='ltr'><strong>corripuerint</strong></span> <span class='ocrx_word' id='word_1_913' title='bbox 3531 5287 3626 5344; x_wconf 72' lang='lat' dir='ltr'><strong>A‘.</strong></span> <span class='ocrx_word' id='word_1_914' title='bbox 3673 5288 3794 5345; x_wconf 79' lang='lat' dir='ltr'><strong>A&quot;.</strong></span> 
     </span>
     <span class='ocr_line' id='line_1_115' title="bbox 3112 5351 3789 5428; baseline 0.003 -20"><span class='ocrx_word' id='word_1_915' title='bbox 3112 5351 3215 5422; x_wconf 69' lang='grc' dir='ltr'><strong>κισ.</strong></span> <span class='ocrx_word' id='word_1_916' title='bbox 3309 5353 3372 5385; x_wconf 85' lang='grc'><strong>⁶¹⁰</strong></span> <span class='ocrx_word' id='word_1_917' title='bbox 3416 5355 3604 5414; x_wconf 79' lang='lat' dir='ltr'><strong>avellit</strong></span> <span class='ocrx_word' id='word_1_918' title='bbox 3651 5357 3789 5428; x_wconf 63' lang='lat' dir='ltr'><strong>vutg.</strong></span> 
     </span>
    </p>
   </div>
   <div class='ocr_carea' id='block_1_112' title="bbox 417 5417 2081 5546">
    <p class='ocr_par' dir='ltr' id='par_1_112' title="bbox 417 5417 2081 5546">
     <span class='ocr_line' id='line_1_116' title="bbox 417 5417 2081 5546; baseline -0.004 -64"><span class='ocrx_word' id='word_1_919' title='bbox 417 5423 478 5458; x_wconf 86' lang='grc'><strong>⁶¹¹</strong></span> <span class='ocrx_word' id='word_1_920' title='bbox 511 5417 694 5484; x_wconf 72' lang='lat' dir='ltr'><strong>autem</strong></span> <span class='ocrx_word' id='word_1_921' title='bbox 727 5424 870 5496; x_wconf 72' lang='lat' dir='ltr'><strong>vulg.</strong></span> <span class='ocrx_word' id='word_1_922' title='bbox 943 5422 1006 5456; x_wconf 81' lang='grc'><strong>⁶¹¹</strong></span> <span class='ocrx_word' id='word_1_923' title='bbox 1043 5417 1242 5481; x_wconf 69' lang='lat' dir='ltr'><strong>iterum</strong></span> <span class='ocrx_word' id='word_1_924' title='bbox 1270 5419 1411 5492; x_wconf 72' lang='lat' dir='ltr'><strong>vulg.</strong></span> <span class='ocrx_word' id='word_1_925' title='bbox 1484 5418 1549 5451; x_wconf 78' lang='grc'><strong>⁸⁸³</strong></span> <span class='ocrx_word' id='word_1_926' title='bbox 1577 5419 1839 5477; x_wconf 87' lang='lat' dir='ltr'><strong>invitetur</strong></span> <span class='ocrx_word' id='word_1_927' title='bbox 1860 5418 1934 5476; x_wconf 81' lang='lat' dir='ltr'><strong>ib.</strong></span> 
     </span>
    </p>
   </div>
   <div class='ocr_carea' id='block_1_113' title="bbox 2163 5417 2505 5546">
    <p class='ocr_par' dir='ltr' id='par_1_113' title="bbox 2163 5417 2505 5509">
     <span class='ocr_line' id='line_1_117' title="bbox 2163 5417 2505 5509; baseline 0 -35"><span class='ocrx_word' id='word_1_928' title='bbox 2163 5489 2175 5509; x_wconf 37' lang='grc' dir='ltr'><strong>η</strong></span> <span class='ocrx_word' id='word_1_929' title='bbox 2196 5417 2336 5474; x_wconf 78' lang='lat' dir='ltr'><strong>dixit</strong></span> <span class='ocrx_word' id='word_1_930' title='bbox 2362 5417 2401 5474; x_wconf 86' lang='lat' dir='ltr'><strong>f.</strong></span> <span class='ocrx_word' id='word_1_931' title='bbox 2431 5417 2505 5474; x_wconf 78' lang='lat' dir='ltr'><strong>ib.</strong></span> 
     </span>
    </p>
   </div>
   <div class='ocr_carea' id='block_1_114' title="bbox 493 5565 1340 5639">
    <p class='ocr_par' dir='ltr' id='par_1_114' title="bbox 493 5565 1340 5639">
     <span class='ocr_line' id='line_1_118' title="bbox 493 5565 1340 5639; baseline 0 -19"><span class='ocrx_word' id='word_1_932' title='bbox 493 5566 654 5639; x_wconf 83' lang='lat'><strong>(125)</strong></span> <span class='ocrx_word' id='word_1_933' title='bbox 686 5568 859 5636; x_wconf 85' lang='lat' dir='ltr'><strong>Epist.</strong></span> <span class='ocrx_word' id='word_1_934' title='bbox 907 5565 1027 5620; x_wconf 82' lang='lat'><strong>167.</strong></span> <span class='ocrx_word' id='word_1_935' title='bbox 1057 5565 1340 5620; x_wconf 72' lang='lat' dir='ltr'><strong>Parisinte.</strong></span> 
     </span>
    </p>
   </div>
  </div>
