4056 6150
143 275 243 329 937

1157 268 1469 329 HISTORIA
1507 267 2055 328 MEDIOLANENSIS.
2096 298 2168 309 —
2204 268 2332 325 LIB.
2373 266 2464 324 III.

3389 269 3498 326 938

140 401 339 471 jugium
380 399 600 453 iterare.
646 420 671 446 ν
717 399 864 454 Idem
895 399 1226 469 Apostolus:
1272 418 1301 450 «
1341 401 1510 455 Nemo
1537 398 1778 453 militans
1792 401 2107 460 Anostrum
2146 394 2370 465 pacifice
2401 409 2464 449 ac
2493 397 2642 449 caste
2671 393 2935 464 degentes
2972 395 3314 465 regebamus.
3347 399 3500 454 Vitu-

145 492 250 544 Deo
280 487 522 557 implicet
550 501 609 542 se
650 489 885 558 negotiis
921 489 1300 554 szecularibus,
1343 493 1402 543 ut
1454 487 1505 542 ei
1551 487 1772 551 serviat,

145 578 233 648 qui
272 591 330 632 se
379 576 630 646 probavit
679 575 764 647 (II
812 579 942 632 Tim.
985 594 1045 643 ιι,
1095 578 1172 640 4).
1223 595 1252 631 ι)
1293 579 1425 632 Item
1483 577 1550 632 ad
1590 577 1777 631 Timo-

145 667 322 721 theum
351 685 362 718 :
397 685 421 712 ιι
463 666 535 718 Te
568 665 746 733 ipsum
776 673 983 722 castum
1013 668 1229 722 custodi
1263 667 1313 736 (Ι
1353 667 1481 722 Tim.
1515 681 1570 731 γ,
1603 664 1714 734 22).
1748 682 1776 714 »

145 753 327 808 Mirum
358 767 422 808 ac
451 752 606 808 valde
649 754 896 809 terribile
936 760 1039 821 est,
1074 762 1134 811 ut
1179 756 1440 810 sacerdos
1486 761 1578 810 aut
1618 754 1778 808 levita

144 842 384 896 serviens
421 841 575 910 operi
607 843 880 913 conjugali
922 843 1131 898 hostias
1177 845 1288 899 Deo
1336 842 1534 899 oﬂ‘erre
1584 842 1778 912 possit,

145 945 261 986 cum
291 930 520 1002 angelus
549 931 642 986 Dei
669 932 930 988 sacerdos
957 933 1138 988 dictus
1167 934 1274 989 sit:
1330 952 1357 984 «
1403 932 1568 988 Labia
1601 947 1782 987 sacer-

144 1020 286 1076 dotis
340 1021 660 1075 custodiunt
697 1021 1002 1088 scientiam,
1055 1030 1110 1078 et
1165 1022 1339 1092 legem
1388 1022 1677 1091 requirunt
1716 1036 1783 1076 ex

147 1123 238 1164 ore
275 1109 416 1178 ejus,
459 1109 586 1178 quia
615 1110 842 1179 angelus
880 1111 1093 1166 Domini
1133 1111 1472 1167 exercituum
1523 1116 1603 1165 est
1646 1109 1784 1180 (Ma-

144 1196 275 1252 Iach.
319 1213 379 1262 ιι,
419 1196 494 1265 7).
555 1213 584 1250 ιι
641 1199 719 1252 Ita
777 1198 910 1267 quid
967 1199 1029 1229 ⁶¹⁵
1075 1201 1251 1254 sancti
1303 1213 1544 1255 canones
1598 1198 1785 1253 dicant

145 1286 315 1350 scitis,
353 1285 583 1341 maxime
642 1300 764 1341 cum
823 1287 959 1342 dicit
997 1288 1052 1342 in
1114 1289 1351 1358 quodam
1389 1288 1553 1343 loco:
1613 1307 1638 1336 ι
1692 1290 1786 1341 Sa-

146 1374 400 1429 cerdotes
429 1374 523 1443 qui
563 1374 838 1429 duxerunt
877 1389 1123 1441 uxorem,
1166 1377 1533 1445 deponantur.
1571 1395 1598 1426 »
1640 1377 1786 1431 Prat-

147 1470 291 1518 terea
329 1476 488 1518 sacra
543 1463 824 1532 Scriptura
863 1463 1103 1519 clamans
1149 1465 1330 1520 dicit:
1381 1483 1409 1514 «
1459 1464 1785 1520 Fornicato-

146 1567 230 1607 res
267 1558 325 1607 et
373 1551 656 1607 adulteros
698 1551 971 1620 iudicabit
1025 1555 1170 1609 Deus
1207 1552 1387 1620 (Hebr.
1447 1569 1564 1620 xm,
1622 1553 1696 1623 4}.
1758 1571 1785 1603 »

142 1641 372 1708 Oportet
445 1639 590 1694 enim
665 1640 1007 1696 sacerdotem
1090 1642 1350 1696 mundum
1441 1641 1786 1710 nitidumque

1860 483 2104 554 perando
2153 497 2256 538 nos
2310 497 2472 553 grave
2527 481 2730 538 bellum
2789 483 2948 540 civile
3004 498 3151 539 nunc
3208 485 3496 553 excitasti;

1861 579 2128 642 praeterea
2166 572 2292 628 audi
2319 572 2639 642 Apostolum
2670 572 2943 628 dicentem
2969 594 2980 628 :
3017 592 3046 624 «
3077 574 3219 629 Deus
3249 588 3358 630 non
3388 575 3504 629 vult

1862 666 2050 716 coacta
2091 661 2334 716 servitia.
2386 682 2410 709 »
2455 663 2520 716 Et
2558 661 2723 716 item:
2765 663 2842 716 Tu
2882 664 3006 732 quis
3044 677 3122 729 es,
3151 663 3245 732 qui
3287 663 3506 732 judicas

1863 751 2096 805 alienum
2137 756 2378 804 servum?
2424 764 2526 805 suo
2575 751 2799 806 domino
2837 757 2944 806 stat
2992 758 3085 806 aut
3131 752 3298 818 cadit,
3339 753 3508 809 stabit

1864 846 2044 895 autem
2085 841 2251 904 (Rom.
2286 855 2400 905 xiv,
2432 839 2518 910 4).
2553 859 2580 890 »
2619 840 2786 896 Video
2825 842 2991 907 enim,
3043 841 3192 911 quod
3242 856 3403 899 nemo
3451 851 3506 898 te

1864 935 1919 983 et
1954 929 2104 997 ipsos
2140 943 2279 998 quos
2307 943 2476 998 super
2505 943 2613 984 non
2660 929 2839 985 solitis
2883 930 3106 1002 illexisti
3138 932 3508 999 sermonibus,

1865 1032 1896 1071 a
1961 1017 2163 1071 talibus
2219 1029 2478 1072 revocare
2540 1017 2765 1087 poterit.
2825 1019 2930 1074 Sed
2990 1026 3200 1075 terrere
3231 1025 3284 1074 te
3305 1019 3512 1075 debent

1866 1104 2011 1160 bella
2075 1104 2282 1171 civilia,
2352 1105 2684 1174 homicidia,
2753 1115 3092 1163 sacramenta
3149 1123 3212 1163 ac
3270 1109 3514 1179 perjuria

1867 1195 2274 1260 inenarrabilia,
2335 1195 2682 1264 parvulorum
2740 1197 3146 1254 multitudinem
3214 1199 3513 1254 multorum

1868 1298 2058 1340 necem
2087 1286 2206 1340 sine
2238 1285 2569 1354 baptismate
2609 1287 3030 1354 incurrentium,
3075 1303 3308 1358 quorum
3348 1303 3517 1345 mem-

1869 1373 1964 1427 bra
1995 1381 2050 1428 et
2079 1373 2261 1442 qualia
2291 1373 2353 1404 ⁶¹⁸
2382 1381 2437 1429 et
2476 1381 2679 1444 quanta
2727 1375 2833 1431 hoc
2882 1379 2937 1432 in
2986 1391 3130 1434 anno
3179 1378 3236 1433 in
3276 1379 3516 1434 cisterna

1869 1461 2123 1517 theatrali
2163 1477 2284 1518 cum
2330 1463 2587 1518 mundata
2626 1479 2656 1518 a
2686 1464 2941 1520 clocariis
2987 1466 3051 1498 ⁶¹⁹
3099 1467 3318 1523 inventa
3348 1475 3514 1534 sunt,

1871 1551 2060 1619 paucis
2097 1555 2278 1606 tamen
2309 1551 2753 1618 condolentibus,
2779 1561 2905 1610 ante
2929 1563 3052 1610 tuos
3073 1557 3265 1612 oculos
3286 1557 3516 1611 habens.

1871 1639 1938 1693 Et
1973 1639 2020 1694 si
2069 1640 2200 1694 mihi
2239 1641 2308 1696 de
2357 1647 2550 1696 natura
2605 1642 2838 1697 humana
2897 1658 3006 1700 non
3055 1645 3256 1712 credis,
3289 1647 3520 1700 maxime

145 1727 524 1782 indesinenter
559 1741 777 1796 semper
807 1741 964 1796 esse;
997 1729 1043 1783 si
1082 1738 1263 1786 autem
1293 1729 1404 1785 ulla
1433 1729 1679 1785 mulieris
1706 1716 1854 1784 velB
1878 1741 1988 1783 non
2021 1728 2203 1784 credis
2232 1729 2300 1784 de
2348 1729 2544 1785 ordine
2591 1738 2805 1798 nostro,
2863 1734 2956 1802 qui
3006 1733 3134 1788 dum
3173 1735 3345 1804 magis
3392 1748 3522 1790 con-

144 1817 224 1871 sui
254 1817 384 1871 tabe
415 1816 807 1885 coinquinatus
836 1815 1022 1882 fuerit,
1072 1819 1395 1875 holocausta
1442 1819 1640 1875 oﬂ‘erre
1679 1821 1790 1875 Deo
1873 1817 2195 1886 stringitur,
2257 1818 2493 1887 amplius
2553 1819 2784 1874 inlicitis
2847 1822 3205 1878 accenditur:
3257 1823 3341 1878 vel
3395 1823 3518 1888 tibi,

147 1918 253 1960 non
286 1909 489 1974 potest.
520 1905 660 1959 Olim
691 1905 836 1960 enim
866 1905 1035 1961 multa
1073 1907 1258 1962 multis
1304 1907 1537 1977 quadam
1588 1908 1791 1976 injusta
1873 1904 2022 1973 quod
2046 1905 2177 1960 olim
2208 1904 2358 1960 fuisti
2387 1907 2471 1962 vel
2505 1922 2628 1962 cras
2659 1923 2780 1964 esse
2813 1911 3042 1978 poteris,
3066 1912 3250 1966 crede.
3277 1911 3521 1967 Vetando

148 1994 478 2059 occasione,
539 1993 848 2061 periculose
916 2001 1134 2062 tamen,
1193 2010 1456 2052 concessa
1511 1996 1787 2052 videntur,
1872 2005 2034 2046 unam
2103 2000 2158 2048 et
2216 1994 2492 2062 propriam
2558 2009 2805 2061 uxorem,
2866 2004 3085 2052 centum
3142 1997 3524 2054 fornicatriccs

147 2083 300 2136 Nunc
325 2088 507 2137 autem
538 2095 701 2152 agere
741 2096 837 2137 vos
875 2097 1066 2139 omnes
1112 2085 1354 2154 expedit,
1403 2091 1463 2140 ut
1508 2085 1593 2140 via
1641 2087 1792 2156 regia
1873 2096 1937 2136 ac
1976 2081 2248 2136 adulteria
2277 2083 2444 2136 multa
2487 2085 2766 2139 concedis.
2810 2087 3081 2140 Praeterea
3130 2087 3318 2141 vitium
3368 2088 3522 2144 dete-

147 2171 479 2240 gradiamur,
512 2184 620 2226 non
653 2171 997 2227 declinantes
1034 2187 1066 2227 a
1112 2173 1356 2228 dexteris
1403 2187 1505 2228 nec
1553 2188 1585 2228 a
1622 2174 1790 2228 sinis-
1874 2170 2094 2234 stabile,
2145 2170 2217 2224 ob
2262 2171 2409 2238 quod
2461 2171 2682 2238 quidam
2733 2187 2799 2226 ex
2859 2175 2968 2227 tuis
3023 2175 3346 2230 simulantes
3403 2191 3525 2232 sese

147 2260 265 2314 tris.
301 2260 473 2315 Video
503 2273 602 2314 vos
646 2261 801 2327 quasi
848 2266 1089 2316 armatos
1145 2262 1334 2316 multis
1385 2262 1796 2330 conscriptura-
1876 2264 2024 2312 caste
2048 2257 2250 2321 vivere,
2285 2258 2550 2312 uxoribus
2588 2257 2721 2313 falsa
2761 2260 3029 2330 religione
3079 2263 3340 2328 dimissis,
3391 2265 3524 2320 vitio

144 2361 265 2402 rum
306 2347 559 2402 scientiis
585 2353 800 2412 astare;
831 2347 930 2402 sed
959 2353 1114 2402 scuta
1151 2354 1332 2402 vestra
1381 2349 1435 2402 in
1484 2350 1796 2404 cucurbita-
1877 2345 2071 2400 imbuti
2137 2346 2495 2412 detestabili,
2536 2347 2592 2401 in
2659 2349 2876 2405 theatro
2941 2350 3178 2420 turpiter
3242 2353 3403 2407 tracti
3472 2360 3528 2409 et

141 2451 266 2491 rum
328 2435 458 2490 folia
496 2441 816 2500 vertentur,
875 2440 930 2490 et
967 2435 1134 2505 gladii
1172 2439 1341 2492 vestri
1400 2438 1454 2492 in
1515 2437 1795 2508 plumbum
1877 2435 1935 2490 in
1974 2434 2156 2491 fronte
2195 2435 2257 2465 ⁶²⁰
2313 2436 2530 2491 decocti
2569 2444 2718 2504 sunt,
2760 2445 2814 2494 te
2871 2440 3044 2496 amice
3101 2442 3376 2512 tangendo
3436 2444 3530 2498 de-

139 2521 406 2593 frigidum
438 2528 848 2577 convertentur.
885 2542 913 2574 »
1879 2528 2101 2578 terreat.
2136 2526 2269 2578 Item
2301 2524 2533 2580 intulisti
2573 2526 2776 2583 domno
2805 2529 3068 2584 Guiberto
3094 2551 3106 2585 :
3151 2545 3181 2583 «
3213 2531 3438 2587 Solutus
3468 2547 3529 2587 es

149 2628 484 2705 Explicitum
513 2631 683 2705 omn-0
711 2628 921 2705 Ariin
958 2635 1007 2705 ξι
1053 2632 1336 2704 Lamiam;
1364 2634 1545 2705 ina-pit
1576 2635 1800 2691 Andre“,
1880 2613 2169 2705 abuxore,
2202 2613 2315 2668 noli
2345 2629 2595 2705 quaerere
2628 2631 2874 2686 uxorem,
2910 2638 2937 2670 »
2969 2620 3065 2675 sed
3097 2620 3233 2676 illud
3263 2622 3411 2690 quod
3442 2637 3530 2678 se-

217 2699 512 2777 sgqqrdozis
573 2701 844 2756 decumani
906 2702 1163 2758 adversus
1219 2699 1495 2760 Α’νίαιάυιῑι
1555 2713 1603 2762 ει
1658 2710 1794 2762 ιαη.
1881 2700 2089 2769 quitur,
2131 2715 2300 2770 quare
2340 2715 2450 2758 non
2509 2703 2735 2760 dixisti?
2788 2707 2898 2762 imo
2963 2709 3216 2777 apostolo
3269 2709 3527 2776 dicente;

219 2770 442 2841 dulfum.
1884 2807 1912 2838 «
1953 2789 2008 2842 Si
2057 2794 2239 2843 autem
2278 2792 2584 2861 acceperis
2619 2807 2866 2861 uxorem,
2908 2809 3016 2852 non
3057 2798 3318 2866 peccasti,
3377 2803 3430 2853 et
3485 2797 3534 2852 si

221 2875 314 2929 26.
351 2874 466 2946 (25)
511 2892 540 2926 «
589 2876 826 2942 Fratres,
879 2882 934 2933 et
989 2879 1195 2935 utinam
1252 2881 1450 2938 fratres
1506 2882 1798 2950 karissimi,
1884 2878 2135 2947 nupserit
2198 2879 2390 2948 virgo,
2434 2894 2542 2936 non
2601 2885 2869 2951 peccavit.
2927 2904 2956 2935 α
2994 2887 3235 2941 Dixisti:
3284 2906 3308 2936 ι
3351 2889 3419 2942 Ut
3457 2887 3530 2941 ait

157 2965 439 3020 caritatem
477 2971 533 3020 et
562 2966 1016 3034 misericordiam,
1049 2983 1186 3038 quas
1223 2983 1369 3026 nunc
1398 2978 1454 3026 et
1483 2972 1802 3028 multotiens
1883 2966 2198 3037 Apostolus,
2233 2967 2514 3024 debitores
2541 2984 2732 3025 sumus
2760 2985 2869 3027 non
2899 2973 3072 3029 carni.
3099 2994 3125 3024 ι
3160 2976 3239 3028 Ita
3269 2980 3390 3041 est;
3421 2987 3530 3030 non

159 3055 352 3110 vestris
402 3054 672 3110 doctrinis
719 3055 1052 3124 inseruistis,
1105 3064 1165 3113 ut
1211 3071 1306 3114 ore
1354 3061 1680 3127 denotastis,
1722 3041 2131 3117 sicCeuimila
2161 3057 2312 3110 carni
2343 3058 2627 3123 servimus,
2663 3065 2722 3113 ut
2759 3060 2959 3128 spiritu
3007 3067 3062 3116 et
3114 3076 3347 3132 corpore
3388 3068 3530 3118 tem-
3617 3104 3624 3110 .

163 3143 432 3199 bonorum
489 3149 706 3198 actuum
773 3146 1024 3215 exemplo
1081 3147 1580 3206 conﬁrmavissetis.
1641 3149 1805 3205 Multa

163 3233 226 3288 de
279 3233 515 3289 caritate
573 3233 652 3286 tui
701 3234 973 3289 sermonis
1010 3235 1238 3292 exordio
1296 3237 1556 3304 habuisti,
1598 3239 1695 3294 sed
1735 3239 1804 3294 de

162 3337 264 3392 quo
292 3323 453 3380 fonte
483 3324 842 3390 manaverint,
873 3324 1416 3404 verborum’tuorum
1452 3329 1576 3384 ﬁnis
1613 3337 1804 3400 aperte

163 3412 496 3469 denudavit:
549 3411 596 3466 si
663 3412 808 3467 enim
865 3427 933 3468 ex
983 3415 1210 3470 caritate
1266 3415 1643 3473 inchoavisses
1674 3461 1688 3485 ,
1748 3419 1802 3473 in

162 3503 410 3566 caritate,
451 3515 574 3571 qua:
621 3503 766 3556 Deus
820 3507 924 3568 est,
967 3502 1252 3558 ﬁnivisses.
1313 3505 1467 3560 Unde
1497 3506 1551 3560 in
1583 3512 1803 3562 ventum

163 3591 354 3656 tendis,
423 3603 545 3644 cum
601 3589 657 3644 in
695 3596 860 3644 vento
897 3590 1174 3659 superbiae
1231 3591 1499 3660 graderis.
1558 3593 1800 3649 Dixisti:

165 3681 312 3746 «Qui
352 3671 795 3734 misericordiam
825 3679 907 3733 ira
957 3685 1198 3745 exercet,
1240 3678 1488 3736 funditus
1536 3683 1804 3751 justitiam

164 3768 505 3825 obliviscitur
532 3767 615 3833 ⁸⁸⁷,
642 3751 750 3837 jam
792 3781 904 3823 non
950 3767 1252 3823 secundum
1300 3770 1582 3826 caritatem
1620 3772 1807 3827 ambu-

166 3858 248 3912 lat.
282 3881 307 3908 ι
339 3859 550 3912 Verum
579 3863 701 3924 est;
733 3856 830 3912 sed
861 3856 955 3926 qui
986 3857 1092 3912 hoc
1121 3855 1270 3924 facit,
1323 3864 1379 3912 et
1426 3859 1612 3915 taliter
1659 3861 1806 3916 circa

167 3955 485 4014 peccatores
546 3961 606 4002 se
644 3946 852 4013 habet,
921 3946 1100 4002 ﬁdelis
1154 3960 1266 4003 non
1318 3953 1422 4014 est,
1465 3963 1568 4005 nec
1606 3949 1806 4019 dignus

167 4035 505 4092 Christianus
540 4035 745 4090 vocari.
785 4035 985 4090 Tamen
1026 4035 1302 4105 prospice,
1353 4037 1502 4105 quod
1544 4039 1806 4094 Dominus

170 4123 270 4179 ait:
304 4141 333 4178 ι(
379 4123 810 4179 Misericordiam
857 4123 1004 4189 volo,
1045 4137 1156 4180 non
1205 4125 1534 4181 sacriﬁcium
1583 4127 1801 4198 (Matth.

171 4224 240 4277 ιιι,
278 4213 362 4284 13)
399 4233 413 4279 ;
449 4232 477 4264 »
509 4217 563 4267 et
591 4212 828 4267 iterum:
866 4232 892 4260 ι
927 4212 1226 4268 Miserebor
1262 4213 1349 4268 cui
1389 4216 1646 4272 misertus
1685 4229 1800 4284 ero,

170 4308 220 4355 et
255 4303 500 4358 clemens
537 4315 633 4357 ero
664 4302 721 4356 in
751 4315 862 4372 quo
901 4302 1034 4357 mihi
1087 4302 1348 4372 placuero
1380 4305 1578 4373 (Exod.
1611 4321 1801 4373 xxxiii,

1890 3157 2022 3214 pore
2055 3157 2302 3214 congruo
2335 3147 2442 3201 Deo
2473 3147 2815 3202 serviamus?
2847 3149 2928 3203 Ob
2959 3164 3370 3218 quam‘causam
3403 3149 3532 3205 audi

1887 3235 2105 3289 beatum
2135 3234 2480 3290 Ambrosium
2506 3235 2663 3306 (126)
2694 3259 2708 3304 ;
2740 3238 2818 3291 ait
2846 3239 2992 3293 enim
3023 3240 3077 3292 in
3109 3239 3250 3293 libro
3277 3241 3351 3293 De
3384 3240 3532 3294 bono

1887 3322 2163 3393 conjugali
2197 3322 2274 3393 (c.
2315 3323 2446 3386 25):
2491 3343 2519 3374 «
2559 3325 2910 3380 Continentia
2957 3340 3068 3381 non
3117 3327 3390 3396 corporis,
3433 3326 3531 3382 sed

1885 3411 2052 3465 animi
2090 3411 2264 3466 virtus
2311 3418 2431 3477 est;
2487 3412 2660 3467 virtus
2697 3420 2879 3468 autem
2925 3415 3091 3469 animi
3141 3415 3437 3484 aliquando
3476 3417 3532 3470 in

1887 3511 2056 3568 Opere
2104 3497 2504 3565 manifestatur,
2558 3500 2855 3569 aliquando
2913 3501 2969 3555 in
3030 3502 3219 3556 habitu
3250 3503 3402 3558 latet.
3444 3503 3530 3572 (C.

1886 3583 1994 3654 26.)
2028 3586 2092 3638 Et
2115 3585 2411 3652 justiﬁcata
2432 3591 2515 3640 est
2545 3587 2813 3655 sapientia
2835 3601 2866 3641 a
2896 3587 3027 3642 filiis
3055 3589 3188 3654 suis,
3223 3590 3316 3658 qui
3346 3588 3535 3644 vident

1887 3674 2245 3729 continentiae
2273 3675 2530 3730 virtutem
2577 3676 2634 3730 in
2673 3677 2863 3731 habitu
2921 3678 3087 3733 animi
3144 3693 3362 3750 semper
3411 3693 3532 3734 esse

1888 3761 2129 3830 debere;
2171 3763 2227 3817 in
2267 3777 2435 3834 opere
2474 3771 2655 3821 autem
2712 3780 2813 3836 pro
2867 3781 3049 3822 rerum
3107 3781 3172 3823 ac
3225 3774 3533 3838 temporum

1889 3852 2302 3921 opportunitate
2354 3852 2709 3909 manifestari.
2756 3871 2784 3908 »
2825 3855 3118 3911 Ditl'amasti
3158 3869 3260 3911 nos
3298 3862 3354 3912 et
3383 3855 3536 3912 ordi-

1888 3953 2012 3994 nem
2044 3947 2291 3996 nostrum
2322 3943 2510 3998 Romae
2560 3949 2615 3998 et
2664 3945 2874 4000 civibus
2912 3945 3117 4001 nostris
3164 3945 3304 4001 male
3342 3944 3536 4002 dulco-

1887 4029 2039 4095 ratis,
2074 4036 2134 4084 ut
2163 4038 2308 4086 tuam
2338 4032 2622 4088 scientiam
2653 4034 2734 4089 vel
2768 4034 3154 4104 loquacitatem
3185 4035 3530 4101 ostenderes,

1886 4117 1982 4173 sed
2024 4119 2169 4174 unde
2199 4119 2432 4176 fructum
2464 4121 2668 4178 bonum
2709 4123 2912 4178 habere
2963 4131 3019 4179 tu
3070 4125 3272 4190 credis,
3316 4124 3390 4179 ibi
3439 4139 3532 4179 se-

1887 4207 2175 4263 minarium
2224 4209 2494 4266 bonorum
2546 4209 2819 4266 fructuum
2870 4212 3071 4265 habere
3129 4225 3240 4266 non
3299 4212 3530 4279 poteris,

1892 4297 2052 4352 beato
2118 4298 2407 4354 Ambrosio
2473 4314 2641 4369 super
2696 4298 2844 4354 Beati
2901 4298 3237 4352 Immaculati
3297 4303 3532 4352 tractatu

176 4385 274 4458 19).
317 4409 343 4441 »
377 4391 534 4458 Quod
564 4404 667 4446 nos
695 4368 817 4446 cum
848 4368 1103 4456 caritate,
1149 4405 1272 4446 cum
1321 4368 1649 4458 humilitate,
1682 4368 1870 4448 ουηιῙ)
1891 4391 2205 4452 attestante,
2239 4389 2333 4456 qui
2363 4389 2439 4442 ait
2471 4368 2558 4458 (ιι.
2591 4389 2680 4452 25)
2708 4409 2720 4442 :
2757 4406 2784 4438 «
2826 4386 3132 4442 Periculum
3181 4392 3264 4441 est
3302 4399 3412 4440 non
3444 4401 3533 4442 so-

173 4480 448 4546 patientia,
481 4494 602 4535 cum
635 4479 993 4550 benignitate,
1025 4493 1148 4534 cum
1179 4479 1534 4546 discretione,
1569 4496 1692 4550 qua:
1725 4488 1809 4536 est

175 4575 336 4625 mater
404 4567 685 4635 virtutum,
735 4568 936 4625 docere
1001 4573 1057 4623 et
1111 4568 1408 4623 admonere
1465 4575 1520 4624 et
1575 4571 1806 4626 suadere

177 4657 331 4712 multa
361 4671 464 4728 per
493 4663 740 4726 tempora
773 4656 1034 4722 debuisti,
1067 4669 1214 4710 nunc
1243 4655 1400 4725 quasi
1429 4655 1808 4726 dampnativos

178 4759 234 4799 ac
269 4748 595 4804 criminosos
641 4746 816 4816 plagis
851 4745 1165 4800 saevissimis
1219 4743 1490 4814 simulque
1538 4757 1660 4800 cum
1700 4746 1809 4800 tuis

179 4835 464 4904 cathedris,
506 4836 689 4906 lingua
728 4843 908 4890 tamen
939 4835 1283 4904 incooperta,
1315 4834 1610 4890 criminose
1641 4835 1805 4889 casti-

178 4937 282 4990 gas.
312 4927 478 4996 Cujus
505 4924 756 4994 exemplo
785 4923 904 4979 haec
935 4925 1117 4978 omnia
1144 4925 1200 4978 in
1241 4923 1402 4979 nobis
1431 4930 1486 4979 et
1514 4925 1570 4979 in
1602 4923 1807 4994 populo

179 5013 324 5079 agis?
352 5015 504 5069 Enim
535 5020 590 5069 et
620 5027 722 5069 nos
743 5013 930 5068 multis
949 5027 1072 5068 cum
1103 5013 1445 5082 temporibus
1473 5018 1528 5067 et
1557 5014 1807 5068 ordinem

1889 4475 2000 4530 lum
2039 4477 2224 4532 dicere
2265 4476 2418 4541 falsa,
2459 4478 2555 4532 sed
2595 4479 2756 4533 etiam
2788 4491 2934 4543 vera,
2966 4477 3010 4531 si
3044 4476 3169 4547 quis
3198 4489 3262 4530 ea
3290 4475 3532 4532 insinuet

1887 4565 2090 4634 quibus
2119 4579 2229 4620 non
2261 4572 2500 4636 oportet.
2531 4567 2684 4634 Quod
2717 4567 2905 4622 vitium
2936 4565 3395 4636 quadripartitum
3426 4570 3529 4630 est,

1888 4653 1972 4708 vel
2001 4653 2334 4710 adulationis
2360 4655 2444 4710 vel
2475 4657 2717 4710 avaritia:
2761 4653 2843 4710 vel
2888 4654 3168 4724 jactantia:
3209 4653 3292 4708 vel
3333 4652 3536 4722 loqua-

1889 4743 2072 4798 citatis
2100 4743 2356 4810 incautae,
2403 4745 2531 4814 quia
2569 4745 2696 4799 dum
2727 4744 2937 4800 adulari
2966 4743 3080 4799 vult
3108 4743 3307 4812 aliquis
3338 4742 3411 4808 ei,
3445 4740 3532 4796 cui

1890 4833 2155 4903 loquitur,
2189 4834 2418 4890 effundit
2447 4836 2785 4905 mysterium.
2836 4834 3096 4889 Nonnulli
3135 4835 3298 4890 etiam
3347 4830 3532 4887 studio

1891 4923 2052 4991 lucri,
2106 4925 2415 4981 mercedem
2456 4924 2786 4993 perditionis
2841 4931 3124 4992 secuntur,
3184 4929 3244 4978 ut
3299 4921 3534 4993 tegenda

1891 5014 2113 5069 silentio
2144 5014 2381 5070 vendant
2420 5013 2739 5094 loquendo:
2774 5012 2889 5080 alii,
2931 5020 2990 5068 ut
3039 5014 3196 5084 plura
3243 5026 3408 5070 nosse
3456 5011 3535 5067 vi-

1515 5113 1738 5167 VARIA‘:
1790 5113 2176 5170 LECTIONES.

243 5210 303 5240 ⁸³⁸
331 5211 402 5266 ita
432 5211 548 5267 A“.
582 5213 665 5266 Bl.
697 5210 792 5280 qui
830 5211 932 5266 Ai".
973 5211 1032 5263 B.
1073 5209 1160 5280 qui
1187 5207 1338 5280 habet
1368 5208 1462 5277 qui
1492 5224 1538 5264 s.
1579 5226 1630 5265 c.
1663 5211 1718 5265 d.
1761 5226 1807 5266 s.
1848 5213 2118 5268 Madicant
2145 5213 2300 5269 scitis
2329 5212 2559 5269 maxime
2589 5227 2640 5268 c.
2673 5212 2728 5267 d.
2806 5210 2869 5242 ⁶¹⁶
2897 5213 3086 5267 Sermo
3123 5211 3356 5266 Andreae
3391 5226 3438 5268 s.
3473 5211 3532 5266 d.

176 5294 222 5352 ξι.
252 5284 339 5336 Ar.
381 5289 436 5337 et
465 5285 523 5338 [ι.
554 5282 671 5338 A".
715 5279 772 5337 B.
802 5282 889 5352 (BI.
967 5280 1030 5310 ⁶¹⁷
1069 5279 1445 5352 misericordia
1474 5281 1596 5352 i.7c.
1631 5282 1951 5352 injustitiam
1980 5283 2019 5340 ι.
2053 5297 2108 5340 o.
2141 5286 2200 5339 Β.
2277 5284 2340 5316 ⁶¹⁸
2367 5285 2442 5340 ita
2480 5299 2591 5342 cor.
2631 5282 2832 5339 Betltm.
2883 5297 2956 5339 ιιι.
3006 5282 3222 5352 equalia
3270 5281 3361 5338 A‘.
3411 5282 3530 5338 A".

180 5351 231 5406 Β.
263 5367 332 5408 ιιι.
368 5353 600 5424 aequalia
629 5354 713 5408 BI.
791 5351 855 5383 ⁶¹⁹
882 5353 922 5407 i.
953 5367 1002 5407 ε.
1045 5350 1334 5406 cloacariis
1407 5351 1470 5381 ⁶²⁰
1506 5351 1659 5410 fonte
1685 5350 1780 5409 At
1820 5355 1940 5410 A".

1737 5454 1953 5510 ΝΟΤιΕ.

248 5521 400 5592 (127)
434 5524 546 5580 Imo
585 5524 969 5594 Augustinum.

347 5621 580 5678 PATROL.
614 5622 854 5677 CXLVII.

3291 5623 3362 5677 3O
