4056 6150
547 310 654 366 939

1636 307 1966 362 LANDULFI
2005 305 2536 364 MEDIOLANENSIS
2572 306 2840 364 CLERICI

3819 305 3915 361 940

546 436 783 493 deantur
821 439 878 491 et
914 433 1200 490 scientiam
1248 446 1399 488 suam
1450 433 1682 501 jactent,
1739 432 1996 501 aperiunt
2047 432 2340 502 quodAut
2370 448 2472 490 nos
2523 449 2554 490 a
2592 434 2803 504 laqueis
2830 433 3045 499 mortis,
3105 431 3306 502 quibus
3350 431 3460 487 vita
3507 431 3613 486 ista
3661 438 3913 502 urgetur,

545 527 726 582 celare
766 525 1058 590 deberent,
1100 530 1155 578 et
1191 521 1253 553 ⁶²¹
1304 522 1432 576 dum
1489 521 1608 576 sine
1660 521 1872 590 judicio
1912 523 2187 588 locuntur,

544 617 771 674 verbum
804 615 1061 671 emittunt
1090 611 1237 683 quod
1272 626 1530 667 revocare
1581 625 1692 666 non
1743 619 1992 681 possunt,
2044 631 2072 664 »
2123 613 2191 668 de

545 707 747 777 quibus
793 705 1092 760 Dominus:
1146 723 1174 751 «
1225 705 1333 758 Vos
1392 701 1525 756 estis
1581 702 1675 770 qui
1727 701 2040 770 justificatis
2096 717 2192 758 vos

545 796 701 867 ipsos
741 808 924 850 coram
982 791 1316 847 hominibus.
1378 792 1524 846 Deus
1579 797 1760 845 autem
1818 792 1970 847 novit
2025 792 2193 847 corda

546 894 724 942 vestra
760 884 912 956 (Luc.
954 896 1070 949 XVI,
1109 881 1188 950 15)
1218 902 1231 947 ;
1276 901 1304 932 »
1347 883 1440 951 qui
1471 881 1616 936 enim
1649 881 1955 950 perdiderit
1984 882 2188 948 divina,

546 973 924 1046 posteritatem
962 972 1157 1028 anima:
1196 986 1311 1028 suae
1360 971 1823 1040 seminariumque
1871 972 2190 1027 meritorum

543 1063 749 1119 habere
783 1075 894 1117 non
923 1062 1150 1130 poterit.
1181 1063 1224 1115 Ο
1263 1060 1459 1126 amice,
1514 1059 1563 1114 si
1611 1059 1713 1113 tibi
1770 1075 1802 1113 a
1860 1061 1970 1115 Deo
2029 1059 2193 1115 fuerit

544 1152 914 1218 commissum,
957 1156 1017 1206 ut
1047 1149 1229 1206 omnia
1259 1149 1574 1218 perﬁceres,
1607 1148 1845 1204 Veritate
1876 1155 2189 1217 attestante,

543 1242 778 1298 deberes
808 1241 1017 1296 dicere.
1054 1262 1079 1288 ι(
1122 1242 1320 1295 Servus
1366 1237 1579 1293 inutilis
1624 1252 1778 1293 sum:
1835 1257 1863 1290 »
1917 1238 1963 1293 si
2011 1244 2190 1294 autem

540 1330 864 1401 Apostolum
897 1329 1150 1396 imitaris,
1184 1328 1418 1383 deberes
1456 1328 1664 1382 sentire
1713 1342 1836 1383 cum
1887 1342 1952 1382 eo
2001 1327 2192 1383 dicens

542 1423 709 1488 (Rom.
743 1435 830 1485 xv,
861 1419 912 1490 1)
945 1440 956 1474 :
993 1437 1021 1470 «
1052 1418 1324 1473 Debemus
1345 1431 1448 1472 nos
1468 1416 1742 1471 firmiores
1761 1417 2191 1472 imbecillitatem

540 1508 884 1565 infirmorum
919 1508 1216 1575 sustinere,
1249 1513 1302 1562 et
1351 1520 1463 1562 non
1512 1506 1674 1562 nobis
1724 1506 1961 1576 placere.
2015 1509 2192 1562 Unus-

541 1600 776 1668 quisque
808 1602 1057 1654 nostrum
1086 1598 1337 1668 proximo
1377 1609 1478 1652 suo
1529 1596 1742 1666 placeat
1775 1597 1831 1652 in
1877 1597 2081 1653 bonum
2121 1598 2188 1652 ad

541 1689 1005 1744 hediticationem.
1073 1705 1100 1740 ι(
1157 1689 1432 1742 Prmterea
1479 1686 1745 1757 intellige,
1797 1687 1929 1756 quid
1969 1692 2193 1742 sanctus

2273 523 2489 579 liberati
2522 538 2785 589 essemus,
2819 522 3151 578 incurrimus
3193 522 3436 587 minima,
3469 527 3531 576 ut
3578 522 3789 590 majora
3835 521 3915 577 de-

2274 612 2587 668 vitaremus.
2630 612 2829 667 Multos
2865 613 3009 667 enim
3041 611 3292 680 laqueos,
3325 619 3383 665 ut
3413 610 3492 665 ait
3523 609 3829 678 psalmista,
3865 613 3912 665 in

2273 702 2358 757 via
2425 703 2527 756 hac
2584 701 2808 771 superbi
2865 701 3279 756 absconderunt
3345 698 3508 765 (Psal.
3577 714 3804 764 cxxxu,
3838 698 3912 768 6).

2274 792 2340 846 Et
2369 792 2462 860 qui
2493 796 2620 846 sunt
2670 791 3035 860 isti’laquei?
3086 790 3215 845 audi
3271 797 3520 845 sanctum
3575 789 3909 844 Ambrosium

2276 894 2444 948 super
2474 883 2670 935 Lucam
2697 901 2709 934 :
2750 899 2776 928 ι
2806 879 3009 934 Oculus
3059 879 3205 934 enim
3236 878 3546 934 meretricis
3574 886 3664 933 est
3693 878 3911 947 laqueus

2276 969 2605 1037 peccatoris,
2639 968 2868 1036 laqueus
2900 968 2958 1022 in
2991 969 3248 1036 pecunia,
3284 968 3514 1036 laqueus
3541 967 3601 1022 in
3631 967 3910 1036 religione,

2274 1057 2503 1126 laqueus
2541 1059 2597 1112 in
2627 1057 2811 1112 studio
2841 1057 3132 1113 castitatis.
3167 1076 3192 1107 ι
3227 1057 3504 1126 Separasti
3535 1069 3642 1112 nos
3667 1049 3752 1110 ab
3796 1067 3912 1111 uxo-

2275 1148 2430 1202 ribus
2469 1148 2694 1215 nostris,
2726 1154 2785 1202 tu
2816 1146 2912 1215 qui
2966 1160 3026 1202 es
3082 1146 3345 1214 Apostolo
3397 1147 3622 1214 justior,
3683 1147 3913 1200 sanctior

2275 1237 2582 1307 prophetis,
2632 1237 2890 1292 mundior
2946 1236 3291 1306 patriarchis,
3354 1249 3464 1291 non
3515 1236 3763 1304 justitia,
3819 1249 3910 1290 non

2275 1328 2524 1393 caritate,
2566 1328 2675 1382 imo
2707 1327 2916 1382 lanceis
2945 1331 3002 1381 et
3028 1325 3254 1381 ensibus
3304 1325 3731 1394 durissimisque
3783 1325 3910 1394 inju-

2274 1417 2393 1485 riis,
2451 1431 2587 1486 quas
2632 1416 2882 1486 legaliter
2930 1416 2999 1471 ab
3051 1415 3212 1470 initio
3270 1415 3697 1471 Christianitatis
3758 1419 3909 1470 nostri

2273 1513 2674 1572 antecessores,
2709 1505 2816 1561 sibi
2846 1512 2901 1561 et
2926 1505 3089 1561 nobis
3116 1505 3225 1560 vim
3269 1512 3500 1574 propter
3527 1504 3725 1559 vitium
3776 1513 3909 1558 natu-

2273 1611 2350 1652 ra:
2379 1595 2666 1662 facientes,
2699 1594 3066 1650 tradiderunt.
3101 1593 3255 1649 Unde
3284 1593 3332 1648 si
3362 1593 3465 1648 tibi
3497 1599 3554 1648 et
3581 1593 3694 1647 tuis
3726 1593 3905 1662 placet,

2274 1686 2402 1741 audi
2433 1685 2566 1755 quid
2595 1690 2818 1740 sanctus
2845 1684 3169 1739 Ambrosius
3195 1697 3365 1753 super
3393 1684 3597 1738 Lucam
3618 1683 3762 1738 dicit
3787 1682 3902 1752 (mi,

541 1777 690 1832 dicat
719 1777 1018 1846 Gregorius
1065 1775 1283 1843 (Homil.
1334 1775 1388 1830 in
1436 1777 1641 1843 Eva-ny.
1674 1788 1774 1841 v11,
1803 1773 1897 1846 4):
1952 1793 1978 1826 «
2019 1775 2362 1845 Supe-B4):
2400 1794 2428 1827 «
2457 1777 2622 1842 Quam
2657 1775 3026 1844 periculosum
3056 1781 3160 1841 est,
3209 1775 3255 1828 si
3304 1771 3551 1843 fragilem
3602 1771 3906 1828 adolescen~

539 1866 719 1922 riores
747 1866 1002 1933 invicem,
1035 1865 1266 1921 maxime
1306 1878 1422 1932 eos,
1473 1866 1568 1934 qui
1617 1865 1780 1920 nobis
1826 1867 2071 1920 contenti
2120 1866 2181 1895 ⁸³³

509 1947 652 2012 ‘non
690 1960 839 2023 sunt,
874 1957 1156 2026 proximos
1183 1959 1396 2010 vestros
1425 1954 1715 2019 attendite,
1757 1954 1886 2023 quia
1933 1960 1988 2010 et
2043 1967 2183 2024 quos

536 2058 700 2115 agere
729 2044 911 2115 aliqua
962 2059 1126 2116 prava
1178 2044 1519 2113 conspicitis,
1575 2058 1699 2112 quae
1751 2043 1809 2097 in
1867 2043 1948 2098 eis
1978 2043 2182 2099 lateant

535 2132 681 2188 bona
713 2134 977 2201 nescitis;
1018 2148 1247 2204 magnus
1292 2147 1423 2204 ergo
1473 2131 1854 2202 unusquisque
1902 2146 2023 2188 esse
2068 2139 2182 2188 stu-

536 2222 684 2290 deat,
717 2224 815 2280 sed
844 2228 1024 2280 tamen
1070 2223 1257 2292 aliquo
1288 2222 1453 2278 modo
1483 2237 1542 2277 se
1573 2221 1636 2252 ⁶²³
1665 2235 1785 2277 esse
1833 2221 2062 2288 nesciat,
2115 2235 2182 2276 ne

533 2313 663 2370 dum
697 2314 804 2369 sibi
852 2314 1282 2384 magnitudinem
1314 2317 1638 2383 arroganter
1686 2311 1900 2378 tribuit,
1947 2311 2179 2367 amittat.

532 2402 674 2460 Hinc
705 2403 852 2460 enim
883 2404 953 2461 de
982 2404 1143 2460 Saule
1172 2402 1527 2473 superbiente
1578 2415 1678 2472 per
1726 2401 2048 2471 prophetam
2103 2401 2185 2455 di-

533 2491 714 2548 citur:
746 2495 878 2548 Cum
912 2498 969 2548 tu
1001 2499 1054 2548 te
1085 2493 1366 2562 parvulum
1399 2492 1774 2560 conspiceres,
1811 2505 1911 2562 ego
1963 2495 2016 2546 te
2067 2505 2182 2560 prae

537 2581 760 2637 caeteris
787 2595 1041 2652 magnum
1079 2579 1184 2636 feci
1232 2579 1332 2648 es"*;
1387 2581 1515 2650 quia
1552 2594 1683 2636 vero
1729 2584 1789 2635 tu
1829 2586 1882 2635 te
1931 2594 2184 2650 magnum

537 2671 839 2740 conspicis,
878 2685 910 2725 a
940 2683 1025 2726 me
1065 2671 1324 2740 parvulus
1372 2669 1680 2726 aestimaris.
1715 2689 1743 2722 »
1791 2669 1846 2725 Si
1894 2669 2037 2725 enim
2087 2684 2188 2739 per

534 2758 883 2829 fragilitatem
922 2759 1123 2825 carnis,
1185 2763 1246 2815 ut
1299 2759 1399 2814 tibi
1455 2759 1695 2824 videtur,
1728 2773 2038 2828 peccamus,
2080 2751 2182 2813 ha-

532 2848 725 2904 bemus
753 2848 901 2904 beati
938 2847 1212 2904 Ambrosii
1253 2847 1728 2914 consolationem;
1789 2850 1867 2904 ait
1923 2849 2068 2903 enim
2125 2848 2180 2902 in

531 2937 675 2993 libro
700 2939 775 2992 De
814 2936 1005 2994 saeculi
1034 2935 1160 3007 fuga
1192 2940 1264 3001 (c.
1320 2937 1444 3007 ll):
1499 2956 1528 2989 «
1580 2937 1634 2991 Si
1687 2950 1786 3006 per
1832 2935 2179 3006 fragilitatem

530 3024 714 3078 carnis
743 3031 798 3078 et
827 3025 1017 3078 mundi
1046 3024 1344 3079 illecebras
1381 3025 1456 3079 ita
1497 3029 1734 3079 mentem
1781 3029 2024 3079 nostram
2071 3023 2178 3078 for-

2271 1865 2400 1921 tulae
2458 1865 2543 1920 vel
2595 1865 2967 1921 adolescentis
3017 1864 3082 1895 ⁸⁸⁸³
3138 1869 3355 1918 aetatem
3413 1862 3594 1917 errori
3656 1862 3902 1931 peccandi

2263 1953 2558 2009 criminose
2588 1953 2820 2009 offeras!
2871 1953 3011 2009 Audi
3059 1952 3233 2022 legem
3257 1951 3496 2018 Domini,
3527 1951 3620 2006 cui
3654 1951 3902 2006 obsecun-

2265 2049 2358 2099 tur
2396 2043 2560 2098 etiam
2599 2044 2694 2112 qui
2733 2043 2885 2113 leges
2920 2043 3104 2098 ierunt
3153 2043 3226 2111 (c.
3266 2039 3369 2109 5):
3411 2043 3560 2106 Quos
3601 2042 3750 2096 Deus
3793 2053 3901 2096 eon-

2259 2134 2463 2202 junxit,
2495 2133 2660 2188 homo
2709 2146 2821 2188 non
2865 2138 3104 2202 separet.
3155 2131 3236 2186 Ab
3293 2131 3455 2185 initio
3482 2136 3674 2185 autem
3721 2131 3810 2185 Dei
3831 2129 3901 2183 lex

2265 2228 2367 2278 est.
2398 2225 2528 2289 Quae
2563 2223 2621 2254 ⁸³⁸
2655 2229 2740 2278 est
2768 2223 2856 2278 lex
2885 2223 2980 2277 Dei
3006 2222 3074 2292 (c.
3097 2220 3185 2290 7)?
3208 2239 3234 2269 ι
3257 2222 3494 2291 Propter
3517 2220 3630 2275 hoc
3653 2219 3905 2288 relinquet

2264 2311 2428 2366 homo
2460 2317 2669 2381 patrem
2710 2317 2765 2366 et
2797 2317 3046 2376 matrem,
3079 2314 3136 2364 et
3165 2309 3471 2364 adhaerebit
3501 2309 3667 2364 uxori
3701 2323 3830 2372 suis,
3859 2315 3904 2362 et

2263 2405 2426 2456 erunt
2455 2402 2565 2456 duo
2597 2401 2651 2455 in
2684 2413 2848 2456 carne
2881 2414 2985 2455 una
3021 2399 3178 2470 (Gen.
3209 2414 3248 2463 1,
3272 2398 3405 2470 24);
3439 2412 3577 2469 ergo
3607 2400 3702 2469 qui
3736 2397 3907 2452 dividit

2265 2489 2327 2521 ⁸³⁸
2367 2505 2614 2556 uxorem,
2648 2504 2864 2544 carnem
2906 2503 3058 2544 suam
3111 2488 3335 2555 scindit,
3369 2488 3546 2558 legem
3580 2487 3801 2552 dividit,
3837 2499 3906 2541 se

2266 2586 2420 2648 parat
2449 2593 2651 2648 corpus
2679 2578 2762 2646 ⁸³³,
2786 2577 2991 2634 etfacit
3019 2593 3117 2634 eos
3147 2579 3431 2633 muachari.
3462 2593 3492 2631 ε(
3513 2576 3900 2647 Virginitas,ut

2264 2668 2341 2723 ait
2369 2668 2564 2723 beatus
2591 2668 2932 2734 Ambrosius,
2975 2667 3193 2722 suaderi
3236 2672 3439 2737 potest,
3495 2665 3769 2735 imperari
3809 2675 3899 2718 non

2266 2761 2470 2826 potest.
2488 2776 2513 2806 ι
2538 2757 2676 2824 Quid
2699 2757 2866 2827 igitur
2877 2756 2947 2810 de
2967 2755 3078 2810 illis
3100 2755 3483 2824 respondebis,
3501 2755 3599 2824 qui
3607 2755 3726 2822 jam
3746 2767 3805 2808 se
3823 2765 3902 2821 per

2264 2846 2578 2915 quindecim
2607 2853 2701 2901 aut
2729 2846 2918 2915 viginti
2947 2859 3122 2901 annos
3150 2845 3425 2916 conjugali
3476 2844 3645 2900 thoro
3691 2842 3901 2912 copula-

2263 2940 2496 2990 verunt?
2535 2936 2764 2990 Dixisti:
2810 2955 2838 2986 (ί
2868 2935 3254 2991 Fornicatores
3283 2940 3338 2990 et
3366 2934 3653 2990 adulteros
3697 2931 3898 3002 judica-

2263 3024 2346 3080 bit
2372 3026 2550 3080 Deus!
2586 3040 2614 3079 »
2645 3027 2845 3094 Aperte
2875 3038 3060 3081 verum
3093 3029 3212 3080 est:
3247 3023 3344 3080 sed
3391 3023 3460 3079 de
3499 3023 3776 3078 fratribus
3803 3022 3898 3076 tuis

531 3126 679 3168 mare
709 3125 821 3167 non
870 3126 1178 3180 possumus,
1241 3113 1548 3168 reverentia
1606 3117 1849 3181 paterna:
1891 3113 1954 3144 ⁶²⁶
2002 3111 2400 3183 proliquuos
2428 3119 2485 3168 tu
2514 3114 2670 3169 vides
2707 3120 2886 3170 tecum
2917 3114 3146 3170 credere
3175 3126 3342 3170 unum
3391 3119 3606 3184 patrem
3655 3112 3892 3176 habere,

529 3205 814 3270 peccatum
852 3199 1110 3255 levemus.
1165 3201 1374 3256 Caritas
1417 3202 1561 3256 enim
1611 3201 2013 3258 multitudinem
2045 3217 2174 3272 pec-

529 3295 777 3345 catorum
807 3290 1006 3358 operit.
1039 3288 1139 3356 Qui
1171 3290 1317 3344 enim
1355 3289 1418 3320 ⁶²⁰
1454 3291 1523 3346 ad
1572 3291 1862 3361 imaginem
1909 3292 2004 3347 Dei
2053 3306 2172 3347 esse

528 3391 640 3434 non
672 3378 871 3448 potuit,
903 3379 976 3433 sit
1000 3378 1068 3433 ad
1102 3378 1503 3447 plenitudinem
1552 3379 1815 3434 caritatis.
1853 3398 1880 3432 »
1911 3381 1999 3435 Ait
2028 3382 2172 3436 enim

529 3468 586 3522 in
630 3467 773 3524 libro
804 3469 880 3522 De
910 3468 1272 3536 pmnitentia:
1317 3486 1345 3520 «
1378 3469 1589 3538 Regnat
1617 3469 1673 3524 in
1703 3470 1867 3524 nobis
1896 3470 1982 3526 lex
2011 3469 2175 3540 hujus

531 3557 714 3612 carnis
740 3556 1017 3614 contraria
1047 3556 1156 3627 legi
1213 3557 1414 3612 mentis
1445 3562 1672 3624 nostrae,
1705 3563 1760 3613 et
1789 3561 2033 3628 captivos
2071 3572 2174 3615 nos

530 3647 588 3703 in
617 3635 905 3717 peccatum
944 3646 1132 3713 trahit,
1193 3651 1253 3702 ut
1309 3646 1570 3703 faciamus
1627 3648 1775 3717 quod
1834 3648 2107 3704 nolumus.
2141 3669 2170 3701 »

529 3737 664 3792 item
695 3751 863 3805 super
900 3738 1098 3791 Lucam
1138 3735 1348 3806 (1,30):
1393 3752 1422 3790 «
1474 3738 1596 3792 Non
1653 3738 1830 3793 otiose
1888 3739 2071 3794 statim
2110 3738 2174 3770 ⁸⁸⁷

528 3825 585 3880 in
625 3825 900 3894 principio
931 3825 1158 3880 Genesis
1185 3826 1280 3880 Dei
1324 3827 1537 3895 jussum
1569 3826 1632 3856 ⁸⁸⁸
1661 3827 1974 3896 conjugium
2007 3843 2176 3898 copu-

528 3913 691 3978 latur.
751 3913 858 3967 nisi
918 3918 978 3968 ut
1033 3913 1264 3969 haeresis
1318 3913 1652 3970 destruatur.
1712 3915 1801 3970 Sic
1849 3917 1994 3971 enim
2031 3918 2176 3973 Deus

527 4002 846 4071 conjugium
871 4001 1140 4070 probavit,
1174 4009 1234 4058 ut
1258 4003 1555 4072 iungeret;
1609 4022 1637 4056 »
1689 4004 1745 4058 in
1795 4004 1983 4060 multis
2028 4007 2173 4061 enim

529 4095 724 4157 natura
755 4096 943 4146 nostra
973 4091 1178 4147 cotidie
1227 4090 1524 4146 febricitat.
1577 4092 1732 4148 Unde
1777 4100 2002 4149 sanctus
2048 4098 2174 4150 Am-

527 4179 750 4234 brosius
776 4193 943 4248 super
971 4181 1172 4235 Lucam
1197 4199 1209 4234 :
1255 4199 1280 4228 c
1313 4180 1506 4236 Febris
1553 4182 1698 4237 enim
1729 4187 1916 4238 nostra
1947 4185 2171 4240 avaritia

528 4273 632 4336 est,
654 4267 824 4324 tebris
853 4274 1040 4325 nostra
1069 4268 1242 4324 libido
1263 4275 1365 4336 est,
1389 4283 1455 4326 eo
1476 4271 1625 4341 quod
1647 4271 1834 4341 ignitae
1864 4277 1992 4327 sunt
2020 4274 2172 4344 cupi-

526 4357 752 4425 ditates;
775 4373 804 4411 »
819 4357 963 4413 unde
984 4358 1061 4414 ait
1079 4358 1400 4428 Apostolus:
1419 4375 1446 4414 «
1465 4360 1520 4415 Si
1539 4375 1598 4415 se
1619 4374 1729 4416 non
1751 4362 2054 4430 continent,
2072 4376 2169 4418 nu-

2255 3217 2416 3258 unam
2466 3204 2626 3259 fidem
2675 3203 2998 3259 catholicam
3051 3210 3260 3269 tenere,
3323 3215 3484 3258 unam
3524 3209 3581 3257 et
3623 3202 3895 3273 propriam

2254 3307 2479 3348 uxorem
2516 3293 2803 3349 venialiter
2840 3295 2919 3348 uti
2977 3294 3187 3361 dicens,
3246 3291 3525 3364 peccasti:
3591 3297 3704 3346 stat
3763 3290 3894 3346 enim

2253 3389 2477 3440 sanctus
2503 3384 2824 3439 Ambrosius
2853 3385 2907 3439 in
2957 3384 3292 3440 Vercellensi
3341 3382 3573 3453 epistola
3637 3387 3713 3449 (c.
3781 3379 3892 3444 ll)!

2256 3485 2286 3525 tt
2322 3472 2560 3528 Dicimus
2589 3473 2737 3544 quod
2769 3473 2863 3542 qui
2893 3472 3060 3529 fuerit
3096 3475 3152 3532 in
3191 3473 3406 3529 Christo
3436 3471 3774 3541 baptizatus,
3812 3469 3894 3522 ha.

2254 3561 2374 3617 beri
2400 3563 2509 3632 jam
2550 3576 2658 3619 non
2699 3563 2900 3619 debeat
2942 3561 3290 3619 fornicarius.
3348 3577 3379 3618 ι)
3428 3562 3686 3618 Forsitan
3725 3559 3892 3614 adhuc

2253 3651 2347 3707 illa
2375 3654 2648 3708 sententia
2677 3653 2977 3722 implicitus
3007 3667 3087 3720 es,
3129 3666 3233 3722 qua
3273 3652 3405 3708 olim
3444 3651 3523 3706 illi
3574 3650 3646 3706 de
3696 3652 3892 3706 Monte—

2254 3740 2382 3797 forti
2414 3747 2466 3797 te
2505 3741 2836 3809 imbuerant,
2885 3743 2978 3812 qui
3027 3756 3243 3799 omnem
3284 3741 3747 3809 Christianitatem
3792 3753 3891 3793 mu-

2256 3830 2445 3886 lierem
2477 3845 2586 3886 non
2617 3836 2841 3902 tangere
2867 3837 2923 3885 et
2959 3845 3133 3901 genus
3181 3832 3472 3887 humanum
3519 3831 3647 3885 sine
3693 3829 3892 3885 semine

2254 3921 2398 3976 virili
2455 3934 2616 3991 apum
2676 3934 2830 3977 more
2871 3922 3021 3976 nasci
3081 3921 3356 3987 dicentes,
3399 3918 3552 3975 falsis
3609 3918 3890 3975 sententiis

2255 4008 2639 4065 affirmabant?
2671 4011 2807 4066 Volo
2854 4017 3033 4066 autem
3085 4015 3139 4066 et
3169 4024 3271 4081 ego
3299 4016 3465 4079 atque
3495 4010 3760 4065 desidero
3791 4022 3894 4064 om-

2256 4110 2378 4152 nem
2400 4098 2648 4154 ordinem
2671 4099 3100 4155 ecclesiasticum
3123 4097 3404 4162 mundum,
3421 4098 3680 4165 nitidum,
3707 4110 3888 4168 purum

2254 4191 2309 4241 et
2335 4192 2580 4242 sanctum
2609 4209 2622 4254 ;
2656 4189 2753 4243 sed
2783 4189 2918 4243 dicit
2946 4187 3267 4258 apostolus:
3302 4205 3330 4239 ‹‹
3361 4187 3529 4242 Nemo
3563 4192 3750 4256 potest
3779 4198 3890 4241 esse

2251 4276 2486 4332 mundus
2523 4292 2553 4332 a
2584 4283 2812 4346 peccato
2843 4283 2897 4333 et
2925 4284 3168 4333 sanctus.
3210 4296 3237 4330 »
3280 4277 3383 4332 Job
3429 4277 3627 4332 videns
3676 4275 3890 4332 humani

2253 4365 2470 4435 generis
2508 4366 2874 4437 fragilitatem,
2916 4366 3086 4422 dicit:
3122 4382 3151 4420 ι(
3182 4365 3455 4436 Numquid
3504 4364 3779 4422 fortitudo
3826 4367 3893 4420 la-

525 4447 907 4515 bantzmelius
927 4454 1011 4503 est
1031 4449 1177 4504 enim
1198 4449 1428 4516 nubere,
1450 4464 1610 4518 quam
1636 4451 1719 4504 uri
1738 4453 1784 4520 (Ι
1793 4453 1914 4507 Cor.
1929 4452 2111 4524 v11,9).
2138 4457 2232 4514 »D
2252 4456 2438 4526 pidum
2469 4455 2734 4513 fortitudo
2766 4471 2903 4524 mea,
2945 4465 3038 4512 aut
3087 4471 3214 4513 caro
3262 4470 3379 4512 mea
3427 4469 3582 4512 enea
3622 4463 3709 4512 est
3752 4456 3887 4528 (Job.

524 4537 678 4594 Multi
721 4543 847 4592 ante
898 4537 1150 4594 homines
1186 4538 1323 4593 casti
1370 4545 1426 4594 et
1464 4539 1650 4594 mundi
1703 4555 1823 4596 esse
1870 4541 2163 4611 videntur,

522 4626 620 4682 sed
650 4631 776 4682 ante
805 4627 973 4680 Deum
1003 4626 1443 4696 ﬂagitiosissimis
1471 4628 1619 4683 vitiis
1647 4629 1847 4684 irretiti
1876 4639 2163 4699 apparent.

524 4716 679 4773 Unde
717 4715 862 4771 idem
902 4729 1070 4786 super
1117 4717 1316 4771 Lucam
1375 4722 1436 4784 (ι,
1500 4716 1622 4788 18):
1685 4732 1715 4772 ς(
1770 4719 1891 4774 Non
1949 4734 2169 4790 semper

522 4807 586 4838 ⁸³³
615 4807 760 4862 enim
799 4808 996 4874 omnis,
1029 4807 1124 4876 qui
1157 4807 1340 4876 justus
1371 4813 1454 4862 est
1501 4814 1629 4863 ante
1678 4809 1949 4877 homines,
1984 4812 2168 4880 justus

522 4901 608 4954 est
632 4902 759 4952 ante
795 4897 986 4952 Deum.
1017 4895 1190 4952 Aliter
1217 4896 1405 4951 vident
1434 4897 1686 4954 homines
1714 4906 1770 4954 et
1793 4899 1954 4956 aliter
1981 4903 2160 4970 Deus;

521 4988 687 5046 homo
724 4985 874 5044 videt
918 4985 976 5040 in
1027 4983 1188 5054 facie,
1217 4987 1362 5043 Deus
1399 4993 1581 5045 autem
1609 4989 1667 5044 in
1715 4990 1904 5047 corde.
1947 5011 1973 5042 ι
2009 4992 2165 5048 Enim

2249 4561 2324 4612 vi,
2366 4545 2526 4617 12.)»
2559 4548 2831 4602 Przeterea
2861 4561 2982 4602 cum
3013 4552 3071 4602 tu
3111 4560 3212 4602 nos
3251 4546 3307 4601 in
3345 4546 3531 4601 multis
3579 4546 3888 4608 diffamasti,

2250 4640 2305 4690 et
2342 4636 2533 4692 dicens
2579 4637 2845 4703 clamasti,
2877 4636 3224 4692 sacerdotum
3255 4636 3436 4707 aliqua
3470 4635 3596 4692 tabe
3631 4643 3887 4693 attactum

2248 4726 2574 4782 sacrificium
2605 4727 2717 4781 Deo
2742 4725 2939 4781 offerre
2970 4739 3079 4782 non
3133 4739 3315 4796 posse,
3350 4725 3638 4782 debuisses
3690 4740 3886 4799 cogno-

2249 4829 2424 4882 scere,
2484 4816 2632 4886 quod
2692 4815 2953 4871 Dominus
2990 4815 3046 4870 in
3104 4814 3430 4886 Apocalypsi
3486 4816 3662 4872 dicit:
3711 4836 3742 4871 er.
3779 4818 3881 4889 Ego

2248 4919 2367 4960 sum
2397 4905 2571 4975 Alpha
2609 4909 2664 4961 et
2691 4907 2910 4977 Omega,
2963 4907 3172 4976 primus
3219 4909 3273 4961 et
3321 4905 3691 4962 novissimus:
3747 4906 3882 4963 beati

2249 4995 2344 5064 qui
2375 4994 2555 5050 lavant
2583 4994 2753 5050 stolas
2789 5009 2917 5050 suas
2944 4993 3027 5062 ⁸³⁸,
3071 4999 3130 5050 ut
3176 4995 3249 5051 sit
3294 5000 3536 5066 potestas
3585 5011 3778 5054 eorum
3830 4999 3881 5052 in

1880 5193 2104 5251 VARI/111
2142 5195 2424 5253 LECTION
2428 5198 2526 5253 ES.

585 5367 643 5401 ⁸²¹
676 5369 924 5440 plerique
954 5369 1092 5440 vulg.

1169 5370 1233 5402 ⁸³³
1262 5370 1518 5445 φηγοὺὶε
1555 5371 1831 5445 commissi
1871 5386 1926 5429 η.
1979 5374 2118 5445 vulg.

513 5439 577 5470 ⁸³³
607 5456 662 5509 p.
685 5439 1068 5512 generationis
1098 5450 1153 5498 et
1182 5439 1472 5499 sedulitate

1512 5459 1567 5513 p,
1600 5444 1738 5513 vulg.

2213 5373 2278 5406 ⁸³⁸
2327 5376 2487 5432 deest.
2550 5378 2609 5432 B.

1817 5445 1880 5476 ⁸⁵³⁸
1919 5460 2050 5516 ergo
2096 5463 2169 5487 —'-
2215 5450 2460 5518 potuerit
2505 5447 2577 5502 ib.

2713 5373 2778 5409 6“
2833 5376 3298 5436 hinc.-—feciiu
3335 5379 3538 5436 brevius
3598 5381 3873 5438 contrusit.

2672 5449 2735 5479 ⁸³⁷
2787 5451 2863 5505 ita
2915 5449 3099 5507 Ambr.
3157 5459 3361 5522 statuty
3409 5454 3465 5508 Β.
3517 5458 3626 5508 stat
3674 5461 3730 5508 ut
3775 5458 3871 5508 A‘.

511 5513 887 5596 A‘j..BLm°’_3_
911 5517 1067 5596 jussu
1097 5514 1236 5596 vuig.
1308 5515 1376 5596 ff
1425 5516 1719 5596 d_ees_t_gA'_*_.
1751 5513 2007 5596 Ambrf
2036 5518 2106 5596 _“°
2150 5513 2303 5596 v_._‘_a.
2356 5521 2537 5596 desunt
2583 5520 2722 5596 vulg.
2800 5521 2861 5596 63f
2908 5525 2985 5596 itu
3031 5523 3214 5579 Ambr.
3263 5513 3437 5580 D.'lex
3485 5539 3626 5596 eque
3666 5532 3747 5581 est
3780 5523 3871 5579 Dei

513 5582 665 5637 codd.
743 5583 805 5614 ⁸³³
835 5582 1063 5642 dimittit
1090 5582 1229 5656 vulg.
1306 5586 1370 5618 ⁸³³
1397 5588 1621 5657 scindit,
1654 5588 1849 5646 dividit
1878 5605 1930 5646 c.
1960 5589 2100 5660 vulg.

2177 5590 2242 5622 ⁶³¹⁶
2279 5606 2326 5647 s.
2357 5593 2415 5647 in
2438 5590 2703 5662 sanguine
2732 5594 2858 5663 agni
2885 5594 3024 5664 vulg.
