4056 6150
459 287 565 342 943

1569 272 1900 350 LANDULFI
1939 268 2470 325 MEDIOLANENSIS
2505 268 2769 323 CLERICI

3731 267 3838 320 944

458 409 677 469 dentior
742 407 964 473 ceteris,
1030 401 1361 475 turpissimis
1426 399 1606 455 verbis
1669 393 2488 468 gravissimisqueAmultitudo
2536 399 2646 448 tam
2701 406 2923 447 suorum
2971 405 3134 461 quam
3183 392 3662 459 adversariorum,
3716 407 3842 461 qua

454 498 880 571 impulsionibus
927 497 1103 565 ipsum
1151 489 1501 561 alapizando,
1553 495 1612 543 ut
1657 487 1741 542 sui
1781 492 1837 542 et
1882 500 2105 541 suorum

456 588 824 648 consimilium
907 585 1119 640 animos
1192 579 1457 636 mulceret
1532 584 1804 645 tamquam
1877 587 2108 630 vesanos

453 677 710 751 gentiles.
734 674 1065 736 extraheret,
1100 671 1192 725 Dei
1222 669 1424 723 virtute
1454 672 1737 736 operante,
1770 665 1826 719 in
1857 663 2107 732 proximo

457 766 712 824 omnibus
758 761 1017 817 membris
1064 758 1364 814 contractis
1413 756 1610 810 misere
1669 753 1901 808 exaruit.
1959 751 2110 806 Alius

415 870 580 912 ~cum
637 853 694 908 in
747 849 979 907 ecclesia
1045 847 1234 902 eadem
1302 850 1548 901 sanctam
1615 841 2012 898 Eucharistiam
2079 852 2111 892 a

456 943 746 1000 sacerdote
812 938 1049 1008 quodam
1131 936 1187 990 in
1265 933 1546 988 nativitate
1623 930 1837 986 Domini
1913 929 2109 983 timore

457 1033 722 1104 ejusdem,
773 1042 884 1083 non
932 1027 1027 1081 Dei
1069 1038 1253 1080 amore
1297 1023 1597 1091 acciperet,
1650 1019 1784 1074 foris
1829 1019 1885 1072 in
1930 1030 2108 1081 muro,

453 1128 604 1178 secta
651 1119 946 1173 subversus
1011 1113 1291 1177 haeretica,
1353 1109 1571 1165 vidente
1632 1115 1813 1162 tamen
1871 1105 2111 1175 quodam

454 1210 615 1266 ﬁdele
644 1222 709 1263 ac
747 1203 1023 1262 sacerdoti
1061 1203 1117 1256 id
1148 1203 1324 1270 ipsum
1359 1199 1666 1262 nuntiante,
1701 1195 1946 1250 immisit.
1996 1195 2112 1248 Hoc

453 1299 686 1353 audiens
731 1295 825 1349 Dei
877 1290 1138 1347 sacerdos
1187 1301 1396 1343 summa
1443 1300 1565 1340 eum
1616 1283 1922 1339 reverentia
1979 1295 2110 1336 san-

455 1395 600 1444 ctum
637 1383 853 1441 Domini
880 1395 1084 1449 corpus
1117 1377 1384 1448 colligens
1414 1374 1766 1438 recondidit;
1817 1372 1914 1427 sed
1947 1371 2114 1426 miser

454 1477 568 1543 ille,
603 1474 696 1544 qui
745 1470 922 1526 sancti
971 1468 1223 1538 corporis
1269 1465 1529 1535 indignus
1580 1462 1778 1528 fuerat,
1830 1475 2004 1530 usque
2055 1461 2110 1514 in

454 1566 618 1620 ﬁnem
647 1563 774 1618 vitae
823 1574 937 1615 sua:
972 1558 1040 1612 ab
1083 1556 1231 1612 omni
1271 1555 1396 1608 cibo
1447 1551 1774 1606 insatiabilis
1811 1564 1875 1604 ac
1924 1549 2109 1604 omni-

454 1655 559 1710 bus
589 1650 856 1720 angustiis
885 1648 1180 1709 cruciatus,
1223 1643 1464 1698 moriens
1513 1653 1622 1694 non
1670 1638 1871 1693 meruit
1907 1638 2111 1692 habere

2188 484 2401 538 noviter
2464 482 2780 536 fidelitatem
2849 482 3169 551 imperatori
3230 483 3545 550 juraverat,
3606 483 3845 550 sumptis

2189 573 2355 628 armis
2402 585 2709 641 magnoque
2760 571 2951 639 prazlio
2998 573 3270 626 Antonem
3327 570 3544 624 noviter
3603 569 3843 626 electum

2187 662 2377 717 multis
2425 675 2547 717 cum
2599 661 2773 730 plagis
2820 668 2875 715 et
2916 659 3276 715 sacramentis
3303 659 3845 729 archiepiscopatum

2190 750 2622 805 inremeabiliter
2651 747 2889 804 refutare
2919 747 3068 804 fecit.
3091 747 3210 802 Alia
3232 761 3359 802 vero
3381 747 3473 802 die
3495 761 3850 817 cognoscens

2192 839 2628 904 Herlembaldus,
2653 839 2937 908 inopinate
2967 852 3026 892 se
3058 843 3115 893 et
3146 836 3449 906 improvide
3480 837 3740 892 delusum
3763 837 3846 905 ⁸⁵⁸,

2191 929 2399 999 sparsis
2444 928 2724 998 argenteis
2773 932 2941 983 totam
2992 926 3267 981 civitatem
3315 932 3559 980 armatus
3599 927 3850 981 obtinuit

2197 1015 2380 1087 (129).
2440 1017 2654 1071 interea
2711 1029 2833 1070 cum
2893 1013 3310 1070 Herlembaldus
3363 1015 3520 1083 quasi
3578 1028 3723 1084 papa
3780 1015 3850 1070 ad

2189 1106 2549 1174 judicandum
2589 1103 2926 1168 sacerdotes,
2962 1117 3057 1157 rex
3097 1103 3162 1157 ad
3211 1102 3582 1158 conterendas
3631 1110 3847 1173 gentes,

2195 1194 2386 1248 urbem
2439 1193 2550 1261 jam
2593 1194 2814 1262 jamque
2861 1190 3010 1247 ferro
3036 1191 3098 1222 ⁸⁸⁵
3148 1197 3204 1246 et
3249 1205 3382 1246 auro
3423 1197 3477 1246 et
3512 1192 3852 1260 juramentis

2195 1282 2380 1337 multis
2438 1287 2492 1335 et
2549 1280 2780 1335 diversis
2825 1285 3159 1350 superasset,
3209 1280 3299 1334 cui
3356 1279 3631 1335 nobilium
3687 1293 3847 1335 nemo

2195 1372 2452 1426 resistere
2518 1377 2764 1439 poterat,
2834 1370 2930 1424 Dei
2993 1370 3074 1424 ira
3141 1383 3302 1438 quam
3363 1370 3472 1438 jam
3538 1383 3667 1423 cum
3740 1371 3852 1424 suis

2196 1459 2510 1515 merebat...
2563 1458 2625 1488 5“
2686 1459 2904 1512 detorta
2949 1458 3053 1512 sibi
3100 1457 3248 1512 velut
3303 1457 3519 1526 gladius
3566 1457 3854 1513 bisacutus

2195 1549 2420 1603 obinata
2469 1546 2532 1576 “7
2589 1553 2692 1602 est.
2742 1548 2876 1601 Nam
2921 1544 3220 1600 Landulfus
3265 1559 3388 1599 cum
3427 1560 3487 1600 se
3522 1547 3637 1614 jam
3677 1560 3710 1599 a
3748 1560 3849 1615 spe

2195 1637 2740 1705 archiepiscopatus,
2793 1649 2900 1704 qua
2951 1641 3112 1689 antea
3159 1639 3503 1702 speraverat,
3553 1633 3852 1689 frustratus

457 1755 661 1809 corpus
711 1737 935 1793 Christi.
985 1735 1089 1789 Alii
1139 1745 1268 1787 vero
1317 1731 1561 1799 quinque
1609 1742 1732 1782 cum
1763 1726 2106 1782 sacerdotem
2128 1726 2173 1783 B
2193 1725 2571 1793 comperisset,
2596 1724 2713 1778 auri
2739 1729 2794 1779 et
2823 1723 3051 1778 honoris
3080 1722 3223 1778 ultra
3254 1723 3476 1778 modum
3495 1724 3848 1789 ambitiosus,

458 1828 748 1901 quemdam
799 1826 870 1880 ob
928 1821 1175 1878 mulieris
1222 1819 1567 1876 occasionem
1627 1816 1862 1885 turpiter
1919 1815 2118 1869 distra-

457 1918 642 1974 hendo
673 1916 1154 1976 dehonestassent,
1195 1909 1316 1978 ipso
1347 1921 1491 1962 anno
1523 1907 1680 1975 quasi
1715 1919 1882 1961 canes
1911 1905 2112 1959 mortui

459 2014 606 2065 sunt.
667 2006 807 2072 Quin
867 2003 1029 2057 etiam
1077 1999 1215 2053 alius
1273 2003 1425 2052 sexta
1476 1993 1790 2050 detestabili
1840 1993 2111 2059 irretitus,

460 2111 582 2152 cum
631 2101 874 2149 sanctum
919 2092 1224 2153 incensum,
1267 2086 1416 2156 quod
1466 2083 1727 2138 sacerdos
1781 2083 1834 2136 in
1893 2082 2114 2137 Domini

467 2183 648 2240 natale
688 2196 788 2251 per
833 2179 1081 2250 singulas
1126 2174 1304 2230 defert
1351 2174 1565 2238 domos,
1618 2171 1800 2226 hostio
1833 2170 2021 2225 clauso
2051 2184 2115 2224 ac

458 2273 688 2328 introitu
738 2269 916 2324 eidem
963 2264 1197 2321 vetando
1246 2261 1529 2326 refutaret,
1573 2267 1736 2314 nocte
1785 2259 1975 2313 eadem
2019 2272 2117 2313 ve-

460 2362 647 2416 niente
704 2358 953 2429 proxima
1009 2352 1302 2417 diabolus,
1355 2351 1411 2404 in
1460 2349 1715 2404 scismate
1767 2347 2120 2402 fidelissimus

461 2448 862 2511 laborantibus,
894 2444 1065 2498 filium
1105 2443 1224 2510 ejus
1270 2454 1298 2495 e
1349 2439 1538 2493 matris
1571 2436 1822 2491 manibus
1852 2436 2120 2505 diripiens

462 2537 766 2606 vagientem
833 2547 897 2587 ac
962 2531 1019 2585 in
1085 2543 1194 2585 aera
1260 2527 1575 2584 verberans.
1644 2525 1822 2593 ipsum
1892 2538 2117 2594 puerum

467 2632 774 2680 emortuum
807 2621 1025 2676 demum
1057 2629 1390 2673 evanescens
1421 2614 1668 2669 cadendo
1699 2613 1928 2668 dimisit.

535 2713 628 2770 29.
682 2709 784 2781 (28)
833 2711 908 2764 Ea
937 2707 1003 2739 “3
1052 2710 1376 2775 tempestate
1432 2703 1548 2774 (an.
1587 2702 1742 2768 1071,
1783 2700 1968 2771 Mart.)
2021 2715 2121 2756 au-

468 2803 627 2858 diens
672 2795 1110 2862 Herlembaldus,
1162 2791 1542 2849 Gottofredum
1591 2803 1753 2860 quem
1797 2805 1962 2859 supra
2002 2803 2120 2844 me-

467 2891 693 2953 moravi,
744 2889 811 2944 de
861 2886 1117 2942 omnibus
1165 2881 1573 2952 episcopalibus
1621 2878 1857 2948 negotiis
1909 2884 2014 2934 tam
2064 2879 2122 2932 in

467 2980 618 3034 clero
654 2989 816 3045 quam
845 2975 902 3028 in
933 2971 1138 3042 populo
1170 2977 1361 3025 contra
1384 2971 1472 3036 jus
1505 2981 1662 3022 suum
1693 2973 1748 3021 et
1776 2966 1915 3021 velle
1947 2966 2121 3020 intro-

2193 1815 2344 1882 gravi
2391 1813 2587 1868 incidit
2635 1812 2997 1868 contristatus
3039 1812 3380 1868 infirmitate.
3427 1811 3530 1878 Qui
3583 1811 3845 1879 moriens,

2196 1902 2434 1973 linguam
2503 1903 2658 1972 quasi
2727 1901 2982 1956 bovinam
3048 1899 3370 1967 orribilem,
3439 1915 3548 1970 qua
3617 1901 3842 1956 multum

2198 1993 2521 2058 offenderat,
2553 2005 2678 2061 quae
2708 1990 3118 2059 coopertorium
3149 2003 3256 2045 non
3301 1989 3564 2056 habebat,
3597 1990 3690 2044 cui
3731 1997 3847 2045 tor-

2201 2087 2384 2136 menta
2461 2088 2650 2149 aperte
2725 2079 3059 2149 parabantur
3089 2122 3104 2146 ,
3183 2079 3383 2134 emisit.
3471 2081 3701 2135 Demum
3778 2081 3842 2134 ad

2197 2171 2510 2239 sepulcrum
2576 2168 2796 2235 ductus,
2864 2169 3044 2224 donec
3107 2170 3227 2238 ejus
3291 2182 3452 2224 crura
3511 2167 3665 2223 velut
3720 2168 3843 2224 olim

2199 2258 2471 2313 latronum
2519 2257 2689 2313 fracta
2717 2264 2867 2326 sunt,
2900 2257 3156 2314 concludi
3187 2257 3407 2312 minime
3447 2257 3633 2326 potuit
3685 2257 3845 2327 (circa

2199 2363 2289 2402 an.
2327 2346 2514 2418 1061).

2271 2435 2362 2489 30.
2413 2435 2524 2506 (29)
2566 2439 2635 2490 At
2683 2435 2748 2466 “8
2802 2435 3079 2500 Arialdus,
3113 2449 3237 2490 cum
3274 2435 3421 2490 inter
3451 2435 3850 2504 paschaliaso-

2203 2524 2442 2593 lempnia
2493 2524 2603 2594 (an.
2643 2522 2798 2589 1066,
2829 2524 2962 2578 Mai.
2995 2522 3066 2577 29
3094 2553 3166 2562 —-
3192 2525 3316 2578 Jun.
3365 2524 3410 2591 l)
3459 2523 3706 2579 ecclesia
3745 2526 3853 2579 hle-

2205 2613 2603 2669 diolanensium
2651 2612 2882 2666 letanias
2911 2613 3107 2668 devote
3139 2613 3467 2679 celebraret,
3496 2612 3852 2682 praedicando

2204 2719 2268 2760 ac
2315 2719 2438 2760 cum
2490 2703 2708 2758 clericis
2747 2703 2998 2769 rixando,
3050 2703 3261 2758 nullum
3304 2704 3577 2773 jejunium
3627 2705 3688 2758 in
3741 2704 3856 2758 istis

2206 2794 2404 2849 diebus
2455 2798 2648 2848 sancto
2697 2798 2977 2848 asserente
3024 2792 3314 2848 Ambrosio
3363 2793 3478 2846 ﬁeri
3528 2792 3765 2857 debere,
3803 2797 3854 2846 et

2204 2897 2423 2940 carnem
2471 2887 2526 2936 et
2560 2881 2744 2935 vinum
2794 2880 3044 2951 legaliter
3095 2881 3183 2936 his
3228 2881 3405 2935 tribus
3452 2881 3653 2936 diebus
3695 2895 3852 2950 posse

2206 2971 2518 3037 comedere,
2579 2969 2846 3024 ﬁrmabat.
2906 2970 3114 3036 Quibus
3171 2985 3268 3040 per
3314 2970 3592 3026 civitatem
3649 2971 3853 3026 auditis

469 3068 774 3122 mittentem
808 3105 822 3129 ,
885 3061 1129 3115 exercitu
1187 3064 1377 3128 parato
1435 3057 1687 3111 inmenso
1747 3061 1801 3110 et
1856 3049 2182 3118 nobiliumC
2207 3067 2371 3130 atque
2399 3059 2562 3114 dictis
2608 3058 2825 3113 letaniis
2862 3058 3206 3128 interruptis,
3248 3059 3497 3128 prauum
3535 3074 3797 3130 magnum
3824 3074 3854 3114 ε

472 3160 626 3225 parte
675 3153 822 3207 circa
877 3147 1228 3204 Castilionem
1289 3145 1545 3201 metando
1606 3143 1766 3199 velud
1825 3145 2122 3212 imperator

439 3290 454 3296 η.
473 3240 804 3311 composuit.
837 3237 938 3294 Ubi
971 3250 1090 3292 cum
1144 3250 1242 3306 per
1275 3234 1475 3288 multos
1521 3233 1790 3288 machinis
1819 3239 1874 3288 et
1911 3232 2124 3287 balistis

473 3330 793 3401 prwliisque
824 3326 1058 3382 diversis
1104 3323 1308 3379 frustra
1352 3322 1656 3378 laborasset
1703 3322 1843 3389 dies,
1877 3321 2063 3376 multis
2092 3334 2122 3374 e

475 3419 680 3491 populo
719 3417 916 3473 misere
947 3414 1161 3469 amissis
1207 3427 1270 3467 ac
1316 3413 1410 3467 Dei
1459 3413 1540 3466 ira
1570 3412 1787 3466 civitate
1830 3409 2123 3465 Mediolani

475 3508 723 3565 funditus
752 3512 860 3560 tam
905 3504 964 3558 in
1013 3502 1267 3557 domibus
1306 3513 1466 3569 quam
1508 3499 1564 3554 in
1614 3499 1882 3564 ecclesiis,
1928 3504 2033 3553 tam
2066 3499 2122 3553 in

477 3595 841 3654 marmoribus
869 3606 1031 3662 quam
1061 3591 1116 3644 in
1164 3589 1414 3644 trabibus
1458 3588 1707 3652 ardente,
1741 3588 1890 3658 quod
1929 3587 2124 3643 castris

477 3687 700 3742 minime
730 3682 908 3748 latuit,
940 3681 1008 3735 ab
1038 3679 1186 3735 omni
1218 3693 1315 3748 spe
1347 3676 1641 3732 frustratus
1669 3677 1843 3731 tristis
1872 3676 2120 3732 recessit.

479 3776 615 3830 Dum
655 3773 776 3828 haec
823 3769 1057 3825 fuissent
1103 3772 1252 3833 acta,
1308 3779 1475 3835 parvo
1524 3768 1802 3820 transacto
1853 3771 2122 3834 tempore,

483 3859 901 3918 Herlembaldns
966 3856 1198 3912 consilio
1265 3853 1599 3924 Oldeprandi
1649 3855 1743 3923 qui
1803 3859 1858 3908 et
1913 3856 2124 3922 Grego-

483 3950 601 4006 rius
627 3950 718 4003 V'll
751 3952 836 4001 est
863 3951 1088 4001 vocatus
1119 3945 1369 4010 edoctus,
1403 3945 1497 4013 qui
1528 3945 1691 4011 hujus
1739 3941 1923 4011 placiti
1963 3945 2128 4009 caput

487 4043 542 4094 et
583 4034 933 4091 seminarium
981 4039 1119 4099 erat,
1169 4033 1286 4087 suis
1333 4046 1453 4086 cum
1510 4031 1768 4096 chateris,
1811 4031 1904 4099 qui
1944 4030 2127 4084 omnia

488 4125 650 4180 etiam
701 4121 902 4192 regalia
944 4121 1163 4191 negotia
1211 4119 1490 4189 multoque
1537 4125 1786 4188 tempore
1834 4117 2128 4187 tranquilla

489 4213 912 4278 conturbabant,
942 4210 1062 4266 sine
1092 4211 1241 4280 virga
1281 4214 1335 4265 et
1370 4208 1533 4264 anulo
1565 4223 1626 4262 ac
1658 4207 1802 4277 regis
1832 4220 2125 4272 consensu,

489 4304 579 4361 cui
656 4302 953 4373 Gregorius
1030 4299 1285 4356 omnibus
1359 4298 1636 4354 exercitiis
1715 4296 2078 4351 insidiabatur
2110 4338 2124 4362 ,

2204 3149 2454 3218 partibus
2483 3147 2732 3216 utrisque
2771 3147 3030 3202 adorsum
3070 3155 3172 3202 est.
3217 3149 3312 3202 His
3348 3149 3534 3217 itaque
3590 3149 3852 3217 praelian-

2204 3237 2352 3290 tibus
2381 3235 2674 3304 multisque
2703 3235 2899 3306 gladiis
2927 3250 2989 3290 ac
3019 3236 3297 3304 lapidibus
3319 3236 3641 3302 vulneratis,
3668 3251 3771 3292 sex
3798 3237 3850 3292 in

2206 3324 2352 3380 bello
2383 3325 2484 3379 viri
2515 3324 2776 3379 cadentes
2803 3325 3005 3380 mortui
3034 3331 3181 3380 sunt.
3211 3327 3271 3380 1n
3303 3326 3387 3380 his
3410 3327 3622 3395 itaque,
3654 3326 3850 3391 lector,

2206 3414 2363 3482 cujus
2393 3411 2746 3467 discretionis
2776 3413 3043 3481 cujusque
3081 3413 3330 3468 scientiae
3358 3415 3631 3484 cujusque
3673 3415 3851 3470 conti-

2207 3501 2409 3556 nentiae
2435 3499 2619 3567 fuerit,
2652 3501 2957 3556 certissime
2987 3502 3294 3570 comperire
3325 3508 3380 3557 et
3408 3502 3745 3573 investigare
3773 3517 3853 3556 va-

2207 3588 2365 3644 lebis.
2418 3590 2630 3644 Scimus
2677 3590 2822 3644 enim
2861 3596 2915 3643 et
2943 3603 3069 3644 vere
3112 3591 3334 3655 scimus,
3366 3591 3610 3656 Arialde,
3644 3594 3776 3661 quia
3801 3592 3852 3645 in

2207 3677 2294 3732 his
2313 3678 2709 3748 quinquaginta
2726 3677 2921 3733 diebus
2949 3677 3155 3733 nullum
3177 3680 3447 3749 jejunium
3470 3680 3650 3735 nescit
3674 3679 3852 3735 eccle-

2207 3767 2290 3821 sia
2345 3767 2637 3836 imperare,
2705 3773 2896 3822 sancto
2941 3767 3233 3824 Ambrosio
3287 3767 3447 3839 (130)
3501 3784 3626 3824 cum
3675 3771 3856 3825 multis

2208 3855 2415 3911 sanctis
2442 3862 2756 3912 attestante.
2790 3859 2871 3911 An
2903 3856 3124 3928 ignoras
3146 3898 3161 3924 ,
3203 3857 3336 3926 quid
3371 3858 3586 3912 Veritas
3614 3859 3857 3914 veritatis

2209 3945 2408 4000 clamat
2448 3964 2460 3999 :
2517 3963 2544 3995 ‹‹
2592 3947 2713 4000 Non
2760 3951 2994 4013 possunt
3023 3946 3119 4000 filii
3159 3946 3348 4014 sponsi
3375 3947 3632 4016 jejunare
3662 3962 3855 4017 quam-

2210 4034 2304 4088 diu
2352 4041 2436 4088 est
2484 4047 2607 4088 cum
2645 4032 2758 4088 illis
2809 4048 3084 4103 sponsus;
3133 4033 3230 4089 sed
3276 4049 3397 4090 cum
3447 4035 3668 4090 ablatus
3699 4035 3856 4092 fuerit

2210 4136 2446 4190 sponsus
2473 4123 2540 4176 ab
2572 4123 2672 4189 eis,
2708 4129 2837 4178 tunc
2860 4123 3187 4192 jejunabunt
3223 4122 3280 4177 iu
3309 4123 3420 4177 illis
3461 4125 3662 4179 diebus
3715 4126 3850 4194 (Luc.

2211 4226 2266 4276 v,
2297 4209 2407 4279 34).
2458 4210 2744 4266 Credimus
2791 4213 2958 4279 enim,
2990 4212 3270 4282 apostolos
3301 4219 3429 4281 post
3455 4213 3673 4267 Domini
3705 4213 3854 4267 abla-

2212 4299 2440 4362 tionem,
2473 4313 2594 4354 cum
2627 4300 2798 4355 cmlos
2825 4301 3102 4367 ascendit,
3154 4315 3326 4371 usque
3375 4301 3443 4356 ad
3483 4303 3661 4356 sancti
3695 4301 3859 4371 Spiri-

489 4367 965 4461 archiepiscopum
1029 4389 1237 4444 habere
1292 4387 1500 4443 statuit.
1563 4387 1660 4452 Qui
1716 4367 2303 4442 HerlembaldusDtus
2340 4387 2630 4443 adventum
2683 4389 2738 4462 in_
2787 4389 3126 4445 Hierusalem
3164 4367 3386 4444 orantes
3410 4367 3856 4458 jejunasse;'sed

492 4481 806 4552 producens
835 4478 1123 4548 quemdam
1149 4481 1416 4532 Antonem
1436 4475 1652 4544 sibique
1674 4473 2128 4540 consentientem,

2217 4477 2422 4532 utinam
2453 4477 2778 4544 orationem,
2807 4493 2932 4548 quae
2962 4480 3017 4534 in
3049 4480 3223 4548 portis
3253 4487 3457 4534 nostrae
3498 4479 3707 4548 legitur
3735 4479 3856 4533 civi-

493 4584 677 4626 coram
725 4567 876 4624 omni
921 4567 1271 4623 multitudine
1316 4579 1411 4620 ore
1454 4578 1554 4619 suo
1603 4571 1658 4618 et
1700 4564 1912 4619 inlicito
1970 4563 2135 4633 elegit
2218 4565 2345 4619 tatis
2373 4566 2524 4620 omni
2557 4579 2740 4621 coram
2771 4567 2975 4636 populo
3010 4566 3192 4638 (131),
3243 4581 3272 4621 a
3319 4573 3512 4623 sancto
3551 4568 3857 4622 ordinatam

494 4657 605 4729 (an.
644 4657 800 4724 1072,
829 4659 953 4712 Jan.
983 4655 1054 4725 6).
1089 4657 1205 4711 Iloc
1235 4654 1426 4709 videns
1456 4655 1720 4722 majorum
1761 4659 1816 4708 et
1862 4653 2132 4708 minorum

2215 4653 2504 4708 Ambrosio
2552 4661 2607 4709 et
2652 4655 2932 4724 scriptam,
2966 4656 3214 4712 ecclesia:
3255 4655 3424 4711 totius
3461 4655 3855 4710 firmamentum

1842 4751 2066 4804 VARJA‘]
2122 4751 2507 4806 LECTIONES.

567 4854 630 4887 ⁸⁵³
673 4851 903 4910 Titulus:
945 4853 1019 4906 De
1052 4849 1349 4906 Gotofredo
1389 4850 1444 4904 in
1485 4849 2016 4918 archiepiscopatum
2057 4850 2288 4904 intruso.

495 4929 588 4983 A".
630 4926 898 4981 facturum
927 4922 1044 4978 A".

2368 4849 2432 4922 “f‘
2476 4849 2552 4904 ita
2597 4851 2680 4922 BL
2733 4851 2967 4907 dilosum
3009 4865 3270 4922 superscr.
3311 4850 3512 4907 factum
3556 4853 3616 4906 Β.
3649 4850 3856 4906 factuus

1121 4921 1183 4951 3"“
1221 4922 1382 4976 deest.
1414 4923 1471 4976 Β.
1505 4937 1574 4974 ex
1601 4926 1899 4993 correctura
1938 4920 2170 4993 additum
2199 4921 2281 4993 A“.
2315 4920 2407 4974 sed
2437 4921 2671 4993 ascribe
2710 4922 2843 4993 ipso.
2920 4920 3119 4992 6"“post
3165 4923 3449 4978 merebant
3487 4924 3709 4977 duarum
3749 4923 3857 4990 fere

491 5013 671 5053 uocum
705 4995 930 5067 spatium
967 4992 1264 5067 relinquunt
1292 4995 1382 5067 A".
1424 4995 1545 5067 A'f.
1579 4994 1632 5046 Β.
1671 4992 1761 5067 _Ad
1808 4991 2089 5067 marginem
2134 4991 2430 5067 rubriculor
2465 4991 2530 5067 in
2570 4994 2625 5046 Β.
2657 4991 2911 5067 scripsit;
2953 4991 3183 5049 Moritur
3221 4993 3540 5067 l.andulfus._
3569 4996 3694 5067 _A"

3702 5036 3714 5047 .
3753 5007 3854 5060 ap-

491 5071 678 5140 ponit:
732 5061 778 5140 ‘«_
825 5065 1011 5140 Martir
1050 5061 1402 5140 Landulphus
1429 5063 1598 5140 rubr.
1639 5062 1878 5140 charact.
1923 5081 1950 5113 »
2026 5061 2087 5140 Ψ
2137 5079 2218 5140 an
2256 5061 2580 5118 obinanita?
2653 5063 2716 5095 δῖε
2763 5061 3000 5120 Titulus:
3052 5067 3127 5120 De
3175 5076 3351 5120 morte
3397 5064 3628 5120 Arialdi.
3667 5067 3729 5120 Α.
3763 5064 3855 5116 A‘.

498 5134 618 5195 A“.
649 5138 894 5206 Qualiter
919 5136 1174 5191 Arialdus
1201 5150 1232 5190 a
1271 5135 1497 5205 perfidis
1534 5134 1796 5204 martyrio
1827 5139 2143 5189 coronatur.
2185 5136 2243 5189 B.

2066 5225 2282 5280 ΝΟΤᾸΞ.

543 5316 735 5400 ,(129)
789 5318 922 5372 Eum
975 5315 1064 5371 die
1111 5314 1282 5371 altera
1328 5313 1678 5385 praevaluisse
1719 5312 2003 5368 confirmat
2031 5314 2139 5368 Bo-

501 5403 643 5444 11120.

2295 5311 2438 5382 (131)
2468 5316 2768 5370 Mwstorum
2806 5316 3059 5385 refugium
3092 5317 3250 5382 Deus,
3284 5323 3432 5383 etc.;
3473 5329 3524 5370 v.
3567 5311 3855 5384 Fumagalli

2221 5387 2345 5440 Ant.
2397 5387 2568 5455 Long.
2619 5386 2728 5442 Mil.
2771 5388 2860 5455 lll,
2909 5386 3016 5440 232
3063 5388 3157 5456 qui
3205 5402 3323 5443 eam
3361 5401 3392 5442 a
3430 5394 3623 5442 sancto
3662 5387 3852 5440 Lazaro

578 5458 735 5530 (130)
771 5460 988 5514 Minime
1018 5480 1032 5526 ;
1083 5459 1218 5514 dicit
1259 5456 1403 5513 enim
1443 5460 1498 5512 S.
1539 5458 1669 5530 Luc.
1702 5471 1824 5525 vin,
1856 5454 1962 5511 25:
1995 5457 2138 5526 Ergo
2221 5471 2348 5512 saec.
2381 5471 2432 5523 v,
2464 5454 2766 5513 institutam
2798 5472 2917 5514 esse
2947 5454 3119 5528 putat.

499 5527 603 5603 per
623 5527 719 5584 hos
742 5530 814 5584 50
841 5531 953 5586 dies
971 5530 1232 5600 jejunium
1260 5530 1422 5585 nescit
1450 5527 1711 5586 Ecclesia.
