4056 6150
449 252 555 308 947

1537 247 1868 306 LANDULFI
1905 247 2437 306 MEDIOLANENSIS
2473 249 2739 306 CLERJCI

3721 249 3831 303 948

450 377 733 436 biennium
755 375 820 407 ⁸⁸⁸
867 391 983 434 sua:
1031 374 1466 434 consecrationis
1495 373 1638 444 (140)
1694 374 1930 430 domnus
1979 375 2352 438 An-Asca'las
2398 375 2467 430 ad
2508 375 2804 444 capiendas
2843 345 3039 430 domos
3079 377 3134 428 et
3173 373 3394 429 cellaria
3432 375 3831 445 machinasque

450 469 654 527 scimus
688 467 896 524 Arialdi
944 481 1066 524 ossa
1097 472 1153 522 et
1182 479 1384 534 corpus
1422 464 1657 534 qualiter
1694 465 1833 519 male
1865 464 1993 520 olim
2033 467 2089 521 in

451 559 681 616 veritate
712 555 945 614 fuissent
982 558 1200 611 humata
1233 555 1614 623 comperisset,
1657 554 1942 609 curialiter
1971 569 2094 609 cum

452 648 643 718 paucis
687 646 905 702 clericis
940 645 1009 700 ad
1057 644 1237 702 locum
1289 643 1541 710 tendens,
1583 656 1706 698 ossa
1737 657 1860 713 qua:
1891 643 2093 698 habere

453 737 634 806 potuit
665 735 951 806 colligens,
993 734 1049 790 in
1080 733 1312 789 ecclesia
1358 733 1535 789 sancti
1579 732 1825 803 Dionysii
1856 732 2096 788 humavit

458 825 575 897 (an.
614 823 800 894 1075).
839 826 913 882 Ea
945 829 1268 892 tempestate
1307 837 1430 880 cum
1461 823 1753 891 capitanei,
1788 835 1929 892 quos
1958 824 2096 877 Her-

454 914 760 973 lembaldus
808 928 838 969 a
885 913 1102 970 civitate
1151 913 1266 969 suis
1313 927 1436 969 cum
1485 911 1816 968 factionibus
1874 911 2096 981 expule-

455 1009 558 1070 rat,
614 1003 789 1073 parati
854 1003 994 1058 mori
1043 1017 1203 1072 quam
1271 1002 1560 1059 inhoneste
1622 1003 1829 1069 vivere,
1886 1002 2096 1058 viribus

454 1093 804 1162 reintegratis
851 1093 1042 1148 urbem
1101 1093 1359 1162 paulatim
1413 1093 1702 1158 intrantes,
1759 1092 1906 1148 cives
1956 1105 2097 1162 quos

453 1182 657 1239 habere
695 1187 970 1251 poterant,
1012 1197 1198 1238 secum
1237 1187 1382 1238 stare
1431 1196 1494 1238 ac
1533 1180 1681 1238 feudi
1730 1183 1968 1238 retinere
2001 1183 2096 1251 ju-

453 1272 750 1342 rejurando
797 1271 1158 1329 afﬁrmabant.
1222 1275 1400 1328 Pauco
1449 1279 1629 1329 autem
1681 1278 1926 1343 tempore
1975 1287 2096 1328 cum

456 1361 722 1420 ordinarii
770 1367 1020 1419 sanctum
1066 1362 1264 1419 crisma
1313 1363 1380 1418 ad
1429 1363 1605 1418 sancti
1664 1363 1866 1432 pascha
1917 1361 2100 1418 fontes

459 1451 868 1509 consecrandos
913 1452 1108 1508 devote
1165 1452 1542 1518 adduxissent,
1595 1452 1664 1506 ab
1714 1450 2098 1507 Herlembaldo

459 1538 695 1600 fustibus
741 1546 795 1598 et
842 1543 1149 1600 terroribus
1167 1541 1230 1574 ⁸⁵⁵
1278 1542 1562 1598 constricti
1601 1546 1765 1610 atque
1803 1542 2002 1610 coacti,
2044 1543 2100 1597 in

459 1635 651 1689 sancto
708 1632 936 1688 sabbato
1000 1633 1180 1701 ipsum
1238 1633 1292 1688 in
1351 1633 1565 1688 theatro
1623 1632 1914 1687 duxerunt.
1983 1633 2100 1698 Quo

2176 466 2419 521 diversas
2459 471 2762 534 portarent,
2807 465 3118 520 ordinabat.
3161 465 3432 534 Praeterea
3472 473 3693 520 secrete
3733 481 3830 519 or-

2177 556 2384 610 dinavit
2413 555 2639 609 baiistas
2677 569 2742 608 ac
2772 552 3194 620 fundibuiarios,
3245 529 3420 608 scalas
3461 555 3832 624 triangulares

2177 645 2405 700 ferratas
2453 643 2682 699 inferius
2736 658 2834 712 per
2879 645 3204 722 semetipsas
3251 649 3459 698 stantes
3511 644 3830 700 cubitorum

2176 735 2388 805 viginti.
2424 734 2519 788 His
2548 735 2732 802 itaque
2763 734 3088 802 compositis
3117 748 3180 787 ac
3211 734 3461 788 oratione
3491 734 3634 788 facta
3669 735 3834 789 lucu-

2176 825 2344 891 lenta,
2386 825 2443 879 in
2482 839 2589 893 qua
2627 824 2742 878 suis
2779 837 3002 893 magnas
3032 823 3248 877 divitias
3286 823 3519 878 celestes
3550 829 3606 878 et
3643 824 3833 878 huma~

2178 929 2275 970 nas
2314 915 2666 982 honoresque
2704 914 2970 967 maximos
3009 913 3386 982 promittebat,
3420 915 3696 983 praecepit
3735 914 3832 968 mi-

2177 1003 2369 1059 litibus
2406 1010 2718 1072 ceteraaque
2764 1002 3128 1067 multitudini,
3171 1009 3232 1057 ut
3278 1003 3471 1056 armati
3513 1003 3568 1057 in
3613 1003 3829 1057 theatro

2179 1092 2306 1148 dato
2345 1092 2502 1162 signo
2543 1093 2805 1148 citissime
2837 1091 3215 1147 convenirent.
3260 1093 3332 1145 Ac
3365 1092 3432 1145 ab
3472 1091 3650 1146 altera
3683 1099 3830 1160 parte

2181 1182 2452 1251 eapitanei
2483 1196 2606 1238 cum
2639 1181 2830 1251 populi
2861 1187 3037 1250 parte,
3071 1181 3159 1235 cui
3191 1180 3566 1235 Herlembaldi
3598 1181 3831 1236 intentio

2180 1272 2514 1338 innotuerat,
2560 1272 2662 1326 viri
2723 1277 3123 1340 cognoscentes
3169 1269 3493 1324 industriam
3544 1269 3829 1338 praeliique

2182 1361 2555 1428 calliditatem,
2581 1376 2646 1416 ac
2678 1360 2882 1417 bellum
2915 1359 3072 1415 civile
3103 1358 3391 1414 adversum
3421 1373 3547 1413 sese
3579 1359 3837 1413 curiosis-

2181 1453 2315 1507 sime
2356 1452 2677 1521 praeparari,
2709 1451 2814 1505 sibi
2847 1457 2902 1504 et
2939 1450 3066 1504 filiis
3095 1464 3158 1504 ac
3197 1450 3465 1504 uxoribus
3495 1462 3692 1503 necem
3727 1457 3832 1503 tur»

2182 1542 2460 1610 pissimam
2498 1539 2687 1595 inferri
2717 1540 3003 1606 ltimentes,
3039 1539 3201 1609 paulo
3241 1539 3404 1594 citius
3441 1538 3832 1594 Herlembaldo

2186 1631 2254 1685 ad
2308 1630 2512 1685 bellum
2567 1631 2760 1685 armati
2801 1635 2854 1685 et
2893 1629 3126 1684 viriliter
3165 1629 3458 1698 praeparati
3510 1634 3664 1682 sunt.
3723 1630 3831 1682 Hoc

461 1720 649 1787 ducto,
717 1735 841 1778 cum
871 1720 933 1754 ⁸⁵⁸
999 1722 1094 1778 diu
1159 1737 1326 1792 super
1390 1724 1495 1778 hoc
1560 1722 1841 1793 negotium
1906 1722 2164 1792 adver-B
2188 1719 2418 1775 audiens
2455 1719 2892 1785 Herlembaldus,
2925 1719 3152 1772 loricam
3191 1717 3572 1772 admirabilem
3612 1717 3833 1772 indutus

460 1825 555 1866 sus
601 1811 728 1868 illos
775 1812 1009 1880 pessime
1060 1811 1355 1868 detrahens
1383 1827 1447 1868 ac
1495 1827 1634 1869 nova
1673 1813 1893 1868 nomina
1932 1813 2100 1869 inho-

461 1906 617 1956 nesta
673 1900 783 1956 iiiis
837 1902 1128 1971 imponens
1183 1902 1599 1958 Herlembaldus
1655 1903 2099 1968 concionaretur,

461 1989 620 2046 furiis
719 1990 1032 2047 saevissimis
1131 1997 1456 2060 commotus,
1561 1995 1808 2048 sanctum
1906 1994 2103 2047 crisma

463 2079 532 2134 ab
607 2079 826 2136 illorum
903 2080 1154 2137 manibus
1224 2095 1432 2137 summa
1505 2096 1627 2137 cum
1701 2082 2104 2151 vituperatione

465 2168 733 2239 diripiens
772 2184 838 2226 ac
883 2169 1001 2240 ipse
1031 2171 1146 2226 suis
1183 2171 1434 2226 manibus
1469 2171 1526 2226 in
1557 2177 1757 2226 terram
1797 2169 2100 2237 effundens,

465 2258 700 2330 pedibus
730 2266 786 2315 et
834 2260 1071 2316 fustibus
1124 2261 1419 2316 multorum
1467 2261 1622 2330 quasi
1671 2261 1845 2316 lutum
1900 2260 2104 2316 nullam

463 2349 831 2406 reverentiam
869 2351 1072 2407 divinis
1117 2351 1472 2406 sacramentis
1529 2351 1845 2406 habentium
1885 2349 2105 2406 concul-

464 2438 576 2493 cari
613 2437 745 2495 fecit
779 2439 952 2512 (141).
984 2443 1027 2496 0
1055 2454 1191 2511 gens
1218 2441 1338 2496 sine
1368 2442 1500 2507 Deo,
1538 2447 1593 2496 et
1621 2454 1655 2496 ο
1695 2439 1955 2509 placitum
1986 2439 2104 2494 sine

461 2533 629 2582 vero!
671 2529 1080 2583 Sacramentum
1129 2529 1234 2585 hoc
1273 2543 1372 2598 per
1408 2529 1633 2585 verbum
1671 2529 1768 2584 Dei
1807 2541 2107 2584 consecra-

463 2621 577 2670 tum
632 2616 766 2685 quid
823 2616 1102 2672 offendit?
1155 2618 1438 2675 «Accedit
1494 2620 1659 2684 enim,
1713 2619 1858 2674 sicut
1913 2619 2107 2673 beatus

462 2705 786 2760 Ambrosius
815 2704 960 2777 (142)
1010 2705 1167 2774 dixit,
1208 2708 1433 2762 verbum
1471 2708 1538 2762 ad
1571 2707 1921 2776 elementum,
1965 2713 2022 2762 et
2047 2707 2107 2762 ﬁt

464 2803 884 2868 sacramentum,
920 2818 946 2847 ι
1003 2804 1059 2854 et
1105 2798 1238 2868 quid
1289 2799 1436 2855 dicat
1488 2799 1823 2869 Augustinus
1860 2805 2104 2865 sanctus,

466 2886 750 2957 intellige:
785 2887 1097 2954 «Quamvis
1143 2888 1406 2957 impudici
1445 2894 1502 2943 et
1548 2889 1814 2944 immundi
1863 2889 1974 2943 sint
2011 2888 2107 2957 qui

469 2982 787 3043 operantur,
836 2975 954 3046 ipsa
985 2977 1104 3044 ejus
1141 2978 1404 3031 sanctitas
1453 2977 1625 3046 pollui
1675 2991 1785 3032 non
1818 2982 2020 3046 potest,
2053 2982 2108 3031 et

2186 1823 2386 1879 equum
2417 1809 2722 1863 ascendens
2751 1807 3079 1876 feriendum,
3114 1822 3177 1862 ac
3217 1807 3334 1876 ipse
3374 1820 3536 1861 manu
3579 1806 3828 1862 vexillum

2185 1906 2399 1965 tenens,
2433 1912 2556 1953 cum
2585 1897 2774 1968 paucis
2803 1905 3042 1953 armatus
3076 1903 3131 1952 et
3161 1897 3488 1966 Leoprando
3518 1897 3824 1962 sacerdote,

2186 1991 2280 2060 qui
2319 1995 2374 2045 et
2419 1990 2538 2059 ipse
2578 2003 2796 2044 crucem
2846 2003 3007 2043 manu
3046 1989 3295 2059 gestabat
3335 1988 3584 2057 propria,
3625 2003 3737 2042 non
3775 1994 3827 2043 ut

2187 2079 2389 2134 bellum
2419 2079 2657 2142 sedaret,
2690 2078 2786 2134 sed
2820 2082 2878 2132 ut
2903 2078 3174 2133 bellantes
3203 2091 3333 2133 suos
3364 2077 3552 2146 potius
3582 2077 3827 2131 incitaret

2187 2168 2458 2235 hostibus,
2511 2174 2565 2223 et
2616 2169 2734 2237 ipse
2792 2168 2967 2223 hostis
3015 2167 3244 2222 exiliens
3282 2181 3346 2221 ac
3384 2167 3556 2220 barba
3599 2181 3627 2220 e
3668 2167 3828 2222 lon'ca

2188 2263 2450 2325 extracta,
2483 2263 2544 2312 ut
2570 2258 2770 2326 terrori
2801 2257 2973 2327 magis
3000 2256 3164 2324 foret,
3197 2271 3317 2312 sese
3349 2255 3525 2310 dedit.
3569 2257 3705 2310 Cum
3740 2271 3829 2311 au-

2188 2354 2298 2402 tem
2336 2348 2425 2402 hic
2455 2346 2664 2416 primus
2702 2347 2817 2401 suis
2847 2360 2956 2401 non
2989 2346 3292 2414 expectatis
3321 2345 3547 2399 armatis
3587 2351 3639 2398 et
3676 2347 3832 2414 signo

2189 2438 2339 2504 dato,
2382 2436 2775 2507 perplurimum
2833 2437 2947 2491 suis
3003 2434 3288 2490 confidens
3333 2434 3566 2501 viribus,
3609 2434 3836 2488 maxime

2189 2528 2317 2597 quia
2356 2534 2480 2582 ante
2513 2542 2542 2582 e
2588 2527 2808 2582 civitate
2847 2525 2973 2581 illos
3011 2524 3311 2595 fugaverat,
3345 2524 3549 2578 bellum
3593 2524 3832 2589 initians,

2190 2615 2396 2671 lanceis
2433 2629 2497 2670 ac
2536 2616 2760 2671 ensibus
2799 2613 3079 2684 perfossus
3118 2614 3326 2684 primus
3365 2618 3418 2669 et
3455 2614 3606 2667 inter
3636 2614 3839 2682 primos

2191 2704 2503 2761 cecidit°°°.
2572 2707 2677 2760 Sed
2737 2705 2931 2761 effecto
2996 2705 3145 2760 bello
3191 2719 3254 2759 ac
3305 2704 3402 2760 Dei
3461 2704 3837 2758 misericordia

2192 2796 2383 2866 paucis
2439 2796 2690 2863 mortuis,
2750 2809 2813 2850 ac
2869 2795 2989 2850 sine
3055 2794 3352 2849 multorum
3407 2799 3615 2864 strage,
3685 2808 3836 2863 quam

2191 2885 2412 2956 quidam
2465 2899 2532 2940 ex
2589 2885 2725 2954 ipsis
2789 2885 3000 2954 magnis
3065 2884 3353 2938 ﬁrmabant
3419 2884 3836 2946 assertionibus,

2192 2975 2424 3030 devictis
2453 2979 2617 3044 atque
2657 2973 2856 3045 fugatis
2885 2974 3161 3039 omnibus,
3197 2988 3338 3043 quos
3378 2987 3486 3028 non
3518 2975 3618 3028 Dei
3650 2973 3841 3027 caritas

469 3064 617 3132 quod
647 3064 830 3118 verbis
858 3065 1187 3134 evangelicls
1217 3071 1272 3120 et
1300 3079 1398 3135 per
1428 3066 1708 3122 adulteros
1739 3071 1794 3121 et
1823 3068 1879 3121 in
1910 3066 2117 3122 adulte-
2138 3067 2180 3128 C.
2199 3065 2294 3120 sed
2321 3066 2462 3119 mala
2492 3078 2580 3120 res
2610 3069 2928 3130 armaverat,
2957 3064 3109 3120 solus
3137 3063 3397 3118 sacerdos
3425 3068 3480 3117 et
3509 3063 3736 3118 clericis
3758 3065 3841 3132 qui

471 3165 564 3207 ros
599 3159 848 3208 sanctum
879 3157 982 3209 est.
1016 3174 1043 3203 ιο
1085 3154 1223 3221 Quid
1255 3154 1323 3209 de
1357 3160 1520 3225 gente
1557 3156 1909 3211 vesanissima
1940 3170 1969 3210 a
1998 3158 2110 3212 Deo

470 3241 642 3297 oblita
679 3241 902 3298 dicam?
957 3244 1054 3299 Dei
1102 3245 1184 3299 ira
1222 3259 1390 3314 super
1437 3245 1711 3301 civitatem
1768 3245 2110 3314 apertissime

471 3331 658 3387 multis
707 3332 933 3401 judiciis
997 3335 1302 3404 emittente,
1361 3341 1552 3391 sancto
1611 3336 1882 3405 baptismo
1937 3335 2112 3391 sancti

470 3435 651 3492 pascas
681 3421 974 3479 criminose
1005 3424 1336 3495 interrupto,
1368 3429 1589 3480 ventum
1621 3431 1703 3480 est
1732 3425 1799 3479 ad
1831 3425 1975 3480 diem
2006 3439 2116 3479 ma-

463 3511 604 3581 joris
633 3511 976 3578 ebdomadae,
1011 3527 1122 3582 quo
1162 3515 1433 3584 capitanei
1463 3517 1572 3584 jam
1603 3528 1715 3570 non
1753 3515 1982 3584 private,
2016 3513 2114 3570 sed

467 3600 687 3671 publice
716 3602 802 3656 sui
831 3601 944 3658 fedi
969 3601 1031 3632 ⁸⁸⁸
1069 3618 1133 3660 ac
1183 3604 1541 3675 proprietatis
1583 3605 1859 3660 retinendi
1896 3604 2114 3660 curiose

467 3690 807 3761 satagebant.
855 3694 991 3748 Dum
1021 3693 1140 3749 haec
1179 3694 1501 3763 agebantur,
1541 3694 1958 3750 Herlembaldus
1996 3694 2116 3750 haec

471 3781 654 3835 omnia
683 3793 784 3836 suo
815 3781 1000 3836 studio
1040 3783 1220 3852 parari
1269 3784 1608 3850 existimans,
1641 3790 1698 3839 et
1735 3783 1970 3838 animam
2005 3784 2115 3852 jam

473 3881 594 3923 esse
623 3869 678 3924 in
710 3870 961 3924 manibus
991 3870 1320 3942 dijudicans,
1349 3873 1500 3930 solus
1529 3873 1684 3943 quasi
1707 3873 1819 3928 dux
1842 3873 2114 3928 theatrum

475 3970 607 4012 suos
645 3956 1007 4016 confortando
1045 3975 1109 4017 ac
1157 3961 1501 4021 cohortando
1551 3963 1619 4020 ad
1668 3963 1871 4019 bellum
1921 3976 2117 4033 regens

476 4046 653 4117 praelii
705 4051 1016 4106 necessaria
1063 4052 1392 4121 ordinabat;
1447 4055 1580 4123 quin
1620 4055 1783 4110 etiam
1821 4054 1878 4108 in
1927 4053 2118 4123 primis

475 4136 696 4194 sibimet
741 4137 1035 4210 vexillum,
1086 4141 1288 4197 milites
1341 4148 1398 4198 et
1457 4143 1671 4214 pedites
1726 4143 1962 4208 exinde,
2022 4143 2115 4212 qui

2195 3154 2410 3209 dissidii
2467 3155 2638 3210 totius
2693 3153 2991 3210 fomentum
3051 3153 3248 3220 fuerat,
3300 3152 3686 3221 Leoprandus,
3718 3165 3842 3207 naso

2195 3250 2250 3299 et
2288 3244 2512 3299 auribus
2550 3249 2675 3313 post
2721 3244 2934 3313 aliquot
2982 3244 3102 3298 dies
3151 3242 3455 3308 mutilatas,
3497 3242 3705 3311 gaudio
3747 3244 3839 3296 im-

2197 3347 2387 3389 menso
2437 3332 2626 3388 civitas
2675 3338 2789 3389 tota
2837 3347 3081 3402 paceque
3129 3333 3327 3400 adepta
3386 3331 3601 3399 repleta
3650 3337 3755 3385 est.
3793 3333 3842 3386 Si

2197 3424 2343 3480 enim
2412 3423 2648 3478 civitatis
2713 3422 2882 3477 totius
2946 3421 3158 3477 meritis
3223 3421 3576 3491 exigentibus
3623 3420 3844 3474 victoria

2198 3513 2450 3570 hostibus
2481 3513 2606 3567 data
2645 3511 2859 3578 fuisset,
2895 3518 2949 3566 et
2992 3511 3310 3580 frequentes
3339 3511 3535 3564 armati
3566 3511 3842 3580 aliquanto

2200 3604 2363 3659 citius
2419 3603 2824 3668 convenissent,
2879 3607 2937 3657 ut
2977 3600 3226 3671 profecto
3285 3601 3682 3670 comperimus,
3738 3614 3845 3654 ma-

2200 3693 2379 3750 chinis
2415 3706 2599 3748 rerum
2651 3691 2990 3748 diversarum
3037 3691 3296 3753 inventis,
3327 3704 3452 3759 qua:
3489 3689 3661 3759 hujus
3701 3695 3847 3744 erant

2200 3783 2451 3839 ordinate
2490 3781 2702 3851 ﬂagitii,
2743 3786 2803 3835 ut
2858 3780 2938 3834 illi
2997 3780 3144 3835 cives
3183 3779 3277 3849 qui
3336 3779 3608 3849 angustiis
3676 3785 3843 3834 arcta-

2200 3873 2400 3927 bantur
2431 3872 2770 3938 asserebant,
2806 3870 2927 3939 ipso
2959 3869 3050 3926 die
3084 3884 3209 3939 pars
3240 3873 3353 3924 tota
3393 3867 3670 3924 nobilium
3701 3868 3849 3938 quasi

2199 3962 2348 4018 Silia:
2404 3961 2489 4017 vel
2546 3961 2698 4016 Marii
2754 3965 3001 4029 tempore
3041 3974 3165 4015 cum
3216 3957 3420 4028 populo
3481 3958 3589 4013 sibi
3643 3956 3850 4012 favente

2200 4052 2400 4123 gladiis
2437 4052 2779 4120 diversisque
2810 4050 3099 4106 tormentis
3127 4048 3375 4104 funditus
3405 4048 3717 4102 interisset.

2271 4140 2360 4194 31.
2405 4139 2509 4210 (IV,
2557 4139 2624 4210 1.)
2676 4139 2772 4194 His
2813 4139 2871 4170 ⁶⁶¹
2923 4145 3103 4194 autem
3153 4139 3353 4207 causis,
3385 4138 3589 4208 quibus
3637 4137 3699 4191 hi
3748 4145 3849 4191 tres

1860 4225 1872 4254 ,
2012 4239 2016 4244 .

474 4303 690 4367 prorsus
725 4290 832 4367 rt“.
866 4292 1092 4367 exhibet,
1132 4294 1224 4350 sed
1252 4296 1516 4367 ineptegin
1550 4300 1695 4352 textu
1723 4221 2552 4366 ipso‘iftxr:1
2605 4291 2642 4345 i.
2695 4305 2751 4360 p.
2803 4292 2869 4344 H.
2919 4305 2965 4345 s.
3014 4305 3062 4346 c.
3092 4304 3157 4367 _o.
3213 4304 3285 4367 ιιι.
3328 4289 3663 4367 ceremoniis
3702 4289 3853 4367 quasi

475 4361 676 4438 rubeis
703 4362 1115 4438 characteribus
1179 4368 1236 4421 in
1287 4361 1530 4438 margine
1589 4382 1712 4438 qure
1743 4361 2097 4436 'scqnuntur.
2157 4367 2358 4438 versus
2413 4377 2600 4438 super,
2657 4367 2755 4438 etc.
2815 4377 2979 4438 usque
3036 4361 3261 4438 ad__nati_
3314 4362 3471 4438 quasi
3502 4373 3734 4438 nov-um1
3761 4366 3851 4438 etcf.

477 4433 541 4508 “‘1
569 4435 624 4488 in
646 4435 709 4508 β,
744 4433 1042 4508 rubricator
1068 4437 1123 4508 in
1160 4433 1432 4508 margine?
1472 4433 1685 4494 scilicet
1721 4433 2088 4494 blLXXXXVl.

2183 4436 2246 4467 ⁸³⁷
2295 4436 2435 4490 deest
2484 4431 2542 4489 B.
2591 4434 2764 4504 spatio
2813 4433 3013 4488 relicto.
3106 4431 3172 4463 ⁸⁸⁸

3229 4432 3358 4486 dum
3417 4433 3475 4486 B.
3583 4429 3648 4459 ⁸⁸³
3709 4430 3849 4484 feudi

479 4507 562 4562 Bl.
642 4504 705 4580 “_°
759 4506 814 4560 in
869 4508 943 4580 Βἱ
995 4503 1296 4564 rubricatof
1349 4510 1403 4564 in
1458 4511 1730 4580 margine;
1791 4511 2072 4565 Occiditur
2118 4505 2535 4564 Herlembaidus
2590 4503 2656 4560 ab
2715 4505 2954 4580 Arualdi}
3013 4504 3080 4580 de
3114 4505 3350 4580 Haude,_
3386 4509 3481 4580 ιιιΔ
3502 4503 3637 4580 alibi
3701 4516 3848 4580 repe-

481 4579 622 4634 ritur
666 4575 762 4648 (se.
795 4593 883 4650 ap.
911 4579 1083 4636 Laud.
1115 4583 1236 4637 Jun.
1269 4598 1315 4635 ο.
1356 4580 1476 4651 44.)
1519 4575 1760 4652 εἴραιιίο
1818 4583 2072 4653 inferius:
2133 4582 2333 4653 Versus
2389 4592 2556 4653 super
2593 4576 2852 4653 sepulch
2908 4575 3276 4653 l-lerle_mb_aldi
3337 4575 3534 4653 inus.“
3569 4575 3848 4653 Dionisio,

481 4664 643 4722 quem
674 4657 988 4705 sanctorum
1021 4653 1302 4708 martirum
1342 4653 1557 4708 cathalo

1561 4645 1644 4736 go
1661 4645 1942 4736 annotavit
1981 4653 2230 4736 Urbanus
2255 4652 2338 4736 ‘ll,’
2361 4645 2881 4736 qui—cumniirnulfo
2929 4648 3346 4736 archiepiscopo
3398 4645 3695 4736 hledioiani
3734 4659 3841 4728 eor-

483 4717 585 4796 pus
615 4721 736 4791 ejus
765 4722 1050 4796 tumulavit
1084 4723 1212 4777 1091
1247 4725 1434 4796 (potius
1471 4717 1670 4794 1095.),
1699 4727 1827 4794 quia
1865 4725 1983 4794 ipse
2035 4717 2472 4796 l-lerlembaldus
2495 4718 2794 4796 vexillifer_
2837 4719 3069 4796 ecclesie
3119 4725 3173 4772 et
3213 4725 3363 4796 tutor
3409 4719 3477 4772 ah
3525 4717 3844 4796 adversariis

482 4786 726 4849 Romane
758 4793 991 4850 ecclesie
1022 4786 1404 4854 occisus'est.
1453 4797 1552 4850 Hic
1611 4786 2028 4852 lleriembaldus
2080 4795 2240 4850 miles
2273 4792 2473 4849 Christi
2532 4790 2866 4846 reverendus
2923 4790 3176 4845 Occissus
3208 4789 3428 4858 tegitur,
3489 4789 3585 4857 qui
3633 4786 3832 4843 cellesti

486 4864 549 4934 (ι.
592 4864 696 4920 celi
753 4880 880 4938 cum,
898 4865 1134 4922 Flamma
1163 4883 1251 4938 ap.
1279 4866 1478 4922 Giulini
1506 4870 1604 4934 IV,
1647 4867 1800 4938 319.)
1834 4868 1963 4923 sede
1997 4868 2237 4936 potitur;
2272 4867 2517 4920 incestus
2555 4863 2815 4938 reprobat
2843 4862 3102 4916 simonias
3131 4867 3185 4915 et
3224 4861 3351 4938 quia
3381 4860 3662 4938 dampnat,
3707 4861 3841 4938 Hunc

483 4933 714 5010 Veneris
741 4936 884 4992 servi
925 4933 1212 5010 perimunt"
1238 4933 1597 5010 Simonisque
1634 4933 1876 5010 maligni.
1920 4933 2170 4994 Urbanus
2208 4950 2456 5010 summus
2501 4934 2685 5004 presul
2735 4935 3023 5010 dictusque
3069 4933 3366 5010 _secu_nd_us,
3406 4933 3607 5010 Noster
3656 4939 3708 4986 et
3734 4935 3841 5010 ar:

485 5007 669 5081 nulqu
697 5014 885 5078 pastor
923 5003 1046 5078 pius
1082 5017 1246 5080 atque
1287 5003 1558 5081 benignus
1613 5003 1794 5081 Hujus
1821 5011 2062 5066 membra
2117 5009 2219 5065 viri
2277 5003 2881 5081 tu_n_iultant_translata
2935 5003 3104 5059 beati.
3153 5003 3367 5081 _Ea_dem
3397 5003 3525 5081 _A".

485 5080 540 5165 in
568 5081 748 5165 codice.
765 5095 932 5165 “quem
964 5083 1244 5165 exscﬁpsit
1283 5080 2227 5165 in.mili'gineulegi.rubiisncitqract.

2321 5007 2571 5062 imultant
2622 5006 2881 5060 translata
2939 5005 3104 5059 beati.
3164 5004 3367 5059 Eadem
3423 5004 3525 5057 A".
3587 5004 3835 5057 attentarit

2321 5079 2376 5108 ⁶⁶¹
2429 5078 2628 5147 Incipit
2681 5077 2822 5132 liber
2869 5083 3098 5145 quartus
3135 5074 3201 5130 de
3242 5074 3481 5130 Henrico
3523 5075 3836 5147 imperatore

488 5157 544 5207 et
572 5146 837 5218 Rodolfo,
870 5157 925 5207 et
954 5153 1022 5210 de
1051 5146 1190 5210 actis
1218 5146 1821 5221 comitisse'Mathiidis,
1855 5159 1908 5209 et
1947 5150 2319 5222 Hyldeprandi
2359 5146 2677 5222 cardinalis,
2730 5148 2822 5222 qui
2864 5154 2989 5222 post
3015 5146 3403 5222 Alexandrum
3454 5146 3510 5222 fit
3561 5161 3696 5222 papa
3728 5146 3840 5198 Gre.

491 5223 681 5296 gorius
709 5217 972 5296 Vllailis,
1005 5229 1102 5280 etc.
1134 5225 1253 5281 A“.
1286 5227 1345 5282 Β.
1380 5225 1578 5296 incipit
1617 5225 1684 5281 de
1724 5217 1962 5282 Henrico
1995 5217 2326 5296 imperatore
2366 5228 2421 5276 et
2451 5219 2686 5296 ltodulfo
2717 5227 2774 5276 et
2810 5219 2956 5274 bello
3005 5219 3291 5296 Sansoni_e,
3325 5217 3837 5296 qu9_ins_titutokcof

493 5287 702 5352 initisse
731 5287 970 5353 Matildis
1001 5303 1056 5368 et
1084 5297 1440 5368 Oldeprandi,
1471 5287 1738 5354 nobilium
1778 5303 1834 5354 et
1861 5297 2006 5366 vulgi
2045 5287 2226 5366 strage
2262 5295 2403 5349 facta
2451 5291 2695 5348 inaudita
2739 5297 3012 5361 patratum
3058 5295 3161 5346 est.
3212 5287 3350 5360 Cap.
3395 5287 3485 5344 3i.
3535 5289 3631 5344 His
3675 5291 3763 5344 Δί.
3789 5289 3829 5337 ει

2067 5439 2283 5494 ΝΟΤίΕ.

498 5369 774 5424 atteslante
804 5367 936 5426 Hor.
970 5367 1166 5426 Blanco
1198 5367 1278 5425 co.
1309 5372 1371 5426 Α.

571 5509 714 5582 (140)
751 5511 941 5582 Itaque
980 5525 1030 5566 a.
1075 5511 1213 5566 1099
1248 5512 1331 5569 vel
1375 5513 1533 5567 1100.

566 5579 720 5654 (141)
758 5579 888 5648 Quae
932 5584 1090 5638 annis
1133 5583 1268 5638 1074
1299 5591 1354 5640 et
1389 5584 1524 5638 1075
1570 5584 1908 5651 acciderunt,
1951 5581 2138 5638 confu-

2220 5508 2364 5565 disse
2395 5506 2631 5562 videtur.
3403 5544 3405 5546 .

2291 5578 2436 5646 (142)
2477 5580 2590 5633 imo
2618 5575 2974 5647 Augustinus,
3007 5576 3062 5629 in
3087 5576 3245 5631 Joan.
3277 5577 3508 5642 Evang.,
3539 5589 3592 5639 x,
3624 5572 3713 5625 80.
