4056 6150
184 298 299 355 949

1224 301 1536 358 HISTORIA
1570 297 2121 357 MEDIOLANENSIS.
2160 326 2232 339 --
2266 298 2393 354 LIB.
2431 298 2526 354 III.

3455 296 3564 354 950
3618 266 3625 269 ,

184 439 312 482 cum
358 424 552 494 paucis
604 423 768 478 vitam
822 422 1016 480 ﬁniere
1072 425 1360 481 humanam
1416 427 1745 488 terminatis,
1804 426 2089 487 aAtotius
2119 429 2280 480 terrae
2310 425 2701 480 thetrarcatum
2731 421 2816 490 ⁸⁸⁸,
2843 424 2912 478 ab
2941 423 3272 492 imperatore
3300 424 3562 482 Heinrico

183 527 297 584 quo
329 511 482 569 fonte
530 512 648 568 haec
706 513 958 570 universa
1015 515 1269 584 epistolis
1326 516 1511 571 multis
1566 517 1830 571 intercur-

183 604 440 659 rentibus
514 610 898 669 manaverunt,
967 606 1207 675 posteris
1271 605 1526 660 ﬁdelibus
1591 611 1645 660 et
1693 604 1835 659 hanc

179 693 475 749 ecclesiam
505 692 867 763 diligentibus
895 701 956 748 ut
994 694 1214 749 sibimet
1252 694 1609 764 prmvideant,
1651 701 1836 749 cetera

178 782 424 837 ﬁdeliter
453 782 747 837 enucleare
784 782 1011 838 curabo.
1064 784 1235 855 igitur
1282 785 1564 839 comitissa
1601 783 1838 839 Matildis

180 871 248 905 κ’
288 885 414 927 cum
442 872 554 941 jam
601 871 819 927 duobus
866 870 1127 928 fratribus
1178 873 1465 939 emortuis,
1513 887 1654 943 quos
1698 874 1839 928 lien-

184 960 294 1017 rici
324 962 389 1016 iV
420 960 771 1030 imperatoris
815 962 1117 1018 calliditate
1147 964 1364 1019 occisos
1392 962 1511 1019 fore
1550 962 1834 1028 credebat,

185 1063 313 1106 sese
350 1049 521 1106 solam
568 1052 919 1121 superstitem
967 1051 1179 1119 videns,
1237 1057 1494 1121 serpente
1552 1053 1647 1121 qui
1706 1051 1837 1107 olim

187 1139 607 1211 protoplaustos
669 1141 727 1197 in
794 1141 1048 1211 paradiso
1108 1143 1204 1197 Dei
1269 1141 1489 1211 decepit
1545 1140 1835 1207 callidior,

187 1229 370 1299 ipsum
410 1243 667 1299 quaerens
694 1230 1081 1300 imperatorem
1116 1245 1146 1285 a
1184 1243 1357 1301 regno
1406 1230 1642 1300 privare,
1694 1229 1840 1285 dolis

188 1318 528 1373 acutissimis
568 1333 680 1374 non
727 1320 893 1375 armis
930 1320 1206 1386 laborans,
1249 1320 1485 1389 septimo
1514 1320 1578 1350 “'
1608 1319 1841 1375 adhaesit

186 1408 476 1478 Gregorio.
508 1409 639 1475 Quae
669 1423 793 1463 cum
842 1416 1001 1464 antea
1047 1408 1112 1441 ‘“
1156 1410 1309 1479 virgo
1354 1409 1613 1479 Gigonem
1663 1409 1838 1464 virum

187 1497 680 1567 prudentissimum
717 1499 1068 1555 Nurmandite
1113 1499 1310 1555 ducem
1363 1499 1614 1554 maritum
1655 1499 1841 1553 duxis-

188 1591 298 1652 set,
330 1599 430 1656 per
460 1600 665 1657 paucos
712 1602 888 1644 annos
917 1596 1128 1645 morata
1155 1587 1239 1656 ⁸⁸⁸,
1272 1602 1395 1643 sese
1420 1590 1529 1657 jam
1564 1589 1840 1657 pmnitens

1921 515 2182 569 ﬁdelitate
2221 515 2304 569 sui
2346 515 2559 583 imperii
2591 528 2655 569 ac
2692 513 2862 569 totius
2902 514 2988 569 sui
3018 513 3245 568 honoris
3281 523 3562 582 acceptam

1919 618 2093 673 usque
2132 604 2199 659 ad
2249 603 2353 659 hoc
2393 611 2608 673 tempus
2654 602 2935 658 humiliter
2971 617 3035 658 ac
3073 603 3268 658 devote
3318 603 3561 657 tenebat.

1917 696 2049 749 Cum
2082 694 2201 749 haec
2241 694 2423 748 omnia
2461 692 2527 747 ad
2570 692 2920 762 imperatoris
2955 706 3116 747 aures
3161 693 3402 747 seriatim
3445 707 3567 762 per-

1918 784 2217 848 venissent,
2281 782 2651 837 iumanissima
2708 782 2790 836 ira
2843 795 2907 837 ac
2965 781 3159 837 dolore
3215 788 3560 848 commotus,

1922 874 2061 928 hanc
2099 871 2493 927 clandestinam
2524 876 2733 941 pestem
2765 871 3047 941 inopinate
3097 886 3263 941 super
3290 886 3351 926 se
3390 872 3562 927 insur-

1919 965 2136 1029 gentem
2166 961 2378 1026 videns,
2408 961 2674 1017 adversus
2704 960 2993 1017 Redulfum
3025 961 3129 1017 sibi
3161 967 3216 1016 et
3244 974 3414 1031 regno
3448 960 3562 1017 fere

1913 1051 2025 1120 jam
2065 1051 2435 1106 immlnentem
2464 1051 2681 1121 sibique
2720 1052 3043 1121 perjurium,
3076 1052 3170 1122 qui
3210 1051 3371 1107 etiam
3393 1057 3562 1117 totam

1918 1140 2206 1195 Saxoniam
2245 1140 2508 1195 adversus
2544 1155 2667 1196 eum
2724 1147 3045 1207 armaverat,
3102 1155 3223 1196 cum
3279 1141 3395 1196 suis
3449 1154 3567 1197 om-

1920 1229 2083 1286 nibus
2112 1243 2253 1299 quos
2282 1229 2484 1285 habere
2515 1229 2713 1300 potuit,
2746 1243 2895 1285 arma
2917 1231 3180 1300 suscepit.
3202 1231 3565 1298 Quamobrem

1920 1325 2083 1389 gente
2123 1326 2480 1389 utrarumque
2538 1320 2774 1390 partium
2824 1320 3178 1375 inenarrabili
3218 1320 3524 1376 coadunata
3548 1363 3563 1386 ,

1922 1410 2171 1480 praelium
2212 1416 2296 1465 est
2334 1410 2441 1465 tale
2473 1412 2821 1466 commissum
2852 1416 3015 1480 atque
3048 1408 3371 1480 perfectum,
3404 1410 3566 1481 quale

1919 1514 2025 1555 nec
2056 1499 2231 1554 literis
2258 1500 2487 1571 cognovi
2521 1514 2622 1555 nec
2654 1500 2830 1555 oculis
2850 1499 2959 1555 vidi
2992 1514 3093 1556 nec
3114 1501 3340 1555 auribus
3360 1499 3564 1567 audivi,

1920 1603 2024 1645 nec
2064 1590 2264 1660 aliquis
2300 1590 2407 1645 nisi
2466 1592 2560 1661 qui
2616 1589 2866 1645 interfuit
2919 1590 3148 1646 credere
3205 1591 3405 1660 potuit.
3446 1591 3563 1658 Quo

188 1676 424 1731 dominii
453 1677 735 1733 dominum
791 1679 1017 1745 habere,
1077 1693 1200 1734 cum
1235 1678 1462 1733 vernula
1519 1678 1839 1734 consciliata
1922 1680 2065 1734 enim
2106 1679 2251 1735 bello
2275 1693 2397 1735 cum
2438 1685 2597 1741 antea
2636 1679 2863 1734 biduum
2902 1678 3017 1734 suis
3056 1692 3177 1734 cum
3218 1679 3473 1735 omnibus
3506 1679 3564 1734 in

190 1763 525 1834 ﬁdelissima,
588 1767 766 1837 ipsum
819 1768 887 1824 ad
932 1768 1175 1824 cloacam
1222 1782 1390 1839 super
1428 1767 1604 1823 lacum
1642 1762 2173 1839 seden-Bingressu
2255 1770 2505 1826 Saxonis:
2562 1769 2757 1824 castris
2813 1767 3241 1824 consedentibus
3296 1767 3568 1823 universis

189 1860 305 1911 tem
355 1871 453 1927 per
500 1857 753 1927 podicem
814 1858 1054 1914 interimi
1121 1872 1250 1914 ense
1317 1858 1631 1914 cautissime
1687 1857 1837 1913 fecit.
1923 1861 2225 1929 imperator
2252 1859 2493 1925 sederet,
2544 1858 2649 1913 hoc
2689 1857 2797 1913 tale
2836 1857 2989 1913 dedit
3021 1862 3378 1928 praeceptum,
3418 1858 3566 1915 utin

191 1945 325 2001 Haec
366 1945 510 2001 enim
551 1961 673 2002 cum
702 1947 876 2003 totius
905 1946 1019 2003 fere
1065 1948 1277 2003 Tusciae
1308 1953 1362 2002 et
1392 1961 1566 2018 usque
1614 1949 1840 2004 Romam
1923 1950 2100 2019 primo
2139 1950 2228 2005 die
2269 1949 2421 2016 belli,
2454 1948 2716 2017 quicquid
2749 1947 2864 2002 sive
2902 1946 3176 2017 prosperi,
3209 1947 3322 2002 sive
3352 1947 3567 2002 adversi

192 2034 487 2090 comitatus
533 2035 618 2091 sui
668 2042 996 2106 potestatem
1040 2037 1157 2093 sola
1203 2045 1507 2104 exerceret,
1550 2044 1711 2109 pacto
1758 2053 1841 2094 se-
1921 2037 2224 2105 adveniret,
2240 2044 2402 2093 nocte
2424 2037 2846 2106 superveniente
2865 2035 3054 2091 eadem
3076 2037 3232 2107 ignes
3251 2043 3571 2092 tresaccen-

191 2124 503 2180 cretissimo
532 2139 655 2181 cum
684 2126 1056 2197 Oldeprando,
1090 2125 1184 2197 qui
1217 2134 1346 2183 tunc
1378 2127 1597 2182 diaconi
1627 2128 1839 2197 apicem
1924 2130 2206 2194 derentur,
2234 2143 2263 2181 ‹‹
2304 2134 2575 2197 quatenus
2604 2141 2796 2183 omnes
2843 2127 2937 2197 qui
2990 2128 3225 2197 dispersi
3264 2126 3469 2182 fuerint
3505 2141 3570 2183 ac

190 2213 454 2270 Romana:
484 2216 745 2272 Ecclesia:
778 2217 1025 2287 regebat,
1066 2230 1285 2272 necnon
1334 2218 1427 2287 qui
1476 2215 1543 2247 ‘°‘
1590 2217 1842 2287 plurimis

188 2302 457 2359 Romanis
520 2306 738 2360 ossibus
790 2306 975 2361 Albini
1033 2311 1089 2360 et
1143 2306 1326 2361 Ruﬁni
1364 2307 1571 2375 sparsis
1629 2306 1837 2378 (143),

185 2398 468 2461 quatenus
496 2393 616 2447 sine
665 2405 940 2448 consensu
997 2394 1348 2462 imperatoris
1402 2393 1458 2448 in
1516 2394 1839 2464 pontiﬁcatu

180 2480 443 2535 Romano
481 2480 778 2551 eligeretur
834 2487 889 2536 et
927 2489 1373 2549 consecraretur,
1414 2495 1643 2551 operam
1688 2482 1841 2538 dedit

182 2566 305 2640 (an.
345 2567 504 2621 1076.
538 2568 720 2639 ραι).
750 2571 941 2640 itaque
982 2570 1159 2625 electo
1201 2570 1553 2640 Oldeprando
1602 2576 1657 2626 et
1694 2570 1839 2627 idem

180 2662 519 2713 consecrato
591 2658 856 2729 Gregorio
882 2701 897 2725 ,
966 2672 1132 2728 parvo
1188 2663 1432 2715 moratus
1495 2664 1744 2730 tempore
1782 2660 1837 2715 in

180 2744 404 2816 synodo
461 2745 637 2816 prima
693 2752 749 2802 et
815 2747 1015 2803 domna
1072 2747 1311 2803 Matildis
1382 2748 1650 2804 conscilio
1718 2749 1838 2804 sine

184 2834 557 2891 advocatione
613 2833 725 2891 ulla
780 2836 1076 2892 Henricum
1135 2838 1628 2893 excommunicavit
1666 2838 1839 2908 impe-

184 2930 451 2991 ratorem,
493 2924 830 2995 parvissimis
868 2926 1011 2980 datis
1058 2926 1316 2993 induciis,
1349 2928 1454 2982 nisi
1486 2927 1838 2985 investituras

186 3015 607 3085 episcopatuum
638 3014 991 3086 omniumque
1022 3016 1363 3073 abbatiarum
1400 3016 1520 3087 ipse
1551 3016 1832 3073 refutaret.

1920 2218 2088 2273 variis
2145 2217 2467 2282 eventibus,
2508 2220 2571 2270 ut
2616 2216 2673 2270 in
2724 2215 2871 2271 bello
2928 2215 3089 2281 solet,
3132 2214 3290 2270 divisi
3329 2215 3569 2283 fuerint,

1926 2308 2277 2373 conveniant,
2310 2320 2373 2361 ac
2403 2305 2621 2361 demum
2647 2305 2715 2360 ad
2766 2305 2947 2376 ignem
2988 2306 3251 2374 majorem
3288 2305 3358 2359 ad
3398 2318 3483 2361 me
3514 2305 3571 2361 in

1925 2411 2093 2453 unum
2133 2395 2482 2463 conveniant,
2542 2408 2773 2465 seseque
2824 2393 3106 2465 colligant,
3148 2393 3261 2449 sive
3310 2393 3376 2449 ad
3428 2394 3575 2449 inse-

1924 2486 2177 2556 quendos
2214 2486 2423 2553 hostes,
2474 2484 2588 2540 sive
2632 2483 2700 2539 ad
2731 2482 2982 2554 praelium
3040 2481 3479 2538 restaurandum.
3541 2497 3573 2538 »

1922 2576 2025 2630 Ubi
2056 2589 2179 2631 cum
2227 2575 2283 2629 in
2333 2575 2510 2644 primo
2549 2573 2819 2630 bellorum
2868 2585 3142 2629 concursu
3180 2571 3373 2643 viginti
3421 2571 3571 2629 milia

1921 2663 2155 2719 militum
2214 2663 2515 2719 electorum
2554 2664 2609 2718 in
2669 2669 2824 2733 petra
2872 2662 3181 2718 ordinando
3226 2668 3295 2718 ac
3334 2664 3573 2733 praemit-

1920 2754 2089 2809 tendo
2117 2752 2409 2817 amisisset,
2451 2758 2505 2807 et
2543 2753 2611 2807 ab
2648 2751 2901 2807 hostibus
2929 2752 3077 2807 velut
3114 2751 3245 2808 olim
3291 2753 3458 2808 Jonas
3505 2753 3563 2807 in

1918 2856 2068 2898 mare
2098 2857 2129 2897 a
2159 2848 2282 2898 ceto
2313 2842 2521 2897 absorti
2553 2840 2804 2907 fuissent,
2837 2842 2951 2896 suis
2989 2854 3112 2896 cum
3142 2841 3397 2896 omnibus
3424 2840 3565 2895 mili-

1920 2931 2067 2987 tibus
2104 2936 2309 3001 praeter
2346 2929 2490 2997 illos,
2532 2930 2733 2999 quibus
2770 2929 2980 2997 lancea,
3022 2929 3077 2984 in
3117 2943 3225 2999 qua
3254 2930 3349 2985 Dei
3380 2928 3566 2985 clavus

1918 3026 2037 3077 erat
2104 3019 2351 3076 inclusus
2415 3017 2647 3075 Romani
2713 3018 2931 3089 imperii
2995 3018 3423 3074 stabilimentum
3498 3018 3567 3074 ab

187 3103 403 3159 Exinde
461 3118 584 3159 cum
638 3104 759 3160 haec
798 3105 980 3161 omnia
1044 3106 1150 3162 sibi
1207 3105 1385 3163 favere
1451 3105 1721 3175 vidisset,
1782 3095 2171 3167 etChostibus
2210 3108 2538 3176 durissimis,
2591 3109 2905 3174 curabatur,
2965 3108 3226 3164 citissime
3284 3109 3567 3178 occurrit,

190 3192 426 3248 maxime
490 3194 619 3264 quia
666 3192 1033 3250 Mediolanum
1090 3195 1509 3252 Herlembaldus
1546 3210 1668 3252 cum
1722 3195 1839 3251 suis

191 3281 449 3337 omnibus
478 3282 757 3339 cathedris
792 3281 857 3313 ⁸⁸⁷
894 3283 999 3339 sibi
1048 3286 1204 3354 quasi
1250 3286 1572 3356 Apostolico
1610 3286 1838 3341 summis

189 3385 317 3427 cum
350 3371 564 3442 gaudiis
601 3372 658 3427 in
689 3373 944 3428 omnibus
982 3374 1303 3443 deserviret,
1345 3375 1532 3432 multis
1569 3375 1838 3446 epistola-

186 3473 313 3516 rum
341 3461 828 3518 ammonitionihus
874 3462 1223 3532 ammonitus,
1272 3479 1490 3520 necnon
1539 3465 1835 3520 comitissae

188 3550 430 3605 Matlldis
458 3551 875 3621 quamplurimis
911 3551 1320 3609 adulationibus
1354 3567 1638 3621 accensus,
1670 3567 1837 3623 super

188 3638 507 3709 hujusmodi
563 3641 846 3712 negotium
899 3641 1091 3697 sedule
1148 3643 1446 3710 insistens,
1493 3655 1735 3697 canones
1781 3646 1837 3696 et

188 3728 505 3799 registrum,
548 3735 608 3784 ut
646 3729 832 3786 clerici
883 3732 977 3800 qui
1016 3730 1368 3787 investituras
1414 3730 1482 3787 de
1531 3745 1693 3786 manu
1739 3732 1840 3786 im-

187 3819 466 3889 peratoris
501 3819 838 3890 acciperent,
889 3820 957 3875 ab
996 3818 1194 3876 oftlciis
1243 3820 1673 3891 deponerentur,
1725 3821 1838 3892 pri-

186 3921 313 3963 mus
349 3909 603 3979 sataguit.
672 3910 840 3965 Deum
904 3909 1258 3967 ecclesiarum
1329 3911 1705 3967 universarum
1771 3924 1835 3966 ac

187 3997 383 4052 saeculi
410 3999 582 4054 totius
612 4012 746 4067 pace
773 4003 828 4054 et
865 4000 1165 4055 concordia
1203 4006 1409 4070 spreta,
1450 4000 1834 4056 illecebrarum

1921 3206 1977 3256 et
2013 3198 2359 3257 occurrendo
2407 3197 2611 3254 multos
2649 3197 2903 3254 liberavit
2948 3197 3171 3253 virtute.
3217 3197 3406 3268 itaque
3446 3212 3570 3254 cum

1918 3305 2077 3362 reges
2113 3290 2333 3360 utrique
2362 3287 2512 3344 velut
2556 3287 2748 3344 leones
2784 3285 3111 3343 ferocissimi
3151 3285 3396 3341 feraliter
3433 3301 3569 3356 pra:-

1916 3380 2116 3435 liantes
2155 3379 2370 3433 eminus
2398 3376 2805 3441 convenissent,
2859 3381 2976 3430 tota
3025 3374 3115 3429 die
3165 3379 3359 3445 neutra
3413 3381 3569 3443 parte

1916 3469 2201 3525 victoriam
2242 3467 2461 3535 adepta,
2516 3464 2716 3533 gladiis
2753 3461 3111 3518 ferocissimis
3172 3464 3407 3518 invicem
3464 3477 3571 3519 sa:-

1916 3560 2129 3615 vientes
2166 3570 2231 3611 ac
2288 3561 2645 3623 utrarumque
2696 3552 2933 3622 partium
2991 3556 3173 3622 strage
3230 3549 3374 3607 facta
3413 3552 3569 3607 innu-

1917 3644 2188 3711 merabili,
2249 3645 2369 3700 dies
2433 3643 2684 3713 pervenit
2748 3642 2817 3696 ad
2883 3645 3122 3697 noctem.
3191 3640 3364 3710 igitur
3426 3640 3568 3697 focis

1917 3735 2166 3792 accensis
2221 3733 2437 3799 tribus,
2506 3746 2570 3788 ac
2626 3729 2881 3787 omnibus
2938 3729 3033 3800 qui
3074 3727 3309 3800 dispersi
3348 3718 3565 3787 fuerant

1915 3825 2184 3881 militibus
2220 3823 2588 3895 congregatis,
2640 3821 2942 3893 imperator
2987 3817 3395 3875 multitudinem
3442 3819 3569 3877 uni-

1915 3918 2128 3972 versam
2158 3928 2319 3984 quam
2350 3912 2613 3984 colligere
2643 3912 2907 3983 gregatim
2954 3910 3156 3981 potuit,
3207 3909 3393 3967 multis
3438 3925 3563 3967 cum

1915 4005 2171 4076 lacrymis
2198 4002 2476 4059 cohortari
2514 4001 2582 4057 ad
2623 4001 2894 4072 praelium,
2943 3999 3334 4057 ﬁammivomos
3372 4000 3565 4058 oculos

188 4085 408 4143 facetiis
436 4102 499 4143 ac
525 4087 809 4160 diligentia
838 4088 1092 4155 Matildis,
1126 4103 1247 4145 cum
1277 4104 1384 4160 qua
1420 4095 1476 4145 et
1523 4090 1641 4160 ipse
1690 4091 1836 4147 ride-
1916 4096 2084 4152 nimia
2147 4094 2228 4148 ira
2284 4091 2532 4159 habens,
2589 4090 2852 4146 vilissime
2909 4096 3181 4160 coenatus,
3240 4092 3446 4163 cmpit;
3508 4098 3565 4148 et

187 4175 306 4243 bat,
340 4189 601 4233 coronam
630 4177 1025 4233 admirabllem'
1045 4177 1322 4249 lapidibus
1369 4179 1632 4249 pretiosis
1670 4179 1837 4235 intes—
1918 4182 2116 4239 exinde
2171 4179 2409 4253 qualiter
2466 4179 2690 4251 propria
2729 4179 2956 4235 dextera
2995 4185 3338 4251 pugnasset,
3380 4178 3564 4235 nervis

186 4270 302 4321 tam
330 4266 581 4323 Saxonis:
612 4266 740 4323 duci
770 4265 1024 4335 Redulfo,
1066 4273 1336 4339 quatenus
1382 4284 1440 4324 se
1490 4269 1557 4325 de
1602 4269 1835 4340 imperio
1916 4272 2162 4343 ejusdem
2227 4284 2257 4326 a
2321 4266 2519 4340 capulo
2585 4269 2734 4323 ensis
2797 4282 3006 4324 summa
3063 4269 3262 4323 virtute
3318 4270 3561 4324 Saxones

189 4355 439 4412 Romano
488 4356 774 4412 contra“8
803 4358 1095 4414 Heuricum
1127 4359 1192 4413 iV
1216 4372 1399 4428 regem
1421 4358 1833 4427 intromitteret,
1916 4360 2223 4416 truncando
2273 4358 2436 4414 nudis
2482 4356 2876 4428 apparentibus
2934 4355 3252 4421 ostendens,
3305 4355 3566 4426 regaliter

183 4443 381 4511 misit;
459 4459 712 4502 asserens
784 4461 842 4502 se
917 4448 1103 4502 multis
1175 4433 2223 4506 excommunicationibusDuniversam
2281 4447 2579 4503 cohortans
2642 4444 3068 4511 multitudinem,
3124 4443 3270 4499 dona
3332 4444 3466 4499 vivis
3505 4450 3561 4499 et

182 4534 808 4601 excommunicaturum,
844 4540 899 4591 et
947 4537 1066 4606 ejus
1103 4536 1269 4590 armis
1307 4534 1723 4591 admirabilibus
1770 4551 1833 4592 ac
1915 4545 2259 4596 mortuorum
2299 4536 2426 4591 ﬁliis
2472 4550 2536 4591 ac
2591 4534 2807 4591 ﬁliabus
2845 4532 3049 4606 regalia
3102 4532 3375 4604 promisit,
3430 4533 3564 4589 mal-

180 4624 462 4679 Saxonum
528 4624 675 4681 illius
736 4623 936 4696 gladiis
991 4623 1226 4681 viriliter
1284 4631 1673 4695 pugnaturum.
1736 4625 1835 4680 iiic
1916 4627 2037 4683 iens
2066 4627 2204 4683 mori
2259 4640 2420 4696 quam
2450 4639 2611 4682 asuo
2660 4625 2883 4696 perjuro
2920 4623 3085 4690 vinci,
3128 4622 3358 4678 malleus
3385 4624 3471 4678 sui
3503 4630 3560 4679 et

183 4715 334 4771 enim
367 4713 633 4770 Redulfus
667 4713 917 4769 Saxonize
972 4714 1149 4784 ipsum
1198 4714 1479 4781 ducatum,
1521 4714 1696 4783 ipsius
1720 4713 1834 4770 fere
1916 4731 2140 4773 suorum
2179 4716 2411 4771 militum
2449 4728 2685 4786 corpora
2722 4713 2954 4769 viriliter
2988 4713 3232 4769 truncari
3262 4728 3291 4768 e
3324 4709 3556 4784 prmlio,

254 4875 320 4906 ⁸⁸⁸
349 4875 591 4932 maltidis
619 4878 676 4931 Β.
710 4879 873 4930 const.
906 4888 1327 4945 cum—operam
1356 4875 1510 4930 dedit
1538 4805 2342 4945 aggrfgggpggsdudor
2377 4877 2497 4931 vita
2525 4874 2694 4933 Math.
2737 4876 2791 4930 in
2830 4872 3008 4930 Leibn.
3050 4874 3153 4931 SS.
3210 4874 3272 4929 Β.
3324 4875 3549 4931 Brunsv.

182 4950 231 5003 Ι.
271 4963 331 5019 p.
363 4947 490 5002 694.
522 4947 690 5019 verbis
714 4946 929 5018 paulum
957 4949 1186 5003 mutatis.
1265 4946 1431 5019 “fita
1461 4947 1555 5002 A"
1601 4947 1795 5017 quinto
1834 4950 1892 5004 B.
1942 4946 2036 5004 sed
2076 4949 2527 5019 rubﬁcalor7Vil°
2573 4948 2842 5012 correxit,-
2892 4947 3087 5019 quinto
3133 4946 3218 5001 vel
3265 4952 3422 5003 sexto
3468 4947 3553 5004 vel

179 5017 428 5091 septimo
462 5020 554 5076 A'.
630 5018 695 5049 ‘“
720 5017 905 5101 adhuc
954 5020 1011 5102 νε
1051 5019 1219 5102 illum.
1432 5032 1619 5074 secum
1679 5032 1749 5073 m.
1801 5034 1969 5104 super
2023 5035 2082 5076 se
2138 5022 2178 5076 i.
2238 5035 2293 5091 p.
2357 5018 2592 5102 alicujus
2629 5019 2835 5075 habere
2891 5017 3194 5074 dominium
3262 5020 3319 5073 ν.
3378 5018 3550 5099 Matii.

177 5090 245 5123 ‘“
279 5105 406 5147 cum
434 5105 596 5147 uuam
635 5090 885 5147 plurimis
914 5089 1187 5147 relnmosns
1215 5105 1245 5146 e
1284 5088 1484 5146 ﬁnibus
1513 5092 1576 5145 A.
1610 5095 1665 5145 et
1694 5089 1893 5146 Rufﬁm
1924 5107 2008 5147 sn.
2050 5107 2108 5147 α.
2152 5131 2166 5145 .
2210 5130 2225 5143 .
2269 5133 2283 5147 .
2325 5090 2596 5147 eligerent
2633 5095 2695 5146 ut
2740 5098 3164 5146 consecraretur
3202 5103 3255 5146 o.
3287 5088 3442 5145 dedit
3486 5090 3550 5145 V.

182 5105 245 5123 ’νο
279 5105 406 5147 cum
434 5105 596 5193 quam
634 5105 885 5161 plurimis
914 5105 1012 5145 reu
1055 5105 1187 5146 nosns
1215 5105 1245 5146 e
1284 5105 1484 5146 [iiIiDllS
1513 5105 1576 5145 Α.
1610 5105 1665 5145 et
1694 5105 1833 5145 tium

182 5164 360 5221 Matii.
479 5162 500 5193 "
530 5164 571 5217 ἱ.
601 5178 651 5218 e.
684 5161 960 5228 chateris;
993 5106 1061 5232 οῗ.
1092 5177 1140 5217 c.
1190 5162 1269 5217 19.
1347 5159 1411 5193 ⁸⁸⁸
1448 5162 1524 5218 ita
1561 5162 1837 5231 corrigcnd

1924 5107 2008 5163 sp.
2050 5107 2108 5162 q.
2152 5131 2166 5145 .
2210 5130 2225 5143 .
2269 5133 2283 5147 .
2325 5105 2596 5174 eligerent
2633 5105 2695 5172 ut
2740 5105 3164 5172 consecraretur
3202 5105 3255 5146 ο.
3287 5105 3442 5145 aeuu
3494 5105 3552 5145 γ.

1919 5182 1924 5215 ι
1968 5162 2279 5230 m'debatur;
2329 5176 2479 5219 circa
2528 5159 2668 5217 hbn.
2745 5160 2809 5191 ⁸⁸⁸
2853 5166 2934 5218 ua
2969 5162 3087 5220 A".
3139 5161 3225 5217 BI.
3276 5161 3561 5217 thetarca-

182 5249 332 5291 rum.
363 5234 464 5291 A“.
497 5235 556 5290 Β.

1767 5307 1984 5363 ΝΟΤᾸΞ.

265 5386 426 5460 (143)
458 5388 585 5470 I.__e.
617 5399 751 5470 auro
781 5390 837 5442 et
872 5389 1139 5470 argento;
1191 5383 1260 5439 cf.
1285 5398 1501 5470 ’γει-ξιιμ
1553 5384 1649 5470 qui
1670 5400 1831 5470 _sa3c._
1912 5387 2114 5453 trinas,
2174 5387 2289 5470 sed.
2324 5386 2645 5470 .quattn'nus.
2670 5384 2833 5470 “Cf.”
2854 5384 3018 5470 etiam
3058 5383 3426 5470 ‘Evangeliu'm
3490 5386 3561 5442 de

182 5456 385 5540 x1,'x1}_
399 5456 640 5514 multum
668 5456 1231 5540 circumferebantur;
1272 5457 1514 5540 Murtiris
1555 5456 1736 5540 Albini
1782 5464 1832 5540 et
1914 5472 2155 5540 nummo,
2186 5457 2292 5540 ubi
2320 5456 2489 5514 iidem
2532 5457 2709 5514 sancti
2765 5456 3006 5514 citantur
3056 5462 3313 5529 tanquam
3369 5459 3560 5516 Romae

178 5526 414 5605 presulis
479 5546 603 5605 ossa
659 5530 829 5600 Ruﬁni
891 5531 1066 5605 Roma:
1130 5528 1360 5605 quisquis
1414 5526 1587 5605 liabet,
1646 5535 1832 5584 cuncta
1914 5529 2296 5588 efﬁcacissimi.

186 5600 390 5676 parare
424 5600 561 5658 valet
578 5622 598 5667 ;
654 5607 710 5657 et
748 5600 1135 5671 proverbium:
1195 5601 1370 5655 Rome
1425 5601 1563 5654 Deus
1614 5614 1719 5654 non
1755 5604 1832 5655 est
