4056 6150
494 232 595 290 951

1226 236 1555 293 LANDULF.
1596 237 1866 295 MEDIOL.
1906 238 2101 296 CLER.
2141 268 2214 280 —
2249 240 2420 296 HIST.
2462 200 2730 297 MEDIOL.
2769 268 2841 280 --
2876 241 3005 296 LIB.
3045 242 3137 297 IlI.

3758 178 3789 196 κ

3769 244 3886 298 952

495 366 590 417 aut
627 373 822 431 campo
851 359 1107 417 miscere.
1132 361 1272 417 Cum
1303 360 1475 416 altera
1502 366 1682 417 autem
1723 362 1843 419 dies
1880 364 2140 432 venisset,
2158 366 2387 424 Amates
2436 356 2795 421 consulerent
2839 366 3109 434 Romano,
3168 371 3224 422 et
3250 365 3513 423 domuum
3568 368 3885 426 Thealdum

494 453 798 520 imperator
838 451 1106 507 Henricus
1150 463 1362 506 summo
1410 450 1500 506 die
1539 452 1868 521 crepusculo
1917 467 2141 525 suorum

499 539 734 595 militum
773 539 1149 594 universorum
1197 539 1405 594 viribus
1452 540 1703 598 Collectis
1745 550 1800 600 et
1846 544 2140 612 animatis,

502 636 557 686 et
596 630 799 686 domno
829 629 1029 685 Tealdo
1059 634 1265 686 sancta:
1293 629 1717 689 Mediolanensis
1746 634 1996 690 ecclesiae
2036 649 2142 692 no-

502 718 644 774 tario
709 716 859 788 (144)
918 717 1162 773 lanceam
1200 718 1321 788 ipse
1367 721 1739 790 custodiente,
1791 738 1913 779 cum
1951 724 2143 795 viginti

504 806 653 863 mille
692 805 960 861 militibus
988 806 1095 862 hoc
1133 807 1191 862 in
1231 808 1425 877 praelio
1456 809 1625 866 nimia
1671 812 1971 882 cupiditate
2009 827 2144 869 ane-

504 895 761 961 lantibus,
793 902 1125 951 armatorum
1163 896 1365 953 virtute
1403 901 1460 953 et
1495 899 1802 956 animorum
1848 902 2145 973 sagacitate

504 985 690 1040 hostes
750 984 1083 1041 unanimiter
1140 987 1404 1043 continuo
1460 988 1791 1057 invadendo,
1822 989 2148 1062 fortiterque

502 1072 709 1128 lanceis
738 1080 793 1128 et
831 1074 1056 1129 ensibus
1107 1080 1273 1144 atque
1319 1076 1534 1145 sagittis
1570 1075 1820 1134 feriendo
1871 1079 1927 1133 in
1967 1079 2148 1150 fugam

500 1162 793 1217 convertit.
851 1165 1076 1219 Demum
1137 1172 1493 1235 utrarumque
1552 1167 1789 1235 partium
1824 1175 2009 1239 strage
2049 1182 2152 1238 per

503 1251 644 1308 duos
674 1251 795 1308 dies
822 1251 967 1309 facta
1004 1253 1285 1310 hominum
1338 1254 1844 1325 innumerabilium,
1901 1263 1965 1313 a‘c
2022 1272 2152 1330 rege

503 1341 727 1411 perjuro
764 1342 999 1398 Redulfo
1055 1349 1307 1399 emortuo
1346 1359 1377 1399 a
1424 1344 1597 1400 milite
1637 1346 2012 1417 imperatoris,
2053 1349 2154 1419 qui

504 1436 559 1485 et
604 1430 811 1499 ipsein
842 1444 1036 1502 campo
1066 1432 1212 1488 inter
1258 1439 1506 1489 mortuos
1538 1434 1778 1502 jaceb‘at,
1820 1435 2043 1492 elevans
2094 1451 2155 1493 se

502 1520 741 1589 graviter
779 1519 1113 1576 vulneratus.
1148 1561 1163 1574 .
1192 1522 1384 1591 ipsius,
1425 1527 1499 1577 et.
1532 1562 1545 1576 .
1606 1522 1669 1555 ⁶⁷⁰
1696 1529 1812 1581 tota
1840 1540 1972 1582 ense
2019 1528 2158 1583 Teu-

509 1608 694 1663 tonico
733 1609 1026 1677 truncavit,
1066 1623 1284 1666 necnon
1323 1610 1606 1682 sexaginta
1654 1612 1921 1669 militibus
1953 1615 2158 1672 electo-

2223 452 2287 484 ‘7‘
2327 454 2399 525 iid
2465 455 2644 523 ipsum
2704 460 3048 509 recusantem
3106 453 3307 526 eligere
3369 456 3614 512 universi
3683 457 3887 528 dispo-

2224 542 2464 599 suissent
2488 584 2504 610 ,
2568 542 2889 599 Guibertum
2953 543 3424 600 Ravennateusem
3482 545 3886 616 archiepisco-

2226 646 2353 703 pum
2393 631 2666 701 simulque
2727 630 3064 687 cardinalem
3132 631 3437 703 elegerunt,
3504 647 3573 689 ac
3639 635 3885 691 electu

2228 734 2438 776 summa
2486 734 2607 775 cum
2660 718 2947 791 diligentia
3003 727 3060 775 et
3097 727 3421 776 cunctorum
3486 721 3652 777 laude
3703 723 3887 793 ipsum

2227 808 2541 864 demeritum
2597 807 2662 839 ⁸⁷⁵
2716 807 2923 864 Graecis
2994 807 3210 865 facetiis
3279 808 3595 867 afﬂuentem
3671 825 3885 873 summa

2229 912 2353 954 cum
2392 897 2684 954 devotione
2731 905 3130 954 consecrarunt
3166 897 3319 970 (145)
3376 898 3481 970 [απ.
3536 899 3723 970 1081].
3766 903 3883 956 Hoc

2230 984 2375 1041 facto
2413 987 2713 1056 imperator
2760 999 2885 1042 cum
2933 987 3186 1047 universa
3231 987 3585 1045 multitudine
3630 996 3693 1044 et
3742 990 3885 1045 Pado

2233 1075 2402 1131 nimio
2468 1075 2594 1146 gelu
2651 1075 2863 1147 rigidus
2917 1077 3097 1146 ipsum
3153 1082 3209 1132 et
3263 1077 3513 1133 militiam
3568 1078 3882 1134 universam

2235 1171 2509 1234 tamquam
2537 1165 2783 1229 serviens
2810 1165 3137 1231 sustinente,
3168 1180 3234 1221 ac
3271 1166 3475 1223 domno
3525 1167 3781 1224 Thealdo
3824 1168 3886 1197 ε*

2236 1254 2492 1309 omnibus
2544 1268 2669 1310 cum
2717 1254 3094 1324 sutfraganeis,
3146 1261 3349 1325 praeter
3394 1255 3522 1312 illos
3566 1271 3720 1326 quos
3768 1258 3883 1326 ipse

2236 1343 2531 1413 Gregorius
2584 1342 2774 1399 inclite
2813 1357 2956 1399 saeva
2991 1343 3357 1413 interjocante
3405 1344 3675 1414 pathalia,
3726 1359 3881 1415 quam

2238 1431 2354 1501 ipse
2410 1431 2753 1498 incitaverat,
2812 1445 2843 1487 a
2898 1431 3044 1487 beati
3099 1432 3372 1489 Ambrosii
3427 1432 3669 1489 ecclesia
3732 1433 3886 1489 abra-

2238 1524 2386 1574 serat
2418 1518 2601 1590 (146).
2632 1534 2795 1588 quam
2824 1520 2897 1575 ob
2927 1520 3231 1575 misterium
3257 1521 3701 1588 Ambrosianum,
3734 1522 3884 1592 quod

2242 1608 2382 1663 ultra
2411 1606 2493 1663 fas
2521 1615 2577 1664 et
2605 1607 2758 1663 nefas
2785 1608 3000 1675 oderat,
3034 1613 3090 1663 et
3119 1607 3389 1664 militibus
3418 1609 3571 1664 mille
3599 1616 3661 1665 et
3698 1610 3886 1666 electis

508 1710 628 1750 rum
688 1697 957 1753 nobilium
1011 1698 1254 1754 virorum
1278 1742 1293 1766 ,
1343 1700 1439 1769 qui
1494 1701 1640 1756 inter
1673 1707 1878 1775 tantam
1915 1697 2213 1775 stragemB
2238 1710 2379 1767 quos
2416 1697 2534 1767 ipse
2564 1697 2790 1753 summis
2818 1705 2875 1753 et
2911 1711 2977 1753 ex
3020 1697 3264 1767 propriis
3291 1697 3603 1769 dispendiis
3631 1699 3882 1754 ducendo

503 1785 661 1854 jussu
690 1785 1043 1855 imperatoris
1091 1788 1311 1843 collecti
1345 1791 1605 1858 c0gnosci
1655 1797 1974 1861 potuerunt,
2004 1808 2155 1850 acer-
2235 1786 2434 1852 alebat.
2468 1786 2525 1841 in
2566 1800 2753 1842 mense
2808 1786 3135 1842 Decembris
3178 1785 3364 1857 (1082)
3402 1788 3635 1843 Romam
3697 1791 3885 1843 castris

510 1875 673 1930 vatim
713 1876 1035 1945 combustis,
1066 1879 1367 1948 imperator
1396 1893 1496 1948 per
1526 1888 1766 1949 quatuor
1795 1882 1915 1938 dies
1943 1883 2156 1939 intrans
2239 1875 2509 1931 ordinatis
2557 1875 2827 1931 Ultivel‘SiS
2871 1874 3146 1931 consedit.
3198 1875 3300 1931 Ubi
3348 1890 3473 1932 cum
3522 1891 3626 1947 per
3674 1891 3882 1933 menses

510 1972 652 2019 eum’
674 1962 860 2021 furore
916 1967 1227 2035 Saxoniam,
1269 1981 1460 2024 omnes
1498 1983 1638 2038 quos
1674 1970 1879 2027 habere
1936 1972 2152 2043 potuit,
2239 1972 2450 2035 septem
2505 1966 2807 2036 imperator
2852 1963 3055 2022 frustra
3094 1966 3262 2021 armis
3316 1972 3373 2022 ei
3408 1966 3687 2023 maChinis
3732 1967 3882 2023 labo-

510 2060 621 2109 tam
652 2068 831 2110 mares
867 2070 1028 2126 quam
1066 2056 1314 2124 feminas,
1348 2057 1652 2115 mutilando
1682 2059 2047 2118 detruncavit.
2243 2060 2437 2122 rassci,
2470 2054 2561 2111 die
2592 2054 2826 2124 quadam
2874 2055 3286 2125 incompcnsaic
3325 2054 3563 2122 accedit.
3595 2055 3728 2111 dum
3755 2057 3887 2111 Teu-

583 2141 673 2196 32.
707 2142 766 2174 ⁶⁷¹
800 2143 904 2215 (IV,
934 2143 1019 2215 2.)
1054 2147 1185 2201 Post
1222 2159 1429 2216 paucos
1464 2145 1676 2203 interea
1726 2148 1847 2205 dies
1875 2149 2066 2206 clerici
2105 2156 2160 2207 et
2243 2143 2416 2199 iODiCi
2474 2142 2714 2198 uniVBI'Si
2773 2148 3075 2213 gentesque
3114 2143 3350 2200 ἀίνθΐδε
3403 2158 3437 2198 ³
3490 2143 3642 2200 bello
3700 2144 3884 2200 [mw

511 2230 640 2286 laici
707 2232 1197 2289 Mediolanensium
1264 2236 1667 2293 communicato
1742 2252 1810 2294 ex
1883 2239 2159 2295 communi
2244 2232 2596 2302 quiescerent
2618 2231 2677 2287 in
2723 2231 2940 2298 castris.
2972 2231 3083 2287 duo
3129 2232 3231 2287 Vit‘i
3278 2232 3653 2299 alidaciSSimi.
3706 2234 3888 2289 domiti

511 2320 802 2388 conscilio,
862 2322 1163 2378 eorundem
1197 2323 1395 2379 civium
1424 2323 1488 2357 ⁸⁷³
1517 2325 1805 2394 malorum,
1837 2327 2161 2384 callidorum
2243 2319 2469 2376 Thealdi
2499 2325 2555 2375 et
2582 2320 2758 2375 sancti
2787 2319 3061 2375 Ambrosii
3100 2320 3170 2376 de
3207 2321 3432 2389 familia,
3466 2323 3644 2393 pistor
3670 2325 3890 2379 nomine

513 2414 569 2465 et
606 2410 1006 2479 simulatorum,
1057 2412 1150 2481 qui
1189 2419 1492 2482 provocant
1529 2414 1666 2469 iram
1714 2417 1833 2482 Dei,
1882 2415 2018 2474 faece
2064 2418 2164 2473 eli-
2244 2409 2448 2475 Amizc,
2490 2413 2546 2463 ei
2583 2407 2962 2479 camericngus
2998 2408 3239 2465 hostium
3277 2424 3509 2467 camera:
3558 2412 3655 2466 diu
3690 2419 3894 2467 noctu-

516 2498 752 2564 minata,
825 2505 1210 2570 sectarumque
1269 2501 1727 2571 nequissimarum
1784 2519 1972 2562 errore
2038 2522 2165 2577 pur-
2196 2514 2205 2519 ’
2247 2513 2353 2568 que
2384 2497 2704 2553 cttSiOdictls
2732 2498 2847 2569 U30
2886 2497 3129 2566 nomine.
3162 2498 3356 2569 91⁵3Ιὶ0
3394 2506 3453 2554 ει
3488 2500 3678 2555 causis
3722 2500 3889 2555 auda-

516 2594 664 2657 gato,
698 2586 1137 2658 clericorumque
1165 2589 1461 2646 multorum
1501 2591 1762 2647 zinzaniis
1796 2592 2017 2664 fugatis,
2052 2601 2166 2651 tres
2248 2587 2485 2643 CiSSimiS
2511 2585 2825 2653 δεδυεῖεοῐί,
2864 2588 3032 2642 armis
3061 2594 3120 2643 θῐ
3145 2586 3345 2658 gladiis
3372 2588 3608 2644 Viriliicl‘
3636 2588 3891 2655 λοοὶῠοιί,

516 2676 667 2731 viros
734 2676 997 2732 diacones
1056 2683 1111 2732 et
1166 2679 1440 2734 notarium
1493 2679 1560 2735 ad
1624 2681 2039 2752 imperatorem,
2107 2669 2166 2740 ut
2250 2675 2500 2733 clanculo
2567 2676 2804 2731 CiViiai-is
2858 2676 3193 2733 munitiones
3245 2689 3460 2733 necnon
3510 2683 3571 2733 ei
3637 2677 3895 2734 custodes

517 2779 920 2835 quemcumque
958 2765 1124 2822 anulo
1165 2772 1221 2822 et
1264 2768 1416 2839 virga
1459 2767 1735 2827 laudando
1785 2774 2126 2830 consentiret

2252 2765 2484 2820 turrium
2523 2770 2581 2820 et
2626 2779 2905 2821 murorum
2952 2764 3248 2835 qualitates
3292 2768 3631 2836 perscrutari
3674 2768 3895 2838 cupien-

518 2853 1063 2924 archiepiscoporum
1102 2862 1373 2923 tenerent,
1416 2859 1748 2916 unanimiter
1805 2861 2127 2918 direxerunt

2252 2860 2355 2921 tes,
2397 2859 2584 2910 mutuo
2632 2854 2855 2910 animati
2894 2854 3155 2924 paulatim
3200 2868 3266 2910 ac
3311 2855 3658 2925 pedetentim
3686 2870 3895 2912 murum

518 2943 674 3010 Quod
711 2943 839 2999 ideo
868 2946 1115 3000 Romano
1146 2945 1466 3015 imperatori
1496 2948 1564 3002 ab
1592 2949 1911 3018 Apostolico
1950 2951 2169 3008 multis-
2253 2943 2520 2999 machinis
2549 2957 2616 2999 ex
2646 2947 2800 3013 parte
2831 2943 3182 2999 θτυάθΐθῐυω
3210 2943 3581 3000 ascenderunt
3601 2944 3713 3013 (σπι
3746 2944 3897 3011 1033.

521 3046 630 3101 que
687 3032 964 3102 epiSCOpis
1002 3034 1132 3090 olim
1193 3048 1515 3091 concessum
1553 3043 1676 3104 est,
1737 3046 2009 3108 quatenus
2047 3020 2418 3098 cumcum).
2477 3033 2581 3100 Qui
2644 3032 2895 3089 videntes
2940 3033 3179 3089 civitatis
3232 3032 3492 3090 custodes
3540 3034 3788 3091 dormire
3835 3048 3897 3088 ac

522 3132 869 3190 unaquaeque
919 3122 1111 3176 civitas
1148 3122 1313 3178 unius
1354 3124 1663 3181 sacerdotis
1709 3127 1793 3182 vel
1828 3127 2007 3184 levitas
2059 3129 2174 3186 ele-
2254 3122 2508 3179 universa
2555 3121 2834 3178 silentium
2893 3129 3101 3188 tenere,
3143 3121 3342 3192 gladiis
3395 3121 3551 3178 illico
3605 3122 3901 3194 evagiuatis

523 3208 762 3264 ctionem
802 3209 1066 3265 canonice
1104 3208 1285 3266 facere
1324 3211 1553 3268 deberet
1591 3211 1674 3280 ⁸⁷⁸,
1717 3222 1777 3270 ut
1808 3217 1996 3272 Romae
2035 3217 2174 3273 mul-
2254 3211 2517 3268 audacter
2544 3211 2684 3267 alios
2731 3211 3061 3266 truncabant
3097 3210 3457 3278 dormientes,
3496 3211 3643 3267 alios
3671 3227 3703 3268 e
3734 3213 3901 3267 turri-

524 3297 705 3367 tisque
752 3297 878 3353 aliis
926 3298 1242 3354 civitatibus
1299 3301 1545 3357 evenisse
1602 3305 1978 3374 cognovimus,
2038 3306 2175 3362 duas
2256 3301 2360 3357 bus
2405 3300 2772 3370 projiciebant
2799 3300 3057 3365 inermes,
3091 3301 3207 3356 Hoc
3234 3298 3401 3367 facto,
3434 3302 3844 3370 protinussese
3872 3314 3900 3355 e

525 3385 698 3442 multo
758 3400 880 3442 cum
937 3389 1204 3459 sanguine
1271 3387 1573 3447 electiones
1618 3391 1799 3449 facere
1845 3395 2172 3466 satagebat,
2258 3390 2503 3446 turribus
2541 3390 2918 3456 ostendentes,
2952 3389 3168 3460 signum
3215 3389 3388 3445 scutis
3428 3390 3801 3446 secretissime
3844 3395 3899 3444 ut

524 3475 734 3542 Quibus
780 3476 949 3532 curiae
1008 3476 1178 3547 regali
1218 3480 1630 3548 representatis,
1671 3480 1973 3551 imperator
2009 3485 2174 3540 tacite
2258 3477 2365 3532 sibi
2394 3478 2695 3547 imperator
2724 3477 2987 3533 citissime
3028 3485 3349 3533 occurreret
3397 3477 3696 3534 faciebant.
3748 3480 3901 3533 Dom-

526 3563 659 3633 quid
692 3564 783 3618 isti
822 3570 915 3619 aut
953 3564 1246 3633 Thealdus,
1288 3581 1451 3637 quem
1497 3567 1592 3623 diu
1622 3569 1790 3625 animi
1822 3576 1878 3625 et
1923 3574 2177 3642 corporis
2259 3580 2363 3622 nus
2391 3567 2604 3621 interea
2649 3566 2756 3622 hoc
2811 3567 3005 3622 videns
3055 3566 3349 3633 Thealdus,
3419 3581 3623 3637 pavore
3681 3581 3896 3623 suorum

506 3644 759 3709 scientia
797 3654 1216 3723 praepollentem
1259 3663 1613 3726 cognoverat,
1664 3659 1912 3716 valerent
1967 3662 2177 3734 recogi-
2258 3660 2495 3710 attactus
2523 3653 2785 3720 virorum.
2817 3660 2878 3710 ut
2906 3654 3209 3725 imperator
3236 3655 3501 3711 citissime
3547 3656 3656 3712 sibi
3701 3663 3759 3712 et
3790 3656 3898 3711 suis

528 3751 651 3800 tans
701 3742 921 3799 tandem
972 3742 1233 3799 domuum
1288 3744 1587 3802 Thealdum
1641 3747 1816 3803 virum
1871 3749 2177 3808 valentissi-
2260 3749 2579 3799 occurreret
2616 3742 2902 3799 adortatus
2949 3748 3052 3799 est.
3108 3744 3296 3813 Itaque
3324 3743 3627 3813 imperator
3656 3744 3897 3815 indigna.

529 3846 697 3899 mum,
729 3846 796 3887 ex
822 3831 972 3901 regia
998 3845 1213 3887 camera
1252 3832 1556 3890 honorifice
1593 3844 1867 3905 ornatum,
1899 3852 1967 3895 ac
2011 3839 2177 3897 anulo
2260 3832 2332 3889 iis
2369 3832 2702 3899 Τθυῐοηίείει
2762 3846 2897 3903 gens
2955 3831 3136 3887 im’ida
3195 3833 3592 3903 L0n30bal‘t1is.
3652 3834 3900 3890 omnibus

533 3927 588 3976 et
618 3921 768 3990 virga
827 3919 1199 3988 sublimatum,
1249 3930 1572 3980 cunctorum
1619 3928 1913 3983 astantium
1951 3929 2179 3985 vocibus
2260 3921 2413 3978 illico
2442 3922 2666 3977 armatis
2693 3922 2961 3978 militibus
2992 3922 3181 3978 urbem
3198 3923 3404 3992 -paucis
3433 3923 3707 3979 truncatis
3738 3924 3895 3993 cepit;

534 4008 834 4075 laudatum,
895 4010 1262 4078 praesentibus
1317 4012 1530 4068 civibus
1584 4021 1640 4070 et
1691 4015 2012 4072 absentibus
2049 4019 2177 4075 uni-
2263 4011 2395 4081 quin
2436 4011 2597 4067 etiam
2645 4011 2823 4081 ipsum
2879 4012 3199 4083 Gregorium
3239 4010 3614 4081 insequentes,
3673 4013 3733 4068 in
3772 4012 3900 4068 lous

532 4096 707 4152 versis
738 4096 910 4165 dedit,
961 4103 1126 4168 atque
1174 4105 1234 4155 ut
1272 4100 1576 4158 honorifice
1634 4103 1998 4161 Mediolanum
2039 4107 2181 4163 reci-
2264 4099 2552 4155 tulissimis
2607 4105 2663 4155 ei
2719 4099 2931 4155 turritis
2981 4100 3037 4155 in
3102 4100 3274 4156 veleri
3326 4102 3496 4156 Roma
3553 4103 3897 4171 semetipsum

535 4190 759 4256 peretur
814 4201 878 4241 ac
936 4186 1234 4244 haberetur
1287 4190 1650 4247 amicabiliter
1686 4192 1992 4262 imperavit.
2051 4196 2182 4250 Post
2263 4189 2612 4260 colligentem
2678 4188 3022 4244 obsiderunt.
3084 4190 3180 4244 His
3216 4190 3293 4245 ita
3346 4190 3555 4259 gestis,
3609 4189 3903 4261 imperator

534 4288 740 4346 paucos
776 4281 958 4331 autem
989 4290 1162 4333 annos
1199 4278 1502 4348 imperator
1541 4281 1784 4336 omnium
1813 4295 2035 4338 suorum
2070 4296 2182 4338 ma-
2267 4278 2452 4335 domui
2478 4276 2705 4333 Thealdi
2733 4277 2786 4333 3.
2822 4277 3093 4333 Kalendas
3137 4277 3268 4333 Julii
3318 4278 3603 4348 magniﬁce
3662 4280 3720 4334 iu
3775 4292 3901 4333 auro

535 4363 712 4420 lorum
753 4371 919 4434 caput
976 4371 1140 4435 atque
1207 4366 1506 4423 fomentum
1561 4369 1749 4426 Roma:
1814 4368 1933 4427 fore
1963 4355 2246 4442 conspi-D
2265 4375 2319 4425 et
2356 4372 2585 4439 argento
2615 4367 2772 4422 novis
2808 4367 3096 4423 honoratis
3133 4368 3419 4434 militibus,
3460 4382 3701 4437 quorum
3736 4368 3899 4424 auda-

537 4454 710 4518 ciens,
745 4460 805 4508 ut
832 4454 1005 4522 ipsam
1045 4454 1321 4510 civitatem
1359 4463 1526 4526 atque
1573 4459 1895 4529 Gregorium
1943 4460 2049 4516 sibi
2088 4460 2185 4516 ad-
2265 4459 2349 4513 cia
2395 4463 2559 4526 atque
2590 4455 2869 4511 exercitiis
2915 4457 3087 4511 Roma
3134 4461 3294 4525 capta
3341 4457 3663 4526 imperatori
3719 4457 3898 4525 subj:-

536 4547 842 4596 versantem
879 4542 1097 4612 sibique
1137 4544 1392 4599 omnibus
1424 4545 1601 4600 modis
1629 4547 1980 4604 insidiantem
2029 4550 2182 4606 obsi-
2267 4546 2401 4613 cuit,
2434 4559 2497 4601 ac
2536 4544 2737 4600 ceteris
2776 4543 3103 4614 primatibus
3148 4543 3381 4600 diversis
3426 4545 3682 4601 exaltatis
3727 4558 3899 4600 mune-

537 4629 716 4697 deret,
756 4629 1112 4687 inenarrabili
1142 4632 1373 4688 militum
1405 4634 1756 4690 multitudine
1802 4650 2016 4693 necnon
2058 4638 2180 4708 epi-
2266 4635 2438 4701 ribus,
2470 4634 2637 4690 variis
2666 4632 2816 4689 fultis
2846 4633 3171 4699 honoribus,
3204 4634 3419 4689 cunctis
3454 4635 3684 4704 gratiam
3731 4634 3889 4696 dedit,

538 4732 832 4788 scoporum
863 4718 1156 4775 multorum
1187 4734 1393 4777 corona
1420 4722 1650 4779 vallatus
1678 4725 1828 4780 venit
1857 4727 1912 4781 in
1952 4726 2182 4782 Italiam.
2268 4724 2419 4779 solos
2446 4736 2633 4780 secum
2662 4723 2993 4779 Teutonicos
3022 4723 3268 4778 retinens
3298 4723 3354 4778 in
3387 4721 3591 4792 palatio
3619 4722 3760 4778 sedit
3797 4736 3889 4777 ca-

541 4808 645 4864 Ubi
674 4820 798 4863 cum
838 4808 1199 4876 pervenisset,
1255 4815 1313 4865 et
1349 4810 1418 4867 de
1455 4810 1713 4882 eligendo
1761 4814 2021 4883 pontifice
2069 4815 2189 4886 pri—
2273 4813 2522 4869 sariano.

1910 4915 2133 4969 VARl/E
2171 4913 2557 4976 LECTlONES.

615 4994 843 5086 "ipost.
874 4994 1023 5086 vuln.
1065 5001 1114 5052 et
1155 5003 1361 5086 poscet
1403 4999 1631 5086 spatium
1674 4999 1971 5083 relinquunt
1998 5004 2091 5086 At
2126 5003 2184 5058 Β.
2216 5004 2335 5086 Αςῆ
2367 4999 2471 5086 ..⁸⁷⁸
2491 5000 2584 5086 lita,
2607 5001 2700 5086 Af:
2734 4996 3372 5086 Deﬁglectione‘Iheald'i
3399 4998 3883 5086 archiepiscopikeit

545 5067 835 5142 obsidione
883 5067 1327 5142 Bouianaa_'urbis
1362 5067 1464 5141 per
1517 5067 1836 5127 Henricum'
1873 5081 2145 5142 quartum.
2202 5071 2504 5128 adscribunt
2561 5070 2714 5125 codd.
2809 5068 2872 5099 ⁸⁷³
2927 5070 3045 5125 cive
3100 5070 3203 5126 A“.
3307 5069 3373 5101 ⁸⁷³
3425 5067 3632 5127 debent
3683 5067 3763 5125 A‘L
3812 5067 3880 5121 Bi-

545 5139 611 5171 ⁶⁷δ
638 5139 916 5195 tedaldum
954 5141 1013 5195 Β.
1092 5139 1156 5171 ⁸⁷³
1184 5141 1260 5196 ita
1296 5139 1451 5197 codd.
1529 5142 1593 5173 ⁵⁷⁸
1630 5142 1852 5199 tedaldo
1889 5139 1951 5199 B.
2129 5216 2325 5271 NOTAE

625 5298 782 5424 (144?
825 5299 932 5355 Sed
960 5299 1009 5355 is
1046 5314 1174 5357 ann.
1213 5299 1368 5369 1075,
1401 5301 1685 5387 vel.1076,
1726 5304 1781 5359 in
1829 5304 2197 5387 archiepisco—
2285 5303 2439 5370 1084,
2470 5304 2626 5389 Mart.
2658 5301 2748 5358 24.

628 5384 680 5424 m
719 5376 928 5424 eectus
976 5378 1079 5424 est.
1125 5373 1324 5424 Noster
1360 5374 1609 5424 mltum
1653 5375 1720 5424 ad
1782 5375 2030 5424 Elistram
2071 5390 2191 5424 cum
2349 5374 2484 5424 (1461
2526 5375 2595 5424 Sc
2655 5374 2748 5424 Cm

553 5383 680 5445 pum
719 5372 928 5445 electus
976 5378 1092 5445 est._
1125 5373 1324 5429 Noster
1359 5374 1610 5444 prmlium
1653 5375 1721 5430 ad
1780 5372 2031 5431 Elistram
2071 5390 2191 5432 cum
2349 5374 2484 5444 (146)
2526 5375 2595 5430 Sc
2655 5374 2975 5445 cumensem
3001 5414 3016 5439 ,
3066 5372 3424 5440 Curiensem,
3474 5376 3885 5445 Augusteuscm,

553 5441 735 5511 altero,
755 5442 825 5511 ad
856 5443 1182 5499 Unstrodam
1215 5441 1508 5500 commisso
1537 5445 1846 5502 confundit.
2276 5459 2327 5500 v.
2357 5441 2558 5500 Giulini
2591 5447 2678 5511 ιν,
2709 5443 2834 5500 253.

629 5509 787 5582 (145)
820 5512 1039 5568 Electus
1068 5521 1152 5569 est
1183 5513 1336 5584 1080,
1379 5531 1565 5573 mense
1600 5518 1804 5585 Junio;
1839 5524 2194 5575 consecratus
