4056 6150
321 234 428 288 953

1050 241 1334 296 APPEND.
1376 244 1464 298 ΑΒ
1501 245 1926 302 LANDULFUM.
1966 277 2038 287 -—
2073 249 2391 304 CATALOG.
2435 247 2640 302 EPISC.
2683 246 2952 301 MEDIOL.

3588 243 3696 298 954

530 362 644 431 (IV,
685 361 768 432 3.)
831 364 1045 420 Interea
1095 366 1157 396 ⁸⁷⁷
1204 369 1498 438 Gregorius
1545 385 1665 425 sese
1704 372 1895 428 videns
1933 375 2346 445 aAmultisque
2370 373 2585 443 palatiis
2614 385 2801 441 regum
2831 373 3199 426 Romanorum
3229 370 3460 437 adustis,
3481 371 3692 441 Grego-

322 449 534 504 civibus
583 458 638 506 et
674 465 704 505 a
753 453 1170 523 quampluribus
1209 457 1581 513 cardinalibus
1620 460 1964 530 destitutum,

323 538 584 608 omnique
615 554 712 609 spe
743 542 862 596 auri
901 548 956 597 et
993 545 1206 614 argenti
1246 547 1461 612 amissa,
1495 561 1524 602 e
1563 549 1766 616 quibus
1793 551 1968 605 sancti

322 627 468 681 Petri
503 630 682 697 regias
713 637 768 684 et
806 632 1084 688 cancellos
1131 641 1185 688 et
1233 634 1422 690 altaria
1471 636 1840 694 decrostando
1871 653 1970 694 nu-

323 716 565 781 daverat,
608 733 714 788 qua
754 734 940 776 secum
981 723 1255 779 Romanos
1316 729 1568 780 tenuerat
1625 727 1967 794 bellicantes,

324 805 495 876 magis
543 807 840 876 diligentes
886 824 1078 865 aurum
1137 827 1297 881 quam
1348 815 1658 883 apostolum
1722 818 1966 885 Paulum,

325 907 428 947 nec
491 907 600 949 non
659 896 838 952 locum
888 898 944 952 in
983 912 1094 967 quo
1134 898 1346 970 fugerat
1387 903 1504 970 ipse
1544 905 1712 960 nimia
1750 919 1812 960 ac
1842 906 1972 961 diu-

323 990 482 1036 turna
539 990 918 1054 nocturnaque
975 987 1266 1044 obsidione
1322 991 1470 1045 exire
1519 1006 1628 1048 non
1689 1008 1870 1063 posse,
1902 995 1967 1049 ad

325 1069 626 1125 Robertum
657 1070 852 1127 ducem
891 1075 1102 1144 Apulia;
1132 1077 1362 1146 legatos,
1411 1085 1470 1135 ut
1507 1082 1612 1136 sibi
1644 1083 1971 1151 quamcitius

324 1165 512 1226 posset
566 1167 728 1229 gente
785 1163 1090 1218 coadunata
1130 1166 1412 1234 immensa,
1475 1178 1529 1224 et
1594 1172 1768 1226 sancti
1826 1173 1969 1228 Petri

326 1248 603 1316 regalibus
648 1249 727 1303 illi
759 1249 1027 1320 refutatis,
1069 1255 1405 1324 subveniret,
1439 1260 1752 1315 cautissime
1794 1267 1848 1316 et
1877 1276 1970 1316 se-

324 1337 630 1392 cretissime
679 1340 848 1395 misit.
910 1342 1009 1396 Hic
1057 1345 1201 1399 enim
1258 1347 1506 1416 Apuliam
1555 1357 1610 1404 et
1658 1351 1966 1404 Caravriam

323 1425 632 1495 multasque
698 1430 948 1485 civitates
1013 1434 1270 1500 marinas,
1312 1436 1500 1491 exiens
1559 1439 1970 1504 Nurmandiam,

320 1515 480 1582 cujus
509 1516 667 1570 miles
707 1532 915 1588 pauper
951 1534 1075 1576 cum
1123 1524 1346 1592 suisque
1403 1526 1572 1580 sociis
1621 1525 1818 1596 fuerat,
1867 1542 1971 1584 no-

321 1605 465 1658 viter
513 1611 568 1659 et
617 1605 820 1676 injuste
869 1624 992 1664 cum
1041 1612 1156 1665 suis
1203 1613 1390 1668 multis
1427 1615 1752 1672 criminibus
1797 1618 1972 1672 iuva-

2051 465 2167 519 rius
2205 464 2423 519 demum
2477 462 2604 516 ﬁliis
2651 461 2789 515 male
2839 460 3111 515 crismatis
3159 458 3483 528 ﬁliabusque
3541 461 3698 529 pejus

2052 554 2411 617 consecratis,
2445 553 2532 607 cui
2559 553 2670 620 jam
2701 564 2827 619 spes
2857 549 2965 604 ulla
2993 548 3208 603 vivendi
3240 548 3294 602 in
3336 548 3553 601 civitate
3585 562 3694 603 non

2053 649 2190 708 erat,
2224 643 2291 696 ab
2325 642 2470 697 Urbe
2500 640 2731 695 exiliens
2751 653 2871 692 cum
2895 638 3136 692 Roberto
3160 636 3442 691 Salernum
3483 635 3696 704 profec-

2056 738 2144 787 tus
2192 739 2296 787 est.
2348 731 2450 786 Ubi
2499 744 2598 800 per
2646 743 2820 798 pauca
2861 728 3047 782 vivens
3102 735 3370 795 tempora,
3421 732 3693 794 tamquam

2055 821 2319 876 malorum
2351 834 2566 890 poenam
2588 819 2851 874 emeritus
2873 816 3083 872 interiit
3110 820 3218 880 (an.
3250 813 3400 880 1085,
3424 815 3555 869 Mai.
3579 813 3692 886 25).

2123 910 2212 965 34.
2259 910 2372 981 (IV,
2413 909 2497 980 4.)
2541 909 2673 962 Cum
2722 906 2785 936 ⁶⁷⁹
2831 907 2952 961 hac
3005 905 3306 975 agebantur
3335 903 3606 968 universa,
3643 907 3698 957 et

2053 999 2383 1054 clericorum
2420 999 2618 1052 scisma
2649 996 3026 1064 laicorumque
3066 993 3280 1050 furialia
3312 993 3502 1063 prmlia
3539 993 3694 1062 priu-

2053 1089 2292 1158 cipatum
2344 1093 2617 1152 tenerent,
2669 1085 2890 1154 quidam
2948 1083 3208 1139 sacerdos
3254 1082 3543 1138 Anselmus
3589 1094 3694 1137 no-

2053 1178 2219 1243 mine,
2253 1191 2415 1247 quem
2465 1177 2700 1231 domnus
2742 1173 3014 1229 Thealdus
3053 1173 3107 1227 in
3155 1171 3467 1228 sacerdotio
3507 1184 3698 1226 conse-

2053 1272 2319 1333 craverat,
2351 1265 2584 1334 quadam
2617 1263 2706 1318 die
2755 1264 2811 1317 in
2840 1263 3014 1318 sancti
3049 1261 3283 1316 Mauritii
3314 1260 3534 1330 vigiliis,
3567 1260 3694 1315 dum

2053 1357 2294 1411 omnium
2324 1360 2637 1410 sanctorum
2667 1352 2974 1417 collectam,
3012 1357 3216 1406 sanctae
3256 1349 3436 1404 Mariae
3465 1362 3695 1418 vespero

2053 1444 2228 1508 ﬁnito,
2269 1448 2394 1498 ante
2433 1443 2604 1497 altare
2636 1447 2840 1496 sanctze
2873 1441 3053 1495 Mariae
3083 1439 3150 1494 ad
3180 1438 3526 1493 Funticulum
3550 1436 3693 1506 (147)

2053 1545 2260 1586 summa
2307 1544 2428 1585 cum
2481 1529 2787 1585 reverentia
2834 1527 3065 1593 diceret,
3107 1525 3421 1581 videntibus
3473 1523 3694 1580 clericis

2055 1628 2328 1690 tamquam
2367 1626 2634 1684 mortuus,
2677 1617 2828 1672 vultu
2876 1623 3057 1671 tamen
3104 1615 3383 1670 coloratus
3421 1613 3692 1683 pulsanti-

319 1700 487 1748 serat.
524 1696 695 1766 Igitur
723 1704 886 1766 gente
926 1700 1230 1756 coadunata
1288 1703 1552 1760 immensa
1591 1711 1646 1760 et
1682 1708 2266 1778 Saracenistusque
2318 1709 2490 1774 ﬁbris,
2533 1707 2735 1762 cadens
2783 1706 3007 1760 occidit.
3066 1705 3182 1770 Quo
3221 1701 3408 1756 audito
3439 1700 3596 1756 multi
3627 1715 3693 1755 ex

321 1784 577 1839 omnibus
606 1800 747 1854 quos
797 1788 999 1844 habere
1055 1791 1254 1860 potuit,
1297 1792 1350 1847 in
1393 1794 1583 1863 paucis
1626 1795 1822 1851 diebus
1851 1798 1967 1853 Ro-

323 1886 461 1926 mam
494 1880 754 1941 veterem,
785 1878 1046 1933 Romanis
1093 1893 1215 1934 sese
1264 1895 1328 1935 ac
1357 1881 1500 1936 ﬁlios
1529 1897 1594 1938 ac
1631 1898 1831 1940 uxores
1862 1887 1967 1940 mi-

320 1961 466 2016 nime
514 1964 817 2031 tuentibus,
857 1966 1038 2022 Ruﬁni
1078 1974 1134 2023 et
1178 1970 1360 2024 Albini
1410 1971 1662 2042 reliquiis
1699 1973 1966 2030 deﬁcien-

320 2048 469 2104 tibus
497 2057 703 2107 armata
742 2067 902 2109 manu
938 2057 1213 2112 Robertus
1261 2057 1324 2088 ⁸⁷⁸
1379 2059 1602 2115 intravit
1646 2061 1760 2132 (an.
1810 2062 1964 2129 1084,

323 2138 508 2209 Mai).
532 2141 650 2207 Quo
688 2142 958 2212 ingresso,
1003 2151 1126 2214 post
1177 2146 1390 2217 aliquot
1429 2148 1548 2203 dies
1579 2150 1964 2220 imperatorem

324 2228 522 2283 Urbem
567 2231 766 2285 exiisse
815 2232 1043 2288 invenit.
1096 2235 1284 2303 Itaque
1323 2250 1459 2304 gens
1496 2237 1711 2293 diversa
1749 2239 1817 2293 de
1857 2240 1967 2294 Deo

321 2316 535 2386 ignara,
585 2318 889 2372 sceleribus
931 2334 994 2374 ac
1047 2321 1360 2376 homicidiis
1407 2325 1624 2391 edocta,
1684 2326 1970 2382 adulteriis

322 2405 598 2473 variisque
644 2403 1105 2462 fornicationibus
1157 2409 1482 2469 assuefacta.
1540 2414 1796 2470 omnibus
1853 2416 1967 2470 cri-

325 2491 585 2558 minibus,
639 2508 763 2563 quaa
811 2493 956 2551 ferro
997 2502 1052 2551 et
1099 2498 1224 2567 igne
1265 2499 1466 2556 talibus
1496 2503 1582 2572 agi
1612 2504 1754 2559 solet
1793 2518 1968 2576 nego-

2052 1799 2270 1853 civitate
2317 1798 2604 1866 utriusque
2651 1809 2816 1850 sexus
2846 1800 3128 1859 exeuntes,
3161 1792 3276 1845 visu
3308 1789 3566 1844 videbant
3595 1789 3696 1843 mi-

2050 1887 2221 1942 rabile
2252 1886 2616 1954 omnibusque
2649 1883 2915 1939 terribile.
2947 1884 3189 1950 Cumque
3229 1879 3524 1935 multorum
3568 1885 3690 1932 tur-

2049 1989 2150 2030 mae
2191 1974 2466 2029 turmatim
2508 1973 2574 2027 ad
2634 1971 2740 2026 hoc
2785 1971 3172 2026 convenissent
3228 1963 3554 2034 inauditum,
3599 1965 3692 2020 alii

2049 2063 2349 2118 credebant
2388 2062 2660 2127 ﬁctilium,
2693 2059 2789 2115 alii
2821 2060 2989 2129 pedes
3018 2057 3212 2114 subula
3241 2057 3324 2113 vel
3358 2072 3460 2112 acu
3498 2070 3690 2111 secure

2049 2151 2206 2220 quasi
2237 2156 2452 2206 mortuo
2493 2151 2828 2219 pungebant.
2873 2151 3090 2204 Factum
3115 2154 3199 2202 est
3228 2154 3407 2201 autem
3439 2147 3494 2200 in
3516 2145 3691 2199 altero

2051 2238 2140 2294 die
2171 2240 2316 2294 circa
2348 2238 2652 2303 meridiem,
2686 2237 3000 2292 videntibus
3028 2236 3214 2290 multis
3242 2250 3306 2289 ac
3344 2231 3689 2302 stupefactis,

2051 2330 2207 2398 quasi
2246 2329 2315 2383 ab
2363 2327 2628 2397 angustiis
2676 2327 2959 2390 liberatus,
3012 2325 3252 2379 clamans
3289 2323 3690 2393 poenitentiam,

2048 2419 2246 2488 spiritu
2295 2422 2600 2473 restaurato
2650 2415 2754 2471 sibi
2793 2429 2913 2470 sese
2952 2413 3294 2470 velocissime
3327 2411 3500 2467 erexit
3541 2432 3553 2466 :
3597 2411 3691 2481 qui

2051 2507 2219 2562 multa
2257 2514 2526 2562 tormenta
2560 2505 2859 2561 incredulis
2917 2518 2980 2559 ac
3027 2503 3293 2558 usurariis
3322 2499 3688 2566 incredibilia,

322 2581 436 2646 tiis,
467 2595 590 2636 sese
620 2581 894 2638 furialiter
931 2584 1310 2653 immerserat;
1365 2591 1498 2658 quin
1530 2592 1691 2646 etiam
1731 2594 1971 2662 virgines
2051 2603 2106 2651 et
2145 2595 2386 2651 honores
2415 2602 2469 2650 et
2498 2595 2727 2664 gloriam
2755 2608 2879 2662 quae
2911 2607 3078 2661 super
3105 2597 3329 2647 sanctos
3355 2588 3493 2644 vidit
3520 2588 3688 2653 viros,

321 2675 564 2724 sacratas
624 2680 1044 2742 corrumpentes
1098 2676 1534 2748 miserorumque
1599 2683 1967 2738 Romanorum
2053 2690 2216 2754 prout
2247 2683 2444 2752 potuit,
2478 2682 2674 2752 angelo
2705 2683 2810 2736 sibi
2855 2682 2974 2737 haec
3004 2681 3185 2736 omnia
3216 2678 3562 2742 ostendente,
3596 2675 3691 2745 qui

323 2771 524 2814 uxores
554 2759 909 2828 incestantes,
950 2776 1014 2816 ac
1060 2764 1257 2819 anulos
1308 2768 1426 2836 ejus
1480 2783 1664 2824 earum
1723 2770 1969 2841 digitulis
2047 2774 2302 2842 spiritum
2343 2773 2464 2841 ejus
2494 2785 2592 2842 per
2642 2771 2856 2826 diversa
2915 2769 3174 2841 portavit,
3225 2767 3466 2822 lacrimis
3505 2765 3691 2822 multis

324 2847 743 2906 detruncabant.
801 2851 941 2917 Quid
976 2852 1188 2908 multa?
1239 2854 1416 2910 tribus
1454 2858 1690 2913 civitatis
1722 2861 1969 2928 partibus
2051 2861 2329 2930 patefecit.

1199 2978 1434 3050 Explica
1463 2979 1593 3037 liber
1629 2983 1985 3040 Historiarum
2013 2985 2255 3056 Landulﬁ
2283 2983 2690 3056 historiographi
2725 2983 2808 3038 ⁶⁸⁰.

1673 3111 1895 3165 νΑΒιλΕ
1950 3113 2232 3167 LECTION
2238 3112 2336 3166 ES.

393 3197 461 3281 δῖ
498 3195 699 3281 Titulus
728 3199 1102 3281 incodd..De
1151 3208 1326 3281 morte
1355 3204 1727 3281 _Qld_eprandi,
1769 3209 1864 3278 qui
1908 3210 2204 3280 Gregorius
2241 3213 2351 3266 VII.
2395 3211 2577 3266 dictus
2621 3214 2705 3264 est
2741 3208 2928 3281 (q._G.
2958 3212 3185 3262 vocatus
3213 3203 3691 3281 est._c.‘33.A_‘.).

324 3266 698 3344 “habiarius
727 3270 786 3344 Β.
818 3269 902 3344 hic
929 3276 978 3326 et
1006 3271 1167 3342 intra.
1245 3275 1307 3304 ⁸⁷³
1351 3266 1548 3331 Titulus
1576 3279 1630 3332 in
1657 3266 1862 3334 Α⁴*·’Β
1903 3301 1915 3336 :
1955 3266 2290 3337 Deytransitu
2338 3282 2646 3338 sacerdotis
2692 3266 2954 3344 Anselmi,
2996 3285 3051 3332 et
3102 3276 3382 3344 quomodo
3415 3266 3694 3344 (quoniam

320 3341 430 3396 At".
461 3339 564 3422 ῃι.)
603 3339 1174 3422 incolumissequenti
1207 3344 1295 3422 die
1328 3349 1601 3422 apparuit.
1635 3351 1710 3404 De
1741 3366 1786 3405 s.
1809 3354 1872 3406 A.
1897 3358 1937 3406 t.
1962 3354 2199 3421 qualiter
2230 3353 2458 3421 spiritus
2488 3354 2607 3420 ejus
2636 3339 3081 3422 incolumis'ante
3119 3339 3165 3402 ἐ.
3199 3346 3379 3401 Mariae
3405 3339 3574 3400 altare
3599 3359 3698 3413 per

322 3411 574 3481 angelum
613 3412 707 3466 Dei
747 3411 1017 3469 transivit.
1049 3417 1140 3470 A‘.
1219 3415 1280 3446 ⁶⁸⁰
1316 3411 1512 3472 ἰήιᾺῖ
1547 3421 1605 3474 Β.
1638 3422 1789 3476 Finis
1818 3411 2060 3477 Laudulﬁ
2091 3411 2328 3478 senioris
2358 3411 2625 3478 historiae.
2657 3421 2779 3475 A".

398 3579 555 3652 (147)
589 3581 664 3637 De
693 3594 758 3636 ea
794 3595 845 3636 v.
877 3581 1078 3637 Giulini
1120 3585 1178 3650 v,
1221 3584 1346 3638 373,
1891 3520 2106 3574 ΝΟΤᾹΒ-

898 3908 1719 4054 APPENDIX
1816 3916 2020 4057 AD
2120 3917 3114 4061 LANDULFUM

1978 4161 2045 4266 Ι

673 4382 1253 4472 GATALOGUS
1338 4385 2344 4482 ARGHIEPISGOPORUM
2435 4387 3334 4482 MEDIOLANENSIUM

1125 4562 1507 4617 EDIDERUNT
1545 4563 1604 4618 L.
1646 4565 1705 4620 C.
1752 4564 2117 4620 BETHMANN
2156 4567 2240 4622 ET
2279 4568 2362 4621 W.
2408 4566 2890 4622 WATTENBACH.

863 4713 1042 4783 (Apud
1082 4715 1273 4782 Pnurz,
1305 4716 1643 4772 Monumenta
1664 4718 1958 4773 Germaniae
1983 4718 2254 4786 historica,
2286 4719 2487 4788 Script.
2521 4725 2655 4775 tom.
2691 4719 2823 4783 Vill,
2858 4731 2978 4786 pag.
3018 4714 3156 4785 lOI.)

1806 4840 2186 4862 u—J———.

1749 4981 2260 5066 MONITUM

391 5133 599 5217 A_rnul_ﬁ
637 5141 693 5191 et
721 5136 1256 5217 Landulﬁllistoriis
1293 5141 1624 5217 subjicimus
1657 5143 1969 5217 catalogum
1993 5144 2060 5199 ad
2092 5145 2343 5200 eumdem
2383 5159 2505 5200 cum
2544 5144 2654 5200 illis
2684 5145 2972 5200 terminum
3022 5144 3338 5212 deductum,
3379 5142 3593 5199 scilicet
3623 5141 3690 5197 ad

321 5205 801 5284 archiepiscopum
839 5209 1171 5284 Thedaldym
1202 5230 1216 5276 ;
1250 5205 1423 5284 queui,
1442 5227 1508 5268 ex
1539 5215 1715 5270 tribus
1741 5205 2100 5284 proponimus
2127 5217 2415 5272 codicibus
2448 5237 2460 5272 :

401 5275 458 5362 li)
496 5275 892 5362 ambrOSianus
1143 5275 1319 5362 partis
1330 5283 1641 5362 inferioris,
1686 5275 1816 5362 olim
1847 5275 1922 5340 Ῥ.
1963 5286 2071 5339 246
2101 5295 2156 5341 et
2172 5289 2244 5362 ΔΒ.
2277 5287 2384 5341 245
2404 5288 2678 5362 signatus,
2709 5288 2938 5342 membr.
2970 5285 3066 5342 fol.
3108 5292 3235 5362 ante
3278 5287 3422 5362 Vitas
3460 5291 3696 5362 sancto--

323 5355 530 5433 rumet
557 5363 841 5432 sermones
878 5351 1024 5433 beati
1071 5353 1342 5433 Ambrosii
1393 5351 1630 5410 exhibet
1662 5357 1990 5433 catalogum,
2034 5359 2298 5433 continuo
2337 5351 2545 5413 calar'no
2577 5359 2869 5433 deductum
2903 5372 3074 5433 usque
3104 5359 3171 5412 ad
3210 5359 3510 5433 secundum
3550 5359 3695 5433 Lau-

323 5423 823 5504 rentium,‘,i11'quo
863 5423 1102 5504 calamus
1139 5423 1357 5504 quidem
1410 5433 1690 5504 mutatur,_
1721 5429 1818 5483 sed
1843 5423 2052 5504 :manus
2085 5429 2275 5504 eadem
2306 5438 2488 5504 manet
2517 5436 2573 5504 et
2611 5430 2872 5504 continuo
2904 5423 3083 5500 pergit
3112 5444 3303 5504 usque
3319 5436 3446 5504 post
3471 5427 3695 5504 ﬂuido-

322 5503 448 5544 nem
478 5504 530 5544 a.
578 5490 733 5546 1075.
766 5493 896 5549 Haec
935 5494 1116 5549 omnia
1153 5490 1322 5564 igitur
1367 5510 1435 5551 ex
1481 5490 1793 5567 antiquiore
1837 5499 2110 5556 ﬂuxerunt
2147 5514 2179 5555 a
2221 5500 2437 5556 duobus
2490 5500 2682 5557 saltem
2730 5490 3104 5567 confeétofut
3135 5490 3246 5571 jam
3284 5490 3694 5570 P'apebrochius
