4096 6156
453 226 562 293 963

1678 231 2013 291 APPENDIX
2051 231 2142 289 AD
2175 232 2585 291 LANDULFUM

3720 231 3835 291 064

453 361 617 434 (158),
677 359 772 429 qui
823 363 940 414 erat
994 359 1160 429 hujus
1217 357 1451 415 ecclesie
1511 356 1824 415 ordinarius
1866 363 1921 413 et
1972 358 2168 426 postA.
2256 359 2404 415 Obiit
2434 358 2716 428 predictus
2745 357 2980 415 domnus
3007 357 3280 414 Henricus
3317 358 3389 414 de
3416 361 3605 416 Setara
3632 360 3832 416 Brebie

455 457 687 508 mortem
710 450 945 520 predicti
976 450 1140 520 legati
1160 455 1214 505 et
1237 449 1397 505 electi
1430 453 1555 503 ante
1586 448 1727 505 hanc
1749 447 2104 504 examinatio-

455 555 581 598 nem
619 541 832 611 legatus
873 539 1177 610 apostolice
1208 539 1358 595 sedis
1395 538 1641 595 effectus.
1674 538 1888 594 Nullius
1928 544 2105 593 tamen

458 632 658 688 electio
688 629 791 685 fuit
822 630 891 685 ab
920 628 1257 685 electoribus
1293 628 1595 684 secundum
1638 642 1842 684 morem
1882 627 2106 684 solitum

456 719 841 790 pronunciata,
875 720 1119 789 qualibet
1149 726 1303 789 parte
1338 732 1489 774 suam
1529 717 1857 773 electionem
1890 715 2107 772 effectui

456 808 577 867 fore
606 809 1019 878 mancipandam
1041 808 1366 877 afﬁrmante,
1390 814 1443 863 et
1474 822 1578 864 una
1615 807 1833 878 quidem
1861 820 2108 863 asseren-

457 904 535 967 te,
566 912 625 953 se
656 911 885 954 numero
915 896 1236 967 ampliorem
1268 904 1323 953 et
1351 897 1479 952 ideo
1507 911 1665 951 suum
1706 896 1942 952 electum
1987 908 2107 951 esse

457 987 948 1060 pronuntiandum,
980 986 1210 1042 aliarum
1266 1000 1395 1042 vero
1436 986 1669 1056 partium
1711 991 1942 1055 utraque
1973 985 2105 1040 alle-

458 1083 643 1149 gante,
677 1091 737 1131 se
762 1076 894 1131 licet
911 1089 1142 1132 numero
1173 1074 1479 1131 breviorem
1510 1080 1689 1130 tamen
1720 1074 2025 1145 digniorem
2056 1079 2110 1129 et

456 1166 585 1223 ideo
634 1179 787 1221 suam
818 1166 1144 1222 electionem
1176 1180 1296 1221 esse
1328 1164 1715 1220 efﬁcaciorem.
1758 1166 1874 1219 Hec
1904 1165 2109 1233 quippe

456 1256 741 1313 contentio
767 1256 939 1312 multo
962 1263 1208 1325 tempore
1239 1255 1475 1322 duravit,
1512 1255 1667 1323 quasi
1690 1259 1870 1309 tamen
1904 1253 2104 1322 sopita,

456 1358 562 1403 nec
592 1359 777 1402 coram
813 1345 1097 1415 iudicibus
1140 1343 1245 1399 fuit
1281 1345 1502 1413 questio
1540 1344 1681 1398 bene
1720 1343 1977 1398 discussa
2008 1357 2110 1398 nec

2187 461 2237 501 a.
2272 449 2334 502 D.
2372 446 2526 513 1230,
2566 446 2629 500 16
2658 445 2776 502 Kal.
2808 448 2957 510 Oct.,
2989 453 3045 502 et
3089 447 3340 517 sepultus
3385 457 3471 505 est
3498 450 3557 504 in
3594 450 3833 507 ecclesia

2187 539 2361 593 sancti
2414 538 2653 593 Victoris
2698 537 2767 592 ad
2816 537 3061 605 ulmum;
3111 544 3169 595 et
3195 539 3360 595 modo
3390 539 3713 596 translatum
3743 549 3834 596 est

2187 628 2244 684 in
2290 627 2526 684 ecclesia
2571 634 2889 684 sanctorum
2937 628 3219 685 martirum
3252 630 3485 686 Naboris
3521 636 3579 686 et
3608 629 3830 697 Felicis,

2189 724 2244 773 et
2276 717 2353 774 ibi
2387 719 2554 787 jacet.
2603 717 2766 774 Stetit
2813 723 2995 774 autem
3042 718 3101 774 in
3147 719 3449 789 episcopali
3495 718 3626 775 sede
3675 734 3728 774 a.
3769 720 3836 773 16

2190 812 2246 862 et
2272 821 2345 862 m.
2385 805 2449 860 10
2478 807 2658 863 minus
2692 806 2756 861 l2
2786 807 3005 863 diebus.
3035 809 3198 863 Stetit
3244 809 3499 879 equidem
3528 809 3657 864 ideo
3689 810 3834 865 dixit

2190 901 2246 951 et
2273 910 2386 954 non
2414 897 2578 965 sedit,
2602 897 2763 954 sicuti
2794 898 2864 952 de
2895 898 3175 968 plerisque
3201 899 3596 967 suprascriptis
3623 899 3835 954 dictum

2191 992 2295 1055 est,
2327 988 2455 1058 quia
2498 992 2644 1044 stare
2699 988 2994 1057 pugnantis
3040 992 3098 1042 et
3140 1002 3239 1042 seu
3278 987 3600 1054 laborantis,
3632 988 3835 1043 sedere

2189 1091 2321 1133 vero
2351 1077 2709 1147 quiescentis.
2754 1077 2892 1132 Toto
2937 1076 3082 1132 enim
3111 1075 3226 1132 fere
3255 1077 3337 1131 sui
3371 1078 3655 1147 rcgiminis
3685 1085 3833 1133 tem-

2193 1181 2326 1236 pore
2378 1167 2432 1221 in
2484 1166 2671 1222 labore
2719 1164 2823 1221 fuit
2859 1171 2915 1221 et
2967 1178 3146 1235 pugna
3188 1178 3296 1221 non
3337 1167 3583 1233 minima,
3620 1167 3839 1222 scilicet

2193 1270 2295 1326 pro
2323 1256 2497 1311 totius
2525 1255 2776 1312 ecclesiae
2807 1254 3013 1310 tuenda
3060 1254 3337 1323 libertate,
3370 1269 3471 1325 pro
3523 1255 3691 1311 istius
3730 1270 3839 1311 ma-

2187 1345 2327 1415 joris
2355 1344 2588 1401 ecclesie
2619 1345 2831 1400 honore
2863 1344 3262 1412 conservando,
3296 1359 3396 1414 pro
3434 1344 3703 1400 hereticis
3740 1360 3840 1401 ex-

465 1436 761 1504 ventilata;
784 1450 953 1505 quare
983 1435 1162 1490 adhuc
1186 1440 1432 1490 remanet
1458 1433 1717 1489 insoluta.
1753 1435 1985 1503 Propter
2004 1434 2113 1489 hu-
2194 1434 2487 1504 pellendis,
2520 1448 2620 1504 pro
2649 1435 2933 1504 episcopis
2956 1433 3052 1504 qui
3079 1434 3412 1490 videbantur
3429 1448 3461 1489 a
3488 1434 3834 1504 subiectione

458 1525 702 1595 jusmodi
725 1525 1135 1581 contentionem
1169 1524 1404 1580 domnus
1452 1538 1593 1593 papa
1642 1523 1868 1593 capituli
1906 1523 2114 1579 nuntiis
2194 1522 2618 1579 Mediolanensis
2658 1522 2892 1579 ecclesie
2939 1522 3201 1587 absoluti,
3232 1522 3648 1593 recuperandis.
3681 1523 3836 1578 Unde

452 1614 522 1670 ad
541 1630 600 1669 se
623 1616 958 1680 convocatis,
988 1613 1248 1669 domnum
1280 1612 1576 1668 Henricum
1606 1613 1676 1669 de
1707 1615 1916 1681 Setara,
1950 1614 2113 1682 hujus
2198 1613 2457 1669 domnum
2520 1613 2898 1669 Omnebonum
2962 1613 3283 1683 episcOpum
3338 1616 3797 1669 Ceremonensem
3820 1651 3836 1678 ,

457 1703 691 1759 ecclesie
727 1704 1120 1759 cimiliarcham
1170 1711 1225 1759 et
1272 1704 1447 1773 ipsius
1484 1704 1775 1774 apostolici
1804 1697 2170 1760 subdiaco-B
2194 1702 2291 1771 qui
2317 1701 2560 1759 debitam
2596 1703 2727 1759 huic
2756 1703 3008 1760 ecclesiae
3060 1703 3420 1760 reverentiam
3467 1702 3630 1759 annis
3656 1702 3836 1772 pluri-

456 1806 610 1861 num,
646 1793 740 1863 qui
771 1798 891 1849 erat
935 1793 1182 1849 Bononie
1231 1792 1287 1847 in
1319 1792 1506 1861 scolis,
1538 1794 1595 1848 in
1636 1800 1907 1864 pastorem
1940 1793 2105 1867 elegit

456 1896 509 1938 a.
540 1884 604 1937 D.
643 1881 799 1950 1213,
829 1881 885 1937 4.
919 1882 1008 1937 die
1037 1885 1173 1940 Nov.
1208 1885 1274 1938 Et
1305 1888 1494 1939 notate
1542 1884 1691 1953 quod
1741 1884 1932 1953 paucis
1978 1890 2104 1939 ante

457 1973 823 2042 temporibus,
872 1978 1090 2029 mortuo
1156 1973 1319 2029 beato
1390 1973 1642 2039 Galdino,
1704 1973 1859 2043 quasi
1909 1974 2106 2030 similis

458 2062 557 2119 sed
588 2075 700 2118 non
735 2067 842 2116 tam
873 2061 1086 2131 prolixa
1111 2062 1215 2118 fuit
1235 2064 1518 2118 contentio
1549 2063 1696 2118 inter
1713 2064 2105 2135 archipresby-

378 2150 391 2163 ’
456 2154 634 2207 terum
664 2156 720 2207 et
764 2151 1252 2219 archidiaconum;
1304 2157 1533 2222 prepter
1581 2166 1816 2223 quorum
1867 2160 2103 2210 conten-

457 2242 664 2298 tionem
684 2241 957 2299 electores
975 2249 1031 2298 et
1051 2242 1298 2313 episcopi
1330 2242 1496 2313 hujus
1523 2243 1757 2299 ecclesie
1787 2249 2021 2315 utroque
2041 2245 2105 2299 il-

456 2331 635 2388 lorum
664 2333 883 2402 abiecto
931 2331 1218 2403 elegerunt
1255 2332 1514 2388 domuum
1561 2332 1822 2402 Algisium
1859 2333 1927 2387 de
1952 2334 2102 2389 Piro-

454 2432 617 2487 vano,
656 2421 751 2489 qui
781 2426 901 2475 erat
942 2421 1197 2475 similiter
1225 2419 1575 2490 cymiliarcha
1606 2428 1659 2475 et
1690 2420 1963 2489 presbiter
1991 2436 2101 2491 quo

456 2507 641 2564 nullus
670 2514 859 2577 postea
893 2522 1064 2577 usque
1112 2521 1262 2563 nunc
1298 2508 1401 2563 fuit
1439 2509 1569 2564 huic
1607 2508 1843 2565 ecclesie
1890 2512 2097 2567 utilior.

527 2596 648 2652 Hiis
676 2597 845 2667 igitur
873 2596 1034 2653 factis
1063 2597 1300 2667 cupidus
1327 2603 1616 2653 moneatur
1644 2598 1893 2665 honoris,

526 2686 749 2741 Viribus
776 2691 870 2742 aut
900 2687 1095 2757 plausu
1125 2686 1335 2743 fastuve
1365 2687 1592 2743 minisve
1624 2688 1687 2718 ⁷⁸⁸
1715 2689 1799 2744 vel
1838 2693 1957 2746 astu

523 2775 832 2842 Quemlibet
860 2776 1135 2832 incassum
1175 2790 1235 2831 se
1265 2776 1367 2831 niti
1399 2778 1882 2848 magnificandum,

520 2867 588 2922 Et
615 2866 819 2922 Christi
848 2864 1025 2922 fasces
1053 2866 1214 2924 fictos
1243 2867 1416 2923 vitare
1446 2868 1685 2924 sodales.

523 2956 641 3010 Hiis
670 2954 874 3010 etenim
904 2955 989 3009 ﬁsi
1018 2954 1199 3024 quoad
1238 2955 1348 3011 hiis
1376 2962 1505 3011 sunt
1528 2956 1795 3011 scandere
1826 2956 1952 3022 nisi,

524 3044 742 3098 Fratres
774 3048 1093 3097 manserunt
1122 3042 1324 3112 quibus
1356 3049 1537 3113 patres
1567 3059 1687 3100 esse
1714 3045 2025 3115 cupierunt.

521 3131 645 3186 Non
675 3130 837 3186 fatias
868 3136 1055 3201 partes
1082 3131 1268 3198 homo,
1302 3133 1349 3187 si
1379 3134 1461 3187 vis
1488 3139 1582 3188 aut
1610 3135 1768 3203 cupis
1794 3148 1970 3201 arces,

521 3220 635 3276 Nec
664 3218 895 3275 fratrum
926 3220 1157 3290 plaudas
1184 3220 1352 3287 vitiis,
1395 3222 1497 3277 tibi
1535 3223 1707 3278 robur
1737 3228 1797 3278 ut
1835 3223 2024 3279 addas.

522 3310 643 3365 Non
673 3309 909 3366 humiles
937 3308 1079 3366 fastu
1111 3324 1319 3381 preme,
1353 3324 1522 3367 necve
1549 3312 1713 3368 minis
1746 3325 1849 3369 nec
1879 3318 2021 3369 astu.

521 3400 625 3467 Qui
674 3399 806 3456 facit
854 3400 959 3457 ista
1010 3401 1255 3472 quidem,
1305 3399 1457 3473 fugat
1502 3401 1650 3458 hunc
1696 3416 1857 3473 quem
1914 3403 2099 3474 querit

1717 3492 2020 3563 [honorem

523 3580 748 3637 Munera
778 3593 847 3637 ne
878 3581 1107 3651 cupias;
1140 3594 1249 3651 que
1279 3584 1509 3652 captans
1538 3594 1699 3651 quam
1732 3583 1805 3637 sit
1848 3583 2091 3654 iniquus,

515 3669 648 3741 Vige
679 3669 783 3726 rite
813 3670 953 3726 simo
984 3670 1179 3740 quinto
1207 3669 1419 3739 psalmo
1452 3670 1705 3725 sinuatur
1745 3669 1912 3744 (159).

512 3758 634 3813 Νοη
664 3765 719 3814 te
751 3771 884 3829 ergo
915 3758 1135 3827 laqueet
1165 3759 1291 3828 quis
1320 3758 1503 3825 donis,
1536 3759 1607 3813 sit
1637 3759 1794 3828 quasi
1827 3760 1996 3829 piscis

518 3846 688 3903 Lesus
717 3860 882 3901 curva
910 3853 1043 3916 puta
1072 3846 1175 3901 sub
1204 3859 1432 3903 munere
1462 3845 1526 3878 ⁷⁸⁷
1555 3847 1804 3917 quolibet
1834 3860 1947 3904 era.

517 3936 639 3990 Non
670 3933 910 3990 tribulos
938 3935 1173 4004 plantes,
1206 3936 1379 3992 violas
1409 3939 1465 3991 et
1493 3935 1607 3990 lilia
1632 3936 1831 4004 jactes,

517 4025 718 4079 Sontes
746 4023 1121 4093 magnificans,
1156 4026 1317 4079 mites
1345 4030 1405 4080 ut
1434 4024 1561 4079 vilia
1592 4025 1830 4081 calcans.

516 4113 638 4167 Non
670 4112 902 4182 pingues
932 4125 1125 4182 ungas,
1156 4124 1371 4168 macros
1409 4126 1566 4168 arere
1599 4113 1856 4181 sinendo,

396 4216 403 4221 '
514 4199 784 4257 Divitibus
814 4201 1063 4257 tribuens
1093 4207 1149 4257 et
1178 4201 1371 4272 egenis
1400 4214 1510 4257 non
1541 4203 1875 4259 miserendo.

2190 1793 2293 1848 bus
2317 1800 2566 1863 prestare
2595 1800 2944 1850 recusaverat
2975 1798 3032 1849 et
3057 1808 3119 1850 se
3142 1795 3319 1850 teneri
3350 1793 3579 1850 obedire
3610 1794 3836 1861 omnino

2194 1883 2447 1953 negabat,
2473 1890 2599 1953 post
2624 1884 2831 1940 multos
2860 1883 3081 1940 labores
3117 1889 3175 1939 et
3200 1890 3453 1953 sumptus
3479 1888 3537 1938 et
3563 1882 3833 1938 diutinam

2188 1972 2599 2028 contentionem
2647 1977 2702 2027 et
2750 1972 3015 2041 prolixam
3065 1973 3121 2027 in
3152 1974 3304 2028 curia
3336 1974 3577 2027 Romana
3608 1986 3733 2027 cum
3767 1985 3829 2026 eo

2187 2062 2447 2129 habitam,
2480 2062 2701 2118 tandem
2753 2063 2986 2117 evictum
3032 2068 3116 2116 est
3164 2076 3265 2131 per
3309 2062 3638 2117 sententiam
3688 2074 3828 2116 con-

2187 2151 2539 2221 dempnatum
2588 2151 2829 2208 debitam
2877 2150 3196 2207 ﬁdelitatem
3236 2152 3470 2220 prestito
3511 2153 3827 2221 juramento

2185 2241 2351 2297 solito
2408 2254 2562 2297 more
2617 2242 2837 2312 publice
2895 2255 3078 2298 coram
3135 2244 3338 2296 cuncto
3395 2240 3631 2295 civitatis
3669 2240 3831 2295 istius

2185 2330 2357 2398 clero,
2399 2331 2477 2386 ibi
2507 2332 2671 2387 etiam
2708 2336 2921 2387 astante
2971 2331 3259 2386 innumera
3305 2329 3494 2399 populi
3534 2329 3826 2398 utriusque

2184 2434 2350 2477 sexus
2376 2421 2728 2477 multitudine
2757 2421 3096 2477 diversarum
3121 2426 3348 2486 etatum,
3378 2418 3591 2475 scilicet
3620 2431 3829 2488 puero-

2184 2523 2326 2577 rum,
2359 2510 2814 2577 adolescentium,
2831 2511 3092 2580 iuvenum
3123 2514 3178 2565 et
3208 2522 3421 2573 senum,
3449 2509 3503 2563 in
3524 2507 3709 2563 medio
3742 2520 3830 2563 ec-

2184 2599 2371 2655 clesiae
2401 2600 2561 2655 beate
2590 2599 2753 2670 Tegle
2783 2599 2890 2653 sibi
2921 2604 2976 2654 et
3005 2597 3400 2654 Mediolanensi
3432 2597 3669 2652 ecclesie
3695 2595 3831 2653 fecit

2182 2690 2445 2745 exhibere
2493 2704 2543 2745 a.
2594 2691 2655 2744 D.
2715 2687 2870 2744 1229.
2916 2689 2972 2743 in
3023 2687 3163 2744 festo
3213 2686 3615 2757 puriﬁcationis
3664 2684 3829 2740 beate

2180 2780 2368 2847 Marie,
2429 2779 2566 2835 hora
2613 2778 2667 2844 3,
2710 2778 2861 2834 clero
2907 2778 3163 2833 veniente
3211 2791 3332 2832 cum
3391 2774 3751 2846 processione
3799 2788 3828 2827 a

2180 2869 2379 2924 Sancta
2416 2867 2580 2924 Maria
2617 2866 2870 2923 Beitrade
2900 2867 3200 2922 secundum
3248 2864 3487 2921 debitam
3534 2868 3830 2919 consuetu-

2182 2957 2450 3014 tudinem.
2474 2988 2549 3001 η-
2576 2956 2797 3013 Vacavit
2843 2962 3023 3012 autem
3070 2955 3233 3012 sedes
3261 2953 3597 3024 episcopalis
3632 2951 3692 3007 d.
3732 2951 3825 3019 28,

2120 3034 2443 3104 Cvidelicet
2490 3061 2667 3117 usque
2712 3046 2781 3101 ad
2828 3046 3008 3116 pridie
3047 3044 3127 3100 1d.
3181 3046 3296 3100 Oct.
3339 3041 3523 3113 (1230)
3576 3052 3689 3111 quo
3737 3040 3832 3096 die

2181 3135 2284 3192 fuit
2314 3137 2526 3193 eiectus
2572 3136 2809 3192 domnus
2861 3134 3191 3192 Guiliermus
3245 3132 3315 3188 de
3370 3130 3626 3195 Ruzolio,
3665 3129 3829 3185 istius

2181 3225 2415 3281 ecclesie
2461 3225 2793 3282 venerabilis
2839 3223 3283 3288 archidiaconus,
3328 3235 3451 3276 cum
3491 3219 3643 3275 omni
3690 3231 3830 3289 pace

2181 3321 2236 3371 et
2265 3316 2564 3371 concordia
2612 3315 2899 3383 tociusque
2948 3311 3174 3383 capituli
3225 3323 3498 3368 consensu
3529 3316 3587 3364 et
3617 3307 3825 3364 favore.

2250 3405 2349 3461 Cui
2378 3405 2584 3461 tribuat
2612 3406 2861 3460 Christus
2888 3403 3014 3458 data
3043 3414 3269 3458 munera
3298 3402 3379 3457 sic
3407 3399 3719 3469 duplicare,

2249 3495 2449 3551 Audiat
2479 3502 2539 3551 ut
2568 3495 2733 3566 digne
2764 3507 2983 3551 carmen
3014 3491 3221 3548 felitius
3249 3505 3390 3563 euge
3415 3496 3427 3545 !

2249 3676 2380 3730 Cum
2428 3674 2517 3730 lex
2566 3673 2748 3729 divina
2796 3670 3067 3743 precipiat
3112 3675 3167 3725 et
3222 3669 3340 3738 ipsa
3388 3667 3528 3738 legis
3584 3667 3821 3738 capitula

2179 3764 2530 3833 persuadent,
2567 3769 2627 3817 ut
2664 3764 2718 3817 in
2768 3775 2835 3817 eo
2866 3774 3057 3830 opere,
3090 3760 3147 3813 in
3194 3772 3305 3828 quo
3353 3763 3583 3827 apparet
3615 3756 3839 3828 aliquid.

2177 3854 2247 3909 de
2267 3854 2651 3919 diminutione,
2670 3851 2764 3907 ille
2785 3848 2879 3922 qui
2899 3850 2965 3905 ad
2989 3848 3125 3905 illud
3147 3847 3513 3918 supplendum
3534 3848 3715 3918 magis
3733 3862 3823 3917 ap-

2177 3943 2531 4011 propinquat,
2563 3942 2761 3997 merito
2788 3941 3014 3996 subesse
3045 3945 3317 4003 teneatur,
3346 3940 3400 3991 et
3425 3951 3550 3992 cum
3574 3936 3826 4007 comple-

2176 4036 2360 4086 mento
2391 4032 2447 4086 in
2478 4039 2603 4087 actu
2652 4030 2973 4101 perduxisse
3009 4049 3022 4083 :
3058 4041 3182 4083 cum
3234 4026 3467 4096 quedam
3517 4026 3589 4081 de
3620 4026 3822 4081 domm

2174 4119 2462 4177 Guiiielmo
2509 4120 2808 4177 venerabili
2851 4117 3275 4188 archiepiscopo
3326 4115 3643 4185 perscripta
3673 4117 3821 4170 inve-

2174 4209 2375 4277 nimus,
2408 4224 2518 4266 non
2574 4216 2756 4266 autem
2804 4208 2986 4266 omnia
3034 4207 3199 4277 digne
3246 4205 3540 4274 completa,
3577 4206 3648 4259 ad
3686 4203 3818 4259 illud

515 4291 637 4347 Non
667 4290 892 4347 studeas
925 4305 1085 4348 ursos
1124 4297 1179 4348 et
1208 4271 1383 4362 equos
1413 4291 1776 4363 volucresque
1808 4294 2016 4365 cibare,
2108 4271 2157 4328 D
2177 4271 2563 4355 declarandum
2613 4298 2878 4369 pr0posui
2925 4295 3044 4352 fore
3085 4271 3476 4358 inducendum,
3510 4298 3574 4346 ut
3604 4306 3668 4346 ea
3698 4302 3819 4361 qut

512 4381 730 4451 Pauper
757 4386 812 4437 et
840 4386 966 4437 ante
986 4381 1205 4438 domum
1237 4380 1440 4437 frustra
1470 4382 1706 4439 clamet:
1730 4384 2021 4441 Miserere!

509 4470 631 4525 Non
656 4470 839 4526 carnis
868 4483 1075 4537 curam,
1118 4482 1245 4525 mox
1273 4471 1551 4527 vermibus
1582 4486 1708 4528 esca
1741 4472 1945 4542 future,

514 4560 746 4630 Perfice,
778 4565 865 4616 set
894 4574 1167 4616 memores
1197 4560 1376 4616 anime
1406 4562 1563 4629 buto,
1596 4563 1856 4619 cariture.

510 4651 626 4706 Hec
655 4648 820 4706 modo
846 4663 954 4720 que
992 4649 1201 4717 monui,
1230 4662 1463 4718 spernas
1482 4650 1528 4706 si
1553 4652 1722 4708 corde
1753 4650 2016 4723 maligno,

512 4740 630 4806 Quo
663 4739 839 4810 cupis,
874 4737 1019 4794 haud
1058 4737 1313 4805 scandes,
1348 4738 1511 4809 digne
1552 4753 1839 4796 mansurus
1868 4742 1924 4795 in
1954 4740 2103 4796 imo.‘

515 4827 616 4885 Hic
639 4841 862 4899 quoque
892 4826 987 4897 qui
1019 4827 1255 4896 scandit,
1289 4826 1337 4884 si
1370 4841 1481 4884 non
1511 4829 1809 4885 servaverit
1836 4829 1961 4898 ista,

513 4919 632 4985 Quo
662 4918 836 4988 magis
864 4916 1137 4985 ascendit,
1171 4922 1323 4973 tanto
1355 4931 1509 4988 mage
1538 4926 1728 4989 verget
1754 4919 1823 4975 ad
1852 4919 1979 4975 ima.

512 5005 607 5062 Sin
638 5013 817 5064 autem
849 5018 1099 5077 spernas,
1133 5012 1189 5061 et
1217 5006 1310 5061 hic
1339 5007 1563 5077 impleat
1591 5005 1684 5062 illa
1713 5007 1949 5078 benigne

512 5096 557 5152 Ο
586 5096 794 5153 utinam
823 5095 1043 5152 veniat!
1077 5094 1384 5167 regnabitis
1412 5096 1572 5153 ambo
1604 5094 1906 5167 perhenne.

2176 4387 2244 4442 de
2274 4389 2395 4457 ipso
2426 4388 2657 4459 cognovi
2688 4394 2744 4443 et
2780 4385 3026 4442 intellexi
3058 4384 3221 4454 digna
3251 4382 3514 4437 memorie
3547 4392 3823 4437 commen-

2174 4476 2354 4531 danda
2382 4477 2440 4532 in
2467 4478 2692 4547 scriptis
2720 4488 3045 4545 reponerem
3070 4494 3083 4541 ;
3126 4485 3237 4528 non
3278 4476 3338 4527 ut
3366 4486 3433 4525 ex
3464 4470 3578 4526 hoc
3604 4482 3818 4540 sperem

2172 4565 2423 4636 recipere
2468 4568 2753 4637 premium,
2787 4571 2873 4620 set
2920 4564 3021 4619 hec
3070 4576 3188 4617 mea
3228 4562 3413 4631 potius
3456 4560 3584 4616 volo
3614 4560 3819 4627 scripta

2173 4655 2242 4710 de
2270 4661 2424 4712 tanto
2454 4656 2627 4712 nobili
2656 4656 2774 4710 viro
2795 4653 2943 4709 dicta
2969 4654 3025 4707 in
3053 4651 3142 4707 die
3164 4651 3384 4706 luceant
3403 4653 3462 4704 et
3488 4648 3547 4704 in
3574 4648 3820 4704 tenebris

2174 4757 2283 4801 non
2315 4743 2689 4812 esordescant,
2722 4744 2779 4799 id
2810 4749 2893 4799 est
2922 4756 3018 4799 vos
3072 4745 3357 4812 presentes
3404 4734 3719 4794 illuminent
3757 4740 3817 4792 et

2171 4835 2572 4905 subsequenter
2610 4833 2663 4889 in
2705 4831 2945 4904 posteris
2983 4831 3317 4886 elucescant.
3359 4826 3512 4885 Unde
3553 4827 3661 4883 mei
3690 4839 3817 4882 ver-

2171 4937 2266 4981 sus
2293 4924 2374 4980 sic
2412 4922 2609 4979 ordine
2638 4922 3065 4979 continuantur:

2240 5013 2383 5069 Anni
2412 5018 2543 5069 tunc
2579 5011 2795 5067 Domini
2824 5010 3122 5066 currebant
3150 5006 3300 5062 mille
3324 5005 3575 5072 ducenti,

2242 5100 2494 5175 Adquos
2518 5102 2629 5171 jam
2667 5100 2842 5157 denus
2870 5098 3157 5170 conjunxit
3187 5101 3383 5166 quater
3422 5101 3478 5150 et
3507 5104 3668 5161 unus,

1810 5223 2034 5279 VARL‘E
2067 5223 2350 5283 LECTION
2354 5228 2453 5281 ES.

514 5310 578 5345 "°
604 5312 850 5371 faustuve
879 5312 1127 5370 minusve
1164 5308 1291 5369 cod.
1318 5311 1453 5385 quod
1483 5315 1805 5369 correximus
1835 5313 1899 5368 ob
1916 5314 2079 5385 paulo
2103 5322 2225 5388 post
2251 5317 2539 5388 sequentia.
2619 5316 2681 5347 ⁷⁸⁷
2710 5327 2935 5372 munera
2965 5311 3082 5369 cod.

2015 5423 2213 5481 ΝΟΤᾹΞ
2225 5465 2240 5479 .

516 5518 655 5593 (158)
686 5519 994 5593 Ariprando
1028 5519 1098 5609 de
1138 5521 1573 5580 vicecomitibus.

2257 5521 2396 5593 (150)
2440 5524 2482 5577 1.
2515 5535 2566 5577 e.
2608 5523 2919 5579 insinuatur
2955 5519 3167 5590 psalmo
3203 5516 3345 5572 251°.
