4096 6156
302 316 413 372 965

373 443 618 510 Cumque
647 439 738 496 die
767 446 982 509 quarta,
1024 454 1131 508 que
1167 442 1394 495 venerat
1421 446 1548 496 ante
1579 441 1852 496 Kalendas

372 530 526 586 Illius
547 531 751 584 mensis
770 529 864 598 qui
885 529 1090 584 dicitur
1109 531 1424 599 Aperiensis
1445 530 1625 599 (1241,
1649 533 1815 586 Mart.
1837 530 1909 584 29
1931 551 1943 586 :

372 623 504 677 Cum
535 620 603 675 de
635 618 862 675 Ruzolio
894 619 1215 675 Guilielmus
1245 627 1434 689 pastor
1460 620 1727 674 amandus

372 712 451 766 Ex
487 711 594 764 isto
624 709 828 764 mundo
851 710 1106 779 migravit
1141 709 1197 764 in
1236 723 1362 765 arce
1393 708 1682 779 perhenni,

371 800 472 866 Qui
510 814 610 868 per
639 800 811 854 lustra
841 799 950 855 duo
981 799 1286 855 cathedrali
1317 800 1450 855 sede
1480 800 1828 870 triumphans

372 891 597 944 Necnon
631 894 685 942 et
716 903 932 944 menses
972 904 1071 958 per
1099 889 1343 959 quinque
1373 890 1612 945 fideliter
1649 889 1791 944 ultra

371 979 578 1044 Astitit,
612 983 667 1032 et
690 980 899 1047 junctis
928 993 1094 1048 super
1123 978 1231 1034 hoc
1260 984 1347 1034 ter
1376 981 1621 1049 quinque
1651 979 1867 1036 diebus.

369 1069 539 1134 Quem
572 1067 749 1135 pietas
781 1067 1022 1136 redimit,
1055 1082 1217 1137 quem
1248 1067 1336 1123 lex
1373 1069 1558 1123 divina
1599 1067 1880 1135 reformat,

369 1158 539 1222 Quem
571 1170 754 1212 mores
782 1156 1029 1224 laudant,
1063 1172 1226 1227 quem
1254 1159 1365 1213 vita
1393 1159 1554 1214 beata
1581 1164 1835 1226 coronat,

369 1245 594 1300 Artibus
631 1245 955 1313 instructus,
998 1246 1184 1302 divino
1224 1247 1376 1302 fonte
1417 1247 1685 1316 repletus,

371 1334 754 1404 Exemplisquc
785 1335 900 1390 suis
930 1348 1032 1391 nos
1063 1349 1254 1390 omnes
1283 1335 1402 1404 ipse
1432 1336 1686 1390 docebat.

370 1424 626 1492 Elloquio
665 1425 876 1480 Marcus
910 1429 993 1479 est
1017 1426 1210 1480 Cicero
1241 1424 1450 1479 Tullius
1479 1425 1622 1490 iste;

372 1514 431 1566 In
463 1511 611 1567 bello
642 1515 876 1580 Turnus,
909 1513 1131 1582 quando
1171 1513 1321 1568 ferus
1349 1513 1526 1569 hostis
1554 1513 1790 1583 agebat;

370 1600 522 1655 Alter
558 1602 692 1656 Cato
721 1600 843 1669 fuit,
878 1615 1040 1671 quem
1073 1616 1177 1670 pax
1205 1601 1502 1671 tranquilla
1525 1602 1771 1670 juvabat.

369 1691 504 1745 Nam
536 1690 700 1746 dabat
729 1691 941 1760 optanti
973 1706 1183 1761 pacem,
1238 1692 1344 1746 sibi
1376 1691 1597 1761 quando
1639 1691 1876 1760 petebat.

368 1781 510 1848 Quid
541 1779 815 1836 referam?
845 1794 958 1837 non
990 1781 1132 1837 ultra
1163 1781 1307 1836 valet
1336 1795 1456 1836 mea
1484 1781 1602 1851 lyra
1630 1795 1852 1836 sonare.

370 1871 506 1924 Nam
537 1869 671 1924 mihi
703 1871 750 1924 si
781 1879 1002 1926 centum
1035 1871 1250 1940 linguas
1277 1872 1422 1925 Deus
1451 1870 1569 1938 ipse
1597 1870 1860 1936 dedisset,

373 1959 586 2014 Laudes
612 1973 847 2029 nemppe
877 1975 1003 2014 suas
1034 1973 1144 2015 non
1187 1973 1403 2029 possem
1432 1961 1675 2014 scribere
1707 1965 1952 2016 cunctas.

372 2050 517 2118 Ergo
549 2049 714 2103 Deum
755 2054 964 2118 patrem
997 2049 1195 2104 devota
1225 2057 1407 2104 mente
1438 2063 1746 2118 precemur,

371 2137 473 2204 Qui
507 2137 710 2193 talenta
740 2137 893 2192 dedit
923 2137 1239 2207 pastoribus
1267 2139 1386 2207 ipse
1428 2139 1681 2207 requirit,

376 2228 445 2282 Ut
469 2226 576 2281 sibi
609 2227 703 2282 det
734 2227 978 2296 requiem
1000 2227 1165 2282 vitam
1196 2241 1416 2298 quoque
1448 2233 1659 2296 prestet
1689 2233 1952 2282 eternam.

373 2315 477 2382 Qui
525 2314 658 2386 legit
707 2315 810 2371 hos
838 2330 1049 2381 versus,
1082 2330 1283 2372 moneo
1324 2317 1692 2386 precibusque
1733 2329 1954 2386 peroro,

447 2406 623 2471 Dicat,
655 2405 807 2475 quod
838 2407 1089 2461 Christus
1121 2407 1232 2475 jam
1273 2407 1378 2462 sibi
1423 2413 1633 2475 parcat.
1673 2409 1866 2461 Amen.

379 2493 626 2549 Prefatus
685 2495 920 2550 domnus
975 2495 1298 2551 Cuilielmus
1347 2495 1490 2550 sedit
1547 2497 1602 2550 in
1652 2495 1958 2566 episcopali

304 2583 440 2639 sede
468 2598 520 2638 a.
564 2583 622 2637 10
650 2590 704 2639 et
734 2598 804 2641 m.
850 2584 888 2637 5
923 2591 977 2640 et
1006 2584 1063 2640 d.
1102 2585 1200 2650 15;
1259 2585 1399 2640 obiit
1443 2584 1598 2648 1241,
1631 2591 1828 2654 quarto
1868 2586 1958 2641 die

304 2679 542 2730 exeunte
577 2676 774 2731 Martii.
808 2677 1033 2731 Vacavit
1069 2681 1251 2731 autem
1291 2676 1451 2731 sedes
1489 2690 1561 2731 m.
1603 2675 1638 2728 2
1676 2682 1731 2731 et
1769 2675 1826 2730 d.
1873 2675 1955 2730 19.

303 2764 566 2834 Sepultus
594 2778 724 2820 vero
755 2769 839 2821 est
868 2766 922 2820 in
955 2765 1290 2821 monasterio
1311 2764 1696 2821 Clarevallcnsi
1724 2765 1884 2836 (160).

380 2855 492 2908 Leo
538 2853 986 2923 archiepiscopus
1034 2854 1103 2909 de
1151 2855 1442 2924 agnatione
1484 2854 1748 2910 nobilium
1780 2854 1960 2908 valva-

304 2956 497 2998 sorum
527 2942 595 2998 de
625 2945 833 3014 Perego
864 2944 1008 2998 sedit
1028 2957 1078 2997 a.
1114 2943 1176 2996 16
1206 2949 1260 2997 et
1291 2957 1362 2997 m.
1397 2942 1430 2995 3
1463 2948 1518 2997 et
1545 2943 1599 2997 d.
1627 2943 1715 2996 30.
1741 2943 1961 2998 Electus

308 3039 495 3087 autem
533 3031 635 3087 fuit
677 3031 806 3086 1241
841 3034 898 3088 in
937 3031 1078 3088 festo
1118 3033 1292 3088 sancti
1325 3033 1431 3087 Viti
1471 3033 1606 3103 (Jun.
1656 3032 1777 3098 15);
1824 3033 1962 3088 obiit

1510 315 1835 373 CATALOG.
1875 314 2084 370 EPISC.
2125 313 2486 369 MEDIOLAN.

3581 319 3689 375 966

1967 440 2214 509 Aipsius
2258 439 2598 494 honestatem
2647 438 2926 493 solertiam
2966 443 3132 509 atque
3183 442 3433 510 peritiam
3473 445 3530 500 in
3559 447 3690 502 arti-

2035 530 2176 584 culis
2225 528 2613 584 necessitatum
2669 529 2963 597 patiencia,
3007 530 3061 584 in
3105 531 3400 600 gratiarum
3449 535 3687 591 retribu-

2032 619 2185 674 tione
2238 618 2616 673 misericordia
2665 618 3075 674 evidentissime
3127 620 3499 677 manifestam.
3551 625 3685 678 Nam

2035 716 2365 764 novercante
2395 708 2613 763 fortuna
2646 707 2937 762 multarum
2976 709 3365 765 adversitatum
3406 712 3689 780 pacienter

2036 798 2312 853 tolleravit
2352 797 2594 863 aculeos,
2630 804 2684 852 et
2730 797 2787 851 in
2832 797 3207 852 habundantia
3259 801 3688 869 prosperitatum

2037 887 2203 956 pallio
2254 887 2576 942 humilitatis
2622 888 2872 954 vestitus,
2922 901 2982 941 se
3037 889 3372 956 pauperibus
3418 889 3688 947 affabilem

2036 982 2090 1031 et
2146 977 2398 1033 hostibus
2455 976 2716 1047 propriis,
2778 983 2837 1031 ut
2885 977 3219 1044 narrabitur,
3277 979 3688 1038 misericordem

2035 1080 2093 1120 se
2144 1067 2366 1134 prebuit
2413 1073 2467 1122 et
2518 1072 2777 1122 tutorem.
2812 1068 3054 1135 Cumque
3101 1067 3382 1122 Turrianis
3421 1070 3690 1138 predictis

2036 1154 2375 1209 notiﬁcatum
2423 1153 2636 1222 fuisset,
2688 1155 2755 1211 de
2801 1157 2950 1211 dicto
2991 1157 3216 1212 domino
3254 1160 3452 1214 Ottone
3500 1160 3688 1215 archi-

2036 1245 2302 1314 episcopo
2335 1243 2543 1313 prefate
2575 1244 2808 1299 ecclesie
2839 1244 2956 1299 fore
2989 1247 3286 1314 provisum,
3320 1248 3494 1316 ipsius
3523 1249 3687 1304 indu-

2035 1334 2226 1388 striam
2277 1340 2440 1403 atquc
2492 1335 2793 1404 potentiam
2841 1334 2947 1389 sibi
2995 1334 3382 1391 formidulosas
3430 1337 3689 1393 timentes

2035 1423 2350 1479 doluerunt.
2389 1427 2734 1493 Quapropter
2771 1424 2976 1479 dictum
3008 1425 3289 1480 dominum
3319 1426 3692 1496 archiepisco-

2035 1527 2163 1583 pum
2195 1514 2262 1567 ab
2303 1515 2477 1582 ipsius
2523 1514 2654 1568 sede
2705 1515 3084 1583 prohibentes,
3127 1529 3196 1570 ne
3237 1516 3501 1585 populum
3530 1531 3689 1573 suum

2036 1605 2347 1674 gubernare
2376 1605 2601 1671 valeret,
2637 1617 2746 1659 non
2788 1619 2950 1660 causa
2999 1610 3059 1660 ut
3099 1619 3261 1661 causa
3309 1606 3446 1661 moti
3496 1621 3690 1676 quam-

2036 1693 2307 1763 plurimos
2358 1707 2498 1763 quos
2547 1693 2596 1748 ei
2646 1694 3033 1748 existimabant
3083 1693 3200 1749 fore
3259 1693 3570 1764 propitios,
3622 1697 3691 1751 de

1971 1782 2258 1838 Bcivitate
2316 1784 2552 1852 turpiter
2608 1783 2957 1852 expulerunt.
3019 1785 3285 1838 Dominus
3333 1797 3464 1839 vero
3515 1785 3694 1839 archi-

2039 1872 2336 1941 episcopus
2381 1871 2662 1941 predictus
2710 1873 3010 1927 amicorum
3049 1887 3272 1928 suorum
3315 1873 3608 1929 incomoda
3638 1877 3694 1928 et

2039 1961 2302 2031 populum
2333 1975 2490 2017 suum
2521 1961 2826 2017 desolatum
2857 1961 3122 2032 regimine
3153 1975 3340 2017 secum
3369 1976 3501 2032 sepe
3530 1975 3692 2030 repu-

2039 2054 2198 2117 tans,
2251 2057 2308 2106 et
2363 2051 2470 2106 hiis
2517 2052 2735 2107 duobus
2782 2051 3090 2107 defectibus
3146 2052 3438 2108 subvenire
3496 2051 3691 2121 dispo-

2039 2155 2196 2206 nens,
2230 2141 2577 2211 congregatis
2615 2143 2806 2196 amicis
2851 2143 2964 2196 suis
3013 2141 3378 2209 cxulantibus,
3412 2154 3534 2197 eum
3575 2143 3689 2197 eis-

2041 2229 2164 2284 dem
2205 2231 2427 2285 intravit
2473 2233 2707 2285 Aronam
2749 2233 2854 2301 (an.
2895 2231 3050 2297 1263,
3083 2233 3213 2301 Apr.
3255 2231 3318 2299 1).
3368 2230 3524 2298 Quod
3566 2244 3689 2285 cum

2040 2319 2107 2374 ad
2139 2320 2529 2374 Turrianorum
2580 2320 2919 2389 pervenisset
2959 2320 3232 2386 notitiam,
3265 2318 3389 2374 freti
3423 2319 3692 2374 marchio-

2040 2408 2128 2463 nis
2167 2409 2480 2463 Pallavicini
2517 2407 2673 2478 (161)
2708 2409 2990 2474 subsidiis,
3025 2410 3118 2477 qui
3153 2414 3284 2463 tunc
3325 2409 3482 2463 matri
3514 2408 3692 2463 eccle-

2041 2496 2120 2551 sie
2189 2498 2457 2552 inimicari
2525 2503 2953 2566 presumpserat,
3004 2511 3126 2552 cum
3190 2505 3382 2566 parato
3439 2499 3686 2552 exercitu

2040 2584 2309 2655 prefatum
2350 2587 2630 2642 dominum
2660 2587 3135 2656 archiepiscomtm
3167 2586 3236 2641 de
3277 2587 3526 2655 predicto
3566 2586 3690 2641 loco

2040 2678 2220 2732 Arone
2251 2689 2373 2730 cum
2400 2677 2514 2731 suis
2543 2677 2936 2731 adherentibus
2965 2675 3323 2747 expellentes,
3353 2677 3497 2732 circa
3520 2689 3570 2730 a.
3603 2674 3687 2729 15.

2041 2765 2219 2833 ipsum
2242 2779 2272 2820 a
2296 2766 2426 2820 sede
2459 2767 2680 2835 propria
2712 2766 3099 2834 compulerunt
3120 2765 3422 2820 enormiter
3443 2765 3687 2820 exulare.

2042 2855 2328 2910 Postremo
2377 2855 2560 2910 divina
2610 2855 2954 2925 providentia
3000 2854 3193 2909 videns
3241 2855 3502 2924 pOpulum
3544 2853 3691 2911 beati

2043 2945 2317 2999 Ambrosii
2367 2945 2451 3000 sui
2503 2945 2675 3014 patris
2713 2944 2966 3000 doctrina
3004 2942 3307 3000 desolatum
3341 2957 3689 3013 evanescere,

2044 3038 2098 3087 et
2129 3033 2366 3102 pastoris
2394 3039 2449 3088 et
2481 3035 2666 3103 populi
2699 3033 2916 3088 miscrie
2959 3033 3118 3088 finem
3159 3038 3551 3104 congruentem
3586 3035 3693 3089 im-

307 3135 445 3178 vero
499 3120 681 3188 12570,
739 3120 830 3175 14°
877 3123 966 3178 die
1012 3122 1310 3188 Octobris;
1353 3121 1604 3191 sepultus
1633 3135 1762 3177 vero
1796 3128 1878 3178 est
1908 3111 2281 3191 inCponens,
2316 3136 2418 3178 nec
2455 3123 2646 3179 volens
2685 3137 2780 3178 eos
2819 3123 2888 3177 de
2929 3136 3026 3178 sue
3066 3123 3147 3177 rei
3188 3123 3408 3192 publice
3447 3123 3701 3178 terminis

309 3211 549 3266 ecclesia
596 3211 894 3267 Salvatoris
924 3212 979 3266 in
1019 3211 1143 3268 loco
1183 3212 1251 3267 de
1292 3212 1590 3282 Legniano,
1625 3210 1971 3267 forbannitus

311 3315 345 3355 a
377 3301 736 3370 popularibus
763 3301 1000 3356 civitatis
1031 3300 1473 3357 Mediolanensis.
1499 3301 1600 3368 Qui
1623 3301 1971 3358 forbannitus

312 3404 442 3446 cum
489 3391 785 3446 ordinariis
829 3392 1252 3448 Mediolanensis
1299 3392 1549 3447 ecclesia
1598 3390 1699 3446 fuit
1728 3391 1795 3446 ab
1835 3391 1973 3460 ipsis

316 3480 698 3551 popularibus,
740 3495 840 3550 pro
890 3493 956 3536 eo
999 3482 1146 3550 quod
1188 3481 1308 3550 ipse
1341 3485 1395 3536 et
1435 3480 1701 3535 ordinarii
1736 3481 1970 3549 predicti

316 3570 538 3639 aliquos
565 3569 633 3624 de
663 3571 798 3639 ipsis
821 3571 1184 3640 popularibus
1213 3571 1433 3625 titulare
1463 3570 1518 3624 in
1547 3570 1766 3625 clericis
1797 3571 1972 3639 ipsius

316 3659 556 3715 ecclesie
587 3660 919 3727 noluerunt;
972 3666 1028 3716 et
1059 3674 1167 3717 non
1199 3661 1379 3716 solum
1410 3659 1708 3716 forbanniti
1742 3663 1971 3729 prOpter

313 3750 519 3805 dictam
558 3765 796 3816 causam,
831 3756 916 3806 set
952 3753 1174 3821 spoliati
1216 3752 1379 3808 bonis
1419 3750 1533 3806 suis
1573 3765 1672 3820 per
1710 3763 1807 3805 eos
1854 3748 1973 3804 fue-

312 3843 464 3893 runt.
496 3840 596 3905 Qui
629 3839 811 3895 dictus
841 3842 951 3896 Leo
981 3841 1436 3910 archiepiscopus
1486 3845 1746 3909 tanquam
1804 3854 1968 3908 pere-

309 3929 508 3998 grinus
563 3933 617 3984 et
682 3930 890 3997 ejectus
946 3931 1014 3985 ab
1064 3932 1143 3985 eis
1199 3932 1267 3986 de
1317 3930 1533 3985 civitate
1583 3929 1874 3984 Mediolani
1914 3929 1969 3982 in

310 4017 567 4086 predicto
606 4017 730 4073 loco
763 4019 903 4074 obiit
935 4018 1040 4091 (an.
1079 4019 1252 4086 1257).
1307 4021 1399 4074 Vir
1449 4026 1708 4074 strenuus
1746 4024 1800 4073 et
1839 4029 1971 4073 con-

309 4110 470 4161 stans
543 4107 852 4163 libertatem
924 4109 1347 4164 Mediolanensis
1413 4109 1648 4164 ecclesie
1723 4106 1970 4162 defendit

311 4206 491 4263 usque
531 4195 598 4249 ad
647 4197 858 4251 obitum
908 4211 1084 4252 suum.
1146 4199 1251 4253 Per
1297 4199 1452 4268 cujus
1501 4198 1710 4253 obitum
1759 4195 1970 4251 vacavit

309 4283 478 4339 sedes
507 4284 624 4353 ipsa
654 4299 704 4339 a.
737 4285 774 4337 4
812 4291 866 4341 et
895 4285 930 4339 9
959 4288 1238 4342 mensibus
1268 4293 1323 4343 et
1350 4287 1385 4338 7
1415 4278 1635 4342 diebus;

387 4377 546 4429 Anno
592 4388 724 4430 vero
769 4375 985 4431 Domini
1042 4375 1197 4442 1262,
1248 4376 1304 4429 11
1359 4377 1476 4431 Kal.
1511 4383 1674 4447 Aug.,
1717 4381 1967 4446 tempore

2052 3211 2362 3266 eliminatos
2389 3211 2564 3267 videri
2603 3226 2653 3266 a.
2711 3210 2843 3264 1277
2893 3212 3033 3267 adeo
3081 3211 3286 3266 dictum
3319 3212 3577 3268 domuum
3609 3226 3701 3267 ar-

2052 3301 2464 3370 chiepiscopum
2511 3302 2718 3356 viribus
2765 3305 2820 3355 et
2867 3298 3049 3356 favore
3098 3301 3348 3367 munivit,
3399 3309 3457 3354 ut
3496 3301 3615 3369 ipse
3646 3301 3702 3354 in

2049 3391 2190 3446 festo
2248 3391 2395 3445 beati
2452 3391 2675 3460 Agnetis
2735 3389 2875 3459 (Jan.
2937 3389 3026 3453 21)
3084 3389 3364 3457 predictos
3411 3389 3709 3444 Turrianos

2051 3495 2172 3534 cum
2205 3481 2318 3532 suis
2351 3479 2714 3547 complicibus
2753 3477 2809 3531 in
2840 3478 3016 3547 burgo
3054 3479 3225 3531 Dexio
3275 3475 3422 3547 (162)
3464 3478 3706 3533 existen-

2049 3573 2133 3623 tes
2164 3581 2358 3638 magno
2391 3569 2634 3637 ipsorum
2667 3567 2927 3621 conﬂictu
2954 3566 3259 3621 dcbellaret
3285 3571 3339 3620 et
3358 3567 3623 3634 vinceret,
3649 3568 3706 3622 in

2050 3671 2160 3727 quo
2212 3657 2472 3712 conflictu
2520 3656 2909 3711 Turrianorum
2959 3661 3015 3709 et
3060 3656 3307 3724 ipsorum
3348 3655 3701 3725 complicium

2050 3761 2242 3816 magna
2272 3753 2452 3816 strage
2484 3752 2786 3816 perempta,
2813 3744 2968 3799 multi
2999 3745 3146 3814 capti
3178 3743 3400 3800 fuerunt
3428 3744 3496 3799 ad
3528 3746 3703 3814 ipsius

2049 3836 2258 3891 domini
2296 3834 2698 3905 archiepiscopi
2729 3832 2952 3889 deducti
2985 3832 3356 3902 presentiam;
3390 3833 3535 3889 inter
3562 3847 3704 3903 quos

2049 3925 2152 3982 fuit
2191 3926 2425 3982 domnus
2461 3924 2739 3994 Neapoleo
2771 3938 2892 3978 cum
2925 3922 3252 3992 quibusdam
3285 3923 3407 3978 aliis
3436 3923 3503 3977 de
3535 3924 3706 3991 majo-

2048 4017 2201 4072 ribus
2249 4016 2446 4070 domus
2491 4028 2607 4070 sue.
2651 4015 2800 4076 Tunc
2849 4013 3226 4068 misericordia
3276 4012 3351 4081 pii
3397 4013 3567 4082 patris
3598 4011 3704 4067 ho-

2048 4107 2211 4161 stium
2256 4119 2479 4160 suorum
2529 4103 2697 4159 subiit
2736 4102 3054 4158 adversitati
3095 4102 3476 4171 compatiens;
3530 4101 3705 4156 offen-

2048 4197 2234 4251 siones
2271 4194 2376 4250 sibi
2427 4208 2526 4264 per
2568 4208 2664 4249 eos
2693 4193 2868 4264 ylatas
2898 4207 2998 4261 per
3027 4197 3277 4261 tempora
3309 4196 3558 4246 anteacta
3591 4189 3699 4245 sibi

2048 4286 2184 4354 ipsis
2222 4284 2451 4349 remisit,
2484 4289 2541 4337 et
2569 4297 2665 4338 eos
2706 4297 2830 4336 cum
2861 4281 3018 4352 signo
3048 4287 3254 4336 sanctae
3287 4281 3470 4334 crucis
3506 4279 3574 4332 ab
3606 4284 3706 4333 ex-

2050 4373 2565 4428 communicationis
2629 4370 2887 4434 vinculo,
2958 4383 3068 4437 quo
3136 4373 3364 4437 propter
3431 4367 3700 4422 demerita

312 4477 430 4533 quo
477 4463 902 4520 dominabantur
948 4467 1198 4520 Turriani
1230 4466 1439 4521 civitati
1470 4467 1782 4533 Mediolani,
1817 4455 2029 4521 dicteD
2053 4463 2262 4518 astricti
2302 4461 2650 4527 tenebantur,
2699 4458 2952 4514 absolvit.
3002 4459 3066 4511 Et
3109 4457 3163 4511 in
3213 4457 3317 4511 hoc
3356 4469 3467 4512 uno
3507 4448 3710 4510 claruit

313 4554 710 4610 Mediolanensi
743 4556 977 4611 ecclesie
1010 4556 1245 4611 domnus
1277 4556 1528 4610 Urbanus
1573 4570 1712 4625 papa
1743 4561 1972 4625 quartus

316 4645 528 4715 premia
574 4643 784 4700 meritis
831 4645 1120 4717 condignis
1166 4646 1493 4715 dispensans
1542 4652 1596 4700 et
1641 4645 1710 4700 de
1750 4651 1971 4714 pastore

315 4734 610 4804 providere
652 4747 975 4803 procurans,
1026 4735 1282 4805 diligenti
1330 4735 1518 4789 habita
1567 4734 1972 4789 examinatione

316 4823 389 4878 de
419 4823 624 4878 domno
651 4825 850 4879 Ottone
883 4830 1013 4879 tunc
1052 4823 1446 4879 archidiacono
1498 4823 1704 4892 prefate
1737 4822 1970 4877 ecclesie

315 4912 779 4980 Mediolanensis,
841 4914 935 4984 qui
992 4927 1022 4968 a
1078 4913 1249 4969 veteri
1309 4918 1364 4968 et
1418 4912 1759 4967 nobilissima
1816 4911 1971 4966 Vice-

316 5003 580 5058 comitum
613 5003 868 5073 prosapia
897 5003 1131 5073 sumpsit
1163 5003 1450 5074 originem,
1485 5002 1539 5057 in
1582 5007 1729 5056 terra
1769 5000 1969 5056 Montis

315 5093 571 5149 Flasconi
623 5094 881 5162 providit,
934 5095 1052 5162 ejus
1099 5107 1281 5149 mores
1328 5098 1382 5147 et
1429 5093 1592 5146 vitam
1630 5104 1971 5161 cognoscens

315 5182 611 5238 honestate
653 5182 881 5253 fulgere.
924 5184 997 5237 De
1030 5185 1185 5252 cujus
1212 5183 1321 5238 vita
1352 5186 1406 5236 et
1435 5179 1679 5236 moribus
1710 5182 1970 5250 quoniam

318 5286 411 5327 res
479 5272 700 5339 obtulit,
768 5286 1094 5342 quamquam
1162 5273 1301 5328 ratio
1370 5271 1700 5341 persuadeat
1759 5269 1968 5341 aliquid

320 5361 591 5429 enarrari,
641 5368 822 5417 tamen
879 5375 991 5418 non
1034 5361 1263 5417 multum
1311 5361 1612 5418 curandum
1661 5365 1780 5430 est,
1841 5359 1971 5430 quia

2054 4551 2557 4621 superheminentia
2597 4547 2974 4603 misericordie
3005 4545 3140 4601 tanti
3175 4546 3367 4614 patris,
3401 4543 3549 4614 quod
3580 4557 3705 4599 cum

2057 4640 2304 4711 perpessi
2343 4653 2534 4711 graves
2577 4637 2806 4707 injurias
2854 4637 2922 4690 ab
2961 4635 3083 4705 ipso
3115 4634 3318 4690 domno
3351 4633 3704 4703 Neapoleone

2056 4737 2110 4786 et
2161 4729 2284 4784 aliis
2330 4728 2559 4797 captivis
2609 4729 2787 4796 ipsum
2838 4731 2891 4779 et
2940 4723 3076 4779 alios
3123 4723 3320 4792 gladiis
3369 4726 3705 4778 conarentur

2055 4819 2332 4884 invadere,
2388 4817 2505 4886 ipse
2554 4815 2810 4870 dominus
2847 4812 3300 4882 archiepiscopus
3350 4825 3696 4881 nequaquam

2053 4909 2234 4963 divine
2310 4907 2531 4977 pietatis
2604 4903 2845 4970 oblitus,
2923 4903 3228 4972 impetuose
3300 4899 3568 4957 voluntati
3643 4916 3702 4957 se

2052 4998 2348 5053 multorum
2421 4994 2725 5063 objiciens,
2805 4994 3048 5061 ipsorum
3115 4991 3352 5046 furorem
3421 4989 3696 5057 extinxit,

2052 5094 2107 5143 et
2171 5089 2414 5158 ipsorum
2480 5085 2817 5154 captivorum
2883 5082 3046 5137 vitam
3111 5082 3179 5135 ab
3245 5080 3464 5135 illorum
3531 5078 3702 5136 feroci

2051 5179 2233 5234 animo
2292 5175 2642 5247 preservavit.
2705 5173 2800 5227 His
2855 5173 2930 5227 ita
2986 5171 3142 5237 actis,
3205 5170 3460 5225 dominus
3515 5169 3704 5225 archi-

2053 5269 2347 5338 episcopus
2394 5264 2744 5336 supradictus
2782 5263 2849 5318 ad
2901 5262 3005 5316 tria
3055 5261 3358 5329 disponens
3395 5273 3493 5315 sue
3523 5258 3705 5328 digni-

2054 5357 2180 5412 tatis
2247 5356 2508 5421 ofﬁcium,
2566 5353 2824 5409 videlicet
2880 5351 2950 5408 ad
3012 5349 3108 5407 Dei
3174 5349 3404 5422 gloriam
3451 5347 3700 5405 exaltan-

1907 5459 2125 5514 ΝΟΤᾹΙ.

420 5531 540 5603 160)
583 5531 937 5603 Chiaravalle,
967 5546 1139 5603 prope
1177 5531 1562 5588 Mediolanum.

426 5601 551 5672 161)
590 5605 803 5660 Uberti.

2175 5525 2311 5598 (162)
2351 5527 2528 5594 Desio,
2577 5524 2640 5578 10
2667 5537 2741 5580 m.
2773 5538 2831 5594 p.
2871 5522 3040 5579 distat
3067 5536 3100 5578 a
3127 5520 3457 5579 Mediolano.
