4056 6150
442 331 549 384 967

1671 311 2004 368 APPENDIX
2035 310 2130 364 ΑΙ)
2170 311 2574 368 LANDULFUM

3712 320 3821 374 968

441 456 563 511 dam
590 497 606 521 ,
673 451 757 508 sui
823 451 1218 505 incrementum
1281 441 1788 510 archiepiscopatus
1812 479 1826 502 ,
1896 443 1952 490 et
2017 434 2084 489 ad
2105 437 2157 494 A
2176 435 2318 491 diam
2348 437 2661 506 requiescat
2690 439 2744 493 in
2777 453 2931 508 pace.
2953 441 3412 498 Amen.Predicta
3435 450 3619 499 autem
3634 446 3818 500 omnia

441 542 645 600 Christi
694 551 996 611 pauperum
1045 533 1456 591 subventionem
1507 541 1647 597 quos
1693 525 1896 580 Christi
1945 537 2088 578 nun-

441 633 552 688 tios
602 628 992 700 cognoscebat,
1053 624 1324 678 civitatem
1383 615 1673 672 Mediolani
1724 627 1845 670 cum
1896 612 2089 666 amicis

441 723 556 780 suis
585 721 797 775 intrans
825 718 942 772 sine
974 712 1234 781 triumphi
1274 709 1530 776 elatione,
1575 705 1761 760 sedem
1810 704 2087 773 propriam

443 818 526 868 est
564 811 861 880 ingressus.
912 786 1082 874 Igitur
1126 800 1408 855 victoriam
1457 795 1826 866 supradictam
1885 792 1951 847 de
2006 790 2089 880 di-

442 900 565 954 vina
613 879 1021 966 dispensatione
1071 889 1326 958 precibus
1374 887 1530 941 beate
1577 883 1802 953 Agnetis
1839 879 2083 949 virginis,

443 990 499 1044 in
538 987 696 1054 cujus
741 982 880 1037 festo
932 978 1265 1050 prefatorum
1314 975 1702 1030 Turrianorum
1755 969 1919 1025 modo
1965 982 2088 1037 pre-

445 1078 593 1132 dicto
643 1073 746 1128 fuit
789 1077 958 1126 strata
1006 1068 1272 1138 potentia,
1317 1063 1606 1135 pastoralis
1634 1061 1922 1116 clementia
1954 1072 2086 1127 pro-

445 1165 676 1221 cessisse
725 1172 1067 1231 cognoscens
1113 1157 1180 1212 ad
1229 1156 1322 1210 Dei
1371 1160 1425 1208 et
1473 1152 1646 1221 ipsius
1675 1151 1833 1204 beate
1862 1147 2089 1217 virginis

444 1255 710 1310 honorem
754 1251 810 1304 in
851 1247 1083 1304 ecclesia
1131 1244 1366 1316 hyemali
1397 1243 1556 1298 beate
1588 1241 1750 1294 Marie
1782 1236 2088 1292 construxit

443 1341 706 1412 capellam
733 1382 746 1404 ,
799 1351 957 1409 quam
999 1343 1059 1391 ut
1108 1333 1336 1390 inferius
1375 1331 1707 1394 continetur,
1751 1326 2089 1382 sufficienter

443 1431 670 1487 dolavit.
720 1427 799 1484 Ad
849 1427 1052 1481 clerum
1110 1422 1569 1478 Mediolanensem
1625 1414 2084 1485 disciplinandum

443 1522 498 1576 iu
550 1533 705 1574 sacra
756 1516 993 1586 pagina,
1047 1514 1328 1569 doctorem
1389 1507 1725 1566 ordinarium
1784 1507 1839 1560 in
1897 1503 2085 1560 eadem

443 1624 598 1666 sacra
646 1607 895 1672 scientia,
929 1605 1022 1675 qui
1062 1605 1135 1658 sit
1181 1603 1250 1657 de
1297 1601 1461 1655 domo
1491 1596 1904 1661 Vicecomitum,
1936 1594 1982 1649 si
2030 1593 2086 1648 in

2173 525 2667 596 perinfrascriptos
2695 543 2884 583 versus
2913 530 2968 584 in
2999 530 3164 586 archa
3195 531 3326 586 dicti
3360 533 3578 588 Domini
3600 535 3819 590 archie-

2173 614 2383 684 piscopi
2407 615 2586 670 littera
2607 630 2772 672 aurea
2793 619 3032 686 scriptos
3058 618 3300 674 breviter
3339 619 3697 677 declarantur
3724 643 3736 677 :

2175 703 2388 759 Inclitus
2414 704 2504 758 ille
2530 709 2701 776 pater,
2731 708 2903 775 patrie
2931 705 3045 774 lux,
3073 707 3244 776 gloria
3270 715 3501 780 patrum,

2173 792 2368 862 Fulgor
2384 795 2613 863 justieie,
2645 795 2769 866 ﬁdei
2798 795 2961 863 basis,
2995 798 3158 852 archa
3181 799 3398 870 sophge,

2170 881 2416 950 Largitor
2443 883 2606 950 venio,
2632 887 2813 954 portus
2836 885 3052 955 pietatis
3080 887 3277 954 egenis,

2171 971 2468 1042 Intrepidus
2491 976 2695 1042 pastor,
2728 988 2874 1043 quem
2903 973 3083 1029 molles
3110 974 3256 1030 nulla
3294 974 3531 1032 laborum

2170 1060 2356 1116 Ardua
2387 1061 2591 1122 devicit,
2618 1063 2812 1132 populo
2841 1062 3017 1118 latura
3049 1064 3308 1132 quietem;

2171 1148 2270 1204 Ille
2293 1150 2413 1220 pius
2439 1152 2681 1221 princeps
2710 1157 2758 1206 et
2782 1152 2962 1222 presul
2988 1152 3252 1219 amabilis,
3291 1154 3347 1208 in
3385 1169 3534 1225 quem

2171 1241 2322 1295 Altus
2350 1241 2595 1296 virtutum
2620 1240 2868 1312 splendor
2895 1247 3205 1298 convenerat
3231 1245 3396 1299 omnis
3413 1265 3434 1308 ,-

2172 1329 2283 1394 Quo
2308 1328 2665 1385 Mediolanum
2692 1329 2946 1386 radiabas
2974 1331 3217 1402 lampade
3253 1337 3402 1388 tanta

2176 1420 2402 1489 Totaque
2429 1417 2662 1489 fulgebat
2690 1420 2854 1488 regio,
2896 1435 3032 1474 nunc
3055 1419 3218 1491 pallet
3249 1421 3488 1492 adempto
3514 1443 3530 1475 :

2171 1505 2331 1562 Clara
2372 1508 2731 1562 Viceeomitum
2763 1507 2961 1580 proles,
2993 1508 3306 1564 uenerabilis
3337 1511 3478 1576 Otto,

2173 1594 2252 1650 0h
2281 1594 2471 1650 dolor!
2502 1596 2567 1650 oh
2597 1595 2819 1651 vulnus!
2853 1597 2981 1651 cinis
3009 1602 3085 1653 est
3114 1598 3212 1652 hoc
3239 1611 3500 1653 marmore
3524 1599 3726 1669 factus.

447 1699 637 1754 eadem
686 1697 849 1752 domo
899 1693 1206 1762 reperiatur
1253 1690 1521 1761 ydoneus,
1556 1688 1612 1742 in
1660 1687 1806 1741 dicta
1850 1682 2087 1740 ecclesia
2109 1758 2147 1762 __
2175 1683 2376 1739 Christe
2401 1689 2555 1754 pater
2577 1686 2698 1751 vite,
2729 1691 3024 1756 requiescat
3053 1688 3268 1758 spiritus
3297 1689 3354 1741 in
3385 1690 3463 1742 te!

447 1787 740 1844 ordinavit.
810 1758 1106 1839 Eccle-siam
1163 1758 1292 1836 vero
1349 1778 1523 1834 sancti
1588 1774 1955 1831 Bartholomei
2019 1772 2086 1827 ad
2109 1758 2158 1816 Β
2182 1774 2346 1828 Annis
2374 1774 2593 1828 undenis
2622 1779 2700 1828 ter
2720 1775 2894 1830 senuis
2922 1781 3099 1846 terque
3128 1775 3309 1831 diebus

446 1875 732 1940 buschum,
765 1879 822 1928 et
871 1870 1142 1940 hospitale
1188 1869 1362 1924 sancti
1409 1865 1598 1922 Jacobi
1638 1867 1693 1920 in
1723 1870 1893 1918 strata
1933 1867 2090 1931 porte

446 1967 704 2030 Cumane,
756 1969 812 2018 et
868 1961 1155 2016 ecclesiam
1211 1957 1388 2013 sancti
1433 1955 1650 2024 Georgii
1699 1953 1766 2008 de
1817 1951 2092 2022 Legniano

449 2067 572 2108 cum
622 2052 737 2106 suis
774 2049 1144 2120 pertinentiis,
1177 2045 1398 2101 comuni
1438 2057 1623 2098 mense
1662 2040 1887 2110 capituli
1917 2039 2094 2094 eccle-

333 2127 340 2136 ί
446 2143 543 2198 siae
587 2139 1026 2203 Mediolauensis,
1069 2151 1174 2206 que
1229 2135 1410 2190 minus
1466 2132 1745 2188 sufﬁciens
1801 2135 1938 2190 erat,
1991 2141 2091 2197 pro

446 2230 764 2286 cottidianis
797 2225 1280 2281 distributionibus
1309 2222 1603 2278 concessit.
1654 2222 1712 2276 In
1745 2223 2092 2289 augmentum

449 2333 669 2390 quoque
720 2331 904 2372 mense
953 2315 1038 2370 sui
1077 2315 1584 2382 archiepiscopatus
1633 2309 2010 2380 possessiones
2039 2312 2094 2362 et

447 2417 621 2463 terras
668 2407 842 2476 ipsius
891 2403 1236 2474 pulcerrimis
1275 2401 1507 2456 edificiis
1554 2399 1854 2461 decoravit,
1904 2395 2095 2450 videli-

445 2505 534 2552 cet
589 2495 878 2552 excelleuti
936 2508 1061 2548 arce
1110 2492 1440 2561 Angleriam,
1499 2503 1625 2544 arce
1683 2489 1844 2542 etiam
1891 2485 2093 2540 decora

444 2585 716 2641 Travalias
766 2581 948 2650 (163),
1001 2581 1191 2651 pulcro
1242 2579 1403 2634 etiam
1451 2577 1766 2632 Cassianum
1816 2574 1956 2645 (164)
2006 2588 2092 2629 ca-

444 2674 628 2741 stello,
662 2671 932 2742 preciosis
960 2670 1123 2726 etiam
1167 2669 1395 2739 burgum
1429 2666 1687 2737 Legniani
1730 2663 1996 2734 pallaciis,
2028 2677 2091 2718 ac

447 2764 610 2819 etiam
659 2760 916 2817 domibus
958 2759 1191 2829 burgum
1239 2757 1307 2812 de
1335 2756 1528 2812 Abiate
1581 2753 1716 2824 (165)
1757 2753 1929 2822 magis
1959 2765 2092 2807 con-

440 2852 765 2923 gruentibus
813 2856 868 2905 et
922 2847 1159 2904 decoris.
1219 2846 1603 2902 Possessiones
1659 2850 1714 2899 et
1761 2843 1978 2898 divitias
2034 2841 2090 2895 in

442 2941 566 2996 loco
613 2941 883 2996 Cosorezo
936 2936 1118 3008 (166),
1162 2935 1440 3004 multaque
1480 2934 1585 2988 alia
1615 2932 1831 2988 editicia
1871 2937 1925 2985 et
1964 2943 2092 2998 pos-

439 3030 715 3084 sessiones
771 3025 1270 3094 archiepiscopatui
1349 3021 1625 3092 aquisivit.
1692 3019 1930 3074 Tandem
1997 3017 2090 3071 ille

439 3115 916 3186 spiritualissimus
972 3119 1147 3181 pater,
1207 3113 1365 3180 cujus
1419 3115 1533 3164 tota
1585 3107 1818 3163 intentio
1859 3121 2087 3162 conver-

440 3205 658 3260 tebatur
696 3202 764 3257 ad
812 3203 1004 3266 Deum,
1045 3199 1250 3255 carnali
1282 3199 1479 3268 copula
1508 3197 1613 3254 sibi
1646 3199 1975 3266 conjunctos
2005 3196 2085 3250 di-

441 3302 557 3349 tare
614 3306 723 3348 non
769 3291 1023 3355 studens,
1077 3303 1175 3344 sua
1222 3286 1496 3357 disposuit
1543 3287 1598 3341 in
1647 3286 1794 3340 hunc
1840 3285 2082 3341 modum.

441 3380 720 3452 llospitale
777 3379 998 3449 quidem
1059 3391 1294 3444 novum,
1363 3377 1520 3445 cujus
1575 3374 1833 3430 fundator
1891 3375 2087 3429 extite-

434 3477 540 3537 rat,
599 3483 790 3539 magna
850 3468 1196 3537 possessione
1255 3466 1309 3520 in
1367 3464 1492 3520 loco
1548 3462 1815 3518 Trivulzio
1866 3463 2084 3532 jacente

437 3559 683 3626 dolavit;
735 3557 804 3612 de
852 3558 1008 3626 cujus
1068 3555 1424 3626 proventibus
1481 3553 1754 3608 ordinavit
1804 3553 2082 3608 annuatim

436 3649 555 3704 dari
621 3647 863 3717 capitulo
933 3647 1090 3702 beate
1155 3644 1380 3714 virginis
1445 3643 1669 3708 Agnetis
1730 3641 1899 3696 libras
1961 3641 2078 3708 60,

436 3737 653 3793 doctori
701 3736 978 3805 theologie
1029 3735 1196 3789 libras
1251 3732 1348 3786 100
1396 3745 1496 3801 pro
1547 3745 1648 3786 suo
1697 3730 1939 3798 sellario,
1980 3744 2082 3800 pro

436 3840 538 3882 suo
597 3826 758 3881 etiam
807 3823 1027 3879 annuali
1075 3823 1245 3877 libras
1289 3821 1360 3874 20
1409 3826 1626 3875 monete
1676 3827 1806 3875 tunc
1854 3834 2083 3875 curren-

437 3915 528 3970 tis.
588 3914 790 3969 Ultimo
841 3914 985 3967 bona
1031 3925 1126 3966 sua
1185 3909 1587 3979 patrimonialia
1634 3907 1933 3964 immobilia
1983 3908 2083 3964 ho-

437 4002 622 4072 spitali
669 3999 1236 4056 Jerosolimitanorum
1292 4013 1391 4068 pro
1447 3998 1696 4054 subsidio
1754 4004 1900 4054 terre
1957 4011 2082 4052 san-

435 4100 545 4157 cte,
587 4089 810 4145 mobilia
858 4103 986 4144 vero
1034 4089 1214 4143 omnia
1263 4101 1362 4156 pro
1411 4085 1662 4142 faciendo
1701 4086 1972 4158 hospitale
2011 4087 2080 4142 ad

437 4195 593 4236 usum
653 4193 972 4250 pauperum,
1027 4179 1082 4232 in
1141 4191 1238 4231 sua
1294 4176 1484 4232 ultima
1540 4175 1820 4232 voluntate
1858 4177 2076 4246 legavit.

435 4271 602 4339 Cujus
631 4268 794 4338 legati
828 4267 931 4322 fide
962 4265 1320 4322 commissarii
1351 4265 1494 4336 apud
1525 4268 1782 4321 Sanctum
1811 4267 2078 4320 Donatum

432 4360 491 4414 iu
530 4363 670 4413 stata
725 4355 996 4426 hospitale
1050 4354 1338 4411 comodum
1397 4353 1773 4410 confecerunt.
1834 4355 1890 4408 In
1959 4369 2078 4424 pre-

2177 1862 2374 1931 Prefuit
2403 1861 2616 1917 ecclesie
2651 1868 2834 1933 pastor
2858 1863 3021 1919 bonus
3048 1864 3406 1920 Ambraciam
3433 1863 3518 1920 ⁷⁸³.

2247 2038 2506 2094 Dominus
2534 2038 2855 2094 Guillelmus
2900 2039 3044 2095 filius
3095 2041 3329 2095 condam
3367 2039 3580 2094 domini
3623 2039 3832 2094 'I‘home

2175 2126 2244 2182 de
2283 2127 2529 2182 Pusterla
2577 2127 2646 2184 de
2695 2129 2924 2184 Tradate
2981 2127 3084 2184 fuit
3132 2129 3447 2198 capellanus
3495 2127 3833 2184 comcnsalis

2175 2217 2382 2272 domini
2417 2217 2683 2273 Johannis
2732 2232 2887 2287 papa:
2937 2218 3100 2284 XXII,
3143 2231 3358 2274 necnon
3407 2219 3734 2288 prepositus
3763 2217 3831 2273 de

2177 2306 2412 2362 Posiono
2461 2305 2602 2373 (167)
2658 2307 2727 2361 de
2784 2307 3060 2376 Hungaria
3118 2321 3181 2362 ac
3237 2307 3692 2376 archipresbyter
3749 2321 3832 2362 ec-

2175 2393 2341 2449 clesie
2406 2394 2581 2449 sancti
2646 2395 2914 2449 Johannis
2980 2394 3048 2450 de
3114 2395 3402 2461 Modtetia,
3466 2401 3524 2450 et
3590 2395 3830 2450 ecclesie

2174 2483 2596 2540 Mediolanensis
2642 2484 2956 2540 ordinarius
3000 2490 3055 2540 et
3103 2484 3460 2549 cimiliarcha,
3502 2485 3834 2541 canonicos-

2175 2586 2281 2641 que
2338 2572 2572 2628 ecclesie
2637 2574 2812 2628 sancti
2875 2573 3143 2628 Johannis
3210 2573 3278 2628 de
3345 2575 3536 2629 Castro
3606 2574 3830 2644 Seprio.

2174 2659 2380 2716 Deinde
2409 2660 2666 2718 dominus
2693 2662 2944 2717 Clemens
2974 2676 3110 2731 papa
3140 2664 3205 2716 Vl
3237 2663 3619 2732 pronuntiavit
3648 2664 3828 2732 ipsum

2175 2750 2454 2806 dominum
2527 2751 2872 2807 Guillelmum
2950 2751 3313 2820 patriarcham
3387 2751 3457 2806 ad
3530 2752 3832 2807 ecclesiam

2173 2840 2874 2910 Constantinopolitanam,
2923 2840 3029 2895 sibi
3078 2841 3134 2896 in
3192 2841 3514 2897 comendam
3573 2841 3830 2910 predicta

2175 2929 2356 2984 omnia
2421 2929 2679 2985 beneﬁtia
2743 2930 3123 2986 concedendo.
3202 2931 3486 2986 Postremo
3561 2931 3828 2986 dominus

2179 3018 2426 3072 Urbanus
2463 3020 2504 3072 V
2548 3017 2690 3090 (168)
2738 3019 3017 3074 transtulit
3065 3018 3301 3074 eundem
3347 3019 3638 3074 dominum
3673 3018 3828 3074 Guil-

2113 3092 2392 3161 Clelmum
2421 3107 2489 3162 ad
2528 3107 3060 3178 archiepiscopatum
3100 3109 3331 3166 ecclesie
3370 3108 3826 3174 Mediolauensis,

2170 3197 2504 3252 comendans
2554 3197 2660 3252 sibi
2710 3198 3133 3266 patriarchatum
3177 3206 3232 3254 et
3279 3198 3384 3253 alia
3421 3197 3699 3253 beneﬁcia
3737 3214 3830 3254 su-

2169 3284 2454 3353 pradicta;
2497 3300 2602 3355 que
2651 3287 2935 3342 translatio
2983 3287 3124 3342 facta
3174 3287 3277 3343 fuit
3334 3286 3488 3341 1361.
3540 3288 3829 3344 Prenomi-

2169 3379 2330 3428 natus
2373 3389 2502 3430 vero
2552 3375 2806 3430 dominus
2842 3375 3162 3432 Guillelmus
3191 3376 3430 3446 optinuit
3478 3376 3829 3444 patriarcha-

2171 3467 2285 3518 tum
2321 3479 2373 3518 a.
2421 3464 2484 3518 16
2521 3470 2576 3519 et
2615 3479 2686 3519 m.
2726 3465 2790 3531 7,
2834 3471 2885 3520 et
2927 3465 3462 3534 archiepiscopatum
3500 3479 3553 3518 a.
3595 3464 3632 3517 9
3669 3479 3748 3521 ω.
3792 3465 3827 3519 4

2168 3568 2289 3608 cum
2341 3554 2712 3623 patriarchatu
2761 3559 2815 3610 et
2861 3555 2984 3610 aliis
3031 3555 3306 3611 benefitiis
3351 3557 3694 3610 memoratis.
3759 3557 3827 3611 Et

2165 3643 2416 3712 sepultus
2460 3641 2563 3698 fuit
2610 3644 2666 3698 in
2693 3644 2958 3699 Avinione
2998 3644 3055 3699 in
3103 3644 3266 3701 domo
3295 3643 3523 3699 fratrum
3566 3644 3828 3714 predica-

2166 3737 2343 3788 torum
2372 3733 2488 3803 (an.
2527 3730 2712 3798 1371).

2449 3895 2513 3947 In
2559 3890 2605 3946 1.
2647 3892 2756 3947 haec
2793 3891 3030 3962 leguntur
3067 3895 3118 3948 in
3155 3895 3257 3965 fine
3295 3895 3518 3950 addita:

2241 3998 2374 4052 1344
2424 3997 2601 4068 [1342]
2657 3998 2812 4070 (169)
2859 4001 3121 4056 Dominus
3155 4001 3434 4056 Johannes
3476 4001 3546 4056 de
3577 4002 3822 4058 Viceco-

2165 4089 2388 4144 mitibus
2443 4087 2618 4143 factus
2671 4086 2774 4144 fuit
2837 4089 3286 4160 archiepiscopus
3349 4090 3814 4155 Mediolanensis,

2164 4183 2219 4232 et
2265 4177 2397 4232 vixit
2451 4178 2507 4231 in
2566 4177 3044 4248 archiepiscopatu
3097 4180 3257 4234 annis
3310 4178 3395 4235 ll.
3443 4179 3594 4234 Obiit
3649 4179 3812 4234 1355.

2163 4265 2357 4335 quinto
2405 4265 2677 4332 Octobris,
2727 4265 2816 4321 die
2863 4267 3161 4323 dominico.
3213 4268 3315 4334 Qui
3363 4267 3524 4323 etiam
3565 4267 3673 4323 fuit
3712 4268 3817 4324 do—

2165 4355 2342 4410 minus
2403 4355 2677 4425 generalis
2741 4355 3018 4410 civitatum
3083 4356 3422 4423 Mediolani,
3492 4359 3766 4414 Bononia!
3798 4402 3814 4426 ,

433 4447 597 4503 dictis
643 4418 847 4501 autem'
877 4445 1139 4515 operibus
1167 4444 1398 4515 vigilans
1444 4443 1537 4498 ille
1585 4449 1742 4512 pater
1771 4418 2068 4512 piissimus,
2097 4418 2368 4511 DJanuae,
2406 4418 2644 4510 ‘Parmae,
2697 4443 3010 4510 Placentiae,
3061 4446 3236 4512 Bobii,
3297 4418 3516 4510 Laudat,
3567 4418 3812 4513 Brisiae,

433 4550 556 4592 cum
599 4535 655 4589 in
700 4532 1155 4602 archiepiscopali
1193 4532 1325 4588 sede
1363 4547 1413 4586 a.
1455 4530 1526 4585 33
1564 4538 1619 4586 et
1657 4531 1852 4587 diebus
1889 4532 1959 4586 23
1987 4546 2074 4588 se-

433 4626 627 4690 disset,
679 4638 729 4678 a.
787 4622 941 4677 1295.
975 4622 1066 4676 die
1104 4621 1158 4675 8.
1191 4620 1416 4691 Augusti
1458 4626 1682 4677 vocatus
1711 4621 1779 4676 de
1832 4621 2076 4676 tenebris

430 4715 593 4784 hujus
649 4713 754 4768 vite
820 4711 888 4767 ad
954 4713 1184 4781 patriam
1249 4711 1507 4766 celestem
1574 4710 1839 4780 migravit.
1909 4713 2077 4781 Cujus

427 4818 630 4873 corpus
673 4805 821 4871 jacet
869 4802 924 4856 in
971 4816 1136 4871 supra
1174 4801 1378 4870 scripta
1417 4799 1626 4870 capella
1665 4801 1823 4856 beate
1851 4801 2076 4872 Agnetis

427 4893 483 4947 in
539 4892 706 4947 archa
763 4903 1068 4945 marmorea
1126 4889 1388 4946 decenter
1426 4889 1678 4958 sculpta,
1739 4889 1814 4944 ibi
1868 4889 2075 4945 elevata

431 4986 554 5050 post
590 4980 760 5035 altare
811 4979 1022 5048 ipsius;
1065 4979 1221 5048 cujus
1268 4979 1447 5032 anima
1495 4992 1595 5047 per
1632 4979 1726 5033 Dei
1767 4977 2076 5034 misericor-

2157 4536 2422 4606 Pergami,
2471 4536 2775 4602 Cremonae,
2823 4537 3132 4601 Cumarum,
3181 4535 3573 4602 Vercellarum,
3633 4537 3819 4593 Nova-

2158 4626 2274 4692 rize,
2306 4624 2442 4691 Asti,
2474 4625 2746 4690 Tretonae,
2768 4623 3112 4679 Alexandriae
3136 4643 3150 4690 ;
3175 4625 3269 4692 qui
3291 4623 3460 4679 multa
3482 4624 3630 4681 bona
3651 4641 3814 4695 para-

2158 4717 2308 4766 verat
2347 4717 2403 4767 et
2433 4712 2658 4781 parabat
2704 4727 2818 4768 suae
2857 4712 3128 4778 ecclesia,
3161 4712 3209 4766 si
3257 4712 3491 4768 heredes
3535 4716 3661 4784 ejus
3701 4716 3810 4785 ipsi

2159 4800 2408 4856 ecclesia:
2447 4801 2802 4867 dimisissent,
2842 4800 2960 4870 ipse
2992 4813 3102 4856 non
3143 4801 3323 4870 potuit
3358 4802 3656 4873 attingere,
3690 4805 3810 4860 sci-

2159 4890 2288 4945 licet
2340 4890 2514 4945 libros
2560 4890 2614 4944 in
2671 4888 2852 4945 officio
2883 4895 2938 4945 et
2977 4888 3274 4960 theologia,
3316 4889 3539 4957 calices,
3581 4907 3808 4961 cruces,

2158 4979 2357 5050 ﬁguras
2385 4983 2718 5047 sanctorum,
2752 4993 2947 5034 aureas
2975 4980 3184 5046 mitras,
3217 4979 3462 5046 baculos,
3497 4986 3608 5036 etc.

1787 5069 2009 5122 VARle
2048 5070 2328 5125 LECTION
2337 5070 2432 5124 ES.

503 5146 565 5179 ""3
593 5148 676 5204 hic
703 5149 890 5204 desinit
917 5148 1141 5220 scriptor
1167 5149 1226 5202 in
1254 5147 1424 5203 media
1450 5147 1665 5218 pagina.
1699 5145 1850 5201 Alius
1879 5148 1933 5202 in
1959 5150 2195 5218 sequenti
2215 5149 2413 5220 pagina
2441 5149 2708 5219 sequentia
2736 5147 2950 5218 subjecit
2971 5149 3136 5205 medio
3164 5163 3286 5204 sate.
3327 5151 3489 5205 XIV.

2005 5238 2221 5293 ΝΟΤίΕ.

500 5315 638 5384 (163)
681 5317 968 5385 Travatlia,
1009 5317 1076 5373 ad
1108 5317 1284 5373 lacum
1323 5316 1650 5372 Verbanum.

504 5389 636 5459 (I64)
679 5391 834 5445 Nunc
864 5392 1097 5446 Cassano
1127 5392 1395 5459 Magnano
1436 5389 1606 5458 probe
1635 5386 1924 5443 Gallarate.

504 5457 639 5526 (165)
678 5461 867 5515 Abiate
896 5463 1092 5517 Grasse
1130 5457 1567 5529 seu'Biagrasso.

499 5529 634 5602 (166)
678 5533 965 5588 Casorezzo
997 5535 1050 5587 in
1083 5533 1242 5602 plebe
1270 5531 1529 5602 Leguaui.

496 5597 634 5669 (167)
677 5615 822 5657 nunc
850 5597 1128 5672 Presburg.

2226 5317 2374 5387 (168)
2429 5320 2540 5374 Imo
2589 5318 2940 5374 Innocentius
2982 5320 3069 5385 Vl,
3119 5318 3167 5374 si
3205 5332 3403 5374 annum
3451 5325 3605 5375 recte
3654 5321 3804 5377 iudi-

2151 5390 2311 5454 cavit,
2343 5403 2393 5443 v.
2426 5389 2626 5444 Giulini
2655 5390 2863 5445 contin.
2897 5391 2962 5445 Il.
2999 5389 3121 5443 105.

2226 5460 2366 5532 (169)
2405 5460 2779 5532 Potius_1342
2814 5461 2920 5516 Jul.
2979 5461 3079 5532 l7;
3129 5476 3179 5516 ν.
3229 5461 3430 5517 Giulini
3477 5461 3697 5518 contin.
3751 5465 3794 5532 I,

2147 5530 2270 5587 430.
2303 5531 2450 5586 Obiit
2477 5546 2527 5586 a.
2567 5530 2737 5596 1354;
2771 5533 2870 5598 ib.,
2903 5547 2958 5602 p.
2991 5531 3116 5586 538.
