4096 6156
146 308 256 365 973

934 309 982 362 J.
1025 309 1080 363 P.
1116 309 1472 369 PURICELLI
1508 313 1806 373 DISSERT.
1851 314 1937 371 DE
1973 313 2427 372 CONTINENTIA
2450 307 2729 374 'CLERIC.

3410 326 3518 385 974

142 436 348 520 centra.
369 432 547 514 ipsum
578 431 1083 520 ritept'enuntiata,
1106 433 1162 515 iu
1183 448 1278 491 ore
1310 434 1471 520 famae
1495 437 1789 520 celebrem.
1813 438 2407 520 Aﬁuperioristantem
2449 439 2679 520 decreti,
2702 455 2743 520 _a
2772 455 2940 520 sacra
2970 443 3175 520 indicis
3211 460 3516 520 congrega-

142 503 404 561 Cbroniei
437 502 597 575 enim
617 502 713 575 siti
745 503 1168 575 mediolanensis
1207 514 1359 574 parte
1390 507 1581 575 prima,
1616 514 1671 566 et
1708 523 1795 564 se-

142 574 393 647 cundum
417 574 545 647 anni
588 571 720 647 1565
748 574 1045 630 editionem
1075 571 1326 632 Venetam
1363 571 1797 647 p‘agina'duodc-

144 646 308 711 cima,
349 643 665 713 singillatim
706 653 1033 712 prosecutus
1069 660 1257 704 sacros
1295 643 1666 704 ministrorum
1707 664 1797 707 or-

145 717 308 773 dines
336 730 367 771 a
394 721 586 771 sancto
611 715 900 772 Ambrosio
931 717 985 770 in
1017 717 1250 774 ecclesia
1275 718 1664 776 Mediolauensi
1696 736 1793 779 seu

146 788 202 843 in
233 787 463 843 basilica
493 787 916 853 metropolitana
944 787 1246 855 institutos,
1277 789 1332 843 in
1365 790 1482 846 haec
1510 792 1674 847 verba
1704 791 1797 847 de-

147 859 281 914 sinit
323 877 337 913 :
384 876 410 906 ι
450 858 721 929 Constitui
758 871 923 929 anco
958 859 1112 914 molti
1161 861 1458 928 sacerdoti,
1506 861 1713 929 lettori,
1765 878 1794 918 e

149 930 401 993 ostiarii;
457 941 486 983 ε
516 928 641 982 tutti
676 927 990 1004 li__beuedi_;
1042 944 1072 986 e
1101 944 1365 1004 concesse
1409 931 1529 988 loro
1565 933 1666 1004 che
1699 927 1796 1004 ρο.

147 1008 361 1056 tessero
400 1010 559 1054 avere
590 999 790 1070 moglie
819 1000 1081 1069 vergine;
1112 1001 1162 1055 la
1192 1002 1352 1070 quale
1387 1003 1673 1070 merendo,
1699 999 1793 1060 're-

148 1076 392 1144 stassero
417 1071 516 1144 poi
545 1069 777 1144 vedovit:
806 1084 974 1144 come
993 1069 1362 1144 chiaramente
1391 1074 1438 1127 si
1469 1073 1622 1144 legge
1652 1069 1795 1133 nella

150 1142 326 1210 prima
355 1154 386 1196 a
416 1141 684 1197 Timoteo.
726 1142 767 1196 E
796 1141 899 1197 che
929 1143 1018 1198 cio
1048 1142 1127 1197 sia
1157 1156 1309 1208 vero,
1342 1141 1717 1212 aperta'mente
1748 1147 1794 1202 si

148 1212 307 1275 vedc,
340 1222 496 1267 come
544 1211 836 1267 Enriberto
880 1213 935 1267 di
982 1214 1313 1279 Antimiano,
1345 1211 1692 1273 arcivescovo
1737 1216 1794 1273 di

149 1283 371 1346 lilano,
438 1281 528 1356 del
576 1283 851 1356 qualetin
910 1298 1175 1356 processo
1216 1285 1542 1342 dell’istoria
1590 1288 1795 1356 ampia—

147 1361 333 1410 mente
380 1354 681 1418 trattiamo,
723 1354 864 1425 ebbe
910 1369 1007 1423 per
1036 1355 1236 1425 moglie
1268 1369 1374 1425 una
1402 1357 1554 1413 nobil
1586 1354 1791 1425 donna,

149 1439 248 1493 per
296 1437 456 1480 neme
498 1425 686 1480 Useria
733 1444 746 1480 :
797 1424 848 1479 la
891 1425 1053 1494 quale
1102 1424 1250 1483 deno
1299 1424 1335 1483 il
1385 1434 1698 1485 monastero
1736 1424 1795 1487 di

145 1498 249 1577 Sen
281 1496 500 1577 Dionigi
532 1494 1055 1577 (legendumttamen
1096 1497 1187 1577 hic
1216 1505 1300 1577 est
1324 1518 1340 1577 _:
1374 1498 1425 1553 la
1455 1500 1615 1577 quale
1645 1500 1793 1556 dono

146 1566 195 1620 al
226 1573 544 1622 monastero
573 1566 631 1621 di
668 1568 774 1621 San
801 1566 1053 1636 Dionigi;
1089 1569 1234 1624 sicut
1262 1570 1424 1625 etiam
1455 1566 1795 1627 Cualvaneus

148 1637 388 1709 [flamma
435 1638 724 1701 superiore
773 1651 1001 1709 numero
1049 1640 1244 1708 quinto
1292 1640 1614 1709 afﬁrmabat)
1654 1642 1792 1698 dove

147 1707 270 1782 tino
296 1708 364 1782 al_
391 1714 713 1782 presentete
742 1708 1025 1782 contigue,
1052 1723 1166 1782 una
1204 1709 1474 1782 t‘ruttifera
1523 1707 1703 1782 vigna,
1738 1712 1787 1769 la

147 1777 309 1852 quale
330 1778 425 1852 dal
456 1792 615 1835 nome
642 1778 697 1834 di
719 1777 909 1852 quella'
923 1782 953 1834 ε
973 1780 1242 1852 chiamata
1271 1781 1327 1852 la
1341 1784 1498 1852 vigna
1519 1777 1787 1840 d‘Useria.

148 1851 228 1905 ila
268 1851 364 1918 poi
409 1849 466 1904 in
512 1863 772 1905 successo
819 1850 876 1905 di
924 1857 1108 1919 tempe
1156 1851 1225 1906 da
1271 1849 1602 1910 Alessandro
1643 1860 1791 1911 terzo

147 1920 423 1989 pontetice
463 1927 607 1983 (vere
637 1928 816 1977 tamen
848 1920 936 1976 hic
969 1919 1214 1989 pontifex
1245 1936 1354 1978 non
1386 1925 1581 1980 tertius
1609 1926 1791 1981 nomi-

147 1991 235 2046 nis
264 1991 430 2062 hujus
466 1990 587 2055 fuit,
622 1991 721 2047 sed
759 1991 1055 2062 secundus)
1104 1992 1159 2049 fit
1199 1993 1456 2050 ordinato
1487 1994 1590 2051 che
1629 1996 1791 2052 alcun

144 2061 438 2135 sacerdote
467 2075 501 2117 o
532 2062 755 2118 cberico
786 2076 896 2135 non
937 2063 1196 2132 togliesse
1236 2065 1435 2135 moglie
1478 2086 1490 2121 :
1533 2080 1564 2121 e
1594 2074 1791 2134 questo

143 2146 351 2205 ancora
388 2131 443 2187 fu
473 2138 773 2201 approvato
802 2134 891 2189 dal
930 2131 1088 2190 sacro
1119 2131 1377 2201 concilio,
1409 2131 1791 2205 sogiugnendo

143 2203 249 2259 che
298 2204 357 2259 in
387 2211 675 2278 perpetuo
705 2216 1081 2278 osservassero
1121 2207 1391 2262 castitate.
1441 2203 1546 2263 Per
1575 2203 1626 2265 la
1663 2208 1791 2278 qual

143 2288 275 2330 cosa
306 2275 400 2343 poi
423 2274 698 2330 nell’anno
729 2275 877 2330 mille
906 2278 1261 2333 sessantadue
1293 2278 1589 2335 Enrihaldo
1610 2274 1789 2345 Cotta,

142 2345 384 2401 volendo
432 2346 806 2415 perseguitare
855 2347 873 2401 i
922 2347 1128 2403 cherici
1177 2350 1437 2415 maritati,
1480 2350 1550 2405 da
1588 2350 1696 2405 essi
1734 2349 1792 2406 fil

142 2416 524 2472 crudelmente
579 2423 780 2472 morto.
829 2417 1003 2483 Onde,
1055 2432 1210 2475 come
1258 2420 1434 2475 scrive
1480 2422 1663 2476 Leone
1722 2434 1791 2476 ne

138 2488 266 2543 suci
315 2488 531 2558 Annali,
564 2488 799 2543 essendo
847 2494 1037 2544 tenuto
1088 2502 1185 2558 per
1231 2491 1475 2555 martire,
1518 2491 1662 2547 dalla
1700 2504 1793 2547 re-

141 2558 372 2627 publica
408 2556 624 2630 ωεοη
656 2570 863 2615 somma
901 2556 1198 2615 riverentia
1235 2560 1370 2616 fatto
1409 2561 1666 2630 sepellire
1705 2562 1793 2618 nel

139 2630 355 2700 tempio
387 2628 653 2700 dedicato
679 2640 711 2685 a
753 2631 859 2686 San
890 2631 1105 2700 Dionigi
1147 2632 1200 2686 ln
1250 2645 1356 2687 una
1394 2628 1548 2688 cassa
1578 2634 1794 2689 circen-

140 2700 273 2755 data
298 2699 356 2754 di
390 2700 526 2755 lame
546 2700 602 2755 di
634 2699 803 2756 ferro.
828 2720 857 2754 »
883 2702 1036 2767 Quod
1064 2699 1287 2771 quidem
1319 2704 1466 2758 Corii
1499 2717 1598 2771 pro
1618 2706 1792 2760 Cotta:

141 2772 853 2844 sanctitatetestimonium,
877 2772 966 2827 hic
989 2773 1208 2829 tandem
1233 2773 1528 2841 adjectum,
1553 2788 1655 2844 ego
1681 2777 1792 2844 jam

143 2855 317 2910 supra
346 2843 590 2907 recitavi,
623 2843 766 2898 libro
792 2844 989 2912 primo,
1022 2845 1201 2913 capite
1232 2858 1399 2900 nono.

218 2914 288 2967 Χ.
333 2914 607 2969 Hactenus
651 2920 910 2970 auctores
955 2926 1186 2983 quorum
1237 2916 1542 2973 assertione
1570 2921 1794 2974 sanctus

147 2984 388 3039 antistes
427 2991 617 3039 noster
657 2985 977 3041 Ambrosius
1023 2986 1368 3042 matrimonia
1413 2986 1796 3043 sacerdotibus

1884 511 2033 565 tione
2080 507 2311 571 conditi.
2363 511 2569 566 mentio
2616 510 2805 567 itidem
2854 512 3088 572 habetur
3138 517 3191 571 in
3249 507 3513 575 librorum

1880 578 2280 657 prohibitorum
2319 581 2582 657 Elencho,
2626 596 2724 652 per
2754 584 3102 641 Franciscum
3142 587 3517 657 Magdalenum

1876 648 2268 724 Capiferreum,
2337 651 2579 720 ejusdem
2626 648 3098 724 icongrcgationis
3161 648 3519 716 secretarium

1877 721 2113 796 digesto.
2145 720 2358 796 Littera
2389 720 2789 796 euiintB‘ineo
2816 720 2896 780 sic
2937 726 3171 796 legitur:
3210 751 3235 779 «
3279 732 3516 786 Bernar-

1877 790 1992 869 din‘i
2031 792 2177 848 Corii
2226 792 2466 869 Historia
2514 792 2935 869 Mediolanensis
2983 790 3091 869 non
3143 800 3513 869 permittatur,

1877 860 1980 919 nisi
2012 869 2280 919 correcta.
2324 864 2380 918 in
2412 865 2643 920 Decreto
2681 866 2743 919 16
2770 866 2945 923 Martii
2984 860 3195 923 1621f»

1947 930 2243 1010 Xi._Qnam
2287 932 2633 1010 falsa_porro
2683 936 2755 1010 sit
2786 945 2841 1010 et
2891 937 3199 994 adulterina
3248 938 3518 1010 ejusmodi

1876 1004 2132 1079 assertio,
2164 1010 2386 1079 sanctus
2431 1005 2548 1079 ipse
2596 1007 2915 1064 Ambrosius
2964 1024 3061 1079 per
3099 1004 3520 1079 aurea'scripta

1876 1028 2132 1072 assertio,
2164 1028 2386 1060 sanctus
2431 1028 2548 1074 ipse
2596 1028 2915 1064 Alum'osws
2964 1028 3061 1079 per
3099 1028 3264 1066 aurea
3312 1028 3420 1067 scrt
3467 1028 3520 1068 ta

1875 1090 1995 1151 sua,
2028 1075 2315 1131 catholicae
2345 1090 2443 1144 per
2468 1077 2656 1132 orbem
2688 1080 2998 1151 universum
3032 1081 3289 1138 Ecclesiae
3323 1028 3521 1151 proga-

1877 1145 2541 1219 tissima,_commonstret
2566 1162 2789 1219 :_eoque
2820 1150 2874 1203 in
2907 1150 3095 1218 primis
3126 1145 3521 1210 commonstret

1878 1215 2021 1282 loco,
2067 1215 2349 1294 adquem
2398 1215 2752 1294 Landuiphus
2808 1215 3175 1294 itidemmipse
3232 1226 3518 1294 superiore

1876 1301 2104 1343 numero
2133 1287 2168 1341 4
2201 1288 2551 1356 provocabat.
2582 1287 2758 1345 Locus
2787 1295 2965 1346 autem
3000 1287 3094 1348 ille
3122 1293 3260 1349 citra
3289 1287 3517 1353 dubium

1876 1365 1961 1413 est
1980 1358 2104 1433 libri
2135 1360 2208 1414 De
2239 1357 2435 1433 ofﬁciis
2460 1359 2622 1433 primi
2642 1367 2805 1433 caput
2826 1363 3334 1433 quinquagesimum
3356 1364 3518 1423 simul

1876 1434 1931 1484 et
1960 1429 2519 1505 uitim_um.‘Quoc_irca
2551 1431 2713 1505 etiam
2734 1429 2877 1505 illud
2910 1429 3051 1489 idem
3076 1429 3243 1505 caput
3266 1436 3321 1491 in
3342 1436 3517 1495 altero

1877 1513 2077 1574 eorum
2106 1500 2861 1574 Landulphiexemplarium,
2895 1519 3017 1573 quae
3055 1505 3109 1560 in
3148 1500 3377 1574 capituli
3408 1523 3517 1564 me-

1876 1570 2196 1646 tropolitani
2228 1570 2562 1646 bibliotheca
2598 1570 3003 1646 eustodiuntnr,
3027 1590 3128 1646 ego
3151 1570 3260 1632 vidi
3291 1578 3517 1635 charac-

1876 1646 1991 1696 tere
2020 1643 2154 1716 satis
2191 1642 2399 1716 recenti
2447 1642 2764 1698 adnotatum
2805 1643 2857 1698 in
2898 1658 2993 1700 ora
3029 1642 3332 1716 niarginali,
3361 1649 3517 1716 juxta

1808 1752 1856 1810 Β
1879 1726 2002 1810 95523
2044 1710 3516 1810 lanificiiieitti'ﬂ.ﬁxstaete»-.=:9.,s‘§?2!-aliis“

1880 1798 2002 1856 cum
2043 1783 2143 1839 hac
2193 1785 2444 1856 protinus
2473 1799 2723 1856 censura,
2766 1799 2888 1856 meo
2928 1787 3090 1841 etiam
3124 1783 3336 1856 judicio
3367 1803 3519 1844 vera-

1875 1854 2091 1910 cissima
2116 1873 2128 1908 :
2156 1870 2185 1921 ft
2218 1854 2350 1910 Vide
2379 1853 2558 1910 locum
2586 1854 2724 1910 male
2758 1855 3009 1923 relatum,
3044 1864 3099 1912 et
3127 1853 3273 1914 'male
3306 1858 3517 1916 intelle-

1874 1931 2039 1981 ctum.
2066 1924 2220 1999 Unde
2246 1926 2476 1999 maxime
2506 1925 2820 1995 corruptela
2850 1926 3099 1999 ecclesia:
3121 1929 3518 1999 Ambrosiame,

1874 2002 1929 2050 et
1961 1995 2257 2065 perniciosi
2299 1995 2583 2064 tumultus,
2616 2002 2672 2053 et
2701 1997 2942 2067 querelae
2973 2002 3090 2054 toto
3120 1999 3226 2057 hoc
3256 2000 3399 2057 libro
3429 1995 3521 2058 ex;

1914 2081 2077 2121 PCSSIB
2087 2110 2098 2121 .
2132 2086 2160 2119 ))

1873 2080 2197 2193 prgisisié'go
2255 2138 2424 2207 igitur
2476 2134 2603 2207 loco
2668 2142 2892 2194 sanctus
2951 2139 3290 2207 Ambrosius,
3351 2142 3519 2198 multa

1876 2206 2136 2276 praefatus
2174 2207 2242 2263 de
2281 2206 2575 2263 virtutibus
2615 2207 2670 2263 in
2711 2209 2896 2264 Levita
2934 2217 2988 2264 et
3027 2209 3216 2267 altaris
3268 2206 3517 2269 ministro

1875 2279 2222 2343 necessariis,
2255 2278 2399 2333 hunc
2430 2278 2484 2332 in
2512 2278 2733 2333 modum
2765 2280 3220 2349 prosequebatur:
3260 2303 3284 2330 «
3308 2284 3384 2339 De
3404 2298 3520 2338 cas-

1876 2350 2102 2405 timonia
2130 2355 2309 2404 autem
2340 2349 2473 2419 quid
2504 2350 2739 2419 loquar?
2776 2349 2997 2419 quando
3029 2365 3134 2407 una
3174 2357 3382 2409 tantum
3413 2368 3517 2409 nec

1876 2365 2102 2405 timonia
2130 2365 2309 2404 autem
2340 2365 2473 2419 quin
2504 2365 2739 2419 loquar?
2818 2365 2997 2406 uanuo
3029 2365 3134 2407 una
3174 2365 3382 2409 tantum
3413 2368 3516 2409 nec

1875 2420 2111 2494 repetita
2140 2420 2475 2494 permittitur
2512 2419 2728 2494 copula.
2763 2365 2828 2475 Igt
2859 2420 2913 2476 in
2945 2421 3065 2490 ipso
3096 2436 3227 2494 ergo
3257 2425 3516 2494 conjugio

1876 2484 1963 2546 lex
1992 2496 2077 2565 est
2101 2484 2438 2565 nbniterare
2478 2484 2814 2565 conjugium,
2846 2506 2949 2547 nec
2969 2484 3235 2565 "secundae
3266 2484 3519 2565 conjugis

1874 2562 2062 2617 sortiri
2108 2562 2574 2630 conjunctionem.
2611 2581 2638 2614 »
2688 2561 2754 2617 Et
2798 2575 2927 2617 ecce
2967 2562 3129 2619 nobis
3166 2561 3514 2622 manifestum

1870 2634 1981 2704 jam
2012 2639 2115 2695 est,
2148 2633 2608 2704 quemadmodum
2648 2631 2803 2688 locus
2832 2631 2925 2688 ille
2961 2647 2991 2687 a
3019 2633 3341 2704 Landulpho
3380 2636 3521 2693 male

1877 2702 2195 2759 referretur.
2250 2703 2608 2772 inspiciamus
2663 2717 2829 2771 nunc,
2872 2702 3330 2773 quemadmodum
3378 2706 3519 2763 male

1914 2775 2085 2830 ariter
2120 2774 2189 2829 ab
2229 2773 2349 2843 ipso
2399 2773 2820 2843 intelligeretur.
2854 2774 3026 2829 Verus
3066 2775 3211 2831 enim
3248 2776 3522 2835 Ambrosii

1877 2788 1983 2900 Εἴθε
2022 2845 2079 2900 in
2118 2844 2242 2900 loco
2273 2858 2468 2900 sensus
2505 2844 2596 2900 hic
2634 2852 2737 2900 est.
2770 2850 2831 2899 ut
2868 2846 3239 2900 evanaelicum
3282 2846 3520 2900 Levitam

1916 2859 1983 2901 oc
2022 2845 2079 2900 in
2118 2844 2242 2901 loco
2273 2858 2468 2900 sensus
2505 2844 2596 2900 hic
2634 2852 2737 2914 est,
2770 2850 2831 2899 ut
2868 2846 3239 2914 evangelicum
3282 2846 3520 2904 Levitam

1877 2915 2143 2998 ordinari,
2164 2916 2281 2998 sive
2296 2916 2363 2971 ad
2386 2930 2600 2998 sacrum
2624 2912 2891 2998 ejusmodi
2915 2912 3162 2998 ordinem
3183 2916 3520 2998 promoveri,

1879 3001 1988 3068 non
2021 2986 2217 3068 liceat,
2237 2986 2283 3041 si
2310 2986 2622 3068 conjugium
2645 2986 2753 3067 jam
2785 2993 2911 3068 ante
2943 2986 3250 3068 iteraverit,
3274 2987 3381 3046 hoc
3414 2994 3520 3056 est,

148 3054 451 3138 concessit.
508 3056 768 3138 Sequitur
810 3064 959 3138 nunc
1010 3062 1070 3112 ut
1124 3057 1405 3138 deinceps
1440 3058 1794 3138 ostendamus
1815 3077 1857 3138 α
1877 3059 1927 3138 si
1957 3063 2079 3126 post
2108 3057 2316 3138 obitum
2348 3054 3279 3138 prini'ee‘uxmis.alteram_duxerit,
3303 3074 3366 3115 ac
3398 3054 3524 3138 pro;

146 3139 314 3197 quam
344 3124 480 3197 falsa
510 3132 567 3181 et
594 3126 956 3193 detestabilis,
997 3142 1270 3197 quamque
1299 3124 1571 3197 scriptore
1593 3130 1791 3186 catho-

143 3196 257 3252 lico
290 3196 516 3270 indigna
544 3198 615 3250 sit
645 3198 923 3270 ejusmodi
944 3196 1197 3255 assertio.
1225 3199 1351 3255 Eam
1382 3196 1514 3255 sane
1548 3200 1633 3270 (ut.
1654 3200 1793 3257 hinc

141 3266 544 3340 exordiaran
569 3282 725 3323 sacra
756 3268 959 3324 indicis
996 3271 1352 3340 congregatio
1384 3266 1703 3340 jamdudum
1734 3272 1791 3327 in

140 3337 769 3425 3°!"E!“.‘l'?9.i9't°"‘9‘
797 3340 981 3425 99m.
1014 3337 1257 3425 anilem
1289 3337 1497 3425 νςὲίηυβ
1526 3342 1581 3396 in
1614 3343 1794 3425 Ρυιξιί·

141 3423 261 3481 cam
296 3409 649 3481 lucemttypis
696 3410 1060 3480 evulgaverat,
1102 3410 1396 3477 damnavit,
1430 3419 1484 3467 et
1514 3426 1581 3468 ex
1617 3409 1794 3481 ipsius

139 3480 422 3536 Chronico
452 3480 776 3536 abolendam
808 3495 928 3537 esse
957 3482 1207 3537 saneivit.
1249 3483 1337 3536 Sic
1366 3484 1509 3537 enim
1542 3497 1571 3538 e
1601 3483 1792 3539 subse-

137 3553 337 3620 quenti
387 3558 602 3606 constat
631 3552 883 3621 epistola,
910 3566 1019 3607 non
1066 3555 1235 3608 multo
1277 3561 1401 3621 post
1436 3553 1505 3608 ad
1546 3555 1796 3610 cardina-

138 3621 249 3677 lem
290 3622 768 3692 archiepisc0pum
801 3631 1047 3678 nostrum
1070 3623 1388 3678 Federicum
1422 3625 1793 3680 Borromaeum

136 3693 354 3761 scripta
385 3700 440 3747 et
469 3694 612 3748 inter
639 3695 1013 3750 Ambrosianaa
1043 3695 1396 3750 bibliotheca:
1418 3695 1590 3751 libros
1614 3701 1794 3751 custo-

137 3764 278 3830 dita,
315 3769 371 3819 et
409 3763 496 3817 his
523 3772 740 3820 exarata
772 3766 986 3820 verbis:

399 3853 427 3885 ι
458 3835 833 3892 illustrissima
865 3843 919 3890 et
950 3835 1409 3892 reverendissimo
1439 3837 1541 3907 sig.
1576 3838 1685 3893 mio

784 3907 1291 3964 osservandissimo.

214 3994 245 4047 ᾳ
277 3977 504 4033 Avendo
537 3978 587 4032 la
633 3992 787 4033 saera
826 3979 1257 4047 congregazione
1307 3978 1624 4035 dell’lndice
1662 3990 1795 4034 con-

140 4046 392 4102 siderato
445 4055 651 4118 quanto
700 4050 781 4104 sia
828 4046 1140 4104 desiderato
1180 4050 1247 4104 ed
1297 4050 1431 4105 utile
1477 4050 1513 4104 il
1558 4048 1698 4104 libro
1737 4047 1792 4103 di

140 4118 488 4174 Bernardino
509 4120 671 4174 Corio
692 4133 853 4188 s0pra
887 4120 1119 4176 l‘lstoria
1148 4122 1203 4175 di
1244 4120 1462 4185 Milano,
1504 4119 1606 4175 che
1638 4119 1794 4174 nell’-

138 4188 321 4244 editto
353 4189 484 4244 delli
524 4190 585 4243 16
612 4190 667 4245 di
713 4193 886 4246 Μειηο
939 4190 1067 4244 1621
1120 4191 1361 4248 s'ordina
1408 4205 1518 4247 non
1560 4195 1796 4261 permet-

139 4260 303 4326 tersi,
333 4274 392 4314 se
423 4274 532 4316 non
566 4268 808 4317 corretto
833 4281 846 4325 ;
883 4276 912 4317 e
943 4262 1044 4317 che
1076 4276 1184 4317 non
1215 4264 1433 4319 v‘erano
1463 4260 1589 4318 stati
1621 4261 1794 4318 notati

136 4331 268 4416 altri
299 4332 519 4416 errori,
552 4332 654 4416 che
694 4330 999 4416 nellfoglio
1031 4334 1128 4416 ‘12,
1158 4334 1327 4416 juxta
1372 4334 1791 4416 impressionem

1878 3136 2068 3199 pterea
2098 3129 2346 3198 digamus
2375 3128 2465 3183 sit.
2498 3126 2653 3182 Illum
2685 3128 2827 3182 enim
2860 3126 3116 3184 debuisse
3147 3126 3524 3186 tantummodo

1877 3213 2258 3269 monogamum
2283 3213 2424 3270 esse,
2446 3212 2510 3254 ac
2541 3204 2807 3268 praeterea
2832 3206 2956 3270 post
2978 3213 3092 3254 eam
3123 3201 3522 3270 promotionem

1875 3270 2081 3327 debere
2120 3270 2187 3325 ab
2240 3268 2424 3325 oflicio
2472 3270 2746 3339 coniugali
2800 3269 3018 3338 penitus
3064 3268 3383 3337 abstinere,-
3441 3273 3522 3339 sic

1877 3343 2019 3398 enim
2070 3341 2188 3411 lege
2231 3342 2498 3395 sancitum
2549 3338 2690 3395 esse.
2741 3339 2860 3411 iiue
2906 3339 3074 3409 igitur
3102 3340 3311 3409 absque
3351 3338 3520 3397 dubio

1874 3409 2143 3480 spectant
2172 3411 2443 3467 Ambrosii
2491 3411 2655 3480 verba
2706 3409 2952 3478 proxime
3000 3411 3251 3477 recitata,
3302 3424 3521 3468 necnon

1875 3479 2036 3538 etiam
2068 3483 2331 3549 deinceps
2362 3479 2661 3535 recitanda.

1946 3553 2082 3607 XIII.
2125 3553 2185 3607 in
2224 3552 2364 3606 hanc
2408 3550 2551 3605 enim
2599 3549 2926 3621 sententiam
2966 3549 3047 3605 sic
3091 3549 3253 3621 etiam
3295 3565 3519 3621 progre-

1876 3622 2027 3678 ditur
2054 3623 2374 3678 Ambrosius
2406 3641 2419 3675 :
2455 3638 2483 3671 «
2513 3619 2667 3686 Quod
2718 3618 2996 3689 plerisque
3036 3620 3229 3674 mirum
3279 3618 3517 3689 videtur,

1876 3709 1975 3749 cur
2012 3696 2173 3748 etiam
2222 3700 2348 3747 ante
2395 3692 2722 3760 baptismum
2762 3691 2961 3746 iterato
2999 3690 3259 3761 conjugio
3299 3692 3366 3746 ad
3406 3690 3519 3748 ele-

1876 3766 2115 3821 ctionem
2164 3763 2407 3818 muneris
2443 3770 2499 3816 et
2536 3762 2904 3817 ordinationis
2954 3761 3366 3830 praerogativam
3417 3763 3519 3819 im-

1878 3835 2189 3905 pedimenta
2245 3840 2611 3905 generentur:
2672 3847 2795 3905 cum
2851 3828 3272 3905 eti‘a‘mtdclicta
3321 3834 3518 3891 obesse

1876 3901 1986 3962 non
2026 3901 2269 3970 soleant,
2308 3906 2355 3960 si
2401 3904 2599 3959 lavacri
2639 3904 2865 3959 remissa
2911 3901 3115 3958 fuerint
3152 3912 3516 3961 sacramento.

1875 3978 1980 4032 Sed
2022 3976 2330 4046 intelligere
2366 3974 2631 4031 debemus
2659 3974 2787 4044 quia
2825 3973 2880 4028 in
2930 3972 3203 4043 baptismo
3244 3976 3403 4045 culpa
3442 3976 3524 4031 di-

1876 4048 2018 4103 mitti
2066 4055 2269 4117 potest,
2320 4047 2408 4118 lex
2453 4046 2663 4102 aboleri
2720 4057 2831 4118 non
2883 4051 3084 4118 potest.
3144 4046 3203 4099 in
3249 4048 3519 4118 conjugio

1878 4133 1987 4174 non
2026 4115 2207 4188 culpa,
2252 4118 2349 4174 sed
2398 4117 2485 4172 lex
2523 4123 2627 4173 est.
2678 4116 2855 4188 Quod,
2886 4115 3064 4188 culpae
3113 4118 3197 4172 est
3244 4115 3520 4188 igitur,'in

1875 4190 2202 4259 baptismate
2233 4189 2545 4254 relaxatur;
2579 4188 2727 4257 quod
2754 4187 2891 4258 legis
2911 4195 3014 4259 est,
3040 4187 3095 4259 in
3118 4187 3376 4259 conjugio
3408 4203 3518 4245 non

1876 4257 2179 4317 solvitur.»
2220 4262 2289 4317 Ut
2327 4261 2471 4315 enim
2510 4259 2787 4314 Robertus
2824 4257 3120 4314 cardinalis
3158 4257 3519 4314 Bellarminus

1877 4333 1946 4389 de
1977 4333 2235 4388 membris
2271 4330 2533 4386 Ecclesiae
2571 4327 2856 4384 militantis
2893 4327 3039 4398 libro
3068 4327 3264 4395 primo,
3297 4329 3392 4398 qui
3432 4334 3517 4383 est

138 4403 408 4494 genistam
440 4404 628 4457 asserit
663 4396 1584 4494 sanctuvantbnosiittnnpermisisse
1611 4418 1858 4494 sacer-D
1879 4406 1954 4458 De
1991 4402 2214 4484 clericis,
2248 4396 3519 4494 capitevigesimonquaiteilg‘jdﬂilieiotttggtti

135 4472 356 4557 dotiiggs
395 4487 612 4527 uxorem
659 4475 865 4557 ducere,
891 4489 930 4557 ἐ
950 4475 1143 4557 ’ῑοεῃο
1172 4468 1301 4557 ϐἓςζξ
1328 4476 1493 4557 inquit
1538 4489 1791 4557 agminum
1810 4468 2024 4556 "vero,
2070 4468 2626 4557 sapientertd‘ocebat
2648 4468 3513 4557 etobservandumtestueontroj

129 4544 440 4613 pontiﬁcem
466 4546 781 4599 concessisse
808 4544 1190 4612 Indulgentia":
1217 4544 1512 4610 plenariam
1544 4545 1792 4600 Ecclesia:

133 4613 552 4678 Mediolanensi,
573 4618 733 4670 etiam
760 4631 862 4671 non
891 4618 1143 4681 contritis,
1168 4616 1315 4685 quali
1343 4616 1518 4671 errori
1548 4616 1722 4685 anche
1744 4615 1791 4685 si

132 4691 385 4740 trovano
424 4686 917 4755 nell’impressione
963 4688 1142 4743 antica
1180 4684 1235 4741 di
1276 4688 1471 4742 Milano
1511 4687 1599 4741 del
1636 4684 1790 4750 1503,

132 4756 183 4810 si
218 4769 385 4828 sono
407 4759 791 4825 compiacciuti
817 4760 996 4827 questi
1025 4760 1233 4828 signori
1273 4758 1626 4813 illustrissimi
1665 4756 1793 4811 miei

134 4826 412 4899 colleghi,
436 4827 537 4882 che
566 4829 735 4883 avvisi
766 4842 796 4883 a
827 4843 923 4883 sua
955 4826 1196 4899 signoria
1227 4829 1614 4893 illustrissima,
1638 4840 1793 4883 come

130 4896 196 4952 to
230 4911 342 4952 con
376 4898 427 4952 la
456 4907 731 4967 presente,
766 4899 889 4963 che,
922 4896 1148 4956 cor'retti
1181 4915 1213 4955 ο
1253 4900 1375 4956 tolti
1405 4901 1489 4954 via
1518 4899 1653 4954 detti
1687 4899 1795 4954 due

134 4967 296 5024 lochi
327 4968 457 5033 soli,
482 4970 738 5038 poss’ella
768 4984 798 5025 a
828 4972 1087 5027 ciascuno
1111 4971 1254 5026 della
1284 4986 1381 5027 sua
1410 4972 1633 5027 diocese
1662 4969 1795 5025 dare

128 5040 323 5113 libera
372 5038 573 5113 tacolta
620 5056 649 5097 ε
697 5041 902 5097 licenza
950 5042 1006 5097 di
1055 5042 1272 5113 leggere
1322 5058 1351 5097 e
1408 5049 1597 5098 tenere
1647 5040 1798 5095 detta

130 5110 385 5182 lstoriat;
429 5126 460 5165 e
490 5111 592 5166 che
623 5126 723 5180 per
751 5118 895 5168 tutto
936 5110 1249 5182 possa'cosi
1281 5120 1519 5169 corretta
1551 5125 1795 5176 correre,

124 5182 207 5237 ed
244 5180 427 5254 anche
457 5182 513 5254 di
544 5196 725 5254 nuovo
764 5180 1126 5254 ristamparsi.
1169 5187 1281 5240 Con
1313 5184 1435 5250 che,
1468 5182 1799 5254 baciandoa

124 5252 508 5321 Vossignoria
569 5253 938 5310 illustrissima
961 5252 973 5254 ⁷
996 5256 1312 5310 umilmente
1352 5255 1401 5310 le
1432 5255 1597 5320 mani,
1630 5266 1717 5309 me
1749 5253 1799 5308 le

122 5323 322 5379 οπετο
353 5322 408 5377 di
441 5338 632 5379 cuore.
664 5326 724 5380 Di
757 5327 928 5381 Roma
955 5325 989 5380 ll
1017 5326 1053 5377 6
1081 5327 1137 5380 di
1166 5326 1392 5381 Ottohre
1425 5325 1583 5379 1621.

214 5410 249 5445 α
287 5393 351 5449 Di
384 5395 444 5450 V.
479 5395 538 5450 S.
572 5395 941 5451 illustrissima
973 5411 1002 5451 e
1032 5395 1482 5451 reverendissima

528 5467 854 5523 umillssimo
886 5468 952 5523 ed
992 5467 1467 5522 alfezionatissimo
1497 5467 1800 5534 servidore,

630 5550 633 5553 '
797 5539 833 5595 il
867 5539 1144 5595 cardinale
1175 5538 1516 5608 Bevilacqua.

216 5622 251 5656 α
286 5606 351 5664 ΔΙ
384 5607 491 5679 sig.
522 5609 803 5667 cardinaie
831 5612 1150 5678 Borromeo,
1182 5606 1466 5667 Musaei»

1871 4546 2098 4601 versiam
2135 4540 2308 4599 fuisse
2357 4543 2504 4598 inter
2544 4548 2758 4597 veteres
2804 4542 2992 4595 Patres
3037 4559 3049 4593 :
3100 4552 3169 4592 an
3218 4540 3311 4608 qui
3352 4554 3513 4595 unam

1873 4630 2097 4671 uxorem
2118 4615 2309 4671 habuit
2328 4620 2454 4669 ante
2481 4613 2828 4683 baptismum,
2853 4625 3026 4680 eaque
3046 4616 3259 4683 mortua
3287 4608 3513 4666 alteram

1874 4687 2030 4742 duxit
2086 4692 2209 4756 post
2269 4679 2619 4754 baptismum,
2679 4679 2947 4756 bigamus’
2980 4679 3511 4756 censendusesset,

1877 4750 2245 4813 necneXNam
2276 4750 2498 4812 sanctus
2528 4750 2889 4823 Hieronymus
2916 4752 2972 4807 in
3002 4751 3234 4823 epistola
3262 4750 3330 4823 ad
3351 4754 3518 4807 Ocea-

1876 4843 2004 4884 num
2034 4827 2321 4883 contendit
2341 4826 2608 4896 ejusmodi
2640 4822 2914 4896 hominem
2937 4836 3046 4896 non
3068 4836 3188 4877 esse
3219 4822 3515 4896 bigamum,

1878 4905 2169 4968 propterea
2194 4898 2342 4967 quod
2370 4891 2473 4965 per
2502 4897 2828 4965 baptismum
2859 4891 3138 4968 sittfactus
3160 4891 3331 4949 novus
3350 4893 3518 4968 homo

1878 4963 1944 5025 ex
1972 4963 2165 5033 veteri,
2199 4963 2254 5024 et
2293 4963 2428 5023 nihil
2458 4969 2509 5023 ei
2551 4963 2753 5023 nocere
2803 4964 2977 5034 possit
3006 4978 3194 5020 eorum
3225 4979 3349 5034 quae
3390 4963 3523 5020 fecit

1878 5048 2003 5096 ante
2034 5040 2382 5108 baptismum.
2416 5040 2478 5093 Et
2499 5052 2629 5094 sane
2657 5036 2783 5092 huic
2813 5036 3101 5108 sententiae
3134 5035 3361 5108 multum
3385 5034 3526 5091 favet

1879 5125 2057 5168 canon
2084 5104 2147 5164 l7
2168 5110 2565 5180 apostolorum,
2586 5108 2683 5180 qui
2700 5108 2905 5162 diserte
2927 5106 3185 5180 prohibet
3206 5104 3528 5180 episcopum

1882 5183 1999 5238 ﬁeri
2030 5181 2127 5251 qui
2156 5177 2283 5250 post
2312 5180 2639 5248 baptismum
2672 5179 2757 5237 bis
2787 5178 3006 5251 nuptias
3036 5177 3354 5251 celebravit.
3388 5179 3532 5251 gon-

1880 5259 1965 5309 tra
1992 5245 2123 5309 vero
2155 5245 2493 5317 Ambrosius,
2529 5245 2902 5313 innocentius,
2934 5255 2991 5303 et
3020 5250 3354 5318 Augustinus
3393 5245 3533 5304 locis

1882 5325 2067 5380 citatis
2097 5323 2442 5380 contendunt
2489 5321 2714 5378 omnino
2762 5320 3073 5374 habendum
3122 5319 3394 5389 bigamum
3436 5319 3534 5388 qui

1883 5396 2021 5451 duas
2058 5408 2259 5450 uxores
2307 5393 2518 5460 habuit,
2561 5391 2673 5448 sive
2704 5397 2829 5446 ante
2868 5390 3217 5459 baptismum,
3251 5391 3364 5445 sive
3406 5395 3533 5459 post

1884 5466 2234 5536 baptismum.
2257 5467 2390 5520 Nam
2421 5464 2728 5536 baptismus
2757 5461 2919 5518 diluit
2950 5469 3194 5536 peccata,
3228 5474 3337 5517 non
3365 5459 3530 5517 solvit

1883 5531 2159 5608 coniugia,
2185 5542 2239 5593 et
2269 5531 2508 5592 renovat
2523 5534 2798 5608 hominem
2821 5539 3083 5603 quantum
3113 5531 3180 5588 ad
3202 5537 3528 5608 vetustatem

1883 5604 2162 5675 vitiorum,
2192 5620 2304 5664 non
2352 5611 2615 5677 quantum
2645 5604 2715 5662 ad
2757 5619 2822 5664 ea
2850 5619 2975 5676 qua
3013 5609 3162 5662 recte
3195 5619 3256 5663 se
3295 5604 3522 5664 habent.
