4096 6156
613 248 722 303 975

1819 246 2167 301 'APPENDIX
2206 248 2292 301 AD
2332 242 2758 301 LANDULFUM.

3883 241 3984 301 976

609 376 787 443 Atque
808 373 927 430 haec
946 373 1218 429 sententia
1242 371 1461 427 tandem
1492 370 1795 441 prmvaluit,
1819 376 1874 424 et
1898 370 1966 424 ab
1988 370 2455 443 universaAaliis
2519 369 2850 443 supplicare,
2920 367 3090 443 audes
3154 381 3262 443 pro
3317 367 3450 443 aliis
3478 369 3825 443 ministrare
3871 379 3895 424 τ
3944 391 3975 443 γι)

609 441 856 499 Ecclesia
881 450 1101 514 recepta
1131 450 1233 499 est.
1256 444 1443 510 Neque
1474 443 1656 497 obstat
1675 441 2240 514 canonapostolicus.

609 516 864 570 Fortasse
902 512 1045 570 enim
1076 528 1142 569 eo
1180 519 1425 581 tempore
1467 518 1692 582 propter
1730 512 2011 567 hominum
2051 512 2244 581 pauci-

609 591 777 640 tatem
824 585 1215 655 dispensabant
1260 583 1496 655 apostoli
1528 598 1649 655 cum
1676 582 1791 655 illis
1821 584 1915 651 qui
1944 588 2070 655 ante
2104 584 2243 652 bap-

608 657 827 711 tismum
859 653 1082 711 uxorem
1105 668 1264 709 unam
1285 653 1367 707 vel
1399 653 1583 722 plures
1602 654 1924 715 habuerant,
1949 654 2112 708 modo
2135 668 2245 709 non

609 725 928 781 habuissent
949 726 1134 794 plures
1155 731 1279 794 post
1299 725 1645 793 baptismum.
1664 726 1851 793 Neque
1874 724 2016 779 enim
2035 725 2246 780 esthoc

608 804 944 865 praeceptum
992 796 1240 864 Apostoli
1276 794 1497 866 (nempe
1539 795 1708 860 Pauli,
1730 796 1930 866 primae
1960 795 2028 849 ad
2058 795 2244 850 Timo-

607 867 814 933 theum,
846 867 1025 936 capite
1055 866 1114 933 3)
1149 865 1373 921 omnino
1405 865 1853 935 indispensabile.
1890 886 1915 914 ι
1971 866 2246 920 Hactenus

606 937 964 992 Bellarminus
992 937 1090 991 ibi.
1123 936 1227 992 Sed
1258 937 1327 991 ad
1356 937 1599 1005 ejusdem
1630 936 1918 990 sententiae
1958 936 2246 991 conﬁrma-

605 1008 809 1062 tionem
832 1008 993 1063 nobis
1015 1008 1225 1076 placeat
1252 1016 1497 1061 sanctum
1530 1008 1718 1061 itidem
1740 1007 2098 1076 Augustinum
2120 1007 2243 1062 loco

604 1092 704 1147 per
743 1079 919 1147 ipsum
960 1078 1203 1133 indicato
1243 1078 1454 1132 audire.
1499 1077 1663 1132 Libro
1694 1077 1836 1131 enim
1868 1076 1956 1142 20,
1989 1078 2063 1147 De
2096 1077 2243 1132 bono

602 1146 898 1217 eonjugali,
923 1149 1102 1217 capite
1128 1148 1211 1213 18,
1235 1148 1316 1203 sic
1340 1148 1433 1203 ille
1463 1148 1771 1202 sentiebat:
1800 1146 2004 1213 «Quod
2028 1148 2244 1202 acutius

600 1219 993 1274 intellexerunt
1022 1219 1115 1287 qui
1156 1232 1258 1273 nec
1296 1233 1419 1273 eum
1451 1219 1543 1287 qui
1583 1218 2006 1273 catechumenus
2035 1217 2119 1272 vel
2150 1232 2244 1287 pa-

599 1303 776 1360 ganus
802 1290 1056 1345 habuerit
1084 1289 1305 1344 alteram
1339 1289 1703 1360 ordinandum
1735 1302 1854 1343 esse
1886 1294 2237 1360 censuerunt.

599 1359 676 1415 De
714 1367 1056 1415 sacramento
1087 1361 1230 1415 enim
1261 1360 1460 1430 agitur,
1484 1374 1593 1415 non
1616 1359 1684 1414 de
1716 1366 1980 1428 peccato;
2033 1373 2153 1413 nam
2186 1359 2240 1414 in

599 1430 873 1500 baptismo
906 1439 1129 1500 peccata
1158 1431 1340 1486 omnia
1370 1431 1738 1485 dimittuntur.
1789 1431 2022 1497 Propter
2049 1443 2238 1484 saera-

597 1502 768 1556 menti
800 1509 981 1557 autem
1020 1503 1384 1566 sanctitatem,
1418 1502 1561 1556 sicut
1590 1500 1809 1564 femina,
1844 1501 2057 1554 etiamsi
2086 1507 2240 1555 cate-

598 1572 866 1627 chumena
914 1571 1080 1626 fuerit
1108 1572 1314 1636 vitiata,
1348 1585 1458 1626 non
1509 1577 1692 1641 potest
1739 1577 1862 1639 post
1914 1570 2239 1639 baptismum

2402 443 2535 495 XVI.
2550 442 2615 495 Et
2638 441 2902 495 hactenus
2920 439 3139 509 quidem
3162 440 3295 493 satis
3314 452 3345 492 a
3360 439 3523 494 nobis
3542 440 3895 494 examinatus
3909 442 3977 496 sit

2328 512 2481 581 prior
2499 512 2590 566 ille
2603 511 2778 565 sancti
2794 511 3065 566 Ambrosii
3087 509 3261 575 locus,
3297 524 3456 581 quem
3483 510 3589 564 sibi
3618 511 3977 580 Landulphus

2328 580 2429 651 pro
2458 596 2559 638 suo
2594 595 2784 637 errore
2826 582 3123 651 usurpabat
3152 581 3207 635 in
3245 580 3637 635 testimonium.
3682 581 3975 637 Videamus

2327 650 2492 719 nunc,
2526 650 2982 722 quemadmodum
3026 658 3247 706 sanctus
3295 651 3438 705 idem
3476 650 3676 707 doctor
3725 654 3971 708 eamdem

2326 725 2652 779 sententiam
2667 737 2818 778 suam
2839 723 3046 778 diserte
3066 722 3188 776 aliis
3204 722 3366 776 etiam
3388 723 3441 776 in
3464 722 3603 778 locis
3612 727 3969 792 expresserit.

2399 796 2557 849 XVII.
2587 796 2747 850 Certe
2777 800 2955 848 autem
2980 793 3121 848 libro
3141 796 3218 846 De
3237 793 3488 861 dignitate
3514 793 3866 858 sacerdotali,
3888 810 3972 849 ca-

2329 864 2443 932 pite
2471 865 2525 931 4,
2558 864 2838 933 explicans
2868 864 3001 919 illud
3045 863 3279 933 apostoli
3329 864 3480 917 Pauli
3509 864 3576 917 ad
3620 865 3969 920 Timotheum

2328 936 2519 1004 prima:
2549 936 2727 1003 capite
2758 951 2817 989 ιιι
2842 955 2854 990 :
2890 936 3103 1005 Oportet
3131 935 3433 1004 episcopum
3461 948 3574 988 esse
3599 935 3757 988 unius
3785 938 3969 990 uer-is

2324 1007 2511 1072 uirum,
2544 1007 2624 1061 sic
2654 1006 2818 1061 habet
2851 1025 2863 1060 :
2899 1021 2927 1059 α
2958 1006 3011 1060 Si
3044 1005 3111 1059 ad
3149 1005 3495 1073 superﬁciem
3524 1012 3737 1059 tantum
3769 1006 3967 1062 littere

2327 1077 2458 1140 (sive
2488 1076 2557 1131 ad
2588 1090 2807 1132 sensum
2837 1076 3150 1135 litteralem)
3188 1076 3566 1144 respiciamus,
3600 1076 3865 1144 prohibet
3891 1078 3969 1132 bi-

2324 1160 2538 1217 gamum
2569 1148 2889 1216 episcopum
2916 1146 3180 1201 ordinari.
3203 1147 3258 1200 Si
3276 1159 3416 1217 vero
3446 1146 3519 1217 ad
3542 1146 3800 1217 altiorem
3834 1146 3965 1215 (sive

2324 1216 2393 1271 ad
2424 1218 2730 1288 mysticum)
2762 1231 2982 1273 sensum
3012 1216 3473 1283 conscendimus;
3508 1216 3728 1288 inhibet
3756 1218 3966 1286 episco-

2324 1302 2452 1356 pum
2483 1286 2618 1343 duas
2646 1286 2912 1357 usurpare
2964 1288 3253 1343 Ecclesias.
3287 1288 3353 1341 Et
3379 1288 3427 1341 si
3464 1286 3645 1342 adhuc
3692 1288 3964 1345 introrsus

2324 1357 2683 1426 profundiora
2712 1360 3113 1428 perscruteris;
3148 1364 3334 1413 monet
3355 1371 3446 1423 ne,
3470 1363 3595 1426 post
3629 1359 3961 1415 catholicum

2324 1428 2540 1499 dogma,
2580 1443 2796 1485 sensum
2839 1430 3148 1484 inveniatur
3175 1430 3469 1499 episcopus
3504 1428 3711 1483 habere
3747 1430 3962 1485 haereti-

2323 1514 2469 1561 cum,
2501 1500 2597 1554 sed
2627 1500 2987 1555 Christianam
3035 1506 3242 1555 tantum
3281 1499 3641 1555 orthodoxam
3682 1502 3961 1563 et,eatho-

2326 1569 2484 1625 licam
2515 1570 2620 1625 sibi
2641 1571 2878 1626 associet
2900 1570 3081 1635 ﬁdem,
3101 1580 3159 1624 ut
3188 1570 3350 1625 unius
3370 1570 3751 1625 tantummodo
3776 1572 3959 1627 uxoris

596 1642 742 1697 inter
770 1643 867 1696 Dei
898 1642 1136 1711 virgines
1166 1644 1499 1707 consecrari,
1532 1644 1607 1697 ita
1647 1655 1757 1697 non
1788 1641 2023 1695 absurde
2063 1642 2234 1696 visum
2256 1691 2300 1711 η
2326 1647 2381 1695 et
2427 1641 2715 1696 catholica:
2765 1642 3026 1697 Ecclesiae
3057 1641 3139 1695 vir
3169 1643 3464 1710 episcopus
3500 1642 3798 1696 vocitetur.
3824 1661 3855 1693 ι)
3902 1644 3960 1697 Et

596 1691 1500 1780 autumn“augeamus
1532 1691 2233 1781 ’ἡῖιιιῖἐιῖίιῆιᾝίιέἱιιεήἔὶῆζ
2256 1691 2303 1747 Β
2323 1691 3460 1781 ἐὴ(ιῦῌῆιῖᾖῦδιῖἒὶῥῐῖἆιηζίιῐῦᾱἶῐὲὦξ
3487 1691 3956 1780 addamus“;

595 1795 707 1837 non
729 1790 1012 1852 peccatum
1036 1783 1264 1852 aliquod
1283 1784 1642 1848 commisisse,
1667 1783 1764 1837 sed
1787 1796 2029 1836 normam
2053 1797 2236 1850 quam-

594 1853 718 1908 dam
749 1854 1073 1908 sacramenti
1105 1854 1373 1917 amisisse,
1398 1868 1504 1908 non
1529 1855 1594 1908 ad
1618 1854 1743 1908 vita:
1769 1852 1928 1907 bona:
1960 1854 2234 1918 meritum,

593 1924 690 1979 sed
721 1924 788 1979 ad
820 1924 1187 1980 ordinationis
1231 1924 1620 1979 ecclesiastica:
1667 1922 2006 1992 signaculum
2046 1936 2239 1978 neces-

592 1996 810 2049 sariam.
837 2013 865 2046 »
897 1994 1000 2050 Sed
1035 1996 1161 2050 hinc
1191 1994 1258 2050 ad
1288 1996 1632 2050 Ambrosium
1664 2000 2019 2049 revertamur.

662 2067 796 2119 XIV.
838 2066 935 2120 Ille
973 2080 1103 2121 vero
1142 2066 1221 2120 sic
1253 2067 1414 2120 etiam
1444 2065 1676 2120 subinde
1709 2065 1961 2133 protinus
1989 2065 2236 2120 interro-

590 2141 681 2209 gat
707 2155 728 2209 :_
748 2156 772 2185 α
795 2137 1081 2209 Quomodo
1107 2144 1287 2209 autem
1321 2142 1502 2209 potest
1531 2136 1782 2209 hortator
1810 2148 1930 2209 esse
1956 2135 2235 2209 viduitatis

590 2204 684 2274 Qui
713 2207 832 2276 ipse
862 2208 1116 2277 conjugia
1147 2204 1577 2275 frequentaverit
1598 2212 1668 2277 2η
1710 2204 1864 2271 Quod
1897 2205 2117 2277 quidem
2149 2221 2231 2260 ar-

588 2277 832 2345 gumenti
881 2275 1053 2347 genus
1103 2278 1317 2331 tametsi
1368 2277 1593 2345 proprie
1624 2276 1692 2330 ab
1730 2275 2019 2347 Ambrosio
2048 2277 2104 2347 in
2136 2290 2233 2331 eos

588 2347 857 2418 dirigatur
877 2346 970 2417 qui
992 2362 1021 2401 a
1044 2349 1235 2415 primis
1264 2349 1471 2415 nuptiis
1499 2347 1567 2401 ad
1598 2346 1869 2401 secundas
1889 2346 2227 2418 transierint,

587 2415 910 2486 quibusque
949 2425 1241 2487 propterea
1298 2418 1573 2485 promotio
1618 2430 1833 2471 sacrum
1862 2415 1930 2487 ad
1978 2417 2229 2472 ordinem

585 2488 908 2557 negabatur,
952 2486 1070 2542 non
1118 2490 1393 2542 immerito
1425 2495 1604 2542 tamen
1635 2501 1666 2541 a
1697 2486 1989 2540 catholicis
2037 2487 2234 2543 docto--

585 2558 741 2612 ribus
760 2558 1061 2613 secundum
1080 2559 1491 2627 proportionem
1515 2557 1961 2627 accommodatur
1976 2557 2044 2611 iis
2066 2559 2229 2613 etiam

584 2628 851 2683 ministris
876 2630 969 2697 qui
1002 2635 1126 2698 post
1154 2626 1362 2685 sacram
1393 2629 1797 2685 ordinationem
1829 2626 2011 2683 ofﬁcio
2040 2631 2231 2696 conju-

583 2699 692 2768 gali
752 2713 975 2768 operam
1024 2700 1236 2754 darent.
1292 2700 1649 2754 Bellarminus
1704 2700 2026 2754 nominatim
2083 2699 2227 2755 libro

583 2770 791 2839 pariter
821 2771 996 2839 primo
1036 2772 1113 2825 De
1139 2770 1361 2833 clericis,
1395 2772 1574 2839 capite
1612 2769 1693 2833 19,
1724 2770 1871 2823 varia
1902 2782 2228 2826 enumerans

580 2841 973 2909 impedimenta
1030 2855 1153 2909 qua:
1213 2842 1499 2909 coniugale
1557 2839 1797 2895 ofﬁcium
1845 2839 2226 2896 sacerdotibus

580 2911 815 2979 aliisque
862 2913 1092 2965 sacratis
1139 2911 1454 2965 hominibus
1498 2911 1737 2972 afferret,
1780 2910 1834 2963 id
1881 2910 2040 2963 etiam
2081 2925 2222 2966 enu-

2322 1782 2587 1849 Apostolo
2637 1783 2839 1837 ibidem
2890 1784 3164 1852 objectum
3215 1782 3449 1851 legitur:
3486 1782 3672 1836 Domni
3699 1798 3814 1838 sua
3841 1783 3958 1838 bene

2314 1867 2562 1922 praesse,
2584 1853 2722 1922 ﬁlios
2745 1853 3014 1908 habentem
3041 1853 3275 1907 subditos
3303 1868 3419 1906 cum
3438 1855 3579 1906 omni
3595 1854 3863 1916 castitate,
3882 1858 3956 1909 sic

2320 1923 2481 1977 etiam
2514 1924 2695 1993 inquit
2725 1944 2737 1978 :
2770 1943 2797 1974 «
2826 1925 3015 1979 Domni
3047 1938 3160 1978 suae
3192 1924 3331 1978 bene
3362 1938 3599 1992 praeesse
3631 1932 3837 1992 potest,
3868 1926 3953 1994 qui

2319 1994 2571 2062 corporis
2599 1995 2684 2048 sui
2714 1995 3011 2049 servaverit
3039 1995 3363 2049 castitatem.
3393 1995 3605 2057 Domni,
3630 1995 3835 2064 inquit,
3858 1997 3954 2051 hoc

2318 2070 2421 2129 est,
2444 2065 2666 2133 corpori
2697 2080 2797 2120 suo
2828 2065 2920 2119 tali
2946 2067 3070 2135 jure
3101 2065 3434 2129 dominetur,
3462 2071 3522 2119 ut
3549 2078 3661 2119 non
3692 2067 3954 2122 subdatur

2317 2136 2491 2203 ipsius
2537 2136 2825 2201 voluntati,
2876 2150 2945 2191 ne
3003 2136 3281 2192 desiderio
3337 2136 3567 2190 luxuriae
3621 2136 3849 2191 deditus
3901 2140 3950 2192 in

2317 2206 2681 2274 praecipitium
2723 2208 3090 2276 demergatur,
3131 2206 3227 2262 sed
3281 2208 3464 2274 potius
3493 2206 3637 2261 ﬁlios
3664 2221 3772 2262 suo
3799 2210 3953 2262 casti-

2317 2276 2443 2330 tatis
2472 2278 2722 2345 exemplo
2751 2277 2819 2331 ad
2869 2278 3152 2346 pudicitiae
3198 2277 3438 2347 regulam
3477 2277 3698 2331 doceat.
3750 2279 3881 2333 Nam
3908 2280 3952 2334 si

2314 2347 2438 2413 quis
2467 2347 2650 2401 domui
2683 2362 2795 2402 suae
2837 2362 3072 2416 praeesse
3113 2350 3341 2412 nesciat,
3373 2348 3653 2416 quomodo
3694 2350 3952 2404 Ecclesia:

2313 2417 2407 2470 Dei
2442 2417 2778 2487 diligentiam
2819 2418 3145 2473 adhibebit?
3193 2420 3305 2474 lloc
3335 2426 3421 2473 est
3446 2420 3593 2473 enim
3623 2418 3695 2472 de
3725 2434 3842 2487 quo
3868 2436 3953 2474 su-

2313 2488 2500 2555 perius
2528 2488 2801 2543 diximus:
2834 2490 2933 2555 Qui
2965 2489 3152 2544 cordis
3186 2491 3271 2543 sui
3301 2489 3520 2544 domum
3555 2489 3821 2545 excolere
3849 2505 3951 2547 non

2312 2558 2474 2621 valet,
2509 2560 2787 2627 quomodo
2819 2560 3179 2628 plurimorum
3206 2560 3491 2615 adhibebit
3519 2560 3865 2630 diligentiam
3883 2569 3950 2617 ?n

2381 2630 2562 2683 XVIII.
2614 2631 2680 2684 Et
2719 2645 2908 2685 rursus
2945 2630 3001 2684 in
3044 2631 3277 2701 epistola
3306 2631 3372 2685 ad
3408 2630 3710 2686 Eeclesiam
3741 2634 3954 2688 Vercel-

2310 2697 2538 2765 lensem,
2600 2715 2743 2770 quae,
2802 2697 3103 2756 secundum
3170 2702 3466 2756 Romanam
3531 2702 3862 2767 editionem,
3923 2718 3950 2758 ι

2310 2771 2459 2825 Sixto
2488 2785 2625 2839 papa
2660 2772 2873 2841 quinto,
2907 2786 3028 2827 cum
3060 2772 3354 2827 cardinalis
3383 2779 3547 2836 esset,
3582 2774 3947 2838 emendatam.

2309 2848 2364 2914 et
2412 2842 2694 2914 pontiﬁcio
2744 2850 2932 2914 postea
2964 2843 3261 2911 diplomate
3308 2844 3775 2914 commendatam,
3809 2847 3945 2914 vige-

2307 2911 2440 2965 sima
2473 2913 2662 2981 quinta
2701 2920 2786 2967 est
2822 2912 2950 2967 libri
2994 2914 3140 2968 tertii
3172 2913 3556 2982 Epistolarum,
3593 2914 3717 2969 haec
3750 2911 3942 2971 habet:

580 2989 847 3056 merat:_«
869 2981 1054 3056 Tertio
1083 2981 1314 3056 impedit
1340 2979 1650 3056 _eflic_aciam
1694 2979 2130 3056 prmdicationis,
2164 2988 2337 3056 utC«
2387 2979 2517 3038 Haec
2576 2985 2755 3056 posui,
2807 2998 2930 3053 quae
2988 2979 3230 3056 cavenda
3283 2986 3615 3052 acceperim.
3682 2987 3943 3041 Virtutum

579 3049 900 3104 Ambrosius
920 3050 1247 3104 docetlibro
1271 3050 1445 3117 primo
1465 3052 1539 3104 De
1562 3049 1778 3113 ofﬁciis,
1803 3051 1983 3119 capite
2007 3051 2218 3108 ultimo.

579 3119 863 3186 Quomodo
895 3121 1038 3174 enim
1068 3119 1366 3175 efﬁcaciter
1396 3120 1776 3175 exhortabitur
1805 3120 1995 3175 viduas
2025 3130 2079 3177 et
2108 3125 2223 3177 vir-

577 3191 756 3260 gines,
809 3191 904 3259 qui
944 3191 1135 3245 liberis
1174 3197 1441 3261 perpetuo
1480 3205 1702 3260 operam
1742 3191 1922 3245 dat?»
1963 3192 2224 3249 Similiter

578 3262 739 3316 etiam
788 3262 1085 3332 Gregorius
1129 3261 1197 3316 de
1242 3262 1486 3316 Valentia
1533 3263 1588 3315 in
1639 3261 1781 3316 libro
1829 3263 1903 3316 De
1943 3263 2219 3328 caelibatu,

577 3332 757 3401 capite
787 3330 858 3386 5:
888 3330 915 3380 εἰ
935 3332 1127 3387 Obstat
1157 3332 1286 3387 item
1322 3332 1679 3403 (matrimonii
1712 3332 1866 3401 usus)
1902 3332 2085 3389 ofﬁcio
2124 3335 2220 3390 do-

577 3403 740 3474 cendi
771 3409 827 3457 et
857 3403 1204 3458 exhortandi.
1227 3405 1358 3457 Nam
1386 3405 1479 3473 qui
1514 3403 1913 3458 consuetudine
1944 3405 2219 3474 conjugali

573 3473 887 3542 implicatus
907 3481 1009 3537 est,
1034 3487 1145 3529 non
1178 3481 1359 3543 potest
1388 3482 1537 3529 certe
1571 3489 1692 3529 cum
1723 3475 1856 3528 satis
1884 3488 2078 3545 magna
2107 3473 2220 3530 efﬁ-

573 3545 725 3599 cacia
772 3552 828 3599 et
874 3546 1200 3600 auctoritate
1247 3546 1487 3615 virgines
1519 3551 1574 3600 et
1618 3545 1827 3610 viduas,
1871 3551 1926 3598 et
1972 3546 2111 3600 alios
2148 3547 2216 3602 de

573 3615 801 3684 populo,
834 3616 928 3684 qui
960 3616 1199 3670 nondum
1231 3617 1579 3671 matrimonio
1603 3616 1779 3683 juncti
1810 3621 1957 3680 sunt,
1989 3617 2056 3670 ad
2088 3630 2217 3671 con-

572 3686 858 3740 tinentiam
897 3686 1199 3750 adhortari,
1234 3694 1294 3740 ut
1322 3687 1480 3741 divus
1506 3686 1827 3740 Ambrosius
1856 3685 1998 3741 libro
2038 3687 2214 3755 primo

569 3758 646 3811 De
676 3756 895 3818 ofﬁciis,
928 3757 1105 3824 capite
1138 3757 1329 3810 ultimo
1360 3756 1661 3811 adnotavit.
1697 3775 1725 3807 »

642 3828 750 3880 XV.
801 3827 931 3896 Quae
981 3827 1228 3894 proxime
1267 3827 1679 3896 subsequuntur
1708 3826 1910 3881 ibidem
1939 3827 2212 3883 Ambrosii

568 3897 755 3959 verba,
791 3894 980 3949 eadem
1022 3910 1153 3951 sane
1195 3894 1627 3953 commonstrant
1656 3912 1819 3966 quam
1849 3898 2049 3952 rationi
2081 3913 2213 3954 con-

569 3972 911 4029 sentaneum,
962 3967 1262 4034 quinetiam
1306 3970 1673 4023 necessarium
1716 3968 1806 4023 ille
1846 3970 2123 4023 censuerit
2152 3975 2213 4025 ut

568 4036 711 4090 sacri
750 4036 986 4090 ministri
1027 4043 1151 4105 post
1178 4051 1383 4091 sacram
1417 4038 1819 4093 ordinationem
1849 4039 1917 4093 ab
1948 4053 2048 4094 usu
2079 4054 2212 4096 con-

563 4107 703 4176 jugii
722 4107 986 4179 deinceps
1005 4106 1062 4161 in
1086 4114 1411 4176 perpetuum
1437 4109 1797 4173 abstinerent,
1819 4110 1866 4163 si
1896 4108 2036 4165 forte
2059 4112 2211 4179 prius

567 4178 907 4247 nupsissent,
936 4185 1099 4247 atque
1130 4193 1281 4249 suam
1319 4179 1424 4233 sibi
1464 4193 1688 4234 uxorem
1728 4179 1908 4249 adhuc
1945 4178 2210 4249 supersti-

566 4255 676 4303 tem
707 4249 992 4305 haberent.
1030 4248 1391 4320 «juoﬂ‘ensum
1419 4254 1589 4304 autem
1622 4248 2206 4320 (inquit)7exhibendum

2305 3059 2483 3124 autem
2525 3055 2783 3123 magister
2809 3054 3105 3124 Apostolus
3140 3060 3243 3118 est,
3277 3056 3371 3123 qui
3402 3069 3525 3109 cum
3557 3058 3832 3123 patientia
3861 3072 3943 3112 re-

2303 3122 2653 3193 darguendos
2688 3122 2884 3180 doceat
2921 3122 3386 3185 contradicentes.
3418 3126 3513 3194 qui
3554 3122 3726 3181 unius
3766 3132 3941 3183 uxoris

2300 3194 2473 3248 virum
2523 3196 2810 3263 praecipiat
2845 3209 2989 3263 esse,
3039 3209 3147 3250 non
3197 3209 3309 3264 quo
3359 3203 3637 3252 extorrem
3694 3200 3939 3254 excludat

2300 3266 2563 3335 conjugii;
2598 3280 2721 3320 nam
2750 3266 2857 3321 hoc
2902 3280 3067 3335 supra
3098 3266 3268 3336 legem
3318 3268 3581 3336 praecepti
3612 3275 3721 3334 est,
3764 3271 3860 3325 sed
3889 3278 3939 3323 ut

2300 3337 2574 3409 conjugali
2617 3337 2939 3392 castimonia
2982 3344 3163 3393 servet
3190 3338 3490 3409 ablutionis
3517 3352 3636 3393 suae
3674 3343 3933 3409 gratiam;

2298 3420 2461 3479 neque
2504 3408 2692 3461 iterum
2728 3414 2784 3463 ut
2824 3409 2963 3476 ﬁlios
3007 3409 3073 3479 in
3104 3408 3401 3463 sacerdotio
3438 3423 3624 3463 creare
3652 3408 3938 3479 apostolica

2296 3476 2540 3550 invitetur
2584 3479 2914 3533 auctoritate.
2967 3478 3257 3533 Habentem
3294 3481 3428 3534 enim
3465 3480 3608 3533 dixit
3648 3476 3813 3550 ﬁlios,
3844 3497 3935 3536 ne:

2294 3547 2593 3614 facientem,
2626 3562 2804 3617 neque
2843 3550 3156 3618 conjugium
3198 3551 3419 3605 iterare.
3459 3551 3616 3617 Quod
3649 3547 3797 3608 ideo
3834 3567 3935 3607 non

2298 3620 2644 3690 prietermisi,
2677 3620 2804 3688 quia
2853 3620 3103 3689 plerique
3135 3622 3208 3674 ita
3246 3629 3741 3690 argumentantur:
3779 3626 3936 3679 Unius

2296 3689 2484 3763 uxoris
2512 3691 2687 3763 virum
2723 3690 2859 3763 dici_
2884 3699 3008 3763 post
3050 3689 3376 3759 baptismum
3425 3691 3651 3763 habitae,
3684 3708 3757 3749 eo
3797 3694 3933 3763 quod

2293 3756 2565 3834 baptismo
2596 3761 2783 3834 vitium
2813 3756 3181 3834 sit'abluturh,
3224 3776 3336 3831 quo
3381 3762 3718 3819 atterebatur
3765 3756 3937 3834 impe-

2294 3828 2615 3902 dimentum.
2668 3832 2733 3885 Et
2775 3832 2903 3885 vitia
2932 3831 3155 3901 quidem
3192 3828 3356 3902 atque
3397 3843 3621 3901 peccata
3651 3828 3936 3891 diluuntur

2293 3901 2509 3975 omnia,
2529 3909 2590 3956 ut
2617 3902 2662 3955 si
2705 3903 2831 3971 quis
2856 3901 3328 3975 deontaminaverit
3373 3918 3528 3958 suum
3567 3919 3782 3975 corpus
3817 3922 3931 3962 cum
4028 3916 4029 3939 π

2293 3970 2560 4045 plurimis,
2594 3970 2748 4045 quas:
2776 3972 2923 4027 nulla
2953 3973 3193 4045 coniugii
3222 3974 3355 4045 lege
3392 3970 3709 4040 sociaverit,
3743 3982 3930 4033 remit-

2292 4047 2477 4114 tantur
2505 4043 2555 4097 ei
2603 4043 2825 4106 omnia;
2873 4043 2971 4098 sed
3010 4044 3264 4114 conjugia
3297 4043 3425 4100 “non
3472 4046 3849 4109 resolvuntur,
3886 4048 3929 4101 si

2291 4112 2416 4179 quis
2458 4114 2755 4169 iteraverit.
2788 4114 2957 4183 Culpa
3005 4116 3148 4170 enim
3185 4112 3433 4181 'lavacro,
3465 4131 3578 4172 non
3616 4117 3731 4182 lex,
3762 4118 3924 4174 solvi-

2291 4187 2399 4256 tur.
2450 4184 2608 4239 Nulla
2655 4186 2800 4240 enim
2849 4185 3008 4253 culpa
3054 4187 3317 4256 conjugii,
3366 4186 3461 4242 sed
3501 4187 3589 4242 lex
3627 4196 3735 4243 est.
3778 4188 3926 4256 Quod

2290 4251 2427 4323 legis
2483 4261 2568 4309 est
2623 4256 2810 4328 igitur,
2865 4251 2976 4328 non
3033 4251 3332 4312 remittitur
3364 4259 3539 4328 quasi
3595 4251 3926 4328 culpafsed

566 4334 679 4411 esse
727 4325 779 4401 et
822 4318 1209 4411 immaculatum
1256 4318 1752 4411 minista‘iumf‘nec
1796 4318 1901 4375 ulto
1944 4318 2509 4411 conjugaliDgenetur
2545 4318 2701 4411 qeasi
2742 4318 2848 4407 lex.
2876 4327 3028 4407 .ldeo
3058 4318 3445 4409 _et_Apostoltis
3478 4329 3665 4410 _legem
3693 4318 3922 4411 'posuit,

564 4390 703 4444 coitu
730 4389 1025 4461 violandum
1050 4391 1385 4461 cognoscitis,
1419 4392 1506 4461 qui
1533 4392 1732 4460 integro
1764 4405 2001 4461 corpore,
2030 4389 2204 4447 incor-

561 4465 713 4530 rupto
747 4457 1347 4532 pudore,_'alienietiam
1376 4457 1443 4515 αὖ
1471 4463 1586 4532 ipso
1629 4457 1889 4517 consortio
1915 4457 2199 4531 conjugali,

560 4531 706 4602 sacri
739 4530 1031 4602 ministerii,
1050 4531 1276 4599 gratiam
1311 4530 1597 4602 recepistis.
1629 4532 1783 4598 Quod
1814 4546 1880 4587 eo
1911 4530 2018 4588 non
2053 4530 2201 4602 pree-

559 4600 705 4666 terii,
739 4602 867 4671 quia
897 4602 951 4655 in
983 4601 1260 4671 plerisque
1289 4600 1655 4658 abditioribus
1683 4603 1822 4658 locis
1851 4617 1973 4657 cum
2004 4600 2198 4659 minis-

558 4672 757 4727 terium
806 4678 1064 4742 gererent
1099 4672 1182 4726 vel
1221 4672 1383 4726 etiam
1414 4674 1804 4738 sacerdotium,
1836 4673 1979 4729 ﬁlios
2014 4689 2200 4731 susce-

557 4748 759 4811 perunt
787 4762 799 4796 :
833 4742 972 4813 etid
1004 4749 1260 4812 tanquam
1290 4744 1590 4813 usuveteri
1621 4742 1942 4810 defendunt,
1975 4746 2197 4813 quando

556 4827 658 4882 per
686 4812 967 4867 intervalla
1017 4813 1226 4867 dierum
1266 4812 1593 4869 sacriﬁcium
1632 4812 2005 4880 deferebatur,
2033 4822 2089 4870 et
2118 4823 2198 4871 ta-

554 4896 679 4939 men
711 4882 1123 4953 castiticabatur
1142 4884 1302 4937 etiam
1336 4884 1571 4953 populus
1595 4899 1694 4953 per
1724 4885 1948 4940 biduum
1977 4897 2071 4940 aut
2101 4887 2197 4941 tri-

554 4954 742 5020 duum,
766 4961 825 5009 ut
854 4953 921 5007 ad
952 4952 1284 5008 sacriﬁcium
1317 4952 1485 5021 purus
1512 4952 1820 5020 accederet,
1846 4962 1905 5010 ut
1936 4957 1989 5010 in
2012 4958 2193 5013 Veteri

552 5026 899 5079 Testamento
919 5024 1169 5094 legimus.
1194 5026 1263 5079 Et
1285 5022 1497 5079 lavabat
1516 5026 1815 5080 vestimenta
1833 5041 1951 5081 sua.
1972 5045 2000 5077 »
2022 5029 2192 5094 Quem

550 5102 731 5151 tamen
755 5102 1076 5165 praetextum
1101 5095 1203 5149 hac
1222 5094 1541 5150 Ambrosius
1562 5095 1711 5150 illico
1730 5095 1930 5151 refellit
1947 5099 2188 5154 ratione:

555 5185 581 5214 α
612 5166 667 5221 Si
700 5167 755 5221 in
806 5166 976 5236 ﬁgura
1016 5172 1164 5220 tanta
1199 5166 1566 5231 observantia,
1604 5174 1804 5235 quanta
1836 5168 1891 5221 in
1920 5169 2192 5224 veritate?

548 5236 727 5303 Disce,
761 5237 1021 5293 sacerdos
1066 5245 1231 5305 atque
1281 5237 1484 5303 Levita,
1519 5237 1651 5305 quid
1700 5238 1772 5291 sit
1811 5237 1989 5293 lavare
2027 5241 2191 5294 vesti-

547 5315 731 5362 menta
760 5314 873 5373 tua,
907 5314 967 5363 ut
1009 5307 1268 5363 mundum
1308 5321 1510 5377 corpus
1547 5307 1893 5363 celebrandis
1929 5309 2189 5366 exhibeas

545 5380 921 5434 sacramentis.
946 5379 999 5434 Si
1034 5378 1271 5448 populus
1299 5378 1418 5433 sine
1439 5378 1720 5433 ablutione
1742 5379 2186 5437 vestimentorum

546 5460 769 5504 suorum
800 5449 1197 5520 prohibebatur
1213 5449 1419 5519 (Exod.
1442 5448 1548 5520 xxx)
1578 5449 1844 5506 accedere
1862 5450 1931 5505 ad
1953 5451 2186 5508 hostiam

544 5530 719 5585 suam,
750 5527 809 5574 tu
856 5518 1045 5574 illotus
1074 5518 1257 5575 mente
1288 5520 1497 5590 pariter
1524 5518 1581 5576 et
1608 5533 1845 5591 corpore
1883 5521 2054 5578 audes
2082 5536 2184 5593 pro

2286 4393 2478 4467 dicens
2512 4393 2641 4467 :V‘Si
2686 4397 2799 4467 quis
2839 4397 2952 4450 sine
2991 4393 3209 4451 crimine
3250 4406 3347 4464 est,
3396 4393 3572 4453 unius'
3596 4393 3792 4455 uxor-is
3830 4404 3919 4456 uir.

2284 4466 2427 4535 Ergo
2464 4466 2559 4535 qui
2597 4466 2717 4521 sine
2756 4468 2985 4522 crimine
3015 4476 3119 4533 est,
3153 4470 3313 4524 unius
3343 4472 3530 4525 uxoris
3557 4471 3661 4535 vir,
3708 4478 3924 4527 tenetur

2282 4535 2351 4609 ad
2399 4536 2572 4606 legem
2601 4538 2875 4593 sacerdoti
2913 4539 3285 4607 suscipiendi;
3336 4542 3431 4609 qui
3468 4546 3652 4596 autem
3692 4544 3922 4598 iterave-

2283 4607 2356 4659 rit
2383 4609 2721 4682 conjuginm,
2767 4608 2980 4682 culpam
3030 4610 3250 4682 quidem
3300 4607 3411 4666 non
3457 4612 3627 4667 habet
3669 4614 3921 4682 coinqui-

2283 4677 2418 4753 nati,
2442 4678 2537 4732 sed
2562 4680 2920 4753 praerogativa
2931 4677 3161 4753 exuitur
3177 4682 3502 4753 sacerdotis.
3525 4684 3779 4738 Diximus
3797 4677 3916 4753 quid

2281 4746 2418 4816 legis
2447 4754 2531 4803 est
2551 4746 2575 4815 ;’
2595 4746 3029 4822 dicamusdetiam
3061 4751 3195 4820 quid
3224 4754 3474 4808 rationis.
3507 4753 3614 4809 Sed
3644 4746 3918 4822 prius'co-

2278 4832 2605 4894 gnoscamus
2635 4834 2742 4875 non
2774 4820 2952 4894 solum
2982 4820 3088 4894 hoc
3117 4823 3438 4894 Apostolum
3467 4824 3538 4879 de
3567 4820 3843 4894 episcopo
3864 4830 3911 4878 et

2278 4891 2602 4960 presbytero
2634 4892 2911 4957 statuisse,
2943 4891 3038 4945 sed
3073 4893 3235 4947 etiam
3266 4895 3453 4949 Patres
3498 4896 3553 4948 in
3585 4891 3803 4950 mare
3832 4895 3914 4949 .Yi.

2277 4962 2408 5036 caeni
2440 4963 2686 5015 Tractatu
2713 4961 3015 5036 addidisse,
3048 4976 3227 5036 neque
3274 4965 3532 5036 clericum
3582 4979 3911 5036 quemquam

2276 5029 2479 5104 debere
2509 5045 2630 5104 esse
2680 5033 2772 5101 qui
2811 5033 3053 5104 secunda
3092 5029 3346 5104 conjugia
3378 5029 3617 5090 sortitus
3637 5037 3731 5092 sit.
3765 5029 3911 5103 Quo-

2275 5100 2438 5156 modo
2469 5102 2611 5156 enim
2635 5100 2818 5171 potest
2836 5102 3111 5158 consolari
3131 5100 3367 5167 viduam,
3394 5107 3689 5172 honorare,
3715 5100 3910 5163 cohor-

2273 5172 2378 5225 tari
2416 5172 2483 5226 ad
2515 5173 2927 5229 custodiendam
2970 5173 3309 5240 viduitatem,
3343 5176 3663 5231 servandam
3718 5179 3907 5233 marite

2273 5242 2454 5325 ﬁdem,
2486 5257 2646 5325 quam
2666 5245 2798 5325 ipse
2840 5244 3011 5325 priori
3050 5247 3307 5325 conjugio
3355 5260 3463 5303 non
3510 5249 3906 5325 reservaverit.’

2268 5313 2550 5385 Autuquid
2601 5316 2893 5371 interesset
2938 5315 3086 5369 inter
3132 5313 3391 5385 populum
3438 5324 3494 5373 et
3541 5319 3905 5379 sacerdotem,

2269 5382 2316 5437 si
2368 5383 2561 5458 iisdem
2610 5386 3007 5458 astringeretur
3052 5382 3268 5455 legibus
3297 5395 3321 5442 ?
3367 5390 3540 5445 Debet
3578 5389 3907 5458 praeponde-

2269 5467 2390 5529 rare
2419 5454 2525 5529 vita
2556 5454 2881 5529 sacerdotis,
2907 5456 3051 5529 sicut
3087 5454 3486 5529 praeponderat
3531 5454 3730 5529 gratia.
3773 5460 3903 5513 Nam

2267 5524 2362 5595 qui
2408 5524 2549 5582 alios
2596 5527 2891 5598 praeceptis
2922 5525 3037 5582 suis
3084 5524 3236 5597 ligat,
3286 5530 3455 5587 debet
3498 5524 3618 5601 ipse
3664 5529 3915 5601 legitima
