4056 6150
120 364 210 418 977

881 364 930 418 J.
975 364 1033 419 P.
1074 363 1427 421 PURICELLI
1465 364 1763 424 DISSERT.
1802 368 1890 424 DE
1927 369 2374 425 CONTINENTIA
2408 370 2668 425 CLERIC.

3355 375 3465 430 978

119 490 378 569 precepts
408 487 466 542 in
500 500 560 568 se
586 486 890 569 custodire.
923 506 953 540 »
993 490 1270 545 Hactenus
1305 489 1363 545 in
1411 505 1475 547 ea
1522 496 1745 548 sanctus
1762 498 1815 556 Α
1835 491 2178 569 hebdomada
2202 494 2359 569 ;_etsi_
2384 506 2495 549 non
2542 493 2724 569 desint
2759 494 2875 569 qui
2895 493 3010 551 fere
3058 496 3306 566 quotidie
3335 499 3466 569 bap-

120 557 424 617 Ambrosius
460 557 716 627 epistola.

183 631 309 685 XIX.
348 629 430 702 Ad
464 629 836 702 precationem
875 643 1021 685 nunc
1052 632 1378 701 progredior
1406 632 1552 687 illam
1575 648 1737 702 quam

118 702 247 757 idem
273 700 594 756 Ambrosius
640 701 868 773 primam
899 700 1266 769 concinnavit,
1299 710 1358 758 ut
1384 700 1737 773 semetipsum

116 773 455 841 reliquosque
480 785 611 826 suos
638 771 957 827 sacerdotes
983 773 1051 827 ad
1082 773 1506 829 celebrationem
1544 771 1736 831 sacro-

113 843 274 899 sancti
325 843 507 897 missae
558 842 811 915 sacriﬁcii
870 851 1239 912 praepararet;
1302 860 1426 914 quae
1492 848 1737 915 precatio

114 914 303 984 legitur
326 914 490 969 etiam
521 926 695 986 prope
726 913 912 986 ﬁnem
936 916 1095 986 tomi
1117 916 1237 984 ejus
1273 913 1506 984 operum
1535 919 1734 986 quinti,

116 986 215 1057 hoc
241 989 343 1057 est,
375 990 501 1057 ante
533 985 764 1057 hymnos
812 984 1006 1053 ipsius.
1036 984 1155 1040 Illic
1202 986 1368 1057 enim,
1400 1001 1510 1042 non
1543 984 1736 1057 procul

110 1057 174 1110 ab
202 1056 380 1121 initio,
414 1055 513 1109 bas
542 1056 671 1109 item
701 1055 769 1110 ad
795 1056 961 1110 Deum
994 1070 1188 1124 preces
1208 1055 1472 1112 fundebat
1504 1079 1516 1112 :
1544 1055 1582 1110 “‹‹
1621 1061 1738 1115 Rex

108 1127 378 1192 virtutum,
411 1127 679 1181 castitatis
708 1132 765 1181 et
794 1126 1121 1196 integritatis
1153 1135 1382 1195 amator,
1422 1130 1584 1195 Deus,
1627 1144 1739 1185 cm~

111 1197 226 1253 lesti
276 1211 403 1252 rore
451 1197 856 1269 benedictionis
901 1204 1009 1252 tua:
1060 1199 1349 1269 exstingue
1397 1199 1453 1254 in
1502 1213 1736 1269 corpore

111 1282 226 1324 meo
250 1273 424 1323 totum
462 1267 706 1323 fomitem
736 1268 1019 1323 ardentem
1057 1267 1324 1333 libidinis,
1357 1278 1418 1325 ut
1445 1267 1660 1326 maneat
1680 1272 1734 1326 in

104 1353 183 1394 me
212 1344 373 1394 tenor
402 1340 573 1394 totius
591 1340 858 1393 castitatis
876 1340 1071 1394 animae
1093 1346 1148 1395 et
1178 1342 1449 1409 corporis.
1472 1342 1735 1397 Mortiﬁca

103 1411 155 1464 in
176 1424 260 1481 me
280 1410 462 1465 carnis
479 1410 751 1474 stimulos,
767 1417 821 1464 et
840 1423 1031 1464 omnes
1048 1410 1296 1466 libidinis
1311 1414 1732 1481 commotiones,

98 1487 153 1535 et
172 1480 240 1535 da
270 1481 402 1535 mihi
422 1494 604 1535 veram
628 1488 683 1535 et
705 1488 1022 1549 perpetuam
1045 1481 1350 1537 castitatem
1372 1497 1495 1538 cum
1517 1480 1737 1540 caeteris

100 1550 261 1605 donis
287 1551 415 1615 tuis,
449 1566 573 1620 qua:
604 1551 703 1606 tibi
736 1552 952 1620 placent
974 1552 1028 1606 in
1049 1554 1297 1618 veritate,
1320 1560 1381 1608 ut
1408 1555 1736 1610 sacriﬁcium

96 1622 273 1676 laudis
302 1629 453 1677 casto
486 1636 721 1691 corpore
752 1628 808 1677 et
838 1623 1042 1677 mundo
1090 1624 1259 1678 corde
1288 1625 1494 1679 valeam
1525 1626 1627 1680 tibi
1657 1625 1737 1681 of-

93 1691 254 1747 ferre.
287 1695 498 1759 Quanta
529 1695 695 1758 enim,
719 1694 947 1748 Domine
975 1695 1103 1748 Jesu
1134 1694 1371 1760 Christe,
1393 1696 1580 1752 cordis
1608 1710 1739 1752 con-

1832 565 2085 636 tizentur
2118 564 2271 633 aegri.
2315 565 2448 618 Nam
2488 565 2775 636 veteribus
2822 565 2948 622 ideo
2995 564 3316 623 concessum
3357 564 3461 636 est,

1820 635 1949 702 quia
1980 634 2150 689 multo
2185 643 2433 706 tempore
2469 635 2537 706 in
2593 635 2799 704 templo
2847 649 2956 691 non
2986 637 3333 706 videbantur,
3364 634 3462 696 sed

1821 711 1978 759 erant
2025 705 2240 773 privati.
2286 706 2341 759 Si
2389 705 2534 760 enim
2584 706 2816 775 plebeiis
2853 707 3167 764 hominibus
3196 705 3465 766 orationis

1819 789 1985 831 causa
2010 775 2078 829 ad
2102 783 2317 847 tempus
2334 776 2610 847 abstinere
2630 791 2689 831 se
2712 778 2963 846 praecipit
2984 779 3223 847 (sanctus
3241 781 3461 847 Paulus,

1820 847 2010 915 prima;
2048 846 2117 900 ad
2138 846 2481 918 Corinthios,
2522 848 2701 915 capite
2722 848 2824 917 vn)
2869 855 2929 903 ut
2970 846 3162 904 vacent
3201 846 3460 918 orationi,

1819 923 2026 986 quanto
2059 918 2228 986 magis
2259 917 2438 988 levitis
2467 923 2561 971 aut
2588 917 2969 973 sacerdotibus
2992 934 3133 988 quos
3161 920 3250 976 die
3273 917 3465 978 noctu-

1819 1001 1926 1056 que
1959 1001 2057 1055 pro
2101 988 2262 1056 plebe
2300 986 2405 1040 sibi
2435 988 2724 1043 commissa
2745 994 2965 1057 oportet
2992 986 3150 1045 orare
3169 997 3193 1045 ἱ)
3221 993 3467 1049 Mnndio-

1819 1072 1910 1113 res
1930 1071 2060 1126 ergo
2081 1071 2201 1112 esse
2227 1058 2432 1112 debent
2453 1058 2689 1124 caeteris,
2724 1060 2852 1127 quia
2877 1066 3094 1115 actores
3116 1068 3244 1116 sunt
3270 1064 3386 1118 Dei.
3432 1083 3460 1115 »

1889 1129 2025 1183 XXI.
2070 1129 2197 1183 Haec
2235 1128 2614 1183 sanctissimus
2658 1131 2889 1184 antistes
2918 1138 3108 1187 noster
3138 1134 3460 1190 Ambrosius

1820 1197 1880 1253 in
1911 1199 1980 1253 iis
2008 1199 2450 1264 commentariis;
2500 1199 2548 1253 si
2596 1205 2776 1255 tamen
2822 1200 2941 1269 ipse
2989 1216 3048 1256 re
3084 1217 3211 1258 vera
3239 1203 3459 1260 illorum

1818 1276 1902 1324 est
1930 1276 2140 1324 auctor.
2173 1269 2449 1324 Robertus
2494 1282 2625 1325 sane
2674 1271 2969 1327 cardinalis
3008 1273 3367 1330 Bellarminus
3399 1276 3456 1330 id

1819 1347 2120 1413 proicerto
2170 1346 2226 1413 et
2272 1339 2584 1413 indubitate
2629 1342 2920 1411 supposuit
2967 1342 3109 1398 libro
3156 1346 3332 1413 primo
3381 1349 3459 1401 De

1818 1409 2040 1476 clericis,
2073 1411 2251 1483 capite
2289 1410 2371 1476 19,
2404 1414 2428 1475 §
2465 1409 2789 1477 Ambrosius,
2821 1427 2943 1483 cum
2973 1409 3314 1483 superiorem
3334 1416 3459 1471 illo-

1818 1495 1938 1535 rum
1969 1487 2173 1536 textum
2204 1482 2477 1553 innueret,
2527 1487 2583 1536 et
2630 1483 2809 1551 capite
2856 1482 2945 1550 20,
2986 1488 3009 1549 §
3046 1482 3197 1551 Quod
3243 1492 3455 1553 autem;

1818 1559 2188 1627 secusautem
2213 1550 2460 1627 profecto
2509 1550 2782 1627 sensit’in
2828 1550 3092 1627 libroAD’e
3118 1550 3460 1627 scriptoﬁbus

1818 1621 2203 1677 ecclesiasticis.
2238 1624 2312 1677 De
2343 1629 2534 1678 sancto
2569 1624 2715 1678 enim
2746 1625 3036 1681 Ambrosio
3066 1621 3460 1683 Mediolanensi

1818 1694 1887 1747 ad
1913 1706 2112 1748 annum
2137 1691 2245 1767 374
2265 1707 2452 1767 agens,
2475 1694 2588 1767 sive
2610 1695 3048 1751 observationem
3066 1697 3123 1751 in
3146 1700 3265 1767 ejus
3290 1711 3460 1767 opera

96 1763 320 1818 tritione
368 1769 423 1818 et
468 1764 827 1833 lacrymarum
876 1763 1048 1829 fonte,
1085 1772 1287 1834 quanta
1334 1768 1641 1822 reverentia
1680 1773 1798 1836 et“
1822 1771 2141 1829 contexens,
2174 1765 2267 1836 ita,
2296 1764 2662 1819 concludebat
2695 1785 2707 1820 :
2742 1779 2772 1818 ‹‹
2812 1766 2871 1820 In
2919 1767 3114 1836 quinto
3154 1763 3303 1823 tomo
3329 1763 3463 1823 sunt

93 1814 355 1907 magis,
372 1814 607 1907 ῖάιιέιῑιῑῖ
620 1814 1287 1907 ἐδξιῑδξίέέέέίίιξῐεῖῑ
1301 1814 1482 1893 nisi
1496 1814 1736 1907 animi;
1753 1814 1801 1870 Β
1822 1814 1951 1890 con
1960 1814 2321 1907 ῑτῑέιῑίάτξῖίιί
2335 1814 3465 1907 assignantesinﬂammata;

89 1904 237 1959 istud
269 1905 513 1961 divinum
537 1912 593 1960 et
620 1906 844 1961 caeleste
865 1906 1193 1961 sacriﬁcium
1216 1913 1301 1962 est
1321 1904 1732 1975 celebrandum,

91 1975 199 2049 ubi
216 1988 366 2049 caro
381 1983 472 2049 tua
503 1976 560 2031 in
597 1978 826 2049 veritate
857 1977 1111 2041 sumitur,
1144 1978 1236 2033 ubi
1268 1979 1491 2049 sanguis
1521 1985 1648 2035 tuus
1676 1981 1733 2035 in

85 2047 326 2131 veritate
340 2047 581 2131 .bibitur‘,
604 2047 697 2102 ubi
727 2062 935 2131 summa
956 2049 1081 2103 imis
1104 2047 1430 2131 junguntur,
1454 2050 1547 2131 ubi
1578 2051 1735 2131 adest

88 2117 388 2184 praesentia
413 2125 728 2174 sanctorum
766 2117 1115 2188 angelorum,
1139 2117 1231 2175 ubi
1273 2127 1332 2175 tu
1377 2135 1437 2175 es
1464 2122 1734 2177 Sacerdos

88 2194 141 2241 et
169 2188 513 2243 Sacriﬁcium
545 2189 870 2245 mirabiliter
897 2197 953 2245 et
980 2190 1332 2246 ineﬁ‘abiliter
1360 2192 1727 2247 constitutus!

82 2257 215 2322 Quis
246 2259 416 2329 digne
443 2260 548 2315 hoc
578 2260 859 2315 celebrare
892 2262 1115 2329 poterit,
1138 2263 1244 2316 nisi
1275 2268 1357 2326 tu,
1389 2262 1534 2318 Deus
1561 2263 1734 2319 omni-

82 2328 329 2397 potens,
351 2329 670 2385 oﬁ‘erentem
698 2328 903 2385 feceris
934 2331 1201 2399 dignum?
1242 2352 1267 2379 ι»

144 2400 266 2454 XX.
315 2401 658 2471 Postremum
704 2400 866 2454 nobis
921 2413 1069 2471 nunc
1116 2406 1201 2455 est
1249 2405 1311 2455 ut
1357 2402 1415 2455 in
1463 2402 1732 2471 ejusdem,

76 2482 243 2536 quam
310 2469 718 2534 contendimus,
776 2470 1022 2524 veritatis
1079 2470 1455 2526 testimonium
1495 2469 1733 2528 veniant

77 2539 247 2593 etiam
302 2541 695 2612 commentaria
744 2539 1124 2612 iniEpistolas
1170 2543 1346 2597 sancti
1394 2543 1566 2607 Pauli,
1607 2558 1731 2612 quae

74 2610 441 2683 communius
469 2619 662 2666 sancto
711 2611 1001 2666 Ambrosio
1031 2612 1231 2667 ascribi
1263 2612 1465 2677 solent,
1496 2610 1731 2683 quaeque

73 2680 126 2733 in
158 2694 229 2734 ea
263 2680 458 2745 etiam,
488 2695 650 2749 quam
699 2696 864 2751 supra
902 2683 1290 2749 memorabam,
1340 2680 1584 2739 editione
1623 2680 1732 2740 Ro-

72 2764 234 2805 mana
268 2756 332 2805 et
375 2751 736 2807 emendatiori
768 2753 1030 2821 legitimis
1062 2753 1183 2823 ejus
1225 2755 1488 2823 operibus
1525 2769 1732 2811 connu-

71 2827 388 2892 merantur.
449 2823 508 2875 in
557 2823 951 2879 commentario
995 2826 1139 2878 enim
1189 2826 1380 2892 primae
1430 2825 1498 2880 ad
1552 2827 1733 2882 Timo-

70 2891 265 2966 theum
310 2892 595 2960 Epistolie,
626 2892 695 2966 ad
745 2907 809 2947 ea
855 2894 1052 2966 capitis
1082 2895 1231 2950 tertii
1270 2895 1436 2950 verba
1470 2916 1483 2951 :
1517 2897 1733 2966 Oportet

70 2962 384 3032 episcopum
411 2977 525 3034 esse
552 2963 708 3034 unius
736 2962 1140 3028 uxoris’virum,
1173 2966 1248 3019 ita
1296 2980 1525 3034 prorsus
1559 2962 1731 3022 inter-

67 3037 339 3154 gretatur
364 3052 377 3086 :
406 3032 659 3099 Quamvis
693 3034 990 3089 secundam
1011 3049 1239 3091 numero
1270 3032 1492 3091 uxorem
1524 3051 1633 3092 non
1656 3038 1730 3093 sit

104 3101 283 3154 abere
328 3104 687 3154 prohibitum.
729 3113 789 3154 ut
816 3112 996 3154 tamen
1031 3106 1156 3154 aliis
1184 3106 1383 3154 dianus
1412 3107 1479 3154 ad
1513 3109 1722 3154 enisnn-

104 3101 299 3188 abere
323 3104 698 3188 prohibitum,
729 3113 789 3159 ut
816 3112 998 3188 tamen
1031 3106 1156 3175 quis
1184 3106 1383 3176 dignus
1412 3107 1481 3188 ad
1513 3109 1722 3188 episco-
1747 3130 1789 3188 α

62 3180 258 3245 patum
283 3173 384 3239 sit,
406 3174 567 3245 etiam
589 3174 793 3230 licitam
813 3176 981 3231 debet
1000 3173 1282 3245 spernere,
1308 3173 1727 3245 propter'subli-

62 3243 327 3316 mitatem
347 3244 519 3316 ipsius
537 3246 769 3308 ordinis,
793 3247 922 3315 quia
941 3243 1159 3303 caeteris
1178 3243 1374 3303 melior
1393 3243 1560 3304 debet
1580 3264 1722 3316 esse,

60 3314 436 3388 quicupidus
454 3324 538 3371 est
556 3316 705 3372 sedis
734 3314 901 3372 illius.
944 3336 973 3369 »
1008 3320 1072 3373 Et
1098 3319 1378 3388 aliquanto
1410 3326 1535 3388 post
1562 3321 1631 3375 ad
1661 3314 1725 3376 ea

60 3385 237 3460 verba
275 3406 289 3439 :
331 3386 555 3460 Diaconi
580 3389 1077 3460 sinteuniusitkcoris
1106 3385 1225 3455 viri,
1244 3389 1325 3444 sic
1347 3385 1476 3445 item
1499 3405 1724 3460 progre—

61 3454 259 3511 ditur:
296 3474 333 3506 ι(
372 3458 446 3511 Ea
476 3472 599 3526 quae
634 3458 813 3513 minus
859 3459 1074 3514 dixerat
1120 3460 1190 3514 de
1211 3454 1569 3516 ordinatione
1602 3454 1721 3516 dia-

59 3533 351 3599 conatus,
382 3540 528 3583 nunc
573 3529 829 3597 subjecit.
874 3529 1127 3584 Ostendit
1163 3531 1346 3595 etiam,
1378 3531 1531 3599 ipsos
1560 3535 1724 3586 unius

59 3598 262 3652 uxoris
294 3597 452 3654 viros
481 3613 601 3654 esse
644 3599 870 3664 debere,
920 3605 981 3654 ut
1024 3599 1081 3653 hi
1129 3600 1198 3654 ad
1231 3597 1595 3656 ministerium
1629 3602 1722 3656 Dei

54 3666 375 3739 eligantur,
409 3669 502 3738 qni
533 3683 643 3725 non
672 3677 800 3724 sunt
830 3671 1034 3739 egressi
1064 3672 1421 3725 constitutum
1453 3672 1569 3727 Dei.
1605 3673 1723 3726 Ho-

55 3738 197 3792 mini
237 3738 399 3794 enim
432 3754 591 3795 unam
621 3754 847 3796 uxorem
874 3738 1121 3795 decrevit
1151 3742 1311 3805 Dens,
1337 3755 1460 3795 cum
1490 3756 1598 3810 qua
1630 3742 1722 3797 be-

54 3810 409 3874 nedicatur;
468 3825 628 3867 nemo
685 3811 829 3867 enim
887 3825 1009 3865 cum
1065 3811 1306 3866 secunda
1353 3812 1721 3868 benedicitur.

55 3880 161 3951 Qui
236 3881 289 3934 si
362 3880 506 3936 ﬁlios
553 3883 692 3938 bene
760 3882 1165 3951 gubernaverit,
1229 3889 1286 3937 et
1341 3882 1535 3939 domos
1571 3898 1719 3949 suas,

48 3949 107 4024 id
162 3956 259 4024 _est
309 3953 660 4024 vernaculos,
710 3949 804 4024 aut
852 3953 1207 4024 domesticos,
1261 3960 1521 4021 poterunt
1568 3953 1720 4024 digni

52 4020 175 4074 ﬁeri
208 4021 579 4087 sacerdotio,
604 4030 659 4078 et
704 4022 956 4078 ﬁduciam
989 4023 1193 4079 habere
1236 4020 1380 4092 apud
1430 4020 1723 4090 Deumfut

47 4092 242 4146 sciant
272 4106 342 4147 se
377 4107 539 4161 posse
590 4095 906 4162 impetrare,
948 4094 1096 4162 quod
1149 4094 1464 4162 postulant;
1503 4095 1620 4162 jam
1657 4096 1722 4150 de

48 4167 251 4233 etatem
285 4178 351 4217 se
380 4162 449 4217 ab
479 4179 576 4217 usu
591 4165 797 4233 feminae
819 4163 1130 4219 cohibentes.
1154 4165 1444 4220 Veteribus
1472 4166 1614 4221 enim
1641 4166 1722 4221 id-

48 4232 214 4286 circo
248 4232 598 4289 concessum
616 4242 700 4290 est
744 4234 922 4290 levitis
950 4241 1046 4289 aut
1091 4235 1471 4291 sacerdotibus
1518 4250 1720 4292 uxores

41 4302 113 4356 ad
152 4318 332 4358 usum
366 4304 594 4369 habere,
623 4305 752 4374 quia
801 4305 1027 4360 multum
1058 4312 1274 4374 tempus
1302 4307 1417 4362 otio
1455 4307 1719 4363 vacabant

37 4386 70 4426 a
109 4375 468 4439 ministerio,
500 4384 594 4431 aut
622 4376 955 4431 sacerdotio.
988 4376 1278 4432 Multitudo
1311 4379 1454 4433 enim
1488 4386 1606 4432 erat
1635 4392 1719 4433 sa-

1822 1919 1932 1961 non
1968 1906 2272 1960 creduntur
2315 1906 2613 1969 Ambrosii,
2645 1920 2748 1961 nec
2796 1908 2917 1962 sine
2956 1921 3136 1963 causa.
3181 1928 3209 1959 »
3250 1909 3363 1975 Qua
3396 1909 3462 1964 de

1815 1991 1875 2031 re
1908 1976 2121 2031 consuli
2152 1990 2250 2045 per
2276 1989 2362 2031 me
2390 1976 2614 2046 quidem
2645 1984 2876 2046 possunt
2902 1976 3159 2034 Alfonsus
3177 1979 3460 2035 Salmeron

1819 2048 2347 2120 Commentariorum
2395 2061 2620 2120 suorum
2653 2054 2843 2120 tomo
2874 2048 3089 2104 decimo
3138 2051 3323 2115 tertio,
3365 2053 3460 2120 qui

1820 2120 2148 2189 primusest
2177 2117 2233 2171 in
2281 2131 2473 2189 omnes
2519 2117 2663 2172 beati
2694 2118 2867 2185 Pauli,
2897 2126 2952 2174 et
2982 2120 3276 2175 canonicas
3305 2117 3458 2189 Epis-

1818 2185 1964 2243 tolas
1987 2229 2002 2252 ,
2044 2185 2433 2257 libroscilicet
2463 2189 2660 2256 primo,
2694 2189 3065 2257 disputatione
3102 2190 3201 2255 19;
3228 2197 3284 2245 et
3325 2185 3460 2245 Cor-

1815 2258 1998 2313 nelius
2025 2270 2056 2310 a
2081 2256 2285 2325 Lapide
2312 2257 2428 2311 suis
2454 2258 2586 2312 item
2617 2256 3036 2314 Commentariis
3056 2261 3112 2314 in
3133 2274 3325 2315 omnes
3344 2260 3457 2315 divi

1814 2330 1967 2383 Pauli
1993 2327 2286 2396 Epistolas,
2320 2342 2427 2396 qua
2453 2334 2609 2396 parte
2640 2329 2785 2383 inter
2805 2329 3110 2397 primordia
3138 2332 3325 2397 operis
3344 2330 3458 2385 dis-

1814 2400 1949 2454 serit
1969 2399 2038 2470 de
2078 2398 2476 2470 interpretibus
2495 2399 2862 2467 Epistolarum
2873 2400 3048 2454 sancti
3068 2398 3242 2465 Pauli,
3259 2402 3457 2470 pagina

1815 2469 1947 2524 mihi
1974 2468 2063 2531 24,
2094 2476 2148 2524 et
2178 2469 2232 2523 in
2255 2476 2420 2537 caput
2437 2470 2751 2538 septimum,
2772 2485 2836 2525 ac
2856 2484 3071 2525 versum
3102 2468 3454 2526 undeCimum

1814 2540 2076 2608 Epistolis
2100 2540 2290 2608 primae
2312 2539 2380 2593 ad
2406 2541 2741 2596 Corinthios.
2772 2541 2991 2596 Memini
3014 2554 3144 2596 vero
3175 2542 3338 2596 etiam
3370 2556 3455 2597 me

1814 2611 2001 2665 multis
2016 2610 2230 2682 abhinc
2260 2611 2418 2664 annis
2438 2610 2635 2682 legisse
2667 2612 2998 2667 luculentam
3028 2612 3274 2682 ejusdem
3294 2627 3457 2682 argu-

1813 2682 1982 2736 menti
2011 2680 2564 2746 lucubratiunculam,
2587 2683 2879 2751 separatim
2902 2680 3125 2747 editam,
3156 2691 3211 2739 et
3233 2697 3264 2738 a
3293 2680 3459 2739 Nico-

1812 2752 1901 2807 lao
1933 2753 2111 2806 Rusca
2141 2758 2475 2818 contextam,
2499 2758 2557 2806 et
2583 2766 2613 2806 a
2644 2752 2909 2808 cardinali
2938 2755 3172 2809 Baronio
3202 2768 3458 2823 compro-

1812 2823 2014 2877 batam.
2055 2823 2225 2889 Quam
2274 2836 2397 2876 cum
2445 2836 2548 2891 ego
2599 2823 2860 2893 religioso
2904 2823 3120 2879 cuidam
3164 2838 3233 2879 ex
3260 2825 3456 2879 ordine

1810 2893 2268 2964 Praedicatorum,
2293 2898 2349 2964 et
2377 2907 2407 2964 e
2439 2894 2742 2948 Ruscarum
2760 2895 3089 2964 cognatione
3116 2895 3458 2951 commodas-

1810 2977 1925 3017 sem
1960 2961 2047 3032 (ut
2075 2977 2223 3032 saepe
2258 2963 2391 3017 mihi
2421 2964 2642 3028 accidit)
2664 2961 2854 3019 amisi:
2874 2965 3132 3020 Nicolaus
3160 2972 3341 3020 autem
3364 2965 3457 3020 ille

1811 3035 1990 3087 Rusca
2021 3041 2140 3088 erat
2167 3048 2338 3087 sacrae
2369 3033 2662 3103 theologiae
2711 3035 2927 3099 doctor,
2961 3036 3180 3090 Sondrii
3222 3037 3276 3089 in
3308 3035 3456 3090 Valle

1809 3104 2017 3158 Tellina
2075 3104 2539 3173 archipresbyter,
2607 3111 2663 3159 et
2718 3105 2982 3160 Federico
3041 3105 3311 3160 cardinali
3368 3120 3457 3160 ar-

1809 3175 2275 3244 chiepiscopoque
2298 3182 2488 3229 nostro
2517 3176 2832 3230 Borromaeo
2854 3176 3265 3242 dilectissimus,
3294 3176 3457 3231 mihi-

1808 3260 1916 3314 que
1947 3246 2331 3311 amicissimus,
2364 3258 2582 3301 necnon
2606 3247 2768 3301 etiam
2799 3246 3236 3302 studiosissimus
3265 3247 3456 3302 catho-

1807 3315 1931 3370 lica:
1982 3315 2107 3371 ﬁdei
2158 3323 2554 3386 propugnator.
2587 3318 2855 3384 Quocirca
2903 3318 3066 3371 etiam
3108 3317 3454 3384 iniquissime

1807 3386 2026 3441 tandem
2057 3387 2126 3440 ab
2156 3387 2436 3441 haereticis
2479 3400 2626 3442 anno
2657 3388 2872 3441 Domini
2902 3402 3069 3455 supra
3100 3386 3450 3441 millesimum

1805 3457 2263 3511 sexcentesimum
2311 3457 2527 3511 decimo
2575 3463 2768 3512 octavo
2808 3463 3035 3511 necatus
3064 3462 3168 3520 est,
3219 3457 3450 3525 ejusque

1806 3528 1914 3580 vita
1935 3534 1991 3581 et
2019 3540 2168 3581 mors
2197 3540 2227 3580 a
2254 3527 2463 3580 Joanne
2495 3527 2735 3595 Baptista
2766 3527 3022 3595 Bajocha,
3049 3527 3450 3595 jurisconsulto

1805 3597 2080 3662 Comensi,
2130 3596 2298 3651 latine
2338 3597 2618 3665 descripta
2648 3604 2703 3652 et
2732 3597 3092 3651 Comensibus
3120 3597 3267 3665 typis
3304 3611 3451 3652 anno

1806 3667 1997 3722 saeculi
2020 3666 2265 3736 ejusdem
2285 3669 2549 3736 vigesimo
2577 3668 2753 3736 primo
2775 3668 3022 3737 evulgata
3044 3666 3449 3733 circumfertur,

1804 3738 1949 3792 sicut
1978 3738 2137 3792 etiam
2174 3738 2460 3806 ipsiusmet
2479 3738 2689 3793 Nicolai
2714 3738 2874 3801 liber,
2906 3751 3051 3793 anno
3080 3737 3269 3792 saeculi
3291 3752 3455 3806 supe-

1807 3809 1972 3862 rioris
2001 3810 2356 3878 nonagesimo
2388 3814 2581 3863 octavo
2612 3809 2815 3873 editus,
2848 3822 2959 3878 quo
2989 3815 3109 3863 acta
3130 3808 3457 3877 disputatio-

1804 3879 1891 3933 nis
1919 3880 2234 3934 Tiranensis
2253 3878 2514 3934 adversus
2533 3879 2835 3944 Calvinum,
2859 3885 2915 3935 et
2936 3880 3218 3934 ministros
3246 3879 3454 3934 Calvini

1805 3948 2128 4004 defensores
2160 3951 2536 4005 continentur.
2568 3951 2674 4004 Sed
2727 3951 2857 4004 hinc
2898 3950 2967 4004 ad
2998 3950 3281 4019 proprium
3314 3964 3455 4018 pra:-

1803 4021 1978 4074 sentis
2006 4021 2204 4088 capitis
2235 4022 2549 4075 institutum
2580 4021 2889 4075 redeamus.
2924 4023 3029 4075 Pro
3060 4035 3123 4075 ea
3156 4020 3323 4090 igitur
3352 4035 3452 4075 sua

1804 4096 1860 4145 et
1879 4091 2111 4146 aliorum
2132 4092 2405 4146 sententia
2425 4092 2785 4147 Bellarminus
2806 4092 3007 4146 multas
3025 4092 3240 4161 colligit
3259 4105 3453 4146 causas

1803 4168 1859 4216 et
1908 4163 2170 4227 rationes,
2213 4170 2267 4216 et
2316 4164 2459 4217 inter
2506 4162 2628 4217 illas
2676 4161 3078 4232 hanc"quoque
3125 4163 3449 4218 nominatim

1803 4234 1968 4288 tertio
1990 4232 2134 4298 loco,
2159 4232 2308 4302 quod
2339 4234 2485 4288 inter
2513 4233 2681 4287 multa
2710 4248 2833 4302 quae
2856 4234 3044 4288 talium
3074 4241 3269 4287 auctor
3289 4234 3446 4287 Com-

1801 4304 2193 4358 mentariorum
2225 4304 2543 4372 exposuerit
2571 4310 2762 4357 contra
2792 4304 2976 4357 Sancti
3013 4303 3288 4372 Ambrosii
3318 4316 3447 4372 sen-

1803 4374 2139 4437 tentiam,ita
2176 4370 2337 4442 plane
2367 4375 2424 4428 in
2462 4373 2866 4429 Commentario
2909 4373 3098 4440 primae
3139 4371 3207 4425 ad
3230 4370 3446 4442 'ljbimo-

38 4445 385 4525 cerdotum,
417 4454 473 4500 et
503 4460 697 4525 magna
714 4447 888 4525 _copi_a
920 4446 1223 4525 levitarum,
1255 4453 1311 4502 et
1333 4449 1717 4525 unusquisque
1737 4439 1986 4525 Dtheum
1998 4439 2387 4525 exportatillud
2401 4444 2531 4525 item
2553 4444 2751 4513 capitis
2774 4439 2954 4525 primi,
2970 4442 3094 4525 [tegi
3112 4439 3439 4525 meatorum,

37 4522 211 4569 certo
237 4522 504 4585 tempore
532 4517 806 4572 serviebat
828 4516 1027 4571 divinis
1051 4518 1398 4572 caeremoniis
1416 4516 1718 4573 secundum

37 4586 388 4641 institutum
418 4588 605 4642 David.
637 4588 738 4642 Hic
768 4588 912 4643 enim
945 4587 1137 4657 viginti
1168 4594 1223 4641 et
1252 4594 1489 4656 quatuor
1516 4588 1721 4644 classes

35 4657 368 4712 constituit
395 4658 765 4724 sacerdotum,
798 4666 857 4713 ut
888 4672 986 4727 per
1007 4657 1155 4713 vices
1172 4657 1531 4713 deservirent.
1565 4660 1720 4715 Unde

35 4728 181 4797 Abia
217 4734 484 4783 octavam
535 4729 767 4785 classem
809 4729 1037 4795 habuit;
1079 4729 1236 4797 cujus
1281 4730 1400 4784 vice
1432 4730 1720 4785 Zacharias

38 4796 253 4866 (Luca:
290 4798 497 4870 primo)
547 4798 877 4870 fungebatur
904 4800 1238 4863 sacerdotio,
1269 4800 1413 4855 sicut
1462 4801 1719 4856 contine-

35 4874 129 4923 tur
162 4870 228 4924 in
267 4869 761 4941 Paralipomenon,
793 4873 869 4925 ita
899 4877 980 4935 ut,
1013 4876 1260 4940 tempore
1308 4884 1419 4941 quo
1450 4884 1561 4926 non
1592 4872 1721 4927 illos

35 4940 439 5008 contingebat
484 4940 761 4996 deservire
808 4941 990 5005 altari,
1022 4941 1309 4997 domorum
1347 4956 1567 4997 suarum
1597 4957 1721 5012 age-

35 5019 167 5065 rent
202 5024 440 5065 cnram.
476 5014 543 5067 At
572 5012 664 5066 ubi
704 5026 835 5067 vero
874 5019 1089 5080 tempus
1118 5013 1435 5068 imminebat
1472 5013 1718 5068 ministe-

35 5082 123 5147 rii,
163 5080 474 5152 purificati
523 5081 821 5152 aliquantis
868 5082 1066 5137 diebus
1110 5083 1447 5138 accedebant
1484 5083 1552 5138 ad
1584 5091 1716 5139 tem-

35 5153 192 5220 plum
231 5151 456 5208 offerre
487 5151 627 5209 Deo.
660 5154 815 5208 Nunc
836 5161 1017 5208 autem
1055 5161 1264 5222 septem
1295 5154 1560 5210 diaconos
1597 5169 1717 5210 esse

35 5230 311 5293 )portet,
354 5229 410 5277 et
438 5223 752 5293 aliquantos
799 5225 1171 5295 presbyteros,
1203 5231 1265 5279 ut
1303 5225 1418 5280 bini
1447 5226 1558 5280 sint
1597 5240 1718 5295 per-

35 5295 375 5359 icclesias,
406 5301 461 5348 et
491 5309 635 5350 unus
664 5296 721 5350 in
759 5294 982 5366 civitate
1021 5294 1350 5366 episcopus;
1392 5311 1458 5350 ac
1488 5294 1719 5366 per’ltoc

35 5380 225 5419 mines
262 5380 305 5419 α
345 5370 598 5419 conventu
615 5366 820 5434 femina:
849 5364 1109 5419 abstinere
1138 5364 1344 5430 debere,
1365 5364 1717 5434 quia—necesse

35 5442 98 5491 εει
130 5450 243 5491 eos
279 5434 528 5504 quotidie
544 5440 734 5506 praesto
765 5450 876 5490 esse
903 5436 957 5506 in
984 5434 1224 5497 ecclesia,
1254 5451 1349 5490 nec
1368 5434 1559 5492 habere
1579 5437 1716 5493 dila-

36 5509 266 5569 ioncm,
304 5508 376 5559 ut
401 5510 519 5574 post
544 5504 867 5561 conventum
912 5504 1138 5573 legitime
1180 5507 1543 5576 puriﬁceutur,
1582 5510 1714 5564 sicut

35 5583 270 5633 'eteres.
296 5576 469 5630 Omni
490 5578 633 5633 enim
656 5577 998 5632 hebdomada
1018 5575 1356 5632 oﬁerendum
1378 5583 1481 5642 est,
1500 5579 1713 5635 etiamsi

35 5664 136 5706 ton
184 5644 477 5719 quotidie
533 5647 862 5718 peregrinis,
908 5647 1110 5705 incolis
1154 5656 1335 5704 tamen
1390 5648 1475 5704 vel
1514 5648 1601 5704 bis
1653 5650 1711 5705 in

1802 4512 2104 4580 immortali,
2135 4520 2266 4579 etc.,
2317 4520 2509 4569 contra
2539 4512 2699 4584 quam
2735 4513 2951 4569 scilicet
2968 4512 3296 4584 Ambrosius
3325 4512 3444 4580 ipse

1802 4599 1993 4640 revera
2023 4585 2339 4655 exposuerit
2369 4586 2512 4641 libro
2541 4583 2786 4641 secundo
2806 4586 2884 4640 De
2907 4583 3030 4654 ﬁde,
3063 4583 3243 4651 capite
3264 4584 3443 4655 primo

1802 4669 1868 4710 ac
1900 4653 2299 4725 tertio,’capite
2328 4658 2596 4712 secundo.
2628 4656 2768 4723 Quid
2797 4658 2842 4710 si
2874 4653 3005 4711 vero
3042 4653 3445 4725 Commentaria

1802 4725 1895 4806 illa
1920 4741 2059 4806 vere
2078 4722 2282 4782 fuerint
2310 4722 2868 4806 a_saneto_Ambrosio
2889 4725 3212 4806 composita,
3245 4723 3343 4806 sed
3375 4722 3444 4777 ab

1802 4797 1911 4852 alio
1943 4803 2134 4867 postea
2165 4798 2445 4853 nonnullis
2474 4798 2529 4852 in
2561 4797 2699 4853 locis
2717 4797 3009 4866 depravata
3029 4802 3053 4851 ?
3081 4802 3137 4867 et
3165 4796 3320 4867 ineiis
3339 4806 3447 4867 _no-

1802 4864 2046 4923 minatim
2078 4883 2219 4938 quos
2249 4870 2608 4924 Bellarminus
2654 4864 2859 4937 aliique
2890 4866 3169 4936 opinionis
3198 4864 3444 4934 ejusdem

1802 4939 2071 5017 homines
2092 4940 2526 5017 reprehendunt,
2567 4939 2666 4994 sed
2709 4939 2914 5017 nou__in
2954 4951 3019 5017 eo
3069 4950 3230 5007 quem
3278 4949 3443 5017 supra

1801 5024 1904 5080 ego
1935 5008 2346 5080 producebam;
2379 5011 2584 5080 quippe
2631 5024 2754 5065 eum
2792 5008 2886 5065 ille
2926 5008 3085 5078 plane
3134 5008 3445 5080 consentiat

1801 5078 2189 5137 cum—caeteris
2235 5081 2345 5136 illis
2374 5078 2853 5136 lucubrationibus
2896 5078 3185 5135 Ambrosio
3225 5082 3440 5142 nostro,

1799 5152 2177 5207 indubitanter
2201 5152 2552 5221 adjudicatis,
2576 5165 2678 5206 nec
2702 5152 2770 5206 ab
2793 5151 2906 5206 ullo
2930 5149 3153 5204 vitiatis.
3174 5148 3445 5215 Quocirca

1799 5225 1845 5278 si
1877 5224 2003 5292 quis
2024 5225 2198 5300 etiam
2228 5230 2549 5300 constanle_r
2576 5222 2832 5300 altercari
2872 5221 3021 5300 velit,
3055 5221 3443 5300 mordieusque

1799 5290 2137 5349 contendere
2162 5295 2565 5350 Commentaria
2587 5293 2680 5347 illa
2700 5292 2853 5347 nullo
2870 5292 3035 5346 modo
3057 5290 3259 5345 ascribi
3281 5302 3443 5357 posse

1797 5364 2086 5442 Ambrosio
2140 5374 2353 5442 nostro,
2411 5379 2513 5435 ego
2550 5365 2789 5442 saneiin
2831 5361 3096 5442 praesenti
3127 5374 3238 5442 non
3284 5358 3466 5442 valde-

1798 5436 2138 5512 repugnabo.
2180 5436 2258 5512 Ad
2303 5433 2778 5512 praesentisenim
2805 5433 3131 5512 quaestionis
3159 5438 3215 5486 et
3243 5433 3444 5512 capitis

1797 5501 2106 5562 inétifutum
2136 5507 2271 5561 satis
2300 5501 2463 5562 etiam
2495 5505 2627 5559 mihi
2658 5510 2787 5559 sunt
2815 5501 3026 5572 reliqua
3057 5501 3150 5556 illa
3186 5501 3442 5571 superio-

1796 5578 1951 5632 ribus
1980 5577 2091 5633 illis
2119 5592 2149 5632 e
2172 5578 2310 5633 locis
2330 5579 2678 5646 deprompta,
2718 5581 2780 5630 ut
2807 5573 3117 5630 summatim
3148 5571 3441 5630 ostendere

1796 5661 1921 5705 mox
1957 5649 2268 5718 aggredior.
