4056 6150
580 365 688 421 979

655 490 817 547 XXII.
858 489 933 545 Ea
971 489 1177 559 quippe
1215 495 1328 543 tres
1376 486 1581 559 habent
1607 486 1771 541 hasce

589 562 720 618 licet
741 558 1139 634 expositionem
1163 558 1450 634 litteralem
1482 558 1698 613 illorum
1729 558 1904 634 sancti
1935 558 2086 613 Pauli
2106 572 2225 614 ver.—

590 630 824 697 borum,
849 633 1048 702 quibus
1096 630 1566 702 praescribebatur
1611 634 1672 683 ut
1727 630 2022 702 episcopus
2079 635 2224 685 esset

591 705 754 759 unius
783 699 968 758 uxoris
988 703 1069 755 vir
1090 699 1107 766 ;'
1129 700 1488 767 cessationem
1521 699 1588 753 ab
1610 713 1710 754 usu
1740 700 2001 769 conjugii,
2036 708 2225 768 postea

590 780 1076 846 quamsusceptus
1097 770 1263 846 fuerit
1300 771 1437 846 ordo
1471 784 1665 846 sacer;
1699 770 2059 825 ditiorentiam
2083 773 2227 846 inter

589 842 802 900 Veteris
830 857 893 897 ac
944 842 1079 896 Novi
1110 843 1438 900 Testamenti
1470 842 1787 896 ministros:
1839 856 1963 911 quae
2002 842 2225 910 quidem

591 922 774 985 partes
802 914 934 968 mihi
964 912 1180 985 abunde
1211 911 1277 967 ad
1306 926 1549 985 praesens
1587 913 1894 967 institutum
1923 912 2222 985 sufficiunt.

660 985 840 1039 XXIII.
909 983 1217 1038 Secundum
1276 983 1549 1038 Ambrosii
1605 997 1737 1052 ergo
1803 984 2223 1052 expositionum,

587 1060 810 1110 sanctus
847 1054 1046 1109 Paulus
1093 1055 1148 1109 in
1198 1067 1258 1108 ea
1300 1053 1541 1123 Epistola
1582 1054 1975 1123 praescribebat
2024 1068 2093 1110 ne
2132 1055 2226 1124 qui

588 1133 713 1196 post
753 1126 941 1195 prima:
972 1126 1157 1180 uxoris
1188 1124 1396 1180 obitum
1445 1126 1670 1179 alteram
1709 1125 1865 1180 duxit
1902 1125 1969 1179 ad
2001 1126 2224 1195 episco-

594 1202 773 1252 patum
803 1196 887 1250 vel
929 1196 995 1251 ad
1028 1197 1375 1250 diaconatum
1421 1196 1823 1250 admitteretur.
1863 1197 2008 1251 Bene
2046 1203 2229 1251 autem

632 1268 947 1323 eiiarmlnus
977 1267 1118 1321 libro
1160 1267 1335 1336 primo
1366 1268 1443 1321 De
1469 1266 1691 1333 clericis,
1724 1267 1904 1335 capite
1933 1266 2022 1332 23,
2045 1279 2228 1322 veram

589 1340 875 1394 excutiens
895 1352 1084 1393 eorum
1104 1339 1278 1392 sancti
1301 1338 1449 1392 Pauli
1470 1337 1760 1392 verborum
1790 1338 2225 1407 intelligentiam,

588 1423 701 1465 non
724 1410 992 1464 dubitavit
1012 1408 1280 1463 afﬁrmare
1315 1428 1327 1462 :
1365 1428 1390 1457 α
1417 1409 1698 1463 Sententia
1727 1408 2012 1464 catholicae
2044 1409 2231 1464 Eccleo

589 1482 687 1536 site
718 1494 936 1548 semper
965 1480 1130 1534 verba
1152 1480 1244 1533 illa
1275 1479 1420 1533 beati
1454 1480 1603 1533 Pauli
1629 1480 1703 1533 ita
1734 1479 2088 1549 intelligenda
2109 1493 2228 1535 esse

591 1552 782 1605 docuit
821 1556 879 1604 ut
911 1551 1247 1619 prohibitum
1278 1552 1350 1604 sit
1372 1551 1543 1605 sacris
1568 1550 1856 1606 ordinibus
1886 1551 2104 1605 initiare
2135 1564 2232 1605 eos

591 1623 686 1691 qui
719 1622 914 1690 quovis
958 1621 1120 1675 modo
1161 1622 1361 1690 bigami
1400 1619 1622 1675 fuerint.
1681 1622 1850 1688 Quam
1903 1622 2230 1691 sententiam

592 1688 827 1817 probare
859 1705 1147 1760 possumus
1178 1688 1353 1746 tribus
1380 1692 1734 1761 argumentis.
1777 1710 1807 1742 »
1850 1692 1944 1746 llis
1973 1688 2104 1763 ergo
2133 1707 2233 1746 su-

611 1762 759 1817 )inde
783 1762 927 1817 illam
959 1763 1163 1817 outime
1196 1763 1420 1817 urebat:
1451 1770 1505 1816 et
1528 1764 1702 1817 primo
1725 1763 1946 1817 quidem
1968 1763 2140 1817 sacris
2162 1778 2228 1817 ex

611 1779 626 1817 )

1798 346 2132 419 APPENDIX
2169 363 2256 419 an
2294 361 2719 420 LANDULFUM.

1812 491 1996 556 partes
2030 506 2042 542 ε
2075 487 2224 543 vide-
2244 487 2450 550 Alibro
2482 488 2660 556 primo
2700 487 2775 540 De
2824 484 3044 540 clericis
3070 482 3353 556 didicisse,
3387 498 3566 556 neque
3596 498 3755 542 nunc
3784 487 3943 556 pudet

2306 561 2425 628 ejus
2455 555 2556 613 hac
2576 558 2644 612 de
2667 571 2724 612 re
2753 557 2920 611 verba
2950 556 3094 628 hunc
3118 556 3175 609 in
3209 555 3388 628 locum
3417 555 3639 611 afferre.
3660 555 3801 613 Cum
3824 570 3943 628 ergo

2306 626 2483 699 capite
2521 628 2602 694 19,
2630 628 2749 697 ipse
2779 627 3141 685 contenderet
3165 626 3473 699 caelibatum
3492 629 3619 693 jure
3641 626 3944 697 apostolico

2306 698 2611 756 rectissime
2640 712 2910 753 annexum
2940 712 3061 752 esse
3099 698 3272 752 sacris
3301 698 3613 764 ordinibus,
3648 700 3729 754 ita
3762 709 3824 754 ut
3850 715 3940 755 nec

2307 772 2510 826 ducere
2543 784 2764 833 uxores,
2798 784 2900 824 nec
2931 768 3194 823 uxoribus
3243 775 3405 823 antea
3453 769 3641 824 ductis
3670 771 3757 829 uti
3800 771 3945 835 liceat

2308 850 2431 912 post
2452 841 2875 906 ordinationem,
2898 838 3377 912 positivoquidem
3393 841 3536 912 jure,
3561 841 3663 895 sed
3687 843 3944 911 antiquis!

2307 909 2445 968 sime
2477 919 2532 968 et
2561 912 2874 981 aequissimo
2905 918 2960 966 et
3007 910 3154 980 quod
3203 909 3355 965 nullo
3398 911 3564 969 modo
3606 909 3871 980 expediat
3896 920 3945 968 ut

2309 982 2416 1038 hoc
2454 989 2699 1051 tempore
2738 982 3032 1048 relaxetur;
3093 988 3205 1036 tum
3234 995 3365 1036 vero
3395 981 3535 1037 duos
3565 983 3676 1037 sibi
3709 984 3784 1040 ad
3808 982 3947 1038 reici.-

2308 1054 2531 1110 lendum
2570 1053 2883 1125 proposuit
2946 1065 3394 1125 errores,iunum
3439 1056 3791 1119 Graecorum,
3829 1054 3949 1109 alte.

2309 1139 2429 1180 rum
2460 1124 2914 1181 Luth’eranorum.
2947 1125 3023 1178 Ac
3069 1124 3139 1178 de
3183 1124 3498 1178 Graecorum
3528 1138 3733 1179 errore
3766 1126 3847 1180 sic
3872 1127 3945 1180 in-

2310 1197 2465 1266 quit:
2493 1213 2522 1246 e
2557 1194 2715 1250 Prior
2757 1208 2913 1250 error
2941 1201 3028 1266 est
3061 1202 3320 1262 oportere
3368 1195 3629 1261 clericos,
3663 1203 3949 1265 antequam

2310 1265 2535 1325 Ordines
2584 1279 2772 1321 sacros
2829 1265 3152 1333 suscipiant,
3235 1279 3437 1320 uxores
3505 1267 3767 1331 ducere,
3834 1269 3945 1336 quia

2310 1344 2436 1407 post
2491 1350 2680 1392 sacros
2735 1337 2967 1407 ordines
3005 1344 3294 1407 susceptos
3345 1349 3453 1391 non
3491 1336 3629 1392 licet
3677 1338 3740 1391 id
3788 1337 3949 1393 facere

2311 1405 2574 1465 et.nimis
2628 1420 2822 1476 magno
2856 1405 3099 1475 periculo
3154 1407 3464 1461 i'ornicaudi
3500 1421 3562 1462 se
3595 1410 3837 1475 exponit
3869 1410 3948 1478 qui

2312 1480 2430 1534 sine
2462 1492 2632 1534 uxore
2652 1479 2801 1532 vivit.
2835 1478 3007 1546 Hujus
3026 1478 3232 1533 erroris
3250 1478 3420 1546 aliqui
3443 1487 3739 1533 auctorem
3763 1478 3952 1535 faciunt

2311 1550 2613 1615 Nicolaum,
2675 1563 2843 1603 unum
2887 1562 2954 1603 ex
3006 1556 3217 1616 septem
3268 1550 3458 1617 primis
3512 1551 3798 1607 diaconis.
3840 1552 3950 1616 Sed,

2313 1621 2582 1691 quidquid
2614 1620 2683 1675 de
2726 1620 2832 1675 hoc
2862 1620 2954 1685 sit,
2987 1626 3206 1674 constat
3234 1620 3591 1689 Vigilantium
3624 1622 3779 1675 hunc
3807 1635 3952 1676 erroe

2315 1705 2428 1747 rem
2468 1704 2725 1760 expresse
2756 1692 3033 1746 docuisse.
3077 1691 3152 1744 De
3200 1703 3310 1759 quo
3340 1692 3421 1745 sic
3460 1690 3661 1746 beatus
3693 1693 3953 1761 Hieronyq

632 1762 759 1816 inde
783 1762 927 1817 illam
959 1763 1163 1830 optime
1196 1763 1420 1831 probat;
1451 1770 1505 1816 et
1527 1764 1702 1831 primo
1725 1763 1946 1831 quidem
1968 1761 2140 1818 sacris
2162 1778 2228 1818 ex
2252 1806 2295 1831 ι,
2320 1777 2441 1818 mus
2477 1763 2636 1817 Initio
2676 1762 2802 1816 libri
2849 1769 3041 1823 contra
3072 1762 3444 1831 Vigilantiam,
3479 1762 3626 1829 proh
3658 1761 3855 1817 nefas!
3885 1765 3957 1818 iu-

597 1806 814 1897 litteris,
850 1806 1094 1887 secando
1121 1806 1465 1901 exrtempore
1495 1806 1605 1901 q'uo
1636 1806 2228 1892 sin‘cm‘ériiii‘ﬁé'ﬁé‘é
2250 1806 2297 1865 Β

593 1904 836 1972 scripsit,
872 1904 1035 1957 tertio
1086 1917 1153 1957 ex
1206 1904 1531 1958 auctoritate
1580 1905 1820 1969 Patrum,
1872 1906 1965 1973 qui
2013 1919 2232 1974 semper

595 1975 741 2028 hunc
780 1974 959 2028 locum
991 1974 1059 2028 de
1108 1975 1455 2043 monogamia
1493 1974 1567 2028 ita
1606 1975 1992 2030 intellexerunt
2034 1982 2093 2030 ut
2121 1988 2233 2030 non

597 2046 759 2099 liceat
798 2047 1115 2114 episcopum
1154 2045 1236 2115 vel
1270 2045 1558 2099 diaconum
1590 2046 1766 2099 creari
1805 2059 1926 2101 eum
1966 2047 2059 2115 qui
2099 2047 2236 2101 duas

595 2129 816 2179 uxores,
844 2116 1005 2169 etiam
1027 2114 1259 2170 diversis
1280 2116 1638 2184 temporibus,
1662 2116 1934 2171 habuerit.
1959 2114 2108 2172 Inter
2132 2117 2235 2175 hos

597 2199 727 2254 ergo
759 2187 967 2248 Patres,
1012 2193 1137 2254 post
1173 2186 1564 2241 Tertullianum
1603 2200 1667 2240 ac
1705 2196 1952 2242 sanctum
1992 2189 2236 2257 Epipha-

596 2257 768 2324 nium,
828 2257 1143 2328 testimonio
1200 2257 1363 2328 etiam
1421 2257 1593 2328 utitur
1644 2258 1938 2313 Ambrosii.
1998 2260 2235 2328 Ejusque

595 2328 762 2398 verba
814 2334 942 2381 sunt
990 2326 1302 2395 hujusmodi
1335 2346 1351 2398 ς
1387 2347 1415 2398 να
1443 2327 1828 2398 νΤθινιιιΙΙὶδηυδ
1874 2329 2016 2384 libro
2040 2326 2235 2398 primo

598 2397 665 2451 ad
717 2411 961 2452 uxorem.
1003 2398 1272 2463 Quantum
1325 2397 1452 2452 ﬁdei
1493 2398 1804 2464 detrahant,
1838 2397 2099 2468 quantum
2138 2401 2238 2455 ob-

599 2474 847 2536 strepant
881 2469 1157 2522 sanctitati
1190 2468 1396 2537 nuptiae
1418 2469 1696 2534 secundm,
1730 2470 2021 2538 disciplina
2051 2471 2238 2526 Eccle-

601 2538 793 2613 clesiae
817 2544 871 2613 et
901 2540 1246 2613 praescriptio
1276 2539 1523 2613 Apostoli
1553 2539 1818 2613 declarat,
1839 2555 1961 2596 cum
1994 2542 2238 2611 bigamos

600 2621 712 2663 non
752 2610 891 2681 sinit
912 2609 1232 2681 praesidere,
1264 2622 1385 2663 cum
1414 2610 1629 2681 viduam
1659 2610 1821 2681 allegi
1843 2612 1897 2666 in
1929 2609 2240 2668 ordinatio-

604 2693 749 2745 nem,
793 2680 897 2733 nisi
930 2680 1214 2743 univiram,
1251 2693 1361 2735 non
1395 2680 1671 2735 concedit.
1716 2700 1744 2733 »
1783 2680 1991 2749 Quibus
2027 2683 2240 2738 Tertul-

602 2749 734 2823 liani
765 2750 946 2805 verbis
973 2750 1135 2823 illico
1179 2750 1366 2823 subdit
1406 2751 1762 2807 Beliarminus
1795 2772 1807 2808 ε
1845 2770 1874 2804 ‹‹
1912 2756 2101 2823 Neque
2131 2755 2238 2809 du-

602 2820 752 2875 bium
785 2828 868 2894 est
892 2821 1023 2894 quin
1073 2835 1171 2890 per
1209 2821 1481 2894 bigamos
1511 2823 1781 2893 intelligat
1828 2837 1924 2879 eos
1962 2820 2055 2894 qui
2104 2826 2240 2879 duas

602 2905 803 2963 uxores
824 2891 1152 2957 habuerunt,
1187 2905 1296 2947 non
1327 2893 1508 2957 simul,
1533 2895 1629 2948 sed
1652 2891 1812 2948 unam
1846 2891 2235 2963 post—alteram.

600 2963 734 3033 Nam
765 2962 833 3016 de
864 2963 964 3016 hac
995 2963 1228 3033 digamia
1260 2964 1313 3016 in
1343 2969 1461 3018 toto
1493 2964 1634 3018 libro
1665 2962 1947 3033 loquitur;
1991 2966 2242 3020 hortatur

600 3032 745 3085 enim
777 3045 999 3087 uxorem
1029 3047 1179 3086 suam
1204 3038 1282 3097 ut,
1312 3048 1370 3087 se
1392 3040 1629 3095 mortuo,
1655 3032 1765 3090 non
1796 3036 1942 3090 ineat
1970 3037 2241 3092 secundas

2319 1835 2457 1958 qluit,
2500 1832 2794 1915 episcopos
2829 1835 2913 1915 sui
2934 1832 3161 1886 sceleris
3189 1833 3392 1914 dicitur
3420 1832 3633 1914 habere
3653 1841 3953 1897 consertes;

2319 1921 2344 1958 s
2395 1913 2574 1958 tamen
2618 1916 2863 1958 entscom
2905 1903 3223 1958 nominandi
3269 1910 3397 1957 sunt
3424 1917 3518 1958 out
3552 1917 3671 1958 non
3714 1906 3953 1958 ordinant

2316 1903 2363 1960 sl
2395 1913 2574 1959 tamen
2618 1903 2863 1973 episcopi
2905 1903 3223 1958 nominandi
3269 1904 3518 1971 suntqui
3552 1917 3671 1959 non
3714 1906 3959 1960 ordinant

2317 1976 2605 2040 diaconos,
2666 1976 2772 2029 nisi
2813 1975 2965 2043 prius
3004 1988 3207 2029 uxores
3252 1974 3534 2038 duxerint,
3586 1975 3735 2029 nulli
3788 1977 3955 2031 cmiibi

2316 2046 2607 2101 credentes
2636 2045 2976 2114 pudicitiam.
3001 2063 3029 2095 »
3062 2044 3269 2100 Dehinc
3289 2058 3417 2099 vero
3449 2045 3828 2101 Beliarminus
3855 2049 3955 2115 ipse

2316 2118 2398 2172 sic
2437 2118 2790 2186 prosequitur
2822 2135 2835 2171 ι
2871 2130 2899 2166 c
2941 2117 3097 2170 Hunc
3126 2129 3367 2177 errorem
3408 2125 3757 2185 receperunt
3785 2120 3957 2172 Patres

2318 2187 2540 2244 concilii
2570 2186 2810 2242 Trullani
2860 2186 3006 2241 circa
3052 2199 3255 2258 annum
3285 2186 3501 2242 Domini
3533 2190 3957 2258 septingentesi-

2317 2265 2483 2325 mum,
2528 2264 2586 2313 ut
2625 2264 2773 2326 patet
2801 2271 2867 2312 ex
2906 2270 3117 2313 canone
3159 2256 3242 2323 13,
3284 2257 3379 2312 ubi
3418 2256 3658 2326 profana
3688 2256 3787 2315 illa
3813 2272 3958 2329 syno-

2318 2330 2422 2385 dus
2470 2329 2691 2383 damnat
2737 2329 3054 2384 nominatim
3094 2341 3334 2383 canones
3380 2330 3651 2384 Romana
3700 2331 3957 2396 ecclesia,

2319 2407 2375 2456 et
2403 2400 2738 2457 contrarium
2785 2400 2994 2464 statuit,
3036 2399 3290 2454 nimirum
3331 2407 3393 2454 ut
3426 2400 3623 2455 clerici
3665 2409 3799 2455 ante
3835 2402 3957 2456 sub-

2319 2472 2666 2527 diaconatnm
2699 2483 2898 2525 uxores
2926 2471 3148 2534 ducant,
3188 2479 3243 2525 et
3271 2484 3393 2525 cum
3426 2471 3508 2525 eis
3544 2472 3738 2526 vivant
3761 2481 3958 2540 postea,

2320 2543 2375 2597 in
2407 2543 2583 2598 sacris
2611 2541 2900 2598 ordinibus
2928 2541 3233 2596 constituti.
3266 2541 3536 2609 Tempore
3568 2542 3745 2610 hujus
3781 2544 3959 2612 synodi

2321 2614 2490 2681 empit
2519 2626 2637 2669 mos
2655 2615 2988 2676 Grmcorum,
3013 2613 3105 2681 qui
3132 2625 3276 2666 nunc
3304 2620 3406 2667 est.
3439 2616 3655 2667 Auctus
3683 2623 3865 2668 autem
3887 2620 3960 2668 est

2321 2691 2377 2739 et
2393 2684 2746 2739 confirmatus
2766 2690 3014 2752 tempore
3037 2684 3234 2738 Leonis
3254 2685 3405 2747 noni,
3421 2685 3658 2751 quando
3679 2684 3957 2739 diasidiua

2320 2758 2633 2811 Graecorum
2662 2767 2694 2809 a
2725 2755 2930 2815 Latinis
2952 2754 3178 2808 maxime
3207 2755 3376 2808 crevit
3396 2754 3454 2807 in
3477 2755 3673 2808 multis
3703 2756 3831 2809 aliis
3846 2757 3961 2809 arti-

2323 2827 2481 2881 culis.
2516 2826 2670 2880 Unde
2701 2833 2877 2880 exstat
2907 2823 3048 2879 liber
3075 2826 3357 2879 lIumberti
3386 2825 3719 2889 cardinalis,
3743 2838 3814 2880 eo
3844 2835 3960 2881 tein-

2322 2910 2459 3022 gore
2487 2898 2727 2965 scriptus
2756 2896 2823 2951 de
2855 2897 2957 2951 hac
2988 2908 3046 2951 re
3077 2902 3268 2950 contra
3296 2896 3541 2977 Niceten]
3572 2896 3959 2965 abbatem,qm‘

2363 2981 2470 3022 unc
2498 2979 2705 3022 morem
2732 2969 3043 3022 Graecorum
3074 2974 3207 3020 tunc
3243 2979 3507 3021 acerrime
3539 2966 3899 3022 defendebat.
3934 2985 3953 3018 ι

2363 2981 2470 3023 unc
2498 2979 2705 3023 morem
2732 2969 3043 3023 Grtncorum
3074 2974 3207 3020 tunc
3243 2967 3507 3021 acerrime
3539 2966 3899 3023 defendebat.
3934 2985 3953 3018 ι

2326 3040 2389 3092 Et
2426 3039 2722 3107 aliquando
2747 3044 2871 3108 post
2903 3057 2914 3091 :
2953 3055 2979 3088 (ι
3021 3037 3271 3107 Synodus
3290 3036 3545 3108 Trullans
3574 3050 3800 3097 canone
3821 3047 3958 3099 sexto

600 3102 840 3182 nuptias.
874 3102 1080 3182 Similia
1105 3102 1292 3182 habet
1336 3104 1392 3157 in
1433 3104 1677 3182 libro_De
1708 3107 2069 3182 monogamia,
2102 3116 2157 3162 et
2186 3111 2242 3164 in
2262 3122 2305 3182 α
2329 3102 2586 3182 prohibet
2614 3122 2683 3164 ne
2713 3102 2980 3182 episcopi,
3015 3102 3339 3178 presbyteri,
3372 3107 3596 3163 diaconi
3624 3116 3731 3182 aut
3762 3110 3961 3164 subdia-

598 3170 769 3248 libro.
796 3172 870 3248 I_)e
927 3173 1340 3248 exhortatione
1362 3176 1648 3248 castitatis.
1692 3192 1720 3226 »
1760 3177 1827 3231 Et
1866 3170 2027 3247 paulo
2054 3170 2192 3248 'post
2224 3200 2237 3235 :

603 3258 632 3314 ς
671 3242 1011 3314 Epiphanius
1039 3243 1237 3297 haeresi
1278 3243 1347 3296 59
1374 3244 1750 3300 Catharorum.
1791 3242 1921 3314 Quae
1960 3249 2027 3304 ad
2068 3242 2247 3306 sacer-

598 3311 807 3392 dotium
874 3312 1074 3367 tradita
1130 3318 1277 3380 sunt,
1342 3321 1569 3392 propter
1605 3311 1953 3392 eminentiam
2002 3321 2247 3377 celebra-

599 3383 769 3437 tionis
810 3396 1111 3449 sacrorum,
1164 3399 1238 3460 ea
1274 3383 1580 3460 inqualiter
1605 3385 1736 3442 ferri
1786 3389 1854 3444 ad
1900 3403 2089 3446 omnes
2138 3406 2243 3460 pu-

598 3459 870 3532 taverunt,
925 3468 1049 3532 cum
1114 3454 1390 3511 audierint
1436 3457 1584 3532 quod
1641 3463 1860 3532 oportet
1926 3454 2245 3532 episcopum

599 3470 870 3520 raverunt,
925 3470 1047 3509 cum
1114 3470 1390 3511 audierint
1436 3470 1584 3582 quoa
1641 3470 1860 3528 oportet
1926 3470 2245 3532 episcopum

599 3524 1139 3607 irreprehensibiiem
1188 3539 1328 3607 esse,
1380 3541 1450 3582 un
1479 3541 1540 3582 us
1588 3530 1776 3607 uxoris
1824 3532 2022 3607 virum,
2075 3534 2248 3607 conti-

602 3601 865 3673 nentem;
900 3597 1155 3651 similiter
1184 3598 1576 3673 etdiaconum,
1611 3605 1666 3673 et
1693 3597 2091 3673 presbyterum.
2132 3606 2244 3660 Re-

603 3616 861 3660 ueuwtn;
900 3616 1155 3651 summer
1184 3616 1239 3651 et
1267 3616 1576 3665 diaconum,
1611 3616 1666 3654 et
1733 3616 2091 3673 resnyterum.
2132 3616 2244 3660 tte-

601 3679 730 3749 vera
766 3665 920 3749 enim
960 3680 1070 3749 non
1118 3669 1349 3738 suscipit
1381 3675 1571 3749 sancta
1609 3616 1728 3749 Delp
1754 3673 2073 3749 praedicatio
2122 3681 2247 3745 post

600 3737 803 3791 Christi
835 3738 1123 3817 adventum
1174 3737 1280 3817 eos;
1299 3740 1393 3809 qui
1424 3754 1464 3817 θΔ
1485 3741 1710 3817 nuptiis,
1745 3737 1960 3806 mortua
1997 3737 2242 3817 ipsorum

602 3820 796 3886 uxore,
829 3809 1087 3886 secundis
1106 3810 1313 3886 nuptiis
1341 3809 1623 3881 conjuncti
1643 3820 1790 3886 sunt,
1815 3809 2043 3886 propter
2064 3816 2243 3873 excel-

606 3876 807 3954 lentem
856 3876 1475 3954 sacerdot_ii_'honorem
1514 3896 1578 3937 ac
1633 3876 1974 3954 dignitatem.
2018 3886 2083 3943 Et
2122 3889 2241 3947 hac

605 3953 757 4001 certo
783 3954 969 4002 saneta
1018 3949 1112 4003 Dei
1152 3951 1394 4006 Ecclesia
1425 3965 1547 4007 cum
1596 3949 1914 4011 sinceritate
1962 3957 2236 4015 observat.

606 4019 734 4071 Haac
756 4016 867 4072 ille.
897 4019 993 4073 Ubi
1016 4021 1355 4098 apertissime
1386 4022 1631 4098 loquitur
1658 4025 1727 4080 de
1748 4026 1981 4096 digamia
2003 4029 2239 4098 plurium

604 4100 833 4171 uxorum
851 4092 1179 4171 successive,
1198 4094 1700 4171 cumcosdigamos
1715 4092 1954 4171 appellet
1969 4092 2083 4171 qui,
2100 4113 2241 4157 mor-

602 4162 694 4239 t‘ua
726 4172 916 4239 uxore,
949 4160 1117 4239 a_liam_
1138 4161 1454 4239 ducunt,_et
1481 4160 1603 4239 cum
1643 4160 1906 4239 Catharos
1944 4160 2237 4239 reprehen-

602 4228 716 4294 dat,
749 4230 842 4301 qui
872 4243 938 4285 ex
969 4232 1073 4287 hoc
1102 4231 1227 4287 loco
1262 4233 1412 4288 Pauli
1447 4237 1609 4290 etiam
1650 4237 1806 4293 iaicis
1835 4228 2239 4297 interd'icebant

602 4301 876 4355 secundas
898 4304 1135 4371 nuptias.
1163 4319 1191 4357 ι)
1215 4304 1353 4359 Hinc
1373 4313 1555 4361 autem
1584 4307 1945 4365 Beliarminus
1971 4311 2039 4366 ad
2061 4313 2234 4368 sancti

597 4371 869 4451 Ambrosii
904 4374 1373 4451 testimoniumita
1397 4378 1747 4451 progreditur
1779 4400 1791 4434 :
1828 4398 1857 4451 «ν
1893 4382 2232 4451 Ambrosius,

597 4441 835 4519 libro_x,
877 4444 1110 4519 epistola
1139 4445 1210 4519 $2
1234 4447 1300 4519 ad
1332 4438 1628 4502 Ecclesiam
1654 4450 2072 4519 Verceliensem,
2096 4438 2239 4511 trac:
2257 4438 2306 4499 D

599 4519 726 4596 tans
754 4513 900 4596 hunc
939 4516 1118 4596 locum
1151 4517 1322 4596 Pauli,
1353 4519 1506 4596 unius
1534 4521 1720 4596 umoris
1751 4523 1849 4596 air.
1881 4524 2003 4596 Qui,
2034 4513 2235 4596 inquit,

602 4585 940 4667 conjugium,
974 4587 1273 4667 iteraverit,
1296 4588 1512 4658 culpam
1543 4603 1652 4667 non
1683 4592 1848 4667 habet
1878 4585 2239 4667 coinquinatl,

599 4654 698 4741 send
722 4658 1099 4741 praerogativa
1132 4660 1351 4741 exuitur
1370 4654 1694 4741 sacerdotis.
1729 4681 1781 4741 »_
1787 4665 1851 4719 Et
1882 4654 2044 4741 paulo
2072 4675 2194 4741 post
2224 4654 2236 4725 Ξ

600 4741 630 4776 ‹‹
644 4725 856 4808 §imilia
876 4725 1041 4808 habet
1058 4730 1377 4808 Ambrosius
1398 4731 1538 4787 libro
1561 4732 1737 4808 primo
1750 4725 2239 4808 De_ofﬂciis,caplte

601 4795 903 4871 ultjm9,et
950 4798 1092 4856 libro
1123 4802 1196 4856 De
1229 4801 1493 4871 dignitate
1531 4795 1878 4871 sacerdotali,
1910 4795 2091 4871 capite
2120 4795 2176 4863 λιι
2208 4795 2236 4863 i)

675 4867 1146 4945 X_XlV._$ecunda
1184 4867 1329 4941 pars,
1364 4888 1432 4928 ex
1469 4873 1792 4945 indubitatis
1820 4867 1929 4931 illis
1964 4867 2239 4945 Ambrosii

602 4939 933 5016 testimoniis
971 4955 1003 5016 a
1031 4956 1119 5016 me
1155 4939 1460 5016 summatim
1510 4943 1853 5016 deprompta,
1904 4947 2023 5005 haec
2070 4939 2233 5009 erat:

603 5009 673 5064 Ut
693 5013 1021 5084 monogami,
1047 5014 1208 5068 etiam
1232 5014 1310 5076 illi
1331 5016 1447 5084 qui,
1470 5009 1777 5072 viventibus
1807 5009 2100 5076 etiamnum
2123 5022 2238 5079 suis

603 5081 888 5163 uxoribus,
915 5085 1199 5163 sacrosad
1230 5081 1468 5163 ordines
1496 5088 1733 5163 promoti
1782 5096 1985 5163 essent,
2029 5093 2235 5153 nihilo-

602 5153 783 5232 minus
802 5153 873 5232 ab
892 5168 989 5209 usu
1022 5156 1351 5232 matrimonii
1381 5153 1644 5232 deinceps
1662 5159 1937 5217 abstinere
1957 5153 2011 5217 in
2046 5177 2237 5232 perpe-

601 5226 752 5302 tuum
786 5224 1073 5302 deberent.
1093 5228 1360 5294 Quocirca
1390 5224 1846 5302 hincpi'tesertim
1867 5224 2236 5302 aperté‘refel-

597 5292 731 5375 il‘tur
758 5292 1226 5375 matrimoniorum
1259 5312 1407 5366 usus,
1451 5292 1774 5375 qui'Ariaidi
1812 5292 2058 5374 tempore
2087 5309 2231 5375 apud

594 5364 801 5449 elerum
848 5364 1565 5449 Mediolanensempari'tcr
1609 5364 1952 5449 accraacum
1993 5364 2227 5448 vigebat.

589 5436 932 5520 Qualisvero
963 5439 1107 5510 apud
1138 5436 1596 5520 Mediolanensem
1628 5443 1721 5520 ille
1759 5436 2083 5520 tuncAessetV,
2125 5449 2231 5520 hoc

586 5507 971 5585 jamjidimus
997 5507 1292 5585 praesentis
1321 5513 1445 5568 libri
1476 5514 1657 5584 quarti
1689 5518 1867 5585 capite
1886 5516 1939 5582 3,
1982 5507 2132 5573 num.
2180 5519 2226 5575 l.

591 5575 775 5640 Qualis
821 5580 953 5657 Item
990 5575 1133 5657 apud
1173 5586 1419 5657 Gnaeum
1462 5575 1605 5657 tunc
1632 5575 1798 5653 esset,
1847 5575 1938 5643 me
1980 5587 2228 5657 profecto

593 5658 705 5702 non
744 5652 975 5717 pcenitet
1024 5652 1131 5708 hoc
1171 5655 1493 5723 jamdudum
1520 5671 1549 5713 e
1579 5656 1883 5714 doctissimi
1912 5652 2226 5720 Be'llarminl

2328 3178 2474 3247 eoni,
2526 3185 2649 3250 post
2697 3180 3098 3239 ordinationem
3155 3192 3327 3244 suam,
3371 3191 3598 3233 uxorem
3646 3178 3880 3247 ducant,
3913 3189 3959 3235 et

2327 3264 2547 3323 canone
2585 3251 3002 3321 quadragesimo
3051 3256 3253 3323 octavo
3297 3250 3555 3323 praecipit
3584 3257 3646 3304 ut
3678 3252 3961 3323 episcopus

2326 3335 2437 3378 non
2467 3319 2748 3379 cohabitet
2777 3319 2954 3377 uxori.
2983 3340 3026 3390 γι)
3065 3321 3154 3376 Sic
3183 3319 3345 3375 etiam
3385 3321 3582 3375 eodem
3621 3319 3816 3390 capite
3854 3319 3961 3385 Bck

2327 3392 2590 3462 larminus
2638 3400 2828 3462 postea
2866 3389 3095 3462 colligit,
3129 3409 3157 3440 «
3198 3404 3403 3446 morem
3432 3389 3787 3455 Grecorum,
3818 3404 3961 3462 quem

2328 3477 2471 3519 nunc
2503 3458 2724 3527 habent,
2758 3476 2867 3519 non
2907 3458 3073 3533 fuisse
3123 3462 3315 3533 primis
3357 3464 3642 3523 sexcentis
3693 3458 3874 3528 annis,
3912 3472 3963 3516 ut

2326 3541 2476 3604 patet
2510 3535 2741 3604 (inquit)
2776 3549 2843 3588 ex
2872 3530 3064 3589 iisdem
3087 3530 3405 3604 auctoribus
3432 3534 3594 3601 (quos
3614 3535 3818 3603 utique
3845 3534 3963 3589 nni-

2326 3603 2414 3661 tos
2435 3603 2546 3675 jam
2578 3603 2925 3676 produxerat)
2970 3615 3183 3676 necnon
3213 3616 3280 3659 ex
3317 3603 3743 3673 Chrysostomo,
3777 3604 3965 3676 Biem-

2325 3690 2508 3746 nymo,
2545 3675 2601 3732 et
2630 3679 2810 3731 Leone
2842 3676 2978 3759 locis
3008 3675 3208 3730 citatis.
3226 3691 3272 3757 ι»
3315 3676 3380 3729 Et
3408 3686 3603 3737 rursus
3644 3677 3836 3744 capite
3864 3675 3961 3735 εις

2330 3764 2355 3796 κ
2395 3748 2473 3802 Ad
2507 3748 2726 3804 tertium
2779 3745 3012 3817 (lnqutt)
3040 3746 3182 3817 dico
3222 3745 3349 3800 tllos
3402 3758 3654 3801 canones
3706 3760 3821 3802 non
3857 3759 3966 3802 esse

2324 3817 2491 3873 ullius
2536 3816 2824 3887 approbati
2873 3816 3114 3873 concilii.
3163 3818 3298 3871 Nam
3346 3828 3471 3871 vera
3520 3823 3685 3871 sexta
3734 3819 3967 3888 synodus

2324 3888 2506 3944 nullos
2550 3899 2792 3944 canones
2837 3888 3031 3952 edidit,
3065 3895 3125 3942 ut
3174 3894 3322 3955 patet
3359 3889 3698 3959 exseptima
3732 3890 3961 3959 synodo.

2323 3961 2539 4015 actione
2569 3961 2605 4012 4
2632 3966 2687 4015 et
2705 3959 2760 4024 5,
2783 3960 2878 4014 sed
2904 3967 3027 4028 post
3045 3964 3251 4014 sextam
3275 3957 3544 4028 synodum
3567 3957 3803 4026 quidam
3825 3960 3963 4028 epis.

2322 4031 2447 4099 copi
2477 4036 2852 4086 convenerunt
2870 4029 3367 4098 Constantinopoli,
3393 4036 3449 4083 et
3477 4030 3535 4083 in
3561 4030 3779 4098 palatio
3810 4032 3965 4099 ἰωνο-

2321 4102 2522 4156 ratorls
2548 4102 2839 4156 Iustiniani
2885 4100 3135 4169 secundi,
3169 4099 3318 4169 quod
3366 4099 3612 4154 Trulium
3658 4100 3960 4161 dicebatur,

2321 4182 2561 4227 canones
2588 4174 2725 4239 istos
2752 4171 3045 4227 ediderunt
3072 4172 3292 4227 nomine
3329 4178 3499 4225 sextae
3528 4172 3763 4239 synodi.
3792 4174 3964 4227 Cate-

2320 4252 2437 4296 rum
2469 4243 2572 4298 hos
2601 4257 2841 4299 canones
2869 4257 2979 4299 non
3009 4243 3187 4297 solum
3210 4241 3392 4296 nullus
3413 4243 3707 4297 Romanus
3732 4241 3966 4311 pontifex

2320 4312 2590 4381 probavit,
2624 4314 2721 4369 sed
2761 4316 2921 4370 etiam
2953 4319 3142 4383 aperte
3179 4313 3511 4383 improbavit.
3538 4312 3784 4383 Sergius
3810 4326 3959 4381 papa.

2325 4384 2417 4453 qui
2450 4389 2580 4439 tunc
2609 4385 2856 4450 sedebat,
2881 4391 2942 4439 ut
2972 4382 3115 4440 Beda
3134 4384 3330 4439 scribit
3358 4384 3413 4437 in
3445 4382 3595 4439 libro
3628 4382 3713 4439 De
3733 4398 3837 4440 sex
3855 4392 3966 4438 ata-

2326 4456 2494 4518 tibus,
2514 4456 2569 4511 in
2589 4456 2925 4521 Justiniano;
2949 4461 3004 4509 et
3025 4456 3223 4521 Paulus
3243 4455 3537 4518 Diaconus.
3565 4454 3723 4512 libro
3747 4468 3872 4515 nn,
3892 4468 3967 4507 αι

2325 4527 2438 4595 pite
2459 4525 2514 4590 9,
2529 4528 2601 4581 De
2622 4528 2786 4581 rebus
2806 4527 3090 4582 Romanis:
3120 4528 3478 4580 Vocatautem
3502 4526 3661 4581 Beda
3684 4528 3963 4581 erratica-

2324 4598 2590 4666 synodum
2640 4605 2838 4654 emtum
2889 4595 3107 4652 illorum
3157 4598 3395 4658 Patrum,
3427 4596 3523 4664 qui
3565 4596 3682 4652 hos
3736 4608 3964 4652 eadm

2324 4668 2633 4724 ediderunt.
2678 4689 2705 4718 η
2746 4670 2814 4723 Et
2843 4668 3090 4736 pauculis
3118 4667 3479 4736 interpositis,
3514 4667 3587 4721 de
3617 4667 3850 4736 synodo
3877 4667 3962 4721 hac

2322 4739 2578 4795 Trullana
2619 4740 2698 4795 sic
2736 4738 2890 4795 addit
2922 4760 2934 4794 :
2971 4756 3000 4791 (ί
3039 4741 3158 4793 Non
3192 4738 3457 4807 permittit
3493 4746 3557 4792 ut
3596 4738 3707 4793 ulil
3747 4738 3960 4799 clerico,

2323 4814 2449 4878 post
2475 4823 2755 4867 sacrorum
2786 4809 3040 4867 ordinum
3078 4809 3503 4879 susceptionem,
3542 4808 3723 4864 liceat
3751 4821 3961 4864 uxorm

2322 4881 2544 4950 ducere,
2577 4882 2674 4937 sed
2704 4882 2903 4947 solum,
2936 4886 2997 4937 ut
3034 4881 3198 4936 liceat
3235 4881 3314 4935 uti
3346 4890 3518 4935 uxore
3548 4888 3688 4937 ante
3719 4880 3958 4950 ordinet!

2321 4951 2503 5008 ducta.
2553 4954 2618 5008 Et
2664 4952 2771 5009 hoc
2800 4954 2962 5008 etiam
3002 4965 3112 5008 non
3162 4950 3483 5021 permittunt
3527 4951 3844 5021 episcopis,
3875 4949 3959 5021 sed

2320 5023 2497 5078 solum
2525 5021 2879 5079 inferioribus
2907 5023 3144 5087 clericis,
3163 5019 3239 5077 'ut
3269 5026 3418 5091 patet
3445 5034 3515 5075 ex
3544 5019 3771 5078 canone
3800 5021 3857 5085 6,
3887 5019 3959 5079 18.

2320 5107 2375 5148 et
2401 5091 2491 5150 48.
2545 5114 2573 5145 «
2608 5096 2882 5150 Hactenus
2917 5108 3018 5164 pro
3058 5094 3310 5149 instituto
3350 5099 3541 5149 nostro
3576 5092 3961 5151 Beliarminus.

2318 5171 2378 5219 ut
2407 5172 2594 5235 aperte
2615 5166 3033 5236 dignosceretur
3050 5165 3229 5236 qualis
3256 5164 3399 5233 apud
3418 5165 3651 5218 Graecos
3678 5171 3833 5219 esset
3857 5174 3960 5215 nsa-

2318 5236 2699 5293 trimcniorum
2733 5252 2863 5292 usus
2906 5236 3112 5299 Arialdi
3152 5237 3324 5301 nostri
3368 5240 3642 5302 tempore,

2317 5320 2552 5363 concors
2579 5308 2673 5363 ille
2705 5311 2834 5364 tunc
2875 5314 3021 5362 esset
3051 5320 3172 5361 cum
3204 5305 3335 5360 cieri
3367 5304 3809 5360 Mediolanensis
3841 5314 3951 5356 Μ.

2314 5379 2515 5448 Accipe
2572 5392 2718 5441 nunc
2775 5377 3233 5448 quemadmodum
3289 5383 3479 5448 contra
3537 5376 3713 5430 talem
3781 5373 3955 5448 instri-

2313 5447 2621 5504 moniorum
2672 5447 2849 5516 usum,
2898 5463 2930 5503 a
2977 5449 3126 5504 clero
3174 5448 3287 5503 sive
3335 5447 3529 5503 Latino
3598 5450 3721 5502 sive
3771 5447 3954 5516 cnes

2312 5526 2651 5591 usurpatum,
2693 5512 2845 5577 idem
2879 5519 3257 5591 Beliarminus,
3273 5517 3481 5591 eodem
3523 5517 3623 5591 illo
3655 5518 3846 5591 capite
3876 5512 3955 5591 i9.

2311 5586 2719 5660 argumentatus
2738 5591 2903 5647 fuerit
2918 5590 3189 5646 Ambrosii
3211 5589 3375 5645 etiam
3405 5589 3579 5645 nostri
3608 5586 3958 5647 testimonio.

2309 5664 2663 5732 posteaquam
2711 5662 2913 5719 multos
2957 5660 3097 5718 alios
3136 5663 3327 5717 Patres
3368 5666 3478 5716 tam
3523 5661 3753 5716 Graece
3796 5666 3961 5727 quam
