4096 6156
505 248 614 303 983

1722 240 2057 295 APPENDIX
2092 241 2180 294 AD
2219 239 2645 313 LANDULFUM.

3766 241 3873 294 984

503 373 572 428 ab
602 372 724 441 ipso
768 369 1005 426 factam!
1052 366 1252 441 Quidni
1293 378 1425 441 vero
1474 365 1775 441 caeteroqui
1822 364 2143 419 Ambrosius
2160 364 2525 441 A___XXX_I_il.
2556 363 2623 417 Et
2641 375 2874 441 rursus:
2902 363 3186 428 «Quartus
3212 362 3416 432 gradus
3432 368 3523 441 est
3555 363 3877 441 {concludit

444 508 445 511 η
504 433 758 498 simiiiter
796 442 867 496 ob
912 433 1155 511 eamdem
1203 437 1469 511 rationem
1515 436 1839 505 virginibus,
1880 450 2005 511 qua
2046 448 2139 489 sa-
2224 433 2343 505 ille)
2378 435 2610 504 diligere
2639 435 2830 499 Deum,
2865 446 2974 487 non
3011 441 3384 511 quantumest
3413 434 3727 511 diligibilis,
3761 450 3873 511 non

502 529 653 569 crum
683 512 753 567 ad
791 512 1036 567 velamen
1079 509 1292 564 admitti
1322 515 1609 576 cuperent,
1642 507 1918 561 concessit
1948 512 2007 561 ut
2036 519 2143 561 una

501 585 622 640 vice
653 583 1057 637 matrimonium
1096 579 1529 634 contraherent?
1576 579 1808 644 Etenim,
1841 577 2142 633 secundum

2225 513 2487 631 apsntum
2530 512 2712 574 potest
2751 512 3001 585 creatura
3030 504 3393 587 velabsolute
3425 506 3510 561 vel
3528 504 3597 560 in
3629 506 3735 588 hac
3765 510 3877 563 vita

2266 577 2475 631 maere.
2499 576 2597 630 sed
2626 582 2808 630 tamen
2838 583 2913 629 ita
2934 579 2994 630 ut
3025 575 3159 629 nihil
3188 590 3347 631 aeque
3375 584 3469 631 aut
3499 592 3675 631 magis
3704 593 3871 631 quam

2266 577 2475 646 iligere,
2499 576 2597 630 sed
2626 582 2808 647 tamen
2838 576 2913 629 ita
2934 575 3159 647 utinihil
3188 590 3347 647 aeque
3375 584 3469 631 aut
3499 577 3675 647 magis
3704 593 3871 647 quam

503 655 639 710 illud
669 653 937 722 Apostoli,
973 649 1590 722 quemadmofdumvitaa
1631 646 1897 722 perfectio
1937 661 2046 722 non
2085 648 2143 722 in
2226 645 2397 722 Deum
2424 647 2635 722 diligat,
2669 646 2722 701 id
2756 653 2858 722 est_,
2902 645 3036 700 nihil
3067 646 3320 702 admittat
3356 645 3694 722 contrarium
3721 645 3874 704 dile-

505 717 774 788 castitate,
817 725 890 777 ita
929 717 1108 790 neque
1156 722 1211 774 in
1260 720 1571 789 virginitate
1620 719 1892 784 consistit,
1941 719 2037 773 sed
2088 718 2145 790 in
2228 719 2420 790 ctioni.
2472 718 2672 790 Ethic
2718 717 2920 790 gradus
2979 724 3288 790 prmceptus
3344 728 3429 773 est
3484 720 3769 785 omnibus,
3820 730 3873 775 et

504 797 790 852 charitate.
834 789 1032 858 Quidni
1063 804 1191 845 vero
1224 800 1491 859 praeterea
1530 790 1623 844 ille
1653 791 1825 845 sacris
1853 791 2015 844 etiam
2048 789 2147 843 mi-

506 867 697 922 nistris
725 864 998 919 concessit
1029 868 1086 916 ut
1118 875 1226 916 non
1255 861 1431 916 solum
1457 861 1625 915 semel
1657 861 1864 915 nubere
1896 867 2141 929 possent,

2230 788 2500 859 quandam
2550 788 2716 842 habet
2751 786 3178 859 perfectionem,
3222 787 3353 843 licet
3399 799 3658 859 respectu
3701 805 3880 859 supe—

2230 857 2435 915 riorum
2464 859 2536 913 sit
2565 857 2935 928 imperfectus.
2965 859 3118 914 Unde
3149 860 3341 928 prima:
3367 857 3594 915 Joannis
3623 857 3875 917 secundo

507 937 604 999 sw
634 936 797 990 etiam
828 936 1023 988 iterum
1053 946 1117 986 ac
1148 933 1332 997 tertio,
1366 932 1666 1001 quinetiam
1717 928 1907 986 toties
1930 931 2149 999 quoties
2231 931 2435 985 dicitur
2463 950 2475 984 :
2510 931 2609 996 Qui
2652 935 2830 984 servat
2860 928 3067 984 verbum
3109 930 3240 998 ejus.
3271 944 3390 1001 vere
3422 932 3477 985 in
3513 931 3612 986 hoc
3639 933 3879 987 charitas

507 1007 664 1063 laicis
698 1006 909 1060 licitum
950 1010 1139 1058 esset?
1185 1004 1305 1058 Non
1345 1003 1490 1056 enim
1525 1002 1645 1058 solo
1686 1003 1847 1071 primi
1892 1003 2009 1071 ejus
2039 1016 2149 1055 ma-

508 1077 753 1133 trimonii
802 1082 1068 1143 tempore,
1120 1074 1218 1128 sed
1268 1074 1417 1128 omni
1457 1087 1685 1142 prorsus
1732 1079 1978 1140 tempore
2008 1086 2143 1143 per-

509 1148 676 1203 fectio
725 1148 870 1212 vitae,
918 1142 1227 1201 secundum
1276 1144 1412 1199 illud
1466 1143 1735 1212 Apostoli,
1791 1142 2046 1198 consistit
2092 1143 2149 1197 in

511 1219 800 1284 charitate,
832 1230 942 1271 non
971 1221 1151 1271 autem
1181 1215 1237 1269 in
1277 1216 1545 1270 castitate.

583 1290 741 1343 XXX.
783 1288 1102 1356 Priusquam
1155 1292 1337 1341 tamen
1393 1286 1575 1340 acrius
1630 1285 1840 1339 Datium
1899 1284 2153 1339 absurdis

513 1358 783 1429 ejusmodi
814 1357 1175 1429 consectariis
1203 1370 1522 1429 urgeamus,
1556 1356 1997 1429 percommodum
2031 1368 2154 1429 pro-

514 1425 659 1486 fecto
698 1444 761 1485 ac
792 1428 1025 1497 perutile
1055 1429 1163 1482 erit
1202 1425 1512 1482 luculenter
1539 1426 1861 1495 explicasse,
1894 1425 2154 1495 quemad-

514 1501 736 1557 modum
767 1498 1032 1569 perfectio
1078 1499 1202 1552 vitae
1250 1498 1570 1569 spiritualis,
1603 1497 1903 1569 secundum
1944 1497 2149 1569 reive-

514 1567 950 1639 ritatem,'atque
989 1569 1291 1624 secundum
1330 1568 1566 1639 apostoli
1615 1567 1764 1622 Pauli
1803 1568 2150 1627 sententiam,

2230 1002 2327 1073 Dei
2345 1000 2575 1071 perfecta
2592 1001 2776 1073 est.Et
2805 1008 2985 1055 tamen
3005 1001 3244 1057 Matthaai
3271 1000 3354 1068 19,
3376 1002 3641 1073 Dominus
3670 1003 3748 1070 ei,
3780 1005 3875 1073 qui

2232 1072 2453 1127 dicebat
2480 1086 2540 1126 se
2561 1072 2741 1144 omnia
2765 1077 3040 1144 pracepta
3059 1086 3326 1139 servasse,
3347 1072 3424 1127 ait
3451 1093 3464 1127 :
3497 1074 3564 1128 Si
3583 1074 3664 1127 vis
3676 1072 3878 1144 perfec-

2233 1149 2314 1198 tus
2342 1157 2475 1209 esse,
2506 1142 2656 1207 vade,
2692 1142 2851 1196 vende
2879 1144 3072 1207 omnia,
3107 1150 3216 1198 etc.
3248 1144 3515 1213 Loquitur
3542 1142 3696 1199 enini
3717 1142 3879 1200 Joan-

2233 1228 2333 1269 nes
2357 1214 2425 1267 de
2450 1214 2557 1268 isto
2584 1219 2781 1282 quarto
2800 1213 3001 1281 gradu;
3031 1215 3292 1268 Dominus
3319 1221 3498 1269 autem
3530 1216 3600 1270 de
3631 1216 3823 1271 tertio.
3846 1236 3872 1266 ι)

2305 1285 2529 1339 XXXIV.
2553 1285 2649 1338 llis
2678 1297 2809 1353 ergo
2840 1297 2940 1353 per
2970 1297 3070 1339 nos
3099 1285 3229 1340 item
3260 1287 3621 1354 premonitis,
3651 1287 3701 1339 si
3734 1300 3876 1341 nunc

2235 1369 2546 1425 quaeramus
2573 1367 2683 1425 quo
2712 1367 2878 1409 sensu
2907 1355 3226 1410 Ambrosius
3256 1356 3704 1424 opinione‘Datii
3732 1371 3874 1412 asse-

2235 1424 2427 1489 ruerit,
2463 1424 2856 1493 perfectionem
2885 1427 3030 1491 vitae,
3072 1440 3183 1481 non
3222 1426 3278 1481 in
3316 1427 3591 1492 castitate,
3620 1428 3727 1482 sed
3755 1430 3879 1484 cha-

2235 1498 2397 1552 ritate
2427 1496 2752 1561 consistere,
2783 1496 3084 1551 secundum
3110 1496 3244 1552 illud
3275 1498 3512 1566 apostoli
3542 1498 3700 1553 Pauli
3731 1499 3881 1552 testi-

2237 1566 2501 1631 monium,
2543 1567 2956 1637 procharitatis
2991 1569 3213 1633 virtute,
3255 1569 3388 1637 quin
3419 1569 3585 1623 etiam
3612 1570 3874 1623 virtutum

515 1643 781 1697 consistat
823 1636 878 1694 in
929 1641 1214 1694 charitate.
1264 1638 1531 1693 Prmclare
1578 1647 1757 1693 autem
1796 1638 2447 1708 Bellarminusnregina,
2498 1644 2602 1691 tam
2652 1636 2986 1708 luculentum
3026 1646 3082 1693 et
3110 1639 3370 1707 palmare,
3404 1652 3514 1695 non
3553 1639 3708 1693 aliud
3750 1652 3879 1708 pro-

515 1686 878 1766 ῗιῖὶῖἱὲἶιῖιὶιιίξ
896 1686 2154 1776 castissimae};magnanimis;
2172 1686 2218 1741 Β
2239 1686 2389 1763 ῑὲἕίό
2398 1686 3006 1777 “ἓεέὖόηὰἑίἔ“’ρ”όξέἕι
3029 1686 3437 1778 ’ὑεῖιῖίιζῆιῖὲηἷ
3447 1686 3717 1765 item}.
3750 1686 3880 1763 Esse

515 1784 591 1837 De
622 1780 924 1847 monachis,
953 1781 1131 1848 capite
1162 1780 1427 1844 secundo,
1451 1780 1531 1834 sic
1551 1779 1824 1846 docebat;
1850 1799 1879 1829 «
1903 1782 2039 1833 Sunt
2067 1793 2156 1832 au-

519 1859 626 1907 tem
659 1852 765 1906 hoc
796 1851 919 1905 loco
950 1850 1263 1905 adnotanda
1312 1848 1583 1919 quaedam.
1634 1851 1871 1904 Primum
1910 1850 2044 1919 illud
2075 1856 2159 1903 est

516 1937 698 1977 veram
732 1920 1124 1990 perfectionem
1155 1923 1212 1975 in
1242 1918 1507 1975 charitate
1539 1921 1862 1975 consistere.
1889 1918 2158 1975 Perfectio

520 1994 665 2049 enim
715 1993 1146 2061 uniuscujusque
1194 1992 1272 2046 rei
1313 1994 1368 2046 in
1410 2004 1477 2045 eo
1526 1991 1701 2059 posita
1733 1998 1817 2045 est
1846 1997 1905 2045 ut
1935 1991 2029 2045 lini
2059 2004 2158 2045 suo

520 2064 714 2118 ultimo
741 2077 901 2131 quam
932 2060 1236 2117 arctissime
1269 2063 1650 2131 conjungatur.
1675 2061 1824 2115 Finis
1852 2069 2031 2116 autem
2061 2060 2160 2115 ho-

520 2135 686 2189 minis
715 2136 856 2187 Deus
885 2140 1004 2188 est:
1046 2133 1286 2187 charitas
1315 2146 1443 2187 vero
1475 2133 1704 2186 maxime
1737 2132 1855 2186 unit
1883 2132 2160 2187 hominem

523 2219 646 2259 cum
676 2205 807 2270 Deo,
834 2206 989 2272 juxta
1017 2203 1153 2257 illud
1186 2205 1373 2271 prima:
1402 2203 1627 2258 Joannis
1657 2209 1852 2271 quarto
1878 2220 1890 2256 :
1926 2202 2026 2269 Qui
2056 2218 2163 2256 ma-

521 2280 608 2330 net
653 2275 707 2328 in
752 2275 1029 2339 charitate,
1058 2274 1115 2327 in
1143 2276 1250 2328 Deo
1290 2280 1480 2339 manet,
1521 2279 1569 2328 et
1599 2274 1738 2327 Deus
1773 2273 1829 2326 in
1857 2287 1956 2332 eo;
2008 2278 2063 2327 et
2093 2273 2161 2327 ad

523 2345 879 2400 Colossenses
908 2345 1071 2400 tertio
1097 2364 1109 2398 :
1142 2344 1385 2400 Charitas
1414 2350 1490 2398 est
1517 2345 1776 2397 vinculum
1809 2344 2159 2413 perfectionis,

522 2416 578 2471 id
610 2423 693 2469 est
721 2415 998 2470 vinculum
1028 2415 1198 2485 quod,
1236 2415 1409 2485 ligans
1437 2415 1716 2469 hominem
1755 2428 1877 2467 cum
1907 2416 2038 2479 Deo,
2071 2413 2164 2469 ho-

522 2486 725 2540 minem
747 2486 928 2539 reddit
948 2484 1249 2553 perfectum
1269 2484 1351 2539 Vel
1376 2485 1452 2554 (et
1472 2485 1897 2554 Chrysostomus
1917 2485 2163 2553 exponit)

523 2556 799 2610 vinculum
831 2555 1001 2623 quod,
1029 2555 1204 2624 ligans
1234 2561 1289 2609 et
1318 2556 1609 2610 continens
1639 2556 1691 2609 in
1725 2555 1942 2610 homine
1973 2569 2164 2610 omnes

522 2627 771 2690 virtutes,
798 2625 1073 2680 hominem
1105 2625 1285 2680 reddit
1317 2624 1638 2695 perfectum.
1669 2627 1735 2681 Ut
1764 2627 1908 2680 enim
1937 2626 2165 2694 spiritus

524 2697 796 2751 humanus
824 2697 956 2766 ligat
985 2702 1040 2751 et
1069 2698 1317 2752 continet
1358 2710 1549 2751 omnes
1576 2696 1837 2751 humores
1866 2702 1920 2751 et
1959 2704 2161 2765 partes,

525 2767 733 2836 alioqui
783 2767 1111 2835 dilapsuras,
1158 2768 1232 2821 ita
1279 2768 1514 2836 Spiritus
1559 2775 1801 2832 sanctus,
1853 2766 2166 2821 inhabitans

525 2839 694 2893 corda
728 2846 913 2893 nostra
939 2853 1039 2907 per
1058 2839 1400 2903 charitatem,
1425 2838 1674 2893 continet
1702 2852 1894 2893 omnes
1914 2839 2162 2903 virtutes,

525 2909 733 2977 alioqui
764 2908 923 2963 facile
955 2908 1285 2977 dilapsuras.
1318 2910 1471 2974 Quod
1504 2908 1665 2962 etiam
1696 2908 1841 2962 idem
1870 2908 2167 2976 Apostolus

2239 1778 2583 1834 Ambrosium
2615 1780 2684 1833 de
2719 1778 2840 1833 vitae
2871 1778 3210 1847 perfectione
3242 1781 3540 1849 unicuique
3572 1781 3787 1836 homini
3815 1781 3879 1834 ad

2242 1857 2501 1904 aeternam
2549 1849 2778 1904 salutem
2824 1850 3154 1916 necessaria,
3201 1856 3256 1905 et
3293 1859 3589 1920 propterea
3634 1852 3881 1906 locutum

2243 1921 2405 1975 etiam
2435 1933 2555 1974 esse
2586 1920 2653 1973 de
2685 1920 2950 1975 charitate
2996 1921 3299 1976 secundum
3337 1935 3454 1976 eam
3502 1921 3880 1976 tantummodo

2244 1989 2638 2061 perfectionem
2665 2004 2824 2059 quam
2851 1991 3209 2047 Bellarminus
3238 1992 3485 2061 proxime
3506 1993 3562 2046 in
3592 2006 3660 2047 eo
3686 1999 3881 2061 quarto

2242 2060 2415 2131 gradu
2454 2060 2780 2115 collocabat.
2825 2062 2983 2116 Certe
3012 2067 3193 2116 autem
3241 2060 3316 2117 ita
3365 2077 3592 2131 prorsus
3631 2060 3882 2117 eumdem

2245 2132 2395 2186 illum
2433 2131 2681 2199 Apostoli
2711 2131 2894 2186 locum
2932 2132 3149 2201 probati
3179 2134 3343 2187 etiam
3373 2133 3712 2201 interpretes
3739 2146 3884 2187 com-

2246 2203 2395 2256 muni
2448 2214 2722 2256 consensu
2770 2208 3072 2273 exponunt,
3123 2217 3225 2259 nec
3270 2204 3432 2258 aliter
3480 2218 3603 2258 eum
3653 2205 3885 2273 ipsemet

2245 2274 2408 2328 etiam
2438 2272 2693 2344 exposuit
2738 2272 3077 2340 Ambrosius,
3110 2281 3217 2328 tam
3258 2275 3317 2329 in
3362 2272 3774 2329 Commentario
3814 2273 3884 2344 (si

2246 2350 2426 2397 tamen
2456 2343 2630 2411 ipsius
2659 2356 2846 2398 revera
2875 2350 2978 2407 est,
3020 2351 3078 2398 ut
3116 2346 3401 2414 superiore
3430 2359 3660 2400 numero
3691 2344 3758 2396 '21
3794 2343 3884 2398 ex-

2246 2414 2536 2485 cipiebam)
2557 2427 2716 2482 quam
2740 2414 2882 2470 libro
2903 2420 3120 2483 quarto,
3142 2416 3377 2484 epistola
3395 2414 3486 2477 33,
3507 2429 3680 2485 prope
3704 2415 3885 2480 tinem,

2245 2484 2312 2540 ad
2360 2484 2625 2555 virginem
2664 2498 2873 2539 sacram
2911 2485 3160 2541 scribens
3196 2484 3623 2542 Demetriadem.
3657 2486 3719 2540 Si
3760 2499 3887 2555 ergo

2244 2554 2563 2610 Ambrosius
2594 2569 2662 2610 ex
2690 2568 2757 2610 eo
2784 2556 3034 2624 Apostoli
3065 2556 3210 2622 loco,
3242 2557 3299 2611 in
3331 2571 3474 2622 eum,
3507 2571 3671 2625 quem
3704 2554 3891 2611 Datius

2247 2626 2487 2691 dicebat,
2518 2626 2737 2696 modum
2767 2632 3176 2696 argumentatus
3204 2626 3415 2691 fuisset,
3437 2641 3550 2682 non
3581 2627 3736 2682 aliud
3771 2639 3893 2695 pro-

2248 2696 2392 2751 fecto
2434 2694 2790 2764 perfectionis
2835 2694 3009 2766 genus
3055 2699 3111 2752 in
3153 2699 3327 2753 sacris
3371 2700 3711 2753 Testamenti
3757 2694 3892 2752 Novi

2248 2767 2516 2822 ministris
2562 2768 2930 2822 necessarium
2978 2782 3099 2824 esse
3137 2771 3518 2838 supposuisset
3546 2783 3711 2837 quam
3746 2767 3893 2836 quod

2248 2839 2304 2892 in
2326 2850 2663 2906 unoquoque
2682 2838 2822 2893 laico
2845 2839 3213 2894 necessarium
3235 2846 3382 2894 esset
3401 2846 3721 2904 constat,ut
3742 2846 3895 2893 aeter-

2250 2923 2375 2963 nam
2419 2908 2646 2963 salutem
2697 2916 3042 2977 assequatur.
3089 2910 3204 2964 Nisi
3234 2912 3379 2965 enim
3417 2910 3525 2966 hoc
3562 2910 3659 2965 ille
3690 2922 3897 2978 suppo-

527 2979 790 3052 ostendit,
823 2993 946 3052 cum
976 2980 1052 3052 ait
1082 2980 1272 3046 primm
1302 2978 1370 3032 ad
1401 2978 1717 3033 Corinthios
1742 2993 1841 3031 xm
1878 2997 1890 3031 :
1922 2978 2165 3052 Charitas
2188 2995 2231 3052 ο
2251 2980 2437 3052 nebat,
2469 2979 2583 3052 risu
2624 2978 2870 3047 profecto
2900 2987 2956 3035 et
2984 2980 3269 3036 cachinnis
3292 2981 3673 3050 dignissimum
3704 2979 3899 3035 fuisset

564 3050 730 3103 aliens
776 3053 872 3111 est,
922 3047 1144 3115 benigna
1191 3053 1287 3113 est,
1337 3056 1393 3102 et
1438 3061 1561 3116 quae
1599 3054 1925 3116 sequuntur.
1978 3050 2164 3117 itaque

554 3132 772 3173 reum-us
820 3117 961 3171 libro
1000 3119 1214 3185 quinto,
1250 3124 1375 3172 ante
1421 3117 1679 3183 medium,
1712 3131 1995 3186 exponens
2034 3118 2168 3173 illud

525 3187 776 3258 Apostoli
826 3188 1016 3256 primae
1046 3188 1113 3241 ad
1158 3188 1676 3243 Thessalonicenses
1714 3189 1944 3243 ultimo:
1983 3191 2049 3244 Ut
2092 3190 2172 3243 in-

528 3265 672 3327 teger
716 3259 931 3329 spiritus
969 3263 1224 3329 ves-teret
1273 3258 1450 3313 anima
1487 3264 1536 3313 et
1582 3273 1771 3329 corpus
1818 3265 2168 3327 conservetur,

531 3330 686 3395 dicit,
720 3327 995 3384 hominem
1041 3327 1342 3398 perfectum
1380 3330 1559 3384 tribus
1597 3327 1871 3395 constare,
1912 3344 2167 3399 corpore,

530 3401 729 3465 anima,
763 3407 819 3454 et
857 3400 1064 3469 Spiritu
1101 3406 1293 3455 saneto
1326 3400 1667 3455 iuhabitante
1700 3415 1798 3469 per
1826 3400 2168 3456 charitatem.

535 3473 600 3526 Ut
621 3472 787 3536 enim,
811 3471 859 3524 si
879 3470 1023 3525 desit
1047 3470 1096 3525 ei
1128 3484 1330 3539 corpus
1351 3471 1433 3526 vel
1463 3475 1662 3537 anima,
1686 3473 1791 3526 erit
1820 3471 2174 3540 imperfectus

530 3544 586 3597 in
632 3555 835 3612 genere
884 3548 1114 3607 naturai,
1148 3542 1243 3607 ita,
1275 3543 1321 3596 si
1361 3542 1498 3597 desit
1540 3542 1798 3607 charitas,
1832 3545 1936 3597 erit
1973 3544 2173 3611 imper-

530 3612 708 3668 fectus
736 3613 792 3666 in
823 3627 1040 3683 genere
1063 3612 1251 3683 moris.
1282 3614 1399 3678 Quo
1432 3613 1597 3668 modo
1629 3612 1808 3667 locum
1838 3614 1991 3667 illum
2024 3612 2175 3667 Pauli

529 3681 846 3753 intelligunt
895 3685 1055 3738 etiam
1104 3681 1218 3737 fere
1259 3696 1449 3737 omnes
1494 3683 1688 3747 Graeci,
1733 3684 2172 3753 Chrysostomus,

530 3754 930 3820 Theodoretus,
961 3753 1350 3819 OEcumenius,
1383 3753 1842 3823 Theophylactus,
1867 3761 1923 3809 et
1947 3768 2071 3809 cum
2096 3754 2177 3808 eis

531 3827 899 3894 Hieronymus
946 3825 1001 3877 in
1032 3823 1265 3894 epistola
1294 3825 1360 3878 ad
1409 3824 1716 3888 Hedibiam,
1756 3826 2062 3892 quastione
2095 3824 2180 3879 ul-

534 3897 685 3949 tima.
718 3892 985 3962 Denique,
1009 3892 1158 3961 quod
1189 3893 1428 3948 charitas
1456 3895 1530 3948 sit
1559 3894 1857 3949 christiana
1888 3894 2174 3963 perfectio,

534 3980 603 4020 ex
632 3978 698 4018 eo
731 3970 881 4031 patet
910 3963 1059 4031 quod
1098 3963 1167 4018 ad
1203 3978 1320 4018 eam
1352 3966 1534 4019 omnia
1564 3964 1897 4030 referuntur,
1937 3965 2176 4020 Matthaei

534 4049 647 4090 xxn
685 4053 696 4086 :
743 4036 805 4087 In
840 4033 921 4087 his
959 4033 1157 4087 duobus
1196 4035 1457 4088 mandatis
1493 4036 1737 4089 universa
1773 4038 1906 4100 Lex,
1949 4043 2081 4103 etc.,
2125 4042 2180 4090 et

538 4104 730 4173 primae
760 4103 827 4157 ad
858 4103 1200 4158 Timotheum
1229 4119 1247 4157 1
1271 4124 1283 4158 :
1316 4104 1463 4158 Finis
1488 4105 1735 4174 praecepti
1764 4106 2013 4161 charitas.
2040 4124 2069 4158 »

612 4174 793 4228 XXXI.
834 4174 1075 4229 Subinde
1104 4186 1234 4229 vero
1264 4175 1344 4229 sic
1375 4174 1537 4229 etiam
1569 4178 1959 4244 prosequitur:
1986 4195 2013 4227 «
2040 4178 2180 4231 Nota

539 4245 807 4309 secundo,
833 4259 900 4299 ex
929 4245 1089 4299 beato
1108 4245 1313 4300 Thoma
1341 4246 1398 4300 in
1429 4245 1695 4315 opusculo
1715 4248 1791 4301 De
1819 4244 2175 4315 perfectione,

2253 3049 2360 3104 tale
2411 3049 2586 3121 ipsius
2633 3057 3049 3121 argumentum;
3101 3053 3307 3120 quippe
3353 3049 3442 3106 cui
3481 3052 3896 3121 promptissime

2253 3128 2417 3188 atque
2450 3119 2840 3191 invincibiliter
2868 3119 3453 3191 responderi’p’oterat,
3484 3119 3709 3177 altioris
3739 3122 3894 3177 ordi-

2253 3191 2341 3245 nis
2369 3204 2530 3258 quam
2581 3190 2842 3247 laicorum
2875 3206 2996 3247 esse
3045 3190 3437 3261 perfectionem
3477 3193 3668 3248 talium
3713 3193 3901 3247 minis-

2252 3266 2496 3332 trorum,
2519 3275 2768 3331 eamque,
2801 3276 2909 3316 non
2949 3263 3004 3317 in
3051 3263 3169 3318 sola
3217 3263 3438 3332 quidem
3488 3264 3775 3327 castitate,
3805 3262 3895 3318 sed

2252 3332 2310 3386 in
2349 3330 2615 3386 charitate
2658 3333 2820 3387 simul
2868 3339 2921 3387 et
2968 3330 3600 3401 castitate—consistere,
3650 3336 3804 3389 sicut
3845 3336 3898 3388 in

2255 3402 2520 3457 charitate
2549 3402 2709 3457 simul
2740 3410 2796 3457 et
2824 3404 3135 3473 virginitate
3162 3404 3301 3459 citra
3336 3404 3564 3460 dubium
3595 3405 3890 3467 consistit;

2254 3480 2311 3528 et
2347 3473 2490 3527 sicut
2536 3473 2823 3542 ipsiusmet
2859 3475 3001 3529 Datii
3049 3473 3395 3531 confessione
3432 3480 3572 3542 (non
3614 3478 3766 3531 enim
3799 3476 3899 3530 hoc

2256 3544 2465 3612 negari,
2506 3543 2574 3597 ab
2613 3544 2709 3599 illo
2750 3550 2967 3612 potest;
3017 3545 3064 3600 si
3112 3545 3275 3600 modo
3313 3555 3569 3602 constare
3607 3547 3721 3601 sibi
3753 3546 3897 3609 velit,

2258 3621 2310 3669 et
2349 3614 2714 3686 Ambrosium
2741 3615 2962 3670 sibimet
3009 3615 3113 3684 ipsi
3162 3624 3503 3671 constantem
3549 3616 3895 3686 supponere)

2258 3691 2385 3754 post
2423 3686 2612 3752 prima:
2658 3685 2878 3741 illorum
2927 3686 3300 3742 ministrorum
3340 3688 3530 3743 uxoris
3566 3685 3809 3751 obitum,
3846 3687 3899 3740 in

2259 3755 2526 3810 charitate
2571 3755 2731 3810 simul
2780 3771 2902 3811 cum
2941 3757 3213 3823 castitate,
3245 3758 3357 3813 sive
3404 3772 3528 3812 cum
3566 3759 3901 3813 abstinentia

2260 3827 2639 3898 inposterum
2669 3827 2737 3898 ab
2775 3825 2941 3882 officii
2972 3829 3277 3898 conjugalis
3321 3842 3444 3893 usu,
3477 3830 3760 3884 consistit.
3803 3830 3902 3882 Pro

2260 3896 2438 3964 primo
2469 3896 2637 3964 igitur
2665 3896 2761 3951 illo
2791 3896 3236 3953 sacrorum’Novi
3265 3900 3597 3954 Testamenti
3631 3901 3905 3954 ministro-

2260 3980 2401 4038 rum,
2425 3967 2772 4022 matrimonio
2804 3969 2944 4022 ratio
2971 3968 3084 4035 illa,
3109 3983 3176 4023 ex
3205 3982 3271 4025 eo
3303 3969 3552 4038 Apostoli
3583 3970 3905 4025 testimonio

2261 4037 2568 4110 desumpta,
2611 4038 2746 4091 nihil
2788 4052 3016 4110 prorsus
3046 4039 3208 4110 valet,
3251 4037 3363 4094 nisi
3405 4054 3595 4095 eorum
3640 4039 3904 4110 perfectio

2261 4107 2487 4181 interim
2512 4114 2857 4181 supponatur
2875 4109 3088 4164 ordinis
3106 4124 3237 4181 esse
3269 4124 3377 4166 non
3398 4110 3619 4165 altioris
3641 4107 3810 4181 quam
3836 4111 3902 4163 sit

2262 4176 2527 4246 perfectio
2574 4177 2730 4233 laicis
2775 4179 2937 4234 etiam
2967 4180 3224 4235 omnibus
3259 4181 3327 4235 ad
3365 4187 3628 4236 aeternam
3660 4176 3905 4237 ‘salutem

2264 4248 2593 4321 necessaria.
2623 4250 2787 4321 Atqui
2818 4250 2954 4305 nihil
2993 4250 3121 4316 tale,
3150 4265 3218 4306 ne
3243 4252 3461 4306 interim
3492 4252 3745 4321 quidem,
3777 4266 3909 4320 sup-

545 4322 782 4385 quatuor
806 4329 926 4391 esse
952 4309 1481 4391 gradus_charitatis;
1502 4317 1734 4391 proinde
1756 4309 1916 4391 etiam
1944 4309 2247 4391 quatuorD
2267 4319 2491 4391 ponitur
2508 4318 2586 4391 ab
2622 4309 2933 4391 Ambrosio,
2966 4335 2998 4375 a
3034 4309 3145 4390 quo
3188 4327 3338 4376 certe
3375 4309 3713 4391 supponitur
3730 4309 3910 4391 'opp'o-

547 4384 669 4468 esse
699 4386 902 4468 gradus
941 4384 1314 4468 perfectionis.
1355 4384 1565 4468 Dicitur
1593 4389 1737 4468 enim
1774 4384 2073 4468 periectum
2103 4388 2181 4454 id,

550 4457 640 4512 cui
669 4456 806 4510 nihil
827 4457 985 4511 deest
1014 4458 1069 4510 in
1091 4457 1285 4512 ordine
1305 4458 1373 4513 ad
1401 4458 1637 4527 aliquem
1663 4459 1844 4513 tinem.
1868 4460 2043 4525 Quare
2072 4472 2185 4514 non

550 4533 838 4596 repugnat,
873 4527 1081 4598 aliquid
1112 4541 1232 4582 esse
1263 4528 1583 4597 perfectum,
1616 4534 1672 4583 et
1707 4529 2106 4598 imperfectum,
2138 4530 2185 4585 si

550 4604 901 4666 comparetur
928 4598 993 4652 ad
1018 4597 1265 4653 diversos
1291 4598 1512 4668 gradus,
1548 4612 1645 4654 seu
1676 4597 1839 4654 etiam
1869 4600 2023 4655 fines.
2048 4619 2077 4651 »

620 4670 830 4740 XVXlI.
868 4670 980 4724 Hos
1007 4669 1176 4740 igitur
1203 4670 1365 4740 etiam
1396 4670 1599 4740 gradus
1636 4684 1733 4724 seu
1763 4670 1900 4725 fines
1929 4671 2022 4726 ille
2058 4671 2186 4726 assi-

550 4746 701 4808 gnat.
733 4739 838 4795 Sed
861 4739 1118 4808 quoniam
1143 4739 1349 4808 primus
1368 4739 1435 4795 ad
1458 4740 1621 4794 ullam
1643 4749 1970 4807 creaturam,
1996 4756 2189 4797 secun-

551 4810 656 4864 dus
682 4817 862 4865 autem
892 4809 959 4864 ad
989 4819 1316 4877 praesentem
1342 4811 1582 4865 hominis
1600 4811 1762 4865 vitam
1784 4826 1895 4867 non
1919 4813 2184 4881 pertinet;

552 4894 650 4937 eos
679 4894 781 4950 ego
811 4887 1105 4950 propterea
1143 4882 1526 4950 praetermitto,
1559 4895 1754 4951 meque
1784 4883 1853 4938 ad
1884 4884 2103 4938 tertium
2135 4892 2191 4939 et

552 4957 807 5024 quartum
854 4951 1082 5024 recipio.
1132 4952 1405 5007 «Tertius
1451 4952 1652 5022 gradus
1691 4960 1775 5008 est
1817 4952 2030 5023 (subdit
2059 4968 2189 5024 ergo

552 5020 936 5094 Bellarminus)
972 5020 1202 5091 diligere
1240 5024 1431 5088 Deum,
1460 5020 1576 5077 non
1605 5020 1868 5091 quantum
1898 5030 1982 5079 est
2010 5020 2192 5094 diligi-

552 5092 701 5157 bilis,
737 5106 837 5147 nec
867 5098 1126 5161 quantum
1160 5100 1340 5160 potest
1369 5100 1620 5148 creatura
1649 5094 1912 5162 quaelibet
1940 5092 2189 5150 absolute

554 5162 807 5231 diligere,
848 5163 945 5217 sed
977 5170 1237 5234 quantum
1270 5169 1453 5231 potest
1489 5169 1739 5219 creatura
1771 5164 2035 5228 mortalis,
2067 5180 2190 5234 quae

554 5247 584 5287 a
623 5248 681 5287 se
720 5234 952 5289 removit
998 5233 1179 5287 omnia
1227 5234 1396 5289 divini
1440 5236 1641 5289 amoris
1687 5233 2098 5303 impedimenta,
2138 5242 2193 5290 et

555 5311 725 5358 totam
754 5318 812 5358 se
846 5304 942 5358 Dei
977 5303 1244 5375 obsequio
1275 5306 1635 5360 consecravit.
1667 5306 1765 5371 Qui
1799 5306 1854 5358 in
1885 5304 1992 5359 hoc
2021 5306 2192 5375 gradu

554 5381 861 5444 versantur,
911 5372 1217 5443 imperfecti
1263 5384 1392 5430 sunt
1438 5381 1693 5444 respectu
1741 5372 2045 5442 beatorum,
2094 5376 2192 5432 sed

555 5442 784 5568 pfrfecti
831 5442 1087 5513 respectu
1115 5446 1348 5502 aliorum
1396 5442 1700 5511 hominum,
1733 5446 1894 5502 etiam
1917 5447 2189 5515 justorum

555 5528 585 5568 e
642 5527 930 5568 morum.»

555 5527 610 5569 et
641 5527 873 5584 piorum.
903 5535 930 5565 »

2265 4389 2452 4454 situm,
2474 4388 2637 4444 sicuti
2657 4391 2768 4458 jam
2796 4392 3033 4446 vidimus
3050 4388 3081 4446 e
3102 4406 3331 4447 numero
3358 4391 3422 4444 12
3446 4388 3517 4447 ad
3539 4394 3749 4449 multos
3776 4388 3912 4447 alios

2265 4460 2684 4528 subsequentes.
2715 4462 2836 4516 Non
2866 4462 3035 4531 igitur
3062 4463 3213 4517 credi
3244 4476 3344 4531 par
3371 4470 3456 4518 est
3483 4477 3605 4518 eum
3640 4465 3718 4519 ita
3748 4463 3912 4519 fuisse

2266 4537 2723 4602 argumentatum,
2772 4532 2916 4602 sicut
2964 4534 3015 4588 ei
3062 4534 3250 4588 Datius
3296 4533 3648 4599 ascribebat;
3710 4541 3771 4589 et
3814 4534 3910 4587 hac

2266 4600 2487 4671 quidem
2517 4601 2574 4655 in
2624 4607 2777 4671 parte
2823 4600 3026 4669 fatuus,
3073 4609 3129 4659 et
3173 4604 3414 4673 ineptus,
3447 4612 3503 4660 et
3540 4604 3775 4660 sibimet
3810 4604 3911 4673 ipsi

2267 4687 2454 4742 parum
2487 4680 2767 4727 constans.

2340 4744 2539 4798 XXXV.
2582 4743 2782 4812 Ecquis
2810 4757 2940 4799 vero
2980 4757 3128 4799 sana:
3170 4744 3371 4800 mentis
3399 4751 3673 4813 praeterea
3702 4746 3908 4807 credat,

2267 4814 2612 4885 Ambrosium
2643 4827 2709 4869 eo
2738 4813 2905 4869 fuisse
2935 4815 3116 4869 animo
3147 4821 3208 4870 ut
3232 4815 3397 4870 talem
3426 4816 3575 4871 illam
3606 4830 3714 4885 pro
3734 4831 3914 4871 sacer-

2270 4884 2494 4938 dotibus
2550 4885 3076 4956 uxoratisiauderet
3131 4886 3489 4954 pronuntiare
3546 4884 3751 4956 legem.
3793 4900 3910 4956 qua

2270 4961 2583 5026 sanctorum
2613 4953 2990 5026 apostolorum
3028 4953 3281 5025 sacrique
3310 4957 3534 5012 concilii
3575 4953 3743 5026 primi
3774 4953 3913 5013 ticu-

2272 5024 2471 5079 meniei
2507 5023 2715 5079 Nicaani
2757 5024 2996 5080 decretis
3042 5023 3470 5083 adversaretur?
3509 5023 3591 5082 Ac
3633 5040 3913 5083 sacrorum

2272 5095 2495 5168 quidem
2533 5095 2907 5168 ministrorum
2933 5096 3242 5152 caelibatum
3284 5098 3353 5153 ab
3402 5097 3654 5166 ipsismet
3684 5106 3911 5168 aposto-

2272 5163 2342 5220 lis
2370 5166 2752 5239 praescriptum
2781 5163 2972 5239 fuisse,
3005 5168 3324 5224 testimonio
3348 5163 3510 5223 nobis
3530 5183 3654 5224 esse
3691 5163 3913 5239 possunt

2274 5250 2516 5309 canones
2554 5236 2661 5305 ipsi
2698 5236 3098 5306 apostolorum,
3148 5252 3179 5292 a
3225 5239 3503 5294 Clemente
3550 5236 3733 5308 primo
3781 5252 3911 5309 papa

2274 5307 2510 5362 recitati.
2542 5308 2740 5363 Eorum
2771 5309 2915 5362 enim
2955 5309 3250 5378 vigesimus
3275 5307 3658 5378 septimus’sic
3711 5307 3908 5365 habet:

2277 5324 2510 5362 I‘BCltall.
2542 5324 2740 5363 norum
2771 5324 2915 5362 enim
2955 5324 3250 5433 vrgesrmus
3275 5324 3540 5378 septimus
3576 5325 3658 5365 sne
3711 5324 3908 5365 nanet:

2277 5379 2588 5450 «innuptis
2615 5384 2816 5445 autem,
2850 5378 2945 5448 qui
2975 5393 3004 5434 a
3075 5380 3281 5435 clerum
3311 5380 3557 5449 provecti
3592 5387 3744 5446 sunt,
3775 5393 3913 5450 prae:

2274 5448 2507 5517 cipimus
2573 5454 2652 5517 ut,
2709 5450 2757 5505 si
2814 5450 3108 5517 voluerint,
3169 5448 3370 5506 uxores
3434 5451 3747 5520 accipiant;
3778 5448 3909 5504 'sed

2277 5521 2514 5575 lectores
2576 5527 2942 5589 cantoresque
3007 5521 3406 5578 tantummodo.
3451 5541 3479 5570 ι
3528 5523 3673 5577 Bene
3728 5527 3909 5575 autem
