4096 6156
359 285 468 339 985

1145 286 1192 338 J.
1237 286 1294 339 Ρ.
1339 286 1692 343 PIIRICELLI
1733 290 2028 345 DISSERT.
2070 289 2157 341 DE
2194 286 2639 342 CONTINENTIA
2677 287 2939 341 CLERIC.

3617 284 3726 340 986

361 407 725 465 Bellarminus
771 405 932 482 _libro
998 407 1175 477 primo
1231 411 1306 465 De
1362 409 1597 482 clericis,
1656 412 1836 482 capite
1899 410 2158 480 19,Α77
2195 416 2251 465 et
2285 409 2357 463 78
2409 409 2731 482 observavit)
2785 408 3151 465 interfuerunt
3175 429 3200 482 ;A
3249 408 3403 482 sicut
3439 414 3495 464 et
3532 414 3723 480 postea

364 486 721 605 posteaquam
771 477 917 532 hunc
964 492 1228 534 canonem
1277 481 1582 546 recitasset,
1622 477 2000 553 sic'adjecit;

365 567 394 605 ι(
433 553 554 605 Ouo
630 556 811 603 autem
842 549 910 603 de
958 548 1261 605 lectoribus
1308 557 1363 605 et
1391 552 1713 605 cantoribus
1753 554 1961 605 dicitur
1987 598 2000 605 -

365 548 394 605 ἱ(
433 548 590 622 Quod
630 556 811 622 autem
842 549 910 622 de
958 548 1261 622 lectoribus
1308 557 1363 606 et
1391 552 1713 608 cantoribus
1753 548 2001 622 dicitur,

365 621 511 677 idem
540 621 614 694 de
636 619 761 674 aliis
791 620 1098 694 minoribus
1133 621 1422 676 ordinibus
1467 623 1832 694 intelligitur;
1882 619 2004 680 cum

365 694 440 748 sit
469 692 711 747 omnium
743 691 930 745 eadem
962 692 1123 747 ratio.
1160 713 1185 740 ι)
1218 693 1483 758 Quocirca
1514 691 1675 749 etiam
1705 691 1823 751 vice
1852 710 2007 751 versa

362 763 892 836 secundumusanam
932 762 1157 836 canonis
1196 762 1357 836 hujus
1395 764 1811 836 intelligentiam
1850 767 2007 821 mini-

362 835 495 907 stris
542 832 797 907 omnibus
838 834 1105 902 innuptis,
1156 839 1211 887 et
1256 834 1325 888 ad
1372 849 1560 890 sacros
1579 832 1832 893 'ordines
1881 852 2008 907 pro-

362 905 529 978 motis
574 903 800 978 vetitum
859 910 977 978 erat
1043 917 1243 959 uxores
1296 907 1566 978 accipere.
1634 912 1811 978 Atque
1876 903 2005 964 huic

361 975 590 1049 quidem
618 974 999 1049 intelligentia
1030 989 1190 1043 quam
1221 974 1429 1044 optime
1467 974 2006 1049 congruit'superior

360 1045 681 1120 eor-umdem
711 1045 1089 1120 apostolorum
1122 1059 1299 1120 canon
1337 1055 1543 1120 sextus,
1577 1045 1688 1118 quo
1741 1045 1833 1105 sic'
1869 1066 2005 1120 pra-

359 1117 708 1185 cipiebatur:
746 1133 773 1166 «
805 1115 1131 1188 EpiSCOpus,
1156 1117 1237 1171 vel
1270 1119 1575 1188 presbyter,
1595 1115 1684 1176 vel
1715 1115 2000 1187 diaconus,

357 1201 617 1259 uxoreml
654 1200 807 1259 suam
870 1200 938 1241 ne
994 1187 1178 1254 ejiciat
1218 1187 1502 1259 religionis
1560 1199 1849 1259 pratextu.
1909 1192 2003 1247 Sin

358 1265 542 1313 autem
574 1257 819 1331 ejclcerit,
852 1265 1200 1331 segregetur:
1238 1257 1343 1323 et,‘
1364 1260 1410 1314 si
1466 1257 1799 1329 perseveret,
1834 1263 2004 1331 depo-

359 1336 605 1403 natur.»
651 1329 764 1403 lloc
802 1329 945 1403 enim
994 1343 1203 1403 canone
1251 1332 1515 1399 agebatur
1561 1334 1630 1387 dc
1685 1329 1998 1403 episcopis,

360 1399 699 1469 presbyteris
728 1405 784 1452 et
822 1399 1072 1453 diaconis
1107 1400 1201 1469 qui
1230 1412 1355 1455 ante
1389 1399 1791 1459 ordinationem
1824 1399 2003 1459 duxis-

358 1475 485 1524 sent
524 1471 990 1544 uxores,_quique
1027 1470 1466 1544 solliciteatque
1516 1475 1771 1544 religiose
1810 1490 2003 1531 cavere

361 1547 656 1612 propterea
687 1539 974 1606 deberent,
1018 1554 1086 1594 ne
1125 1541 1235 1596 illis
1272 1543 1327 1598 in
1379 1539 1655 1612 posterum
1695 1552 2000 1601 uterentur.

356 1612 435 1664 Ne
476 1611 957 1683 igitur_pra_textu
1004 1612 1289 1681 religionis
1335 1611 1518 1683 hujus,
1567 1618 1682 1672 sive
1730 1618 1999 1683 cautela,

359 1680 666 1749 cateroqui
694 1681 766 1735 ob
795 1681 971 1750 legem
1021 1680 1306 1739 calibatus
1353 1680 1698 1753 néceSsaria,
1752 1680 2005 1757 depone;

356 1758 486 1805 rent
525 1739 723 1825 earum
750 1739 957 1820 curam,
998 1767 1099 1808 nec
1146 1769 1239 1809 eas
1289 1739 2067 1825 interim"51£ién£"c2é'té-3

355 1836 530 1896 raque
560 1821 628 1896 ad
675 1821 876 1877 victum
909 1826 1218 1879 necessaria
1264 1828 1700 1896 suppeditarent,
1743 1821 2001 1885 conditus

359 1900 446 1969 est
476 1892 566 1946 hic
597 1892 715 1960 ipse
764 1906 940 1948 canon
984 1902 1045 1948 ut
1089 1892 1386 1969 sapiente'r'
1422 1899 1522 1953 viri
1579 1892 1727 1955 docti
1767 1902 1998 1969 pracise

354 1961 716 2044 affirmarunt,
749 1978 983 2044 quorum
1031 1961 1238 2044 multos
1289 1975 1572 2044 enumerat
1628 1961 1791 2025 etiam
1828 1974 1996 2044 Seve-

355 2034 515 2114 rinus
551 2034 740 2114 Binius
793 2040 941 2114 torno
986 2037 1569 2114 primoConciliorum
1626 2055 1656 2094 a
1702 2043 1998 2111 semetipso

356 2104 657 2169 editorum,
688 2104 801 2158 sive
847 2106 904 2159 in
952 2107 1066 2161 suis
1112 2109 1179 2163 ad
1219 2110 1468 2165 eumdem
1508 2125 1771 2167 canonem
1830 2104 1994 2168 noiis.

358 2174 723 2255 Indealn‘dem
772 2189 937 2243 porro
986 2180 1319 2255 sententiam
1344 2181 1538 2255 _nobis
1567 2183 1729 2237 etiam
1760 2183 2000 2255 Galixtus

354 2245 685 2326 astipulatur
729 2259 867 2326 papa
915 2248 1143 2326 primus,
1198 2253 1296 2326 qui
1344 2252 1641 2326 Romanam
1699 2254 1999 2309 Ecclesiam

357 2316 504 2396 rexit
532 2315 601 2369 ab
637 2329 782 2371 anno
812 2318 1024 2396 Domini
1053 2315 1233 2396 supra'
1266 2321 1699 2396 ducentesimum
1732 2326 1998 2396 (vigesimo

356 2389 557 2464 primo,
593 2389 866 2464 usquead
897 2389 1223 2464 vigesimum
1268 2400 1502 2448 sextum.
1545 2395 1596 2448 Is
1654 2389 1819 2449 enim'
1855 2396 1999 2464 apud

355 2457 671 2538 Gratianum
721 2457 1096 2538 “distinctione
1150 2460 1243 2538 _27,
1303 2477 1422 2538 cap.
1483 2457 1999 2538 Pres_byteris,'ita

360 2530 614 2608 inquit}.
648 2545 675 2578 «
721 2530 1080 2608 Presbyteris,
1116 2530 1399 2608 _diaconis,
1445 2541 1500 2589 et
1546 2530 1900 2608 subdiaconis
1946 2543 2001 2592 et

359 2597 653 2679 monachis
663 2597 1013 2679 concubinas
1026 2602 1245 2679 _habere
1274 2619 1370 2659 seu
1385 2597 1747 2661 matrimonia
1774 2615 1999 2679 contra-

360 2668 506 2750 here.
528 2668 747 2750 penitus
767 2672 1197 2750 interdicimus;
1239 2682 1527 2750 contracta
1563 2691 1786 2750 quoque
1817 2678 2002 2732 matri-

355 2740 544 2793 monia
583 2740 650 2793 ab
688 2740 1000 2816 hujusmodi
1032 2745 1301 2812 personis,
1335 2740 1600 2816 disjnngi,
1632 2740 1788 2816 jchta
1824 2763 2001 2803 sacro-

357 2823 478 2888 rum
505 2824 761 2888 canonum
798 2812 1141 2888 deﬁnitiones,
1177 2812 1588 2888 judicamusfu
1632 2812 1787 2874 'Bene
1834 2820 2000 2888 siqui-

357 2879 819 2960 dem‘Gr‘egorius
855 2879 924 2960 de
980 2879 1225 2960 Valentia
1281 2887 1338 2942 in
1380 2887 1537 2960 libro
1575 2890 1651 2944 De
1704 2879 1958 2944 caelibatu
1983 2932 1996 2954 ,

357 2951 543 3026 capite
565 2949 621 3018 3,
640 2949 800 3026 inter
827 2954 966 3026 alios
1004 2956 1293 3026 theologos
1344 2958 1424 3012 sic
1472 2959 1726 3014 observat
1756 2961 1823 3015 ad
1856 2949 2001 3015 hunc

356 3021 845 3111 [qqlllI-I-ijl—Qllo.
877 3021 1220 3111 loco,ﬂcum'
1254 3028 1487 3111 galistus
1538 3044 1777 3111 canones
1814 3045 2001 3111 sacros
2023 3051 2067 3111 α

358 3091 705 3169 antiquiores
732 3108 791 3148 se
829 3095 947 3163 ipse
986 3091 1149 3169 etiam
1187 3101 1445 3167 antiquus
1483 3100 1729 3169 pontifex
1766 3101 1834 3156 ad
1882 3116 1999 3157 eam

356 3175 478 3217 rem
508 3163 662 3245 citet,
691 3172 1013 3245 argumento
1036 3168 1116 3245 _id
1164 3176 1270 3232 est,
1308 3163 1449 3224 lianc
1483 3163 1669 3245 iegem
1717 3173 2002 3245 caelibatus

355 3246 483 3316 ego
513 3235 888 3316 apostolicam.
932 3253 960 3290 »
994 3237 1053 3292 Id
1079 3239 1415 3316 ipsumvero
1446 3235 1579 3297 satis
1624 3251 1814 3316 aperte
1845 3244 2002 3298 colli-

354 3310 701 3385 giturmetiam
738 3320 1074 3385 e‘sacrorum
1094 3310 1498 3385 _conciliorum,
1539 3328 1603 3368 ac
1633 3310 2000 3370 Romanorum

360 3374 793 3456 p01)_t_ifi_cuin,let
820 3386 1061 3456 veterum
1094 3382 1310 3456 Patrum
1355 3374 1709 3456 testimoniis,
1750 3400 1873 3453 qua
1905 3400 2000 3439 ca-

361 3444 559 3522 tholici
599 3446 857 3522 doctores
885 3449 1145 3505 adversus
1175 3452 1466 3508 haereticos
1491 3469 1591 3522 pro
1631 3444 1823 3509 eodem
1855 3456 2003 3510 caeli-

360 3515 497 3596 batu
555 3517 915 3596 c_olleger_unt,
970 3523 1409 3596 aclnominatim
1448 3515 1821 3596 lB-ellarminus
1857 3526 2001 3581 libro

362 3590 546 3668 primo
569 3591 644 3642 De
674 3590 913 3668 clericis,
948 3592 1125 3668 capite
1168 3592 1251 3644 19.
1294 3595 1334 3647 E
1364 3594 1566 3668 quibus
1593 3596 1829 3668 quidem,
1854 3597 2002 3651 testi-

358 3659 564 3736 moniis
594 3659 832 3736 unicum
843 3661 981 3736 illud
1014 3659 1067 3736 in
1119 3659 1399 3732 prasenti'
1430 3659 1735 3734 producere
1782 3667 1998 3736 placet,

361 3727 515 3795 quod
547 3735 631 3783 est
676 3731 898 3804 concilii
927 3727 1392 3804 Cartha'ginensis,
1428 3727 1487 3791 ut
1524 3727 1866 3792 communius
1897 3727 1999 3792 nu;

362 3805 629 3881 rneratur,
648 3803 913 3881 secundi,
937 3803 1005 3857 de
1035 3818 1145 3881 quo
1173 3806 1548 3881 Baronius,_ad
1580 3808 2001 3881 annumChristi

360 3875 814 3951 trecentesimum
875 3876 1285 3951 nonagesimum
1321 3878 1676 3951 septimum,
1699 3885 1754 3933 et
1770 3879 1998 3951 _Binius,

360 3944 516 4016 torno
564 3944 741 4008 primo
778 3944 1168 4011 Conciliorum,
1212 3944 1416 4016 pagina
1450 3947 1576 4012 541,
1626 3950 1681 4003 id
1728 3948 2002 4004 affirmans

360 4009 705 4089 celebratum
722 4018 967 4089 tempore
996 4009 1465 4089 CaleSti'nifpi'imi
1497 4009 1653 4089 papa
1683 4019 1801 4081 (fuit
1820 4029 2000 4075 autem

361 4079 620 4161 abanno
651 4079 852 4161 Christi
890 4100 1073 4161 supra
1102 4079 1701 4161 quadringentesimum
1742 4092 2001 4161 vigesimo

361 4154 531 4205 tertio
561 4167 733 4221 usque
771 4154 839 4208 ad
888 4154 1226 4231 trigesimum
1271 4154 1599 4231 secundum)
1651 4168 1707 4216 et
1750 4154 2001 4217 avLeone

361 4234 506 4305 papa
545 4231 747 4305 quarto.
771 4228 1204 4305 comprobatum,
1245 4231 1527 4305 capiteDe
1557 4228 1780 4305 libellis,
1811 4234 2004 4288 distin-

363 4298 551 4346 ctione
582 4298 859 4370 vlgesima.
890 4299 1016 4364 Ejus
1048 4299 1192 4353 enim
1225 4298 1446 4355 concilii
1478 4303 1645 4357 verba
1674 4303 1794 4359 hac
1824 4312 1998 4370 erant,

2087 494 2277 536 eorum
2316 481 2472 536 multi
2502 480 2742 536 concilio
2771 480 3224 545 Neocasariensi,
3267 479 3517 549 plerique
3536 479 3723 536 autem

2087 553 2338 619 Nicano,
2368 552 2437 607 de
2477 553 2678 621 quibus
2715 553 2967 608 conciliis
3007 552 3251 621 proxime
3291 551 3558 605 dicemus.
3589 553 3723 606 Cum

2088 623 2256 692 igitur
2284 626 2627 692 Ancyranum
2659 623 2793 678 illud
2837 623 3131 678 concilium
3177 621 3357 677 varios
3405 622 3726 677 sancivisset

2089 707 2328 749 canones
2358 708 2458 762 pro
2496 695 2831 762 recipiendis
2884 694 2951 748 ad
3006 693 3329 748 catholicam
3386 694 3725 748 communio-

2087 778 2210 820 nem
2240 764 2309 819 iis
2337 765 2431 833 qui
2472 773 2698 834 propter
2735 765 3006 819 Maximini
3037 765 3253 834 tyranni
3283 764 3724 831 persecutionem

2086 849 2118 890 a
2157 834 2264 890 fide
2295 835 2565 890 catholica
2603 835 2936 901 defecerant,
2987 842 3099 889 tum
3146 847 3277 889 vero
3325 847 3535 889 canone
3576 847 3722 890 nono

2094 906 2272 976 (aliter
2303 905 2544 976 decimo)
2579 906 2654 960 ita
2684 906 3066 971 decreverunt,
3111 912 3171 960 ut
3207 905 3472 960 Baronius
3500 905 3567 959 ad
3598 919 3723 960 eum

2086 977 2266 1046 ipsum
2330 990 2530 1030 annum
2605 978 2763 1031 artic.
2841 977 2946 1044 88,
3019 977 3105 1031 his
3169 976 3426 1045 exprimit
3490 976 3718 1031 verbis:

2089 1065 2118 1099 «
2170 1047 2362 1115 Lapsis
2417 1048 2586 1117 igitur
2650 1048 2917 1116 ejusmodi
2983 1047 3242 1102 remediis
3297 1046 3611 1115 impartitis,
3653 1046 3722 1102 de

2086 1118 2458 1173 ecclesiastica
2516 1117 2807 1187 disciplina
2864 1121 3182 1187 incorrupte
3221 1118 3487 1173 servanda
3535 1118 3724 1172 Patres

2085 1189 2221 1244 alias
2268 1188 2485 1258 regulas
2520 1188 2890 1255 addiderunt;
2932 1190 3029 1244 sed
3077 1190 3224 1244 illam
3270 1190 3325 1243 in
3368 1187 3559 1257 primis
3597 1202 3721 1256 qua

2085 1259 2152 1313 ad
2186 1272 2376 1314 sacros
2431 1259 2691 1315 Ecclesia
2747 1261 3028 1315 ministros
3078 1273 3408 1330 magnopere
3471 1266 3722 1327 spectare

2085 1330 2391 1397 videbatur,
2432 1344 2627 1400 nempe
2666 1339 2727 1385 ut
2772 1332 2978 1400 absque
3026 1345 3226 1387 uxores
3271 1331 3520 1385 calibem
3552 1330 3723 1400 vitam

2085 1401 2372 1473 ducerent,
2414 1415 2521 1469 qua
2559 1397 2779 1470 quidem
2809 1397 2929 1473 lege
2961 1404 3041 1472 (ut
3069 1402 3204 1457 alias
3232 1401 3439 1473 dictum
3469 1397 3576 1470 est)
3610 1413 3723 1473 non

2084 1472 2402 1527 sacerdotes
2440 1479 2668 1537 tantum,
2701 1473 2797 1527 sed
2851 1471 2907 1528 et
2943 1473 3160 1528 diaconi
3199 1472 3425 1543 obligati
3460 1471 3721 1543 erant_ab

2086 1544 2208 1612 ipso
2239 1544 2467 1598 exordio
2499 1544 2775 1597 nascentis
2814 1543 3106 1609 Ecclesia;
3139 1541 3374 1612 illosque
3403 1541 3579 1597 solum
3607 1541 3723 1595 dia-

2087 1627 2256 1668 cones
2292 1615 2361 1668 ab
2391 1628 2455 1668 ea
2485 1615 2648 1669 eximi
2678 1614 2990 1682 voluerunt,
3031 1616 3145 1683 qui,
3181 1629 3303 1669 cum
3334 1613 3724 1683 ordinarentur

2086 1684 2262 1749 inviti,
2296 1684 2527 1740 fuissent
2566 1686 2771 1754 pariter
2801 1682 3092 1740 contestati
3122 1699 3180 1740 se
3220 1698 3330 1739 non
3362 1697 3523 1754 posse
3553 1682 3724 1754 conti:

2087 1762 2282 1810 nentes
2310 1757 2510 1820 vivere,
2553 1752 2615 1810 ac
2656 1756 2887 1825 proinde
2926 1756 3127 1811 ducere
3167 1752 3391 1815 uxorem
3421 1753 3580 1825 velle,
3621 1752 3723 1818 Qui

2082 1828 2227 1881 enim
2257 1826 2337 1880 sic
2367 1823 2717 1881 reclamasset
2738 1834 2793 1882 et
2812 1827 3171 1882 nihilominus
3190 1826 3477 1881 ordinatus
3506 1823 3721 1889 fuisset,

2082 1896 2333 1966 quisquis
2397 1904 2544 1951 esset
2579 1897 2913 1966 hujusmodi,
2974 1905 3097 1967 post
3153 1910 3367 1952 sacrum
3402 1896 3725 1951 diaconatus

2081 1967 2334 2023 ordinem
2363 1981 2589 2022 uxorem
2622 1982 2780 2037 posse
2813 1966 3037 2034 ducere,
3070 1970 3259 2023 Patres
3306 1966 3387 2021 illi
3427 1978 3723 2037 consense-

2081 2044 2228 2104 runt,
2287 2038 2368 2092 sic
2406 2036 2709 2093 statuentes
2742 2042 2955 2107 (canone
3009 2054 3144 2093 nono
3181 2037 3262 2093 vel
3316 2036 3539 2106 decimo)
3600 2036 3723 2089 Dia-

2081 2110 2230 2173 coni,
2263 2109 2578 2177 quicunque
2626 2110 2974 2175 ordinantur,
3014 2111 3060 2164 si
3109 2110 3165 2163 in
3204 2109 3322 2178 ipsa
3370 2108 3721 2178 ordinatione

2083 2181 2372 2247 protestati
2395 2187 2543 2245 sunt,
2564 2186 2620 2234 et
2641 2180 2899 2234 dixerunt
2916 2179 3055 2234 velle
3077 2194 3135 2234 se
3168 2179 3425 2248 conjugio
3449 2177 3721 2247 copulari,

2082 2249 2209 2319 quia
2238 2250 2319 2303 sic
2348 2263 2567 2305 manere
2605 2263 2716 2304 non
2756 2256 3023 2319 possunt;
3064 2250 3111 2304 si
3142 2249 3489 2319 postmodum
3526 2260 3724 2319 uxores

2082 2316 2361 2386 duxerint,
2401 2322 2458 2375 in
2516 2316 2823 2376 ministerio
2883 2316 3157 2385 maneant,
3218 2327 3512 2389 propterea
3568 2316 3720 2389 quod

2083 2391 2163 2445 eis
2229 2391 2522 2460 episcopus
2576 2392 2853 2446 licentiam
2907 2391 3143 2446 dederit.
3201 2390 3524 2459 Quicunque
3589 2400 3721 2442 sane

2082 2462 2378 2528 tacuerint,
2412 2470 2467 2531 et
2510 2465 2855 2531 susceperint
2894 2476 3083 2517 manus
3122 2462 3551 2530 impositionem,
3594 2471 3722 2528 pro-

2083 2476 2378 2528 tacuertnt,
2406 2476 2467 2586 ἓι
2510 2476 2855 2531 susceperint
2894 2476 3083 2517 manus
3122 2476 3551 2530 imposmonem,
3594 2476 3721 2528 pro-

2083 2531 2211 2586 fessi
2250 2533 2397 2586 conti
2443 2534 2666 2599 entiam,
2698 2541 2753 2588 et
2793 2540 2983 2602 postea
3033 2533 3239 2602 nuptiis
3278 2532 3505 2602 obligati
3553 2534 3721 2596 sunt,

2083 2616 2114 2656 a
2154 2603 2459 2658 ministerio
2514 2618 2729 2658 cessare
2768 2604 3069 2659 debebunt.
3130 2622 3157 2654 »
3218 2605 3494 2658 Hactenus
3549 2615 3617 2655 ex
3655 2613 3722 2655 eo

2083 2687 2293 2728 canone
2314 2675 2577 2729 Baronius
2597 2675 2897 2730 secundum
2922 2674 3165 2744 Dionysii
3190 2674 3378 2744 Exigui
3399 2672 3720 2744 editionem.

2081 2745 2215 2799 Tum
2268 2758 2396 2798 vero
2435 2745 2514 2799 sic
2562 2746 2723 2800 etiam
2761 2745 2985 2801 subdit:
3044 2741 3078 2795 οἱ
3110 2741 3345 2799 Additur
3385 2744 3442 2799 in
3481 2741 3723 2798 secunda

2083 2814 2326 2869 editione
2392 2813 2575 2884 (quam
2634 2816 2901 2884 ipsemet,
2961 2816 3246 2884 superiore
3304 2813 3537 2869 articulo
3602 2813 3719 2884 81,

2084 2885 2297 2940 dixerat
2326 2882 2524 2940 incerti
2557 2882 2677 2941 esse
2707 2887 2969 2950 auctoris)
3004 2882 3197 2941 laicam
3219 2892 3425 2940 tantum
3452 2882 3722 2952 recipien-

2083 2963 2167 3010 tes
2204 2957 2662 3012 communionem.
2699 2976 2726 3007 »
2766 2958 2973 3024 Quibus
3002 2972 3031 3012 e
3060 2957 3242 3011 verbis
3272 2956 3413 3011 idem
3455 2953 3724 3009 Baronius

2085 3026 2140 3080 id
2181 3027 2434 3081 observat
2466 3047 2478 3082 :
2515 3046 2543 3077 «
2583 3028 2867 3093 Nimirum,
2920 3041 3031 3084 non
3088 3042 3208 3082 cum
3243 3028 3416 3082 sacris
3455 3024 3725 3080 ministris

2083 3097 2317 3165 amplius
2344 3098 2441 3152 sed
2488 3113 2611 3153 cum
2670 3099 2873 3168 populo
2921 3105 3073 3154 extra
3112 3098 3389 3154 cancellos
3418 3095 3724 3168 communi-

2082 3176 2290 3223 cantes.
2324 3187 2353 3220 »
2385 3171 2460 3223 Ac
2488 3166 2705 3224 demum
2744 3166 2820 3224 ita
2848 3169 3129 3225 concludit
3159 3189 3171 3224 :
3207 3188 3236 3221 ‹‹
3278 3171 3354 3224 Ex
3392 3169 3478 3223 his
3518 3166 3721 3233 videas,

2085 3245 2198 3293 tum
2227 3239 2282 3292 in
2316 3240 2569 3294 universa
2609 3240 2851 3295 Ecclesia
2875 3241 3165 3305 catholica,
3199 3247 3312 3295 tum
3353 3240 3409 3293 in
3457 3239 3680 3293 Oriente
3704 3277 3719 3301 ,

2084 3323 2246 3379 quam
2277 3310 2463 3365 firmus
2500 3318 2664 3379 atque
2695 3312 2907 3365 stabilis
2953 3317 3305 3378 assertusque
3351 3310 3419 3363 ab
3469 3308 3725 3379 omnibus

2085 3377 2230 3434 esset
2268 3394 2548 3435 sacrorum
2576 3377 2961 3435 _ministrorum
3016 3377 3320 3435 calibatus.
3374 3379 3479 3434 Sed
3529 3378 3598 3434 de
3637 3377 3723 3430 his

2083 3458 2264 3504 actum
2297 3457 2380 3504 est
2411 3451 2586 3518 primo
2615 3451 2900 3505 Annalium
2933 3457 3082 3506 tomo
3105 3450 3373 3519 pluribus.
3400 3469 3427 3500 ν
3450 3447 3723 3518 Ancyrani

2085 3534 2216 3589 ergo
2256 3521 2375 3588 ejus
2404 3521 2627 3575 conciiii
2666 3523 2855 3575 Patres
2907 3520 2994 3591 (ut
3040 3534 3142 3591 ego
3183 3534 3402 3589 quoque
3451 3533 3551 3587 pro
3592 3530 3722 3591 lmeo

2082 3605 2247 3646 sensu
2278 3591 2368 3645 hic
2406 3590 2644 3660 denique
2694 3589 3038 3660 concludam)
3079 3589 3285 3645 eertam
3333 3589 3723 3659 supponebant

2084 3662 2279 3730 legem,
2348 3676 2471 3730 qua
2528 3663 2700 3716 sacris
2751 3664 2807 3716 in
2864 3664 3174 3717 universum
3245 3662 3509 3715 ministris
3566 3672 3722 3714 usum

2082 3733 2413 3787 matrimonii
2469 3738 2697 3798 vetaret,
2721 3747 2953 3802 quaque
2985 3732 3342 3787 nihilominus
3361 3732 3429 3787 ab
3459 3730 3723 3800 episcopo

2084 3803 2317 3857 relaxari
2359 3812 2545 3873 posset
2575 3805 2629 3858 in
2671 3818 2814 3867 eum,
2848 3818 3011 3873 quem
3042 3804 3149 3873 ipsi
3189 3804 3579 3873 prascripsere
3608 3812 3726 3855 m0-

2085 3876 2237 3938 dum,
2270 3873 2344 3927 ita
2376 3880 2434 3929 ut
2465 3875 2545 3929 eis
2575 3888 2684 3929 non
2714 3876 2876 3929 aliter
2903 3875 2981 3929 uti
3012 3874 3361 3930 matrimonio
3392 3874 3605 3929 liceret.

2154 3945 2430 4017 XXXVIII.
2466 3964 2494 3996 «
2534 3946 2663 4001 Post
2692 3948 3032 4015 Ancyranum
3061 3960 3192 4001 vero
3224 3946 3599 4017 (prosequitur
3627 3943 3735 3996 Ba-

2085 4017 2275 4070 ronius
2306 4016 2373 4070 ad
2432 4017 2680 4071 eumdem
2721 4030 2921 4071 annum
2963 4015 3403 4072 trecenteSimum
3452 4015 3725 4070 decimum

2084 4094 2335 4156 quartum
2374 4093 2476 4142 art.
2518 4086 2628 4157 90.)
2656 4089 3099 4143 Neocasariense
3149 4087 3440 4144 concilium
3473 4085 3726 4141 celebra-

2085 4165 2199 4212 tum
2230 4165 2331 4212 est.
2367 4159 2544 4225 Quoto
2575 4165 2756 4214 tamen
2786 4173 2952 4225 anno,
2985 4161 3293 4224 nescimus;
3328 4158 3425 4213 sed
3461 4162 3724 4226 quantum

2085 4231 2642 4306 conjecturaassequi
2667 4230 2818 4295 licet,
2845 4230 3151 4306 cum__i_ide_m
3177 4243 3346 4298 prope
3368 4225 3562 4306 omnes
3583 4225 3725 4306 epis:

2088 4294 2214 4368 copi
2252 4300 2345 4367 qui
2399 4294 2765 4355 interfuerunt
2820 4301 3056 4354 concilio
3086 4294 3369 4368 Ancyrano
3426 4294 3724 4368 subscripti

363 4362 678 4445 canone2’:
725 4384 752 4445 ξ
781 4362 1043 4445 Omnibus
1073 4369 1251 4437 placet
1282 4378 1340 4425 ut
1370 4372 1637 4442 episcopi,
1676 4362 2066 4445 presbyteri,D
2091 4362 2303 4445 pariter
2324 4368 2639 4445 habeantur:
2668 4371 2749 4445 illi
2761 4370 2949 4445 _quod_
2974 4362 3347 4445 Neocasarea
3386 4362 3724 4445 celebratum

365 4432 611 4513 diaconi,
668 4435 760 4513 vel
807 4432 1279 4513 qui‘sacramenta
1318 4432 1690 4509 contrectant,
1726 4432 2007 4513 pudicitia

364 4504 648 4585 custodes,
687 4504 849 4561 etiam
879 4509 946 4562 ab
988 4511 1249 4585 uxoribus
1286 4526 1345 4585 sc
1384 4504 1829 4585 abstineant,'ut,
1870 4515 2008 4585 quod

365 4574 592 4655 apostoli
612 4576 918 4655 docuerant,
941 4585 989 4655 et
1010 4582 1366 4650 ipsascmavit
1388 4574 1798 4655 antiquitusﬁzos
1810 4574 2009 4655 quoque

363 4644 774 4729 custodiamus»
799 4650 876 4703 En
894 4644 1070 4729 igitur
1100 4665 1200 4720 pro
1220 4644 1781 4729 sacrorum‘calibatu
1812 4644 2007 4729 minis-

365 4723 577 4796 trorum
615 4717 864 4796 videmus
892 4717 1065 4791 legem
1096 4717 1127 4776 a
1173 4724 1378 4779 sanctis
1423 4724 1690 4793 apostolis
1721 4727 2004 4793 sancitam,

366 4790 610 4858 itemque
639 4790 944 4858 antiquitus
960 4790 1260 4849 servatam.

434 4857 662 4937 xxxvi.
703 4857 1003 4937 Progressu
1049 4871 1240 4937 tamen
1306 4867 1571 4937 temporis
1627 4878 1737 4920 non
1782 4864 2005 4921 defuere

364 4930 461 5010 qui
491 4941 525 4980 a
560 4930 733 5010 veteri
764 4937 816 5010 et
846 4934 1150 5010 apostolica
1181 4935 1272 4989 illa
1310 4930 1602 5010 disciplina
1632 4937 1882 5010 nonnihil
1912 4938 2008 4992 de-

365 4995 714 5075 clinaverint,
758 5007 813 5056 et
841 4995 897 5075 iri
936 5004 1181 5059 Ecclesia
1212 4995 1533 5062 nominatim
1564 5008 1839 5063 orientali.
1872 5010 2009 5075 Qua-

365 5067 614 5151 mobrem
650 5072 919 5151 nonnulla
967 5076 1129 5151 etiam
1171 5077 1429 5151 ejusdem~
1464 5078 1725 5151 Ecclesia
1773 5067 2007 5135 concilia

357 5142 530 5192 variis
557 5142 795 5217 vicissim
828 5143 1069 5200 decretis
1100 5142 1345 5201 eamdem
1376 5148 1721 5217 disciplinam
1753 5151 1811 5205 in
1851 5164 2005 5205 usum

363 5221 627 5263 revocare
656 5212 1006 5269 studuerunt.

436 5278 689 5335 XXXVII.
755 5284 1060 5340 Concilium
1128 5286 1185 5340 in
1240 5287 1432 5355 primis
1494 5303 1553 5343 se
1615 5290 1776 5345 nobis
1847 5291 2007 5346 offert

363 5350 733 5432 énlcyranum,
797 5355 912 5409 sive
978 5357 1034 5410 in
1064 5350 1282 5411 civitate
1340 5363 1579 5432 Ancyra,
1638 5361 1696 5415 in
1728 5363 2006 5429 provincia

361 5419 589 5501 Galatia
648 5419 1060 5501 congregatum,
1128 5440 1271 5501 anno
1323 5419 1576 5501 _Domini'
1617 5419 2004 5491 trecentesimo

361 5488 582 5570 decimo
612 5488 809 5571 quart'o
833 5488 1054 5571 {eique
1082 5497 1401 5571 octodecim!
1421 5501 1687 5570 episcopi,
1729 5508 1784 5557 et
1822 5488 2004 5571 perin;

360 5565 551 5629 signes
572 5571 649 5633 (ut
678 5565 820 5623 bene
851 5565 1118 5625 Baronius
1144 5569 1214 5624 ad
1243 5565 1496 5625 eumdem
1524 5565 1748 5638 annum,
1770 5565 2002 5631 articulo

2089 4435 2191 4503 est,
2215 4447 2269 4493 et
2288 4440 2434 4494 inter
2454 4442 2593 4496 alios
2613 4435 2843 4496 Basilius
2864 4441 3156 4508 episcopus
3175 4442 3438 4504 Amasea,
3453 4451 3617 4507 quem
3641 4435 3725 4489 di-

2087 4512 2266 4564 ximus
2288 4510 2342 4563 in
2366 4513 2753 4567 Persecutione
2778 4511 3126 4579 Licinii,qua
3150 4510 3395 4579 proxime
3417 4517 3500 4565 est
3518 4508 3622 4563 sub
3641 4520 3725 4561 se-

2088 4588 2232 4645 cuta,
2243 4588 2528 4650 martyrem
2541 4583 2867 4638 occubuisse
2879 4589 2934 4637 et
2946 4589 3312 4646 recensentur,
3321 4581 3480 4651 plane
3498 4591 3726 4634 necesse

2089 4659 2172 4706 est
2192 4650 2481 4717 affirmare,
2499 4654 2641 4708 haud
2665 4655 2759 4709 diu
2781 4655 3256 4723 postAncyranum
3280 4650 3477 4708 iterum
3499 4653 3727 4706 Neoca-

2087 4736 2258 4777 sarea
2289 4723 2510 4778 eosdem
2533 4723 2703 4779 ferme
2734 4725 3028 4793 episcopos
3057 4724 3397 4790 convenisse,
3429 4730 3722 4790 antequam

2090 4793 2330 4848 Licinius
2366 4795 2697 4849 Orientalem
2752 4795 3051 4849 Ecclesiam
3104 4796 3487 4863 persecutione
3526 4806 3723 4847 vexare

2088 4864 2499 4933 aggrederetur.
2534 4884 2562 4916 »
2594 4868 2660 4919 Et
2690 4865 2937 4933 pauculis
2965 4866 3344 4935 interpositis:
3380 4884 3409 4917 «
3439 4867 3725 4935 Neocasag

2088 4949 2197 4990 rea
2226 4935 2393 5005 igitur
2421 4936 2474 4989 in
2506 4937 2701 5002 Ponto,
2733 4939 2890 5004 cujus
2917 4933 3212 5005 episcopus
3241 4948 3371 4991 tunc
3403 4943 3519 4991 erat
3550 4933 3721 5004 (quod

2087 5020 2265 5076 nuper
2328 5006 2532 5062 dictum
2599 5009 2697 5074 est)
2756 5008 3052 5077 Longinus,
3106 5007 3245 5063 fama
3292 5007 3546 5070 celebris,
3597 5018 3719 5077 cum

2088 5079 2276 5149 Patres
2304 5078 2387 5149 illi
2413 5077 2740 5132 sanctissimi
2780 5075 3104 5134 conventum
3132 5086 3376 5149 agerent,
3418 5076 3553 5132 nihil
3584 5075 3722 5149 antij

2088 5148 2250 5215 quius
2304 5148 2614 5202 habuerunt
2641 5162 2802 5217 quam
2858 5147 3204 5204 sacerdotum
3245 5149 3369 5203 vita
3416 5147 3721 5218 integritati

2088 5218 2425 5286 prospicere.
2448 5221 2807 5285 Quamobrem
2829 5221 2897 5274 de
2919 5232 3109 5275 eorum
3130 5219 3314 5275 corlibi
3333 5220 3440 5274 vita
3469 5218 3721 5274 ducenda

2088 5288 2142 5342 in
2166 5291 2355 5361 primis
2377 5290 2494 5344 hac
2513 5296 2820 5344 statuerunt
2845 5291 3069 5360 (canone
3092 5290 3282 5361 primo)
3306 5305 3371 5345 ex
3392 5290 3719 5361 praescripto

2085 5359 2309 5431 antiqui
2328 5373 2458 5431 usus
2479 5361 2736 5415 Ecclesia
2762 5380 2776 5414 :
2810 5359 3122 5431 Presbyter,
3154 5362 3200 5415 si
3234 5359 3456 5416 uxorem
3477 5360 3716 5425 duxerit,

2084 5431 2153 5484 ab
2192 5430 2387 5485 ordine
2411 5430 2770 5500 deponatur;
2805 5433 2851 5486 si
2901 5430 3030 5488 vero
3080 5432 3383 5487 fornicatus
3411 5430 3598 5497 fuerit,
3633 5432 3717 5486 vel

2083 5501 2414 5556 adulterium
2454 5502 2827 5570 perpetrarit;
2869 5502 3103 5572 amplius
3143 5503 3272 5572 pelli
3319 5503 3504 5570 debet,
3545 5509 3601 5559 et
3648 5502 3717 5557 ad

2082 5572 2460 5641 paenitentiam
2518 5572 2713 5643 redigi.
2736 5574 2886 5629 ﬂac
2949 5588 3016 5629 ex
3079 5574 3324 5643 Dionysii
3388 5574 3715 5633 versione.»
