4056 6150
388 286 495 344 987

1504 296 1519 309 ’
1608 286 1943 341 APPENDIX
1984 286 2072 341 AD
2107 284 2534 343 LANDULFUM.

3649 285 3765 341 988

386 415 554 483 Cujus
583 411 805 483 quidem
836 410 1046 469 decreti
1072 406 1279 535 dquoad
1316 410 1541 480 primam
1576 422 1772 485 nempe
1803 414 2236 483 partemiAtuas
2291 422 2483 479 magna
2520 421 2641 464 cum
2682 406 2848 463 animi
2883 405 3131 476 lenitate,
3180 405 3596 483 admiratusque
3636 424 3761 467 sum

388 487 615 535 hacer
646 484 982 535 interpretor
1020 480 1187 535 fusse
1220 495 1460 535 causam.
1494 480 1641 535 quod
1681 481 1931 535 nonnulli
1964 496 2030 535 ex
2116 480 2394 535 quomodo
2424 480 2645 535 coneris
2682 479 2846 534 rebus
2895 479 3292 535 incurabilibus
3329 478 3510 535 longis
3547 480 3761 535 mederi

388 480 492 550 hac
512 480 618 555 ego
646 484 982 555 interpretor
1020 480 1187 555 fuisse
1220 495 1460 555 causam,
1494 480 1641 551 quod
1681 480 1937 555 nonnulli
1964 480 2030 537 ex

388 557 460 636 iis
498 552 767 636 diaconis,
808 552 1030 636 quibus“
1067 554 1119 606 in
1153 553 1399 636 concilio
1437 555 1723 636 Ancy'rano
1769 553 2032 636 permissa

390 627 569 687 fuerat
607 621 849 683 nubendi
871 622 1120 689 facultas,
1153 623 1318 693 hujus
1346 621 1624 677 facultatis
1653 621 2032 679 executionem

393 704 737 755 reservarem
778 697 832 755 iu
872 694 1005 753 illud
1047 694 1207 749 etiam
1258 702 1473 764 tempus
1510 707 1619 764 quo
1659 695 2027 750 sacerdotium

392 770 755 841 accepissent.
777 767 1043 841 Hoc‘ergo
1067 765 1103 820 ii
1129 767 1314 839 Patres
1335 772 1486 841 tanto
1510 765 1827 841 indecorum
1851 764 2034 831 ordini

387 844 497 911 jam
528 836 793 909 suscepto
814 836 1154 906 iudicarunt,
1178 850 1241 890 ac
1264 836 1495 909 proinde
1526 836 1655 891 talia
1685 836 1900 892 illorum
1926 851 2037 892 ma-

393 912 649 969 trimonia
689 915 999 969 vetuerunt.

464 983 690 1038 XXXIX.
761 981 860 1037 llis
947 984 1127 1035 tamen
1202 970 1561 1033 conciliorum
1620 976 2034 1049 provincialium

394 1053 651 1118 decretis,
693 1052 894 1121 quibus
931 1049 1153 1121 aliquid;
1191 1064 1219 1103 e
1254 1057 1449 1121 vetere
1497 1049 1595 1121 illa
1629 1055 1693 1121 et
1733 1049 2037 1119 apostolica

392 1138 671 1180 sacrorum
712 1118 1084 1177 ministrorum
1124 1119 1416 1188 disciplina
1466 1118 1865 1186 remittebatur,
1896 1134 2035 1174 con-

392 1196 529 1251 tenti
561 1208 669 1255 non
704 1192 918 1248 fuerunt
957 1191 1188 1246 trecenti
1221 1191 1409 1245 decem
1450 1196 1505 1245 et
1544 1198 1669 1245 octo
1719 1191 1906 1244 Patres
1952 1189 2034 1247 illi

434 1265 487 1320 ui
520 1279 665 1320 anno
715 1263 1102 1320 trecentesimo
1148 1263 1410 1330 vigesimo
1450 1261 1644 1330 quinto
1694 1263 1931 1315 Nicaeam
1980 1261 2036 1315 in

436 1301 665 1407 ithyniau
711 1301 1087 1407 convenerunt
1153 1301 1236 1407 air
1288 1301 2038 1407 sacrosanctam__mcumeni-

334 1452 341 1457 .
393 1402 842 1478 cam'synodum.
907 1405 1118 1478 Quippe
1168 1403 1435 1467 ministris
1473 1402 1740 1478 ejusmodi
1773 1416 1882 1478 non
1919 1417 2039 1478 per-

396 1474 679 1537 mittentes
733 1477 1126 1535 habitationem
1174 1489 1296 1529 cum
1337 1475 1618 1539 uxoribus,
1662 1474 1821 1528 simul
1875 1474 2038 1527 etiam

392 1549 502 1607 illis
569 1547 823 1605 omnibus
890 1547 1221 1611 matrimonii
1287 1545 1713 1599 celebrationem
1771 1558 2037 1614 usumque

392 1621 677 1685 unanimes
745 1624 1032 1687 negarunt.
1104 1615 1309 1687 Synodi
1360 1614 1798 1687 profectoiilius
1857 1628 2036 1669 canon

392 1683 587 1745 tertius
608 1690 686 1743 sic
716 1690 783 1745 ad
814 1683 1036 1743 verbum
1068 1701 1126 1741 se
1146 1683 1405 1741 'habet:'«
1430 1686 1715 1740 interdixit
1738 1699 1836 1755 per
1855 1687 2035 1741 omnia
2055 1730 2099 1755 η
2124 1683 2456 1739 fectionibus
2484 1698 2549 1740 co

394 1730 1072 1831 ἦξιὲῐῖέῖωξγῖιόειυέἲιρη
1140 1758 1440 1831 episcopo,
1508 1770 1633 1831 none
1685 1730 2101 1831 presbytero,B

392 1826 507 1886 non
534 1826 790 1894 diacono,
832 1843 934 1889 nec
991 1827 1154 1893 alicui
1194 1829 1417 1883 omnino
1475 1828 1569 1899 qui
1620 1826 1697 1881 in'
1732 1826 1881 1883 clero
1918 1826 2030 1899 est,

390 1901 558 1957 licere
606 1901 1079 1963 subintroductam
1146 1899 1349 1953 habere
1390 1898 1669 1953 mulierem
1696 1941 1709 1965 ,
1749 1899 1850 1961 nisi
1896 1898 2033 1968 forte

393 1978 483 2027 aut
514 1976 749 2038 matrem,
794 1975 883 2027 aut
910 1984 1161 2033 sororem,
1196 1974 1285 2023 aut
1334 1970 1564 2031 amitam,
1599 1968 1678 2022 vel
1715 1983 1806 2023 eas
1837 1974 2035 2029 tantum

389 2056 663 2113 personas,
706 2036 818 2113 qua:
854 2041 1173 2113 suspiciones
1218 2038 1529 2113 effugerunt,
1559 2058 1615 2113 »μ
1644 2036 1843 2113 Quidni
1890 2052 2030 2113 vero

392 2109 494 2169 nos
529 2114 656 2169 item
696 2109 762 2168 ad
804 2112 922 2166 haec
945 2109 1119 2169 verba
1150 2111 1313 2165 simul
1344 2124 1465 2166 cum
1507 2109 1836 2169 Bellarmino
1889 2109 2032 2165 libro

392 2184 568 2254 primo
600 2184 674 2238 De
714 2181 1148 2254 clericis‘capite
1194 2180 1277 2254 i9,
1327 2181 1472 2254 hunc
1511 2180 1571 2254 in_
1617 2181 1834 2235 modum
1876 2194 2036 2249 argu-

391 2251 741 2313 mentemur?
782 2274 807 2303 α
859 2252 1016 2311 Nulla
1045 2251 1253 2306 'uxorls
1299 2253 1504 2307 mentio
1546 2251 1639 2316 tit;
1683 2266 1805 2321 quae
1852 2258 2033 2305 tamen

432 2325 568 2381 rimo
603 2326 727 2383 loco
760 2324 888 2394 poni
918 2323 1129 2390 debuit,
1167 2323 1212 2377 sl
1253 2336 1375 2377 cum
1407 2337 1490 2394 ea
1516 2322 1763 2394 habitare
1813 2321 2029 2394 liceret.

419 2404 546 2473 tem.
588 2410 687 2473 cur
725 2392 1049 2473 prohibetur
1074 2394 1293 2473 clericis
1339 2392 1675 2447 cohabitatio
1723 2392 2031 2473 mulierum,

391 2468 436 2521 si
470 2466 681 2527 uxorati
713 2462 833 2520 esse
874 2469 1155 2534 possunt?
1193 2465 1385 2523 Nonne
1436 2477 1636 2534 uxores
1682 2463 1910 2521 ancillas
1946 2462 2035 2516 ha-

392 2537 523 2592 bere
555 2542 784 2606 possunt
823 2532 890 2590 in‘
909 2535 1097 2593 eadem
1129 2533 1335 2606 domo?
1367 2552 1393 2583 ι)
1427 2532 1624 2600 Quidni
1647 2547 1853 2606 rursus
1881 2546 2038 2606 argu-

392 2615 698 2667 mentemur
736 2620 843 2661 una
890 2620 1012 2660 cum
1071 2605 1263 2660 eodem
1306 2612 1497 2673 postea
1537 2605 1714 2673 capite
1772 2605 2033 2673 vigesimo

392 2692 564 2747 prope
604 2677 802 2734 tinem:
851 2693 879 2727 (ι
925 2675 1210 2744 Quomodo
1259 2675 1503 2730 cohazret
1542 2675 1635 2747 illa
1686 2675 1927 2729 narratio
1968 2674 2035 2747 de

390 2744 700 2818 Paphnutio
761 2760 884 2809 cum
940 2761 1150 2802 canone
1200 2747 1363 2801 tertio
1404 2746 1623 2818 concilii
1664 2744 2036 2818 Nicmni,__ubi

392 2815 720 2895 prohibetur
749 2818 1048 2895 episcopis,
1068 2818 1425 2889 presbyteris,
1461 2816 1729 2883 diaconis,
1764 2830 1830 2870 ne
1872 2815 2035 2870 ullam

390 2888 537 2946 domi
579 2890 861 2951 mulierem
899 2888 1157 2953 habeant,
1219 2896 1421 2958 praeter
1478 2895 1723 2958 matrem,
1766 2900 2033 2958 sororem,

394 2962 636 3021 amitam.
671 2980 697 3012 »
740 2961 869 3023 litec
918 2960 1034 3027 ipsa
1092 2956 1345 3023 nimirum
1408 2956 1765 3027 Bellarminus
1796 2957 1902 3012 hoc
1941 2958 2037 3012 de-

2116 478 2395 550 quomodo
2424 480 2645 539 coneris
2682 479 2846 551 rebus
2895 479 3292 551 incurabilibus
3329 478 3519 551 longis
3547 480 3761 538 mederi

2114 549 2478 621 sermonibus,
2513 565 2657 616 cum,
2700 550 2940 605 breviter
2970 550 3132 605 nobis
3161 558 3216 605 et
3244 549 3403 605 facile
3431 549 3495 606 re
3525 552 3644 621 ipsa
3679 564 3760 609 sa-

2115 620 2367 677 tisfacere
2398 620 2582 677 valens
2622 622 2677 676 in
2718 620 2828 677 illis
2865 620 2933 676 de
2973 621 3173 693 quibus
3211 623 3504 693 accusaris,
3541 620 3767 693 perma-

2117 706 2249 747 nere
2281 692 2654 765 constitueris.
2686 692 3002 765 Neoprt'mi,
3034 707 3128 746 nec
3162 691 3599 765 soti(Paregort)
3627 710 3763 749 san-

2117 765 2329 819 ctvimus
2358 778 2459 820 non
2490 736 2675 818 debere
2719 736 3054 821 muliercuias
3099 736 3401 818 cohabitare
3444 736 3597 821 Jirrls.’
3626 736 3766 835 1.ch

2117 848 2384 894 canonem.
2418 849 2450 889 a
2487 834 2683 889 sanctis
2710 834 2954 888 Patribus
2990 834 3182 888 nostris
3216 835 3271 888 in
3308 834 3529 889 Nicarna
3558 834 3765 905 synodo

2118 906 2465 976 constitutum,
2498 906 2583 976 qui
2630 905 2901 976 manifeste
2942 904 3214 976 interdixit
3242 919 3307 958 ne
3335 907 3455 976 quis,
3478 904 3764 963 muliercu-

2118 974 2221 1030 lam
2249 974 2688 1033 subintroductam
2709 974 2916 1041 habeat;
2941 974 3210 1029 calibatus
3239 974 3411 1029 autem
3438 975 3767 1032 honestatem

2118 1062 2267 1102 suam
2296 1048 2351 1100 in
2379 1062 2438 1118 eo
2472 1046 2643 1118 habet,
2674 1046 2724 1118 si
2758 1046 2873 1118 quis
2916 1062 2950 1101 α
2995 1059 3135 1100 nexu
3190 1045 3421 1101 mulieris
3463 1050 3763 1118 secesserit.

2120 1120 2329 1187 itaque,
2362 1116 2408 1171 si
2440 1116 2563 1187 quis
2591 1116 2900 1173 caelibatum
2932 1118 3152 1172 nomine
3184 1123 3343 1171 tenus
3370 1116 3670 1187 professus,
3705 1134 3768 1173 re

2119 1186 2235 1258 ipsa
2266 1188 2427 1247 faciat
2464 1186 2528 1242 ea
2553 1203 2676 1259 quae
2706 1202 2736 1245 a
2766 1189 3072 1258 coniugatis
3111 1187 3268 1254 fiunt,
3301 1186 3647 1245 manifestum
3681 1194 3769 1244 est

2118 1260 2267 1328 quod
2311 1259 2639 1328 virginitatis
2690 1259 3031 1313 honestatem
3079 1259 3488 1327 nuncupatione
3536 1259 3766 1329 quidem

2121 1330 2266 1385 illius
2324 1338 2568 1399 praestet,
2605 1344 2789 1385 verum
2831 1330 3039 1384 interea
3083 1330 3152 1385 ab
3210 1330 3619 1385 inconvenienti
3673 1344 3771 1386 vo-

2121 1401 2331 1470 luptate
2355 1414 2463 1457 non
2487 1400 2912 1456 desistat.'l‘anto
2934 1400 3150 1456 facilius
3169 1400 3529 1456 admonitioni
3556 1408 3769 1457 nostra

2120 1468 2471 1542 actiuiescere
2505 1480 2741 1542 poteras,
2776 1478 2981 1542 quanto
3013 1472 3183 1541 magis
3229 1470 3460 1528 liberum
3491 1485 3614 1527 esse
3645 1479 3765 1542 tera

2122 1540 2903 1617 corporalibus‘alfectionibus
2923 1540 3177 1598 aftlrmas.
3200 1543 3389 1612 Neque
3410 1544 3567 1617 enim
3590 1541 3764 1617 crede

2121 1612 2317 1678 virum,
2358 1614 2702 1737 septuaginta
2740 1627 2914 1669 annos
2954 1620 3159 1679 natum,
3200 1626 3324 1667 cum
3372 1613 3641 1684 ejusmodi
3687 1612 3769 1667 af-

2124 1683 2456 1737 fectionibus
2484 1698 2549 1737 co
2592 1682 2798 1737 abitare
2838 1683 3195 1737 mulierculae.
3237 1696 3415 1737 neque
3466 1689 3767 1737 nrontenea

2592 1682 2798 1739 abitare
2838 1683 3195 1749 mulierculae,
3237 1682 3415 1754 neque
3465 1689 3767 1754 propterea

2119 1756 2223 1809 ista
2255 1754 2632 1821 determinavi,
2666 1754 2812 1824 quod
2843 1755 3050 1824 aliquid
3091 1754 3315 1809 absurdi
3347 1754 3763 1825 designaveris;

2116 1825 2213 1881 sed
2246 1825 2395 1895 quod
2424 1825 2492 1880 ab
2522 1823 2783 1895 Apost’olo
2822 1823 3003 1880 edocti
3045 1839 3231 1895 sumus
3281 1838 3389 1880 non
3431 1823 3552 1880 eése
3604 1823 3765 1883 fratri

2117 1890 2427 1966 ponendum
2460 1890 2848 1951 oti‘eitdiculum
2872 1897 2953 1951 vel
2981 1890 3316 1951 scandalum.
3341 1894 3555 1952 Scimus
3578 1905 3765 1952 autem

2118 1969 2408 2022 usuvenire
2448 1973 2525 2032 ut,
2560 1967 2706 2038 quod
2737 1982 2767 2029 a
2799 1967 3078 2038 nonnullis
3109 1973 3257 2022 recte
3285 1969 3517 2037 geritur,
3551 1967 3679 2023 aliis
3710 1967 3764 2025 in

2115 2038 2459 2093 occasionem
2489 2036 2696 2108 peccati
2730 2037 2908 2093 cedat.
2942 2038 3021 2094 Ob
3052 2038 3192 2094 hanc
3224 2036 3460 2094 causam.
3491 2039 3759 2093 Constitit-

2116 2110 2304 2164 tionem
2330 2114 2632 2163 sanctorum
2662 2111 2874 2167 Patrum
2902 2110 3084 2175 seculi,
3110 2109 3475 2179 praeeepimus
3497 2115 3558 2167 ut
3587 2122 3617 2163 a
3650 2122 3768 2163 mue

2116 2180 2341 2234 liercula
2370 2181 2661 2262 separeris.
2687 2181 2765 2262 .Ut
2958 2176 3126 2248 igitur
3164 2176 3630 2262 chbr'episncopuin
3652 2194 3767 2262 _ac-

2117 2265 2294 2317 cusas,
2346 2257 2400 2304 et
2446 2257 2647 2305 veteris
2685 2248 2985 2307 inimicitiae
3034 2248 3363 2313 mentionem
3414 2248 3594 2304 facis?
3651 2250 3764 2306 imo

2116 2320 2255 2393 quid
2282 2334 2382 2375 nos
2401 2333 2671 2393 quoque,
2698 2335 2834 2393 quas
2852 2335 3024 2393 aures
3063 2319 3371 2393 habeamus
3388 2320 3765 2375 delationibus

2116 2388 2469 2449 admittendis
2500 2388 2811 2461 proclives?
2841 2391 2905 2446 Et
2935 2405 3045 2447 non
3077 2392 3247 2462 magis
3276 2399 3330 2447 te
3361 2392 3540 2461 ipsum
3574 2405 3768 2461 repre-

2117 2462 2334 2533 hendis,
2376 2462 2595 2533 quodﬂa
2647 2462 3045 2533 consuetudine
3091 2463 3427 2520 muliercula:
3476 2463 3761 2527 abstinere

2117 2532 2436 2588 detractas?
2467 2532 2611 2602 Ejice
2639 2532 2800 2602 igitur
2818 2533 2963 2588 illam
2991 2549 3061 2588 ea:
3088 2532 3285 2594 aedibus
3334 2534 3457 2600 tuis,
3508 2539 3560 2588 et
3610 2534 3768 2587 trade

2117 2605 2171 2658 in
2218 2600 2605 2658 monasterium.
2657 2600 2740 2659 Sit
2778 2601 2872 2659 illa
2927 2618 3037 2658 cum
3085 2604 3389 2674 virginibus,
3438 2609 3488 2660 et
3512 2608 3583 2674 tu
3628 2604 3769 2659 inter

2117 2675 2256 2747 niros
2275 2674 2534 2747 ministra,
2566 2688 2629 2747 ne
2656 2689 2841 2733 nomen
2871 2677 2967 2747 Dei
2991 2673 3206 2747 propter
3232 2690 3323 2730 vos
3352 2673 3762 2747 biasphepetw.

2120 2746 2301 2799 Donec
2318 2744 2434 2819 ista
2456 2742 2682 2819 ieceris,
2711 2746 2876 2819 etlam
2926 2746 2971 2819 si
2991 2742 3308 2819 'innumera
3353 2758 3452 2815 per
3468 2742 3481 2745 ἡ
3497 2745 3768 2819 epistolas

2118 2817 2380 2880 causeris,
2413 2813 2549 2873 nihil
2582 2813 2823 2871 efficies:
2858 2816 2955 2871 sed
2987 2818 3198 2877 otiosus
3236 2816 3312 2882 (id
3346 2812 3449 2881 est,
3488 2812 3612 2881 sine
3642 2812 3769 2871 fun-

2119 2887 2302 2943 ctione
2334 2885 2685 2956 presbyterii,
2718 2888 2860 2942 sicut
2889 2887 2965 2941 ibi
3006 2895 3090 2941 est
3127 2890 3183 2942 in
3215 2896 3309 2943 ora
3340 2886 3631 2956 marginali
3661 2884 3765 2953 ad-

2121 2956 2394 3028 notatum)
2431 2958 2704 3025 morierls,
2738 2956 3003 3027 dabisque
3042 2958 3272 3014 Domino
3310 2957 3409 3021 otll
3458 2959 3539 3013 tui
3588 2960 3770 3028 ratio-

394 3045 539 3103 mutn
570 3031 748 3103 capite
780 3022 1470 3103 Opponebat‘argumento,
1513 3022 1661 3103 quod
1702 3035 1819 3082 erat
1840 3028 2038 3103 nujusf
2058 3078 2098 3103 η
2123 3042 2266 3082 nem.
2298 3022 3051 3103 _Si'_verosinecorrectione
3079 3029 3156 3085 tui
3188 3030 3361 3103 ipsius
3397 3043 3566 3103 ausus
3595 3027 3769 3103 fueris

395 3078 543 3159 nisa}
569 3078 1114 3168 ἷἻᾷἛΕέιῖιιῖὲὶὶῐιῖἠι
1127 3078 1443 3169 "astatis."
1457 3078 2035 3169 extimulabant}:
2057 3078 2099 3138 Ο
2121 3078 2416 3155 setiam
2433 3078 2689 3169 satis;
2713 3078 3567 3164 asseasseinsessam;
3595 3078 3767 3167 ’ὄὶιὶὀὶ

394 3171 628 3233 sumitur
665 3183 732 3233 ex
766 3171 1004 3227 Historia
1053 3168 1312 3234 Socratis,
1356 3169 1498 3224 libro
1531 3169 1727 3237 primo,
1761 3168 1940 3238 capite
1980 3170 2033 3236 8,

395 3249 451 3301 et
478 3241 763 3301 Sozomeni
795 3241 938 3295 libro
962 3241 1158 3313 primo,
1202 3239 1379 3313 capite
1406 3238 1496 3313 22,
1520 3239 1611 3295 ubi
1641 3240 1833 3313 dicunt
1864 3239 2034 3313 quod,

394 3327 517 3370 cum
556 3314 837 3373 Nicaenum
868 3308 1163 3367 concilium
1203 3308 1391 3381 legem
1412 3308 1555 3366 ferre
1587 3310 1770 3377 vellet,
1804 3308 2038 3365 ne’lice-

394 3390 478 3443 ret
532 3383 752 3439 clericis
810 3395 932 3437 cum
993 3380 1271 3439 uxoribus
1313 3380 1428 3436 suis
1493 3380 1757 3446 dormire,
1798 3382 2039 3436 surrexit

393 3454 735 3527 Paphnutius
755 3451 1150 3527 confessortet
1179 3452 1421 3527 synodus
1443 3457 1556 3527 tota
1589 3453 1643 3507 in
1675 3454 1801 3527 ejus
1823 3459 2039 3527 senten-

394 3522 521 3583 tiain
550 3526 665 3590 ivit,
698 3531 753 3583 et
778 3522 1171 3581 continentiam
1211 3522 1279 3579 ab
1320 3536 1490 3579 uxore
1522 3524 1576 3578 in
1611 3522 1841 3579 arbitrio
1863 3526 2040 3592 cujus-

393 3611 500 3667 que
533 3597 775 3667 reliquit.
820 3614 848 3647 »
882 3596 949 3650 Ut
1000 3595 1168 3667 igitur
1215 3594 1711 3667 Bellarminusehoc
1750 3608 2040 3667 argumen-

394 3664 507 3727 tum
548 3664 1191 3738 refellatkanteomnia
1240 3665 1524 3738 prtemittit
1576 3664 1629 3720 id
1690 3664 1840 3738 quod
1878 3665 2038 3738 ambo

394 3737 754 3797 nihilominus
792 3736 829 3791 il
879 3737 1182 3806 scriptores
1226 3735 1399 3791 Graeci
1450 3736 1595 3791 ultro
1636 3735 2035 3791 concedebant.

398 3830 423 3857 α
459 3810 589 3865 Nam
619 3815 852 3876 uterque
883 3812 1077 3862 auctor
1106 3808 1286 3877 {verba
1317 3812 1445 3862 sunt
1483 3807 1657 3876 ipsius
1697 3806 2034 3877 Bellarmini)

386 3880 451 3953 in
509 3879 703 3953 eodem
732 3947 743 3953 _
775 3878 899 3953 loco
946 3884 1255 3953 testantur,
1317 3877 1681 3953 l’aphnutlum
1747 3876 2035 3946 adjeclsse,

395 3942 599 4007 bonum
639 3947 745 4007 sibi
783 3946 957 4003 videri
1000 3953 1078 4014 ut,
1128 3942 1428 4003 secundum
1478 3949 1737 4018 antiquos
1774 3942 2036 4015 canones,

395 4019 767 4090 prohibeatur
789 4018 1007 4073 clericis
1039 4033 1106 4090 ne
1148 4027 1269 4089 post
1300 4019 1705 4074 ordinationem
1753 4020 1866 4074 ullo
1915 4033 2039 4090 mo-

394 4083 466 4147 do
498 4103 699 4153 uxores
738 4088 962 4156 ducant,
1004 4088 1101 4145 sed
1148 4083 1326 4144 solum
1378 4091 1765 4160 permittantur
1803 4090 1881 4144 uti
1930 4088 2040 4145 illis

393 4167 683 4233 quaseante
715 4160 1119 4216 ordinationem
1150 4166 1504 4233 acceperunt.
1550 4180 1578 4233 ν
1627 4160 1870 4233 Subinde
1910 4173 2039 4233 vero

394 4230 582 4291 multis
620 4239 675 4288 et
715 4233 893 4301 magni
945 4230 1206 4287 momenti
1262 4231 1597 4302 argumentis
1647 4231 1867 4302 eosdem
1915 4231 2041 4287 illos

392 4300 923 4373 auctoresostendit
961 4315 1071 4358 non
1112 4316 1231 4358 esse
1254 4300 1359 4357 title
1390 4302 1588 4371 dignos
1617 4301 1670 4356 in
1704 4301 1807 4359 hac
1846 4315 2040 4373 narra-

2122 3168 2289 3239 plebi,
2322 3177 2397 3237 et,
2429 3168 2475 3241 si
2506 3171 2598 3239 qui
2631 3178 2683 3225 te
2714 3170 3045 3241 receperint,
3076 3185 3175 3241 per
3213 3184 3428 3233 omnem
3462 3170 3767 3235 Ecclesiam

2119 3237 2756 3313 excommunica‘buntur.
2793 3259 2820 3292 »
2848 3237 3146 3313 'Hucusq'ue
3195 3242 3426 3297 Basilius
3466 3240 3582 3309 ille,
3636 3241 3770 3297 doc-

2120 3313 2262 3366 trina
2285 3311 2499 3384 pariter
2527 3325 2592 3384 ac
2620 3312 2910 3368 sanctitate
2930 3311 3087 3384 _vere
3142 3313 3385 3384 Magnus,
3418 3319 3472 3367 et
3501 3313 3773 3384 antistitis

2120 3382 2294 3437 nostri
2325 3382 2597 3453 Ambrosii
2630 3396 2891 3453 perquam
2922 3382 3320 3451 familiaris,'et
3367 3398 3512 3439 anno
3563 3382 3770 3439 Christi

2121 3451 2510 3525 trecentesimo
2540 3451 2943 3525 septuagesimo
2974 3461 3190 3522 octavo,
3225 3462 3283 3510 ut
3312 3455 3452 3525 bene
3480 3462 3772 3525 computat

2121 3523 2407 3591 Baronlus,
2449 3538 2515 3578 ex
2554 3522 2657 3579 hac
2696 3522 2913 3580 mortali
2942 3526 3011 3580 ad
3059 3522 3418 3582 immortalem
3457 3539 3521 3580 ac
3554 3522 3770 3580 beatam

2121 3595 2283 3669 vitam
2324 3592 2584 3669 Kalendis
2599 3596 2855 3669 _Januarii
2874 3592 3152 3669 sublatus,
3192 3597 3463 3669 quocirca
3488 3596 3634 3669 nulli
3668 3596 3774 3651 du-

2122 3666 2271 3720 bium
2294 3679 2413 3737 esse
2438 3667 2553 3736 jam
2581 3666 2765 3737 debet,
2789 3668 2920 3737 quin
2946 3681 3133 3723 revera
3164 3666 3459 3727 cencllium
3482 3666 3774 3735 Nicaenum

2122 3738 2285 3813 tertio
2316 3736 2412 3791 illo
2446 3750 2655 3793 canone
2695 3736 2851 3793 usum
2882 3739 3125 3813 coniugii
3155 3739 3326 3795 sacris
3356 3736 3774 3813 illiseministris

2120 3807 2177 3861 in
2208 3820 2368 3863 omne
2408 3813 2598 3877 postea
2628 3814 2844 3878 tempus
2872 3806 3127 3878 vetuerit,
3160 3822 3377 3865 necnon
3417 3811 3580 3867 etiam
3611 3809 3775 3864 dein-

2121 3893 2252 3951 ceps
2282 3879 2470 3937 eadem
2503 3879 2587 3951 lex
2618 3881 2981 3951 communiter
3006 3894 3106 3951 usu
3137 3886 3361 3951 recepta
3382 3881 3455 3934 sit
3475 3884 3531 3945 et
3553 3878 3605 3933 id
3637 3879 3771 3950 qni-

2122 3949 2244 4005 dem
2285 3950 2678 4006 convenienter
2704 3950 2774 4005 ad
2806 3950 3176 4015 obedientiam
3207 3949 3474 4017 et'tidem,
3498 3956 3607 4011 tam
3648 3949 3776 4006 san-

2122 4026 2517 4094 ctdtantazque
2540 4021 2885 4076 auctoritatis
2913 4023 3151 4077 concilio
3168 4021 3470 4094 justissime
3498 4020 3770 4094 debitam.

2192 4091 2296 4162 XL.
2329 4092 2496 4158 Quam
2537 4097 2786 4162 sanctum
2833 4106 2985 4161 vero,
3045 4091 3375 4162 qttantzeque
3414 4092 3769 4162 auctoritatis

2120 4160 2256 4235 illud
2298 4167 2462 4235 esset,
2494 4161 2577 4223 vel
2610 4176 2676 4235 ex
2705 4177 2772 4218 eo
2802 4177 2931 4235 sane
2963 4160 3147 4235 colligi
3180 4160 3565 4235 potesttquod
3596 4160 3777 4235 Theo-

2120 4204 2771 4307 ἱὶὸῖὲιιῖἶῖῑῑῃῖόρῗιῖἷιὶἱό
2802 4204 3774 4307 setosaragssu‘:ﬁagrent

2123 4303 2415 4377 episcOpos
2452 4302 2776 4377 describens
2813 4304 2947 4377 illos,
2976 4305 3071 4377 qui
3121 4302 3299 4377 eidem
3331 4303 3570 4367 concilio
3600 4302 3778 4367 inter

392 4375 565 4445 tione,
598 4368 758 4444 quam
787 4374 1111 4445 caateroqui,
1145 4380 1204 4428 ut
1232 4368 1485 4443 vidimus,
1521 4373 1809 4445 contendit
1842 4372 2036 4428 eodem
2061 4444 2089 4445 ί
2124 4368 2364 4439 fuerunt,
2398 4379 2452 4429 et
2474 4374 2558 4429 his
2587 4374 2808 4444 quidem
2839 4368 3057 4431 verbis:
3096 4393 3124 4427 ‹‹
3156 4376 3278 4437 Fuit
3297 4380 3477 4431 autem
3510 4388 3779 4433 numerus

392 4440 488 4518 illo
529 4440 695 4501 tertio
736 4444 944 4518 Nicgeni
976 4440 1197 4518 concilii
1224 4458 1434 4518 canone
1466 4440 1661 4499 refelli.
1703 4445 1886 4518 Talem
1909 4444 2509 4518 veroDepiscoporutn
2561 4440 3016 4518 congregatarum
3075 4445 3264 4501 decem
3321 4451 3377 4509 et
3426 4452 3555 4518 octo
3602 4457 3777 4518 supra

392 4512 612 4577 illorum
644 4516 1023 4585 narrationem
1056 4514 1251 4570 iisdem
1300 4514 1469 4575 ferme
1509 4517 1846 4584 argumentis
1878 4529 2039 4585 egre-

429 4588 479 4643 ie
520 4584 875 4643 confutarunt
904 4586 1065 4641 etiam
1106 4585 1402 4655 Gregorius
1432 4585 1500 4641 de
1533 4586 1777 4641 Valentia
1809 4588 1864 4641 in
1898 4584 2040 4642 libro

436 4671 465 4713 e
506 4658 782 4723 caelibatu,
833 4657 1013 4726 capite
1052 4656 1106 4722 6,
1148 4657 1201 4711 in
1244 4655 1625 4729 responsione,
1675 4657 1935 4712 videlicet
1972 4656 2039 4711 ad

390 4728 661 4787 decimum
722 4729 945 4783 tertium
997 4728 1398 4798 argumentum,
1467 4735 1521 4783 et
1575 4729 1842 4784 Baronius
1890 4735 2040 4783 tomo

389 4800 555 4856 tertio
617 4798 925 4865 Annalium,
984 4798 1052 4852 ad
1100 4812 1301 4862 annum
1351 4800 1796 4855 trecentesimum
1835 4798 2040 4865 vigesi-

390 4884 534 4949 inum
575 4871 850 4949 quintum,
883 4868 1117 4949 articulo
1155 4868 1253 4949 l_48
1282 4875 1337 4949 e_t
1375 4870 1775 4949 sequentibus,
1814 4868 1908 4949 sed
1942 4868 2041 4949 _h_ie

389 4939 445 4997 in
479 4955 545 4997 eo
581 4938 811 5022 quidem
836 4948 1118 5022 praeterea.
1144 4938 1465 5022 singularis,
1492 4940 1905 5022 quodarticulo
1942 4938 2036 4991 151

390 5025 541 5068 suam
582 5011 731 5069 tertii
765 5012 884 5081 ejus
923 5011 1150 5065 canonis
1201 5011 1409 5066 Niczeni
1460 5011 1860 5080 expositionem
1909 5023 2042 5065 con-

390 5081 622 5138 firmavit
669 5080 846 5138 sancti
895 5080 1080 5143 Basilii
1122 5082 1298 5151 Magni
1356 5082 1696 5148 testimonio,
1746 5095 1814 5137 ex
1865 5081 2042 5151 ipsius

390 5154 624 5225 epistola
687 5152 753 5207 i7
802 5151 870 5208 ad
920 5153 1273 5225 Paregorium
1313 5153 1545 5223 carptim
1595 5152 1944 5225 deprompta,
1987 5158 2042 5225 et

388 5222 463 5281 ita
502 5238 633 5281 sane
673 5225 741 5279 ad
782 5237 1030 5294 prmsens
1068 5222 1428 5289 institutum,
1474 5236 1571 5293 per
1599 5224 1733 5281 alias
1763 5224 1926 5278 etiam
1956 5223 2042 5278 sui

389 5302 594 5367 partes,
638 5309 667 5349 a
715 5296 950 5351 Baronio
986 5296 1404 5367 praetermissas,
1452 5294 1864 5367 accommodato
1900 5294 2043 5367 pari-

390 5371 475 5437 ter
505 5366 914 5435 accpportuno
944 5373 1005 5421 ut
1034 5380 1149 5422 eam
1193 5380 1295 5437 ego
1340 5366 1606 5437 integram
1656 5366 1760 5437 hoc
1808 5366 2042 5437 recitare

388 5434 513 5491 loco
579 5434 887 5502 statuerim,
957 5438 1031 5493 Ea
1089 5434 1260 5504 vero,
1321 5434 1623 5493 secundum
1683 5436 2043 5501 Parisiensem

389 5507 519 5562 anni
559 5505 695 5560 1603
725 5506 1047 5576 editionem,
1091 5509 1288 5577 pagina
1332 5506 1489 5576 1040,
1521 5508 1601 5573 sic
1632 5507 1698 5563 ad
1728 5508 1954 5571 verbum
1985 5519 2043 5562 se

390 5577 559 5633 habet
585 5594 597 5631 :
639 5592 669 5629 ‹‹
701 5578 1017 5634 ΡΑιιεοοιιιο
1039 5577 1369 5649 presbytero
1386 5581 1658 5635 BASILIUS.
1680 5579 1811 5649 Legi
1831 5578 2044 5634 litteras

2123 4521 2424 4591 trecentos.
2466 4516 2742 4591 Romanus
2768 4515 3084 4591 episcopus,
3127 4518 3281 4572 senio
3313 4515 3621 4591 eonfectus,
3656 4516 3780 4587 ipse

2123 4600 2239 4660 non
2264 4584 2475 4660 adfuit;
2509 4586 2656 4642 misit
2693 4582 2874 4643 tamen
2908 4582 3263 4660 presbyteros
3299 4582 3782 4660 duos,eqnle6m-

2123 4657 2385 4733 positioni
2451 4659 2801 4733 interessent.
2864 4655 3016 4733 iii—ulti
3076 4655 3188 4733 tum
3248 4655 3573 4733 apostolicis
3610 4655 3781 4733 donis

2123 4726 2504 4801 excellebant;
2557 4730 2712 4785 multi
2766 4728 3017 4789 terebant
3075 4729 3128 4785 in
3190 4726 3425 4801 corpore
3463 4741 3589 4795 suo,
3617 4731 3779 4801 juxta

2122 4799 2307 4870 divum
2374 4800 2598 4856 Paulum
2631 4844 2645 4870 ,
2705 4802 2914 4856 inustas
2986 4806 3146 4857 notas
3206 4798 3417 4857 Domini
3483 4798 3636 4861 Iesu;
3702 4798 3781 4855 Ex

2121 4869 2316 4947 horum
2358 4884 2586 4947 numero
2626 4869 2957 4947 eonstabant
2983 4871 3633 4947 Jacobum,_episc0pu_m
3673 4874 3783 4947 Au:

2123 4939 2323 5013 tiochze
2379 4942 2436 4996 in
2494 4941 2803 5013 Mygdonia,
2843 4955 3003 5011 quam
3034 4950 3232 4999 vocant
3278 4939 3395 5013 Syri
3453 4939 3518 4999 et
3541 4939 3781 5013 ‘Assyrii

2121 5012 2376 5079 Nisibin,
2433 5008 2681 5071 mortuos
2741 5008 3056 5079 suscitasse,
3117 5020 3173 5069 et
3235 5008 3359 5077 vitae
3418 5008 3776 5076 restituisse,

2123 5083 2340 5155 aliaque
2401 5081 2597 5139 fecisse
2650 5085 3072 5140 innumerabilia
3129 5083 3391 5143 miracula
3426 5103 3439 5150 ;
3474 5082 3684 5153 quibus
3710 5082 3777 5155 in

2125 5154 2394 5219 Histeria,
2474 5168 2599 5224 quas
2667 5155 2989 5211 Philotheos
3045 5155 3396 5220 inscribitur,
3476 5154 3779 5224 separatim

2124 5225 2411 5294 expositis,
2462 5223 2573 5295 non
2620 5227 2802 5295 putavi
2835 5228 2938 5281 hac
2967 5228 3022 5285 in
3054 5225 3367 5295 narratione
3409 5224 3590 5291 locum
3622 5223 3779 5281 futu-

2125 5290 2264 5373 rum.
2321 5290 2403 5373 At
2441 5290 2653 5373 Paulus
2698 5296 2991 5373 episcopus
3046 5290 3432 5373 Neocze‘sarla;
3470 5294 3779 5373 (castellum

2127 5312 2264 5350 rum.
2321 5312 2389 5351 At
2442 5312 2640 5352 rautus
2698 5312 2727 5352 e
2771 5312 2991 5373 tscopus
3046 5312 3406 5353 meocaesartae
3470 5312 3777 5365 {Camenam

2127 5360 2427 5447 hoceost‘ln
2458 5366 2576 5447 ipsa
2616 5312 2935 5447 Eupgratae)
2989 5368 3195 5424 rabiem
3238 5364 3434 5447 Licinii
3483 5370 3777 5447 senserat;

2127 5381 2231 5422 noc
2258 5381 2341 5421 εει
2372 5381 2427 5421 ιιι
2458 5381 2576 5493 ipsa
2616 5381 2935 5447 tsupnratae)
2989 5381 3195 5424 rabiem
3238 5381 3434 5429 Licmll
3483 5381 3777 5431 senserat;

2127 5437 2457 5508 debilitatas,
2515 5439 2624 5497 nim
2682 5440 2907 5508 gerebat
2964 5447 3156 5508 manus
3210 5438 3416 5507 ambas,
3461 5440 3782 5508 contractas

2127 5507 2395 5581 candente
2434 5507 2603 5575 ferro,
2638 5507 2703 5581 et
2732 5508 3356 5581 correptisenectisque
3411 5507 3777 5581 articulorum

2125 5572 2422 5636 mobilibus
2446 5566 2646 5637 nervis.
2680 5566 2814 5638 Allis
2834 5566 2982 5639 oc'ttli
3001 5566 3213 5637 dexteri
3242 5566 3427 5636 e'tl'ossi
3448 5566 3779 5645 erattt,'allls
