4056 6150
335 281 432 335 991

1550 280 1878 335 APPENDIX
1918 283 2005 335 AD
2045 281 2468 336 LANDULFUM.

3596 281 3712 335 992

335 406 468 462 bant
496 411 850 475 contraquam
879 412 1225 462 sacrosancta
1253 405 1346 460 illa
1376 404 1711 460 mcumenica
1730 405 2252 476 synodusAdiebus
2291 419 2324 460 a
2369 404 2550 460 media
2595 404 2731 476 hora
2759 411 2956 476 quarta
2983 418 3158 474 usque
3186 405 3254 461 ad
3286 417 3489 461 nonam
3517 404 3712 462 facere

335 478 656 541 statuisset;
691 477 773 531 sic
820 491 943 532 eum
993 491 1153 548 nego,
1185 478 1492 548 iterumque
1533 477 1858 548 nego,illis,
1889 476 1973 532 vel

337 549 581 618 ejusdem
618 548 838 617 generis
868 548 989 602 aliis
1020 547 1338 617 permissum
1369 547 1438 602 ab
1468 547 1754 603 Ambrosio
1783 547 1971 603 fuisse.

334 619 491 674 Tales
519 619 707 688 utique
740 618 1019 673 ministros
1045 618 1363 673 Ambrosius
1389 618 1597 687 absque
1627 619 1797 673 dubio
1826 618 1976 673 dam-

335 690 520 756 nabat,
553 690 837 759 superiore
867 703 1094 743 numero
1132 687 1213 751 15,
1247 703 1423 757 neque
1455 691 1634 743 minus
1662 689 1972 744 damnasset

336 773 451 825 eos,
503 773 643 829 quos
689 764 910 814 sanctus
965 759 1304 828 Epiphanius
1351 760 1645 829 descripsit
1690 761 1798 815 imo
1845 774 1975 815 vero

334 831 609 886 damnavit
655 831 850 885 haeresi
898 829 989 895 59,
1032 844 1156 899 quae
1203 836 1287 885 est
1334 832 1711 887 Catharorum.
1763 832 1975 887 Etenim

333 902 633 957 secundum
651 900 1010 955 Parisiensem
1033 909 1196 970 atque
1209 902 1671 957 Graeco-Latinam
1691 903 1820 956 anni
1840 901 1976 955 1622

335 973 630 1028 editionem
657 1014 671 1036 ,
721 971 904 1026 studio
936 979 990 1026 et
1020 986 1189 1041 opera
1218 973 1461 1041 Dionysii
1491 972 1691 1028 Petavii
1722 973 1977 1027 emenda-

333 1052 462 1108 tam,
497 1043 836 1111 Epiphanius
875 1042 986 1097 illic
1026 1044 1170 1098 inter
1206 1051 1406 1098 caetera
1451 1043 1532 1097 sic
1581 1043 1760 1112 inquit
1795 1063 1807 1098 :
1854 1061 1882 1093 «
1923 1044 1976 1097 Si

332 1114 458 1183 quis
486 1121 612 1183 post
649 1113 977 1182 baptismum
1008 1114 1305 1169 secundam
1354 1128 1580 1169 uxorem
1619 1114 1873 1179 (luxerit;
1908 1114 1977 1167 ab

331 1184 444 1242 illis
471 1198 583 1239 non
614 1184 846 1253 amplius
880 1184 1206 1239 admittitur.
1238 1185 1395 1251 Quod
1425 1184 1647 1253 quidem
1675 1184 1835 1253 plane
1865 1190 1979 1239 sto-‘

331 1255 504 1310 lidum
534 1260 636 1310 est.
680 1274 709 1305 »
760 1256 825 1309 Et
855 1255 1018 1324 paulo
1052 1262 1211 1324 post:
1239 1274 1266 1306 «
1308 1255 1608 1324 Siquidem,
1645 1269 1769 1324 qum
1798 1269 1978 1310 sacer-

333 1326 487 1381 dotio
516 1332 746 1395 propter
784 1326 1116 1395 singularem
1148 1324 1448 1381 functionis
1476 1326 1625 1381 illius
1654 1327 1977 1395 dignitatem

332 1398 613 1467 praecipue
643 1397 848 1451 tributa
877 1402 1025 1462 sunt,
1059 1412 1122 1452 ea
1151 1397 1218 1451 ad
1250 1410 1440 1451 omnes
1470 1397 1833 1452 communiter
1859 1411 1980 1465 per—

334 1469 510 1522 tinere
554 1467 823 1536 judicant.
875 1467 1013 1522 Illud
1062 1467 1282 1537 quidem
1324 1468 1617 1523 audierunt
1656 1468 1976 1536 episcopum

332 1538 871 1606 irreprehensibilem
904 1552 1023 1594 esse
1054 1546 1333 1608 oportere,
1380 1539 1542 1592 unius
1571 1539 1758 1592 uxoris
1782 1538 1976 1603 virum,

2057 478 2271 543 liceret,
2304 484 2364 531 ut
2402 477 2530 546 hinc
2575 475 2739 530 etiam
2777 475 3164 546 intelligamus,
3197 484 3541 546 quantopere
3568 477 3710 533 alie-

2062 562 2162 602 nus
2189 548 2256 602 ab
2295 560 2361 603 eo
2410 545 2575 602 fuerit
2622 545 2974 613 Ambrosius,
2997 554 3058 602 ut
3096 545 3466 616 pro’clericis
3504 550 3709 617 conju-

2057 619 2200 688 gatis
2228 618 2466 688 aliquam
2506 617 2774 673 conderet
2802 617 2978 689 legem
3015 618 3240 674 Nicaeae
3271 619 3471 674 canoni
3499 619 3710 675 adver-

2058 696 2290 745 santem.

2128 761 2308 815 XLIII.
2357 759 2512 826 Quod
2561 759 2608 813 si
2647 759 2772 828 quis
2818 757 3052 814 fortasse
3082 759 3263 816 adhuc
3292 761 3465 816 haeret
3495 760 3597 816 hac
3634 760 3711 815 de

2060 846 2120 886 re
2151 831 2354 886 dubius
2381 830 2729 885 Ambrosium
2768 829 2946 898 ipsum
2985 829 3191 896 audiat,
3222 846 3287 887 ac
3316 832 3569 887 dubitare
3592 832 3711 900 jam

2059 902 2281 956 tandem
2311 901 2620 956 erubescat.
2652 901 2711 954 In
2742 900 2996 956 Proemio
3026 900 3247 969 quidem
3279 902 3404 957 libri
3438 903 3597 971 primi
3627 904 3709 957 De

2061 973 2166 1027 ﬁde
2187 972 2269 1027 sic
2288 972 2380 1027 ille
2410 972 2479 1026 ad
2507 970 2822 1026 Gratianum
2840 974 3141 1040 Augustum
3171 970 3482 1028 scribebat:
3511 991 3541 1023 α
3559 973 3712 1027 Petis

2060 1057 2091 1097 a
2122 1057 2207 1097 me
2239 1042 2366 1098 ﬁdei
2398 1042 2640 1097 libellum
2671 1048 2859 1113 sancte
2899 1043 3217 1111 imperator,
3250 1043 3600 1113 profecturus
3635 1043 3711 1098 ad

2061 1113 2332 1183 praelium.
2382 1114 2538 1168 Nosti
2584 1113 2729 1167 enim
2767 1112 2875 1167 ﬁde
2931 1114 3103 1182 magis
3140 1112 3490 1183 imperatoris
3538 1128 3705 1183 quam

2060 1182 2261 1240 virtute
2283 1183 2514 1239 militum
2543 1183 2717 1252 quaeri
2746 1182 2928 1239 solere
2955 1182 3261 1239 victoriam.
3285 1186 3418 1240 Nam
3447 1191 3503 1240 et
3531 1182 3710 1239 Abra-

2059 1255 2181 1310 ham
2223 1260 2501 1310 trecentos
2529 1254 2719 1309 decem
2748 1259 2805 1326 et
2833 1258 2960 1326 octo
2989 1254 3146 1326 duxit
3172 1255 3241 1310 ad
3271 1256 3473 1310 bellum
3505 1254 3709 1326 (Gene-

2058 1326 2133 1380 sis
2164 1327 2272 1395 xxv)
2306 1332 2361 1381 et
2390 1339 2457 1380 ex
2487 1324 2790 1379 innumeris
2818 1324 3067 1394 trophtea
3096 1325 3349 1381 hostibus
3378 1324 3706 1395 reportavit.

2059 1398 2337 1466 Signoque
2357 1397 2656 1451 Dominicze
2679 1395 2860 1450 crucis
2879 1401 2948 1467 et
2963 1397 3221 1463 nominis,
3245 1397 3491 1467 quinque
3512 1410 3710 1466 regum

2060 1465 2477 1535 victriciumque
2523 1473 2821 1520 turmarum
2867 1465 3097 1522 subacto
3147 1465 3370 1534 rebare,
3402 1465 3476 1522 'et
3522 1465 3709 1522 vultus

2062 1544 2145 1593 est
2201 1538 2529 1607 proximum,
2584 1543 2639 1591 et
2685 1535 2871 1591 fratris
2915 1536 3085 1591 ﬁlium
3143 1538 3344 1593 meruit
3398 1546 3455 1593 et
3513 1538 3714 1592 trium-

332 1609 586 1663 similiter
615 1617 669 1664 et
698 1609 1008 1674 diaconum,
1051 1607 1107 1664 et
1148 1609 1544 1678 presbyterum.
1578 1610 1655 1663 Ita
1681 1610 1825 1663 enim
1855 1622 1980 1677 pro-
2065 1609 2251 1678 phum.
2302 1629 2327 1657 ιο
2370 1609 2437 1662 Et
2474 1607 2637 1676 paulo
2687 1613 2832 1676 post,
2883 1608 3178 1678 concilium
3228 1609 3481 1663 indicans
3526 1609 3714 1663 Nicae-

332 1678 479 1733 fecto
508 1693 567 1733 se
598 1694 686 1734 res
716 1679 900 1745 habet,
925 1686 1007 1746 ut,
1029 1677 1371 1748 post’ChriSti
1402 1681 1458 1734 in
1489 1679 1676 1735 orbem
1709 1687 1975 1734 terrarum
1996 1722 2042 1748 τ,
2063 1677 2228 1734 num:
2265 1696 2293 1729 «
2326 1680 2399 1733 De
2428 1678 2681 1733 conciliis
2708 1678 2765 1733 id
2806 1677 3148 1747 potissimum
3178 1693 3380 1748 sequar
3406 1680 3555 1748 quod
3588 1686 3712 1733 tre-

333 1722 654 1815 Ξιᾘηῖἔηῖὖιῇῖ
670 1722 1013 1815 ’θὸξῖιῐῇἶὲὲζ
1029 1722 1152 1819 "(flii
1172 1722 1470 1805 suum
1491 1722 1977 1820 ἶνῖὂῖὲέἲὶἶιῖιῖιῖἑ
1996 1722 2045 1781 Β
2062 1722 2227 1806 ἕέιῖῐῐ
2260 1722 2765 1804 άθὲἔηῖνέἴόῖιῖ
2778 1722 3148 1813 εὲἇεὶῖὸῖἓέῗ
3178 1722 3716 1819 ἷέἕᾶἶιὲηΤᾸΒι-ἕιῖε

334 1826 549 1875 mortua
597 1834 788 1884 uxore,
822 1821 1011 1875 alteris
1039 1835 1160 1876 sese
1200 1822 1407 1890 nuptiis
1435 1819 1719 1890 illigarint,
1751 1822 1981 1875 sanctis-
2062 1821 2226 1876 electi
2268 1819 2503 1888 judicio,
2558 1833 2822 1890 consona
2848 1819 2975 1874 ﬁdei
3024 1820 3224 1876 virtute
3261 1823 3521 1885 victores,
3560 1820 3715 1874 velut

333 1891 471 1945 sima
517 1891 612 1944 Dei
663 1891 953 1959 disciplina
984 1892 1234 1959 rejiciat,
1281 1889 1576 1960 propterea
1614 1891 1763 1960 quod
1804 1892 1980 1946 incre-
2061 1891 2370 1960 trophzeum
2420 1897 2538 1946 toto
2578 1890 2712 1945 orbe
2746 1889 2991 1945 subactis
3030 1890 3254 1959 perﬁdis
3282 1891 3616 1955 extulerunt,
3652 1896 3713 1945 ut

334 1960 521 2016 dibilis
550 1967 634 2016 est
662 1962 956 2017 sacerdotii
991 1962 1169 2017 honor
1206 1976 1269 2018 ac
1309 1962 1565 2032 dignitas.
1615 1967 1791 2031 Atque
1831 1962 1978 2017 istud
2061 1963 2195 2017 mihi
2224 1962 2474 2032 videatur
2502 1962 2608 2016 hoc
2637 1974 2759 2016 esse
2796 1961 3040 2016 divinum
3072 1962 3221 2030 quod
3252 1963 3449 2018 eodem
3478 1975 3711 2017 numero

333 2032 511 2101 ipsum
542 2040 893 2087 sacrosancta
931 2032 1026 2087 Dei
1057 2032 1301 2088 Ecclesia
1332 2031 1453 2088 cum
1485 2033 1632 2088 omni
1665 2033 1978 2101 provisione
2062 2034 2118 2088 in
2150 2032 2402 2088 conciliis
2426 2031 2554 2087 ﬁdei
2590 2032 2857 2087 habeatur
2894 2033 3173 2087 oraculum
3211 2047 3323 2102 quo
3369 2034 3425 2087 in
3465 2032 3711 2087 Historia

334 2103 727 2172 diligentiaque
765 2110 962 2158 servat.
995 2104 1133 2169 Quin
1164 2118 1289 2159 eum
1316 2104 1545 2173 insuper
1582 2103 1675 2172 qui
1705 2103 1884 2159 adhuc
1925 2105 1977 2157 in
2062 2104 2284 2173 pietatis
2311 2102 2638 2171 exemplum.
2672 2122 2699 2155 »
2752 2103 2819 2157 Et
2855 2103 3049 2158 eodem
3102 2110 3289 2172 postea
3329 2103 3494 2170 libro,
3527 2104 3711 2172 capite

333 2174 681 2228 matrimonio
703 2173 853 2244 degit
885 2188 948 2228 ac
975 2173 1165 2229 liberis
1194 2175 1286 2229 dat
1314 2188 1559 2244 operam,
1582 2174 1799 2229 tametsi
1819 2175 1981 2229 unius
2063 2188 2211 2229 nono
2252 2193 2265 2228 :
2311 2192 2340 2224 «
2379 2173 2674 2242 Accepisti,
2716 2178 2902 2228 sancte
2942 2174 3260 2242 imperator,
3293 2188 3410 2239 eos,
3443 2175 3540 2244 qui
3581 2173 3713 2228 talia

332 2245 406 2297 sit
433 2244 621 2300 uxoris
650 2244 751 2310 vir,
784 2259 1128 2313 nequaquam
1158 2251 1340 2300 tamen
1370 2246 1437 2300 ad
1478 2244 1720 2310 diaconi,
1753 2245 1980 2313 presby-
2061 2251 2314 2301 asserunt
2345 2245 2559 2306 (Ariana
2606 2258 2801 2313 nempe
2842 2246 3211 2312 pronuntiata,
3245 2244 3428 2314 qualia
3460 2246 3711 2314 proxime

334 2315 457 2381 teri,
481 2315 749 2385 episcopi,
773 2321 866 2370 aut
895 2316 1262 2385 hypodiaconi
1293 2315 1542 2372 ordinem
1572 2316 1846 2381 admittit;
1881 2315 1978 2370 sed
2061 2314 2436 2385 recensuerat)
2466 2315 2591 2382 jure
2642 2314 2946 2377 damnatos,
2989 2328 3097 2369 non
3140 2315 3374 2370 humana
3413 2315 3707 2382 industria,

333 2399 455 2441 eum
487 2387 749 2440 duntaxat
776 2386 873 2455 qui
911 2387 978 2441 ab
1019 2388 1180 2441 unius
1209 2387 1396 2442 uxoris
1426 2386 1827 2441 consuetudine
1857 2400 1979 2440 sese
2062 2400 2173 2442 non
2208 2386 2608 2455 compositione
2646 2385 2851 2454 aliqua,
2881 2385 2977 2441 sed
3008 2387 3218 2440 recenti
3248 2386 3439 2441 decem
3469 2393 3525 2441 et
3554 2393 3707 2451 octo,

334 2457 693 2521 continuerit,
725 2465 819 2511 aut
867 2470 930 2511 ea
968 2457 1040 2511 sit
1087 2458 1333 2512 orbatus.
1366 2457 1518 2523 Quod
1557 2457 1614 2511 in
1660 2456 1813 2511 dictis
1851 2455 1981 2510 locis
2061 2465 2122 2512 ut
2168 2470 2335 2525 supra
2372 2455 2518 2520 dixi,
2562 2455 2808 2525 episcopi
2854 2455 2922 2510 ad
2962 2457 3256 2511 concilium
3306 2463 3707 2513 convenerunt.

332 2527 592 2598 prwcipue
610 2526 1400 2598 ﬁt,ubiecclesiasticicanones
1420 2532 1663 2598 accurate
1681 2532 1975 2598 seruantur.
2061 2528 2167 2583 Sed
2202 2534 2262 2582 ut
2300 2528 2364 2598 in
2394 2539 2622 2598 numero
2654 2539 2844 2582 eorum
2886 2541 2985 2597 per
3022 2530 3236 2598 signum
3274 2542 3389 2583 suae
3428 2528 3707 2598 passionis

331 2597 399 2653 At
429 2599 573 2652 enim
604 2597 886 2652 nonnullis
914 2597 1094 2653 adhuc
1130 2599 1185 2652 in
1217 2598 1356 2653 locis
1399 2597 1726 2667 presbyteri,
1759 2597 1978 2653 diaconi
2062 2604 2119 2654 et
2162 2597 2400 2653 nominis
2436 2597 2698 2652 Dominus
2733 2599 2892 2653 Jesus
2936 2612 3037 2653 suo
3081 2597 3356 2668 probaret
3400 2597 3462 2654 se
3513 2598 3712 2653 adesse

334 2676 390 2723 et
435 2668 804 2737 hypodiaconi
844 2668 1051 2724 liberos
1105 2669 1431 2737 suscipiunt.
1492 2669 1822 2738 Respondeo
1876 2684 1981 2723 non
2063 2668 2324 2736 concilio,
2357 2683 2492 2723 crux
2521 2668 2578 2722 in
2608 2669 2894 2735 trecentis,
2929 2670 3058 2724 Jesu
3084 2683 3286 2725 nomen
3325 2669 3382 2724 in
3422 2670 3613 2724 decem
3657 2676 3715 2724 et

332 2738 462 2812 illud
492 2754 561 2812 ea:
589 2739 805 2794 canonis
835 2740 1145 2812 auctoritate
1172 2740 1311 2812 ﬁeri,
1350 2739 1445 2794 sed
1477 2744 1694 2812 propter
1720 2739 1982 2794 hominum
2063 2746 2191 2796 octo
2216 2746 2300 2794 est
2328 2739 2792 2812 sacerdotibus.»
2824 2741 3097 2795 Prmterea
3119 2754 3249 2812 vero
3278 2740 3442 2812 etiam
3472 2740 3528 2794 in
3561 2740 3709 2812 libro

332 2810 615 2877 ignaviam,
648 2824 772 2879 quae
802 2810 1340 2881 certistempOribus
1364 2811 1706 2881 negligenter
1735 2824 1896 2880 agere
1916 2824 1980 2865 ac
2060 2813 2137 2867 De
2167 2810 2567 2881 lncarnationis
2595 2810 2892 2865 Dominicze
2922 2811 3203 2880 mysterio,
3224 2812 3403 2880 capite
3424 2811 3458 2862 7
3483 2830 3497 2865 :
3530 2829 3559 2861 (ί
3582 2811 3708 2865 Non

332 2882 626 2936 connivere
664 2881 807 2936 solet
836 2881 906 2936 ob
936 2880 1156 2936 nimiam
1187 2881 1375 2951 populi
1407 2881 1832 2946 multitudinem,
1856 2895 1981 2936 cum
2063 2881 2207 2937 enim
2238 2881 2383 2950 quod
2417 2880 2662 2949 ejusdem
2699 2881 3020 2936 substantiae
3059 2890 3161 2948 est,
3199 2897 3358 2949 unus,
3398 2881 3495 2936 sed
3537 2895 3711 2936 unum

332 2951 547 3006 scilicet
576 2951 670 3019 qui
705 2952 772 3005 ad
808 2966 899 3006 eas
927 2967 986 3006 se
1008 2951 1321 3007 functiones
1354 2952 1653 3021 applicent,
1687 2965 1797 3006 non
1816 2951 1978 3006 facile

332 3022 703 3107 reperiuntur.
735 3021 982 3107 Quodad
1006 3021 1757 3107 ipsam‘quidemﬁce‘lesiam
1782 3022 1980 3107 attinet
2000 3047 2043 3107 α

334 3106 417 3157 ea,
451 3097 641 3160 utpote
671 3106 699 3144 a
730 3097 920 3146 sancto
950 3093 1156 3159 Spiritu
1185 3093 1327 3147 bene
1357 3091 1609 3147 ordinata
1649 3099 1814 3161 atque
1845 3106 1974 3148 con-

332 3162 542 3227 stituta,
585 3161 732 3229 quod
781 3161 1067 3217 decentius
1103 3169 1188 3218 est
1225 3163 1564 3217 omnibusin
1605 3163 1770 3217 rebus
1798 3163 1977 3218 consi-

332 3232 550 3299 derans,
583 3233 634 3287 ei
682 3233 762 3287 rei
813 3232 1035 3288 studere
1067 3233 1408 3301 potissimum
1448 3233 1704 3299 instituit,
1746 3239 1806 3288 ut
1852 3248 1977 3303 qua:

332 3304 517 3359 divino
548 3303 756 3357 numini
795 3302 1097 3358 ministeria
1126 3310 1477 3373 praestantur,
1512 3303 1660 3359 nulla
1689 3318 1772 3369 re,
1793 3302 1975 3374 quoad

331 3375 452 3430 ﬁeri
490 3378 694 3444 potest,
728 3374 1123 3440 distrahantur,
1156 3382 1323 3444 utque
1353 3374 1619 3444 spiritalia
1646 3373 1829 3430 omnia
1862 3373 1979 3431 ofﬁ-

332 3447 417 3501 cia
447 3459 607 3515 quam
640 3446 844 3514 Optima
884 3445 1274 3514 laetissimaque
1313 3445 1654 3501 conscientia
1690 3452 1970 3515 gerantur.

332 3519 449 3571 Hoc
505 3517 674 3586 igitur
728 3516 875 3581 dico,
927 3523 1154 3585 propter
1200 3516 1411 3572 subitas
1461 3515 1773 3572 functiones
1812 3523 1975 3586 atque

332 3587 513 3644 ofﬁcia
544 3588 858 3651 convenire,
892 3594 951 3642 ut
999 3587 1307 3657 presbyter,
1339 3602 1403 3642 ac
1448 3587 1734 3655 diaconus,
1767 3594 1823 3643 et
1861 3589 1978 3657 epi-

333 3672 536 3727 scopus
584 3660 693 3714 Deo
743 3658 962 3726 penitus
1002 3666 1177 3713 vacet.
1223 3659 1356 3713 Nam
1397 3658 1444 3713 si
1492 3658 1603 3712 illis
1632 3659 1794 3713 etiam
1824 3661 1914 3727 qui
1947 3674 1977 3714 e

335 3729 540 3798 populo
566 3735 713 3792 sunt,
748 3728 983 3797 idipsum
1012 3729 1307 3797 Apostolus
1338 3729 1610 3798 praecipit,
1645 3737 1705 3784 ut
1740 3728 1971 3799 (inquit)

334 3800 402 3853 ad
435 3806 648 3867 tempus
672 3807 866 3854 vacent
894 3800 1152 3870 orationi,
1185 3808 1389 3869 quanto
1419 3799 1475 3853 id
1507 3801 1677 3870 magis
1704 3800 1979 3855 sacerdoti

337 3870 699 3940 praescribit?
720 3870 984 3924 Nimirum
1008 3869 1174 3924 nullis
1196 3877 1253 3925 ut
1272 3869 1680 3940 impedimentis
1699 3878 1977 3938 avocetur,

336 3939 486 4011 quod
527 3939 582 3993 in
620 3939 999 4011 spiritualibus
1043 3939 1363 3996 secundum
1395 3942 1563 3996 Deum
1611 3942 1867 4011 negotiis,
1922 3942 1978 3996 in

335 4010 459 4079 ipso
509 4024 610 4064 usu
665 4010 959 4065 sacerdotii
1011 4011 1595 4080 administrationeque
1649 4010 1896 4067 ferietur.
1947 4030 1976 4064 »

335 4083 632 4148 Hucusque
661 4088 885 4136 sanctus
915 4083 1289 4151 Epiphanius;
1333 4090 1388 4138 et
1418 4083 1507 4138 hic
1536 4082 1757 4151 quidem
1778 4088 1979 4138 sancto

332 4152 622 4206 Ambrosio
675 4158 1194 4221 contemporaneus,
1246 4160 1307 4207 ut
1354 4167 1384 4208 e
1430 4154 1650 4208 Baronii
1677 4153 1981 4210 Annalibus

334 4222 567 4292 intelligi
595 4222 775 4289 datur,
816 4223 1136 4279 Ambrosius
1175 4224 1318 4279 enim
1367 4224 1665 4279 Ecclesiam
1713 4223 1978 4279 Mediola-

333 4306 556 4349 nensem
607 4295 748 4348 rexit
788 4294 856 4349 ab
887 4308 1030 4350 anno
1059 4309 1223 4363 supra
1271 4296 1713 4350 trecentesimum
1753 4300 1973 4364 septua-

2063 2959 2166 3008 est.
2196 2953 2330 3006 Nam
2360 2951 2551 3020 utique
2587 2951 2781 3006 Filium
2813 2953 3055 3020 ejusdem
3087 2966 3211 3007 cum
3248 2954 3407 3007 Patre
3436 2953 3704 3007 substan-

2063 3024 2156 3078 tiae
2185 3022 2510 3078 conﬁtentes
2536 3023 2591 3076 in
2624 3024 2872 3077 Tractalu
2900 3022 3106 3077 concilii
3132 3023 3358 3087 Nicwni,
3389 3036 3503 3078 non
3544 3036 3709 3077 unam

2064 3106 2376 3164 personam,
2425 3092 2522 3147 sed
2571 3106 2733 3147 unam
2783 3092 3120 3148 divinitatem
3171 3094 3225 3147 in
3260 3095 3420 3149 Patre
3469 3099 3524 3147 et
3566 3093 3709 3147 Filio

2058 3164 2436 3220 crediderunt.
2488 3182 2516 3213 »
2566 3164 2625 3217 In
2664 3164 3011 3219 enarratione
3051 3165 3257 3233 pariter
3302 3165 3377 3219 De
3425 3164 3707 3219 Paschalis

2058 3235 2394 3290 celebritatis
2424 3234 2636 3289 ratione
2664 3235 2750 3289 sic
2779 3236 2973 3303 incipit
2999 3254 3012 3289 :
3050 3253 3078 3285 «
3109 3236 3227 3290 Non
3259 3234 3557 3290 mediocris
3584 3248 3709 3289 esse

2056 3306 2363 3375 sapientia,
2414 3305 2560 3359 diem
2614 3305 2952 3360 celebritatis
3009 3304 3237 3361 deﬁnire
3292 3304 3591 3371 Paschalis,
3652 3312 3710 3360 et

2057 3378 2340 3445 Scriptura
2386 3375 2569 3430 divina
2608 3389 2710 3431 nos
2756 3377 3017 3442 instruit,
3069 3384 3125 3431 et
3170 3375 3395 3431 traditio
3436 3378 3710 3445 majorum

2057 3449 2152 3517 qui
2201 3446 2707 3517 convenientesiad
2753 3446 3021 3517 synodum
3066 3446 3372 3514 Nicaanam,
3414 3446 3560 3501 inter
3609 3446 3709 3501 illa

2059 3516 2186 3573 ﬁdei
2216 3525 2276 3572 ut
2304 3531 2431 3572 vera
2462 3518 2537 3571 ita
2561 3516 2880 3571 admiranda
2909 3516 3151 3584 decreta,
3175 3517 3339 3572 etiam
3368 3532 3538 3586 super
3561 3517 3708 3572 cele-

2059 3590 2260 3644 britate
2282 3593 2599 3653 memorata,
2624 3587 2973 3658 congregatis
3004 3588 3352 3656 peritissimis
3372 3587 3708 3653 calculandi,

2060 3660 2250 3715 decem
2273 3667 2327 3713 et
2348 3672 2541 3714 novem
2561 3672 2830 3714 annorum
2852 3658 3126 3728 collegere
3148 3660 3438 3723 rationem,
3473 3665 3530 3713 et
3550 3659 3714 3727 quasi

2060 3730 2349 3800 quemdam
2379 3730 2717 3785 constituere
2746 3730 3033 3795 circulum,
3066 3744 3131 3784 ex
3161 3742 3272 3798 quo
3302 3729 3611 3798 exemplum
3645 3729 3705 3783 in

2059 3814 2236 3855 annos
2272 3801 2517 3869 reliquos
2553 3801 2889 3870 gigneretur.
2933 3801 3087 3854 Hunc
3117 3800 3381 3855 circulum
3413 3801 3713 3855 Euueacae-

2060 3871 2377 3926 decaterida
2425 3878 2831 3939 nuncuparunt,
2876 3888 2904 3921 ››
2955 3876 3062 3926 etc.
3108 3872 3177 3925 Et
3220 3871 3502 3939 aliquanto
3534 3877 3704 3938 post:

2057 3944 2171 4014 Nec
2200 3941 2493 4014 absurdum
2525 3942 2766 4014 arbitror
2786 3947 2845 4014 ut
2865 3940 2992 3995 inde
3012 3940 3580 4014 iobservandimensis
3598 3948 3711 3994 tra-

2060 4013 2253 4068 hamus
2281 4013 2608 4080 exemplum,
2633 4012 2725 4066 ubi
2757 4013 2987 4080 primum
3011 4012 3219 4066 Pascha
3240 4012 3576 4067 celebratum
3596 4017 3707 4065 est.

2061 4083 2216 4138 Unde
2263 4090 2317 4138 et
2365 4085 2598 4151 majores
2645 4084 2820 4137 nostri
2867 4082 2924 4135 in
2976 4084 3223 4139 Traclalu
3262 4081 3469 4137 concilii
3496 4083 3714 4139 Nicmni

2060 4154 2311 4209 eumdem
2342 4152 3004 4218 Enneacaedecateridem,
3036 4154 3082 4207 si
3130 4154 3253 4222 quis
3297 4153 3595 4223 diligenter
3624 4154 3713 4206 in-

2062 4225 2287 4290 tendat,
2342 4224 2693 4279 statuendum
2746 4230 3046 4292 putarunt,
3107 4232 3163 4278 et
3218 4223 3395 4292 ipsum
3461 4237 3712 4278 mensem

2060 4297 2336 4350 Novorum
2384 4301 2533 4349 recte
2573 4293 2992 4359 custodierunt,
3043 4294 3172 4363 quia
3218 4295 3274 4348 in
3321 4296 3554 4363 Egypto
3602 4294 3713 4349 hoc

332 4366 539 4435 gesimo
565 4370 760 4433 quarto
791 4380 964 4435 usque
983 4365 1052 4420 ad
1083 4366 1494 4436 nonagesimum
1514 4363 1828 4434 septimum.
1850 4367 1973 4435 Epi-
1992 4367 2040 4423 D
2062 4368 2454 4436 primomense
2488 4379 2625 4421 nova
2648 4371 2907 4436 secantur
2942 4363 3232 4436 frumenta.
3268 4383 3296 4415 »
3341 4363 3446 4420 Sed
3477 4372 3533 4420 et
3564 4363 3711 4419 libro

334 4436 570 4506 phanius
597 4443 777 4491 autem
807 4437 875 4491 ab
900 4450 1044 4491 anno
1083 4437 1271 4491 saeculi
1301 4435 1546 4504 ejusdem
1574 4439 1977 4507 septuagesimo

332 4521 507 4576 usque
537 4507 604 4561 ad
650 4507 1251 4577 quadringentesimum
1290 4507 1513 4561 circiter
1545 4507 1846 4562 secundum
1876 4509 1978 4563 Ec-

332 4578 555 4633 clesiam
614 4578 756 4632 rexit
809 4578 1169 4645 Constantia,
1221 4578 1335 4633 sive
1383 4578 1691 4643 Salaminte,
1737 4578 1891 4633 urbis
1920 4580 1977 4633 in

329 4649 508 4718 Cypro
542 4649 835 4717 primariae.
866 4649 1005 4716 Quin
1038 4650 1198 4704 etiam
1240 4648 1329 4703 hic
1368 4648 1485 4717 ipse
1526 4649 1687 4705 nobis
1715 4662 1782 4704 eo
1813 4651 1976 4705 etiam

331 4720 609 4788 praecipue
648 4720 1035 4775 memorandus
1071 4726 1157 4774 est
1195 4719 1376 4786 titulo,
1411 4719 1559 4789 quod
1587 4733 1731 4776 anno
1761 4727 1979 4776 trecen-

332 4790 527 4845 tesimo
575 4791 912 4915 octOgesimo
960 4790 1205 4846 secundo
1253 4790 1392 4860 (sive
1442 4791 1771 4860 posteriore,
1813 4806 1977 4861 quam

332 4860 669 4915 celebratum
733 4862 878 4915 uisse
924 4861 1219 4915 concilium
1269 4861 1406 4915 illud
1468 4862 1975 4915 Constantinonoli-

332 4860 669 4916 celebratum
709 4860 878 4917 fuisse
924 4861 1219 4917 concilium
1269 4861 1406 4917 illud
1468 4860 1975 4930 Constantinopoli-

330 4934 538 4997 tanum,
571 4933 627 4987 in
656 4946 767 5001 quo
795 4933 1114 4988 Ambrosius
1142 4946 1173 4987 a
1208 4933 1364 4988 Datio
1403 4932 1690 4988 dicebatur
1727 4934 1784 4988 in
1832 4931 1977 4989 favo-

331 5015 448 5057 rem
478 5009 831 5059 uxoratorum
861 5003 1208 5059 sacerdotum
1246 5003 1539 5074 judicasse)
1575 5003 1724 5074 quod
1773 5018 1860 5071 eo,
1894 5004 1977 5059 in-

332 5087 516 5142 quam,
549 5088 693 5130 anno
724 5076 863 5130 citra
892 5074 1117 5142 dubium
1149 5072 1397 5129 interfuit
1435 5072 1672 5130 concilio
1703 5076 1970 5140 Romano,

331 5141 434 5198 sub
483 5145 711 5201 Damaso
762 5141 1252 5215 papa'celebrato,
1285 5146 1382 5215 cui
1423 5147 1629 5214 pariter
1654 5145 1976 5200 Ambrosius

332 5215 470 5271 citra
509 5229 724 5272 omnem
754 5213 1183 5273 controversiam
1212 5213 1494 5283 interfuit,
1548 5222 1605 5272 et
1643 5218 1800 5285 cujus
1828 5230 1977 5272 men-

334 5285 536 5340 tionem
589 5288 750 5343 nobis
805 5286 1040 5344 faciebat
1094 5286 1492 5351 Bellarmiuus,
1550 5287 1823 5356 superiori
1880 5300 1977 5342 nu-

333 5369 485 5429 mero
514 5357 605 5429 27.
653 5360 770 5425 Quo
818 5359 1038 5429 quidem
1078 5358 1134 5413 in
1174 5357 1412 5414 concilio
1442 5359 1801 5429 Romanotut
1834 5358 1975 5413 bene

333 5427 604 5501 Baronius
631 5429 699 5484 ad
730 5427 853 5485 eum
876 5443 1077 5486 annum
1097 5428 1501 5501 animadvertit)
1532 5427 1869 5501 prohibitum
1892 5432 1976 5483 est

333 5496 499 5569 etiam
544 5513 608 5553 ex
658 5502 982 5569 praescripto
1024 5501 1235 5555 Niczeni
1265 5496 1494 5555 canonis
1530 5496 1599 5555 ne
1628 5504 1756 5554 ante
1786 5500 1975 5556 horam

334 5568 552 5624 tertiam
590 5569 787 5626 diebus
831 5568 987 5627 feStis
1028 5571 1210 5626 missae
1261 5576 1633 5638 canerentur;
1683 5569 1808 5626 aliis
1843 5584 1974 5627 vero

2059 4433 2305 4492 Secundo
2335 4478 2349 4502 ,
2418 4436 2653 4505 epistola
2710 4433 2773 4487 13
2828 4435 2895 4490 ad
2945 4435 3321 4490 Valentianum
3360 4438 3706 4504 Augustum:

2062 4526 2090 4560 «
2143 4509 2275 4563 Cum
2321 4507 2391 4561 iis
2430 4508 2588 4577 plane
2637 4507 2778 4562 bene
2818 4507 3077 4562 convenit
3103 4508 3328 4572 Ariano,
3370 4507 3463 4575 qui
3492 4514 3712 4561 creatu-

2058 4592 2173 4633 ram
2220 4579 2494 4633 Christum
2541 4577 2698 4642 dicit,
2750 4577 2898 4646 quod
2946 4578 3108 4632 etiam
3148 4577 3384 4647 gentiles
3420 4591 3485 4631 ac
3523 4577 3708 4631 Judaei

2028 4649 2466 4719 'promptissime
2503 4649 2856 4704 conﬁtentur-
2898 4649 3014 4703 Hoc
3061 4650 3326 4719 scriptum
3362 4647 3556 4719 estin
3585 4648 3712 4701 Ari-

2058 4716 2292 4775 minensi
2321 4719 2554 4790 synodo,
2579 4720 2887 4790 meritoque
2918 4716 3211 4774 concilium
3242 4717 3378 4772 illud
3406 4716 3707 4783 exhorreo,

2056 4805 2275 4861 sequens
2312 4788 2593 4846 tractatum
2620 4788 2827 4845 concilii
2863 4790 3090 4855 Nicwni,
3124 4805 3158 4843 a
3185 4803 3285 4861 quo
3311 4802 3392 4843 me
3418 4803 3515 4861 nec
3542 4802 3709 4855 mors,

2057 4858 2153 4916 nec
2199 4860 2406 4930 gladius
2447 4861 2640 4932 poterit
2676 4874 2949 4932 separare.
3000 4861 3169 4932 Quam
3194 4858 3377 4932 ﬁdem
3409 4860 3576 4932 etiam
3614 4873 3713 4927 pa-

2057 4945 2186 4987 rens
2231 4930 2537 4988 clementiae
2587 4938 2693 4986 tua:
2740 4930 3084 4986 Theodosius
3141 4930 3490 4984 beatissimus
3539 4931 3709 4997 impe-

2057 5011 2211 5058 rator
2261 5010 2317 5058 et
2370 5003 2620 5073 sequitur
2676 5007 2733 5073 et
2792 5001 3063 5070 probavit.
3113 4998 3487 5073 Ilanchﬁdem
3516 4999 3709 5073 Galliae

2057 5079 2268 5139 tenent,
2318 5069 2468 5129 hanc
2512 5069 2807 5142 Hispaniae
2836 5078 2891 5127 et
2939 5085 3062 5126 cum
3112 5071 3200 5140 pia
3247 5069 3419 5125 divini
3466 5071 3710 5142 Spiritus

2058 5143 2405 5201 confessione
2460 5143 2798 5199 custodiunt.
2846 5164 2871 5190 π
2930 5142 3150 5196 Talibus
3200 5148 3381 5196 autem
3430 5141 3710 5196 Ambrosii

2056 5215 2125 5270 de
2165 5216 2404 5272 concilio
2450 5216 2674 5270 Nicaeuo
2725 5214 3094 5283 pronuntiatis
3131 5211 3265 5266 illud
3304 5212 3471 5283 etiam
3499 5225 3712 5268 connu-

2056 5300 2206 5341 mera
2286 5286 2393 5342 uod
2423 5300 2454 5341 a
2502 5284 2663 5340 nobis
2708 5282 2996 5339 recitatum
3038 5286 3149 5353 jam
3178 5288 3262 5338 est
3289 5282 3581 5352 superiore
3607 5295 3710 5337 nu-

2056 5370 2208 5409 mero
2245 5301 2344 5409 (18.
2393 5370 2459 5409 ae
2506 5364 2618 5409 tum
2669 5354 2985 5409 planissime
3033 5353 3311 5409 constabit
3356 5359 3562 5409 quanta
3608 5354 3705 5408 ille

2055 5370 2208 5412 mero
2261 5353 2344 5425 I8,
2393 5370 2459 5412 ac
2506 5364 2618 5411 tum
2669 5354 2985 5424 planissime
3033 5353 3311 5409 constabit
3356 5359 3562 5425 quanta
3608 5354 3705 5408 ille

2056 5370 2208 5412 mero
2262 5368 2344 5425 ιδ,
2393 5370 2459 5412 ac
2506 5368 2618 5411 tum
2669 5368 2985 5424 pmmssnme
3033 5368 3311 5409 consmnu
3356 5368 3562 5477 quanta
3608 5368 3705 5408 me

2056 5428 2361 5483 reverentia
2410 5433 2736 5497 prosecutus
2783 5425 2950 5481 fuerit
2972 5466 3001 5497 ,_
3040 5438 3312 5497 quamque
3397 5422 3706 5497 deliteret

2056 5497 2313 5570 religiose
2368 5495 2586 5570 servare
2627 5510 2860 5570 semper
2916 5495 3423 5570 volueritNieaeni
3474 5495 3702 5570 concilii

2055 5566 2396 5637 Tractatum,
2445 5569 2559 5625 sive
2607 5568 2831 5624 decreta
2876 5569 2995 5637 ejus
3041 5566 3252 5634 omnia,
3294 5574 3403 5621 tam
3451 5580 3579 5634 quae
3630 5566 3699 5621 ad
