4056 6150
305 201 412 259 996

305 412 426 453 mus
454 407 685 451 numero
732 390 814 457 l5,
848 389 918 445 20
946 398 1001 446 et
1039 389 1128 445 23.

374 468 459 523 LI.
513 466 706 522 Utrum
742 456 873 519 vero
921 462 1205 517 Eribertus
1251 458 1346 531 ille
1393 456 1846 531 archiepiscOpUS
1902 460 1949 530 (a

304 553 389 595 me
429 534 625 593 solitus
673 533 937 604 appellari
996 534 1194 604 potius
1224 526 1532 604 Aribertus)
1563 526 1710 604 _eam
1744 526 1949 604 'revera

305 622 532 666 uxorem
572 600 844 673 habuerit,
877 600 1038 673 quam
1068 600 1406 673 Gualvaneus
1436 600 1674 669 dieebat,
1713 616 1815 658 nec
1844 602 1951 659 hoc

306 679 529 750 quidem
558 678 691 750 mihi
721 672 909 750 verum
941 679 1034 750 aut
1071 672 1376 750 verisimile
1389 673 1567 750 videri
1597 681 1797 750 potest.
1831 675 1953 750 Ari-

305 738 498 807 bertus
530 748 783 804 nimirum
822 745 913 801 ille
959 743 1028 798 ad
1070 738 1329 815 Ecclesiae
1358 738 1781 800 Mediolahensis
1809 744 1952 815 regi-

305 836 431 878 men
470 828 692 878 evectus
747 823 830 873 est
885 828 1030 871 anno
1096 813 1311 871 Domini
1375 829 1541 884 supra
1597 813 1949 872 millesimum

307 893 522 949 decimo
554 903 721 955 nono,
755 893 810 943 et
839 887 910 956 in
950 900 1016 941 eo
1057 884 1423 956 perseveravit
1450 900 1622 956 usque
1652 887 1720 942 ad
1750 900 1951 943 annum

306 970 498 1033 postea
526 952 997 1033 quadragesimum
1032 952 1266 1033 sextum,
1298 952 1441 1012 sicut
1475 952 1577 1027 ego
1609 957 1675 1033 in
1711 958 1952 1013 Ambro-

305 1028 474 1090 siante
522 1028 762 1086 basilicae
809 1043 873 1083 ac
922 1028 1242 1082 monasterii
1282 1028 1652 1083 monumentis
1701 1042 1949 1084 comme-

306 1104 458 1169 mini,
503 1114 728 1158 numero
757 1097 861 1153 213
892 1104 947 1153 et
975 1094 1336 1169 246._Eodem
1368 1113 1495 1155 vero
1522 1094 1672 1154 illius
1703 1107 1952 1168 tempore

306 1166 560 1231 vivebant
616 1172 779 1228 etiam
829 1170 1030 1226 Rerum
1088 1166 1571 1224 Mediolancnsium
1618 1166 1950 1239 scriptores,

304 1243 621 1313 Arnulphus
649 1249 704 1298 et
733 1240 1087 1309 Landulphus
1116 1239 1331 1313 Senior,
1352 1241 1655 1313 saepissime
1686 1241 1955 1296 hactenus

304 1331 337 1373 a
376 1310 536 1371 nobis
583 1314 639 1368 in
697 1312 1071 1382 testimonium
1131 1311 1407 1380 producti.
1466 1310 1721 1381 Ejusdem
1788 1313 1956 1382 igitur

305 1384 711 1465 archiepiscopi
741 1389 893 1465 gesta
930 1380 1241 1465 luculenter
1269 1383 1430 1465 ambo
1472 1380 1527 1436 et
1565 1383 1795 1465 copiose
1806 1380 1955 1465 (suis

306 1452 562 1513 Historiis
609 1452 1061 1522 consignarunt,
1096 1466 1274 1522 neque
1317 1461 1492 1508 tamen
1546 1455 1733 1508 uxoris
1783 1452 1951 1519 illius,

306 1542 469 1598 quam
517 1526 718 1597 przesul
758 1520 851 1579 iile
891 1531 1020 1579 tunc
1050 1520 1672 1598 habe—ret,_mentionem
1700 1523 1953 1579 fecerunt

306 1592 472 1656 ullam
495 1592 703 1667 {quam
729 1604 910 1667 tamen
939 1601 1142 1667 caetero
1173 1592 1477 1667 qui_facere
1508 1595 1849 1667 debuissent,
1889 1600 1948 1650 ut

306 1652 598 1739 appareret
640 1665 829 1739 quanti
877 1665 1039 1720 etiam
1089 1652 1340 1734 praesulis
1385 1666 1689 1739 exemplum
1720 1652 2016 1739 seq'uejn

308 1734 499 1820 rentur
525 1734 967 1820 uxor'ati‘per‘ea
997 1744 1242 1817 tempora
1271 1737 1607 1820 sacerdotes,
1637 1734 1952 1820 quibus‘illi

309 1811 472 1866 unice
521 1805 793 1875 favebant,
846 1813 904 1862 ut
942 1820 1091 1876 saepe
1116 1807 1228 1876 jam
1259 1805 1514 1862 diximus.
1547 1809 1620 1862 De
1652 1805 1746 1862 illo
1773 1813 1955 1862 autem

308 1881 491 1938 Sancti
523 1876 765 1949 Dionysii
798 1876 1131 1949 monasterio
1161 1876 1479 1949 Arnulphus
1511 1877 1654 1949 libro
1684 1878 1951 1944 secundo,

310 1953 491 2021 capite
531 1946 851 2021 undecimo,
894 1947 1013 2002 hare
1052 1952 1261 2021 tantum
1302 1967 1328 2021 :_
1369 1946 1744 2021 Sepuilasest
1783 1954 1956 2021 autem

343 2014 650 2091 Aribertus)
703 2019 774 2075 ad
822 2019 1073 2091 Sanctum
1108 2014 1455 2091 Dionysium,—
1476 2014 1565 2073 ubi
1601 2017 1956 2091 elegansfun-

348 2059 688 2163 “£53.:
703 2059 1119 2163 "ﬁqZJéZZz'um.
1162 2059 1516 2163 Lalidulpbus

311 2165 516 2219 riarum
547 2157 767 2217 suarum
800 2158 941 2216 libro
971 2157 1237 2230 secundo,
1272 2157 1627 2229 posteaquam
1658 2174 1757 2230 per
1786 2160 1956 2216 multa

311 2235 495 2304 capita
541 2232 609 2288 de
657 2231 827 2304 gestis
859 2232 1022 2304 _eju_s_
1058 2224 1823 2304 archiepiscopiiscripsisse,
1877 2232 1958 2304 sic

312 2298 473 2361 etiam
496 2298 723 2359 tradidit
750 2298 929 2372 capite
956 2301 1029 2372 32
1045 2320 1065 2372 _:
1094 2298 1391 2372 cMigravit
1412 2298 1559 2369 enim
1582 2298 1774 2357 beatus
1793 2298 1958 2372 (tanti

313 2390 435 2431 eum
469 2375 557 2430 hic
586 2380 779 2429 auctor
808 2367 1059 2441 faciebat)
1092 2367 1417 2428 Heribertus
1446 2367 1512 2427 ad
1546 2367 1834 2428 Dominum
1863 2373 1959 2427 de-

313 2447 456 2503 cimo
486 2446 720 2514 septimo
765 2441 1037 2498 Kalendas
1066 2441 1370 2514 Februarii,
1403 2443 1694 2514 millesimo
1724 2443 1959 2512 quadra-

313 2517 521 2587 gesimo
552 2512 785 2587 ‘quinto,
836 2520 891 2568 et
939 2512 1188 2587 sepultus
1233 2520 1319 2567 est
1364 2513 1432 2587 ad
1461 2515 1719 2587 Sanctum
1752 2515 1958 2587 Diony-g

313 2584 492 2651 siam;
535 2584 692 2655 cujus
736 2584 1226 2655 Monasteriumdet
1273 2584 1560 2641 ecclesiam
1599 2586 1718 2654 ipse
1754 2585 1824 2640 ad
1862 2584 1960 2640 Dei

315 2658 581 2713 honorem
604 2653 687 2726 et
729 2654 897 2726 beati,
924 2653 1167 2726 Dionysii
1201 2655 1445 2709 exaltans
1489 2653 1873 2726 magniﬁcavit,
1907 2660 1964 2710 et

313 2727 501 2785 multis
531 2725 757 2797 praediis
789 2723 1088 2797 multisque
1132 2723 1442 2797 honoribus
1479 2723 1602 2783 eam
1646 2726 1874 2782 ditando
1906 2731 1962 2781 et

312 2792 639 2856 honorando
678 2792 1015 2867 sublimaviti
1046 2814 1073 2847 »
1124 2792 1287 2867 Multa
1329 2811 1459 2853 vero
1508 2798 1671 2853 etiam
1702 2811 1804 2867 ego
1844 2810 1962 2865 ipse

313 2870 443 2941 legi,
465 2870 599 2940 quin
629 2869 800 2941 etiam
822 2866 1110 2941 exscripsi,
1145 2865 1448 2941 publicajet
1476 2865 1790 2941 authentica
1820 2869 1965 2941 ejus-

1525 194 1859 253 APPENDIX
1896 195 1984 254 AD
2022 193 2450 269 LANDULFUM.

304 331 416 383 met
452 325 615 381 etiam
654 326 847 379 sancto
875 319 1165 379 Ambrosio
1204 318 1492 382 refellitur,
1546 325 1605 376 ut
1649 321 1761 389 jam
1799 319 2286 385 vidi-ARolandi,
2319 323 2523 389 sancite
2555 312 3116 389 EomanaeEcciesiae

3572 188 3687 245 996

3155 312 3465 438 paesbyteri
3501 313 3686 394 cardi-

3230 399 3294 438 us
3335 384 3682 438 Novembris.

2033 389 2173 445 nalis
2202 381 2599 444 et'cancellarii
2631 384 2896 455 gerentis,
2929 391 3125 455 quarto
3146 381 3294 455 Aldus
3332 381 3682 455 Novembris,

2031 461 2335 516 indictione
2365 468 2538 523 sexta,
2572 452 2975 511 lncarnationis
3005 452 3299 511 Dominicaa
3331 467 3475 509 anno
3508 453 3687 509 mille-

2030 534 2170 587 simo
2219 529 2520 587 centesimo
2560 525 3020 598 quinquagesimo
3047 525 3303 594 septimo,
3333 525 3689 598 pontiﬁcatus

2030 617 2169 659 vero
2190 600 2378 658 domui
2399 594 2624 657 Adriani
2658 594 3024 668 paipae'quarti
3055 608 3202 652 anno
3233 597 3421 668 tertio.
3443 614 3476 668 in
3507 594 3688 668 septi-

2031 688 2175 730 mum
2208 681 2291 728 est
2310 671 2577 727 Friderici
2608 664 2960 738 imperatoris
2978 667 3283 738 zEnobarbi
3317 664 3687 738 privilegium,

2032 747 2106 818 ita
2156 744 2395 818 denique
2423 737 2869 818 subscriptum;
2903 756 2950 818 ⁹(ι
2987 738 3113 818 ‘Ego
3164 737 3494 818 Fridericus,
3527 737 3687 818 Colca

2033 816 2245 891 nieAnsis
2282 806 2758 891 archiepiscopus,
2799 817 2855 891 et
2903 806 3077 891 italici
3126 809 3280 891 regni
3314 806 3690 891 archicancei-

2035 882 2222 953 larius,
2257 876 2575 954 recognovi,-
2609 876 2754 938 anno
2803 876 3103 954 Dominicae
3133 876 3535 954 Inrarnationis
3563 876 3690 954 mil-

2034 948 2227 1012 lesimo
2269 948 2572 1011 cautissimo
2619 953 3075 1022 quinquagesimo
3122 958 3337 1022 octavo,
3382 948 3691 1022 indictione

2034 969 2227 1012 lesrmo
2269 969 2572 1011 centesnmo
2658 969 3075 1022 umquagesrmo
3122 969 3337 1017 οοιᾶνο,
3382 969 3690 1007 ιῐιαιίςιιοιιο

2033 1029 2286 1097 septima,
2320 1033 2585 1097 regnante
2619 969 2822 1080 ﬂomno
2855 1018 3148 1097 Frederico
3178 1018 3552 1097 Romanorum
3583 1020 3690 1097 ξω·

2036 1090 2291 1169 pe'ratore
2330 1090 2755 1169 glpriosissimo,
2783 1107 2928 1169 anno
2968 1090 3147 1169 regni_
3156 1092 3275 1160 ejus
3304 1092 3564 1169 septimo.
3593 1092 3694 1169 im-

2036 1160 2176 1250 perii
2205 1160 2584 1250 vero'quarto,
2610 1160 3082 1250 ieiiciterLAmenI.
3116 1165 3307 1245 Datum
3323 1160 3694 1250 tin‘Runcaiia

2036 1234 2251 1296 decimo
2301 1234 2496 1310 quinto
2545 1234 3270 1310 Kalenda_s_Decembris._o
3319 1236 3578 1310 Octavum
3637 1240 3697 1290 et

2038 1304 2371 1382 postremum
2422 1316 2508 1366 est
2553 1304 2849 1382 Alexandri
2890 1320 3047 1382 papae
3097 1304 3462 1382 privilegium,
3503 1304 3697 1382 datum

2036 1375 2269 1438 Senonis
2295 1396 2393 1451 per
2412 1393 2629 1451 manum
2652 1376 2967 1451 Hermanni,
2993 1384 3199 1451 sancta:
3222 1377 3480 1451 Romanae
3504 1375 3698 1451 Eccle-

2036 1455 2133 1508 siae
2163 1444 2488 1507 subdiaconi
2520 1457 2575 1505 et
2605 1449 2829 1513 notarii,
2861 1444 3107 1502 secundo
3138 1461 3314 1502 nouas
3342 1447 3692 1511 Novembris,

2037 1518 2343 1580 indictione
2372 1522 2772 1585 decimatertia,
2796 1518 3196 1574 incarnationis
3225 1514 3524 1573 Dominicae
3547 1531 3696 1572 anno

2038 1590 2327 1651 millesimo
2367 1593 2669 1650 centesimo
2707 1592 3047 1660 sexagesimo
3087 1594 3308 1658 quarto,
3341 1588 3699 1660 pontiﬁcatus

2038 1680 2169 1722 vero
2199 1664 2387 1721 domni
2415 1660 2709 1719 Alexandri
2751 1658 2907 1730 papa:
2947 1660 3097 1715 tertii
3126 1672 3271 1715 anno
3300 1665 3477 1715 sexto.
3513 1675 3544 1713 ιι
3590 1658 3698 1730 Qui

2040 1737 2341 1805 ceteroqui
2399 1742 2669 1805 tempore,
2705 1727 3022 1802 (narretque
3081 1731 3296 1805 animus
3333 1727 3695 1805 meminisse)

2038 1800 2378 1864 nobilissima
2417 1800 2609 1862 civitas
2644 1800 2781 1873 haec
2820 1810 3031 1867 nostra,
3074 1800 3442 1873 miserandum
3474 1803 3532 1873 in
3575 1814 3698 1873 mo-

2036 1879 2166 1936 dum
2221 1874 2290 1933 ab
2343 1878 2579 1946 ipsemet
2637 1875 2970 1946 imperatore
3029 1871 3695 1946 Fridericoqunobarbo

2037 1950 2238 2013 diruta,
2270 1941 2494 2017 suisque
2525 1941 2738 2017 civibus
2777 1941 2931 2017 abire
2970 1944 3178 2017 coactis
3196 1941 3699 2017 _spoliata,__secun-

2037 2020 2166 2076 dum
2198 2020 2307 2086 jam
2357 2013 2557 2073 annum
2599 2015 2841 2086 jacebat.
2888 2015 2951 2069 In
2999 2013 3087 2069 his
3133 2015 3303 2084 igitur
3340 2013 3598 2069 omnibus
3641 2020 3698 2067 et

2037 2034 2166 2076 dum
2225 2034 2307 2075 am
2357 2034 2557 2073 annum
2599 2034 2841 2086 jacenat.
2890 2034 2951 2069 lu
2999 2034 3087 2069 uls
3133 2034 3303 2084 Igitur
3340 2034 3598 2069 omuwus
3641 2034 3698 2067 et

2037 2034 2269 2161 singuiis
2298 2088 2617 2160 privilegiis,
2660 2085 2840 2144 eidem
2879 2085 3549 2161 monasterioconcessis,
3580 2098 3701 2161 om-
3734 2083 3749 2099 '

2038 2154 2154 2218 nia'
2170 2154 2912 2230 singillatim’enumerantur
2941 2157 3061 2225 ejus
3092 2154 3301 2230 praedia
3331 2162 3387 2209 et
3416 2155 3564 2210 bona
3594 2156 3700 2209 im-

2040 2227 2304 2297 mobilia';
2338 2234 2469 2300 quin
2512 2231 2675 2287 etiam
2716 2230 2775 2300 in
2811 2234 3029 2300 quarto,
3063 2227 3279 2300 quinto,
3313 2232 3488 2290 sexto,
3524 2231 3580 2282 et
3603 2240 3699 2282 oc-

2040 2311 2162 2359 tavo
2196 2294 2518 2358 nominatim
2548 2294 2877 2370 exprimitur
2919 2298 3204 2370 «Decima
3243 2304 3536 2362 terrarum,
3568 2311 3699 2365 qua:

2041 2380 2170 2429 sunt
2220 2375 2374 2442 juxta
2441 2369 2633 2441 ipsum
2676 2369 3110 2442 monasterium;
3139 2387 3200 2442 of»
3267 2381 3446 2442 neque
3509 2374 3697 2423 tamen

2042 2438 2281 2513 unquam
2311 2438 2591 2500 nominata
2610 2442 2694 2497 vel
2727 2441 3075 2513 aliquatenus
3103 2439 3266 2513 aliter
3293 2438 3535 2513 indicata
3564 2452 3701 2513 con-

2040 2510 2275 2584 spicitur
2310 2517 2467 2570 vinea
2498 2514 2612 2578 illa,
2647 2512 2854 2568 Useriae
2885 2511 3105 2566 nomine
3136 2510 3387 2584 insignis.
3426 2511 3697 2584 Quocirca

2044 2581 2112 2640 n’e
2143 2585 2210 2640 ad
2243 2585 2377 2642 illud
2410 2586 2631 2655 quidem
2660 2597 2849 2709 usque
2881 2589 3097 2650 tempus
3133 2595 3196 2637 ea
3226 2581 3448 2636 videtur
3478 2581 3537 2636 in
3576 2582 3701 2650 ejus

2044 2663 2317 2709 potestate
2375 2664 2695 2709 monasterii
2765 2668 2931 2709 uisse.
2981 2659 3146 2709 atque
3192 2652 3331 2707 adeo
3380 2666 3450 2707 ne
3491 2651 3700 2707 donata

2043 2663 2317 2727 potestate
2375 2651 2695 2712 monasterii
2741 2651 2935 2727 fuisse,
2981 2659 3146 2727 atque
3192 2652 3331 2707 adeo
3380 2666 3450 2727 ne
3491 2651 3700 2727 donata

2045 2722 2266 2797 quidem
2299 2728 2368 2782 ab
2400 2728 2612 2794 Useria,
2652 2739 2779 2797 quae
2825 2724 3067 2797 Ariberti
3115 2730 3259 2797 esset
3288 2722 3697 2792 archiepiscopi

2044 2794 2200 2854 uxor.
2254 2796 2394 2853 Illud
2436 2798 2598 2853 etiam
2648 2796 2735 2851 his
2784 2795 2998 2850 accedit
3044 2794 3193 2863 quod
3242 2807 3424 2863 neque
3469 2800 3699 2849 sanctus

2043 2864 2297 2925 Arialdus
2345 2883 2525 2937 neque
2571 2868 2711 2924 alius
2758 2866 3029 2935 quispiam
3064 2862 3154 2937 ’ex
3210 2862 3362 2937 ejusl
3382 2862 3695 2920 fautoribus

315 2935 1187 3028 dem‘monasteriidocumenta
1204 2939 1473 3028 ,hquibus
1526 2953 1557 2993 a
1614 2939 1807 3028 prima.
1838 2940 1959 3005 ejus
1979 2965 2023 3028 α
2046 2954 2275 3024 usquam
2314 2935 2514 3021 legitur
2533 2938 3048 3028 .interjnnumeras
3077 2935 3146 2991 de
3174 2935 3525 3028 sacerdotum
3555 2949 3698 2991 eon-

316 3011 688 3093 instituﬂtione
715 3008 906 3093 (quam
922 3006 1192 3093 vigesimo
1224 3009 1388 3093 tertio
1417 3022 1583 3090 supra
1613 3006 1959 3093 millesimum
1980 3006 2023 3028 ν
2041 3006 2210 3093 jugiis
2238 3006 2609 3093 querimonias
2654 3008 2861 3090 aiiquid
2911 3020 3149 3093 unquam
3196 3006 3441 3093 innuisse
3465 3006 3552 3093 de
3589 3020 3701 3093 ma-

316 3094 461 3136 anno
490 3079 691 3135 Christi
721 3076 1102 3145 adjndicabam
1133 3077 1188 3131 in
1216 3079 1590 3135 Ambrosianus
1622 3079 1865 3134 basilicas
1896 3093 1961 3134 ac

317 3149 637 3207 monasterii
667 3145 1052 3218 monumentis,
1095 3160 1322 3202 numero
1369 3148 1502 3218 228)
1550 3163 1722 3218 usque
1761 3150 1828 3204 ad
1870 3162 1966 3204 an-

319 3235 448 3277 num
487 3218 640 3284 1164,
673 3217 789 3274 suis
818 3231 1077 3289 expressa
1102 3218 1383 3289 vocabulis
1405 3217 1724 3289 singillatim
1746 3234 1968 3276 enume-

318 3299 512 3348 rantur
540 3289 723 3346 omnia
754 3290 872 3359 ejus
916 3286 1061 3343 bona
1108 3288 1432 3355 immobilia,
1460 3286 1638 3359 neque
1677 3297 1858 3346 tamen
1898 3292 1968 3346 iis

317 3370 769 3432 connumeratam
822 3373 1061 3432 unquam
1110 3359 1220 3432 vidi
1271 3366 1378 3415 tam
1428 3361 1760 3432 singularem
1818 3362 1965 3417 illam

316 3435 551 3496 vineam,
583 3430 809 3501 proprio
843 3431 1046 3487 Useriaz
1073 3429 1293 3502 nomine
1325 3429 1674 3500 appellatam,
1699 3447 1823 3502 qua:
1853 3447 1970 3488 mo-

318 3505 561 3560 nasterio
583 3496 789 3559 'eid'em
827 3502 1107 3573 contigua
1135 3496 1300 3557 fuisse
1338 3496 1689 3572 supponitur,
1716 3496 1966 3573 'qumque

320 3584 615 3645 propterea
645 3574 808 3645 etiam
855 3587 923 3628 eo
956 3571 1144 3645 magis
1183 3571 1626 3630 connumeranda
1656 3571 1964 3641 videbatur,

318 3642 366 3701 si
408 3642 519 3716 jam
567 3643 922 3716 tum‘fuisset
950 3642 1006 3698 in
1037 3642 1157 3711 ejus
1186 3651 1478 3716 potestate.
1518 3646 1770 3701 Nondum
1805 3646 1970 3716 igitur

320 3713 522 3773 donata
567 3715 646 3771 illi
687 3713 864 3771 fuerat
902 3715 1021 3769 haec
1068 3716 1244 3780 vinea,
1287 3715 1628 3784 proindeque
1669 3731 1736 3773 ne
1768 3713 1969 3772 donata

321 3786 543 3857 quidem
575 3785 654 3842 illi
685 3784 788 3842 fuit
815 3800 846 3840 a
878 3785 1261 3857 mulieregquae
1292 3786 1696 3856 archiepiscopi
1719 3789 1838 3855 ejus
1855 3787 1969 3841 Ari-

321 3854 466 3914 berti
498 3872 636 3913 uxor
664 3861 830 3912 esset.
865 3854 1307 3924 Ejusmodi'vero
1346 3854 1678 3913 documenta
1712 3857 1865 3924 mihi,
1901 3856 1969 3913 de

322 3928 429 3984 ﬁde
479 3942 597 3983 mea
645 3928 750 3982 sibi
795 3925 1115 3995 jamdudum
1155 3936 1435 3997 comperta
1467 3929 1830 3993 certissimus,
1872 3941 1970 3983 an-

322 4013 396 4055 no
466 3997 641 4062 1642,
710 4012 778 4053 ex
842 3998 961 4066 ejus
1024 3997 1260 4053 abbatite
1318 3999 1541 4055 archivo
1605 3999 1973 4055 commodavit

324 4067 741 4127 eminentissimi
798 4066 1094 4124 cardinalis
1136 4070 1359 4124 Antonii
1419 4071 1701 4126 Barberini
1756 4070 1971 4125 abbatis

324 4139 777 4198 commendatarii
810 4143 939 4194 tunc
969 4147 1317 4209 procurator,
1350 4141 1663 4197 Bernardus
1690 4141 1969 4206 Bellonus,

2046 3078 2326 3147 trimonio,
2377 3094 2487 3150 quo
2534 3079 2734 3149 aliquis
2782 3093 2849 3134 ex
2886 3078 3321 3150 archiepiscopis
3358 3079 3565 3132 nostris
3587 3078 3700 3150 fali-

2046 3152 2267 3222 quando
2334 3149 2575 3222 illigatus
2640 3149 2851 3222 fuisset.
2901 3149 3285 3222 intendantur
3322 3162 3455 3222 vero
3522 3149 3693 3203 etiam

2049 3219 2401 3292 corruptelis,
2423 3219 2570 3291 'quas
2598 3235 2628 3276 e
2657 3220 3051 3292 Mediolanensi
3080 3219 3324 3292 Ecclesia
3356 3219 3555 3275 tollere
3582 3227 3702 3275 stu-

2048 3290 2244 3349 derent
2290 3290 2465 3363 legati
2507 3291 2818 3363 apostolici,
2870 3291 2979 3346 huc
3026 3290 3208 3363 missi,
3259 3291 3698 3363 ac_nominatim

2049 3367 2243 3420 Petrus
2273 3360 2512 3419 Dainiani
2543 3360 2839 3418 eardinalis
2868 3368 2924 3417 et
2949 3361 3238 3417 Anselmus
3266 3360 3562 3429 episcopus
3590 3363 3701 3416 Lu-

2050 3436 2251 3500 censis,
2302 3435 2370 3491 de
2418 3435 2619 3505 quibus
2658 3433 2963 3502 praesertim
3013 3433 3352 3505 dictum_est
3398 3432 3696 3505 praesentis

2050 3507 2178 3562 libri
2224 3500 2922 3574 Quarti’capite'decimo.
2982 3504 3074 3559 Εω
3124 3500 3370 3571 profecto
3417 3516 3532 3574 non
3576 3503 3703 3558 alim

2051 3577 2400 3633 invenientur
2437 3573 2579 3643 esse,
2629 3589 2791 3644 quam
2837 3575 3079 3630 Simonia
3109 3575 3284 3644 (cujus
3321 3579 3378 3628 et
3424 3573 3703 3642 archiepi-

2050 3661 2253 3717 sc0pus
2298 3655 2353 3704 et
2398 3648 2597 3717 clerus
2626 3653 2743 3701 erat
2791 3646 2935 3714 reus)
2992 3658 3264 3717 quamque
3323 3644 3703 3717 ministrorum

2051 3715 2470 3787 archiepiscopo
2518 3715 2837 3772 inferiorum
2878 3716 3296 3772 incontinentia.
3337 3716 3705 3787 Quamobrem

2051 3785 2505 3859 archiepiscopus
2533 3790 2694 3843 etiam
2727 3789 2844 3856 ipse
2873 3787 3047 3842 Guido
3077 3787 3271 3859 eodem
3301 3786 3398 3843 illo
3427 3787 3609 3859 capite
3640 3785 3705 3840 10

2051 3860 2132 3915 sic
2189 3860 2351 3915 etiam
2393 3857 2748 3929 promittebat
2794 3871 3024 3914 numero
3070 3857 3184 3929 24:
3232 3876 3261 3909 «
3304 3858 3705 3913 Nicolaitarum

2053 3944 2273 4001 quoque
2302 3928 2555 3987 haeresim
2588 3930 2973 4001 nihilominus
3002 3928 3469 4001 condemnemus;
3501 3936 3558 3984 et
3588 3942 3705 3984 non

2054 3999 2220 4057 modo
2261 4003 2635 4072 presbyteros,
2686 4000 2782 4072 sed
2822 4008 2877 4055 et
2925 3999 3211 4072 diaconos,
3242 4006 3299 4055 et
3327 4000 3708 4056 subdiaconus

2052 4073 2120 4127 ab
2152 4069 2379 4128 uxorum
2424 4069 2501 4127 vel
2535 4071 2964 4127 concubinarum
3002 4069 3150 4126 foedo
3181 4072 3463 4127 consortio
3495 4072 3707 4127 nostris

2051 4143 2272 4209 studiis,
2305 4144 2358 4198 in
2399 4150 2661 4212 quantum
2692 4142 3031 4211 possibilitas
3067 4143 3229 4198 nobis
3261 4141 3444 4208 fuerit,
3477 4143 3582 4198 sub
3613 4156 3709 4198 eo-

322 4212 697 4284 Ambrosianm
745 4210 993 4284 basilica;
1033 4211 1363 4284 canonicus,
1424 4214 1582 4282 cujus
1638 4213 1971 4268 mentionem
2054 4215 2198 4280 dem,
2237 4229 2347 4284 quo
2388 4210 2575 4283 supra,
2615 4210 2931 4269 testimonio
2977 4214 3249 4269 arcendos
3285 4228 3407 4269 esse
3464 4216 3710 4283 promit-

324 4280 589 4339 faciebam
620 4283 673 4337 in
706 4281 950 4354 ejusdem
981 4274 1222 4338 basilica:
1249 4274 1624 4354 Ambrosianaa
1656 4274 2270 4354 monumen-Dtimu'sf
2302 4306 2328 4335 »
2389 4274 2633 4354 Denique
2686 4298 2817 4340 vero
2871 4284 3116 4340 dicamus
3172 4285 3335 4340 etiam
3392 4274 3479 4340 de'
3528 4286 3707 4339 sacris

325 4356 417 4421 tis,
445 4368 674 4410 numero
698 4352 833 4421 280,
858 4358 914 4409 et
952 4367 1142 4408 rursus
1169 4355 1226 4409 in
1256 4353 1645 4410 dissertatione
1671 4353 1776 4409 feci
1806 4356 1973 4409 Naza-

323 4420 498 4491 ria’na,
531 4425 710 4550 cap‘ite
748 4420 866 4489 107,
900 4437 1129 4479 numero
1174 4422 1256 4479 l2.
1305 4428 1380 4480 Ac
1410 4424 1515 4479 tria
1545 4425 1768 4494 quidem
1800 4426 1973 4494 prima

324 4498 546 4550 generis
641 4497 765 4550 uius
819 4494 1149 4550 documenta
1205 4507 1306 4550 ego
1346 4494 1413 4550 ad
1453 4496 1677 4550 verbum
1726 4496 1972 4550 recitabo

324 4498 546 4567 generis
600 4494 765 4564 hujus
819 4494 1149 4567 documenta
1205 4507 1306 4564 ego
1346 4494 1413 4550 ad
1453 4496 1677 4551 verbum
1726 4496 1972 4552 recitabo

325 4565 505 4637 capite
553 4566 910 4636 subsequenti
954 4581 966 4615 :
1002 4565 1233 4637 reliqua
1268 4579 1410 4637 vero
1457 4574 1586 4622 sunt
1632 4567 1969 4635 hujusmodi.

324 4635 584 4706 Quartum
616 4635 810 4706 nempe
836 4642 929 4692 est
951 4636 1139 4708 Oberti
1168 4635 1573 4707 archiepiscopi
1602 4638 1777 4693 nostri
1813 4638 1970 4708 privi-

326 4704 528 4779 legium
553 4748 568 4775 ,
618 4704 796 4765 eidem
842 4704 1177 4764 monasterio
1208 4704 1532 4764 concessum
1561 4727 1590 4760 ((
1621 4722 1766 4765 anno
1798 4704 1971 4764 Domi-

326 4781 467 4837 nicte
499 4780 897 4836 lncarnationis
917 4779 1208 4835 millesimo
1227 4780 1528 4835 centesimo
1552 4780 1972 4849 quadragesimo

325 4859 504 4918 sexto,
537 4865 724 4906 mense
752 4850 1025 4915 Octobris,
1060 4850 1361 4906 indictione
1391 4851 1622 4907 decima.
1654 4870 1682 4903 »
1713 4852 1971 4918 Quintum

326 4928 409 4978 est
440 4921 780 4993 privilegium
821 4920 999 4977 eidem
1030 4921 1236 4993 pariter
1266 4924 1598 4977 monasterio
1628 4922 1696 4976 ab
1728 4923 1970 4992 Eugenio

327 4991 469 5065 papa
515 4991 839 5065 concessum
864 5034 878 5057 ,
922 5006 993 5065 ac
1043 5010 1070 5043 «
1111 4991 1294 5047 datum
1327 4993 1590 5065 Vercellis
1621 4991 1970 5065 perimannm

323 5063 627 5131 Guidonis,
677 5072 882 5119 sanctae
921 5064 1179 5118 Romanae
1231 5064 1491 5120 Ecclesia:
1531 5063 1748 5119 diaconi
1789 5064 1972 5119 cardi.

324 5135 466 5191 nalis
513 5141 569 5191 et
614 5134 950 5199 cancellarii,
984 5135 1178 5203 quinto
1224 5148 1397 5190 nonas
1437 5135 1632 5197 Martii,
1665 5134 1970 5192 indictione

306 5206 557 5273 'decima,
591 5205 990 5261 lncarnationis
1020 5205 1315 5260 Dominicae
1351 5219 1495 5261 anno
1527 5206 1816 5262 millesimo
1848 5220 1972 5262 cen-

324 5278 521 5332 tesimo
573 5277 992 5348 quadragesimo
1030 5283 1208 5342 sexto,
1242 5276 1591 5345 pontiﬁcatus
1620 5277 1969 5345 verordomni

326 5348 555 5418 Eugenii
583 5348 734 5404 tertii
765 5363 919 5418 papae
948 5361 1094 5403 anno
1128 5348 1312 5403 tertio.
1341 5368 1367 5397 ω
1391 5349 1609 5403 Sextum
1640 5354 1725 5403 est
1744 5348 1968 5403 Adriani

365 5433 483 5487 apae
516 5419 879 5489 privilegium,
915 5440 940 5470 ι
982 5421 1174 5475 Datum
1208 5419 1458 5475 Laterani
1501 5433 1601 5488 per
1638 5432 1853 5474 manum
1882 5418 1971 5475 Al-

363 5490 490 5558 erti,
517 5489 704 5547 Sancti
730 5490 957 5548 Adriani
986 5489 1206 5547 diaconi
1235 5489 1551 5560 cardinalis,
1571 5489 1749 5547 vicem
1778 5489 1968 5547 domui

2056 4357 2316 4413 Ecclesiae
2366 4356 2747 4412 Mediolanesis
2792 4356 3077 4421 ministris,
3117 4356 3211 4425 qui
3263 4370 3362 4425 per
3406 4356 3527 4411 llth
3565 4363 3708 4413 tem-

2057 4442 2191 4498 pora
2236 4441 2435 4484 uxores
2481 4427 2766 4491 haberent,
2809 4440 2919 4481 non
2950 4427 3111 4482 aliter
3148 4426 3495 4482 sentiendum
3526 4427 3707 4483 videri

2056 4512 2219 4568 quam
2256 4498 2557 4555 secundum
2603 4512 2696 4554 eas
2731 4499 2950 4567 generis
2997 4498 3160 4567 hujus
3207 4498 3377 4567 leges,
3428 4512 3556 4566 qua:
3603 4511 3708 4568 per

2055 4567 2247 4627 eadem
2306 4570 2513 4640 pariter
2568 4575 2814 4637 tempora
2865 4570 2917 4624 in
2977 4583 3078 4623 usu
3135 4569 3500 4624 communiter
3555 4567 3705 4637 apud

2053 4644 2274 4698 Graecos
2322 4649 2526 4708 essent,
2577 4640 2721 4709 apud
2771 4654 2913 4709 quos
2954 4645 3135 4695 tamen
3165 4640 3435 4696 sancitum
3465 4647 3607 4705 erat,
3650 4646 3707 4695 et

2053 4711 2447 4767 inviolabiliter
2493 4712 2830 4777 servabatur,
2882 4716 2943 4766 ut
2984 4711 3231 4780 episcopi
3283 4725 3389 4765 non
3430 4710 3707 4766 haberent

2055 4796 2255 4838 uxores
2291 4783 2493 4851 quibus
2539 4782 2729 4850 utique
2772 4781 3197 4847 cohabitarent;
3240 4781 3705 4851 quemadmodum

2054 4854 2396 4923 apertissime
2428 4858 2682 4908 testatum
2699 4853 2809 4922 jam
2842 4852 3077 4908 vidimus
3114 4864 3345 4909 numero
3373 4852 3464 4918 24,
3498 4852 3707 4922 quibus

2054 4922 2217 4980 etiam
2238 4939 2302 4979 ea
2323 4925 2677 4980 consentiunt
2704 4938 2828 4993 quae
2848 4924 3155 4980 videbimus
3185 4923 3325 4980 infra
3354 4937 3586 4979 numero
3607 4922 3703 4980 64.

2053 4998 2286 5065 Propter
2326 4996 2446 5051 haec
2494 4995 2661 5065 igitur
2710 4995 3015 5063 praesertim
3064 5003 3382 5065 argumenta
3420 5009 3526 5065 ego
3569 5009 3704 5051 sane

2053 5066 2251 5122 adduci
2281 5080 2391 5122 non
2425 5080 2666 5135 possum,
2700 5072 2758 5121 ut
2785 5066 3095 5123 Gualvaneo
3126 5067 3237 5136 (qui
3270 5072 3393 5135 post
3423 5065 3704 5122 ducentos

2053 5138 2450 5208 quinquaginta
2478 5143 2534 5193 et
2562 5137 2797 5204 amplius
2826 5137 2893 5192 ab
2925 5136 3165 5192 Ariberti
3203 5138 3357 5193 obitu
3391 5150 3572 5208 annos
3601 5137 3705 5193 ﬂeo

2051 5206 2177 5275 ruit)
2208 5206 2488 5275 ‘crédam,
2544 5208 2691 5276 quod
2737 5208 2857 5262 sine
2908 5207 3022 5262 ullo
3081 5216 3307 5263 auctore
3366 5206 3700 5271 afﬁrmabat,

2051 5279 2523 5349 archiepiscopum
2573 5278 2726 5334 illum
2774 5285 3023 5333 nostrum
3069 5279 3325 5334 habuisse
3364 5292 3593 5334 uxorem
3626 5278 3697 5333 il-

2052 5349 2199 5413 lam;
2257 5365 2364 5419 qua
2411 5350 2626 5405 scilicet
2676 5350 2891 5405 interim
2946 5350 3025 5405 uti
3080 5351 3251 5418 possit
3297 5350 3393 5414 ita,
3434 5349 3706 5419 quemad‘

2052 5421 2273 5477 modum
2324 5426 2453 5477 tunc
2506 5422 2773 5491 temporis
2826 5420 3147 5478 factitabant
3185 5419 3478 5478 inferiores
3535 5420 3706 5491 hujus

2053 5492 2313 5550 Ecclesiae
2343 5492 2598 5550 ministri.
