4096 6156
367 188 475 244 998

1150 184 1200 241 J.
1241 184 1301 239 P.
1342 183 1698 243 PURICELLI
1736 184 2032 245 DISSERT.
2071 188 2159 249 DE
2194 188 2646 249 ΟΟΝΤΙΝΕΝΤῙΑ
2681 189 2945 247 CLERIC.

3632 196 3740 253 998

438 314 547 387 Lli.
590 309 698 366 Sed
745 323 967 387 agamus
1005 308 1309 387 liberaliter
1345 308 1805 387 cumCualvaneo
1835 316 1891 366 et
1929 310 2009 366 illi
2027 314 2447 387 AseptimohDe
2471 312 2706 387 justitia,
2730 315 3037 387 quaestione
3066 314 3122 383 6,
3152 316 3386 387 articulo
3414 316 3492 387 2;
3526 319 3736 376 Bellar-

367 384 691 461 hoc_ips_um
722 378 886 461 etiam
913 379 1230 461 credamus,
1261 378 1521 448 Nunquid
1553 394 1684 450 ergo
1717 378 2035 461 propterea
2097 378 2297 461 minus,
2329 378 2711 461 libro—primq,
2736 378 2810 439 De
2841 383 3081 461 clericis,
3108 378 3414 461 capite‘l8;
3446 378 3742 461 Gregorius

365 450 678 512 credendus
697 454 860 508 etiam
892 452 997 506 erit
1022 452 1307 506 Aribertus
1336 464 1559 507 uxorem
1582 465 1710 507 vere
1734 450 2011 517 habuisse,

364 527 495 596 quia
554 531 777 596 sanctus
827 522 1150 596 Ambrosius
1216 521 1458 596 nubendi
1498 520 1839 596 facultatem
1907 525 2013 596 ipsi

364 591 724 658 concesserit,
770 601 828 649 et
878 595 934 648 in
983 592 1128 648 hunc
1164 593 1440 661 praecipue
1489 591 1649 649 tinem
1697 594 1812 648 suis
1851 591 2012 650 etiam

266 725 271 729 .
365 666 782 725 successoribus
829 664 1217 720 benedixerit?
1264 664 1550 720 Aribertus
1607 661 1855 734 profecto
1915 678 2015 734 per

364 740 556 796 eadem
605 746 852 804 tempora
900 736 1197 792 Simoniam
1237 748 1457 803 quoque
1497 734 1795 806 exercebat
1826 732 2011 806 (ut—ex

368 811 440 866 iis
469 811 632 868 etiam
664 798 852 876 colligi
880 812 1062 875 potest
1082 820 1205 875 quae
1227 798 1513 874 superiore
1534 806 1712 875 capite
1750 798 2009 876 10,'_num.

365 881 457 945 30,
503 874 893 945 recitavimus),
924 874 1113 946 neque
1135 883 1313 931 tamen
1354 877 1473 945 ejus
1502 874 1824 932 exercenda:
1847 874 2013 934 facul-

367 958 532 1009 tatem
572 965 604 1007 a
630 955 821 1005 sancto
850 949 1139 1004 Ambrosio
1177 955 1486 1016 acceperat.
1528 947 1727 1015 Quidni
1766 962 1911 1018 ergo
1937 949 2012 1004 si-

365 1024 573 1080 militer
599 1037 629 1076 a
661 1021 822 1078 nobis
850 1020 1109 1075 credatur
1138 1032 1205 1074 ne
1238 1018 1480 1073 nubendi
1520 1019 1743 1087 quidem
1775 1017 2009 1075 faculta-

367 1101 534 1151 tatem
572 1093 641 1147 ab
694 1093 816 1161 ipso
868 1091 1149 1159 accepisse
1196 1089 1341 1144 sicut
1389 1104 1457 1161 ne
1509 1089 1577 1144 ab
1626 1090 1749 1158 ipso
1787 1089 2009 1161 quidem

368 1165 617 1234 reliquus
662 1156 952 1230 acceperat
999 1156 1179 1216 clerus
1209 1166 1268 1234 ut
1297 1174 1400 1234 nos
1428 1156 1695 1234 hactenus
1722 1156 2011 1234 contendi-

364 1230 527 1293 mus'?
557 1237 616 1291 ln
648 1234 749 1291 hac
778 1234 922 1289 enim
975 1231 1289 1300 corruptela
1337 1230 1544 1286 clerum
1585 1232 1768 1299 potius
1796 1232 2012 1289 videtur

364 1308 616 1363 imitatus
667 1306 935 1367 Graecum,
988 1301 1612 1373 Constantinopolitanae
1658 1302 1739 1356 illi
1794 1304 2009 1373 synodo

365 1378 618 1434 erraticas
666 1374 1088 1445 applaudentem
1132 1393 1144 1428 :
1196 1371 1427 1429 fortasse
1475 1386 1607 1445 vero
1640 1371 1861 1445 etiam“
1890 1389 2013 1430 ma-

368 1450 518 1515 iores
543 1449 602 1502 in
632 1440 756 1515 ipsa
779 1453 835 1501 et
862 1446 1154 1501 liberiores
1184 1457 1507 1513 progressus
1544 1442 1694 1510 fecit,
1746 1459 1808 1499 ea
1838 1440 2012 1501 fretus

386 1533 487 1588 ege
517 1532 641 1587 qua:
673 1517 813 1588 libro
842 1516 1077 1585 septimo
1123 1515 1715 1588 Capitulorutharoli
1749 1516 1924 1588 Magni
1956 1523 2012 1573 et

2097 455 2165 531 de
2208 452 2745 531 Vaientia,_libro.l)e
2776 456 3052 531 caelibatu,
3082 452 3262 531 capite
3281 456 3338 519 2,
3368 452 3739 531 etaliiijus-

2096 527 2220 602 dem
2258 518 2720 602 Gr_egorii__verba
2767 518 3099 602 sunthaec;
3145 518 3173 579 ἱ(
3218 529 3282 584 Ut
3320 529 3525 602 Optime
3556 518 3741 602 atiigit

2095 600 2278 664 Sotus,
2311 594 2456 663 (loco
2496 594 2591 651 illo
2636 610 2812 669 nuper
2840 596 3099 669 indicato)
3140 594 3372 668 oportet
3396 594 3736 669 prohibitnm

2094 683 2215 724 esse
2251 682 2324 742 ne
2362 669 2487 737 quis
2518 675 2643 736 post
2677 667 3091 742 ordinationem
3116 667 3556 742 uxoremducat,
3600 687 3735 742 pro-

2095 747 2217 814 pter
2245 739 2422 808 ipsum
2452 746 2634 794 actum
2663 738 3122 814 contrahendi__et
3151 738 3410 814 ducendi,
3442 750 3570 814 quia
3601 738 3739 813 pro-

2095 810 2327 866 hibitum
2376 816 2459 865 est
2506 822 2573 864 ne
2621 809 2746 879 quis
2792 817 2917 879 post
2945 809 3351 868 ordinationem
3384 809 3732 872 matrimonio

2096 888 2299 936 utatur.
2333 881 2453 936 Non
2485 880 2628 935 enim
2652 879 2738 935 his
2756 881 2850 950 qui
2870 889 2999 937 sunt
3017 880 3073 937 iu
3111 882 3285 938 sacris
3313 884 3600 940 ordinibus
3629 901 3741 942 ma-

2095 953 2354 1007 trimonio
2384 950 2735 1025 interdicitur
2778 966 3007 1025 uxorem
3061 950 3324 1025 [habere]
3375 954 3661 1025 (siquidem
3691 957 3740 1012 is

2093 1030 2249 1078 actus
2286 1027 2511 1077 sanctus
2547 1028 2603 1076 et
2632 1020 2927 1091 religiosus
2956 1020 3164 1089 estfac
3196 1020 3636 1093 honestissimus,
3682 1035 3738 1083 et

2093 1093 2437 1149 constituens
2468 1106 2633 1168 unum
2672 1093 2960 1168 quoddam
2990 1098 3432 1168 sacramentum),
3474 1096 3571 1152 sed
3600 1112 3735 1167 pro-

2095 1171 2399 1236 pterusum
2432 1170 2581 1220 certe
2611 1164 2787 1236 ipsius
2805 1164 3160 1236 matrimonii,
3183 1164 3276 1236 qui
3308 1164 3525 1222 videtur
3557 1164 3739 1224 minus

2092 1234 2414 1305 dignitatem
2428 1243 2591 1303 atque
2606 1233 2845 1307 officium
2868 1234 3147 1291 hominum
3168 1233 3503 1293 sacratorum
3517 1238 3736 1307 decere,

2091 1306 2236 1361 sicut
2267 1314 2456 1375 postea
2477 1305 2850 1361 ostendemus.
2894 1327 2920 1355 η
2954 1308 3021 1361 Et
3048 1308 3104 1362 in
3135 1310 3380 1364 eamdem
3410 1305 3739 1367 sententiam

2093 1376 2454 1452 Bellarminus
2498 1376 2617 1431 haec
2666 1378 2839 1452 item:
2876 1398 2904 1429 ι(
2951 1377 3352 1452 Matrimonium
3392 1392 3501 1452 non
3534 1388 3739 1452 pugnat

2092 1462 2215 1503 cum
2256 1448 2544 1503 ordinibus
2595 1449 2807 1504 ratione
2865 1449 3119 1505 essentia;
3184 1464 3318 1516 sum,
3377 1450 3474 1506 sed
3524 1448 3737 1508 ratione

2093 1518 2261 1592 officii
2292 1534 2390 1574 seu
2439 1518 2688 1592 exercitii
2736 1519 3056 1589 conjugalis.
3090 1521 3146 1576 Si
3195 1522 3339 1576 enim
3370 1523 3512 1577 Deus
3552 1523 3739 1592 prohi-

367 1584 630 1662 Lndovici
657 1588 749 1662 _Pii_
774 1584 1185 1662 imperatorum,
1212 1585 1454 1662 capitulo
1482 1584 1608 1662 353,
1642 1587 1791 1655 quod
1823 1584 1907 1643 est
1925 1589 2008 1662 De
2030 1590 2304 1662 1,buisset
2359 1589 2743 1662 sacerdotibus
2780 1584 3115 1662 co'njugium,
3172 1598 3322 1662 certe
3363 1584 3739 1662 prohibuisset

365 1637 1415 1731 {suaarcessitamme;
1430 1637 1794 1731 ἐδειὶίηέἱίῐῇ
1828 1637 1905 1713 εἴ
1922 1637 2007 1731 ᾖίὲ
2030 1637 2078 1694 Β
2094 1637 2326 1731 sese}
2342 1637 3327 1730 ᾱὲιῖι“ιὶι“‹ἷόὶᾖῐι’ᾇεῑὲιῦζ“ιῖιὶῖᾘὸιηῖἶιὲὶἷι
3360 1637 3736 1719 ι’ῖὲἅᾶἷῖῖὸἶιῖἧῖ

366 1746 629 1801 expressa
675 1730 904 1786 verbis:
950 1745 978 1782 ι(
1009 1728 1208 1784 Clerici
1255 1728 1631 1783 castimoniam
1671 1742 1891 1801 quoque
1922 1729 2010 1784 in-

366 1799 555 1859 violati
602 1801 856 1869 corporis
904 1806 1172 1869 perpetuo
1220 1812 1545 1869 conservare
1591 1799 1869 1864 studeant,
1919 1807 2014 1856 aut

367 1882 520 1930 certe
551 1868 715 1928 unius
740 1868 1074 1927 matrimonii
1098 1870 1317 1925 vinculo
1340 1868 1698 1925 fmderentur.
1732 1889 1760 1923 »
1791 1871 2009 1939 Septem

365 1958 498 1999 vero
529 1943 568 1998 ii
606 1942 733 1999 libri
763 1942 908 1998 hunc
947 1942 1001 1997 in
1034 1940 1254 1997 modum
1279 1947 1407 1995 sunt
1436 1941 1687 2009 inscripti
1715 1959 1732 1995 :
1766 1959 1795 1993 «
1828 1943 2012 1998 Karoli

365 2014 545 2084 Magni
584 2021 639 2070 et
669 2013 932 2071 Ludovici
985 2013 1085 2077 Pii,
1127 2012 1707 2084 christianissimorum
1739 2026 1926 2084 regum
1958 2021 2014 2069 et

367 2082 782 2155 imperatorum,
831 2084 1111 2155 Capitula,
1147 2083 1263 2139 sive
1302 2084 1474 2152 Leges
1512 2082 1923 2155 ecclesiasticm,
1958 2092 2013 2140 et

368 2152 578 2221 civiles,
620 2156 689 2213 ab
717 2155 982 2225 Ansegiso
1028 2154 1225 2210 abbate
1273 2159 1329 2208 et
1356 2152 1654 2225 Benedicto
1694 2152 1856 2209 levita
1890 2155 2010 2210 col-

370 2228 551 2295 lectis,
582 2227 711 2283 libri
740 2224 972 2295 septem.
1015 2241 1042 2278 ιι
1092 2226 1182 2281 Sic
1211 2225 1372 2279 etiam
1415 2224 1579 2295 iidem
1618 2225 1813 2281 codice
1836 2225 2011 2280 conti-

369 2294 573 2354 nentur
620 2294 825 2367 Legum
883 2297 1249 2364 antiquarum,
1288 2294 1633 2367 Francol‘urti
1687 2296 1836 2353 edito
1865 2297 2011 2365 apud

368 2370 674 2426 Johannem
711 2366 788 2423 et
839 2368 1108 2424 Andream
1166 2366 1403 2421 Marinos
1448 2372 1504 2421 et
1549 2375 1858 2432 consortes,
1908 2382 2011 2421 an-

372 2455 446 2498 no
506 2439 660 2496 1613.
710 2441 870 2495 Certe
909 2446 1090 2494 autem
1142 2436 1492 2505 imperatoris
1539 2438 1702 2492 etiam
1752 2437 2012 2493 Ludovici

370 2519 619 2580 tempore
663 2510 837 2581 (quod
885 2508 987 2566 fuit
1034 2509 1102 2564 ab
1130 2522 1275 2581 anno
1314 2508 1527 2581 Christi
1554 2508 2012 2581 octingentesimo

2094 1732 2389 1803 carnalem,
2422 1740 2478 1787 et
2500 1732 2753 1803 ineptum
2783 1731 3093 1803 addivina;
3122 1746 3353 1803 necnon
3374 1741 3600 1803 propter
3629 1735 3739 1790 sol-

2094 1802 2439 1874 licitudinem
2477 1802 2674 1857 domus
2711 1808 2768 1858 et
2805 1800 3125 1866 liberorum,
3150 1818 3273 1874 quae
3307 1800 3568 1873 plurimas
3599 1805 3741 1874 parit

2094 1873 2521 1942 distractiones;
2552 1886 2662 1928 non
2682 1879 2862 1927 autem
2894 1880 3122 1942 propter
3140 1872 3316 1929 solum
3338 1872 3737 1931 sacramentum

2095 1944 2357 2014 coniugii,
2417 1940 2523 2016 vel
2554 1949 2783 2012 propter
2831 1940 3174 1999 contractum
3241 1946 3736 2016 matrimonii,iqui

2096 2012 2409 2070 celebratur
2444 2012 2564 2070 solo
2613 2028 2887 2070 consensu
2923 2016 3250 2082 animorum,
3293 2022 3348 2071 et
3377 2024 3461 2073 est
3494 2031 3581 2073 res
3612 2012 3737 2073 bre-

2094 2088 2314 2141 vissima
2344 2092 2400 2139 et
2429 2084 2834 2141 honestissima.
2870 2106 2897 2136 ››

2164 2158 2269 2212 LV.
2300 2155 2406 2211 Sed
2438 2164 2652 2224 tempus
2683 2158 2792 2224 jam
2834 2163 2918 2210 est
2964 2162 3025 2211 ut
3060 2156 3129 2225 ab
3169 2154 3438 2225 ejusmodi
3480 2157 3739 2215 crimina-

2096 2226 2244 2282 tione
2277 2228 2331 2281 in
2363 2240 2460 2282 eos
2488 2221 2965 2296 historiographos
2995 2221 3225 2283 collecta
3259 2228 3547 2284 transitum
3575 2226 3739 2285 facia—

2097 2312 2215 2352 mus
2244 2297 2509 2353 laetiorem
2545 2298 2612 2352 ad
2639 2297 2934 2353 nonnullos
2962 2296 3101 2353 alios
3124 2313 3302 2353 causae
3330 2306 3531 2355 nostra:
3562 2296 3739 2356 fauto-

2095 2383 2203 2442 res,
2248 2375 2303 2424 et
2338 2366 2406 2423 ad
2432 2370 2985 2442 sanctospraisertim
3027 2370 3416 2438 Hieronymum
3446 2376 3502 2425 et
3530 2373 3740 2442 Augus-

2096 2440 2291 2511 tinum,
2323 2447 2515 2495 sancto
2552 2438 2842 2511 Ambrosio
2881 2447 3397 2508 contemporaneos,
3432 2448 3495 2511 et
3533 2442 3589 2496 in
3618 2438 3740 2511 ejus

2095 2509 2253 2564 libris
2301 2510 2719 2576 versatissimos,
2771 2524 2985 2566 necnon
3032 2512 3194 2565 etiam
3242 2509 3737 2567 ecclesiasticarum

368 2579 587 2639 decimo
617 2579 815 2652 quarto
863 2592 1037 2652 usque
1088 2579 1156 2634 ad
1205 2579 1719 2652 quadragesimum;
1768 2580 1911 2635 sicut
1958 2584 2015 2652 et
2096 2579 2387 2636 Mediolani
2436 2596 2617 2636 rerum
2669 2582 2894 2650 peritos,
2928 2596 2958 2637 a
3006 2583 3209 2650 quibus
3248 2594 3411 2637 nemo
3445 2593 3739 2652 propterea

366 2653 551 2711 Caroli
582 2648 756 2721 Magni
785 2648 963 2707 fuerat
990 2651 1058 2706 ab
1088 2664 1232 2705 anno
1271 2649 1729 2721 octingentesimo
1752 2664 1924 2721 usque
1943 2650 2012 2705 ad
2097 2652 2340 2720 prudens
2367 2648 2682 2707 crediderit
2716 2648 2956 2721 ignorari
2988 2648 3255 2721 potuisse,
3288 2648 3582 2709 sanctusne
3610 2656 3739 2709 Am-

368 2724 650 2803 decimum
670 2720 953 2803 quartum)
996 2720 1475 2803 Simoniacalabes
1514 2720 1813 2803 iicclesiam
1845 2720 2014 2803 foeda:
2095 2722 2315 2803 brosius
2342 2721 2517 2803 legem
2547 2722 2693 2803 illam
2732 2720 2974 2803 sanxerit
2990 2720 3106 2803 opro
3135 2725 3448 2803 Graecorum
3496 2724 3580 2803 vei
3613 2738 3740 2803 nos-

370 2796 468 2852 bat
512 2794 1015 2857 Mediolanensem;
1071 2792 1237 2848 sicuti
1294 2791 1584 2859 praesentis
1640 2791 1766 2846 libri
1830 2793 2012 2860 quarti
2094 2797 2293 2848 tratum
2314 2793 2662 2848 sacerdotum
2692 2791 3073 2856 matrimoniis,
3115 2798 3170 2848 et
3198 2807 3267 2848 an
3293 2808 3358 2848 ea
3384 2794 3497 2849 sive
3536 2792 3739 2850 Medio-

370 2866 553 2935 capite
585 2866 750 2921 tertio
771 2868 881 2933 jam
910 2864 1142 2919 vidimus
1160 2864 1624 2935 uumeroquinto.
1657 2862 1860 2935 Eodem
1882 2876 2013 2919 vero
2094 2862 2225 2928 lani,
2267 2865 2383 2935 sive
2416 2864 2475 2935 in
2522 2864 2752 2929 Graecia,
2794 2864 3058 2935 deinceps
3095 2864 3163 2919 ab
3203 2864 3339 2933 ipsis
3379 2865 3735 2920 usitarentur.

368 2933 510 3015 illud
539 2939 700 2993 etiam
724 2935 971 3015 profecto
994 2935 1230 3015 pertinet
1258 2933 1407 3002 quod
1432 2933 1847 3015 tomosecunndo
1872 2936 2016 3015 Con-
2036 2956 2079 3015 ο
2166 2933 2692 3015 L\’1.“v'ide.autem.
2719 2948 2907 3015 quam”
2939 2934 3106 3015 multa
3165 2935 3329 3015 nobis
3360 2936 3738 3015 .llieronymus

369 3008 625 3065 ciliorum
683 3002 1032 3075 antiquorum
1097 3004 1306 3069 Galliae,
1366 3017 1397 3058 a
1450 3004 1656 3061 Jacobo
1722 3002 2415 3073 Sirmondo'suppeditet
2462 3003 2519 3059 in
2558 3002 2788 3074 epistola
2840 3004 2913 3059 50
2949 3004 3023 3075 ad,
3066 3002 3488 3072 Pammachium,
3537 3002 3650 3063 sive
3682 3006 3739 3062 in

370 3079 598 3135 Parisiis
616 3079 773 3134 ’anno
812 3074 1026 3134 Domini
1062 3075 1198 3130 1629
1235 3075 1529 3139 editorum,
1562 3074 1783 3143 legitur,
1819 3077 2015 3145 pagina

367 3149 500 3204 431.
540 3149 621 3205 lbi
666 3149 812 3204 enim
857 3155 983 3217 post
1019 3146 1289 3217 synodum
1319 3146 1836 3215 Aquisgranensem,
1870 3160 2015 3202 anno

365 3221 573 3277 Christi
622 3216 1079 3288 octingentesimo
1117 3217 1333 3272 decimo
1372 3224 1549 3281 sexto,
1578 3287 1582 3288 ν
1612 3216 1870 3272 Ludovici
1936 3218 2016 3271 Pii

366 3292 719 3361 imperatoris
740 3287 923 3354 tertio,
948 3289 1252 3361 indictione
1272 3288 1484 3361 decima
1506 3287 1857 3361 celebratam,
1884 3288 2018 3361 reci-

368 3358 559 3419 tantur
576 3361 813 3431 capitula
833 3358 1067 3417 subinde
1089 3360 1145 3431 in
1168 3360 1411 3431 ejusdem
1444 3359 1793 3431 imperatoris
1813 3358 2017 3427 palatio

367 3434 597 3490 condita
630 3429 657 3488 ί
676 3439 733 3489 et
766 3433 911 3488 inter
948 3431 1068 3486 haec
1097 3429 1370 3486 decimum
1397 3437 1609 3484 sextum
1641 3429 1710 3484 de
1736 3430 2016 3497 episcopis

368 3505 542 3560 italia:
591 3504 913 3571 inscriptum
974 3510 1030 3556 et
1079 3500 1165 3555 his
1221 3506 1548 3567 conceptum
1589 3500 1826 3571 verbis:
1878 3501 2017 3571 sDe

366 3575 648 3645 episcopis
675 3570 805 3629 vero
836 3574 891 3628 in
924 3571 1306 3642 Longobardia
1336 3571 1674 3635 constitutis,
1707 3570 1802 3638 qui
1840 3570 2018 3645 abhis

366 3641 514 3715 quos
551 3641 881 3701 erdinabant
909 3641 1249 3715 sacramenta
1288 3648 1345 3697 et
1394 3654 1621 3715 munera
1650 3647 1843 3715 contra
1869 3641 2013 3715 divi-

367 3712 497 3772 nam
525 3725 582 3773 et
618 3717 936 3772 canonicam
969 3714 1349 3769 auctoritatem
1389 3712 1641 3781 accipere
1674 3712 1755 3767 vel
1797 3712 2016 3781 exigere

365 3788 521 3844 soliti
550 3795 728 3851 erant,
761 3785 939 3844 modis
966 3785 1223 3841 omnibus
1252 3783 1541 3838 inhibitum
1574 3788 1657 3837 est
1686 3796 1754 3839 ne
1787 3783 2016 3838 ulterius

368 3858 484 3924 fiat,
512 3859 637 3927 quia
661 3859 818 3928 juxta
846 3870 1049 3928 sacros
1070 3862 1582 3928 canonesu‘terque
1619 3868 1651 3908 a
1678 3853 1853 3922 gradu
1892 3867 2016 3923 pro—

366 3924 680 3999 pria—talia
705 3930 988 3992 iacientes,
1021 3924 1278 3999 decidere
1304 3925 1530 3999 debent.
1557 3944 1584 3975 »

445 4001 573 4056 L111.
601 4002 668 4056 Ut
696 4008 876 4054 autem
906 4000 974 4053 ab
996 3996 1372 4054 examinandis
1389 3995 1660 4064 ejusmodi
1681 3996 2013 4063 scriptorum

368 4071 706 4126 testimoniis
753 4084 855 4126 nos
902 4069 1276 4137 expediamus,
1328 4066 1433 4122 hoc
1463 4067 1703 4135 denique
1741 4067 1917 4121 solum
1956 4068 2011 4122 in

367 4143 712 4209 Bernardino
742 4141 905 4198 Corio
949 4145 1204 4209 superest
1248 4138 1651 4193 observandum
1696 4137 2011 4207 :quemad-

2096 3075 2361 3200 Apologia
2393 3089 2492 3144 pro
2541 3076 2656 3130 suis
2701 3075 2963 3131 adversus
3004 3074 3346 3130 Jovinianum
3391 3076 3567 3133 libris.
3617 3079 3738 3134 Non

2101 3161 2269 3200 crocu
2324 3147 2469 3200 enim
2500 3146 2567 3200 ab
2606 3145 2765 3200 initio
2790 3147 2910 3200 haec
2941 3146 2996 3200 in
3016 3147 3207 3200 primis
3243 3147 3410 3200 habet
3451 3168 3463 3200 :
3500 3166 3528 3199 «
3560 3149 3614 3200 Si
3636 3163 3738 3200 saa-

2101 3145 2292 3215 procul
2324 3147 2469 3202 enim
2500 3146 2567 3201 ab
2606 3145 2765 3201 initio
2790 3147 2910 3203 haec
2941 3146 2996 3202 in
3014 3147 3207 3215 primis
3243 3147 3410 3203 habet
3451 3168 3463 3202 :
3500 3166 3528 3199 «
3560 3149 3615 3203 Si
3636 3163 3739 3205 saa-

2100 3216 2208 3272 culi
2251 3217 2502 3272 homines
2547 3217 2904 3286 indignantur
2950 3218 3005 3271 in
3057 3216 3253 3273 minori
3300 3217 3472 3287 gradu
3520 3233 3579 3273 se
3618 3234 3739 3275 esse

2099 3302 2260 3356 quam
2291 3289 2550 3357 virgines,
2586 3288 2757 3342 miror
2794 3288 3112 3357 clericoset
3140 3288 3441 3342 monachos
3470 3293 3525 3343 et
3562 3290 3740 3345 conti-

2101 3352 2296 3413 nentes
2332 3352 2401 3412 id'
2420 3352 2541 3413 non
2562 3357 2804 3423 laudare,
2844 3358 2992 3426 quod
3033 3352 3259 3412 faciunt.
3291 3360 3542 3414 Castrant
3579 3374 3639 3416 se
3669 3358 3737 3416 ab

2099 3428 2363 3483 uxoribus
2391 3429 2525 3490 suis,
2577 3435 2637 3482 ut
2674 3428 2960 3482 imitentur
2997 3427 3266 3497 virginum
3306 3431 3651 3496 castitatem;
3683 3438 3740 3487 et

2098 3498 2155 3554 id
2195 3500 2373 3567 ipsum
2412 3497 2602 3552 volunt
2649 3512 2787 3569 esse,
2822 3499 3101 3553 maritatas
3146 3499 3294 3567 quod
3325 3498 3605 3569 virgines?
3634 3504 3740 3557 Aut

2092 3570 2393 3639 jungantur
2411 3570 2595 3638 itaque
2618 3568 2881 3624 uxoribus
2897 3569 3032 3633 suis,
3047 3569 3247 3638 quibus
3263 3568 3737 3639 renuntiaverant;

2096 3648 2209 3705 aut,
2251 3642 2297 3695 si
2336 3654 2395 3695 se
2425 3640 2811 3704 abstinuerint,
2865 3639 3025 3694 etiam
3059 3647 3304 3695 tacentes
3333 3641 3741 3698 confitebuntur

2098 3710 2294 3765 melius
2333 3725 2453 3766 esse
2483 3710 2631 3779 quod
2664 3710 2972 3779 nuptiarum
3015 3716 3170 3780 operi
3201 3711 3583 3780 praetulerunt.
3618 3732 3646 3766 »
3674 3715 3740 3769 Et

2096 3782 2379 3851 aliquanto
2430 3791 2598 3850 post:
2636 3782 2838 3852 «Ecce
2889 3783 3178 3850 perspicue
3235 3784 3455 3852 nuptias
3502 3783 3741 3839 diximus

2097 3852 2329 3908 concedi
2366 3852 2424 3906 in
2455 3851 2786 3921 Evangelio;
2820 3852 2917 3906 sed
2940 3860 3119 3907 tamen
3146 3853 3386 3919 easdem,
3417 3854 3475 3908 in
3504 3868 3606 3910 suo
3627 3854 3741 3910 ofﬁ-

2095 3924 2183 3978 cio
2224 3931 2627 3992 permanentes,
2653 3924 2876 3991 praemia
2904 3924 3174 3995 castitatis
3194 3938 3392 3993 capere
3413 3939 3522 3981 non
3555 3940 3738 3995 posse.

2094 3995 2249 4060 Quod
2281 3995 2327 4050 si
2359 3995 2581 4064 indigne
2621 3995 2898 4063 accipiunt
2937 3994 3138 4061 mariti,
3172 4009 3282 4051 non
3322 3996 3453 4051 mihi
3494 3997 3741 4052 irascan-

2098 4072 2205 4129 tur,
2247 4065 2345 4137 sed
2394 4064 2694 4133 Scripturis
2739 4065 2963 4129 sanctis,
3009 4065 3117 4121 imo
3167 4067 3445 4136 episcopis
3485 4073 3541 4122 et
3588 4082 3742 4137 pres-

2095 4136 2325 4206 byteris,
2358 4143 2414 4191 et
2451 4137 2722 4201 diaconis,
2755 4144 2810 4192 et
2840 4137 3096 4192 universo
3127 4137 3299 4193 choro
3326 4136 3655 4195 sacerdotali
3686 4144 3743 4194 et

367 4206 593 4268 modum
642 4214 737 4268 ille
786 4212 1000 4269 scilicet
1023 4206 1360 4266 'nullatenus
1398 4209 1716 4265 distinxisse
1761 4206 2061 4277 videatur_
2100 4207 2339 4271 levitico,
2372 4208 2466 4276 qui
2505 4223 2564 4263 se
2596 4214 2866 4262 noverunt
2888 4208 3096 4261 hostias
3124 4207 3322 4264 offerre
3345 4223 3453 4265 non
3486 4223 3669 4277 posse,
3692 4210 3741 4265 si

366 4285 518 4339 inter
571 4284 777 4339 habere
815 4297 879 4339 ac
918 4282 1120 4338 ducere
1160 4294 1402 4336 uxorem.
1452 4282 1719 4346 Quocirca
1778 4275 2253 4349 primumDoperi
2293 4275 2532 4333 serviant
2560 4276 2918 4349 conjugali,»
2945 4277 3191 4349 Denique
3212 4292 3341 4349 vero
3373 4275 3545 4348 prope
3579 4275 3740 4335 ﬁnem

366 4354 673 4423 explicans,
695 4354 828 4424 quid
859 4353 1177 4410 Ambrosius
1205 4352 1565 4424 concesserit,
1592 4351 1678 4405 his
1707 4350 2015 4424 explicabat

368 4419 555 4482 verbis
587 4445 600 4480 :
636 4419 665 4478 (ἐ
696 4419 969 4482 Concessa
1010 4424 1150 4487 loro,
1183 4419 1284 4477 che
1317 4428 1600 4489 potessero
1629 4435 1787 4477 avere
1818 4421 2013 4491 moglie

366 4498 616 4567 vergine.
668 4515 697 4549 »
747 4495 992 4552 Subinde
1046 4507 1177 4567 vero
1225 4492 1506 4567 explicans
1531 4493 2013 4567 quemadmodum

366 4561 496 4637 illisi
511 4568 618 4624 hoc
647 4568 823 4637 ipsum
848 4573 1036 4637 postea
1065 4564 1290 4637 vetitum
1322 4561 1507 4637 fuerit,
1531 4562 1681 4637 hunc
1707 4563 1761 4617 in
1791 4562 2014 4637 modum

368 4634 638 4707 explicuit
662 4633 684 4692 ε’
711 4658 739 4688 ‹‹
774 4633 1281 4707 Ὲιίονόίηθῐονειιθ
1301 4633 1458 4707 alciin
1492 4634 1800 4707 sacerdote,
1823 4647 1857 4688 o
1888 4633 2017 4707 che-

366 4704 509 4773 rico,
552 4722 662 4765 non
712 4708 972 4779 togliesse
1017 4706 1235 4775 moglie.
1280 4722 1309 4759 »
1342 4704 1481 4759 Hinc
1526 4704 1884 4779 igitnretiam
1921 4704 2013 4759 ille

365 4780 519 4836 Corii
549 4774 801 4844 censorf
821 4792 933 4848 quo
980 4774 1311 4848 suggerente
1348 4774 1746 4848 sacralndicis
1775 4787 2013 4848 congref

364 4852 517 4921 gatio
558 4844 856 4916 decrevit,'
880 4844 1253 4921 hnnc_'_ipsum
1305 4846 1483 4921 Corii_
1513 4845 1694 4921 locum
1733 4844 2014 4921 emendari

366 4917 653 4991 oportere,
686 4936 797 4978 non
820 4922 1005 4989 inepte
1031 4918 1119 4973 his
1156 4918 1344 4991 itidem
1376 4917 1562 4991 verbis
1586 4931 1718 4991 usus
1737 4922 1821 4971 est
1849 4917 2011 4991 (Qua-

365 4986 443 5049 lia
481 5008 586 5049 nos
613 4986 670 5049 in
710 4986 954 5062 ejusdem
995 4988 1439 5062 congregationis
1476 4987 1711 5055 epistola
1751 4986 2017 5062 recitaba-

366 5077 492 5120 mus
529 5057 757 5120 numero
803 5063 889 5127 10)
929 5082 941 5118 :
999 5081 1025 5111 ι
1073 5057 1281 5117 Asserit
1346 5064 1596 5114 sanctum
1669 5057 2014 5113 Ambrosium

367 5135 687 5205 permisisse
724 5132 1110 5190 sacerdotibus
1139 5144 1362 5205 uxorem
1397 5130 1622 5205 ducere.
1664 5147 1692 5181 »

440 5207 571 5262 LIV.
616 5208 728 5261 Hac
758 5211 939 5261 tamen
971 5217 1162 5257 rursus
1191 5203 1316 5257 data
1340 5201 1652 5264 occasione,
1680 5205 2016 5269 praetereun-

365 5277 500 5332 dum
531 5277 754 5333 silentio
783 5276 945 5332 nobis
975 5286 1083 5329 non
1117 5279 1199 5327 est
1227 5272 1685 5340 quemadmodum
1716 5271 1890 5326 sacris
1919 5270 2015 5325 mi-

367 5348 562 5403 nistris
589 5348 659 5403 ab
681 5348 924 5404 Ecclesia
948 5343 1217 5401 catholica
1249 5344 1489 5398 Romana
1519 5356 1627 5397 non
1659 5350 1766 5398 tam
1790 5354 2014 5397 uxorem

366 5419 576 5476 ducere
605 5431 767 5489 quam
798 5431 1024 5475 uxorem
1045 5415 1130 5489 ad
1161 5412 1610 5489 officia_conjugii
1640 5413 1843 5489 habere
1871 5412 2019 5489 veti-

367 5494 488 5547 tum
504 5491 602 5558 sit,
623 5483 686 5548 iit
712 5491 994 5559 sapienter
1005 5485 1314 5544 observavit
1342 5484 1659 5541 Dominicus
1686 5487 1851 5542 Sotae
1868 5483 2013 5541 libro

2097 4350 2348 4417 epistola:
2382 4367 2395 4403 :
2441 4367 2469 4400 «
2500 4348 2747 4417 Apostoli
2797 4347 2895 4420 vel
2927 4347 3188 4420 virgines,
3230 4347 3323 4420 vel
3367 4356 3492 4417 post
3521 4352 3741 4420 nuptias

2096 4420 2463 4492 continentes,
2486 4420 2732 4492 episcopi
2757 4418 3086 4488 presbyteri,
3110 4418 3736 4492 diaconi,autvirgines,

2095 4490 2394 4559 eliguntur,
2435 4496 2529 4543 aut
2558 4491 2724 4554 vidui,
2776 4494 2872 4544 aut
2919 4496 3069 4546 certe
3121 4496 3245 4558 post
3282 4490 3651 4547 sacerdotium
3681 4495 3739 4548 in

2096 4568 2361 4616 :eternum
2394 4560 2600 4629 pudici.
2628 4580 2655 4611 »
2684 4562 2813 4615 Ilaec
2843 4562 2897 4615 in
2929 4574 2991 4615 ea
3018 4560 3263 4631 epistola
3282 4562 3663 4631 Hieronymus.

2170 4633 2320 4686 LVll.
2356 4633 2495 4687 Ecce
2532 4646 2662 4687 vero
2695 4631 2855 4686 nobis
2883 4631 3045 4703 etiam
3076 4630 3210 4699 quid
3232 4630 3324 4686 ille
3345 4630 3535 4687 rursus
3566 4648 3738 4703 prope

2095 4702 2311 4756 initium
2368 4703 2494 4757 libri
2533 4702 2794 4758 adversus
2850 4702 3196 4771 Vigilantium
3258 4722 3270 4756 :
3325 4704 3539 4759 «Proh
3587 4705 3740 4760 nefas

2097 4772 2392 4847 (exclamat
2405 4773 2524 4847 iiie,
2566 4773 2634 4847 de
2667 4772 2967 4847 _Vigilantio
3018 4772 3271 4847 loquens)
3322 4774 3615 4844 episcopos
3651 4776 3738 4847 sui

2096 4844 2323 4899 sceleris
2360 4844 2563 4915 dieitur
2592 4843 2795 4899 habere
2825 4852 3150 4909 consortes;
3193 4843 3452 4901 si'tamen
3491 4843 3738 4915 episcopi

2098 4914 2415 4986 nominandi
2444 4920 2573 4986 sunt
2601 4915 2695 4983 qui
2734 4927 2842 4986 non
2868 4915 3128 4970 ordinant
3156 4915 3422 4973 diaconos
3452 4914 3555 4971 nisi
3588 4914 3740 4986 prius

2097 4999 2297 5041 uxores
2326 4985 2603 5050 duxerint,
2654 4985 2789 5040 nulli
2831 4986 3011 5041 caelibi
3059 4987 3351 5042 credentes
3393 4985 3734 5055 pudicitiam,

2096 5057 2207 5111 imo
2252 5056 2608 5112 ostendentes
2664 5069 2825 5125 quam
2891 5062 3079 5113 sancte
3125 5058 3325 5122 vivant,
3359 5059 3452 5127 qui
3493 5060 3630 5114 male
3670 5059 3739 5116 de

2097 5128 2354 5183 omnibus
2383 5128 2752 5197 suspicantur,
2777 5133 2833 5181 et
2861 5128 2965 5182 nisi
2999 5136 3345 5197 praegnantes
3374 5143 3575 5186 uxores
3592 5130 3740 5187 vide-

2096 5200 2208 5253 rint
2237 5198 2585 5271 clericorum,
2610 5197 2954 5268 infantesque
2976 5198 3043 5253 de
3066 5199 3239 5254 vulvis
3260 5208 3490 5255 matrum
3520 5203 3741 5271 vagien-

2097 5276 2200 5334 tes,
2246 5270 2448 5324 Christi
2495 5276 2835 5324 sacramenta
2890 5282 2999 5324 non
3041 5271 3309 5324 tribuunt.
3368 5272 3507 5338 Quid
3537 5270 3741 5328 facient

2095 5340 2336 5397 Orientis
2372 5340 2632 5414 Ecclesia:
2652 5347 2686 5414 ?_
2710 5340 2849 5414 Quid
2887 5341 3125 5414 Egypti,
3156 5346 3205 5395 rt
3231 5341 3372 5396 sedis
3399 5343 3743 5414 apostolica?

2096 5413 2226 5479 Quae
2255 5412 2611 5484 autvirgines
2639 5411 2876 5484 clericos
2894 5411 3195 5484 accipiunt,
3228 5421 3323 5468 aut
3352 5411 3741 5484 continentes;

2096 5489 2213 5550 aut,
2256 5483 2304 5540 si
2352 5482 2554 5541 uxores
2600 5482 2915 5550 habuerint,
2964 5483 3148 5542 mariti
3193 5497 3318 5553 esse
3370 5484 3669 5546 desistunt.
3711 5482 3741 5541 is
