4056 6150
221 187 351 245 1001

1006 190 1055 244 J.
1098 190 1156 243 P.
1198 189 1551 247 PURJCELLI
1589 192 1885 250 DISSERT.
1922 195 2011 251 DE
2046 160 2496 253 (ΞΟΝΤΙΝΕΝἸῚᾸ
2530 197 2791 253 CLERIC.

3442 198 3577 253 1002

213 317 533 394 dicebamus
570 325 715 394 anno
775 313 1162 394 trecentesimo
1220 316 1592 394 octuagesimo
1651 317 2121 394 primo,Acapite
2169 320 2260 394 20,
2309 320 2367 375 in
2423 321 2598 375 sancti
2630 320 2923 394 Laurentii
2968 322 3133 394 Litt-ai
3166 323 3576 394 archiepiscopi

214 390 420 460 quique
450 392 732 460 superstes
770 386 932 460 etiam
959 389 1477 460 _erat_nonagesimo
1508 394 1725 460 quarto.
1754 388 1854 460 Hic

217 456 474 517 nimirum
523 457 578 511 in
620 456 761 510 libro
808 457 883 510 De
921 456 1253 525 virginitate,
1304 458 1481 525 capite
1523 458 1734 523 ultimo,
1776 459 1856 513 sic

215 531 434 601 inquit:
472 526 814 594 «Quomodo
854 527 1309 601 Delusacerdotio
1340 527 1600 597 iungeris,
1646 529 1738 598 qui
1786 529 1855 584 ad

216 596 325 660 hoc
354 603 554 671 ipsum,
587 605 646 653 ut
674 612 872 671 munus
914 596 1176 671 oﬁ‘erres,
1216 606 1416 654 unctus
1442 596 1545 654 es?
1572 596 1856 666 Quomodo

218 677 340 731 haec
370 669 489 742 ipsa
518 673 628 725 Deo
660 669 907 742 oﬁ'erres,
939 670 1050 742 qui
1073 669 1180 742 legi
1211 683 1320 725 non
1351 671 1699 740 obtemperes
1729 684 1859 741 pro-

217 738 433 802 hibenti
472 756 541 797 ne
569 755 723 796 sacra
752 740 999 812 impurus
1026 738 1189 795 faciat
1208 747 1231 796 ?
1248 744 1324 796 Ac
1351 742 1399 796 si
1430 738 1598 797 Deum
1627 738 1744 797 tibi'
1764 756 1861 812 ap-

220 830 417 889 parere
448 813 681 889 expetis,
704 810 837 889 quid
869 817 1153 889 causaest
1172 826 1272 866 cur
1293 813 1492 889 Mosem
1514 827 1624 889 non
1636 810 1855 889 audias,

220 883 317 959 qui
349 885 556 957 populo
578 883 747 959 edicit
786 888 845 959 ui
872 896 903 936 a
926 886 1122 959 nuptis
1150 897 1321 952 purus
1348 884 1440 950 sit,
1491 885 1586 954 qui
1632 886 1728 940 Dei
1775 898 1861 939 as-

220 952 443 1030 pectum
469 952 941 1030 comprehendat?
980 971 1008 1004 »

293 1029 473 1085 LXIII.
513 1028 744 1081 Sanctus
799 1024 961 1079 etiam
1016 1025 1254 1079 Joannes
1308 1025 1729 1095 Chrysostomus
1793 1024 1859 1079 ad

216 1097 746 1169 archiepisc0palem
791 1095 1347 1164 Constantinopoleos
1400 1096 1741 1169 cathedram
1773 1108 1863 1151 eo-

219 1173 349 1229 dem
388 1165 510 1241 ipso
540 1165 851 1241 assumptus
896 1173 981 1241 est
1026 1179 1170 1221 anno
1218 1180 1329 1241 _quo
1367 1173 1592 1222 sanctus
1627 1165 1860 1241 Ambro-

219 1244 339 1299 sius
387 1236 456 1297 ad
493 1236 810 1296 beatam’in
858 1236 1014 1292 cmlis
1059 1238 1418 1304 mansionem,
1451 1244 1613 1308 atque
1662 1238 1730 1293 ad
1770 1253 1864 1292 an-

220 1324 356 1370 num
413 1325 586 1382 usque
642 1308 1200 1382 quadragintesimum
1265 1309 1571 1382 septimum
1613 1310 1867 1382 sapam-

220 1387 325 1441 xit.
358 1378 594 1440 Homilia
638 1378 769 1436 vero
817 1378 1059 1435 secunda
1105 1379 1173 1433 de
1204 1380 1463 1448 patientia
1491 1380 1594 1435 Job
1624 1380 1743 1434 haec
1774 1380 1867 1434 ille

225 1456 392 1512 nobis
447 1454 651 1522 scripta
707 1450 951 1520 reliquit.
1014 1469 1042 1501 «
1100 1451 1255 1522 Dixit
1301 1450 1603 1519 (apostolus
1646 1450 1864 1521 Paulus)

224 1529 381 1584 unius
426 1521 614 1580 uxoris
658 1523 844 1587 virum,
887 1534 997 1577 non
1054 1535 1119 1576 ea
1157 1521 1370 1576 ratione
1409 1527 1469 1576 ut
1506 1522 1562 1576 id
1610 1534 1755 1576 nunc
1811 1522 1867 1576 in

223 1598 475 1655 Ecclesia
511 1596 849 1652 observetur.
882 1594 1112 1661 Oportet
1149 1592 1295 1647 enim
1323 1592 1473 1647 omni
1502 1605 1730 1662 prorsus
1755 1606 1870 1648 cas-

226 1671 387 1725 titate
416 1666 755 1724 sacerdotem
788 1671 1039 1719 ornatum
1070 1676 1210 1718 esse.
1253 1681 1281 1714 ιο

302 1741 478 1796 LXIV.
516 1738 596 1794 Ad
628 1734 875 1792 eamdem
902 1747 1034 1789 vero
1081 1748 1183 1803 pro
1222 1732 1410 1788 clerici
1438 1733 1734 1789 Orientalis
1761 1748 1874 1789 ca:-

226 1811 405 1867 libatu
450 1808 776 1865 sententiam
825 1805 1067 1875 pertinet
1111 1804 1405 1860 concilium
1463 1818 1685 1874 quoque
1733 1804 1871 1860 illud

227 1882 381 1953 quod
410 1881 554 1937 idem
583 1879 1006 1953 Chrysostomus
1022 1875 1630 1953 Constantinopoliiana
1650 1876 1705 1931 in
1737 1876 1872 1953 urbe

228 1946 530 2010 celebravit
549 1946 714 2013 anno,
748 1953 808 2003 ut
836 1948 977 2003 bene
1007 1952 1288 2015 computat
1317 1947 1603 2013 Baronius,
1636 1946 1873 2016 quadra-

227 2024 536 2092 gentesimo
569 2041 583 2077 :
615 2026 671 2077 et
699 2020 767 2074 de
798 2018 1222 2092 quo_Ralladius
1259 2016 1617 2092 diaconusiu
1647 2017 1874 2092 Dialogo

231 2088 304 2151 de
343 2096 459 2149 Vita
489 2092 733 2162 ejusdem
764 2088 1870 2162 sanctiiChrysostomi_abunde_scripsit,

230 2166 414 2236 capite
453 2159 601 2236 l3'et
634 2163 717 2236 l4.
741 2162 889 2236 Inter
908 2160 1015 2236 alia
1043 2160 1319 2236 inuitasic
1349 2159 1451 2236 ille
1476 2177 1554 2236 :_«
1592 2159 1879 2236 Terciade-

232 2229 377 2292 ciina
424 2235 813 2292 distributione
865 2231 994 2301 (sive
1042 2230 1367 2294 indictione,
1400 2235 1462 2284 ut
1506 2229 1648 2301 bene
1693 2229 1798 2301 fuit
1846 2243 1878 2285 a

231 2307 471 2364 Baronio
518 2306 682 2361 etiam
738 2300 1128 2365 observatum),
1178 2306 1447 2354 venerunt
1491 2300 1879 2355 Constantino-

231 2379 408 2449 polim
455 2376 597 2432 Asia:
626 2372 913 2449 episcopi,
949 2370 1339 2449 necessitatium
1380 2369 1878 2449 ecclesiasticarum

227 2440 435 2520 gratia,
461 2452 522 2520 _et
551 2440 836 2520 nobiscum
867 2441 1097 2520 (quippe
1136 2440 1411 2520 Palladius
1439 2441 1599 2520 etiam
1631 2441 1760 2520 ipse
1799 2441 1877 2520 ibi

228 2510 372 2576 tunc
409 2510 625 2586 aderat)
650 2510 908 2586 remorati
919 2510 1485 2586 _suntlpraesentibus
1493 2518 1569 2586 _e_t
1595 2510 1719 2586 aliis
1739 2513 1884 2580 epis~

234 2589 417 2659 copis,
444 2602 511 2643 ex
556 2582 774 2659 Scythia
804 2582 1024 2653 quidem
1036 2582 1463 2659 _Theotimo,_e_x
1492 2582 1721 2638 Thracia
1751 2595 1881 2638 vero

234 2653 503 2717 Ammane
532 2653 805 2727 Egyptio,
839 2660 999 2727 etdex
1025 2653 1235 2727 Galatia
1269 2653 1563 2727 Arabiano,
1598 2659 1885 2727 metropo-

238 2731 357 2787 litis
395 2724 670 2792 omnibus,
693 2740 756 2781 ac
785 2725 1031 2789 senibus,
1063 2725 1159 2793 qui
1190 2724 1379 2793 viginti
1409 2724 1642 2779 duorum
1673 2724 1885 2793 episco-

239 2815 438 2874 porum
488 2797 778 2868 implebam
822 2809 1129 2874 numerum.
1189 2794 1657 2874 Convenientibus
1701 2800 1883 2874 autem

1938 392 2113 447 nostri
2151 393 2291 456 Vita,
2326 405 2486 461 quam
2527 392 2671 462 typis
2700 405 2843 447 anno
2876 393 3087 448 Domini
3120 392 3253 445 1653
3282 392 3574 451 edidimus.

1937 462 2218 531 Ejusmodi
2250 462 2531 534 decretum
2562 464 2888 518 auctoritate
2926 464 3102 518 sancti
3143 478 3297 533 papae
3336 466 3578 534 Symma-

1938 535 2027 589 chi
2059 534 2342 589 conditum
2370 532 2473 588 fuit
2501 546 2644 589 anno
2675 534 3114 603 quingentesimo
3134 532 3399 601 Secundo,
3431 537 3577 591 etab

1938 604 2359 674 archiepiscopo
2407 604 2503 659 illo
2556 611 2746 675 nostro
2806 605 3203 675 promulgatum
3269 606 3418 661 illico
3478 604 3581 661 fuit

1939 676 2218 746 episcopis
2246 677 2361 730 suis
2391 674 2856 746 provincialibus;
2906 674 3080 746 eoque
3133 682 3239 731 tam
3279 677 3383 746 ipsi
3414 691 3578 746 quam

1941 745 2248 817 presbyteri
2269 746 2553 801 etdiaconi
2568 745 2905 814 jubebantur
2918 745 3121 801 habere
3133 745 3577 814 contubernales,

1940 825 2198 887 tanquam
2239 817 2518 886 pudicitia:
2547 831 2663 871 suae
2694 823 2864 872 testes
2893 834 2905 867 :
2942 831 3101 886 quam
3139 818 3329 886 utique
3360 820 3579 887 pudici-

1943 889 2072 943 tiam
2125 887 2306 943 clerus
2361 888 2522 943 etiam
2571 887 2993 943 Mediolanensis
3053 903 3151 957 per
3206 903 3270 943 ea
3336 897 3581 958 tempora

1944 959 2323 1029 proﬁtebatur,
2359 957 2638 1029 jamrinde
2697 958 2911 1013 scilicet
2958 973 2987 1013 e
3042 960 3239 1027 priscis
3295 964 3350 1014 et
3405 957 3583 1016 sancti

1942 1028 2214 1085 Ambrosii
2240 1028 2581 1098 temporibus
2604 1030 2920 1097 perenniter
2948 1037 3341 1084 conservatam.
3362 1034 3582 1087 Attente

1944 1100 2131 1171 igitur,
2163 1100 2209 1154 si
2260 1098 2458 1171 placet,
2499 1106 2664 1171 caput
2708 1099 2845 1155 illud
2889 1100 3119 1171 legatur,
3150 1101 3293 1155 sicut
3322 1108 3377 1156 et
3406 1103 3585 1157 cardi-

1946 1170 2086 1226 n’alis
2131 1170 2347 1225 Baronii
2391 1170 2628 1225 Annales
2671 1170 2739 1224 ad
2788 1184 2988 1225 annum
3036 1170 3187 1226 illum
3216 1172 3417 1227 Christi
3455 1172 3581 1238 502,

1946 1242 2179 1299 articulo
2207 1240 2299 1307 32,
2331 1249 2386 1296 et
2414 1240 2626 1310 aliquot
2653 1241 2777 1295 aliis
2799 1242 3282 1311 subsequentibus.
3314 1245 3425 1299 Nos
3445 1245 3587 1300 inte-

1948 1315 2049 1369 rim
2080 1327 2146 1368 ex
2175 1326 2242 1367 eo
2272 1311 2498 1367 decreto
2528 1312 2647 1367 haec
2676 1318 2886 1367 tantum
2925 1313 3218 1369 recitamus
3251 1334 3263 1368 :
3302 1332 3330 1365 «
3368 1315 3587 1370 Nullum

1949 1397 2082 1455 ergo
2130 1382 2499 1455 sacerdotum,
2542 1382 2769 1453 antiquis
2808 1387 2857 1438 et
2892 1383 3153 1438 modernis
3207 1383 3404 1453 legibus
3442 1385 3588 1441 obse-

1949 1453 2230 1526 quentem,
2262 1453 2581 1521 nullumque
2632 1455 2936 1526 Levitarum
2984 1456 3102 1510 sine
3161 1455 3301 1511 bene
3360 1458 3591 1525 probata

1949 1524 2201 1581 volumus
2218 1525 2275 1579 in
2298 1538 2629 1597 quocunque
2651 1524 2758 1580 loci
2786 1539 3005 1580 manere
3028 1540 3262 1595 persona
3285 1548 3300 1591 ;
3322 1524 3406 1583 vel
3428 1542 3593 1597 quem

1888 1621 1936 1678 Β
1956 1597 2293 1678 substantiis
2303 1595 2680 1678 exilitasnnon'
2691 1597 3002 1678 permiserit
3024 1595 3594 1678 habere-consortem,

1956 1668 2073 1737 ipse
2103 1666 2490 1723 concellaneus
2513 1665 2606 1721 ﬂat
2632 1665 2878 1722 alterius.
2903 1666 3185 1722 Publicum
3206 1667 3279 1722 sit
3307 1670 3451 1737 apud
3474 1670 3598 1724 reli-

1953 1736 2347 1809 giososgomne
2396 1737 2845 1809 quod‘geritur;
2888 1736 3228 1793 clandestina
3276 1736 3600 1808 repudietur

1955 1807 2302 1893 obscuritas;
2337 1807 2540 1893 inuitos
2568 1807 2766 1893 habeat
2796 1814 3019 1893 actuum
3031 1807 3457 1893 _conscios,’qui
3488 1812 3599 1893 Deo

1956 1881 2122 1935 debet
2166 1879 2559 1934 innocentiam.
2590 1878 3082 1949 Videantraamuli;
3124 1880 3251 1949 quia
3298 1878 3396 1949 qui
3433 1887 3604 1936 testes

1956 1951 2202 2017 adhibet,
2242 1950 2358 2005 vult
2406 1949 2627 2019 probari
2681 1969 2693 2003 :
2747 1948 2886 2004 male
2935 1948 3281 2019 deprehensa
3318 1948 3604 2020 judicetur

1957 2022 2324 2086 conversatio,
2350 2034 2473 2088 quae
2503 2033 2614 2075 non
2646 2025 2800 2087 optat
2819 2021 3065 2090 agnosci.
3102 2040 3129 2072 »
3152 2023 3217 2076 Et
3249 2022 3411 2090 paulo
3435 2029 3559 2090 post
3586 2042 3599 2077 :

1960 2108 1989 2145 ‹‹
2030 2092 2205 2157 Unde,
2237 2104 2496 2145 mansuro
2526 2104 2649 2144 cum
2680 2091 2776 2145 Dei
2810 2097 2865 2144 et
2895 2091 3263 2159 redemptoris
3292 2094 3465 2146 nostri
3507 2106 3603 2147 or-

1958 2162 2261 2231 dinatione,
2304 2160 2604 2231 constituto
2634 2160 2930 2231 sancimus,
2963 2160 3264 2231 apostolica:
3291 2162 3432 2216 sedis
3462 2161 3608 2217 beati

1958 2232 2103 2289 Petri
2130 2230 2211 2286 vel
2245 2229 2485 2300 praesulis
2528 2230 2641 2301 ejus
2689 2229 3177 2301 auctoritatepapw
3204 2231 3436 2297 subnixi,
3479 2247 3604 2300 quae

1959 2304 2091 2358 vitia
2120 2302 2401 2357 desiderat
2445 2300 2710 2355 radicitus
2747 2300 3038 2372 amputari,
3075 2308 3134 2355 ut
3173 2302 3357 2357 nullus
3387 2302 3610 2372 religio-

1962 2387 2145 2429 sorum
2167 2373 2235 2427 de
2262 2372 2575 2427 memoratis
2605 2371 2893 2427 ordinibus
2922 2370 3082 2427 aliter
3100 2386 3260 2441 quam
3283 2370 3609 2442 praefatisu-

1962 2459 2083 2500 mus
2101 2444 2301 2499 audeat
2321 2442 2634 2498 conversari
2654 2463 2669 2508 ;
2692 2442 2775 2498 vel
2794 2443 3111 2513 quicunque
3133 2444 3606 2513 praesumpserint,

1963 2529 2087 2570 cum
2132 2514 2429 2569 amissione
2483 2514 2709 2583 pudoris
2749 2514 3021 2570 honorum
3051 2514 3248 2569 damna
3278 2516 3605 2575 sustineant.

1963 2585 2250 2653 Quomodo
2298 2584 2505 2654 grande
2536 2584 2734 2639 malum
2765 2591 2869 2651 est,
2900 2584 3136 2655 dicatam
3165 2587 3279 2641 Deo
3318 2588 3610 2655 personam

1965 2655 2298 2711 salutaribus
2327 2655 2553 2710 monitis
2580 2669 2691 2710 non
2739 2669 2955 2724 parere.
2994 2654 3187 2711 Nullus
3228 2654 3401 2711 secum
3428 2662 3611 2711 extra-

1965 2741 2091 2781 neas
2120 2725 2310 2781 habeat
2339 2724 2579 2780 mulieres
2622 2731 2815 2795 prater
2858 2740 3113 2796 personas
3160 2726 3444 2781 cauonibus
3475 2727 3613 2781 desi-

1966 2802 2145 2861 natas,
2186 2811 2255 2852 ne
2293 2797 2506 2866 agendo
2537 2796 2741 2862 taliter,
2788 2797 3000 2851 etiamsi
3054 2797 3159 2851 vita
3206 2798 3279 2851 sit
3320 2797 3608 2863 innocens,

240 2865 502 2931 omnibus
557 2865 613 2925 et
669 2866 1223 2928 communicantibus,
1262 2865 1552 2921 observato
1617 2865 1888 2921 Eusebius
1914 2929 1946 2936 _
1972 2868 2229 2923 damnum
2277 2865 2557 2936 opinionis
2594 2868 2859 2922 incurrat.
2904 2884 2933 2919 ι»
2975 2868 3102 2921 Haec
3150 2881 3216 2921 ex
3264 2881 3330 2923 eo
3362 2867 3609 2923 decreto.

242 2929 467 3016 quidam
486 2937 1076 3016 Valentinopolitanus,
1093 2936 1388 3016 episcopus
1409 2940 1742 3016 congregaio
1758 2949 1888 2991 con-
1907 2929 1951 2988 C
1973 2940 2140 3016 Cujus
2160 2929 2381 3007 quidem
2395 2937 2950 3016 Apostremaciausula
2974 2937 3325 3016 perspicuum
3347 2945 3431 2993 est
3450 2952 3611 3007 quam

242 3005 399 3081 c'ilio,
457 3025 565 3069 una
620 3005 841 3065 Sabbati
896 3008 1089 3081 astitit,
1138 3006 1466 3081 libellosque
1524 3005 1751 3081 tradidit
1786 3020 1884 3076 sy-

244 3078 416 3152 nodo,
458 3081 755 3153 praeposito
802 3084 864 3134 ut
900 3078 1087 3153 decuit
1138 3078 1365 3153 Joannis
1408 3078 1651 3153 nomine,
1673 3084 1885 3153 _contra

243 3148 591 3214 Antoninum
624 3151 944 3221 episcopum
974 3148 1198 3221 Ephesi,
1230 3154 1446 3221 septem
1461 3148 1723 3221 Capitula
1752 3162 1888 3221 con-

246 3230 510 3284 tinentes.
552 3240 581 3278 n
622 3218 753 3279 Haec
782 3221 950 3291 igitur
979 3219 1227 3291 Capitula
1264 3218 1541 3291 Palladius
1585 3233 1653 3274 ex
1691 3219 1888 3274 ordine

244 3297 564 3359 singillatim
596 3290 890 3358 recitat,’et
913 3290 1171 3346 interilla
1199 3296 1432 3357 sextum,
1458 3290 1546 3344 his
1574 3303 1889 3359 expressum

243 3358 433 3425 verbis
447 3388 459 3423 :
476 3365 646 3434 Quod,
659 3379 773 3434 cum
787 3376 925 3417 uxor
930 3361 1161 3433 propria:
1175 3360 1608 3434 abrenuntiasset,
1621 3358 1803 3434 rursus

245 3431 555 3508 congressus
583 3431 679 3503 est,
710 3431 948 3506 ﬁliosque
963 3431 1114 3508 eaea
1132 3431 1449 3508 procreavit.
1472 3432 1714 3508 Cumque
1736 3431 1892 3508 dein-

246 3501 384 3581 ceps
405 3510 510 3564 alia
539 3501 835 3581 narrasset,
859 3501 1239 3581 nonnulla'sic
1267 3502 1430 3581 etiam
1459 3501 1663 3581 adjecit
1695 3520 1708 3556 :
1743 3519 1771 3552 «
1799 3502 1892 3555 Ju-

246 3571 386 3639 beht
427 3581 612 3648 itaque
642 3571 887 3632 libellum
918 3573 1179 3648 recitari;
1221 3571 1472 3648 lectaque
1520 3578 1650 3627 sunt
1679 3584 1891 3648 _memg-

248 3658 370 3710 rata
399 3641 667 3720 Capitula.
682 3650 885 3720 Postea
909 3644 1101 3720 dicunt
1116 3643 1313 3698 Joanni
1334 3642 1583 3720 seniores
1604 3641 1852 3720 episcopi
1875 3660 1887 3695 :

250 3724 372 3781 Etsi
399 3712 791 3790 unumquodque
819 3713 1099 3790 capitulum
1124 3727 1220 3784 per
1245 3729 1302 3768 se
1330 3712 1539 3790 impium
1586 3718 1701 3790 est_,_
1715 3717 1764 3767 et
1794 3726 1892 3766 un-

251 3796 412 3866 dique
458 3782 626 3847 sacris
669 3782 1254 3866 légibus'interdicium,
1286 3798 1356 3839 ne
1399 3782 1585 3866 tamen
1614 3782 1896 3838 videamur

250 3868 309 3923 in
323 3854 431 3920 'his
458 3877 581 3933 quae
608 3854 862 3933 suggesta
892 3854 1642 3933 suni‘nobisomnenstudium
1660 3866 1892 3933 ponere,

254 3938 325 3993 ab
357 3949 426 3992 eo
474 3924 622 4004 quod
675 3924 759 4004 est
806 3927 1128 4004 horribilius
1154 3926 1339 4004 dictu:
1381 3925 1474 4004 ﬂat
1519 3924 1896 4004 inquisitionis

254 3995 509 4064 initium.-
526 4004 582 4059 Si
629 4002 773 4057 enim
815 4000 947 4055 illud
982 4000 1258 4054 inventum
1306 3995 1472 4051 fuerit
1498 4010 1706 4062 verum,
1748 3995 1897 4050 nulla

257 4080 329 4135 de
378 4074 636 4146 capitulis
682 4071 911 4141 reliquis
954 4070 1060 4126 erit
1089 4066 1485 4146 controversia,
1518 4080 1639 4146 cum
1670 4065 1897 4146 capituli

257 4150 412 4206 illius
448 4138 604 4202 radix
642 4138 857 4199 omnem
888 4155 1003 4211 prie
1041 4154 1100 4195 se
1134 4138 1440 4211 iniquitatis
1467 4139 1705 4207 speciem
1736 4138 1894 4192 ferat.

257 4222 392 4276 Haec
442 4218 518 4273 ibi
574 4208 950 4291 Paliadiusi'E
995 4211 1196 4291 quibus
1232 4208 1421 4264 itidem
1459 4214 1585 4291 apte
1633 4214 1901 4291 opportu-

258 4304 443 4361 neque
481 4286 748 4361 Baronius
801 4283 869 4361 ad
922 4280 1172 4337 eumdem
1219 4294 1420 4335 annum
1467 4280 1549 4361 sic
1592 4280 1895 4361 monebat:

260 4382 291 4414 σι
330 4349 488 4417 ῡηάε
518 4365 574 4414 et
602 4357 807 4412 certior
836 4354 933 4409 llas
960 4366 1149 4408 eorum
1179 4366 1303 4419 quae
1344 4350 1597 4418 superius
1628 4349 1899 4405 inculcata

255 4438 410 4497 sunt,
452 4431 612 4485 etiam
663 4429 717 4482 in
756 4423 1019 4481 Orientali
1054 4421 1311 4497 _Ecclesia
1340 4420 1901 4497 conjugatoselectos

256 4490 555 4574 episcopos
583 4497 804 4574 nonnisi
836 4509 1005 4574 uxore
1026 4493 1259 4574 _dimissa
1282 4490 1528 4574 ordinari
1558 4491 1773 4555 solitos,
1798 4503 1901 4545 nec

255 4561 498 4644 amplius
525 4585 589 4627 ea
636 4570 736 4625 uti.
780 4587 809 4619 »
848 4568 961 4644 Qua
1009 4565 1185 4644 deﬂre
1214 4561 1506 4632 separatim
1546 4575 1648 4632 ego
1679 4574 1900 4630 quoque

256 4634 598 4702 disserebam
629 4652 856 4696 numero
893 4637 958 4689 51
994 4642 1048 4691 et
1071 4634 1163 4689 52.

334 4717 485 4772 LXV.
527 4716 868 4768 Postremum
906 4710 1015 4778 jam
1050 4705 1269 4778 tandem
1300 4704 1406 4760 hoc
1436 4707 1539 4769 est,
1568 4709 1640 4778 ‘ut
1676 4707 1902 4758 senten-

257 4789 394 4845 tiam
460 4791 723 4847 nostram,
774 4773 1032 4851 presenti
1095 4773 1780 4851 capite__c_omprobatam,
1837 4787 1905 4851 eo

256 4859 424 4914 etiam
451 4845 837 4912 conﬁrmamus
865 4850 1089 4906 decreto
1130 4845 1435 4918 pontiﬁcio,
1468 4846 1625 4918 cujus
1654 4859 1683 4918 e
1714 4850 1905 4918 sancto

257 4928 517 4988 Ennodio
562 4923 839 4983 Ticinensi
886 4914 1149 4992 episcopo
1195 4919 1528 4975 mentionem
1573 4914 1909 4971 faciebamus

1974 3009 2115 3064 bene
2144 3013 2411 3075 congruat
2440 3022 2562 3062 cum
2592 3022 2658 3064 eo
2689 3008 2897 3062 Nicaani
2929 3007 3151 3062 concilii
3172 3022 3403 3075 canone,
3446 3023 3610 3078 quem

1975 3093 2203 3134 numero
2249 3078 2320 3131 39
2358 3078 2743 3141 recitabamus,
2792 3092 3064 3147 quamque
3113 3084 3240 3147 apte
3287 3079 3395 3134 huc
3452 3080 3614 3134 etiam

1972 3149 2109 3205 illud
2149 3150 2423 3219 pertineat
2458 3150 2634 3204 sancti
2671 3149 2921 3219 Gregorii
2946 3163 3117 3219 papae
3156 3150 3331 3219 Magni
3373 3164 3617 3218 pronun-

1974 3218 2164 3275 tiatum
2196 3220 2343 3276 libro
2360 3220 2617 3288 septimo,
2641 3218 2875 3288 epistOla
2894 3218 2986 3284 39,
3006 3220 3075 3274 ad
3098 3218 3400 3274 Romanum
3422 3220 3615 3275 Defen-

1973 3305 2175 3357 sorem,
2208 3290 2295 3345 his
2321 3290 2506 3345 verbis
2538 3310 2550 3344 :
2587 3308 2615 3340 «
2657 3290 2909 3344 Pervenit
2936 3289 3004 3358 ad
3034 3302 3138 3343 nos
3166 3289 3429 3357 quosdam
3461 3291 3613 3358 epis-

1974 3375 2260 3430 coporum,
2283 3360 2385 3415 sub
2406 3364 2675 3428 praetextu
2696 3360 2852 3427 quasi
2872 3357 3076 3423 solatii,
3099 3359 3156 3412 in
3178 3373 3284 3414 una
3305 3358 3469 3415 domo
3492 3357 3615 3416 eum

1974 3430 2300 3487 mulieribus
2329 3430 2665 3485 conversari.
2699 3430 2764 3482 Et
2802 3430 2951 3492 ideo,
2977 3442 3045 3484 ne
3090 3443 3188 3497 per
3226 3430 3331 3484 hoc
3366 3435 3461 3485 aut
3488 3432 3617 3486 sub-

1972 3501 2360 3557 sannatoribus
2393 3501 2541 3568 justa
2581 3498 3005 3555 obtrectationis
3040 3498 3203 3553 detur
3239 3501 3481 3565 occasio,
3522 3508 3617 3556 aut

1974 3571 2189 3627 facilem
2255 3569 2517 3639 antiquus
2583 3570 2804 3624 humani
2861 3568 3082 3639 generis
3138 3569 3393 3624 inimicus
3448 3579 3617 3626 mate-

1976 3644 2112 3697 riam
2160 3640 2509 3710 deceptionis
2553 3645 2812 3705 assumat,
2844 3640 3008 3708 hujus
3054 3639 3153 3711 tibi
3200 3641 3343 3695 serie
3375 3655 3618 3711 praecep-

1976 3714 2145 3769 tionis
2174 3712 2508 3781 injungimus
2536 3718 2596 3766 ut
2614 3717 2895 3765 strenuum
2918 3716 2971 3765 te
3000 3710 3223 3765 studeas
3246 3716 3301 3766 et
3320 3710 3614 3767 sollicitum

1977 3783 2257 3839 exhibere.
2302 3784 2365 3837 Et
2394 3782 2438 3837 si
2461 3782 2586 3850 quis
2615 3782 3021 3850 episcoporum,
3056 3795 3196 3850 quos
3221 3783 3495 3838 commissi
3516 3784 3616 3839 tibi

1978 3853 2296 3925 patrimonii
2317 3852 2442 3908 ﬁnis
2470 3852 2724 3915 includit,
2745 3866 2884 3925 _cum
2914 3851 3237 3925 mulieribus
3250 3853 3487 3925 degunt,
3511 3853 3618 3909 hoc

1979 3922 2205 3981 omnino
2253 3936 2591 3993 compescas,
2625 3929 2681 3979 et
2727 3922 2796 3978 de
2842 3929 3047 3977 castero
3094 3936 3187 3977 eas
3224 3922 3353 3978 illic
3370 3924 3617 3981 habitare

1979 3995 2132 4052 nullo
2162 3994 2325 4050 modo
2356 3995 2620 4064 patiaris;
2651 3994 2883 4064 exceptis
2912 3994 2987 4048 eis
3007 4008 3137 4063 quas
3163 4009 3435 4049 sacrorum
3462 4011 3622 4051 cano-

1978 4082 2099 4122 num
2128 4079 2349 4120 censura
2376 4064 2648 4135 permittit,
2691 4063 2869 4135 idest,
2905 4068 3091 4131 matre,
3123 4065 3305 4131 amita,
3346 4080 3616 4134 germana,

1981 4143 2029 4193 et
2059 4137 2183 4192 aliis
2212 4134 2524 4205 hujusmodi,
2549 4135 2615 4205 de
2646 4134 2829 4204 quibus
2849 4149 3019 4204 prava
3047 4149 3151 4188 non
3173 4136 3344 4205 possit
3371 4151 3485 4191 esse
3505 4152 3621 4191 sus-

2022 4208 2136 4263 icio.
2171 4204 2363 4262 Melius
2393 4211 2571 4261 tamen
2594 4204 2819 4268 faciunt,
2842 4206 2887 4257 si
2918 4206 3078 4259 etiam
3100 4219 3130 4257 a
3162 4204 3348 4258 talium
3378 4220 3437 4259 se
3458 4206 3621 4259 coha-

1916 4255 3620 4343 D51151103;ta'niiiéaat‘saaialm-"qnasigninis;

1984 4350 2133 4404 tinus
2152 4362 2255 4403 nec
2275 4361 2399 4403 cum
2416 4360 2608 4402 sorore
2628 4359 2725 4401 sua
2744 4344 2994 4399 habitare
3013 4344 3375 4409 consenserit,
3398 4344 3615 4400 dicens:

1982 4423 2111 4486 Quae
2136 4432 2258 4473 cum
2290 4431 2482 4472 sorore
2530 4430 2650 4472 mea
2687 4421 2833 4481 sunt,
2874 4427 3107 4486 sorores,
3142 4428 3277 4469 mea:
3321 4427 3430 4486 non
3470 4422 3617 4470 sunt.

1982 4484 2139 4545 Docti
2169 4501 2300 4555 ergo
2331 4487 2433 4543 viri
2475 4486 2708 4552 cautela,
2741 4498 2933 4555 magna
2982 4485 3142 4539 nobis
3171 4499 3291 4540 esse
3320 4484 3485 4555 debet
3515 4487 3623 4540 ins-

1982 4560 2207 4616 tructio.
2236 4554 2374 4613 Nam
2405 4558 2640 4613 incautae
2663 4554 3111 4625 praesumptionis
3148 4562 3250 4623 est,
3283 4555 3431 4624 quod
3463 4554 3625 4611 fortis

2022 4636 2163 4695 avet,
2204 4630 2385 4684 minus
2411 4628 2649 4683 validum
2680 4641 2789 4683 non
2810 4628 3019 4682 timere.
3062 4627 3349 4695 Sapienter
3376 4627 3518 4680 enim
3550 4627 3622 4681 il-

2009 4701 2136 4757 icita
2156 4707 2399 4770 superat,
2423 4700 2516 4768 qui
2548 4698 2808 4770 didicerit
2830 4698 2991 4753 etiam
3018 4710 3127 4752 non
3158 4697 3238 4752 uti
3259 4698 3556 4770 concessis.
3594 4716 3622 4748 »

1988 4774 2117 4828 Haec
2146 4768 2369 4826 sanctus
2394 4769 2689 4839 Gregorius
2710 4768 2811 4839 ille
2836 4782 2996 4837 papa,
3019 4781 3146 4823 vere
3166 4781 3413 4838 magnus,
3438 4774 3492 4821 et
3518 4769 3623 4822 Ec-

1974 4843 2174 4899 clesia:
2204 4843 2403 4898 doctor
2420 4838 2673 4905 eximius,
2704 4838 2901 4909 hisque
2930 4852 3033 4893 nos
3062 4839 3227 4893 etiam
3261 4852 3506 4909 praesens
3536 4852 3626 4893 ca-

1989 4920 2089 4985 put
2111 4914 2225 4969 larti
2257 4914 2368 4983 jam
2398 4911 2617 4967 tandem
2646 4908 3046 4966 concludimus.

1717 5165 2199 5224 «NW

484 5553 719 5610 ΡΑτιιοι..
758 5550 1003 5609 CXLVII.
