4096 6156
521 225 3880 254 ΝΜ-*ψ

1737 405 1927 448 IN'f‘RA
1966 401 2198 446 ANNUM
2238 402 2668 446 MLXXX-MXCV

1290 593 2073 728 SANCTUS
2189 590 3107 722 GERALDUS

1009 866 1791 949 SILVfE-MAJORIS
1865 864 2228 946 PRIMUS
2301 863 2613 944 ABBAS
2687 863 2807 942 ET
2881 862 3405 944 FUNDATOR

1659 1213 1950 1308 VITA
2028 1214 2117 1308 S.
2197 1211 2736 1310 GERALDI

1247 1413 1644 1479 AUCTORE
1692 1413 2112 1477 MONACHO
2159 1412 2585 1477 ANONYMO
2636 1413 3151 1487 SUB/EQUALI

984 1574 1165 1645 (Apud
1195 1574 1419 1658 Maiam.
1447 1575 1582 1626 Acta
1614 1572 1722 1626 SS.
1763 1568 1981 1623 Bened..
2011 1570 2099 1635 IX,
2132 1567 2256 1634 886,
2298 1583 2366 1622 ex
2395 1567 2548 1622 codd.
2581 1583 2702 1624 mss.
2737 1573 2786 1624 et
2814 1569 2990 1642 Aprili
3007 1570 3408 1646 Bollandiano.)

1479 1831 2380 1918 OBSERVATIONES
2446 1831 2918 1916 PRAEVIIE

581 2009 625 2060 1.
669 2009 842 2078 Hujus
864 2008 1006 2064 beati
1029 2007 1242 2062 abbatis
1262 2019 1461 2082 nomen
1485 2004 1823 2060 recentiores
1844 2004 1990 2058 varie
2021 2001 2154 2057 scri-
2167 2010 2219 2068 Α
2238 2001 2564 2074 perhibebat
2614 2001 2934 2058 miraculum
2989 2006 3260 2072 patratum
3309 2000 3510 2068 fuisse;
3571 2021 3596 2049 ι)
3639 2009 3696 2056 et
3734 2014 3880 2058 num.

503 2098 659 2163 bunt,
729 2097 820 2152 alii
886 2098 1089 2168 quippe
1149 2110 1272 2151 eum
1336 2094 1624 2152 Geraldum
1689 2099 1783 2148 aut
1845 2092 2144 2160 Giraldum,

503 2185 751 2241 nonnulli
782 2186 1087 2253 Girardum,
1131 2185 1380 2254 plerique
1424 2184 1721 2239 Gerardum
1763 2182 1922 2251 vulgo
1952 2181 2150 2251 appel-

503 2274 654 2341 lant;
688 2281 744 2329 at
781 2275 837 2330 in
861 2275 1253 2330 vetustioribus
1286 2275 1420 2328 Vitae
1450 2272 1853 2341 exemplaribus
1882 2270 2150 2326 Geraldus

505 2369 822 2418 constanter
851 2363 1072 2419 dicitur.
1113 2363 1478 2418 Consentiunt
1509 2360 1791 2415 Baldricus
1821 2360 1990 2413 abbas
2021 2365 2151 2412 tunc

504 2453 879 2523 Burguliensis
919 2453 974 2508 in
1013 2453 1179 2507 variis
1217 2451 1512 2522 epitaphiis
1557 2464 1680 2519 qua":
1729 2447 1797 2504 ab
1847 2463 1914 2504 eo
1968 2448 2150 2503 statim

509 2549 634 2610 post
696 2542 843 2596 beati
911 2541 1128 2596 Geraldi
1203 2547 1432 2596 mortem
1501 2539 1816 2607 conscripta
1882 2544 2032 2603 sunt,
2088 2552 2152 2592 ac

508 2630 818 2698 Stephanus
865 2630 1228 2685 Tornacensis
1271 2629 1604 2699 episcopus,
1659 2629 1754 2697 qui
1819 2641 2150 2693 sermonem,

508 2720 760 2790 hymnos,
807 2718 1022 2790 aliaque
1083 2719 1139 2774 in
1181 2720 1300 2789 ejus
1346 2717 1637 2774 festivitate
1687 2716 1933 2773 canenda
1981 2716 2155 2772 edidit

509 2807 712 2864 saeculo
745 2809 993 2878 proxime
1024 2809 1298 2878 sequenti.
1349 2809 1461 2863 imo
1492 2807 1550 2862 in
1578 2807 1807 2863 vetustis
1836 2805 2154 2862 monasterii

509 2897 914 2965 Silvae-Majoris
945 2897 1344 2963 instrumentis,
1377 2911 1502 2965 qua;
1541 2910 1670 2952 sane
1703 2894 1936 2964 plurima
1965 2908 2156 2963 super-

510 2992 659 3051 sunt,
693 2991 744 3039 et
776 2999 843 3039 ex
891 2985 978 3038 his
1016 2985 1280 3040 nonnulla
1312 2985 1456 3038 beati
1496 2984 1710 3038 abbatis
1741 2997 1924 3050 manu,
1966 2989 2059 3038 aut
2087 2996 2154 3039 eo

512 3074 757 3128 dictante
808 3078 1046 3138 exarata,
1103 3086 1210 3128 uno
1259 3077 1353 3126 aut
1408 3073 1581 3127 altero
1639 3077 1870 3140 excepto
1929 3071 1985 3125 in
2047 3086 2155 3142 quo

512 3161 792 3215 Geraudus
838 3161 1060 3227 dicitur,
1104 3161 1308 3231 ubique
1359 3160 1623 3216 Geraldus
1670 3161 1910 3230 scriptus
1946 3160 2158 3218 inveni-

515 3258 630 3317 tur;
664 3250 782 3318 ipse
830 3264 958 3306 vero
989 3264 1048 3304 se
1077 3249 1342 3305 Geraldus
1371 3256 1465 3304 aut
1505 3249 1798 3305 Giraudum
1839 3255 2158 3306 constanter

515 3344 816 3407 nuncupat.

589 3427 642 3480 2.
704 3427 832 3496 Ejus
878 3427 1054 3481 Vitam
1104 3425 1378 3496 duplicem
1427 3425 1709 3492 habemus,
1771 3432 2056 3496 utramque
2101 3427 2157 3482 in

519 3514 852 3572 monasterio
892 3515 1300 3584 Silvm-Majoris
1349 3513 1511 3584 paulo
1560 3521 1684 3583 post
1731 3513 1904 3582 ipsius
1951 3515 2159 3570 obitum

518 3605 800 3673 scriptam.
836 3604 1110 3670 Auctoris,
1143 3605 1237 3672 qui
1277 3603 1517 3672 priorem
1549 3601 1743 3667 edidit,
1779 3615 1975 3657 nomen
2006 3603 2162 3672 igno-

519 3702 631 3749 tum
661 3700 782 3758 est;
817 3693 1044 3747 alterius
1068 3691 1309 3761 scriptor
1339 3692 1394 3745 in
1425 3691 1617 3746 codice
1643 3691 1985 3758 Corbeicnsi,
2015 3692 2160 3747 unde

521 3797 638 3837 eam
687 3781 1066 3836 chschenius
1112 3795 1170 3835 se
1218 3781 1475 3836 habuisse
1524 3781 1761 3848 scribit,
1821 3781 2162 3837 Christianus

519 3870 846 3939 appellatur.
882 3871 1121 3938 Uterque
1152 3870 1452 3924 monachus
1480 3868 1602 3936 fuit,
1634 3876 1688 3926 et
1719 3870 1940 3939 quidem
1962 3869 2163 3940 Sylva!-

517 3959 756 4025 Majoris,
810 3957 889 4011 uti
941 3971 1007 4011 ex
1050 3971 1235 4013 earum
1283 3964 1546 4014 contextu
1593 3965 1854 4027 apparet;
1890 3958 2034 4012 unde
2068 3958 2163 4012 mi-

520 4045 628 4098 rari
652 4045 800 4098 subit
831 4045 1069 4112 priorem
1105 4045 1276 4098 Vitam
1299 4046 1366 4099 ab
1397 4045 1625 4099 alterius
1647 4046 1860 4100 editore
1893 4060 2160 4115 nusquam

519 4132 686 4188 fuisse
726 4132 1019 4200 laudatam,
1067 4133 1282 4188 tametsi
1331 4133 1464 4188 nihil
1515 4131 1629 4188 fere
1669 4134 1885 4201 habeat,
1919 4137 2164 4204 exceptis

516 4220 708 4293 paucis
755 4221 1033 4280 miraculis
1079 4221 1148 4276 ad
1199 4222 1345 4277 beati
1393 4221 1494 4276 viri
1546 4222 1858 4292 sepulcrum
1908 4225 2158 4294 patratis,

519 4320 722 4380 praeter
751 4326 814 4367 ea
845 4326 968 4380 quae
996 4312 1050 4366 in
1083 4311 1256 4381 priori
1298 4311 1414 4366 Vita
1442 4316 1497 4365 et
1535 4311 1757 4379 quidem
1787 4311 1960 4367 fusius
1997 4327 2164 4368 enar-

519 4408 728 4456 rantur.
763 4401 910 4456 ldem
951 4400 1277 4470 posterioris
1317 4401 1450 4455 Vita:
1497 4406 1712 4466 auctor,
1752 4415 1901 4456 num.
1936 4401 2025 4469 27,
2069 4404 2164 4458 mi-

523 4489 766 4543 racuium
816 4487 1004 4556 refert,
1045 4488 1214 4559 quod,
1271 4489 1470 4559 inquit,
1505 4502 1534 4543 a
1572 4491 1735 4546 Petro
1766 4491 1961 4546 abbate
2000 4491 2164 4560 hujus

523 4575 630 4632 loci
659 4577 893 4647 septimo
936 4597 963 4630 ‹‹
1005 4577 1212 4649 scripto
1245 4577 1502 4634 traditum
1543 4597 1570 4631 »
1612 4577 1825 4646 fuerat,
1868 4579 2016 4649 quod
2047 4580 2164 4650 qui-

2231 2091 2485 2160 sequenti
2520 2112 2531 2148 :
2571 2111 2594 2142 (ε
2635 2091 2797 2147 Aliud
2848 2104 3068 2163 quoque
3117 2090 3364 2148 miraculi
3403 2105 3580 2160 genus
3625 2088 3884 2159 praefatus

2233 2181 2401 2236 abbas
2449 2181 2642 2236 Petrus
2672 2181 2947 2236 narrabat.
2984 2198 3011 2232 »
3054 2181 3260 2236 Deinde
3298 2180 3444 2234 idem
3483 2186 3699 2245 auctor,
3733 2193 3882 2235 num.

2231 2267 2321 2333 32,
2377 2271 2610 2321 testatur
2648 2281 2710 2322 ea
2743 2267 3004 2322 miracula
3038 2282 3161 2336 quae
3212 2267 3502 2330 enarravit,
3559 2281 3617 2320 se
3656 2267 3725 2320 ab
3762 2265 3886 2320 aliis

2237 2377 2263 2406 ‹‹
2308 2355 2402 2426 qui
2455 2371 2518 2411 ea
2567 2356 2870 2411 certissime
2919 2356 3168 2413 viderant
3207 2363 3261 2412 et
3299 2356 3606 2424 audierant,
3650 2375 3678 2406 »
3721 2370 3885 2411 acce-

2241 2447 2409 2520 pisse.
2459 2447 2613 2514 Quod
2662 2448 2824 2503 Petro
2875 2447 3098 2504 minime
3137 2449 3429 2515 convenit,
3490 2447 3764 2520 siquidem
3827 2461 3888 2502 ea

2236 2536 2354 2604 ipse
2411 2549 2594 2592 coram
2625 2537 2838 2604 positus
2883 2536 3094 2594 viderat
3139 2542 3193 2592 et
3243 2537 3482 2607 propriis
3518 2537 3748 2591 auribus
3784 2549 3888 2592 au-

2236 2624 2433 2678 dierat.
2492 2626 2572 2679 An
2629 2639 2760 2680 vero
2816 2627 3095 2696 posterior
3148 2625 3242 2680 ille
3300 2632 3496 2681 auctor
3535 2625 3720 2679 verbis
3775 2624 3890 2678 illis

2238 2713 2438 2785 quibus
2478 2713 2797 2770 miraculum
2845 2731 2875 2770 a
2922 2717 3084 2772 Petro
3133 2716 3330 2772 abbate
3379 2716 3642 2786 scriptum
3700 2713 3890 2770 laudat

2239 2803 2529 2874 designare
2590 2803 2827 2860 voluerit
2882 2804 3058 2862 Vitam
3113 2806 3352 2874 priorem
3409 2817 3570 2874 quam
3628 2817 3660 2857 a
3723 2804 3891 2860 Petro

2238 2894 2438 2948 abbate
2486 2892 2746 2960 scriptam
2805 2893 3204 2960 existimasset,
3271 2907 3380 2948 non
3437 2893 3567 2947 licet
3615 2892 3889 2947 divinare.

2238 2985 2398 3038 Certe
2459 2983 2661 3052 prioris
2707 2983 2856 3037 illius
2913 2983 3048 3039 Vitae
3096 2989 3326 3050 auctor,
3368 2981 3619 3052 quisquis
3667 2980 3892 3036 tandem

2239 3070 2425 3138 fuerit,
2459 3087 2724 3144 nusquam
2770 3072 2940 3128 ullum
2984 3072 3126 3128 Petri
3156 3072 3419 3142 scriptum
3466 3070 3535 3126 de
3585 3070 3733 3126 beati
3781 3072 3893 3125 Ge-

2239 3161 2378 3218 raldi
2409 3161 2688 3218 miraculis
2736 3161 3074 3228 memoravit,
3109 3177 3229 3228 nec,
3253 3162 3300 3218 si
3329 3159 3626 3230 aliquando
3660 3159 3894 3230 aliquod

2239 3251 2539 3315 exstiterit,
2580 3250 2647 3305 ad
2680 3256 3027 3318 posterorum
3058 3249 3372 3305 memoriam
3407 3251 3674 3318 pervenit.
3718 3253 3895 3306 Caete—

2180 3353 2365 3410 Brum
2406 3346 2609 3412 praeter
2643 3339 2783 3395 duos
2814 3340 2941 3397 illos
2971 3347 3243 3406 auctores,
3279 3339 3424 3394 beati
3452 3337 3672 3393 Geraldi
3719 3341 3894 3394 Vitam

2242 3430 2466 3500 scripsit
2518 3431 2757 3485 Joannes
2803 3443 2834 3484 a
2884 3429 3086 3495 Guisia,
3137 3427 3284 3484 beati
3339 3427 3614 3484 Vincentii
3675 3429 3892 3484 Laudu-

2244 3519 2432 3575 nensis
2472 3518 2680 3574 saeculo
2730 3517 2946 3576 decimo
3003 3523 3201 3587 quarto
3241 3523 3475 3576 exeunte
3527 3517 3742 3583 abbas;
3801 3517 3891 3573 sed

2245 3608 2364 3664 haec
2403 3608 2522 3662 Vita
2551 3607 2687 3661 nihil
2727 3607 2875 3661 aliud
2907 3613 2990 3662 est
3036 3620 3197 3674 quam
3231 3607 3432 3675 prioris
3461 3607 3598 3662 Vita}
3629 3620 3894 3676 compen—

2245 3697 2414 3752 dium.
2449 3698 2526 3751 Ex
2554 3695 2640 3750 his
2671 3697 2909 3765 priorem
2959 3696 3132 3749 Vitam
3172 3695 3364 3750 damus
3408 3695 3475 3749 ad
3523 3695 3757 3750 codices
3788 3703 3893 3751 tres

2247 3791 2531 3850 exactam;
2584 3783 2878 3839 secundam
2938 3783 3108 3840 habes
3163 3782 3306 3852 apud
3355 3781 3773 3839 Bollandiauos.
3823 3785 3890 3838 De

2247 3873 2496 3930 Baldrico
2540 3877 2597 3930 et
2642 3873 2765 3928 aliis
2811 3872 3151 3939 auctoribus,
3203 3873 3295 3941 qui
3342 3871 3557 3928 beatum
3599 3871 3891 3928 Geraidum

2246 3961 2370 4017 data
2402 3963 2692 4018 occasione
2733 3962 3119 4026 celebrarunt,
3171 3960 3400 4015 inferius
3439 3961 3692 4018 nonnihil
3748 3962 3893 4016 dice-

2246 4066 2384 4107 mus.
2425 4055 2492 4106 At
2549 4051 2732 4105 mirari
2782 4051 2928 4105 subit
2984 4051 3174 4105 ambos
3211 4052 3329 4120 ejus
3369 4051 3505 4105 Vita:
3535 4051 3887 4120 scriptores:

2247 4141 2340 4209 qui
2389 4141 2445 4194 in
2511 4139 2866 4212 Silva-Majori
2917 4138 3206 4205 vixerunt,
3265 4137 3401 4194 nihil
3458 4137 3574 4193 fere
3626 4138 3697 4194 de
3751 4138 3890 4195 beati

2245 4229 2460 4284 abbatis
2518 4230 2572 4284 in
2629 4229 2725 4286 illo
2766 4229 3100 4284 monasterio
3150 4227 3412 4296 praeclare
3449 4230 3624 4297 gestis
3662 4228 3889 4284 dixisse.

2244 4320 2420 4385 Quare
2450 4319 2618 4373 visum
2653 4324 2735 4372 est
2767 4317 2928 4387 paulo
2974 4316 3150 4372 fusius
3187 4317 3255 4371 de
3304 4317 3376 4386 iis
3422 4331 3608 4387 agere,
3661 4320 3892 4375 maxime

2247 4405 2314 4460 de
2361 4407 2479 4476 ejus
2527 4405 2762 4460 instituti
2803 4406 2859 4460 in
2897 4407 3074 4460 varias
3116 4405 3428 4476 provincias
3467 4408 3891 4477 prOpagatione,

2246 4509 2369 4564 qum
2403 4495 2522 4565 ipso
2561 4495 2741 4550 adhuc
2769 4496 3087 4564 superstite,
3134 4501 3192 4550 ut
3223 4499 3370 4564 patet
3401 4509 3466 4551 ex
3496 4495 3665 4551 variis
3694 4496 3894 4554 instru-

2247 4583 2468 4649 mentis,
2501 4582 2642 4638 facta
2690 4591 2796 4639 est.
2839 4583 2944 4640 Sed
2978 4584 3130 4653 prius
3166 4584 3435 4653 agendum
3486 4585 3680 4652 paucis
3710 4595 3802 4643 est
3831 4589 3894 4644 de

523 4667 644 4722 dem
685 4667 1026 4733 miraculum,
1058 4681 1182 4721 cum
1236 4667 1292 4720 in
1342 4667 1513 4734 priori
1565 4667 1703 4732 Vita,
1745 4680 1894 4722 num.
1935 4667 2042 4734 30,.
2069 4669 2365 4741 ha-Cejus
2413 4673 2480 4727 ad
2520 4673 2702 4727 Sancti
2743 4673 2984 4727 Medardi
3037 4673 3311 4728 abbatiam
3369 4673 3687 4744 electione,
3748 4676 3894 4748 quod

523 4754 736 4822 beatur,
777 4769 1053 4810 nonnemo
1119 4754 1388 4824 suspicari
1446 4761 1633 4824 posset
1689 4757 1908 4810 Petrum
1948 4757 2016 4810 ab
2055 4756 2162 4813 isto

523 4843 799 4898 laudatum
832 4845 1022 4913 primae
1055 4843 1189 4898 Vita:
1227 4848 1508 4900 auctorem
1542 4841 1730 4909 fuisse,
1766 4843 1911 4899 hunc
1950 4845 2163 4901 scilicet

519 4930 718 4999 ipsum,
753 4932 845 5000 qui
881 4946 910 4984 a
941 4931 1102 4986 beato
1149 4931 1378 4988 Geraldo
1428 4932 1484 4987 in
1525 4933 1850 4988 monachum
1882 4941 2158 5003 receptus,

520 5022 639 5088 ejus
667 5025 859 5088 postea
907 5018 1243 5088 capellanus,
1286 5035 1348 5073 ac
1397 5021 1616 5074 tandem
1658 5027 1816 5075 aetate
1851 5024 1959 5090 jam
2001 5036 2161 5090 gran-

517 5108 704 5163 duavus
733 5109 998 5177 septimus
1030 5107 1133 5162 fuit
1180 5108 1588 5176 Silvze-Majoris
1625 5109 1813 5163 abbas.
1857 5112 1923 5163 At
1953 5110 2164 5178 quomi-

519 5211 621 5250 nus
670 5197 725 5251 id
784 5197 1135 5252 admittamus
1193 5197 1302 5251 duo
1373 5197 1714 5266 potissimum
1753 5198 1993 5252 obstant.
2046 5199 2164 5252 Pri-

519 5299 686 5350 mum,
722 5286 868 5354 quod
909 5287 1112 5356 prioris
1151 5286 1299 5341 illius
1337 5287 1474 5340 Vitm
1512 5292 1706 5340 auctor
1742 5287 1959 5341 Petrum
1983 5287 2159 5356 ipsum

522 5374 723 5440 passim
797 5375 1000 5430 laudat.
1083 5377 1294 5440 Petrus,
1356 5375 1556 5444 inquit,
1617 5388 1766 5429 num.
1836 5375 1924 5442 28,
1993 5376 2160 5430 multa

523 5461 591 5515 de
631 5464 750 5530 ejus
807 5465 1002 5531 (sancti
1049 5464 1282 5535 Geraldi)
1322 5463 1664 5519 mirabilibus
1709 5463 1991 5532 referens,
2053 5466 2159 5522 tale

2247 4760 2497 4817 nonnulli
2531 4775 2644 4816 eam
2681 4761 2734 4815 in
2765 4761 2990 4816 dubium
3020 4776 3277 4820 revocare
3308 4777 3417 4818 non
3450 4773 3773 4821 vereantur.

2315 4850 2368 4905 3.
2410 4850 2585 4905 Testis
2624 4855 2703 4904 est
2743 4850 3043 4916 Lisiardus,
3088 4866 3185 4906 seu
3233 4853 3418 4922 potius
3473 4853 3788 4924 Iiariulfus,
3843 4855 3894 4909 in

2245 4939 2362 4996 Vita
2427 4939 2601 4998 sancti
2657 4938 2863 4996 Arnulii
2923 4941 3171 5009 episcopi
3227 4941 3666 5007 Suessioneusis,
3730 4958 3894 5014 quam

2243 5042 2408 5096 supra
2438 5028 2505 5082 ad
2553 5041 2754 5083 annum
2807 5028 2943 5080 1087
2992 5029 3285 5095 edidimus,
3320 5031 3538 5084 beatum
3593 5033 3895 5088 Geraidum

2245 5117 2300 5170 in
2360 5116 2610 5170 abbatem
2677 5117 2860 5171 Sancti
2927 5117 3166 5172 Medardi
3235 5119 3692 5183 Suessionensis,
3776 5129 3894 5192 post

2243 5204 2419 5273 ipsius
2445 5204 2651 5259 Arnulli
2681 5205 3087 5261 abdicationem
3119 5206 3352 5262 electum
3385 5207 3571 5263 fuisse.
3607 5210 3666 5264 id
3709 5218 3892 5266 tamen

2243 5292 2558 5348 inﬁciantur
2587 5295 2924 5349 recentiores
2957 5295 3225 5359 nonnulli,
3259 5297 3406 5366 quod
3448 5299 3566 5365 ejus
3596 5297 3894 5354 electionis

2243 5380 2390 5434 nulla
2416 5382 2471 5435 in
2502 5381 2714 5436 duabus
2744 5383 2887 5437 beati
2939 5383 3155 5438 Geraldi
3194 5383 3332 5438 Vitis
3362 5378 3567 5442 mentio
3607 5395 3892 5450 occurrat,

2240 5470 2350 5525 imo
2408 5484 2510 5525 nec
2575 5471 2628 5525 in
2689 5471 2816 5527 ullis
2871 5472 3287 5542 Silvae-Maioris
3333 5477 3743 5544 monumentis,
3802 5477 3895 5532 ubi
