4096 6156
170 243 317 301 1005
368 242 375 247 ’
693 251 746 305 S.
788 251 1077 307 GERALDI
1112 254 1390 315 ABBATIS
1425 257 1949 319 SILVE-MAJORIS
1986 261 2157 321 VITA.
2199 291 2269 303 —
2306 263 2670 322 OBSERVAT.
2710 266 3017 325 PRAEVUE.
3411 270 3548 328 1006

158 376 353 429 tamen
384 384 493 429 non
533 385 706 463 pauca
735 381 1052 444 supersunt,
1076 377 1133 433 in
1173 379 1374 448 quibus
1402 382 1520 451 ipse
1548 383 2134 456 GeraldusAaliquod
2198 385 2448 456 facessit,
2508 390 2603 459 qui
2668 388 2849 449 locum
2881 391 2935 447 in
2994 404 3104 463 quo
3155 396 3547 451 monasterium

159 465 404 550 testatur
466 476 527 519 se
555 504 571 531 ,
640 462 868 520 dimisso
906 465 1089 525 Sancti
1156 468 1427 529 Vincentii
1494 474 1813 533 monasterii
1908 473 2225 533 struebatur
2261 475 2367 534 sibi
2396 476 2616 535 volebat
2642 477 2942 547 vindicare,
2976 462 3128 550 quod
3179 495 3321 537 unus
3358 497 3386 537 e
3433 484 3549 540 suis

158 548 551 640 Lauduueusis
605 550 901 625 regimine,
944 558 1069 622 post
1104 557 1280 613 varias
1330 559 1821 629 peregrinationes,
1907 562 2193 621 monachis
2235 562 2407 629 illum,
2441 566 2781 625 concedente
2838 548 3201 629 Ermeutrude
3259 577 3544 640 matrona,

160 651 295 710 quae
361 638 416 692 in
485 642 716 713 utraque
767 640 887 698 Vita
935 641 1254 715 singillatim
1319 652 1698 717 recensentur,
1767 648 1823 703 in

156 725 513 799 Aquitaniam
580 728 932 798 pervenisse,
999 731 1155 803 Ηυεο
1212 733 1537 804 Menardus,
1605 735 1699 805 qui
1767 735 1821 792 in

160 814 653 875 observationibus
691 816 760 871 ad
792 818 1239 889 Martyrologium
1280 822 1697 881 Benedictinum
1751 824 1819 883 ad

160 903 314 961 diem
346 904 594 977 quintam
623 905 828 977 Aprilis
858 905 1006 962 hunc
1036 907 1174 964 Vite
1203 910 1379 979 sancti
1398 910 1606 969 Aruulii
1637 911 1820 971 locum

158 991 378 1061 laudat,
435 993 617 1051 innuit
672 994 820 1053 hunc
882 994 1064 1055 locum
1122 997 1191 1055 de
1248 1003 1439 1057 sancto
1477 1000 1709 1059 Geraldo
1749 1001 1817 1059 ad

160 1081 618 1141 Suessionensem
684 1083 958 1142 abbatiam
1025 1084 1204 1143 electo
1270 1087 1337 1145 ab
1395 1089 1818 1149 amanuensibus

157 1170 411 1229 additum
469 1170 661 1243 fuisse,
702 1173 851 1244 quod
912 1174 1069 1244 nihil,
1112 1176 1311 1247 inquit,
1371 1176 1427 1232 iu
1467 1179 1586 1237 Vita
1640 1180 1816 1239 sancti

159 1259 387 1317 Geraldi
425 1259 604 1317 simile
653 1262 985 1331 reperiatur.
1032 1265 1101 1321 At
1139 1266 1474 1336 conjecturae
1504 1266 1634 1326 huic
1674 1281 1812 1325 con-

160 1348 391 1407 tradicit
419 1355 665 1408 veterum
694 1348 949 1410 codicum
980 1353 1304 1422 auctoritas,
1350 1354 1417 1411 ad
1459 1368 1601 1426 quos
1638 1357 1814 1417 Vitam

156 1437 313 1497 beati
341 1436 549 1495 Arnuiii
599 1437 955 1506 contulimus,
1008 1440 1064 1499 in
1113 1442 1317 1512 quibus
1372 1444 1628 1503 omnibus
1666 1445 1813 1503 beati

159 1525 420 1597 Geraldi,
494 1527 589 1598 qui
655 1533 850 1605 postea
914 1527 1325 1600 Silvae-Maioris
1388 1533 1473 1593 in-
1520 1534 1812 1604 Aquitania

161 1616 487 1674 monasterii
524 1623 719 1673 auctor
754 1616 877 1685 fuit,
930 1618 997 1675 ad
1054 1620 1238 1680 Sancti
1297 1621 1536 1681 Medardi
1569 1624 1809 1693 regimen

1906 649 2225 721 aliquandiu
2283 652 2660 709 inhabitasset.
2704 654 2900 713 Atille
2957 671 3119 713 causa
3174 658 3394 717 cecidit.
3436 662 3550 727 Qua

1904 753 2035 801 vero
2064 741 2279 799 ratione
2303 742 2570 801 Geraldus
2598 742 2748 803 illum
2778 744 2997 803 tandem
3030 745 3189 815 plene
3223 747 3544 816 obtinuerit,

1904 841 1971 887 ex
2008 829 2295 898 ipsiusmet
2324 832 2660 898 narratione,
2703 848 2827 903 quat
2875 833 2932 893 in
2980 834 3264 895 (Ibartario
3314 836 3546 893 Silvensi

1902 916 2156 987 habetur,
2188 920 2570 992 accipiendum
2597 926 2700 979 est.

1976 1115 2001 1143 α
2033 1096 2187 1163 Cum,
2229 1097 2431 1167 inquit,
2458 1110 2560 1167 ego
2606 1097 2891 1170 Geraldus,
2935 1098 3063 1157 licet
3092 1100 3339 1171 indigne,
3372 1103 3542 1160 abbas

1899 1184 2241 1253 appellatus,
2315 1187 2547 1256 primum
2602 1187 2658 1245 in
2723 1187 3215 1257 Silvam-Majorem
3271 1192 3539 1250 venissem

1898 1286 2022 1333 cum
2052 1274 2519 1335 commilitonibus
2544 1275 2700 1344 meis,
2733 1281 2788 1335 et
2815 1276 2873 1333 in
2910 1277 3056 1341 loco,
3096 1279 3191 1351 qui
3235 1279 3539 1353 antiquitus

1896 1362 2206 1433 appellatus
2234 1370 2317 1420 est
2353 1365 2772 1434 Altus-Villaris,
2799 1366 2960 1425 nobis
2988 1380 3272 1429 remanere
3303 1369 3539 1441 placuis-

1896 1456 2000 1520 set,
2032 1453 2384 1521 quaesivimus
2414 1468 2765 1524 possessores
2802 1454 2909 1513 loci
2950 1456 3143 1526 ipsius,
3188 1462 3247 1513 ut
3286 1458 3538 1528 ipsorum

1896 1542 2254 1603 concessione
2285 1543 2362 1603 ibi
2394 1543 2641 1605 habitare
2673 1558 2974 1613 possemus.
3010 1546 3137 1605 Erat
3174 1545 3395 1617 quidam
3434 1548 3537 1616 vir,

1895 1630 2116 1690 nomine
2155 1628 2447 1702 Autgerius
2483 1631 2553 1688 de
2582 1632 2774 1703 Rions,
2807 1635 2966 1701 cujus
3002 1638 3120 1693 erat
3147 1633 3321 1704 ipsius
3348 1634 3538 1691 allodii

162 1703 366 1797 electio
395 1705 803 1797 iisdem‘verbis
830 1712 995 1797 atque
1025 1708 1220 1769 eodem
1252 1710 1417 1770 modo
1446 1710 1801 1773 describitur.
1822 1714 1870 1776 B
1894 1719 2177 1788 medietas,
2220 1734 2343 1779 nam
2401 1720 2634 1783 ulterius
2671 1720 2982 1783 medietatis
3028 1703 3183 1781 multi
3241 1724 3539 1797 participes

92 1799 99 1805 '
164 1794 339 1851 Porro
405 1793 683 1853 Lisiardus
749 1795 844 1865 qui
910 1796 1052 1857 hanc
1108 1799 1281 1857 Vitam
1340 1802 1688 1871 reCOgnovit,
1757 1810 1811 1858 et

165 1882 463 1950 Hariulfus,
522 1884 734 1952 primus
798 1886 919 1955 ejus
972 1892 1186 1954 auctor,
1244 1888 1423 1949 beatis
1473 1889 1700 1948 Arnulfo
1758 1897 1814 1949 et

161 1972 396 2032 Geraldo
435 1971 677 2042 aequales
711 1971 887 2043 fuere,
929 1981 983 2033 et
1014 1976 1255 2046 utrique,
1284 1976 1363 2037 uti
1394 1978 1673 2047 conjicere
1703 1985 1807 2047 est,

163 2076 275 2122 non
302 2061 501 2133 ignoti.
532 2061 813 2121 Lisiardus
840 2063 1069 2134 quippe,
1094 2065 1240 2123 beati
1269 2066 1476 2123 Arnulli
1505 2067 1811 2138 discipulus

162 2158 219 2209 et
254 2150 325 2209 ab
364 2165 432 2207 eo
461 2151 517 2208 in
548 2151 946 2211 subdiaconum
987 2153 1274 2214 ordinatus
1310 2155 1455 2224 apud
1487 2157 1811 2219 Suessiones

162 2248 281 2301 erat
317 2240 424 2297 hoc
462 2240 585 2311 ipso
625 2248 873 2312 tempore
939 2256 1050 2313 quo
1113 2242 1379 2303 Geraldus
1434 2244 1489 2300 in
1553 2246 1808 2307 abbatem

160 2331 346 2389 Sancti
376 2329 620 2389 Medardi
650 2330 859 2391 electus
898 2330 1065 2393 fuisse
1106 2332 1328 2393 dicitur.
1371 2333 1650 2397 Hariulfus
1678 2350 1808 2394 vero

161 2420 307 2489 apud
364 2418 668 2486 Centulam,
728 2421 823 2480 ubi
888 2420 1052 2479 vitam
1109 2423 1467 2481 monasticam
1528 2422 1809 2492 professus

161 2516 268 2575 est,
310 2509 645 2575 morabatur,
687 2509 921 2569 Geraldo
969 2510 1114 2580 apud
1152 2510 1439 2569 Corbeiam
1486 2512 1806 2573 monasterii

161 2596 383 2667 negotia
434 2604 563 2655 tunc
620 2599 886 2668 temporis
934 2604 1287 2669 procurante.
1336 2600 1457 2658 Non
1504 2600 1690 2670 itaque
1738 2600 1806 2659 de

160 2688 264 2744 hac
311 2686 586 2747 electione
640 2688 895 2748 dubitare
934 2687 1103 2754 licet;
1163 2693 1220 2747 at
1276 2687 1435 2749 facile
1474 2689 1806 2750 crediderim

159 2775 449 2835 Geraldum
516 2776 682 2846 hujus
743 2777 978 2836 abbatis:
1055 2776 1461 2846 possessionem
1526 2792 1805 2848 nunquam

157 2866 386 2933 iniisse;
420 2867 749 2936 prohibente
778 2867 993 2927 scilicet
1029 2867 1227 2925 Pontio
1275 2867 1595 2929 monasterii
1644 2868 1804 2931 inva-

1897 1814 2091 1877 erant;
2134 1808 2232 1871 sed
2270 1809 2339 1865 ad
2378 1809 2558 1879 ipsum
2614 1809 2928 1880 Autgerium
2980 1809 3193 1880 justitia
3231 1815 3288 1867 et
3325 1810 3540 1871 decima

1895 1897 2066 1957 totius
2094 1896 2283 1959 allodii
2315 1898 2688 1967 pertinebant.
2728 1899 2830 1953 ilic
2859 1898 3046 1968 itaque
3095 1898 3406 1971 Antgerius,
3449 1898 3539 1959 di-

1892 1986 2016 2047 vina
2046 1986 2410 2056 inspiratione
2440 1992 2772 2056 praeventus,
2795 1986 3067 2058 quidquid
3093 1986 3147 2048 in
3177 1987 3300 2058 ipso
3331 1986 3537 2047 allodio

1891 2072 2131 2135 habebat
2163 2075 2324 2135 nobis
2363 2075 2605 2137 donavit.
2651 2074 2915 2135 Similiter
2962 2074 3230 2135 Olivarius
3259 2075 3328 2133 de
3366 2077 3538 2132 Turre

1892 2167 1948 2215 et
1985 2160 2184 2217 fratres
2245 2165 2365 2232 ejus
2411 2163 2731 2223 Guillelmus
2768 2162 3093 2230 Guilfraudi,
3136 2169 3192 2219 et
3227 2164 3499 2223 Arnaldus
3525 2206 3541 2231 ,

1890 2250 2167 2312 Ostendus
2204 2264 2425 2322 quoque
2465 2257 2522 2306 et
2560 2250 2879 2309 Bontefusus
2917 2251 2985 2307 de
3024 2256 3215 2311 sancto
3255 2252 3535 2318 Severino,

1896 2343 1950 2395 et
1969 2338 2066 2399 alii
2097 2338 2339 2410 plurimi,
2362 2340 2456 2409 qui
2489 2346 2698 2409 partem
2730 2339 3037 2401 clamabant
3067 2339 3123 2397 in
3155 2341 3276 2410 ipso
3306 2340 3536 2409 allodio,

1892 2426 2164 2497 quidquid
2196 2426 2273 2483 ibi
2304 2427 2581 2487 habebant
2608 2428 2782 2484 libere
2814 2428 2975 2489 nobis
3004 2427 3363 2484 donaverunt.
3390 2431 3539 2485 Inter

1889 2529 2029 2586 quos
2068 2515 2318 2585 quaedam
2376 2522 2624 2577 matrona
2692 2515 2814 2584 fuit,
2873 2515 3094 2575 nomine
3150 2518 3538 2587 Ermengardis

1887 2603 1956 2665 de
1992 2603 2207 2671 Gistris,
2249 2618 2373 2673 qua:
2443 2606 2605 2664 etiam
2665 2610 2876 2676 partem
2940 2618 3092 2665 suam
3160 2605 3321 2661 nobis
3360 2605 3535 2663 dedit.

1889 2690 1996 2749 Sed
2036 2690 2157 2752 haec
2194 2697 2444 2749 matrona
2500 2690 2558 2751 in
2616 2693 2719 2751 hac
2774 2707 2872 2749 sua
2928 2699 3082 2762 parte
3141 2692 3537 2753 habitationem

1890 2779 2120 2839 dederat
2184 2780 2399 2839 cuidam
2475 2782 2745 2843 monacho
2811 2781 3178 2839 Malliacencis
3244 2783 3484 2841 ccenobii
3517 2825 3532 2851 ,

1888 2868 2188 2929 solitariam
2220 2869 2381 2925 vitam
2439 2870 2643 2931 ducere
2682 2869 2907 2937 volenti,
2951 2884 3013 2925 ea
3053 2876 3255 2940 tamen,
3289 2876 3350 2925 ut
3386 2869 3534 2929 fere-

156 2968 321 3021 sore,
388 2955 483 3025 qui
543 2957 718 3016 Bertae
784 2956 990 3026 regium
1048 2956 1261 3025 potenti
1313 2954 1524 3023 fretus,
1584 2957 1803 3017 beatum
1842 3034 1847 3035 ί
1891 2958 2069 3029 batur,
2112 2957 2454 3025 conditione.
2516 2957 2759 3035 quandiu
2810 2958 2886 3015 ibi
2924 2958 3187 3015 voluisset
3244 2957 3530 3015 habitare:

160 3044 336 3104 virum
377 3045 704 3105 exturbavit.
745 3046 858 3107 Nec
906 3045 1066 3116 plura
1108 3046 1339 3108 innuere
1367 3047 1586 3107 videtur
1608 3034 1984 3116 auctoquui
2023 3061 2147 3109 cum
2205 3047 2282 3109 ibi
2340 3034 2589 3107 habitare
2646 3046 2928 3118 coepisset,
2986 3060 3051 3102 ac
3107 3048 3409 3105 oratorium
3465 3048 3534 3104 de

157 3134 295 3190 Vitae
342 3135 519 3193 sancti
565 3134 795 3193 Arnulli.
846 3135 1001 3194 Unde
1051 3136 1248 3195 mirum
1286 3149 1397 3197 non
1448 3142 1533 3195 est
1580 3136 1626 3190 si
1671 3136 1804 3195 Vita:
1889 3141 2036 3193 terra
2064 3134 2306 3204 iecisset,
2367 3135 2525 3197 locus
2580 3136 2699 3209 ipse
2738 3134 2807 3191 ad
2844 3134 3173 3193 manendum
3214 3134 3294 3193 illi
3334 3135 3533 3206 displi-

153 3222 304 3281 beati
336 3222 553 3281 Geraldi
582 3224 908 3292 scriptores,
949 3224 1059 3283 imo
1108 3232 1163 3280 et
1190 3225 1310 3293 ipse
1355 3224 1642 3289 Geraldus.
1684 3224 1807 3281 ele-
1887 3225 2021 3290 cuit,
2063 3225 2571 3296 habitationemqne
2611 3225 2666 3281 in
2707 3224 2817 3281 alio
2857 3223 3141 3285 territorio
3180 3225 3428 3293 mutavit,
3469 3240 3534 3281 ac

153 3311 359 3371 ctionis
404 3312 569 3381 hujus
623 3327 892 3382 nusquam
951 3313 1323 3379 meminerint,
1385 3328 1549 3383 quam
1608 3328 1804 3383 nempe
1887 3312 2061 3381 ipsum
2122 3313 2409 3383 capellam,
2467 3328 2631 3384 quam
2671 3312 2897 3378 fecerat,
2950 3312 3219 3369 deserturi
3260 3312 3528 3383 permisit.

153 3414 586 3461 commemorare
650 3402 787 3462 nihil
860 3402 1145 3463 intererat.
1204 3404 1336 3463 Nam
1399 3403 1664 3463 Geraldus
1735 3402 1804 3461 ad
1888 3401 1990 3459 Hic
2017 3416 2143 3459 cum
2171 3403 2417 3463 audisset
2452 3401 2603 3470 quod
2638 3401 2799 3459 nobis
2839 3405 3011 3457 totum
3050 3398 3311 3455 allodium
3351 3398 3529 3461 dona-

155 3492 477 3551 monasterii
537 3492 784 3561 regimen
844 3505 1123 3560 nunquam
1178 3492 1472 3559 admissus,
1541 3492 1678 3555 nihil
1726 3493 1804 3553 ibi
1888 3494 2001 3549 tum
2033 3496 2199 3556 esset,
2239 3504 2343 3549 nec
2398 3503 2496 3545 sua
2534 3488 2803 3558 particula
2841 3491 3070 3559 excepta
3125 3485 3338 3555 fuisset,
3397 3488 3533 3544 abiit

156 3585 463 3638 memoratu
483 3580 708 3650 dignum
738 3594 901 3649 agere
933 3581 1133 3649 potuit,
1163 3580 1315 3650 quod
1345 3595 1375 3637 a
1406 3582 1541 3641 Vitae
1569 3581 1805 3651 scripto-
1885 3579 1953 3637 ad
1995 3593 2154 3639 suum
2193 3579 2468 3647 abbatem,
2501 3578 2722 3639 nomine
2762 3578 3089 3645 Drogonem,
3130 3575 3321 3645 reique
3359 3582 3529 3651 gestae

154 3668 315 3726 ribus
351 3674 745 3733 enarraretur;
788 3682 911 3727 cum
959 3681 1089 3727 vero
1146 3681 1211 3727 ea
1267 3668 1645 3729 tantummodo
1684 3668 1801 3737 ipse
1885 3666 1967 3727 illi
2007 3667 2274 3727 indicavit
2311 3667 2582 3727 ordinem.
2625 3666 2725 3733 Qui
2764 3664 2936 3720 abbas
2968 3664 3037 3719 ad
3095 3662 3390 3723 concilium
3429 3678 3527 3720 ve-

152 3754 423 3813 Geraldus
472 3758 529 3814 in
587 3757 969 3817 instrumentis
1006 3757 1415 3833 Silvae-Majoris
1481 3757 1799 3825 scripserit,
1885 3756 1986 3822 nit,
2020 3758 2169 3825 quod
2200 3772 2268 3815 eo
2300 3763 2549 3825 tempore
2587 3757 2645 3815 in
2682 3752 3061 3825 Burdigalensi
3111 3752 3247 3813 urbe
3298 3751 3421 3823 fuit,
3463 3767 3528 3813 ac

153 3858 283 3912 quae
354 3851 480 3913 post
539 3844 850 3905 abdicatam
916 3846 1336 3905 Laudunensem
1402 3845 1673 3913 abbaliam
1748 3845 1798 3902 ei
1881 3845 1951 3903 de
1982 3846 2144 3905 nobis
2182 3846 2330 3916 quod
2370 3845 2620 3903 ecclesiae
2647 3859 2762 3907 sum
2794 3842 3199 3914 possessionem
3238 3841 3529 3903 invasisse-

150 3932 526 4002 coutigerant.
585 3934 723 3993 nihil
772 3935 842 3993 de
898 3934 991 3994 illa
1039 3935 1108 3993 ad
1166 3933 1558 3991 monasterium
1614 3934 1799 3993 Sancti
1882 3948 2004 3993 mus
2056 3935 2136 3995 ibi
2173 3935 2576 4005 querimoniam
2616 3932 2766 3993 fecit.
2806 3936 2875 3991 At
2912 3946 3014 3989 nos
3068 3931 3242 4002 magis
3279 3930 3527 3989 volentes

154 4020 399 4078 Medardi
437 4021 711 4081 electione
767 4023 952 4081 dicere
1006 4022 1218 4088 debuit,
1259 4037 1384 4092 quae
1450 4022 1800 4081 verisimilius
1880 4025 2067 4083 omnia
2119 4024 2433 4094 relinquere
2498 4038 2661 4093 quam
2725 4022 3027 4092 quidquam
3064 4034 3187 4076 cum
3253 4019 3349 4081 lite
3387 4021 3528 4079 reti-

151 4109 300 4167 facta
338 4110 555 4169 videtur
589 4118 716 4170 ante
763 4111 905 4170 hanc
955 4111 1382 4180 abdicationem,
1433 4127 1556 4171 cum
1604 4126 1797 4171 mona-
1880 4127 2034 4179 nere,
2086 4114 2292 4183 quippe
2351 4114 2444 4183 qui
2504 4118 2694 4171 nostra
2732 4111 3137 4177 dimiseramus,
3188 4123 3289 4180 pro
3329 4110 3525 4181 acqui-

152 4198 387 4257 chorum
417 4213 643 4257 suorum
673 4200 1014 4259 infidelitatis
1042 4206 1313 4269 pertaesus
1358 4200 1427 4259 de
1475 4200 1581 4259 loci
1623 4207 1799 4261 muta-
1880 4202 2051 4263 renda
2090 4217 2224 4272 pace
2282 4203 2593 4273 rogavimus
2631 4202 2892 4261 domuum
2929 4203 3178 4259 Amatum
3215 4200 3524 4255 Romanum

152 4288 308 4345 tione
348 4288 635 4360 cogitaret.
670 4291 965 4359 Utriusque
1011 4289 1157 4347 enim
1204 4290 1343 4350 Vita:
1387 4296 1583 4353 auctor
1630 4290 2138 4361 cumulegatum,
2200 4306 2265 4348 ac
2303 4293 2562 4353 domuum
2601 4290 2947 4349 Guillelmum
2995 4301 3206 4357 magnae
3244 4288 3523 4349 memoriae

146 4377 383 4435 dimisso
419 4351 834 4437 vLaudunensis
875 4351 1209 4438 monasterii
1265 4351 1551 4451 regimine,
1613 4351 2186 4449 statimDAqnitauiae
2223 4351 2442 4438 ducem
2476 4380 2842 4447 comitemque
2909 4351 3303 4440 Pictavensem,
3364 4375 3524 4444 cujus

143 4466 359 4522 abiisse
396 4474 865 4535 commemorant;
897 4467 1052 4525 addit
1081 4468 1341 4525 secundae
1386 4470 1523 4527 Vita:
1570 4475 1795 4535 auctor,
1877 4469 2114 4525 consilio
2145 4474 2200 4525 et
2236 4470 2441 4526 auxilio
2471 4469 2528 4525 in
2568 4467 2834 4537 praedicto
2872 4464 2997 4525 leco
3044 4475 3518 4531 remanseramus,

143 4555 207 4611 id
252 4568 284 4610 a
328 4556 561 4613 Geraldo
618 4556 819 4613 factum
875 4554 1063 4623 fuisse,
1106 4563 1166 4612 ut
1203 4557 1273 4615 ad
1303 4570 1545 4616 eremum
1582 4570 1795 4614 senon.
1877 4562 2150 4627 quatenus
2178 4557 2259 4613 illi
2305 4558 2374 4614 ab
2421 4558 2544 4627 ipso
2598 4557 2795 4619 abbate
2852 4555 3211 4623 impetrarent
3249 4558 3308 4608 ut
3347 4551 3521 4623 ipsam

142 4642 346 4699 ferret.
412 4644 516 4699 Sed
582 4644 651 4699 de
716 4648 835 4715 ejus
889 4645 1033 4715 apud
1103 4645 1596 4714 Silvam-Maiorem
1624 4646 1796 4715 gestis
1878 4646 2202 4715 particulam
2232 4648 2395 4704 nobis
2423 4660 2547 4703 cum
2577 4660 2711 4716 pace
2742 4643 3066 4709 dimitteret,
3090 4639 3236 4699 unde
3265 4635 3523 4699 videlicet

141 4732 322 4790 modo
349 4733 622 4802 agendum
651 4740 757 4791 est.
1880 4733 2017 4790 nihil
2048 4735 2278 4804 proﬁcui
2309 4736 2561 4800 haberet,
2601 4749 2703 4792 nec
2742 4733 2914 4803 magis
2951 4731 3029 4791 ibi
3081 4728 3318 4785 ferarum
3357 4740 3520 4799 quam

212 4822 279 4875 4.
321 4823 528 4878 Praeter
555 4837 621 4878 ea
649 4836 773 4892 quae
802 4822 873 4878 de
903 4821 1050 4880 beati
1085 4822 1305 4881 Geraldi
1353 4823 1411 4879 in
1448 4823 1795 4893 Aquitaniam
1877 4824 2159 4883 hominum
2194 4839 2259 4880 ac
2288 4827 2400 4881 Deo
2428 4824 2781 4883 servientium
2812 4819 3204 4883 habitationem
3242 4817 3519 4887 diligeret.

136 4910 413 4977 adventu,
470 4916 528 4967 et
571 4912 991 4981 Silvae-Maioris
1044 4912 1364 4969 monasterii
1419 4912 1594 4969 initiis
1630 4912 1797 4969 habet

136 5006 348 5057 auctor
386 5000 544 5066 Vitae,
584 5000 754 5059 multa
800 5001 1064 5059 discimus
1110 5016 1178 5059 ex
1218 5001 1496 5059 veteribus
1550 5000 1793 5070 ejusdem

133 5091 258 5149 loci
299 5091 704 5159 instrumentis,
743 5106 869 5161 qum
916 5091 1089 5161 ipsius
1125 5092 1302 5148 sancti
1351 5092 1450 5147 viri
1498 5092 1648 5151 curis
1692 5105 1796 5147 ex-

131 5185 300 5234 arata
343 5185 492 5236 sunt.
527 5183 587 5236 in
629 5195 820 5237 eorum
859 5194 970 5237 uno
999 5181 1298 5250 exponitur
1326 5193 1436 5249 quo
1476 5186 1638 5249 pacto
1671 5180 1793 5249 pius

130 5269 320 5323 abbas
384 5268 492 5325 loci
550 5269 778 5325 fundum
834 5269 1157 5338 acquisierit
1220 5269 1551 5325 liberalitate
1606 5269 1791 5339 Ogerii

129 5357 495 5426 aliorumque
552 5359 795 5415 virorum
863 5357 1152 5423 nobilium,
1210 5358 1303 5426 qui
1357 5364 1553 5427 sponte
1612 5358 1791 5427 ipsum

129 5446 332 5502 locum
378 5446 434 5501 in
474 5447 609 5502 tanti
649 5449 751 5503 viri
778 5447 1018 5507 favorem
1057 5447 1171 5503 Deo
1198 5446 1605 5505 consecandnm
1634 5446 1791 5503 obtu-

130 5534 356 5591 lerunt.
399 5534 603 5591 Unicus
657 5537 837 5606 Drogo
893 5534 1255 5593 Malliacensis
1286 5534 1462 5591 abbas
1514 5535 1791 5605 negotium

1876 4914 1984 4970 Sed
2014 4913 2108 4973 ille
2136 4914 2205 4969 ab
2236 4914 2325 4970 his
2353 4921 2409 4970 et
2437 4914 2506 4968 ab
2534 4912 2659 4969 aliis
2689 4910 2938 4981 pluribus
2968 4907 3245 4979 episcopis
3274 4912 3330 4983 et
3359 4906 3522 4961 bonis

1876 5002 2010 5063 viris
2030 5003 2340 5073 postulatus
2365 5001 2652 5073 respondit
2671 5016 2732 5058 se
2752 5001 2858 5057 hoc
2878 4998 3060 5059 facere
3082 5010 3193 5055 non
3216 5009 3378 5066 posse
3399 4995 3518 5050 sine

1876 5090 2104 5147 fratrum
2158 5093 2242 5148 sui
2282 5090 2604 5148 monasterii
2656 5089 3033 5147 concessione.
3076 5089 3227 5143 Tunc
3282 5085 3519 5145 domnus

1875 5182 2098 5239 Amatne
2128 5195 2250 5237 cum
2291 5195 2357 5237 eo
2406 5180 2475 5235 ad
2515 5180 2859 5237 blalliacense
2898 5176 3212 5234 coenobium
3251 5173 3513 5245 perrexit,

1875 5282 2172 5338 secumque
2210 5284 2378 5329 unum
2406 5268 2478 5324 de
2507 5268 2713 5324 nostris
2749 5266 3053 5332 monachis,
3085 5263 3305 5321 nomine
3335 5261 3519 5318 Lithe-

1875 5356 2037 5425 rium,
2069 5358 2242 5413 duxit.
2275 5359 2520 5428 Cumque
2550 5356 2747 5412 fratres
2784 5356 2958 5425 ipsius
3006 5354 3115 5415 loci
3159 5353 3215 5407 in
3254 5350 3516 5422 capitolio

1876 5449 2192 5518 congregati
2242 5454 2429 5513 essent
2492 5453 2617 5502 ante
2674 5446 2935 5503 domuum
2995 5446 3302 5514 υνοςοηθω
3356 5453 3518 5499 suum

1874 5536 2147 5605 abbatem,
2188 5537 2452 5595 iudicavit
2494 5536 2732 5592 domnus
2766 5537 2990 5594 Amatne
3037 5547 3223 5597 coram
3262 5531 3518 5595 omnibus
