4096 6156
175 388 313 444 1009

1337 395 1509 448 VITA.
1549 423 1622 434 ——
1656 395 2019 452 OBSERVAT.
2062 398 2366 455 PRAEVIAE.

3410 412 3547 467 lOlO

174 517 331 574 ducis
382 516 656 587 exemplo,
717 516 811 586 qui
869 519 1346 575 consentientibus
1401 525 1455 574 et
1509 519 1821 576 volentibus
1836 523 2191 592 AAquitania
2239 526 2412 581 solum
2463 532 2556 583 aut
2593 529 2649 584 in
2679 531 2965 598 Vasconia,
2997 533 3094 588 sed
3135 535 3297 590 etiam
3337 537 3392 590 in
3432 542 3546 593 tota

173 607 390 662 cunctis
435 621 548 661 suae
599 606 812 661 militia
863 607 1144 662 nobilibus
1188 628 1216 659 »
1274 609 1416 664 idem
1468 611 1818 677 prastiterat,

173 696 395 751 laudato
443 696 607 750 etiam
658 696 881 751 concilii
930 697 1336 767 Burdigalensis
1373 698 1618 763 decreto,
1652 713 1761 768 quo
1793 713 1823 754 a

172 785 323 841 sedis
351 784 672 853 apostolica
723 784 919 856 legatis
967 785 1198 855 aliisque
1238 786 1517 856 episcopis
1552 789 1821 842 sancitum

171 872 352 928 fuerat
399 887 466 928 ne
505 873 632 942 quis
669 874 772 928 sub
821 873 1183 928 anathematis
1228 874 1671 930 interminatione
1712 890 1823 930 nio-

173 962 404 1016 nasterii
454 961 875 1031 Silva-Majoris
922 962 1230 1017 libertatem
1281 963 1529 1030 violaret,
1583 964 1724 1019 hanc
1762 979 1820 1019 se

173 1049 449 1104 libertatis
460 1049 877 1104 concessionem
899 1057 1187 1120 acceptare
1209 1058 1262 1106 et
1282 1051 1504 1108 laudare
1517 1052 1819 1120 declarant,

174 1140 287 1194 imo
326 1153 396 1192 ne
444 1139 498 1193 in
550 1145 828 1207 posterum
867 1139 1049 1209 aliqua
1081 1140 1226 1195 circa
1265 1141 1426 1210 hujus
1464 1142 1824 1197 immunitatis

176 1240 332 1281 usum
375 1225 670 1281 difﬁcultas
718 1227 1052 1293 suboriatur,
1087 1229 1288 1296 quibus
1336 1229 1676 1298 potissimum
1726 1245 1821 1285 ca-

174 1315 386 1385 pitibus
417 1314 507 1370 illa
537 1315 906 1370 concludatur
935 1316 1236 1372 declarant.
1281 1317 1370 1373 Sic
1400 1319 1821 1374 instrumentum

175 1420 292 1460 rem
325 1405 551 1474 exponit
577 1426 589 1460 :
619 1424 646 1455 «
677 1407 913 1461 Necesse
944 1413 1027 1462 est
1055 1414 1115 1462 ut
1148 1407 1388 1462 breviter
1423 1408 1669 1464 dicamus
1699 1424 1822 1479 quae

175 1495 249 1549 sit
280 1494 373 1548 illa
413 1494 660 1559 libertas,
694 1495 910 1564 quodve
958 1496 1348 1552 salvamentum
1389 1499 1538 1568 quod
1587 1499 1693 1567 ipsi
1726 1501 1826 1554 Ec-

176 1583 363 1638 clesia
394 1597 421 1637 a
464 1582 706 1652 prafatis
734 1584 865 1638 viris
900 1589 983 1639 est
1014 1586 1294 1648 traditum,
1328 1592 1387 1640 ut
1421 1588 1634 1642 scilicet
1663 1602 1823 1644 nemo

173 1679 382 1742 praeter
409 1673 660 1727 abbatem
693 1679 747 1727 et
776 1674 1074 1729 monachos
1103 1675 1158 1729 in
1190 1681 1307 1730 toto
1337 1676 1542 1732 allodio
1573 1677 1639 1732 ad
1673 1692 1823 1733 eam-

173 1761 300 1815 dem
331 1761 617 1816 ecclesiam
661 1761 995 1830 pertinente,
1027 1762 1326 1831 quidquam
1352 1765 1495 1832 juris
1532 1764 1616 1820 vel
1649 1766 1823 1821 domi-

1904 611 2093 676 Gallia,
2150 613 2204 666 in
2264 614 2470 685 Belgio,
2530 617 2586 671 in
2641 618 2853 687 Anglia,
2915 621 2970 674 in
3026 623 3262 677 Navarra
3317 629 3371 678 et
3426 625 3548 679 aliis

1905 701 2287 769 Hispaniarum
2315 705 2630 771 provinciis,
2653 707 2709 761 in
2740 722 2876 777 quas
2904 707 3019 763 fere
3050 723 3241 766 omnes
3269 713 3543 782 regiones,

1903 789 2117 844 vivente
2174 791 2354 846 adhuc
2409 794 2662 860 Geraldo,
2722 803 3019 866 propagata
3079 796 3198 853 fuit.
3251 801 3379 866 Qua
3426 802 3547 857 loca

1903 879 2108 934 saculo
2147 882 2399 949 sequenti
2439 883 2814 954 Silva-Majori
2854 886 3074 942 subdita
3107 894 3262 943 erant
3298 889 3549 959 singilla-

1904 967 1999 1021 tim
2032 964 2283 1024 recenset
2310 970 2638 1026 Coelestinus
2668 987 2806 1042 papa
2836 975 2890 1029 in
2923 974 3069 1030 bulla
3095 976 3163 1030 ad
3196 978 3411 1031 Petrum
3444 979 3545 1031 ab-

1904 1056 2082 1111 batem
2114 1071 2258 1112 anno
2296 1056 2430 1110 1197
2456 1060 2619 1125 data;
2671 1062 2767 1116 sed
2799 1063 2866 1118 de
2897 1063 2964 1117 iis
3001 1064 3346 1120 solummodo
3385 1080 3545 1135 agere

1903 1144 2076 1199 visum
2112 1151 2195 1200 est
2225 1160 2457 1215 quorum
2494 1148 2647 1203 initia
2692 1150 2811 1218 ipse
2848 1151 3113 1207 Geraldus
3142 1154 3196 1207 in
3227 1156 3544 1209 monasterii

1905 1231 1988 1286 sui
2020 1231 2295 1288 chartario
2324 1235 2562 1289 describi
2604 1239 2831 1293 curavit.

1975 1319 2028 1374 8.
2071 1321 2238 1376 Paulo
2289 1329 2413 1391 post
2460 1323 2864 1395 Silva-Majoris
2921 1330 3240 1384 monasterii
3299 1336 3553 1386 constru-

1906 1409 2143 1464 ctionem
2190 1411 2454 1466 Geraldus
2495 1413 2613 1482 ipse
2661 1413 3011 1470 fundamenta
3063 1418 3199 1486 jecit
3253 1420 3549 1474 coenobioli

1907 1496 1974 1552 de
2021 1499 2270 1567 Trajecto
2310 1500 2376 1554 ad
2415 1502 2700 1557 Garumna
2751 1503 2923 1573 ripam
2981 1504 3095 1570 siti,
3159 1505 3263 1560 loci
3322 1505 3547 1562 fundum

1905 1588 2292 1656 suppeditante
2345 1591 2970 1659 Raymundo-Willelmi,
3013 1599 3071 1648 ut
3108 1609 3171 1649 ex
3211 1595 3550 1651 fundationis

1907 1675 2094 1730 charta
2145 1682 2314 1746 patet,
2357 1693 2463 1748 qua
2509 1679 2557 1733 is
2599 1679 2715 1749 ipse
2769 1683 3120 1751 Raymundus
3149 1682 3242 1737 dat
3284 1701 3311 1734 «
3344 1683 3547 1738 domno

1905 1765 2137 1820 Geraldo
2187 1767 2363 1834 primo
2411 1768 2818 1838 Silva-Majoris
2866 1770 3050 1825 abbati
3100 1778 3308 1839 partem
3357 1771 3546 1825 allodii

170 1849 418 1904 nationis
446 1850 559 1904 sive
589 1850 966 1905 advocationis
995 1851 1050 1905 in
1073 1850 1180 1905 ulla
1213 1866 1439 1920 prorsus
1459 1867 1518 1908 re
1543 1854 1761 1920 habeat,
1787 1874 1814 1905 »
1834 1841 1880 1896 Β
1903 1853 1970 1907 de
2018 1855 2266 1922 Trajecto
2315 1870 2482 1924 super
2529 1859 2701 1926 ripam
2740 1860 3052 1924 Garumna,
3082 1859 3176 1913 ubi
3216 1860 3391 1928 possit
3427 1861 3543 1916 fleri

169 1943 282 1993 etc.
335 1939 411 1992 Ex
452 1938 521 1992 iis
549 1939 682 1993 viris
729 1939 1008 1994 nobilibus
1057 1940 1387 1995 illustriores
1435 1948 1812 2009 recensentur,

167 2028 369 2083 Petrus
396 2030 704 2084 vicecomes
731 2029 798 2084 de
838 2031 1152 2095 Gavarreto,
1185 2031 1279 2099 qui
1325 2030 1467 2086 hanc
1506 2031 1814 2088 libertatem

118 2131 124 2136 δ
173 2134 202 2167 α
227 2131 350 2172 cum
373 2117 522 2172 omni
543 2118 626 2172 sui
657 2119 932 2173 exercitus
960 2118 1246 2189 collegio»
1279 2119 1638 2175 conﬁrmavit.
1671 2121 1817 2177 Guil-

171 2205 370 2260 lelmus
418 2207 640 2261 Amanei
694 2206 1101 2278 (d’Ama-njeu),
1157 2208 1251 2278 qui
1312 2209 1457 2264 idem
1516 2211 1810 2278 praestitit,

169 2313 198 2345 «
232 2294 606 2362 laudantibus,
639 2296 838 2366 inquit,
881 2297 1136 2351 omnibus
1183 2303 1386 2352 nostrae
1427 2298 1670 2368 regionis
1715 2312 1815 2354 no-

165 2381 393 2438 bilibus.
427 2401 456 2433 »
514 2385 643 2438 Cum
705 2398 771 2440 eo
827 2385 1207 2455 subscripsere
1273 2386 1582 2440 Bernardus
1645 2385 1815 2441 frater

163 2471 310 2536 ejus,
361 2472 670 2527 Bernardus
717 2473 785 2527 de
824 2473 996 2528 Rionz
1051 2479 1107 2528 et
1143 2473 1407 2528 Vidianus
1454 2475 1574 2544 ejus
1621 2473 1811 2540 frater,

161 2559 459 2625 Arnaldus,
509 2561 860 2631 Raymundus
888 2562 957 2617 de
995 2561 1210 2627 Bordis,
1244 2564 1384 2618 Boso
1414 2562 1484 2618 de
1513 2565 1812 2618 Montrem-

163 2648 324 2703 blant
390 2656 445 2704 et
511 2651 820 2706 Bernardus
880 2652 948 2706 de
1017 2651 1274 2707 Scutiano
1354 2651 1810 2723 (d’Escoussa-ns).

160 2737 377 2793 Praeter
415 2739 516 2794 hos
544 2753 737 2794 omnes
775 2740 1086 2794 Bernardus
1119 2741 1187 2794 de
1228 2739 1452 2794 Boivilla
1480 2740 1809 2807 vicecomes,

159 2826 438 2882 Arnaldus
458 2828 526 2883 de
546 2827 894 2885 Blancaforto
921 2829 1124 2899 aliique
1155 2829 1310 2884 multi
1340 2830 1556 2885 nobiles
1586 2830 1809 2897 milites,

159 2914 260 2982 qui
291 2915 368 2970 ibi
399 2917 647 2984 aderant,
679 2932 801 2972 sese
839 2917 1054 2974 futuros
1097 2918 1356 2974 Ecclesia
1405 2919 1812 2988 Silva-Majoris

159 3001 508 3069 defensores,
550 3013 681 3072 etc.,
732 3007 996 3062 adversus
1044 3007 1322 3076 quoslibet
1368 3007 1806 3077 spoponderunt.

155 3091 420 3148 Eamdem
469 3093 732 3150 Silvensis
785 3095 1103 3150 monasterii
1152 3095 1460 3150 libertatem
1507 3109 1628 3151 cum
1664 3097 1811 3164 jure-

1898 1943 2286 1997 monasterium
2326 1958 2446 1999 cum
2487 1945 2602 2000 suis
2647 1946 2901 2014 officinis,
2933 1947 3218 2017 hortisque
3252 1956 3306 2003 et
3359 1963 3544 2019 poma-

1899 2030 2016 2094 riis,
2062 2044 2124 2085 ac
2158 2032 2409 2087 discursu
2452 2049 2481 2089 a
2513 2035 2734 2089 flumine
2784 2050 2956 2104 usque
2995 2036 3066 2090 ad
3106 2037 3405 2106 proximam
3440 2053 3539 2107 pa-

1898 2115 2082 2172 ludem
2129 2120 2450 2176 molendini.
2487 2141 2513 2171 »
2567 2125 2716 2177 Hanc
2755 2124 2997 2179 chartam
3037 2124 3181 2179 idem
3212 2127 3295 2179 vir
3335 2126 3540 2181 nobilis

1899 2221 1929 2258 (ί
1961 2221 2082 2262 cum
2113 2209 2367 2264 omnibus
2407 2211 2532 2264 filiis
2569 2212 2683 2267 suis
2721 2227 2888 2282 super
2916 2214 3085 2272 altare
3124 2214 3218 2269 Dei
3247 2215 3541 2270 Genitricis

1897 2301 1953 2350 et
1980 2301 2292 2352 sanctorum
2325 2299 2698 2368 apostolorum
2737 2301 2976 2356 Simonis
3006 2309 3060 2357 et
3095 2302 3271 2368 Iuda,
3301 2322 3329 2354 »
3368 2303 3424 2358 id
3455 2307 3541 2358 est

1896 2384 2070 2454 ipsius
2117 2385 2366 2441 ecclesia
2397 2387 2823 2458 Silva-Majoris,
2860 2390 3043 2460 posuit
3080 2390 3148 2444 ad
3188 2391 3411 2459 majoris
3440 2391 3538 2445 ﬁr-

1897 2474 2176 2540 mitatem;
2211 2475 2518 2531 Willelmus
2546 2491 2674 2533 vero
2705 2478 3103 2547 Aquitanorum
3134 2479 3245 2533 dux
3293 2478 3538 2533 eamdem

1895 2561 2024 2616 huic
2063 2576 2219 2617 nova
2258 2564 2492 2619 colonia
2543 2584 2570 2616 «
2601 2565 2902 2622 salvitatem
2937 2584 2962 2616 »
3005 2565 3180 2633 dedit,
3220 2581 3381 2636 quam
3420 2567 3538 2636 ipse

1896 2656 1951 2705 et
1978 2651 2102 2705 aliis
2131 2665 2391 2721 proceres
2428 2654 2586 2709 Silva
2618 2654 2809 2723 Majori
2840 2661 3252 2710 concesserant.

1965 2739 2018 2792 9.
2053 2741 2206 2795 Haud
2239 2740 2333 2796 diu
2373 2748 2562 2810 postea
2601 2744 2795 2797 Petrus
2837 2744 3145 2798 vicecomes
3189 2744 3539 2798 Gavarrensis

1895 2826 1950 2880 in
2000 2828 2210 2896 pradio
2247 2843 2368 2893 suo,
2425 2847 2452 2879 «
2483 2832 2711 2885 Gavaret
2741 2850 2769 2882 »
2821 2831 2993 2896 dicto,
3025 2831 3415 2886 monasterium
3450 2845 3538 2886 ex-

1894 2917 2065 2971 truxit
2103 2917 2157 2972 in
2205 2916 2468 2973 honorem
2516 2919 2700 2974 Sancti
2740 2920 3008 2989 Sepulcri,
3053 2921 3199 2989 quod
3242 2919 3540 2989 compluri-

1894 3005 1997 3060 bus
2017 3007 2180 3061 terris
2201 3014 2256 3062 et
2275 3008 2585 3064 redditibus
2613 3009 2858 3064 dolatum
2887 3009 3194 3078 subjectum
3227 3023 3346 3064 esse
3366 3008 3540 3064 voluit

1895 3113 1923 3144 «
1956 3094 2157 3150 domno
2196 3095 2414 3150 Giraldo
2448 3114 2475 3146 »
2525 3098 2752 3166 ejusque
2801 3097 3214 3152 successoribus
3253 3097 3541 3151 Silva-Ma-

147 3179 398 3248 jurando
444 3197 612 3252 super
657 3198 814 3239 sacra
864 3184 1154 3254 Evangelia
1203 3184 1452 3253 prastito
1489 3153 2027 3252 solemniteeroris
2072 3184 2400 3252 abbatibus;
2452 3186 2526 3239 ita
2552 3153 2680 3253 -ut,‘
2705 3186 2886 3254 inquit
2939 3185 3032 3240 ille
3090 3187 3144 3240 in
3204 3184 3542 3241 fundationis

155 3269 523 3325 confirmatur
577 3272 666 3327 die
728 3278 920 3328 sancto
979 3271 1200 3327 Pascha
1257 3271 1443 3337 iidem,
1503 3277 1597 3326 aut
1659 3279 1807 3328 certe

154 3371 354 3413 eorum
404 3360 632 3428 posteri,
666 3374 788 3416 cum
828 3361 952 3416 aliis
983 3362 1153 3416 totius
1181 3362 1425 3430 regionis
1452 3361 1584 3416 viris
1613 3361 1810 3416 nobili-

153 3446 283 3512 bus,
315 3447 420 3502 sub
457 3446 716 3504 Gaufrido
755 3450 952 3504 abbate
981 3455 1159 3505 sexto.
1202 3451 1312 3504 Has
1341 3463 1542 3505 omnes
1584 3463 1808 3519 posses-

149 3536 350 3590 siones
411 3542 466 3591 et
535 3538 908 3593 immunitates
982 3538 1375 3593 confirmarunt
1448 3539 1809 3607 sequentibus

150 3623 507 3693 temporibus
525 3627 832 3696 Aquitania
853 3627 1024 3682 duces
1041 3633 1095 3681 et
1115 3626 1239 3680 aliis
1259 3639 1536 3695 proceres.
1563 3627 1810 3682 Accessit

151 3713 326 3766 etiam
396 3713 544 3767 sedis
607 3715 929 3784 apostolica
998 3715 1318 3778 auctoritas,
1387 3720 1446 3769 ut
1511 3729 1579 3769 ex
1643 3714 1809 3769 bullis

147 3799 480 3865 Alexandri,
513 3803 688 3867 Lucii,
739 3803 1020 3858 Coelestini
1065 3808 1120 3858 et
1165 3802 1398 3858 aliorum
1438 3804 1808 3858 Romanorum

151 3889 484 3958 pontiﬁcum
517 3896 686 3960 patet,
709 3891 806 3947 sed
836 3892 957 3947 hac
986 3890 1158 3946 fusius
1188 3893 1444 3961 persequi
1465 3891 1534 3946 ad
1566 3905 1811 3961 prasens

148 3979 474 4032 institutum
522 3979 658 4034 nihil
708 3981 922 4042 attinet.
953 3981 1045 4050 qui
1085 3980 1232 4035 beati
1260 3980 1475 4036 Geraldi
1506 3987 1658 4050 gesta
1685 3981 1810 4035 illu-

147 4073 336 4121 strare
403 4069 764 4137 suscepimus,
835 4083 944 4125 non
1021 4069 1316 4125 Historiam
1392 4069 1810 4140 Silva-Majoris

149 4156 446 4212 exhibere.

227 4245 286 4299 7.
318 4245 537 4301 Geraldi
576 4247 761 4316 itaque
799 4261 863 4300 ac
901 4246 1297 4316 discipulorum
1346 4248 1465 4316 ejus
1502 4249 1808 4304 sanctitatis

142 4331 302 4388 fama
331 4334 484 4389 brevi
512 4335 856 4404 Aquitaniam
897 4341 1204 4405 pervagata,
1242 4337 1296 4390 in
1336 4337 1558 4392 dissitas
1587 4351 1808 4406 quoque

138 4427 208 4476 et
261 4427 520 4478 externas
567 4424 878 4492 provincias
924 4423 1246 4493 pervolavit,
1289 4424 1555 4494 multique
1595 4425 1661 4479 ad
1702 4439 1812 4481 no-

1891 3273 2100 3338 charta,
2137 3294 2161 3322 α
2195 3287 2412 3342 semper
2442 3274 2612 3329 abbas
2641 3274 3049 3343 Silva-Majoris
3079 3275 3150 3328 sit
3188 3274 3358 3328 abbas
3396 3275 3537 3326 San-

1892 3361 1965 3415 cti
2013 3361 2281 3430 Sepulcri,
2335 3367 2390 3416 et
2435 3361 2613 3430 qualis
2661 3362 2853 3431 religio
2903 3367 2958 3415 et
3004 3363 3111 3415 vita
3165 3361 3242 3414 ibi
3293 3366 3532 3423 tenetur,

1892 3451 2054 3504 talem
2108 3449 2272 3504 faciat
2318 3457 2372 3504 et
2419 3450 2510 3504 hic
2558 3451 2774 3516 teneri;
2835 3455 2890 3504 et
2938 3449 3154 3518 qualem
3209 3454 3535 3518 potestatem

1892 3529 2056 3592 habet
2105 3538 2158 3591 in
2208 3537 2356 3592 illius
2394 3537 2644 3592 ecclesia
2683 3537 2986 3604 monachis,
3019 3537 3185 3591 rebus
3224 3542 3278 3591 et
3320 3550 3539 3604 posses-

1891 3627 2160 3691 sionibus,
2194 3626 2357 3681 talem
2404 3626 2602 3681 habeat
2637 3633 2691 3680 et
2721 3627 2776 3679 in
2808 3626 2986 3690 istius,
3019 3632 3290 3694 quatenus
3319 3639 3538 3692 semper

1893 3714 2049 3769 locus
2094 3715 2496 3783 Silva-Majoris
2533 3720 2587 3769 et
2620 3715 2804 3768 Sancti
2845 3712 3092 3782 Sepulcri
3138 3714 3193 3768 in
3243 3714 3336 3769 Dei
3367 3712 3536 3767 servi-

1893 3803 1970 3858 tio
2002 3808 2057 3858 et
2087 3804 2231 3858 bona
2261 3803 2527 3873 religione
2561 3817 2724 3858 unum
2755 3804 2903 3869 sint;
2939 3804 3254 3872 pariterque
3307 3816 3536 3872 pauper-

1893 3896 2059 3947 tatem
2106 3899 2162 3948 et
2207 3893 2595 3948 abundantiam
2656 3893 2951 3961 patiantur,
3003 3891 3149 3946 salva
3209 3892 3536 3946 auctoritate

1892 3981 2293 4050 archiepiscopi
2358 3981 2647 4036 Auxiensis
2712 3986 2767 4036 et
2832 3981 3077 4050 episcopi
3143 3980 3462 4035 Adurensis.
3508 3997 3536 4029 »

1892 4070 2105 4125 Charta
2179 4070 2627 4139 subscripserunt
2701 4069 3007 4124 Willelmus
3088 4069 3540 4138 archiepisc0pus

1893 4160 2200 4226 Auxiensis,
2270 4162 2462 4214 Petrus
2525 4159 2828 4214 Adurensis
2893 4160 3205 4229 episcopus,
3267 4158 3540 4213 Arnaldus

1894 4249 2188 4318 Rotgerius
2234 4248 2516 4303 donatoris
2557 4247 2742 4314 frater,
2783 4248 3093 4316 Stephanus
3139 4247 3206 4301 de
3255 4247 3536 4302 Calmontc

1895 4337 2223 4405 (Caumonl),
2287 4335 2659 4405 Raymundus,
2717 4333 3037 4388 Guillclmus
3098 4333 3166 4387 de
3231 4332 3532 4396 Mezerolis,

1892 4423 2085 4476 Petrus
2117 4423 2184 4477 de
2222 4423 2370 4487 Vico,
2421 4425 2725 4476 Amanevus
2763 4420 2830 4475 de
2879 4419 3117 4485 Tillieto,
3159 4419 3276 4473 Odo
3309 4419 3377 4472 de
3408 4420 3536 4473 Par-

137 4524 284 4565 vum
321 4489 713 4567 monasterium
763 4489 1146 4577 convolarunt,
1179 4518 1239 4566 ut
1277 4512 1353 4566 ibi
1383 4489 1485 4566 sub
1525 4513 1660 4566 tanti
1702 4489 2112 4575 Pa-Ddiliaco,
2156 4516 2261 4564 etc.
2320 4510 2573 4564 Eamdem
2624 4509 2976 4564 donationem
3027 4507 3348 4564 solemniter
3404 4521 3534 4562 con-

134 4600 258 4656 tris
299 4600 613 4670 disciplina,
647 4602 877 4670 abjectis
906 4601 1095 4657 saculi
1137 4601 1371 4670 pompis,
1413 4600 1630 4656 Christo
1671 4602 1806 4656 milis

131 4695 364 4745 tarent.
416 4689 520 4744 Alii
559 4704 712 4755 vero,
745 4690 946 4760 quibus
990 4689 1044 4744 id
1085 4703 1192 4744 non
1235 4689 1456 4754 licebat,
1489 4703 1586 4744 sua
1614 4690 1806 4746 saltem

131 4781 268 4834 Deo
323 4787 806 4842 consecraverunt,
849 4779 1181 4848 praediorum
1216 4786 1270 4833 et
1307 4777 1620 4834 facultatum
1666 4778 1807 4834 facta

128 4868 499 4922 monasterio
531 4867 850 4922 donatione.
884 4866 990 4921 Sed
1021 4881 1144 4921 cum
1177 4873 1378 4921 tantam
1410 4866 1807 4935 discipulorum

1891 4599 2121 4653 ﬁrmavit
2176 4601 2370 4653 Petrus
2426 4597 2736 4653 fundatoris
2789 4597 2950 4664 filius,
3003 4598 3160 4666 cujus
3207 4597 3286 4651 rei
3337 4596 3532 4651 notitia

1891 4687 2124 4742 habetur
2171 4688 2224 4742 in
2272 4686 2556 4742 Chartario
2613 4687 2865 4753 Silvensi,
2916 4699 3077 4755 quam
3126 4685 3217 4739 hic
3271 4684 3531 4739 exhibere

1891 4775 2094 4830 nemini
2143 4774 2259 4831 fore.
2305 4776 2576 4846 ingratum
2607 4789 2909 4845 speramus.
2955 4793 2982 4825 «
3014 4777 3208 4829 Petrus
3236 4775 3532 4828 Gavarren-

1889 4865 1966 4918 sis
2008 4865 2314 4921 vicecomes
2352 4866 2496 4920 Petri
2543 4863 2882 4920 vicecomitis
2938 4863 3102 4929 ﬁlius,
3161 4875 3370 4917 summa
3409 4874 3530 4915 cum

1891 4953 2184 5009 devotione
2248 4955 2658 5019 monasterium,
2709 4953 2857 5022 quod
2914 4953 3254 5022 Silva-Major
3305 4951 3528 5015 dicitur,

1889 5044 2136 5109 veniens,
2169 5044 2435 5099 beneﬁcia
2479 5043 2585 5099 loci
2629 5047 2684 5098 et
2733 5042 3013 5098 orationes
3051 5042 3119 5096 ab
3158 5041 3354 5095 abbate
3383 5042 3443 5095 (ἶ.
3478 5046 3534 5093 et

1890 5133 2108 5188 cateris
2158 5131 2419 5188 fratribus
2462 5131 2788 5202 suppliciter
2840 5130 3154 5201 postulavit.
3215 5129 3354 5184 Huic
3406 5142 3534 5183 vero

125 4954 569 5011 multitudinem
609 4970 808 5025 capere
851 4967 960 5010 non
994 4955 1264 5024 potuisset
1289 4956 1453 5010 unius
1489 4956 1807 5010 monasterii

120 5043 433 5114 angustia,
493 5050 549 5098 et
604 5044 825 5115 quidem
883 5042 1200 5099 fraudanda
1271 5057 1381 5099 non
1441 5049 1598 5099 erant
1653 5050 1806 5101 tanto

115 5131 380 5188 virtutis
427 5133 678 5202 exemplo
708 5133 830 5189 alia
862 5133 1197 5203 provincia.)
1237 5133 1294 5188 in
1331 5133 1526 5187 vicinis
1573 5133 1807 5203 primum

115 5221 484 5293 regionibus
516 5223 750 5277 excitata
787 5221 940 5277 fuere
969 5223 1300 5277 monasteria
1342 5235 1441 5291 pro
1471 5221 1807 5278 Silvensibus

112 5310 468 5375 monachis,
500 5316 615 5365 tum
656 5311 817 5366 etiam
861 5311 916 5364 in
959 5309 1189 5376 dissitis,
1229 5325 1353 5379 qua
1393 5310 1586 5366 beatus
1613 5313 1807 5367 Gerar-

109 5402 275 5463 dus,
313 5399 654 5453 transmissis
700 5398 831 5453 illuc
871 5398 1266 5467 discipulorum
1295 5412 1515 5454 suorum
1547 5399 1802 5466 coloniis,

107 5493 182 5546 in
220 5495 496 5543 accurata
528 5488 733 5558 regula
772 5487 1144 5542 Benedictina
1185 5486 1566 5543 observatione
1605 5489 1802 5544 florere
1887 5489 2139 5544 beneﬁcii
2187 5489 2561 5544 investituram
2610 5488 2983 5557 prabuerunt.
3018 5489 3140 5554 Ipse
3170 5489 3350 5540 autem
3394 5483 3530 5538 nihil

103 5577 324 5641 fecit;
375 5582 542 5646 atque
574 5579 694 5632 hac
723 5577 898 5647 prima
935 5575 1086 5632 fuere
1125 5578 1568 5646 congregationis
1596 5578 1803 5633 Silven-
1885 5585 2192 5645 cunctatus,
2244 5579 2368 5634 loco
2420 5584 2476 5634 et
2524 5578 2660 5633 hora
2706 5577 2895 5633 eadem
2947 5577 3101 5633 dedit
3148 5583 3203 5631 et
3252 5575 3527 5631 concessit

101 5670 209 5724 sis
296 5663 478 5732 initia,
539 5680 664 5736 qua
722 5667 1070 5737 postmodum
1128 5666 1365 5722 celebris
1420 5664 1521 5721 fuit
1577 5667 1687 5722 non
1743 5667 1802 5722 in
1882 5668 2020 5738 ipsis
2056 5669 2323 5738 quidquid
2367 5673 2520 5737 pater
2555 5681 2688 5723 suus
2723 5671 2882 5722 antea
2921 5666 3170 5735 dederat,
3204 5665 3262 5721 id
3291 5672 3376 5722 est
3405 5680 3523 5722 mo-

1890 5228 1996 5276 tam
2046 5221 2307 5277 laudabili
2353 5221 2607 5291 petitioni
2638 5226 2746 5276 tam
2776 5219 2946 5275 abbas
2976 5233 3136 5289 quam
3180 5217 3535 5288 congregatio

1888 5310 2115 5365 fratrum
2157 5311 2515 5366 libentissime
2556 5310 2870 5379 prabeutes
2898 5322 3202 5372 assensum,
3235 5305 3534 5375 capitulum

1887 5399 2332 5467 introduxerunt,
2382 5405 2546 5470 atque
2588 5399 2665 5455 ibi
2713 5413 2836 5454 cum
2884 5398 3050 5464 libro,
3101 5403 3162 5452 ut
3207 5396 3378 5450 moris
3426 5400 3532 5461 est,
