4096 6156
553 422 682 481 1011

1603 411 1659 465 8.
1699 402 1987 464 GERALDI
2025 398 2301 461 ABBATIS
2335 402 2848 461 SiLVAﬂ-MAJORIS

3780 400 3917 461 1012

544 547 844 607 nasterium
889 542 1167 601 Gavarreti
1211 550 1335 595 cum
1383 531 1638 592 omnibus
1683 530 2030 603 appendiciis
2076 524 2259 589 suisA
2276 528 2520 586 habitum
2558 525 2842 600 religionis
2878 525 3176 598 accipiens,
3217 525 3464 598 pristina;
3501 526 3726 586 sanitati
3766 525 3916 587 "nco

547 646 667 694 tam
713 634 999 706 acquisitis
1052 642 1216 700 quam
1273 623 1644 696 acquirendis.
1678 639 1707 673 »
1768 621 1847 677 Ex
1887 618 2011 675 aliis
2059 618 2189 673 item

548 726 754 784 chartis
792 728 939 795 patet
974 722 1394 776 Gavarretenses
1440 711 1793 768 vicecomites
1822 710 1877 764 in
1908 711 2191 795 monaste-

548 816 688 872 rium
727 793 910 868 Sancti
939 807 1189 878 Sepulcri
1219 804 1511 860 admodum
1544 799 1801 856 liberales
1828 797 2018 854 fuisse.
2050 793 2190 863 Quin

549 912 603 960 et
640 901 803 973 paulo
858 902 983 969 post
1029 894 1176 952 beati
1230 891 1459 953 Geraldi
1504 888 1737 955 obitum,
1786 888 1888 944 sub
1947 884 2192 942 Gaufridi

548 989 762 1047 abbatis
807 985 1091 1057 regimine,
1133 986 1311 1054 Agnes
1346 978 1747 1037 vicecomitissa
1793 976 2191 1047 parthenonem

543 1082 697 1152 juxta
743 1078 983 1133 virorum
1031 1072 1423 1129 monasterium
1471 1067 1741 1134 condidit,
1796 1065 1892 1121 ubi
1939 1063 2193 1152 monialis

547 1170 688 1225 facta
727 1171 830 1222 est.
880 1165 1051 1220 Porro
1100 1162 1202 1218 etsi
1254 1162 1310 1215 in
1358 1159 1636 1229 plerisque
1679 1152 1950 1224 ejusmodi
1988 1151 2194 1217 chartis

550 1258 733 1314 nullus
779 1256 1115 1323 exprimatur
1162 1264 1357 1316 anuus,
1390 1248 1619 1318 primam
1657 1250 1837 1300 tamen
1880 1243 2046 1312 hujus
2083 1239 2193 1295 loci

548 1345 926 1404 iundationem
974 1346 1101 1397 ante
1148 1352 1323 1395 annus
1358 1335 1493 1390 1092
1537 1334 1733 1390 factam
1774 1331 1944 1387 fuisse
1984 1344 2051 1385 ex
2087 1329 2194 1385 hoc

548 1437 700 1503 patet
729 1432 879 1503 quod
930 1433 1124 1486 Petrus
1171 1428 1466 1498 episcopus
1513 1422 1811 1480 Adurensis
1841 1420 1935 1491 qui
1974 1418 2027 1475 ei
2065 1417 2195 1473 sub-

549 1523 791 1593 scripsit,
843 1527 897 1576 et
950 1518 1210 1576 nonnulla
1267 1515 1444 1572 eidem
1501 1511 1835 1569 monasterio
1894 1506 2194 1565 contulisse

550 1612 756 1667 dicitur
793 1610 846 1665 in
874 1607 1061 1664 altera
1100 1608 1309 1672 charta,
1342 1603 1449 1660 hoc
1492 1603 1614 1673 ipso
1652 1614 1796 1657 anno
1840 1597 1978 1651 1092
2014 1597 2083 1652 ad
2112 1610 2196 1651 su-

528 1712 717 1771 .peros
764 1696 963 1753 abiisse
1004 1696 1218 1752 dicatur
1256 1694 1311 1749 in
1342 1693 1512 1748 veteri
1559 1686 1887 1758 Necrologio
1918 1690 2195 1742 monaste-

552 1790 620 1845 rii
650 1787 835 1843 Sancti
874 1786 1059 1841 Severi
1089 1784 1143 1839 in
1175 1782 1354 1853 capite
1380 1781 1683 1845 Vasconiaa,
1727 1780 1782 1834 in
1814 1791 1924 1847 quo
1964 1774 2191 1847 legitur:

554 1898 581 1929 ‹‹
614 1876 799 1932 idibus
835 1874 981 1930 Junii
1024 1849 1300 1944 depositio
1331 1870 1519 1928 domni
1556 1869 1705 1925 Petri
1751 1866 2051 1923 Adurensis
2080 1864 2193 1935 epi-
2214 1849 2261 1907 Β

553 1967 709 2037 scopi
729 1966 890 2022 bonae
910 1964 1211 2032 memoriae,
1233 1975 1378 2017 anno
1406 1960 1604 2015 1092.»
1637 1960 1905 2015 Caeterum
1926 1956 2193 2026 virginum

551 2062 941 2114 Gavarretense
999 2051 1388 2109 monasterium
1447 2050 1653 2106 saeculo
1707 2061 1801 2103 xw
1859 2044 2194 2102 monasterio

550 2147 813 2212 virorum,
863 2145 951 2200 cui
992 2145 1230 2199 vicinum
1262 2146 1398 2208 erat,
1450 2140 1659 2195 unitum
1709 2136 1879 2191 fuisse
1927 2133 2192 2201 creditur,

553 2232 699 2290 istud
728 2244 858 2289 vero
888 2248 919 2287 a
947 2230 1277 2288 Calvinianis
1324 2228 1599 2298 direptum
1650 2223 1847 2280 exinde
1894 2219 2197 2279 monachos

553 2334 664 2379 non
712 2323 868 2378 aluit.
913 2322 1174 2391 Superest
1222 2324 1401 2374 tamen
1456 2315 1734 2385 hodieque
1782 2309 2017 2369 ecclesia
2063 2308 2196 2365 satis

552 2411 733 2484 ampla
761 2417 815 2467 et
844 2411 989 2467 culta
1020 2423 1141 2465 cum
1175 2408 1381 2478 priore,
1410 2404 1504 2476 qui
1535 2404 1746 2474 aliquot
1783 2401 2101 2457 sacerdotes
2128 2397 2198 2455 ad

553 2501 737 2556 divina
767 2499 946 2555 ofﬁcia
985 2503 1264 2567 utcunque
1296 2494 1564 2565 explenda
1604 2492 1679 2547 ibi
1710 2494 1999 2547 sustentat.
2031 2488 2201 2543 Gaba.

554 2596 731 2645 return
767 2602 932 2657 porro
964 2584 1226 2655 oppidum
1255 2589 1337 2640 est
1366 2583 1422 2638 in
1442 2581 1734 2638 Wasconia
1755 2577 2042 2643 hodierna,
2069 2574 2199 2633 olim

554 2675 855 2733 Adureusis
894 2675 1171 2740 dimcesis,
1204 2679 1395 2744 postea
1431 2684 1583 2739 vero,
1616 2668 2042 2726 reclamantibus
2071 2665 2200 2721 licet

555 2764 951 2831 Adurensibus,
994 2764 1275 2818 Auxitanaa
1314 2761 1657 2817 attributum.

634 2853 715 2909 lO.
741 2851 820 2908 Ad
852 2852 1103 2909 eumdem
1132 2866 1332 2908 annum
1370 2850 1505 2905 1092
1536 2847 1781 2906 revocari
1811 2846 2016 2903 debent
2044 2842 2202 2901 initia

558 2941 877 2999 monasterii
951 2942 1101 2998 Beati
1175 2941 1387 2997 Nicolai
1452 2940 1509 2995 in
1575 2938 1753 2994 insula
1818 2937 1886 2992 de
1957 2933 2202 3004 Rngiana

563 3030 825 3101 (Reg/(ms)
861 3032 917 3085 in
952 3029 1152 3085 ﬁnibus
1181 3031 1503 3094 Santonum,
1537 3027 1626 3083 cui
1656 3024 1990 3082 exstruendo
2020 3024 2201 3078 locum

2271 619 2521 676 redditus
2549 622 2652 675 est.
2679 638 2705 670 ι
2739 618 3119 674 Recensentnr
3147 625 3338 687 postea
3365 620 3531 676 varia:
3562 618 3914 690 donationes,

2271 723 2407 779 quas
2445 709 2612 765 Fulco
2662 708 2955 765 Garmundi
3014 710 3188 778 pater,
3238 709 3517 765 Hauvinus
3550 713 3670 780 ejus
3727 708 3914 777 frater,

2272 797 2474 868 aliique
2525 796 2628 852 viri
2685 795 2930 863 nobiles,
2979 795 3259 854 visohoc
3315 796 3603 864 miraculo,
3666 798 3916 855 ecclesia

2272 885 2711 953 Neronis-Villae,
2761 899 2885 957 quae
2937 884 3141 941 ibidem
3204 906 3230 936 ι
3271 886 3455 942 divina
3501 900 3666 943 manu
3716 902 3916 945 conse-

2273 979 2424 1031 crata
2455 994 2484 1027 »
2525 974 2746 1042 dicitur,
2787 971 3057 1030 fecerunt.

2348 1062 2432 1120 12.
2492 1062 2648 1120 Haud
2703 1063 2883 1119 minus
2928 1062 3165 1119 celebris
3218 1071 3337 1120 erat
3390 1064 3535 1135 apud
3593 1063 3919 1121 Aurelianus

2271 1152 2490 1209 Geraldi
2539 1155 2765 1224 ejusque
2812 1151 3207 1227 discipulorum
3255 1150 3414 1219 fama,
3456 1166 3578 1224 quae
3620 1153 3917 1210 multorum

2275 1240 2623 1298 conversioni
2678 1241 3021 1297 occasionem
3072 1240 3373 1311 praebuisse
3423 1241 3650 1307 dicitur,
3704 1248 3765 1297 et
3812 1254 3919 1298 ere-

2275 1330 2446 1386 ctioni
2478 1327 2794 1386 monasterii
2824 1330 3133 1386 Sedis-Meri
3176 1327 3446 1402 (Semey),
3478 1331 3626 1386 haud
3661 1330 3832 1403 longe
3857 1332 3917 1387 ab

2276 1419 2377 1475 hac
2416 1420 2552 1475 urbe
2600 1418 2712 1475 siti.
2761 1420 2916 1487 Quod
2947 1435 2977 1475 a
3006 1419 3266 1475 Tecelino
3295 1420 3412 1476 viro
3452 1419 3627 1476 nobili
3662 1422 3756 1476 his
3786 1428 3916 1477 tem-

2277 1509 2506 1579 poribus
2561 1507 2855 1565 excitatum
2912 1516 3016 1575 est,
3058 1509 3185 1565 data
3241 1508 3576 1566 Silvensibus
3636 1508 3917 1567 monachis

2277 1598 2461 1653 Sancti
2509 1594 2875 1653 Bartholomei
2915 1596 3167 1664 ecclesia,
3202 1611 3324 1654 eum
3373 1597 3557 1655 multis
3610 1599 3917 1669 possessio-

2277 1687 2441 1741 nibus
2488 1687 2555 1742 ad
2605 1687 2994 1743 sustentandos
3041 1688 3340 1745 monachos
3369 1703 3397 1744 e
3438 1688 3803 1759 Silva-Majori
3835 1703 3919 1745 ex-

2280 1777 2440 1843 citos,
2472 1774 2566 1845 qui
2605 1776 2682 1832 ibi
2712 1776 2976 1847 deinceps
3006 1792 3180 1848 usque
3211 1777 3279 1834 ad
3310 1780 3553 1835 nostram
3592 1776 3770 1834 ferme
3798 1785 3920 1834 seta-

2283 1870 2391 1920 tem
2424 1870 2860 1934 perseverarunt.
2910 1866 3007 1922 Hic
3040 1864 3193 1922 locus
3226 1866 3390 1923 modo
3421 1867 3473 1922 in
3504 1866 3834 1937 prioratum,
3866 1872 3917 1924 ut

2277 1957 2494 2021 vocant,
2528 1955 2831 2024 simplicem
2883 1954 3139 2012 redactus
3186 1957 3495 2012 etiamnunc
3543 1955 3707 2013 Silva:
3737 1957 3917 2027 Majori

2277 2040 2559 2111 subjectus
2587 2050 2690 2110 est,
2734 2042 2830 2100 sed
2864 2044 2953 2100 vix
2984 2053 3281 2116 supersunt
3318 2045 3510 2117 exigua
3558 2044 3777 2116 antiqui
3816 2058 3921 2101 mo-

2278 2130 2504 2187 nasterii
2544 2131 2761 2188 rudera.
2806 2132 2992 2188 Varias
3031 2132 3208 2190 eidem
3239 2133 3362 2190 loco
3392 2134 3460 2189 ab
3489 2134 3719 2190 Alberto
3746 2134 3918 2189 Tece-

2277 2220 2377 2275 lini
2410 2217 2545 2288 ﬁlio,
2567 2220 2799 2292 aliisque
2828 2221 2959 2277 viris
2988 2220 3267 2279 nobilibus
3297 2224 3561 2293 deinceps
3587 2222 3917 2279 donationes

2278 2309 2469 2376 factas,
2510 2309 2733 2366 exhibet
2779 2309 3111 2367 chartarium
3154 2312 3417 2368 Silvense.
3471 2330 3500 2363 α
3538 2311 3765 2379 Demos,
3797 2310 3919 2368 viri-

2282 2398 2514 2467 darium,
2566 2404 2797 2467 curtem,
2848 2422 2874 2449 »
2938 2406 3070 2466 etc.,
3127 2400 3271 2471 apud
3326 2400 3654 2457 Aurelianos
3708 2402 3921 2458 vivente

2282 2487 2461 2543 adhuc
2491 2492 2681 2545 sancto
2718 2488 2951 2547 Geraldo
2982 2491 3291 2547 habuerunt
3328 2490 3601 2547 Silvenses
3644 2490 3922 2557 monachi,

2283 2582 2343 2631 ut
2372 2576 2633 2634 discimus
2681 2590 2747 2633 ex
2775 2578 2945 2635 veteri
2984 2580 3180 2636 notitia
3219 2579 3287 2635 ab
3323 2578 3446 2651 ipso
3483 2578 3719 2636 Geraldo
3761 2579 3926 2647 facta,

2283 2667 2339 2721 in
2387 2680 2493 2736 qua
2540 2670 2773 2723 testatur
2825 2664 3224 2725 Theodericum
3270 2682 3328 2725 se
3377 2666 3485 2725 huc
3533 2667 3928 2735 transmisisse,

2283 2760 2343 2812 ut
2370 2754 2581 2827 aliquot
2619 2758 2936 2813 monasterii
2969 2759 3053 2814 sui
3094 2761 3473 2828 possessiones
3500 2771 3529 2812 a
3573 2757 3932 2814 calumniato-

2283 2843 2437 2900 ribus
2465 2845 2801 2913 viudicaret;
2844 2846 2925 2902 sic
2953 2847 3157 2917 quippe
3189 2845 3353 2903 habet
3378 2865 3391 2902 :

2360 2952 2387 2985 ‹‹
2419 2936 2487 3005 in,
2508 2933 2710 2992 Christi
2739 2934 2980 3005 nomine,
3024 2950 3125 3008 ego
3154 2935 3442 3002 Giraudus,
3488 2934 3717 2992 humilis
3764 2936 3933 2991 abbas

2285 3026 2497 3080 Sanctae
2541 3024 2721 3081 Maria
2770 3027 3086 3081 monasterii
3117 3024 3537 3096 Silvaa-Majorls,
3580 3030 3777 3081 notum
3821 3023 3934 3081 ﬁeri

557 3124 763 3187 aptum,
816 3126 869 3172 et
918 3117 1116 3172 multas
1162 3118 1543 3186 possessiones
1590 3115 1656 3170 ad
1698 3115 1816 3184 ejus
1863 3113 2199 3169 dotationem
2226 3113 2411 3187 ﬂvolo
2450 3112 2704 3170 ﬁdelibus
2732 3118 2937 3171 sancta:
2968 3112 3062 3171 Dei
3098 3114 3377 3182 Ecclesiae,
3411 3120 3518 3171 tam
3563 3115 3935 3186 praesentibus

2225 3159 2271 3220 C

560 3205 843 3261 monachis
872 3204 1277 3274 Silvae-Majoris
1305 3204 1675 3275 suppeditavit
1703 3202 1848 3258 Eiias
1877 3201 1945 3257 de
1972 3201 2203 3257 Didonia
2227 3200 2271 3220 ν
2291 3216 2450 3273 quam
2479 3201 2699 3271 futuris,
2732 3202 2879 3273 quod
2910 3202 3130 3273 quidam
3160 3200 3348 3272 frater,
3381 3202 3603 3260 nomine
3630 3202 3937 3260 Theoderi-

561 3308 682 3350 cum
715 3307 883 3350 uxore
914 3308 1012 3350 sua
1031 3293 1215 3350 Avicia
1238 3300 1292 3350 et
1320 3292 1447 3349 ﬁliis
1465 3292 1705 3359 Galtero,
1727 3290 1949 3356 Gifardo
1980 3295 2034 3346 et
2064 3291 2200 3346 Elia.
2290 3306 2406 3358 cus,
2436 3292 2580 3347 ﬁlius
2606 3293 2868 3358 Anselmi,
2901 3292 3159 3362 despecta
3198 3306 3358 3363 quam
3407 3290 3703 3349 exercebat
3746 3290 3935 3349 mundi

562 3383 858 3439 Laudatum
904 3396 1103 3438 annum
1137 3380 1360 3453 praefert
1390 3380 1577 3437 charta
1617 3379 1952 3445 donationis,
1994 3392 2117 3449 quae
2148 3378 2203 3433 in
2290 3379 2504 3447 militia,
2537 3380 2892 3436 salvationem
2922 3380 3117 3437 animae
3147 3390 3259 3437 stite
3290 3395 3546 3452 quaerens
3574 3380 3645 3437 ad
3676 3395 3786 3438 nos
3817 3394 3935 3437 con-

561 3471 685 3542 ipso
715 3472 965 3543 Rugiano
996 3471 1224 3528 castello
1254 3473 1379 3527 data
1410 3478 1492 3528 est
1522 3484 1666 3527 anno
1696 3468 1849 3536 1092,
1893 3467 2085 3525 indict.
2109 3482 2201 3525 xv.
2287 3467 2446 3540 fugit,
2496 3475 2553 3525 et
2599 3467 2794 3526 devote
2842 3477 3130 3540 susceptus
3167 3475 3269 3526 est.
3320 3469 3565 3527 Contulit
3607 3473 3778 3527 etiam
3823 3482 3934 3527 cum

560 3562 867 3623 Praesentes
897 3563 1043 3616 inter
1079 3561 1218 3617 alios
1255 3561 1486 3617 aderant
1539 3578 1568 3611 «
1608 3558 1917 3630 Stephanus
1945 3557 2114 3613 abbas
2153 3563 2208 3614 et
2289 3572 2525 3632 persona
2546 3561 2651 3626 sui,
2676 3573 2838 3631 quam
2867 3562 2978 3616 Deo
3010 3568 3065 3617 et
3093 3568 3297 3617 sanctae
3327 3561 3509 3617 Maria:
3539 3569 3597 3617 et
3625 3566 3831 3618 sancto
3852 3562 3937 3617 Be-

563 3651 788 3707 eremita
811 3651 878 3707 de
901 3650 1153 3706 Cordano
1184 3650 1434 3717 insula,»
1468 3655 1521 3705 et
1543 3646 1830 3729 Herle‘gius
1852 3649 2004 3718 prior
2023 3648 2209 3704 Silvaz-
2290 3649 2512 3707 nedicto
2561 3664 2661 3720 per
2694 3654 3143 3706 manus'nostras
3178 3648 3400 3717 obtulit,
3433 3648 3501 3706 de
3538 3650 3713 3706 rebus
3743 3651 3864 3706 suis
3890 3654 3938 3705 et

562 3741 782 3810 Majoris
812 3753 934 3795 cum
973 3738 1095 3794 aliis
1125 3737 1330 3807 multis,
1373 3751 1513 3810 quos
1558 3750 1850 3797 recensere
1891 3735 2209 3808 singillatim
2292 3746 2578 3809 parentum
2609 3751 2853 3806 suorum,
2880 3732 3082 3809 praeter
3109 3739 3164 3795 id
3195 3739 3344 3810 quod
3374 3753 3560 3795 secum
3592 3740 3804 3808 attulit,
3840 3743 3939 3795 Au.

563 3829 700 3884 nihil
739 3829 988 3884 interest.
2293 3827 2517 3883 relianis
2547 3826 2765 3883 civitate
2795 3826 2989 3884 domos
3019 3841 3142 3883 cum
3174 3826 3431 3883 viridario
3464 3832 3517 3884 et
3547 3835 3710 3884 curte
3741 3834 3801 3884 et
3830 3833 3940 3884 ter-

642 3916 725 3971 11.
758 3916 957 3970 Iisdem
989 3917 1327 3985 temporibus
1355 3916 1511 3972 Dimo
1540 3915 1625 3971 vir
1653 3913 1856 3972 nobilis
1885 3926 2007 3971 cum
2039 3927 2210 3970 uxore
2293 3930 2409 3972 ram
2447 3915 2807 3987 adjacentem,
2852 3929 3011 3987 quam
3052 3917 3294 3974 tenebat.
3343 3915 3404 3972 in
3442 3916 3565 3987 ipso
3606 3916 3776 3973 etiam
3819 3931 3940 3988 pro-

568 4018 666 4059 sua
715 4009 769 4058 et
818 4003 1008 4059 liberis
1063 4006 1340 4060 concessit
1394 4004 1730 4061 monasterio
1792 4004 2212 4075 Silvae-Majoris
2295 4013 2487 4076 spectu
2544 4004 2779 4062 civitatis
2834 4004 3113 4062 vinearum
3163 4018 3445 4075 arpennos
3484 4013 3779 4076 septem...
3827 4004 3940 4061 Non

573 4091 859 4148 ecclesiam
898 4095 1079 4147 Sancti
1120 4094 1265 4148 Petri
1312 4094 1381 4148 de
1428 4092 1847 4160 Neronis-Villa,
1888 4094 1945 4148 in
1984 4090 2212 4149 dioecesi
2295 4094 2467 4151 multo
2496 4107 2626 4151 vero
2675 4095 2940 4165 temporis
2990 4093 3210 4151 labente
3242 4094 3539 4161 curriculo,
3579 4102 3764 4151 mater
3801 4094 3942 4150 illius

573 4181 877 4237 Senonensi
915 4181 1094 4247 sitam,
1129 4181 1222 4236 ubi
1268 4179 1521 4236 monachi
1558 4183 1769 4252 aliquot
1813 4182 2050 4238 instituti
2089 4182 2214 4239 iue-
2296 4192 2351 4240 et
2395 4184 2566 4240 frater
2604 4184 2817 4240 cuidam
2851 4186 2991 4255 patri
3034 4184 3227 4239 harum
3266 4199 3446 4239 rerum
3487 4185 3822 4254 injuriosam
3866 4184 3944 4239 in.

573 4276 719 4327 runt.
772 4271 922 4326 lianc
970 4269 1346 4326 fundationem
1390 4276 1637 4341 tempore
1687 4271 1833 4327 beati
1872 4270 2088 4327 Geraldi
2127 4269 2212 4327 fa-
2291 4272 2545 4343 jecerunt
2587 4272 2947 4338 calumniam;
2999 4271 3145 4328 unde
3177 4286 3277 4343 ego
3317 4271 3486 4329 abbas
3515 4278 3571 4328 et
3610 4271 3816 4328 fratres
3844 4274 3945 4328 mei

572 4366 713 4416 ctam
752 4356 918 4415 fuisse
957 4358 1264 4431 colligimus
1313 4373 1380 4416 ex
1418 4373 1689 4417 consensu
1746 4360 1987 4416 Bleherii
2035 4362 2212 4418 Seno-
2298 4362 2545 4418 misimus
2596 4362 2774 4433 ipsum
2822 4360 3153 4418 confratrcm
3210 4368 3458 4418 nostrum
3514 4359 3941 4425 Theodericum,

571 4450 757 4505 nensis
800 4447 1240 4540 archiepiscopi,
1282 4449 1412 4540 qui
1442 4462 1586 4506 anno
1637 4448 1796 4540 10967
1826 4451 1935 4506 vita
1990 4450 2212 4540 functus
2233 4453 2361 4540 Dut
2399 4436 2549 4521 quod
2606 4452 2937 4508 monasterio
2995 4451 3170 4540 beatae
3207 4448 3389 4507 Maria:
3421 4449 3761 4540 contulerat,
3794 4450 3945 4523 plene

571 4544 673 4593 est.
708 4539 880 4607 Hujus
917 4543 1098 4593 autem
1136 4536 1244 4593 ioci
1275 4535 1560 4594 facultates
1588 4539 1824 4610 augendi
1864 4538 2211 4596 occasionem
2234 4535 2277 4540 —
2300 4541 2679 4611 acquietaret.’
2706 4542 2926 4596 Factum
2980 4544 3064 4595 est
3109 4536 3184 4595 ita
3220 4540 3394 4611 gratia
3441 4539 3557 4595 Dei.
3596 4560 3624 4592 »
3664 4547 3781 4596 etc.
3828 4540 3949 4596 Fur»

571 4627 810 4698 praebuit
852 4625 1069 4697 insigne
1116 4625 1461 4694 miraculum,
1502 4627 1649 4698 quod
1701 4630 1758 4684 in
1806 4630 1977 4685 veteri
2016 4629 2217 4684 notitia
2299 4644 2426 4687 num
2476 4631 2530 4687 in
2572 4631 2760 4687 eadem
2810 4631 3028 4686 civitate
3066 4630 3254 4698 situm,
3287 4635 3342 4685 et
3379 4627 3515 4685 alias
3562 4629 3950 4700 possessiones

571 4716 840 4773 Chartarii
878 4714 1159 4783 Silvensis,
1208 4718 1416 4787 absque
1462 4717 1574 4773 ulla
1611 4719 1880 4787 temporis
1927 4722 2077 4786 nota,
2127 4717 2217 4774 his

573 4807 754 4863 verbis
791 4806 1048 4862 refertur.
1103 4825 1131 4858 «
1162 4807 1286 4862 Fuit
1325 4807 1547 4877 quidam
1586 4808 1764 4874 miles,
1797 4809 2017 4864 nomine
2048 4808 2215 4864 Fulco

573 4897 787 4962 Faicus,
840 4892 934 4966 qui
990 4895 1181 4951 habuit
1227 4897 1517 4967 quemdam
1564 4895 1736 4952 ﬁlium
1786 4896 2068 4964 clericum,
2120 4910 2220 4952 no-

576 4986 719 5041 mine
749 4985 1136 5041 Garmundum.
1173 4986 1272 5042 llic
1312 4998 1435 5040 cum
1481 4984 1537 5040 in
1569 4982 1942 5041 adolescentia
1980 5000 2078 5041 sua
2116 5002 2219 5042 sa:-

577 5075 780 5130 cularis
834 5073 960 5130 vitae
1027 5074 1242 5130 actibus
1306 5074 1582 5145 superﬂue
1647 5074 1913 5142 intentus,
1978 5075 2219 5131 omnium

579 5163 763 5219 carnis
812 5163 1151 5233 voluptatum
1209 5174 1268 5217 se
1320 5164 1452 5234 jugo
1504 5163 1904 5232 supposuisset,
1956 5168 2031 5230 et,
2073 5162 2220 5234 quod

580 5260 664 5310 est
701 5250 941 5324 gravius,
980 5253 1037 5308 in
1076 5251 1435 5307 Simoniaeam
1485 5252 1738 5309 haeresim
1787 5252 2044 5323 delapsus
2092 5266 2225 5309 con-

581 5350 666 5400 tra
696 5343 788 5399 Dei
819 5342 1154 5399 voluntatem
1202 5340 1396 5397 illicita
1433 5341 1603 5398 multa
1646 5348 2054 5413 perpetrasset;
2096 5349 2222 5398 tan-

580 5431 704 5489 dem
761 5433 915 5503 gravi
972 5430 1165 5488 dolore
1222 5431 1590 5489 membrorum
1638 5444 1950 5502 percussus,
1992 5437 2222 5488 mortem

582 5536 702 5577 esse
766 5520 996 5576 vicinam
1065 5520 1362 5589 aestimans,
1431 5521 1681 5578 ecclesia:
1755 5522 1968 5578 Sanctae
2042 5521 2222 5597 Mariae

584 5606 987 5678 Majoris—Silvaa
1018 5613 1072 5665 et
1108 5610 1370 5666 Ecclesiae
1409 5611 1592 5667 Sancti
1623 5611 1769 5667 Petri
1799 5609 2223 5668 Neronis-Villae

584 5694 827 5765 selpsum
864 5693 1106 5762 donavit,
1148 5703 1203 5753 et
1240 5712 1270 5752 a
1318 5699 1553 5768 quodam
1606 5699 1876 5756 monacho
1921 5698 2029 5755 loci
2078 5696 2226 5754 illius

2300 4721 2356 4775 in
2412 4720 2607 4776 vicinis
2663 4719 2799 4775 vicis
2863 4720 2997 4775 sitas
3061 4718 3240 4775 eidem
3306 4719 3646 4775 monasterio
3717 4718 3947 4776 contulit

2298 4808 2599 4867 Gelduinus
2664 4810 2901 4881 Philippi
2958 4807 3105 4880 regis
3163 4808 3464 4878 familiaris,
3525 4813 3586 4866 ut
3645 4825 3719 4866 ex
3786 4811 3949 4866 altera

2303 4900 2498 4955 notitia
2555 4898 2819 4955 discimus
2866 4899 2947 4955 sic
2994 4913 3106 4954 rem
3157 4903 3489 4969 exponente.
3524 4919 3551 4950 »
3611 4898 3856 4967 Quidam
3890 4898 3951 4953 de

2302 4988 2505 5045 familia
2551 4988 2760 5045 domini
2809 4986 3047 5059 Philippi
3091 4986 3422 5045 Francorum
3463 4988 3614 5060 regis
3649 4986 3955 5045 Gelduinus

2304 5078 2546 5144 nomine,
2570 5077 2691 5148 ipso
2722 5092 2850 5147 rege
2882 5074 3263 5134 consentiente
3284 5083 3340 5133 et
3359 5078 3712 5145 consulente,
3739 5090 3954 5135 omnem

2304 5166 2492 5224 mundi
2522 5166 2751 5238 gloriam
2781 5164 3024 5238 reliquit,
3060 5182 3123 5222 ac
3152 5182 3212 5223 se
3245 5181 3451 5237 suaque
3474 5166 3745 5225 ecclesiae
3775 5167 3957 5224 Silvae-

2303 5255 2523 5327 Majoris
2572 5255 2818 5324 tradidit,
2859 5253 3215 5324 habitumque
3262 5260 3467 5311 sanctae
3515 5254 3955 5312 conversationis

2305 5359 2335 5399 e
2375 5343 2578 5401 domno
2608 5342 2849 5412 Giraldo,
2884 5345 3062 5415 primo
3093 5342 3339 5414 ejusdem
3366 5340 3476 5399 loci
3521 5342 3727 5400 abbate
3777 5358 3953 5401 susse

2306 5434 2405 5504 pit.
2465 5434 2568 5489 Hic
2625 5449 2778 5505 ergo,
2815 5455 2840 5482 »
2894 5438 3002 5491 etc.
3052 5430 3145 5489 ubi
3194 5437 3555 5489 recensentur
3592 5449 3684 5489 res
3724 5434 3804 5491 ab
3846 5436 3955 5505 ipso

2304 5520 2573 5579 Gelduino
2603 5522 2865 5588 collatam,

2386 5609 2467 5666 l3.
2524 5615 2682 5668 Anno
2725 5611 2863 5668 1083
2916 5610 3203 5683 Philippus
3258 5608 3592 5668 Francorum
3644 5626 3745 5667 rex
3808 5612 3967 5684 regni

2309 5701 2394 5757 sui
2424 5715 2568 5758 anno
2605 5700 2676 5755 23
2714 5700 2868 5757 dedit
2909 5720 2938 5754 «
2968 5699 3218 5757 ecclesiae
3266 5700 3482 5757 Sanctae
3527 5698 3709 5756 Mariae
3764 5702 3969 5756 matris
