4056 6150
492 385 627 439 1015

1542 383 1598 437 S.
1637 383 1924 436 GERALDI
1961 382 2236 437 ABBATIS
2273 379 2785 435 SlLVxE—MAJORIS

3731 378 3873 431 1016

481 511 644 566 miam
704 509 1080 578 cognovissem
1139 511 1537 576 paupertatem,
1580 506 1741 560 aliam
1799 520 1910 562 non
1958 504 2411 576 longeAreferre
2436 507 2607 572 juvat,
2649 503 2797 573 quod
2830 515 2930 572 pro
2979 516 3045 558 eo
3095 508 3203 558 tam
3242 503 3364 559 vivo
3395 517 3561 573 quam
3592 502 3873 558 defuncto

481 599 611 655 dedi
643 597 723 653 eis
753 598 1041 652 ecclesiam
1073 602 1262 649 sancto
1291 595 1496 649 Jacobo
1528 594 1856 660 dedicatam,
1889 595 2128 650 illorum-

483 702 590 757 que
616 686 874 756 suffragio
912 685 994 739 vel
1035 684 1294 752 precibus
1322 697 1551 752 sperans
1590 698 1763 738 meam
1793 683 1938 754 apud
1961 685 2128 738 Deum

483 776 726 845 adjuvari
767 775 1020 827 animam.
1055 790 1082 821 »
1124 774 1256 825 Tum
1297 779 1550 827 recenset
1596 773 1773 826 varias
1803 772 2130 827 donationes

486 880 515 918 a
557 879 614 918 se
641 863 790 917 etab
825 863 1050 930 llugone
1109 860 1345 929 quodam
1395 862 1623 916 eremita
1681 861 1965 916 monachis
2021 859 2132 914 illis

486 952 675 1017 factas,
717 965 840 1018 quae
879 949 1060 1004 omnia
1099 963 1195 1003 rex
1226 949 1343 1018 ipse
1376 964 1496 1004 cum
1537 949 1649 1005 ﬁlio
1680 965 1779 1005 suo
1813 953 1974 1005 Petro
2006 963 2134 1005 con-

487 1040 718 1095 cessisse
750 1045 804 1092 et
843 1038 1195 1093 conﬁrmasse
1240 1038 1464 1092 dicitur.
1515 1038 1664 1094 Idem
1716 1040 1978 1108 princeps
2025 1053 2134 1094 aera

487 1144 696 1193 ucxxn,
737 1127 1027 1182 Meschitas
1070 1127 1172 1196 (V.,
1213 1127 1498 1196 mosquées)
1553 1127 1620 1182 de
1660 1130 1885 1198 Essoya,
1943 1128 2134 1196 procul

488 1218 656 1274 dubio
688 1232 716 1270 a
747 1217 946 1270 Mauris
977 1222 1215 1284 ereptas,
1249 1230 1370 1270 cum
1401 1216 1634 1270 decimis
1663 1225 1718 1271 et
1756 1217 1878 1272 aliis
1907 1217 2136 1272 redditi-

487 1307 589 1360 bus
646 1305 928 1360 monachis
966 1303 1304 1358 Silvensibus
1362 1305 1607 1358 tradidit.
1671 1305 1768 1359 Cui
1828 1305 2133 1371 donationi,

487 1399 690 1464 praeter
723 1397 935 1447 Petrum
968 1394 1086 1461 ejus
1117 1392 1308 1459 ﬁlium,
1349 1393 1681 1462 subscripsit
1729 1408 1949 1463 quoque
1998 1395 2138 1449 Feli-

491 1486 575 1539 cia
602 1483 788 1552 regina
828 1483 945 1550 ejus
995 1495 1134 1536 uxor
1183 1486 1238 1536 et
1288 1483 1431 1536 Petri
1491 1488 1701 1548 mater;
1758 1482 1929 1537 multo
1983 1483 2138 1551 plura

492 1572 714 1627 donavit
744 1585 853 1625 aera
882 1586 1080 1625 ncxxxr
1111 1584 1298 1625 mense
1336 1570 1585 1635 Octobri,
1629 1570 1685 1624 id
1717 1577 1798 1625 est
1837 1571 1999 1640 paulo
2048 1585 2142 1625 an-

494 1666 712 1728 tequam
748 1673 776 1711 e
815 1659 950 1711 vivis
972 1657 1286 1724 excederet,
1320 1659 1538 1712 occisus
1559 1659 1764 1727 quippe
1787 1664 1871 1713 est
1899 1660 1956 1713 in
1974 1663 2138 1714 Aucat

494 1748 648 1802 urbis
697 1747 990 1801 obsidione
1040 1760 1183 1802 anno
1221 1747 1497 1814 sequenti,
1550 1748 1603 1802 id
1645 1755 1728 1802 est
1776 1761 1918 1803 anno
1963 1748 2136 1814 1094,

2210 596 2327 649 ﬁeri
2358 596 2585 660 curavit,
2619 595 2674 648 in
2706 607 2947 663 perenne
2978 594 3049 649 ob
3091 600 3172 648 tot
3202 593 3466 650 beneﬁcia
3501 594 3570 647 ab
3603 609 3672 649 eo
3703 609 3875 650 acce-

2212 690 2304 753 pta
2349 683 2488 752 grati
2545 683 2710 737 animi
2769 688 3200 737 monumentum.
3243 683 3397 749 Quod
3438 683 3668 751 quidem
3709 684 3874 738 insti-

2213 778 2410 837 tutum,
2453 785 2522 825 ne
2551 769 2692 826 forte
2733 777 2858 839 post
2905 769 3067 840 longa
3113 777 3422 839 temporum
3461 768 3761 826 intervalla
3815 774 3866 826 in

2214 860 2630 914 desuetudinem
2687 859 2884 925 abiret,
2927 860 3244 914 convocatis
3292 860 3347 913 in
3401 860 3705 928 capitulum
3750 859 3870 913 fra-

2216 949 2413 1017 tribus,
2446 949 2621 1018 iisque
2654 948 2796 1004 ultro
2835 949 3333 1011 consentientibus,
3383 948 3607 1017 publico
3660 950 3872 1003 instru-

2217 1044 2400 1092 mento
2457 1038 2626 1092 inseri
2684 1037 2876 1102 voluit,
2945 1038 3093 1106 quod
3149 1038 3205 1092 in
3242 1037 3462 1092 Archivi
3520 1038 3870 1092 Silvensibus

2217 1127 2319 1181 sub
2351 1127 2451 1181 hac
2480 1125 2653 1181 forma
2683 1125 2936 1180 habetur.

2292 1232 2320 1268 ‹‹
2363 1218 2419 1270 ln
2469 1216 2689 1270 nomine
2728 1221 2932 1270 sanctae
2971 1221 3027 1270 et
3067 1215 3365 1270 individua:
3405 1216 3718 1270 Trinitatis.
3759 1218 3872 1271 No-

2221 1311 2333 1360 tum
2374 1305 2490 1360 ﬁeri
2530 1304 2780 1359 volumus
2809 1304 3022 1358 cunctis
3051 1311 3258 1359 sancta:
3290 1304 3552 1359 Ecclesia:
3582 1304 3870 1371 ﬁdelibus,

2221 1401 2326 1446 tam
2370 1392 2605 1461 posteris
2643 1405 2805 1461 quam
2854 1392 3239 1460 praesentibus,
3290 1391 3440 1461 quod
3480 1392 3722 1446 domnus
3755 1395 3874 1446 Vil-

2222 1481 2416 1535 lelmus
2467 1480 2796 1534 venerabilis
2833 1481 3139 1549 Aquitaniae
3187 1480 3319 1547 dux,
3376 1480 3650 1550 quidquid
3700 1482 3876 1537 habe-

2217 1557 2315 1624 bat
2347 1571 2398 1624 in
2442 1570 2742 1636 territorio,
2795 1569 2941 1638 quod
2983 1569 3324 1638 Silva-Major
3362 1571 3694 1638 appellatur,
3735 1584 3877 1624 san-

2224 1666 2325 1713 ctae
2384 1659 2564 1712 Mariae
2611 1657 2859 1724 tradidit,
2909 1664 3073 1727 atque
3117 1658 3267 1712 omni
3306 1658 3560 1712 libertate
3621 1660 3874 1713 donavit.

2223 1748 2336 1816 Ego
2367 1747 2553 1815 itaque
2593 1745 2877 1812 Geraldus,
2931 1746 3274 1816 providentia
3303 1746 3403 1800 Dei
3433 1747 3604 1801 abbas
3638 1748 3874 1816 primus,

493 1834 583 1889 die
613 1834 647 1885 4
703 1834 869 1888 Junii.
913 1834 1169 1901 Ejusdem
1229 1848 1394 1906 porro
1451 1836 1598 1904 regis
1653 1836 1886 1891 consilio
1942 1829 2345 1892 PetrusBcum
2383 1836 2530 1890 omni
2573 1835 2796 1890 fratrum
2845 1835 3079 1905 collegio
3128 1836 3490 1901 decrevimus,
3549 1837 3877 1890 decretum-

495 1922 938 1990 Pampilonensis
1002 1923 1251 1986 antistes,
1318 1922 1439 1992 (qui
1489 1937 1554 1976 ex
1621 1924 1891 1978 monacho
1956 1926 2140 1980 Sancti
2225 1938 2332 1992 que
2373 1924 2428 1977 in
2468 1924 2899 1993 congregatione
2937 1926 3227 1979 statuimus
3267 1931 3324 1978 ut
3363 1938 3462 1993 pro
3497 1925 3605 1978 hoc
3637 1925 3874 1994 aliisque

493 2011 676 2065 Poutii
708 2010 1079 2065 Tomeriarum
1113 2011 1168 2064 in
1207 2010 1373 2065 Gallis
1402 2010 1471 2064 ad
1501 2011 1642 2065 hanc
1689 2012 1896 2079 sedem,
1945 2020 2006 2067 ut
2051 2015 2144 2068 Ta-
2225 2013 2508 2068 beneﬁciis
2539 2027 2660 2081 quae
2693 2013 2926 2081 plurima
2973 2027 3101 2082 erga
3132 2026 3234 2067 nos
3279 2019 3562 2082 operatur,
3596 2015 3655 2067 in
3691 2022 3876 2068 nostra

496 2099 673 2153 maius
703 2100 759 2152 in
793 2099 1041 2169 catalogo
1083 2100 1469 2168 episcoporum
1523 2100 2023 2168 Pampilonensium
2052 2101 2142 2156 die
2225 2117 2442 2170 semper
2513 2102 2779 2157 orationis
2834 2103 3096 2158 memoria
3152 2102 3452 2170 habeatur;
3516 2109 3798 2172 quatenus
3849 2118 3878 2157 a

495 2189 528 2239 7
559 2187 762 2256 Aprilis
790 2188 964 2242 relato
1004 2194 1209 2254 monet,
1260 2194 1481 2242 evectus
1519 2187 1737 2254 fuerat,l
1774 2189 2143 2259 Argileensem
2227 2191 2445 2246 Christo
2477 2191 2974 2246 remunerationem
3013 2197 3305 2246 mereatur.
3336 2193 3450 2246 Hoc
3477 2206 3708 2261 quoque
3739 2206 3879 2246 con-

498 2277 798 2332 Ecclesiam
858 2291 980 2331 cum
1027 2278 1142 2330 suis
1183 2277 1530 2345 pertinentiis
1576 2284 1630 2332 et
1677 2277 1800 2332 aliis
1839 2279 2147 2335 redditibus
2229 2280 2526 2346 stituimus,
2570 2287 2628 2334 ut
2685 2294 2784 2348 pro
2825 2294 2892 2334 eo
2949 2280 3180 2350 singulis
3215 2280 3577 2336 hebdomadis
3617 2281 3881 2350 specialis

499 2373 691 2420 sancto
730 2365 961 2420 Geraldo
1002 2364 1225 2420 donavit
1254 2379 1362 2419 aera
1393 2380 1595 2419 mcxxv.
2230 2369 2394 2422 missa
2459 2374 2707 2434 canatur,
2775 2374 2940 2438 atque
3006 2375 3207 2438 quanta
3272 2369 3506 2438 singulis
3571 2368 3876 2434 fratribus,

577 2453 660 2507 l7.
699 2452 964 2507 Geraldus
1003 2459 1185 2507 autem
1222 2457 1304 2506 tot
1359 2452 1751 2507 beneﬁciorum
1808 2467 1839 2508 a
1896 2455 1986 2523 pio
2019 2468 2148 2524 rege

501 2545 852 2609 acceptorum
883 2553 994 2594 non
1042 2541 1328 2594 immemor
1373 2541 1565 2594 statuit
1622 2546 1682 2595 ut
1738 2556 1879 2596 unus
1933 2557 2153 2612 semper

510 2643 719 2698 pauper
749 2629 871 2684 loco
903 2629 1051 2683 illius
1080 2628 1228 2698 regis
1265 2627 1352 2683 vel
1383 2630 1502 2697 ejus
1539 2643 1920 2685 successorum
1951 2631 2006 2685 in
2038 2644 2154 2686 mo-

512 2718 753 2772 nasterio
784 2718 1014 2772 Silvensi
1055 2717 1377 2771 nutriretur.
1421 2719 1713 2772 Decretum
1760 2733 1822 2773 ea
1852 2719 1920 2774 de
1959 2734 2018 2774 re
2068 2718 2157 2774 fa-~

513 2814 659 2862 ctum
690 2807 796 2862 huc
830 2805 1077 2876 proferre
1117 2807 1272 2862 libet.

2231 2465 2381 2513 tanta
2407 2458 2456 2511 ei
2497 2457 2745 2526 quotidie
2777 2457 3110 2513 decernatur
3157 2459 3452 2527 praebenda
3485 2473 3586 2527 pro
3637 2473 3708 2514 eo
3749 2473 3882 2526 pan-

2233 2547 2459 2616 peribus
2505 2545 2803 2616 eroganda.
2843 2546 2998 2613 Quod
3029 2547 3104 2600 ita
3152 2546 3436 2602 deﬁnitum
3475 2555 3580 2613 est,
3627 2554 3692 2602 ut
3738 2549 3879 2602 sicut

2234 2635 2339 2690 hoc
2370 2635 2537 2688 invita
2567 2635 2740 2703 ipsius
2768 2635 2968 2705 agitur,
2993 2649 3101 2690 non
3134 2636 3332 2691 minori
3361 2637 3548 2691 studio
3579 2645 3714 2706 post
3741 2651 3886 2691 mor-

2233 2728 2364 2789 tem,
2407 2723 2650 2792 quandiu
2687 2723 2902 2778 steterit
2940 2723 3194 2790 ecclesia,
3235 2730 3445 2794 agatur.
3495 2726 3880 2781 Necessarium

2236 2825 2368 2881 ergo
2393 2811 2648 2865 duximus
2674 2817 2733 2866 ut
2761 2811 2866 2867 hoc
2905 2814 3185 2868 memoriae
3214 2813 3532 2882 chartisque
3563 2815 3881 2882 mandetur,

585 2915 614 2947 (ι
655 2898 1058 2951 Testamentum
1097 2897 1414 2951 monasterii
1455 2899 1634 2952 Beataa
1686 2898 1868 2952 Mariae
1909 2898 1976 2952 de
2015 2898 2156 2952 Silva
2238 2914 2308 2955 ne
2375 2898 2684 2954 futurorum
2742 2899 3074 2970 negligentia
3131 2899 3394 2968 privetur.
3462 2903 3705 2972 Scripta:
3757 2911 3882 2958 sunt

511 2985 743 3052 Majores
774 2983 842 3036 ad
874 2997 1057 3052 regem
1088 2984 1342 3038 Sancium
1393 2987 1818 3052 Aragonensem.
1861 2987 1939 3039 Ex
1968 2991 2158 3042 aucto—
2239 2992 2423 3059 itaque
2453 2989 2575 3044 duae
2628 2990 2837 3045 similes
2892 2989 3177 3056 chartulae,
3218 2998 3277 3046 ut
3334 2990 3598 3059 przefatus
3638 2993 3753 3047 dux
3793 2993 3884 3047 ha-

510 3072 674 3124 ritate
724 3071 818 3124 Dei
877 3071 1054 3123 Patris
1093 3072 1509 3139 omnipotentis,
1569 3085 1634 3125 ex
1690 3072 1958 3140 petitione
2012 3075 2159 3144 regis
2240 3079 2366 3134 beat
2392 3092 2573 3144 unam,
2607 3079 2778 3134 altera
2815 3093 2944 3134 vero
2975 3079 3048 3134 sit
3089 3080 3234 3148 apud
3282 3080 3597 3135 ecclesiam.
3640 3082 3802 3147 Quod
3839 3081 3884 3136 si

509 3157 694 3211 Sancii
726 3157 1011 3223 conﬁrmo,
1048 3162 1102 3211 et
1148 3158 1564 3213 successoribus
1612 3161 1818 3214 nostris
1855 3161 2149 3217 tenendum
2239 3165 2383 3222 forte
2443 3168 2731 3236 quisquam
2761 3167 2890 3222 huic
2927 3167 3156 3222 decreto
3186 3169 3462 3224 contrarie
3504 3184 3884 3240 praesumpse-

507 3245 798 3316 przeeipio,
842 3251 1112 3314 quatenus
1143 3259 1242 3314 pro
1274 3260 1401 3316 rege
1431 3247 1648 3311 Sancio,
1691 3254 1746 3302 et
1776 3262 1875 3317 pro
1908 3262 2153 3319 unoquo-

507 3349 614 3404 que
646 3334 713 3388 de
745 3334 1098 3388 successione
1129 3334 1304 3403 ipsius
1334 3349 1542 3404 pauper
1580 3349 1722 3390 unus
1777 3337 1832 3390 in
1883 3347 2154 3395 conventu

505 3423 613 3478 isto
643 3423 970 3491 accipiatur,
1013 3429 1072 3476 ut
1100 3424 1402 3478 monachus
1455 3424 1546 3478 ﬁat
1575 3425 1801 3480 omnino
1840 3426 1961 3481 sine
1993 3442 2155 3496 pecu-

507 3513 616 3577 nia,
650 3511 774 3567 loco
807 3511 954 3578 regis
983 3513 1267 3576 vestiatur,
1301 3512 1594 3567 manducet
1625 3518 1680 3567 et
1709 3513 1862 3568 bibat
1893 3521 1948 3569 et
1988 3522 2150 3580 oret;

507 3600 762 3656 similiter
790 3612 892 3668 pro
923 3600 1360 3654 successoribus.
1400 3600 1455 3654 Si
1485 3601 1718 3655 moritur
1755 3615 1896 3657 unus
1926 3603 1994 3658 de
2023 3618 2157 3672 pau-

509 3689 736 3759 peribus
791 3688 885 3756 qui
941 3686 1071 3742 facti
1117 3693 1245 3742 sum
1283 3689 1537 3744 monachi
1587 3702 1685 3758 pro
1737 3691 1978 3760 regibus,
2020 3691 2158 3746 alter

509 3777 634 3832 loco
665 3779 785 3846 ejus
814 3775 1166 3843 subrogetur.
1195 3777 1383 3831 Omnis
1411 3777 1686 3846 capitulus
1714 3779 2153 3848 responderunt:

507 3869 719 3930 Amen;
752 3863 866 3930 ﬁat,
908 3863 1020 3918 ﬁat.
1056 3882 1083 3914 »
1123 3865 1380 3933 Acceptis
1420 3879 1516 3919 rex
1554 3865 1640 3920 his
1676 3865 1878 3922 litteris
1923 3867 2157 3923 Geraldo

509 3954 711 4022 gratias
741 3952 874 4021 egit,
907 3957 968 4005 ut
998 3965 1065 4006 ex
1096 3954 1213 4021 ejus
1246 3954 1516 4023 rescripto
1554 3953 1842 4023 habemus,
1883 3956 2032 4024 quod
2065 3970 2161 4024 pa-

511 4041 647 4095 riter
677 4056 706 4095 e
736 4040 1023 4095 Chartario
1062 4041 1292 4096 Silvensi
1322 4042 1430 4098 huc
1461 4042 1811 4112 proferimus.

586 4146 614 4179 «
651 4128 998 4197 Rescriptum
1037 4128 1218 4183 Sancii
1278 4130 1424 4200 regis
1461 4131 1530 4185 ad
1588 4131 1808 4186 beatum
1844 4133 2156 4188 Geraldum.

510 4218 646 4286 Quia
678 4231 778 4286 pro
809 4231 894 4272 me
935 4223 989 4272 et
1036 4219 1453 4274 successoribus
1501 4221 1637 4275 meis
1683 4223 1740 4276 in
1781 4222 2022 4291 capitulo
2061 4237 2158 4277 ve-

511 4315 628 4362 stro
662 4307 788 4361 talia
820 4305 1207 4372 conﬁrmastis,
1242 4308 1385 4363 Deus
1423 4309 1579 4364 vobis
1627 4310 1917 4378 retribuat,
1951 4319 2006 4365 et
2035 4325 2157 4377 nos,

416 4394 420 4398 ’
513 4398 559 4453 si
591 4397 699 4451 vita
730 4409 917 4451 comes
947 4394 1132 4462 fuerit,
1167 4411 1277 4452 non
1309 4400 1516 4453 erimus
1553 4400 1773 4467 ingrati.
1805 4401 1885 4456 Ad
1917 4415 2162 4470 praesens

2243 3257 2335 3322 rit,
2377 3256 2739 3311 anathematis
2777 3255 3024 3325 periculo
3083 3270 3211 3311 reus
3261 3258 3386 3323 erit,
3445 3257 3632 3313 donec
3673 3259 3887 3314 satisfa-

2237 3345 2421 3400 ctione
2452 3345 2744 3400 obedierit.
2791 3345 2872 3399 Ad
2921 3344 3349 3401 conﬁrmandum
3399 3360 3535 3416 ergo
3585 3348 3758 3417 hujus
3813 3350 3884 3404 rei

2236 3435 2612 3489 testimonium
2641 3433 3068 3502 subscripsimus
3108 3437 3329 3490 nomina
3367 3449 3584 3501 eorum,
3619 3438 3722 3504 qui
3763 3439 3883 3492 huic

2239 3521 2466 3577 decreto
2507 3521 2910 3577 interfuerunt:
2953 3523 3005 3576 S.
3040 3523 3268 3578 Roberti
3315 3523 3382 3578 de
3430 3525 3790 3595 Burgundia:
3833 3529 3886 3580 S.

2239 3610 2497 3665 Willelmi
2554 3611 2701 3680 Elya:
2748 3610 3206 3680 Burdegalensis;
3248 3613 3302 3667 S.
3343 3614 3491 3668 Petri
3543 3616 3889 3670 vicecomitis

2240 3697 2307 3752 de
2346 3699 2716 3766 Castellione;
2756 3701 2810 3753 S.
2842 3701 3117 3754 Amanewi
3157 3701 3225 3756 de
3278 3702 3496 3757 Marcba
3519 3719 3536 3766 ;
3577 3703 3636 3757 S.
3669 3704 3886 3759 Rodulﬁ

2241 3787 2309 3842 de
2339 3789 2540 3843 Sancto
2572 3788 2768 3858 Eligio.
2806 3809 2830 3837 ι)

2319 3875 2400 3931 19.
2443 3877 2816 3932 Particulatim
2855 3880 3196 3948 praescripsit
3239 3881 3362 3950 pius
3396 3881 3569 3936 abbas
3612 3883 3749 3952 quid
3793 3896 3892 3953 pro

2242 3966 2439 4034 quovis
2468 3964 2752 4033 defuncto,
2774 3967 2888 4021 sive
2910 3981 2977 4022 ex
2998 3970 3318 4023 monasterii
3337 3969 3421 4024 sui
3443 3973 3758 4038 monachis,
3781 3974 3892 4027 sive

2243 4067 2311 4108 ex
2347 4054 2470 4108 aliis
2498 4053 2706 4110 findere
2755 4055 3028 4124 spirituali
3077 4057 3183 4126 ipsi
3232 4060 3566 4126 conjunctis,
3618 4069 3894 4129 praestan-

2242 4142 2373 4197 dum
2404 4150 2568 4210 esset,
2603 4158 2728 4212 quae
2775 4145 2958 4199 omnia
3006 4146 3062 4200 in
3123 4146 3265 4202 libro
3323 4148 3389 4202 ad
3447 4149 3556 4203 hoc
3614 4150 3892 4205 destinato

2243 4231 2484 4287 describi
2542 4234 2772 4288 curavit.
2834 4235 2892 4288 In
2952 4235 3270 4306 necrologio
3321 4243 3502 4292 autem
3543 4253 3658 4294 non
3715 4241 3895 4295 solum

2245 4321 2498 4388 istorum,
2541 4322 2638 4377 sed
2706 4323 2868 4377 etiam
2908 4323 3142 4379 aliorum
3199 4325 3610 4382 benefactorum
3675 4331 3899 4384 nomina

2243 4411 2414 4466 inseri
2444 4411 2636 4478 voluit,
2679 4419 2740 4468 ut
2775 4413 2957 4482 aliqua
2987 4413 3178 4468 saltem
3209 4428 3398 4470 eorum
3429 4418 3698 4472 memoria
3727 4427 3888 4487 quot-

515 4499 583 4576 ex
620 4485 949 4576 auctoritate
977 4485 1082 4576 ‘Dei
1122 4492 1193 4576 et
1216 4493 1402 4540 nostra
1460 4489 1847 4544 conﬁrmamus
1884 4495 1939 4544 et
1977 4479 2227 4559 poste-D
2251 4501 2430 4566 anuis,
2490 4501 2580 4556 die
2619 4515 2810 4556 eorum
2859 4479 3045 4557 obitus
3082 4502 3140 4557 in
3186 4501 3414 4558 fratrum
3464 4479 3899 4576 congregatione

516 4574 594 4627 ris
622 4573 828 4628 nostris
858 4573 1292 4629 conﬁrmandum
1331 4577 1712 4644 proponimus,
1746 4584 2018 4647 quatenus
2047 4593 2164 4634 om-

515 4662 606 4716 nia
636 4661 781 4716 dona
818 4676 942 4731 quae
975 4661 1103 4716 dedi
1134 4662 1312 4727 vobis,
1347 4663 1430 4718 vel
1470 4679 1594 4733 qua:
1635 4667 1863 4720 daturus
1901 4682 2020 4722 sum
2062 4682 2164 4738 ego

517 4751 600 4806 vel
643 4753 852 4820 posteri
882 4751 1080 4816 nostri,
1123 4752 1197 4806 ita
1238 4751 1410 4808 libera
1459 4753 1569 4808 sint
1616 4754 1951 4825 ubicunque,
2017 4757 2165 4826 quod

516 4855 695 4910 neque
727 4841 1103 4895 ecclesiastica
1133 4855 1390 4910 persona,
1436 4855 1614 4912 neque
1649 4845 1932 4899 saecularis
1968 4847 2169 4901 audeat

519 4930 851 4999 inquietare,
881 4929 1024 4984 sicut
1055 4935 1242 4985 nostra
1283 4933 1507 5000 propria
1539 4931 1739 5002 palatia
1765 4953 1777 4987 :
1829 4934 1876 4988 si
1907 4935 2031 5004 quis
2076 4937 2166 4990 in-

521 5019 870 5088 quietaverit,
927 5031 1024 5072 seu
1083 5019 1527 5088 inquietantibus
1592 5024 1957 5090 consenserit,
2029 5023 2167 5079 iram

521 5109 618 5162 Dei
675 5121 799 5163 cum
855 5107 1189 5163 detrimento
1229 5109 1312 5164 sui
1351 5111 1605 5180 corporis
1658 5112 1924 5167 incurrat.
1965 5114 2167 5169 Custo-

525 5197 805 5253 dientibus
832 5199 941 5252 vita
980 5203 1035 5253 et
1073 5212 1196 5267 pax.
1242 5200 1356 5254 Hoc
1406 5201 1675 5266 concedo,
1717 5200 1824 5256 hoc
1863 5202 2128 5259 conﬁrmo
2152 5195 2176 5268 ,’

523 5286 633 5342 hoc
663 5287 900 5355 posteris
957 5287 1094 5341 meis
1141 5287 1458 5344 memoriale
1497 5303 1620 5344 cum
1659 5289 1835 5345 salute
1894 5291 2167 5362 relinquo.

525 5378 642 5432 Hoc
697 5375 912 5446 signum
951 5375 1150 5430 divinae
1199 5377 1615 5446 recognitionis,
1656 5383 1711 5433 et
1757 5379 1860 5433 hos
1908 5385 2078 5436 testes
2114 5382 2170 5436 in

526 5464 726 5532 quibus
757 5472 940 5520 manet
969 5465 1364 5521 testimonium.
1403 5485 1431 5517 »

545 5568 554 5571 -
606 5551 688 5604 18.
748 5553 901 5607 Haud
960 5553 1142 5608 minus
1197 5553 1472 5610 sollicitus
1505 5553 1609 5611 fuit
1664 5553 1789 5625 pius
1837 5557 2007 5612 abbas
2071 5573 2171 5629 pro

529 5638 805 5696 Willelmo
871 5640 1269 5711 Aquitanorum
1332 5644 1493 5701 duce.
1553 5647 1682 5715 Ejus
1746 5650 2009 5703 statutum
2065 5649 2173 5705 huc

2248 4587 2423 4642 ﬁeret.
2457 4588 2595 4654 Quid
2624 4602 2755 4644 vero
2796 4603 2896 4658 pro
2953 4604 3066 4646 suae
3124 4592 3570 4661 congregationis
3608 4595 3902 4648 monachis

2249 4677 2543 4732 dicendum
2607 4685 2701 4733 aut
2756 4676 3069 4734 faciendum
3123 4681 3464 4747 instituerit,
3525 4681 3799 4738 discimus
3836 4700 3899 4740 ex

2250 4766 2448 4821 notitia
2487 4781 2648 4836 quam
2679 4769 2911 4836 ipsemet
2939 4768 3135 4823 beatus
3171 4769 3343 4826 abbas
3371 4783 3436 4834 ea
3473 4770 3542 4825 de
3580 4786 3642 4827 re
3699 4773 3898 4828 edidit.

2326 4875 2351 4903 α
2417 4857 2784 4925 Cognoscant,
2852 4856 3066 4926 inquit,
3143 4872 3336 4914 omnes
3408 4864 3517 4914 tam
3595 4871 3900 4929 praesentes

2252 4958 2412 5014 quam
2444 4944 2814 5012 subsecuturi,
2855 4946 3003 5015 quod
3045 4959 3146 5016 ego
3185 4947 3452 5003 Geraldus
3487 4949 3663 5004 abbas
3693 4962 3898 5009 sancta

2252 5032 2434 5086 Mariae
2499 5031 2908 5102 Silvae-Majoris
2971 5034 3219 5103 quamvis
3291 5036 3592 5106 indignus,
3674 5041 3896 5097 utilitati

2252 5121 2498 5176 vivorum
2535 5128 2592 5175 et
2621 5129 2959 5177 mortuorum
3006 5123 3322 5191 consulens,
3375 5127 3687 5182 communis
3729 5130 3898 5183 totius

2255 5210 2699 5280 congregationis
2723 5210 2956 5266 consilio
3013 5213 3273 5279 stabilivi,
3315 5220 3370 5269 et
3417 5220 3478 5270 ut
3524 5216 3580 5270 in
3632 5225 3897 5272 aeternum

2255 5303 2574 5368 permaneat
2603 5297 2803 5354 litteris
2832 5298 3078 5355 mandari
3116 5303 3377 5370 praecepi.
3419 5302 3474 5357 Si
3522 5304 3652 5373 quis
3696 5314 3895 5361 nostra

2255 5387 2704 5457 congregationis
2739 5386 3042 5444 decesserit
3087 5389 3313 5456 saculo,
3375 5391 3781 5463 nobiscumque
3819 5409 3898 5449 se-

2255 5477 2444 5546 pultus
2472 5475 2658 5544 fuerit,
2691 5490 2864 5546 usque
2893 5479 2960 5534 ad
2991 5492 3194 5534 annum
3233 5481 3390 5549 panis
3437 5487 3493 5536 et
3542 5482 3731 5538 vinum
3764 5499 3898 5554 pau-

2256 5565 2482 5636 peribus
2506 5578 2607 5634 pro
2648 5579 2714 5621 eo
2746 5565 3128 5646 tribueturnet
3177 5583 3349 5638 usque
3389 5570 3457 5624 ad
3505 5570 3734 5642 triginta
3785 5572 3904 5629 dies

2257 5655 2326 5710 ab
2365 5655 2620 5712 omnibus
2650 5655 2814 5711 missa
2843 5663 2898 5712 et
2936 5657 3136 5727 vigiliae
3167 5666 3509 5715 mortuorum
3540 5662 3906 5718 communiter
