4096 6156
353 283 486 336 1017

1512 288 1685 340 VITA.
1722 315 1794 325 —
1829 286 2191 341 OBSERVAT.
2237 288 2538 343 l‘lt/EYl/E.

3577 287 3710 344 1018

347 408 809 473 celebrabuntur;
861 408 937 462 ita
975 413 1154 464 autem
1194 414 1255 464 ut
1301 411 1515 480 priores
1560 416 1772 480 septem
1811 410 2299 470 missaAlaudato
2347 411 2709 468 Rubeavallis
2738 412 3144 483 Martyrologio,
3172 413 3266 470 ubi
3295 417 3467 470 sancti
3497 415 3715 472 Geraldi

347 504 403 554 et
443 497 644 567 vigilia
675 497 996 552 solenmiter
1027 499 1256 567 pulsatis
1286 499 1458 570 signis
1496 500 1752 555 omnibus
1783 501 1992 570 persol-

345 593 576 652 vantur;
610 586 957 640 sacerdotum
988 600 1120 641 vero
1148 589 1524 658 unusquisque
1557 603 1655 658 pro
1688 602 1752 644 eo
1782 595 1990 658 septem

347 675 510 730 missa
541 674 852 744 perorabit;
887 674 978 743 qui
1009 675 1269 731 sacerdos
1301 690 1407 731 non
1439 683 1540 742 est,
1567 677 1670 732 tria
1703 676 1988 746 psalteria;

346 765 442 834 qui
491 763 556 818 ad
609 763 925 832 psalterium
974 765 1216 819 nondum
1270 767 1537 834 pervenit,
1580 781 1753 836 usque
1783 765 1852 820 ad
1885 767 1989 820 tri-

345 855 497 921 ginta
527 853 646 907 dies
673 859 884 922 septem
917 853 1156 922 psalmos
1185 855 1433 922 quotidie
1465 856 1733 921 cantabit;
1777 856 1871 924 qui
1901 869 1992 909 au-

345 949 453 998 tem
496 941 690 1006 nescit,
721 942 928 1010 septies
957 943 1206 1010 quotidie
1254 944 1536 1008 Miserere;
1587 944 1681 1013 qui
1721 958 1850 999 vero
1889 958 1991 999 nec

342 1031 618 1095 Miserere,
667 1029 874 1097 septies
930 1029 1179 1097 quotidie
1229 1032 1389 1084 Pater
1425 1037 1620 1097 noster,
1656 1052 1683 1080 ι)
1734 1039 1840 1088 etc.
1893 1034 1994 1087 Re-

343 1126 641 1174 censentur
670 1122 860 1188 postea
891 1119 1186 1174 societates
1225 1118 1548 1174 Silvensium
1600 1122 1991 1177 monachorum

344 1221 468 1262 cum
499 1207 622 1261 aliis
669 1207 1028 1262 ecclesiarum
1077 1223 1171 1262 seu
1206 1209 1662 1263 monasteriorum
1715 1211 1994 1265 conventi-

346 1297 472 1362 bus,
504 1311 641 1366 quas
688 1296 861 1352 fusius
901 1297 991 1351 hic
1031 1298 1286 1366 persequi
1321 1312 1431 1351 non
1463 1304 1635 1353 vacat.
1670 1301 1799 1353 Eam
1830 1315 1989 1368 quam

344 1387 462 1456 ipse
518 1386 783 1440 Geraldus
840 1401 961 1440 cum
1018 1387 1205 1441 Odone
1273 1387 1468 1441 abbate
1535 1389 1709 1443 sancti
1765 1390 1992 1444 Joannis

342 1475 760 1544 Ang’eriacensis
807 1474 863 1528 in
905 1475 1148 1543 capitulo
1199 1476 1610 1544 Silva-Majoris
1641 1478 1781 1544 iniit,
1826 1477 1992 1532 refert

345 1563 754 1632 Papebrochius
802 1565 856 1617 in
906 1564 1384 1633 observationibus
1433 1566 1651 1634 praviis
1702 1567 1768 1621 ad
1820 1568 1990 1636 ipsam

346 1653 492 1708 beati
537 1651 753 1708 Geraldi
793 1652 966 1706 Vitam
1017 1667 1165 1707 num.
1207 1652 1290 1719 18,
1343 1668 1502 1723 quam
1554 1656 1628 1709 ibi
1679 1657 1877 1724 cuique
1915 1657 1994 1710 vi-

2075 498 2408 555 confessoris
2452 502 2712 555 memoria
2760 501 3012 568 habetur,
3042 502 3258 557 Geraldi
3307 505 3481 558 nostri
3525 504 3716 559 laudes

2075 603 2140 642 ex
2170 589 2339 643 veteri
2392 595 2572 657 poeta,
2625 594 2679 643 et
2727 604 2793 644 ex
2842 590 3087 645 Lisiardo
3147 593 3518 661 prosequitur.
3579 594 3713 646 Fer-

2075 678 2251 731 rarius
2297 691 2426 732 vero
2476 678 2530 732 in
2580 678 2829 748 catalogo
2877 679 3120 748 generali
3169 687 3481 736 sanctorum
3527 680 3716 736 eadem

2075 764 2162 819 die
2210 765 2498 820 Geraldum
2549 774 2817 833 nostrum,
2869 782 2990 822 cum
3043 767 3276 823 Geraldo
3333 768 3716 834 Auriliacensi,

2074 859 2238 921 atque
2289 853 2453 908 alium
2502 855 2744 923 ejusdem
2795 856 3033 911 nominis
3081 857 3332 912 abbatem
3373 858 3722 912 Lemovicen-

2073 956 2186 996 sem
2239 943 2458 1010 laudat;
2519 949 2573 998 at
2621 944 2912 999 Bucelinus
2969 945 3098 1000 licet
3142 952 3389 1000 nostrum
3428 946 3718 1001 Geraldum

2070 1033 2179 1100 jam
2211 1033 2300 1086 die
2333 1031 2368 1084 5
2388 1032 2590 1101 Aprilis
2621 1034 3019 1104 consignasset,
3045 1038 3163 1103 ejus
3192 1041 3372 1090 tamen
3399 1036 3715 1090 memoriam

2074 1121 2272 1175 iterum
2313 1122 2513 1189 repetit
2549 1120 2612 1173 l3
2649 1123 2924 1177 Octobris.
2965 1124 3070 1177 Sed
3099 1124 3219 1179 hac
3261 1126 3516 1194 persequi
3548 1124 3722 1179 fusius

2076 1209 2210 1263 nihil
2255 1211 2426 1278 juvat.
2479 1210 2778 1265 Fatendum
2828 1217 2912 1265 est
2951 1218 3131 1267 tamen
3181 1215 3514 1282 pracipuam
3570 1214 3717 1268 beati

2074 1299 2289 1352 Geraldi
2336 1297 2680 1353 festivitatem
2723 1301 3027 1370 antiquitus
3065 1301 3392 1356 celebratam
3433 1301 3598 1357 fuisse
3629 1302 3719 1356 die

2073 1385 2135 1438 21
2171 1387 2338 1451 Junii,
2381 1388 2528 1456 quod
2561 1402 2623 1442 ea
2665 1387 2753 1442 die
2803 1404 3016 1443 sacrum
3071 1393 3190 1458 ejus
3245 1404 3447 1460 corpus
3486 1406 3514 1446 e
3573 1398 3719 1446 terra

2075 1475 2309 1530 levatum
2349 1474 2533 1530 fuerit.
2578 1477 2657 1532 ld.
2693 1485 2909 1532 constat
2955 1492 3021 1532 ex
3060 1477 3260 1533 litteris
3291 1480 3506 1534 Ottonis
3553 1480 3721 1549 Aqui-

2077 1565 2239 1618 tania
2289 1564 2466 1629 ducis,
2527 1579 2662 1633 quas
2710 1565 2850 1618 infra
2898 1567 3295 1623 exhibebimus.
3346 1567 3555 1636 Duplex
3603 1570 3722 1636 ejus

2077 1650 2272 1706 festum
2304 1659 2695 1708 commemorat
2733 1653 2975 1708 Silvease
3016 1655 3400 1710 Kalendarium
3444 1676 3456 1709 :
3508 1655 3722 1710 scilicet

345 1741 478 1796 dere
518 1741 665 1805 licet,
698 1740 841 1794 sicut
870 1745 925 1794 et
954 1741 1176 1795 nomina
1217 1741 1602 1811 plerarumque
1633 1730 2194 1808 ecclesiarumBejus
2242 1741 2446 1806 obitus,
2500 1749 2557 1795 ut
2597 1741 2760 1796 modo
2810 1742 3147 1807 dicebamus,
3189 1743 3278 1797 die
3323 1743 3358 1795 5
3405 1742 3627 1812 Aprilis,
3669 1748 3723 1797 et

345 1843 470 1898 qua
502 1843 624 1884 cum
672 1828 1029 1897 Silva-Majori
1075 1844 1297 1898 precum
1337 1831 1654 1885 societatem
1696 1832 1990 1888 habebant.

347 1919 405 1972 ln
461 1919 550 1972 his
599 1924 777 1972 tamen
826 1917 1038 1986 aliquot
1091 1918 1288 1973 menda
1342 1921 1753 1975 amanuensium
1803 1936 1992 1978 errore

347 2008 727 2075 irrepserunt;
777 2005 858 2060 sic
895 2009 950 2060 S.
994 2007 1300 2060 Mauritii...
1343 2008 1656 2073 Usercensi,
1689 2011 1991 2066 Genevensi

345 2095 608 2164 scriptum
660 2100 762 2160 est,
814 2108 914 2163 pro
962 2095 1016 2148 S.
1059 2093 1483 2166 Maurini,'qua
1532 2096 1749 2150 abbatia
1811 2104 1892 2152 est
1936 2100 1991 2152 in

347 2183 572 2238 diacesi
611 2182 947 2254 Aginnensi;
1019 2184 1328 2250 Usercensi,
1370 2183 1426 2238 id
1475 2191 1559 2239 est
1613 2204 1639 2233 ‹‹
1682 2185 1921 2240 Uzerche
1964 2205 1990 2235 ))

345 2272 492 2341 apud
536 2273 869 2338 Lemovices,
903 2277 958 2326 et
986 2273 1306 2339 Generensi,
1338 2273 1499 2343 vulgo
1542 2293 1568 2324 «
1594 2275 1648 2327 S.
1681 2275 1754 2328 Pé
1785 2274 1852 2329 de
1884 2277 1991 2330 Ge-

351 2375 517 2416 nerez
544 2379 571 2411 »
606 2361 659 2414 in
691 2360 918 2416 diacesi
949 2361 1252 2416 Tarbcinsi.

419 2449 509 2502 20.
548 2449 764 2505 Geraldi
804 2450 1014 2505 obitum
1065 2450 1134 2504 ad
1181 2463 1380 2504 annum
1437 2450 1569 2503 1095
1608 2451 1852 2505 revocari
1892 2450 1996 2506 de-

347 2539 504 2603 bere,
564 2551 746 2604 nemo,
806 2544 865 2593 ut
922 2539 1142 2607 quidem
1202 2539 1437 2604 videtur,
1499 2537 1731 2592 inﬁciari
1790 2544 1991 2606 potest.

348 2628 409 2682 Id
449 2627 655 2696 quippe
702 2627 924 2682 disertis
961 2628 1143 2681 verbis
1189 2628 1393 2682 habent
1430 2627 1688 2682 secunda
1730 2627 1863 2681 Vita
1894 2642 1994 2681 au-

350 2724 494 2782 ctor,
528 2718 682 2786 Hugo
733 2716 1156 2771 Flaviniacensis
1193 2718 1362 2771 abbas
1400 2717 1456 2771 in
1495 2717 1770 2772 Chronico
1800 2717 1997 2770 Virdu-

350 2807 510 2860 nensi
548 2805 788 2875 scriptor
841 2807 1187 2875 synchronus
1226 2806 1686 2870 accuratissimus,
1720 2813 1774 2860 et
1803 2810 1996 2860 auctor

347 2894 607 2949 Chronici
672 2894 1046 2949 Malleacensis
1084 2909 1180 2950 seu
1211 2895 1385 2950 sancti
1426 2894 1702 2950 Maxentii.
1745 2895 1866 2948 Non
1897 2895 1996 2948 mi-

349 2996 456 3037 nus
503 2988 686 3038 certus
731 2983 948 3038 videtur
997 2998 1117 3038 esse
1167 2983 1286 3039 dies
1333 2985 1452 3052 ejus
1508 2984 1721 3049 mortis,
1763 2997 1886 3037 cum
1937 2983 1994 3037 in

2076 1828 2465 1894 Revelationis,
2501 1829 2588 1882 die
2619 1828 2682 1881 21
2716 1830 2883 1883 Junii.

2142 1915 2236 1970 21.
2270 1918 2442 1972 Porro
2472 1916 2610 1971 adeo
2641 1917 2877 1972 celebris
2906 1917 3083 1974 fuerat
3112 1918 3258 1974 beati
3287 1919 3526 1986 Geraldi,
3561 1919 3722 1974 etiam

2077 2005 2255 2060 adhuc
2304 2005 2552 2070 viventis,
2616 2007 2900 2073 sanctitas,
2951 2014 3010 2062 ut
3067 2009 3249 2063 statim
3307 2015 3433 2078 post
3489 2016 3720 2064 mortem

2076 2107 2237 2148 nemo
2286 2094 2615 2148 dubitaverit
2655 2109 2776 2149 eum
2828 2101 3076 2150 sanctum
3125 2096 3424 2166 appellare,
3475 2112 3538 2152 ac
3588 2097 3724 2151 reli-

2077 2181 2234 2250 quias
2271 2183 2390 2249 ejus
2424 2196 2487 2236 ac
2532 2182 2798 2236 tumulum
2838 2184 3106 2249 venerari,
3140 2185 3303 2239 etiam
3345 2186 3660 2255 priusquam
3692 2198 3723 2239 a

2076 2283 2288 2325 summo
2347 2270 2607 2339 pontifice
2665 2272 2810 2326 inter
2864 2277 3086 2327 sanctos
3139 2274 3455 2329 authentice
3513 2273 3724 2328 relatus

2076 2357 2290 2414 fuisset.
2344 2359 2400 2414 ld
2433 2373 2542 2414 non
2572 2359 2749 2415 solum
2790 2375 2856 2415 ex
2894 2369 3130 2431 utroque
3171 2364 3292 2431 ejus
3323 2363 3456 2418 Vita
3495 2369 3721 2417 auctore

2077 2454 2313 2512 constat,
2347 2449 2442 2502 sed
2475 2449 2638 2503 etiam
2686 2463 2753 2503 ex
2800 2449 3050 2505 Baldrico
3100 2458 3231 2506 tunc
3269 2451 3467 2506 abbate
3517 2453 3723 2520 Burgu-

2078 2535 2258 2602 lieusi,
2311 2544 2500 2606 postea
2539 2537 2957 2607 archiepiscopo
3006 2539 3257 2594 Dolensis
3304 2539 3585 2606 Ecclesia,
3627 2540 3721 2609 qui

2078 2630 2306 2692 accepto
2338 2626 2482 2680 beati
2512 2626 2747 2691 abbatis,
2789 2627 2882 2695 qui
2913 2629 3030 2696 ejus
3072 2628 3281 2682 amicus
3309 2627 3505 2694 fuerat,
3531 2629 3724 2683 mortis

2082 2715 2292 2778 nuntio,
2326 2715 2530 2779 statim,
2573 2729 2672 2783 pro
2712 2714 2931 2770 illorum
2971 2722 3276 2785 temporum
3319 2731 3493 2783 more,
3534 2731 3724 2772 versus

2078 2802 2407 2871 conscripsit
2453 2802 2509 2856 in
2556 2803 2735 2857 varias
2790 2803 3064 2858 Ecclesias
3131 2805 3604 2872 transmittendos,
3665 2807 3722 2861 in

2078 2893 2278 2962 quibus
2319 2891 2607 2947 Geraldum
2659 2892 3120 2947 «sanctissimum
3155 2912 3182 2944 »
3233 2893 3495 2962 appellat,
3536 2893 3722 2963 aitque

2080 2995 2198 3036 eum
2243 2980 2518 3049 precibus,
2553 2987 2612 3034 ut
2654 2980 2746 3035 alii
2791 2979 3055 3046 defuncti,
3089 2995 3200 3037 non
3249 2981 3538 3053 indigere;
3589 2984 3722 3052 quin

352 3076 582 3139 utraque
641 3071 757 3125 Vita
825 3070 958 3139 ipsis
1022 3072 1193 3126 Nonis
1246 3071 1450 3140 Aprilis
1503 3072 1587 3126 vir
1651 3076 1873 3126 sanctus
1925 3055 2136 3126 adCet
2183 3070 2453 3136 eumdem,
2506 3076 2565 3124 ut
2616 3071 2722 3125 sibi
2778 3071 3009 3140 aliisque
3064 3071 3374 3126 viventibus
3432 3072 3723 3128 subvenire

348 3172 584 3227 superos
623 3159 866 3214 evolasse
899 3159 1146 3224 dicatur;
1199 3174 1300 3214 nec
1330 3160 1587 3214 dissentit
1632 3161 1787 3229 Hugo
1824 3159 1992 3214 Flavi-

350 3247 646 3312 niacensis,
679 3248 774 3316 qui
822 3247 986 3302 habet
1032 3262 1176 3304 anno
1214 3247 1368 3315 1095,
1401 3248 1534 3303 feria
1574 3255 1788 3317 quarta,
1821 3248 1910 3302 die
1940 3263 1994 3302 x1

349 3337 536 3390 Nonas
581 3336 802 3404 Aprilis,
855 3351 884 3390 a
933 3337 1112 3391 noctis
1163 3338 1359 3393 medio'
1403 3351 1576 3406 usque
1624 3338 1692 3392 ad
1740 3350 1994 3392 auroram

347 3424 539 3478 stellas
577 3439 606 3478 e
645 3424 785 3479 calo
825 3424 1024 3480 cadere
1073 3427 1215 3480 visas
1260 3425 1466 3490 fuisse;
1522 3433 1634 3479 tum
1672 3425 1991 3494 subjungit:

352 3533 380 3564 ‹‹
427 3515 623 3569 Eadem
674 3523 836 3569 nocte
897 3516 1150 3570 Giraldus
1211 3516 1380 3570 abbas
1436 3516 1840 3584 Silva-Majoris
1898 3516 1997 3570 mi-
2069 3555 2071 3557 ι

347 3603 525 3673 gravit
553 3603 619 3657 ad
663 3605 971 3659 Dominum.
1005 3624 1032 3655 »
1085 3605 1142 3658 Id
1175 3610 1355 3659 tamen
1386 3604 1476 3658 die
1517 3605 1770 3673 sequenti
1820 3605 1997 3660 conti-

347 3692 496 3761 gisse
542 3693 735 3746 scribit
783 3698 976 3747 auctor
1022 3693 1270 3748 chronici
1319 3694 1710 3760 Malleacensis,
1743 3693 1838 3762 qui
1875 3707 1996 3747 san-

349 3779 427 3833 cti
464 3779 679 3834 Geraldi
719 3788 948 3834 mortem
999 3787 1053 3835 et
1099 3781 1376 3836 stellarum
1411 3795 1440 3836 e
1489 3781 1628 3836 calo
1659 3795 1843 3835 casum
1877 3796 1993 3836 VIII.

347 3869 479 3922 ldus
528 3868 731 3938 Aprilis
775 3869 1080 3939 consignat.
1129 3873 1196 3924 At
1239 3871 1289 3925 ei
1341 3884 1450 3924 non
1499 3870 1675 3925 solum
1726 3870 1991 3940 llugonis,

347 3956 470 4011 scd-
507 3963 562 4012 et
628 3958 912 4027 utriusque
985 3958 1115 4013 Vita
1181 3959 1355 4014 sancti
1421 3959 1638 4014 Geraldi
1705 3959 1997 4030 scriptoris

348 4043 694 4114 praferenda
741 4053 823 4101 est
869 4047 1188 4101 auctoritas.
1241 4049 1305 4102 Et
1351 4047 1571 4117 quidem
1614 4047 1714 4101 hac
1757 4047 1874 4116 ipsa
1905 4046 1994 4100 die

348 4141 685 4190 memoratur
716 4136 770 4190 in
800 4142 1016 4190 vetusto
1064 4137 1392 4206 Necrologio
1443 4137 1763 4192 monasterii
1809 4136 1996 4192 Smcti

349 4225 498 4278 Petri
545 4225 916 4280 Carnotensis.
969 4225 1028 4278 In
1080 4225 1409 4295 Necrologio
1459 4224 1804 4296 Corbeiensi,
1846 4226 1995 4294 quod

349 4325 463 4366 non
516 4313 686 4368 multo
726 4320 849 4382 post
881 4313 1056 4381 ipsius
1082 4313 1298 4368 Geraldi
1338 4315 1542 4368 obitum
1576 4322 1856 4370 exaratum
1888 4320 1992 4380 est,

2081 3173 2187 3215 non
2221 3159 2570 3228 dedignetur,
2606 3167 2814 3215 exorat.
2838 3160 3061 3230 Aliquot
3091 3175 3158 3215 ex
3187 3160 3308 3216 istis
3339 3161 3586 3215 versibus
3616 3161 3723 3217 huc

2078 3248 2326 3318 proferre
2351 3249 2556 3303 nemini
2586 3247 2702 3304 fore
2730 3249 3000 3318 ingratum
3031 3263 3336 3303 censemus.
3367 3251 3608 3304 Cateros
3629 3250 3722 3318 qui

2079 3337 2259 3406 legere
2291 3337 2456 3402 volet,
2488 3337 2669 3401 adeat,
2710 3337 2754 3390 si
2795 3337 2948 3402 libet,
2991 3337 3286 3392 Chesnium
3316 3341 3465 3392 tomo
3496 3337 3561 3391 IV
3601 3337 3723 3391 His-

2079 3425 2236 3478 toria
2268 3425 2543 3478 Francica
2573 3423 2925 3492 scriptorum.

2150 3515 2280 3567 Cum
2313 3525 2412 3581 pro
2444 3510 2719 3567 defunctis
2748 3513 2962 3567 soleant
2991 3526 3151 3568 orare
3183 3513 3393 3579 fideles,

2222 3603 2434 3670 Proque
2465 3601 2569 3655 sibi
2597 3601 2778 3657 charis
2809 3609 3136 3672 perpetuent
3165 3603 3470 3672 lacrymas;

2151 3691 2254 3744 Pro
2287 3691 2442 3744 Patre
2471 3689 2704 3744 Geraldo
2736 3689 2870 3744 nihil
2902 3697 2985 3745 est
3017 3691 3300 3760 utriusque
3333 3705 3579 3759 necesse,

2220 3778 2319 3844 Qui
2348 3777 2471 3832 cali
2499 3777 2633 3832 civis
2663 3778 2842 3833 incola
2871 3779 3005 3832 vixit
3035 3779 3206 3833 humi.

2149 3866 2556 3935 Silva-Majoris
2579 3867 2726 3934 jacet
2756 3866 2845 3921 hic
2874 3868 3252 3921 sanctissimus
3282 3868 3473 3935 abbas,

2221 3955 2489 4009 Abbatum
2520 3955 2802 4024 splendor,
2837 3962 2891 4010 et
2923 3955 3230 4011 monachile
3257 3957 3446 4012 decus.

2150 4043 2341 4108 Gallia,
2375 4044 2658 4113 congaude
2689 4044 2942 4111 Geraldo,
2976 4059 3138 4114 quem
3175 4045 3437 4116 genuisti,

2219 4135 2295 4185 Ac
2326 4133 2542 4187 cineres
2571 4140 2791 4188 sanctos
2822 4133 2909 4188 hic
2940 4148 3201 4188 venerare
3232 4147 3385 4189 suos.

2149 4224 2253 4277 Ora
2285 4236 2384 4290 pro
2417 4222 2595 4286 nobis,
2629 4221 2878 4286 Geralde,
2917 4223 3074 4276 Pater
3104 4222 3406 4276 reverendc
3433 4241 3445 4276 :

2221 4310 2339 4363 Non
2371 4323 2512 4378 opus
2540 4319 2622 4364 est
2656 4322 2754 4378 pro
2785 4315 2838 4362 te
2870 4322 2971 4362 nos
3000 4309 3148 4362 aliud
3185 4315 3394 4378 petere.

349 4373 784 4470 hacteguntur:
813 4423 837 4449 ‹‹
861 4373 1032 4456 Nonis
1059 4403 1261 4470 Aprilis
1291 4401 1711 4457 obiitGeraldus
1730 4373 2063 4471 StephaniD
2151 4394 2240 4449 22.
2283 4373 2623 4451 Procedente
2656 4373 2928 4465 tempore
2985 4409 3108 4450 cum
3150 4373 3409 4450 miracula
3462 4395 3530 4450 ad
3576 4397 3726 4452 beati

347 4490 755 4559 Silva-Majoris
794 4491 963 4545 abbas
1001 4498 1056 4545 et
1104 4491 1404 4545 monachus
1451 4499 1652 4546 nostra
1698 4505 1999 4560 congrega.

349 4580 540 4634 tionis.
578 4600 604 4629 ))
649 4580 846 4634 Eadem
879 4580 968 4634 die
1019 4578 1284 4634 festivitas
1324 4580 1442 4647 ejus
1473 4579 1525 4632 in
1557 4587 1772 4634 vetusto
1812 4580 1998 4634 Silva-

349 4667 574 4735 Majoris
596 4667 923 4722 Kalendario
955 4667 1354 4736 prascribitur.
1390 4669 1525 4721 llinc
1553 4669 1749 4722 merito
1779 4668 1996 4723 Geraldi

352 4770 555 4810 nomen
603 4758 757 4826 Hugo
790 4756 1078 4811 Menardus
1108 4757 1162 4810 in
1211 4756 1596 4826 Martyrologio
1637 4757 1996 4811 Bcnedictino

350 4844 447 4900 die
475 4843 510 4895 5
538 4846 739 4914 Aprilis
777 4846 1136 4916 consignavit,
1171 4847 1262 4900 ubi
1304 4845 1338 4896 ’‹‹
1376 4859 1583 4916 magna
1635 4845 1914 4914 patientia
1943 4852 1999 4900 et

353 4931 682 4989 humilitatis
713 4935 842 4989 vir»
875 4935 1212 5004 appellatur;
1247 4935 1339 5004 qui
1371 4948 1500 4988 vero
1533 4935 1651 5003 ejus
1681 4935 1996 4988 memoriam

353 5023 426 5078 ad
474 5023 611 5078 alios
659 5023 779 5078 dies
827 5030 1174 5090 revocarunt,
1225 5024 1370 5078 hunc
1403 5024 1619 5078 beatum
1660 5024 1834 5078 virum
1875 5038 1998 5078 cum

353 5111 481 5168 aliis
510 5113 715 5167 sanctis
745 5114 1164 5181 cognominibus
1195 5113 1508 5168 confudisse
1539 5113 1810 5167 videntur.
1844 5113 1998 5179 Quod

358 5201 704 5272 potissimum
751 5203 1046 5271 contigisse
1096 5215 1206 5256 non
1247 5202 1558 5256 dubitamus
1606 5201 1694 5256 die
1742 5201 1802 5253 l3
1840 5203 2001 5256 Octo-

359 5290 499 5354 bris,
530 5289 678 5360 quod
719 5290 820 5344 hac
866 5291 984 5359 ipsa
1023 5289 1111 5343 die
1153 5289 1325 5344 sancti
1364 5289 1579 5345 Geraldi
1612 5289 2003 5346 Auriliacensis

357 5378 506 5448 apud
537 5381 830 5444 Arvernos,
860 5377 1201 5447 proindeque
1232 5378 1284 5430 in
1316 5379 1626 5446 Aquitania,
1659 5378 1876 5434 comitis
1913 5392 2004 5432 ce-

359 5468 644 5522 leberrimi
675 5468 728 5522 in
760 5468 988 5522 vetustis
1025 5467 1386 5522 Monumentis
1423 5467 1683 5522 memoria
1715 5467 1824 5522 fiat.
1865 5466 2003 5522 Hinc

360 5555 611 5612 Molanus
649 5555 751 5610 hac
781 5555 897 5624 ipsa
926 5555 1015 5610 die
1046 5555 1102 5611 in
1141 5561 1452 5610 sanctorum
1493 5554 1660 5624 Belgii
1699 5554 2000 5619 Natalibus,

2077 4484 2294 4540 Geraldi
2327 4485 2590 4540 tumulum
2622 4485 2940 4554 frequenter
2968 4485 3180 4550 fierent,
3214 4485 3387 4540 visum
3419 4491 3502 4541 est
3539 4500 3724 4556 opera

2079 4573 2312 4642 pretium
2372 4589 2584 4629 sacrum
2643 4577 2761 4643 ejus
2811 4589 3033 4644 corpus,
3081 4587 3149 4628 ne
3202 4573 3318 4642 qui,
3380 4581 3438 4629 ut
3496 4574 3726 4630 innuere

2079 4662 2296 4716 videtur
2351 4664 2610 4718 secunda
2670 4665 2802 4718 Vita
2869 4670 3082 4728 auctor,
3142 4662 3320 4730 ipsum
3385 4662 3723 4730 furarentur,

2081 4751 2188 4805 alio
2221 4749 2536 4816 transferre,
2581 4772 2608 4802 ‹‹
2642 4751 2735 4806 ubi
2765 4751 3034 4806 secretius
3065 4757 3120 4804 et
3151 4751 3321 4804 tutius
3351 4751 3668 4806 haberetur.
3697 4770 3725 4802 »

2082 4840 2140 4894 ld
2201 4846 2449 4909 tempore
2514 4841 2658 4896 Petri
2714 4841 2932 4909 septimi
2983 4840 3216 4905 abbatis,
3271 4841 3364 4909 qui
3411 4840 3540 4895 olim
3582 4840 3726 4895 beati

2081 4930 2182 4983 viri
2231 4929 2537 4999 discipulus
2585 4936 2639 4984 et
2685 4929 3002 4998 capellanus
3049 4928 3258 4994 fuerat,
3318 4927 3518 4984 factum
3556 4927 3726 4984 fuisse

2083 5025 2269 5073 narrat
2334 5025 2566 5087 uterque
2617 5019 2750 5072 Vita
2806 5025 3020 5084 auctor,
3081 5018 3397 5073 convocatis
3452 5017 3519 5072 ad
3586 5017 3728 5072 hanc

2083 5106 2484 5162 solemnitatem
2560 5107 2857 5176 episcopis,
2925 5107 3218 5161 abbatibus
3284 5113 3338 5161 et
3401 5105 3525 5160 aliis
3596 5105 3730 5160 viris

2086 5196 2383 5250 nobilibus.
2429 5197 2549 5250 Non
2599 5202 2778 5250 tamen
2826 5195 2882 5250 in
2929 5201 3245 5251 sanctorum
3293 5209 3578 5250 numerum
3619 5209 3729 5264 pu-

2086 5283 2232 5337 blico
2281 5283 2506 5339 decreto
2555 5284 2760 5338 relatus
2805 5289 2889 5340 est
2933 5284 3197 5339 Geraldus
3253 5289 3378 5339 ante
3426 5284 3614 5340 saculi
3651 5299 3730 5340 xu

2087 5373 2269 5426 linem.
2337 5373 2486 5426 Tunc
2551 5373 2756 5441 quippe
2813 5372 2922 5427 duo
2990 5372 3245 5427 monachi
3311 5371 3730 5442 Silva-Majoris

2087 5462 2312 5515 Romam
2359 5459 2644 5525 adeuntes,
2697 5461 2963 5529 pontifici,
3014 5461 3108 5530 qui
3149 5466 3278 5516 tunc
3316 5461 3622 5516 Celestinus
3660 5461 3727 5516 ΙΙΙ

2087 5555 2226 5614 erat,
2267 5549 2478 5604 litteras
2514 5547 2852 5613 obtulerunt,
2885 5548 2953 5604 ab
2991 5548 3410 5620 archiepiscopo
3459 5549 3728 5618 Burdiga-
