4056 6150
403 386 540 445 1019

1464 389 1517 442 8.
1558 386 1843 442 GERALDI
1882 378 2158 439 ABBATIS
2196 379 2706 437 SILVAC-MAJORIS

3635 378 3784 436 1020

394 515 537 572 lensi
566 514 799 585 aliisque
838 512 1136 585 provincia
1168 512 1464 582 episcopis,
1505 508 1797 565 abbatibus
1827 512 1882 565 et
1907 504 2453 568 virisACalestinus
2482 516 2626 562 anno
2662 500 2820 572 1191,
2853 516 3041 561 mense
3070 483 3265 575 Aprili,
3298 504 3356 560 in
3385 500 3783 562 Clementism

398 604 678 663 nobilibus
715 606 970 675 scriptas,
1005 604 1205 673 quibus
1251 600 1467 657 Geraldi
1516 600 1778 656 sanctitas
1823 610 2041 655 assere-

396 701 571 763 retur,
605 707 768 765 quam
815 691 1120 762 incorrupti
1169 703 1353 746 mores
1393 690 1520 745 dum
1550 689 1778 756 viveret,
1811 691 1867 744 et
1914 684 2041 743 inﬂ-

396 782 511 841 nita
559 781 955 854 propemodum
993 778 1256 836 miracula
1302 778 1370 834 ab
1420 792 1486 834 eo
1527 778 1887 834 tumvivente
1925 783 2040 832 tum

399 871 656 930 defuncto
705 874 917 941 patrata
956 870 1284 925 inconcusse
1334 868 1732 939 approbabant.
1782 866 1880 923 His
1909 880 2043 922 exa-

398 962 617 1017 minatis
664 972 727 1015 ac
777 957 1117 1029 ponderatis,
1141 970 1206 1013 ac
1234 956 1622 1013 nonnullorum
1656 955 2040 1026 episcoporum

396 1049 818 1115 Gallicanorum,
888 1047 1232 1118 aliorumque
1298 1046 1392 1117 qui
1458 1045 1602 1103 forte
1666 1054 1799 1101 tunc
1852 1047 2041 1101 Roma

397 1137 644 1204 aderant,
686 1136 1004 1193 testimonio
1063 1136 1458 1207 comprobatis,
1509 1130 1740 1190 sancivit
1797 1133 2042 1204 pontifex

394 1226 610 1284 Geraldi
666 1239 867 1282 nomen
924 1226 981 1281 in
1038 1230 1354 1282 sanctorum
1410 1224 1660 1294 catalogo
1710 1237 1829 1279 esse
1877 1224 2044 1278 ascri-

393 1316 655 1384 bendum,
697 1316 927 1386 ejusque
973 1313 1321 1371 festivitatem
1361 1312 1625 1383 deinceps
1672 1314 1728 1368 in
1759 1311 2042 1383 provincia

394 1402 773 1475 Burdigalensi
825 1402 944 1459 ﬂeri
995 1403 1270 1459 celebrem
1306 1401 1501 1470 voluit,
1542 1401 1670 1457 dato
1719 1400 2038 1470 diplomate,

395 1492 545 1562 quod
613 1493 705 1548 hic
767 1492 1109 1559 exhibemus,
1171 1490 1318 1562 quod
1386 1490 1548 1561 hujus
1608 1489 2042 1545 canonizationis

394 1587 546 1653 gesta
586 1580 788 1637 clarius
832 1586 1088 1652 exponat.

470 1690 495 1719 α
518 1672 881 1726 Coenasrmtts
914 1669 1227 1739 episcopus,
1252 1680 1442 1723 servus
1470 1679 1749 1723 servorum
1782 1668 1898 1733 Dei,
1922 1667 2044 1723 uni-

392 1759 567 1814 versis
594 1756 795 1814 Christi
826 1756 1080 1814 fidelibus
1112 1771 1209 1828 per
1232 1755 1566 1827 provinciam
1596 1752 2038 1826 Burdigalensem

396 1846 732 1911 constitutis,
763 1847 993 1902 salutem
1024 1850 1079 1902 et
1107 1845 1463 1915 apostolicam
1502 1842 1965 1900 benedictionem.

469 1954 497 1987 «
529 1937 681 1991 Sicut
721 1936 919 2006 phialae
958 1950 1139 1991 aurea
1179 1936 1659 1990 odoramentorum
1701 1931 1879 2002 plena
1918 1946 2041 1988 ora-

395 2021 641 2078 tionibus
687 2029 1003 2079 sanctorum
1052 2020 1244 2094 (Apoc.
1275 2036 1327 2089 v,
1361 2018 1420 2093 8)
1464 2021 1518 2076 in
1552 2024 1855 2091 conspectu
1882 2020 2044 2076 Altis-

394 2109 538 2177 simi,
600 2111 667 2165 ad
734 2109 1057 2180 expiandam
1119 2111 1409 2166 criminum
1472 2114 1786 2166 nostrorum
1853 2120 2043 2165 corru-

395 2198 595 2270 ptelam
644 2199 870 2254 odorem
911 2198 1194 2255 suavitatis
1249 2197 1540 2265 emittunt;
1602 2197 1677 2253 ita
1724 2197 1887 2253 saluti
1933 2210 2040 2253 no-

394 2292 521 2343 stra
552 2286 846 2357 plurimum
877 2288 1153 2343 credimus
1182 2284 1463 2356 expedire,
1495 2284 1541 2342 si
1573 2300 1761 2343 eorum
1792 2282 1848 2341 in
1880 2287 2043 2341 terris

397 2372 671 2430 celebrem
735 2374 1035 2431 habeamus
1109 2372 1467 2440 memoriam,
1536 2374 1781 2444 ipsorum
1847 2374 2041 2429 merita

394 2460 732 2519 solemnibus
788 2462 1086 2520 recolendo
1144 2462 1461 2533 praconiis,
1510 2472 1745 2532 quorum
1793 2462 1849 2517 in
1899 2461 2040 2517 calo

393 2563 677 2621 speramus
733 2549 1231 2608 intercessionibus
1286 2548 1522 2607 assiduis
1579 2548 1841 2621 adjuvari.
1901 2551 2040 2607 Sane

395 2652 517 2695 cum
557 2638 745 2695 dilecti
796 2640 894 2696 ﬁlii
931 2640 992 2696 G.
1027 2644 1081 2696 et
1123 2642 1184 2697 P.
1226 2638 1479 2696 monachi
1527 2638 1935 2709 Silva-Majoris
1972 2637 2039 2695 ad

394 2726 580 2784 sedem
633 2728 992 2799 apostolicam
1042 2727 1425 2795 accessissent,
1467 2734 1522 2785 et
1563 2727 1631 2784 de
1671 2732 1860 2784 sancta
1908 2742 2044 2785 con-

391 2816 724 2884 versatione,
757 2818 867 2872 vita
915 2822 970 2873 et
1014 2815 1227 2874 meritis
1264 2816 1411 2873 beati
1448 2815 1686 2887 Geraldi,
1727 2818 1901 2886 ipsius
1929 2830 2044 2873 mo-

394 2904 621 2961 nasterii
679 2900 1007 2975 fundatoris,
1058 2913 1167 2962 tam
1224 2918 1325 2977 per
1378 2905 1590 2963 litteras
1644 2905 2040 2962 venerabilium

392 2991 619 3049 fratrum
680 3001 995 3053 nostrorum
1051 2995 1461 3066 Burdigalensis
1525 2992 1929 3065 archiepiscopi
1987 2998 2042 3051 et

393 3080 859 3152 suil’raganeorum
907 3086 1045 3154 ejus,
1080 3096 1241 3153 quam
1289 3083 1541 3152 aliorum,
1574 3083 1832 3140 abbatum
1883 3082 2038 3140 vide-

2125 592 2371 652 defuncti
2403 592 2584 651 locum
2606 593 2939 650 substitutus
2958 591 3143 650 fuerit.
3167 590 3318 650 Idem
3341 590 3589 664 pontifex
3608 594 3782 664 paulo

2125 690 2270 755 post,
2294 684 2349 740 id
2382 689 2465 740 est
2492 696 2544 738 v1
2575 683 2703 740 idus
2730 680 2855 738 Maii
2885 682 3131 752 ejusdem
3159 683 3310 750 anni,
3345 681 3654 739 indictione
3684 696 3779 750 xv,

2124 774 2286 829 Petro
2334 770 2518 828 abbati
2562 769 2683 843 (qui
2731 775 2908 827 totum
2956 771 3067 827 hoc‘
3111 770 3546 827 canonizationis
3591 771 3782 828 sancti

2122 858 2339 919 Geraldi
2378 862 2658 932 negotium
2709 861 2989 931 praecipue
3038 858 3348 930 curaverat)
3396 858 3629 930 ejusque
3668 858 3785 915 fra-

2124 948 2305 1007 tribus
2351 947 2745 1021 amplissimum
2793 949 3037 1019 diploma
3085 950 3380 1014 concessit,
3429 962 3541 1019 quo
3587 947 3783 1005 omnia

2126 1036 2408 1111 privilegia
2448 1042 2504 1094 et
2550 1040 2714 1108 bona,
2748 1052 2872 1109 qua
2918 1038 3123 1095 ibidem
3172 1042 3551 1106 recensentur,
3582 1048 3779 1095 mona-

2123 1129 2294 1184 sterio
2324 1124 2557 1182 Silvensi
2585 1130 2907 1183 asseruntur
2936 1128 2990 1182 et
3021 1122 3434 1183 confirmantur.

2194 1214 2284 1272 23.
2360 1217 2592 1287 Scripsit
2665 1215 2810 1272 idem
2886 1215 3132 1287 pontifex
3204 1217 3391 1273 Ottoni
3462 1212 3784 1286 Aquitania

2124 1305 2273 1372 duci,
2306 1311 2367 1361 ut
2397 1319 2520 1362 eum
2566 1303 2774 1362 faceret
2821 1304 3114 1362 certiorem
3163 1302 3232 1362 de
3260 1304 3410 1361 beati
3437 1303 3658 1361 Geraldi
3690 1319 3785 1361 ca-

2124 1395 2494 1460 nonizatione,
2526 1394 2893 1464 invitaretque
2925 1408 3047 1451 eum
3086 1393 3154 1450 ad
3201 1392 3584 1450 celebrandam
3636 1392 3781 1450 tanti

2123 1483 2223 1539 viri
2264 1480 2633 1538 festivitatem.
2686 1481 2794 1538 Has
2851 1478 3131 1538 Caiestini
3171 1482 3384 1538 litteras
3430 1480 3621 1537 videre
3661 1494 3780 1538 non

2123 1569 2298 1636 licuit,
2340 1571 2437 1627 sed
2469 1585 2581 1641 pra
2630 1570 2883 1628 manibus
2927 1572 3192 1627 habemus
3240 1568 3377 1627 duas
3416 1571 3591 1641 ipsius
3620 1572 3783 1627 Otto-

2122 1659 2209 1715 nis
2239 1672 2301 1715 ea
2342 1659 2410 1715 de
2450 1672 2509 1714 re
2552 1658 2837 1729 epistolas,
2879 1656 2935 1714 in
2984 1671 3215 1730 quarum
3270 1660 3447 1730 prima
3501 1656 3780 1729 archiepi-

2121 1759 2344 1817 scopos,
2377 1745 2625 1818 aliosque
2654 1744 2960 1817 Aquitania
3001 1747 3254 1819 pralatos
3291 1748 3501 1815 monet,
3532 1751 3593 1802 ut
3624 1745 3782 1803 festi-

2063 1830 2346 1891 Bvitatem
2393 1834 2567 1891 sancti
2606 1834 2822 1891 Geraidi
2861 1836 2918 1891 in
2956 1836 3072 1892 suis
3108 1834 3337 1906 synodis
3376 1833 3773 1906 promulgent;

2122 1926 2180 1980 in
2211 1923 2383 1981 altera
2411 1938 2541 1981 vero
2580 1923 2695 1981 suis
2738 1924 2912 1994 ipsius
2945 1922 3274 1981 officialibus
3303 1925 3526 1981 mandat
3554 1928 3618 1979 ut
3656 1925 3781 1980 uni-

2122 2012 2297 2071 versis
2324 2012 2393 2069 ad
2431 2012 2778 2070 festivitatem
2809 2015 2985 2069 sancti
3021 2011 3260 2081 Geraldi,
3301 2017 3357 2070 et
3394 2012 3462 2069 ad
3497 2012 3779 2069 nundinas

2124 2116 2259 2173 quas
2299 2115 2363 2159 ea
2401 2102 2690 2159 occasione
2729 2104 2952 2159 omnino
2992 2103 3194 2159 liberas
3232 2108 3607 2169 concesserat,
3641 2112 3780 2158 con-

2122 2189 2473 2247 venientibus
2501 2190 2850 2248 securitatem
2880 2204 3096 2248 omnem
3139 2197 3455 2263 procurent.
3492 2192 3776 2247 Hactenus

2124 2281 2210 2336 ha
2248 2277 2449 2337 littera
2478 2286 2765 2337 servantur
2802 2282 2859 2336 in
2888 2280 3121 2338 Archivo
3153 2279 3405 2349 Silvensi,
3436 2278 3535 2337 ubi
3562 2280 3651 2337 sic
3678 2278 3779 2336 ba-

2124 2368 2323 2424 bentur
2345 2390 2359 2424 :

2198 2475 2227 2508 «
2265 2457 2407 2513 Otho
2436 2458 2548 2513 dux
2584 2444 2912 2528 Aquitania,
2946 2471 3131 2515 comes
3164 2458 3440 2522 Pictavia,
3472 2456 3778 2515 venerabi-

2123 2544 2267 2601 libus
2307 2546 2436 2602 viris
2473 2544 2908 2618 archiepiscopis
2955 2554 3008 2604 et
3056 2549 3352 2619 episcoms,
3395 2546 3635 2618 aliisque
3672 2549 3779 2604 Ec-

2123 2632 2409 2691 clesiarum
2459 2634 2703 2706 pralatis
2740 2637 2797 2691 in
2829 2637 3029 2693 ducatu
3068 2638 3376 2708 Aquitania
3424 2637 3774 2702 constitutis,

2124 2723 2378 2779 salutem.
2419 2723 2616 2780 Sciatis
2645 2725 2792 2795 quod
2824 2724 3080 2781 dominus
3110 2740 3249 2796 papa
3278 2722 3607 2797 signiﬁcavit
3639 2724 3778 2781 mihi

2124 2824 2224 2881 per
2269 2810 2482 2867 litteras
2528 2827 2654 2867 suas
2701 2819 2950 2869 sanctum
2992 2814 3281 2870 Geraldum
3325 2815 3561 2884 primum
3607 2812 3781 2869 abba-

2124 2907 2232 2957 tem
2273 2906 2327 2956 et
2372 2895 2716 2959 fu'ndatorem
2757 2904 3075 2960 monasterii
3121 2902 3549 2974 Silva-Majoris,
3584 2901 3781 2959 multis

2125 2995 2181 3045 et
2217 2991 2428 3061 magnis
2475 2990 2863 3048 attestantibus
2908 2991 3080 3063 signis
3126 2992 3245 3062 ejus
3283 2998 3337 3049 et
3375 2990 3682 3058 miraculis,
3713 2993 3774 3047 in

2126 3079 2266 3135 calo
2301 3074 2619 3149 jamdudum
2658 3081 2833 3152 gloria
2871 3085 2926 3137 et
2966 3083 3177 3138 honore
3216 3087 3560 3148 coronatum,
3595 3095 3783 3151 nuper

393 3166 524 3225 licet
580 3177 635 3227 et
690 3168 978 3238 nobilium,
1037 3185 1140 3227 nos
1206 3170 1450 3241 plenarie
1516 3172 1924 3240 instruxissent,
1984 3166 2192 3227 ethe
2223 3168 2456 3225 consilio
2492 3175 2547 3225 et
2576 3184 2642 3225 ex
2683 3168 2909 3226 decreto
2948 3168 3207 3227 Romana
3256 3168 3517 3227 Ecclesia
3556 3170 3632 3225 ob
3662 3182 3785 3226 me-

393 3256 626 3328 plurima
657 3262 807 3315 certe
845 3259 1050 3316 indicia
1081 3270 1270 3316 eorum
1308 3258 1472 3316 nobis
1501 3267 1554 3316 et
1589 3259 1850 3316 fratribus
1880 3261 2041 3317 obtu-

393 3344 608 3414 lissent,
660 3353 716 3403 et
760 3362 860 3418 per
899 3348 1245 3405 venerabiles
1298 3347 1495 3404 fratres
1553 3352 1775 3405 nostros
1831 3349 2042 3406 Rotho-

394 3447 705 3506 magensem
757 3434 1255 3508 archiepiscopum,
1315 3438 1766 3494 Catalaunensem
1824 3438 2040 3509 episco-

394 3539 544 3595 pum,
578 3531 634 3581 et
671 3527 935 3596 quosdam
975 3526 1133 3593 alios,
1171 3525 1291 3596 (qui
1332 3522 1594 3583 miracula
1624 3540 1747 3597 qua
1779 3527 2040 3585 Dominus

394 3628 494 3683 per
524 3613 671 3669 illius
691 3615 867 3670 sancti
897 3614 999 3669 viri
1040 3613 1233 3670 merita
1281 3620 1544 3684 operatur
1580 3613 1796 3686 plenius
1835 3630 2040 3687 cogno-

392 3702 638 3774 verunt),
688 3702 955 3759 certiores
1001 3698 1294 3759 fuissemus
1350 3703 1568 3770 effecti;
1625 3702 1828 3761 auditis
1874 3707 2038 3761 etiam

391 3790 607 3853 virtutis
639 3794 758 3862 ejus
796 3795 851 3848 et
893 3792 1285 3849 miraculorum
1317 3791 1590 3864 insigniis,
1631 3798 1686 3850 et
1716 3795 1863 3864 quod
1895 3795 2041 3851 inter

392 3880 642 3936 carnales
678 3881 1043 3950 spiritualem,
1075 3882 1221 3936 inter
1257 3880 1510 3937 homines
1540 3880 1703 3937 etiam
1735 3880 2035 3953 angelicam

393 3968 867 4023 conversationem
923 3969 1226 4036 habuisset,
1277 3969 1475 4039 ipsum,
1531 3969 1627 4039 qui
1675 3970 2053 4042 corporaliter

395 4054 698 4110 dissolutus
763 4069 885 4111 cum
951 4056 1170 4113 Christo
1228 4072 1348 4114 esse
1405 4057 1627 4127 meruit,
1691 4057 1785 4130 (ne
1850 4059 2038 4117 debito

390 4142 568 4212 ipsius
633 4144 831 4200 honori
889 4150 944 4200 et
1007 4144 1197 4216 gloria
1264 4146 1665 4216 quodammodo
1728 4147 2042 4205 videremur

393 4231 706 4299 detrahere,
738 4232 783 4288 si
831 4232 1228 4290 sanctiﬁcatum
1258 4246 1288 4290 a
1326 4234 1559 4292 Domino
1599 4237 2040 4306 permitteremus

393 4319 627 4377 ulterius
672 4321 983 4378 devotionis
1030 4323 1282 4380 humana
1328 4325 1683 4381 veneratione
1723 4324 1938 4395 carere)
1969 4327 2039 4383 de

389 4409 617 4466 fratrum
700 4417 1014 4468 nostrorum
1100 4413 1335 4469 consilio
1411 4412 1850 4472 canonizavimus
1882 4459 1897 4483 ,
1983 4423 2038 4473 et

2122 3256 2354 3313 ritorum
2401 3259 2522 3328 ejus
2563 3262 2726 3328 atque
2756 3260 3018 3315 virtutum
3067 3257 3302 3331 insignia
3333 3272 3457 3329 qua
3495 3258 3634 3315 fecit
3672 3270 3782 3329 per

2120 3345 2274 3403 illum
2312 3344 2592 3414 Dominus,
2625 3346 2694 3403 ab
2744 3347 2935 3404 eadem
2983 3348 3227 3405 Ecclesia
3265 3348 3512 3404 Romana
3542 3347 3780 3405 canoni-

2121 3442 2320 3503 zatum,
2384 3438 2439 3491 et
2504 3437 2560 3491 in
2616 3436 2875 3507 Catalogo
2942 3445 3258 3493 sanctorum
3322 3444 3775 3505 annumeratum,

2120 3524 2490 3598 prasentibus
2536 3523 2952 3595 quamplurimis
2989 3524 3424 3597 archiepiscopis
3460 3530 3518 3582 et
3555 3527 3785 3597 episco-

2121 3608 2493 3684 pis,'aliisque
2543 3613 2909 3670 Ecclesiarum
2950 3614 3214 3685 pralatis,
3247 3614 3532 3686 ipsiusque
3570 3614 3781 3673 festum

2122 3714 2242 3758 cum
2276 3702 2476 3758 devoto
2514 3699 2694 3758 laudis
2726 3700 2993 3773 obsequio
3043 3706 3231 3760 Roma
3276 3701 3603 3760 solemniter
3633 3706 3786 3762 cele-

2122 3792 2358 3858 bratum,
2417 3791 2682 3848 mandans
2745 3790 2877 3847 mihi
2940 3797 3211 3863 quatenus
3274 3790 3448 3850 festos
3505 3794 3651 3864 ejus,
3713 3801 3781 3852 ut

2121 3879 2295 3949 ipsius
2340 3879 2552 3935 meritis
2580 3876 2810 3936 debeam
2856 3884 2912 3936 et
2958 3880 3450 3938 intercessionibus
3495 3880 3777 3952 adjuvari,

2121 3967 2316 4024 devote
2363 3968 2658 4036 celebrem,
2699 3967 3060 4041 eumdemque
3108 3970 3204 4026 Dei
3255 3975 3502 4028 sanctum
3551 3972 3778 4029 sincera

2121 4056 2297 4113 colam
2328 4064 2383 4113 et
2411 4070 2642 4113 venerer
2670 4056 2982 4125 devotione,
3014 4062 3179 4129 atque
3226 4059 3365 4115 alios
3412 4061 3671 4131 exemplo
3716 4068 3777 4117 et

2120 4142 2339 4201 hortatu
2372 4159 2494 4201 meo
2523 4144 2591 4201 ad
2622 4145 2728 4202 hoc
2758 4147 2935 4216 ipsum
2966 4146 3241 4203 inducam.
3283 4147 3593 4205 Mandatum
3637 4163 3775 4220 ergo

2119 4233 2483 4303 apostolicum
2514 4233 2710 4290 devote
2756 4232 2812 4289 in
2858 4234 2961 4290 hac
2992 4238 3147 4305 parte
3187 4236 3499 4306 suscipiens
3529 4240 3586 4292 et
3618 4250 3779 4293 reve-

2119 4327 2307 4378 renter
2355 4319 2713 4391 amplectens,
2769 4335 2904 4394 rogo
2960 4337 3057 4379 vos
3108 4328 3380 4394 quatenus
3424 4323 3480 4381 in
3538 4324 3778 4396 synodis

2119 4411 2314 4468 vestris
2345 4416 2399 4467 et
2437 4408 2492 4467 in
2526 4410 2777 4467 ecclesiis
2806 4418 2862 4468 et
2890 4412 3252 4469 conventibus
3288 4413 3395 4469 hoc
3425 4413 3607 4484 ipsum
3639 4414 3775 4471 iide-

391 4498 733 4555 decrevimus
796 4500 975 4570 ipsum
1042 4499 1098 4556 in
1154 4506 1470 4558 sanctorum
1528 4503 1776 4574 catalogo
1836 4490 2097 4562 nume-D
2122 4500 2268 4558 libus
2294 4502 2450 4561 vobis
2479 4502 2786 4558 commissis
2815 4502 2885 4559 ob
2924 4504 3285 4559 reverentiam
3314 4504 3561 4574 ejusdem
3590 4505 3779 4562 sancti

392 4587 641 4643 randum.
691 4590 824 4645 Cum
871 4601 1002 4661 ergo
1052 4587 1278 4646 lucerna
1325 4592 1444 4661 ejus
1481 4592 1563 4648 sic
1600 4595 1799 4649 arserit
1844 4594 1900 4650 in
1930 4596 2035 4652 hoc

388 4674 617 4743 mundo,
661 4677 809 4747 quod
853 4690 952 4748 per
989 4678 1085 4733 Dei
1128 4678 1356 4749 gratiam
1399 4680 1511 4750 jam
1541 4693 1652 4737 non
1682 4682 1783 4737 sub
1825 4683 2033 4752 modio,

387 4763 488 4819 sed
518 4778 686 4834 super
714 4764 1102 4822 candelabrum
1141 4765 1290 4838 (Luc.
1324 4780 1400 4835 x1,
1432 4766 1528 4839 33)
1566 4771 1828 4826 meruerit
1865 4772 2037 4828 collo-

391 4852 524 4921 cari,
585 4860 644 4909 ut
683 4853 737 4909 in
788 4868 847 4910 se
894 4855 1094 4911 ardens
1151 4868 1251 4926 per
1288 4871 1458 4928 opera
1513 4859 1814 4926 charitatis,
1857 4858 2037 4914 luceat

389 4941 514 4998 aliis
542 4953 643 5013 per
671 4942 1018 5014 exemplum:
1053 4946 1465 5002 universitatem
1492 4952 1729 5002 vestram
1757 4961 2033 5018 rogamus,

388 5042 696 5098 monemus,
729 5035 784 5087 et
821 5030 1149 5089 auctoritate
1192 5045 1300 5104 qua
1346 5032 1623 5105 fungimur
1658 5034 2034 5105 praecipiendo

386 5119 727 5187 mandamus,
761 5124 1033 5192 quatenus
1061 5123 1129 5178 ad
1180 5125 1587 5180 venerationem
1638 5124 1810 5195 ipsius
1838 5124 2034 5182 devote

390 5219 454 5263 ac
519 5207 816 5266 salubriter
870 5208 1111 5278 excitati,
1175 5212 1352 5282 ipsum
1420 5210 1713 5269 festivitate
1778 5213 2032 5284 solemni,

391 5297 688 5354 constituta
718 5298 828 5367 die,
862 5300 1021 5356 annis
1057 5299 1288 5373 singulis
1317 5300 1599 5370 excolatis,
1640 5307 1701 5358 ut
1739 5301 1884 5359 idem
1914 5317 2036 5361 ora-

388 5384 636 5443 tionibus
679 5386 876 5445 votivls
923 5388 1190 5460 pulsatus,
1226 5402 1325 5461 pro
1364 5389 1525 5447 nobis
1563 5390 1706 5462 apud
1746 5392 2036 5449 Dominum

392 5470 718 5534 intercedat.

469 5580 496 5613 tt
518 5561 709 5619 Datum
740 5564 992 5623 Laterani
1019 5578 1057 5622 v
1086 5566 1357 5625 Kalendas
1384 5566 1530 5638 Maii,
1554 5566 1907 5640 pontiﬁcatus
1937 5582 2037 5627 no-

393 5650 495 5710 stri
515 5660 660 5709 anno
681 5665 779 5720 vn,
808 5675 834 5703 »
868 5654 924 5711 id
956 5660 1040 5712 est
1068 5667 1212 5713 anno
1236 5654 1474 5729 vulgaris
1504 5673 1630 5716 ara
1661 5670 1881 5717 ucxcvn
1912 5672 2032 5716 cum

2117 4591 2457 4647 denuntietis
2512 4588 2823 4647 faciendum
2881 4596 2934 4648 et
2992 4591 3290 4664 diligenter
3339 4593 3777 4660 observandum,

2118 4683 2179 4736 ut
2239 4694 2339 4750 pro
2405 4678 2566 4735 nobis
2633 4680 2889 4737 omnibus
2952 4681 3263 4738 intercedat
3326 4680 3395 4737 ad
3450 4682 3772 4741 Dominum.

2116 4767 2380 4824 Omnibus
2426 4773 2628 4833 autem,
2664 4770 2979 4840 quicunque
3026 4768 3094 4826 ad
3133 4770 3464 4827 visitandum
3513 4776 3775 4830 sanctum

2117 4872 2320 4928 corpus
2362 4858 2480 4928 ejus
2511 4862 2568 4914 et
2609 4858 2677 4914 ad
2709 4859 2828 4914 dies
2875 4859 3048 4916 festos
3094 4860 3289 4931 ipsius,
3320 4861 3433 4917 sive
3462 4861 3533 4916 ad
3570 4859 3773 4918 feriam

2118 4951 2173 5003 et
2219 4946 2286 5002 ad
2334 4946 2609 5003 nundinas
2654 4949 2926 5016 venerint,
2958 4963 3094 5020 quas
3133 4949 3379 5007 concedo
3419 4947 3599 5006 eidem
3642 4963 3773 5006 mo-

2115 5037 2359 5093 nasterio
2398 5037 2619 5107 penitus
2649 5036 2871 5105 liberas,
2904 5040 2959 5094 et
2986 5038 3065 5094 ibi
3096 5036 3375 5096 constituo
3402 5039 3774 5096 celebrandas

2116 5125 2348 5198 singulis
2394 5126 2552 5182 annis
2589 5125 2647 5182 in
2686 5127 2775 5183 die
2822 5126 3197 5185 Revelationis
3247 5127 3327 5200 [f.,
3368 5128 3767 5200 Reievationis]

2117 5216 2255 5287 ejus,
2315 5221 2512 5286 quarto
2570 5215 2660 5271 die
2716 5220 2843 5272 ante
2898 5208 3246 5274 Nativitatem
3302 5216 3481 5274 sancti
3536 5217 3774 5274 Joannis

2115 5304 2394 5376 Baptista,
2417 5304 2688 5361 universis
2715 5311 2919 5375 prasto
2949 5306 3166 5376 plenam
3194 5308 3547 5364 securitatem
3578 5307 3772 5364 eundo

2119 5398 2173 5451 et
2202 5393 2506 5460 redeundo,
2530 5394 2796 5451 mandans
2822 5394 3091 5452 universis
3119 5395 3472 5463 senescalcis,
3499 5397 3774 5468 praposi~

2116 5483 2189 5539 tis
2216 5489 2272 5539 ct
2315 5481 2530 5538 ballivis
2559 5483 2715 5552 meis,
2748 5489 2808 5540 ut
2844 5483 3056 5553 feriam,
3090 5498 3213 5541 cum
3256 5485 3513 5556 requislti
3551 5484 3769 5542 fuerint

2114 5582 2146 5625 a
2184 5569 2445 5627 fratribus
2489 5569 2733 5641 ejusdem
2781 5573 3122 5642 monasterii,
3162 5570 3366 5629 faciant
3416 5572 3672 5630 mandari
3709 5581 3771 5630 et

2115 5657 2464 5729 praconari;
2510 5662 2568 5714 et
2613 5655 2898 5717 libertates
2946 5669 3003 5717 et
3046 5658 3375 5718 securitates
3430 5662 3768 5719 constitutas
