4096 6156
395 356 524 415 1021

1556 362 1727 418 νιΤΑ.
1771 393 1840 403 -
1875 362 2240 419 OBSERVAT.
2283 360 2589 419 PBIEVIAE.

3628 366 3766 425 1022

389 485 686 543 observent
713 480 1127 553 inviolabiliter,
1161 488 1215 542 et
1263 483 1467 542 faciant
1504 484 1571 542 ab
1612 483 1735 542 aliis
1781 486 2361 550 similiteeriﬁcium
2417 474 2700 557 publicum
2756 487 2813 543 in
2871 489 2991 559 ejus
3036 487 3304 547 honorem
3371 480 3639 550 celebrari
3677 492 3766 550 in-

389 574 690 631 observari.
724 592 753 626 »

459 664 550 721 24.
583 664 799 721 Similes
854 663 1067 720 litteras
1100 662 1245 720 idem
1301 662 1427 720 Otto
1483 664 1552 720 ad
1590 677 1722 721 suos
1773 656 2038 721 ofﬁciales

390 765 453 809 ea
475 752 543 809 de
572 766 632 809 re
663 752 908 823 scripsit.

466 858 494 895 «
533 842 675 899 Otho
715 840 825 897 dux
862 840 1192 911 Aquitaniae,
1235 852 1420 897 comes
1462 838 1739 909 Pictaviaz,
1781 842 2037 898 omnibus

390 930 763 998 senescalcis,
834 929 1152 1000 praepositis
1209 934 1264 985 et
1319 928 1533 985 ballivis
1570 931 1684 987 suis
1739 930 1795 986 in
1835 930 2073 999 ducatu,

388 1020 697 1092 Aquitaniae
737 1019 1075 1087 constitutis,
1118 1020 1366 1076 salutem.
1409 1018 1623 1087 Sciatis,
1656 1038 1685 1073 »
1728 1028 1859 1089 etc.,
1890 1020 2036 1077 utin

390 1110 671 1181 prioribus
727 1108 947 1165 litteris.
992 1123 1020 1163 «
1080 1108 1238 1179 Rogo
1294 1122 1392 1165 vos
1448 1114 1719 1179 quatenus
1784 1106 2035 1165 eumdem

391 1205 641 1254 sanctum
674 1210 774 1268 pro
805 1198 980 1253 salute
1021 1204 1199 1253 vestra
1251 1197 1502 1267 exemplo
1552 1199 1658 1253 mei
1709 1196 1898 1254 debito
1928 1196 2035 1254 h0-

390 1300 528 1345 nore
559 1286 912 1353 veneremini,
946 1292 1006 1342 ut
1029 1301 1128 1356 pro
1160 1286 1322 1343 nobis
1351 1286 1608 1342 omnibus
1638 1285 1943 1343 intercedat
1967 1285 2035 1343 ad

388 1379 698 1434 Dominum.
764 1375 935 1431 Vobis
998 1376 1163 1431 etiam
1229 1380 1283 1432 et
1346 1374 1617 1432 universis
1663 1374 2034 1445 senescalcis,

389 1465 704 1540 praepositis
742 1473 796 1522 et
834 1463 1048 1521 baliivis
1104 1464 1242 1520 meis
1280 1464 1509 1522 firmiter
1547 1466 1833 1536 praecipio,
1895 1479 2035 1537 qua-

388 1564 551 1614 tenus
600 1569 721 1611 cum
771 1554 1023 1625 requisiti
1089 1551 1303 1610 fueritis
1369 1569 1400 1611 a
1466 1552 1727 1611 fratribus
1790 1555 2036 1627 ejusdem

386 1643 729 1712 monasterii,
770 1642 968 1700 festum
1022 1640 1196 1711 ipsius
1233 1644 1417 1699 Sancti
1475 1652 1529 1700 et
1584 1643 1775 1700 feriam
1832 1645 1888 1700 in
1946 1645 2036 1700 die

387 1734 761 1791 Revelationis
826 1733 944 1803 ejus
1010 1736 1203 1802 quarta
1268 1730 1357 1788 die
1425 1736 1551 1788 ante
1606 1733 1804 1789 festum
1860 1732 2035 1789 sancti

2124 577 2311 647 coepit.

2189 663 2279 720 26.
2312 666 2378 720 Et
2416 665 2638 735 quidem
2683 665 2751 721 de
2802 662 3158 735 lectionibus,
3191 666 3511 738 antiphonis
3550 674 3605 726 et
3642 669 3768 727 aliis

2119 750 2290 809 divini
2342 750 2508 808 oflicii
2565 751 2843 822 precibus,
2901 755 2958 809 id
3017 760 3227 811 certnm
3268 761 3351 811 est
3389 771 3457 812 ex
3513 757 3766 829 epistolis

2118 840 2381 912 Stephani
2410 842 2775 897 Tornacensis
2823 841 3092 913 episcOpi,
3144 841 3247 898 viri
3289 842 3490 913 pietate
3549 852 3604 901 et
3660 845 3766 903 do-

2119 929 2297 986 ctrina
2328 936 2458 985 tunc
2493 926 2748 996 celebris,
2790 932 2882 1000 qui
2934 929 3002 986 ad
3058 929 3177 987 haec
3226 932 3281 987 in
3329 935 3504 988 sancti
3551 931 3768 989 Geraldi

2117 1019 2385 1075 honorem
2424 1018 2803 1088 componenda
2834 1018 2902 1074 ab
2931 1020 3128 1077 abbate
3162 1024 3215 1077 et
3252 1021 3539 1077 monachis
3574 1017 3769 1078 Silvae-

2117 1104 2338 1178 Majoris
2382 1104 2731 1175 sollicitatus,
2768 1121 2955 1164 eorum
2987 1108 3245 1179 precibus
3293 1123 3578 1166 assensum
3628 1125 3769 1181 prae-

2120 1196 2257 1251 buit.
2298 1196 2357 1251 ld
2397 1194 2516 1266 ipse
2548 1200 2783 1250 testatur
2833 1195 3163 1266 Stephanus,
3205 1196 3439 1268 epistola
3475 1198 3602 1267 277,
3638 1216 3665 1251 «
3698 1200 3767 1256 ad

2117 1284 2369 1340 abbatem
2410 1289 2464 1339 et
2513 1284 2810 1353 capitulum
2862 1282 3271 1355 Silvae-Maioris
3329 1305 3358 1339 »
3413 1288 3638 1357 scripta.
3706 1289 3767 1344 In

2118 1368 2372 1443 sequenti
2401 1386 2554 1439 vero,
2605 1382 2729 1442 quae
2787 1371 2926 1429 male
2987 1390 3014 1425 α
3073 1373 3464 1431 archidiacono
3504 1375 3768 1446 Burdiga-

2118 1460 2257 1518 lensi
2297 1479 2326 1514 »
2359 1456 2718 1517 inscribitur:
2751 1475 2875 1517 nam
2915 1462 3121 1533 scripta
3160 1467 3243 1519 est
3291 1464 3359 1519 ab
3408 1462 3530 1535 ipso
3577 1463 3769 1520 archi-

2124 1550 2360 1607 diacono
2391 1551 2459 1606 ad
2489 1546 2845 1620 Stephanum,
2879 1556 2939 1606 ut
2976 1550 3044 1607 ab
3075 1565 3162 1619 eo,
3204 1552 3427 1609 nomine
3467 1552 3680 1608 abbatis
3710 1559 3766 1608 et

2119 1639 2511 1695 monachorum
2565 1639 2995 1708 Silvae-Majoris,
3045 1639 3156 1696 imo
3195 1639 3366 1696 totius
3421 1659 3446 1689 ‹‹
3509 1640 3767 1697 dleecesis

2120 1727 2545 1799 Burdigalensis,
2573 1744 2603 1779 »
2635 1728 2959 1797 postularet,
2995 1743 3024 1780 (ι
3054 1736 3115 1783 ιιι
3145 1724 3445 1784 secundum
3475 1730 3704 1799 gratiam
3734 1745 3764 1780 »

388 1825 615 1881 Joannis
643 1824 903 1893 Baptistae
934 1821 1147 1878 faciatis
1191 1823 1246 1877 in
1288 1816 1426 1877 locis
1471 1836 1500 1877 a
1549 1835 1635 1878 me
1672 1823 1829 1879 vobis
1877 1819 2100 1878 com—B
2123 1828 2245 1887 quae
2269 1834 2297 1868 «
2325 1814 2449 1872 data
2481 1820 2643 1871 erat»
2668 1814 2795 1887 ipsi,
2821 1817 2928 1871 «in
2960 1817 3279 1886 antiphonis
3306 1830 3476 1887 super
3504 1815 3766 1887 psalmos,

388 1913 574 1969 missis
623 1910 868 1967 mandari
915 1915 967 1967 et
1010 1906 1338 1981 praeeonari.
1387 1902 1650 1966 Omnibus
1687 1918 1867 1967 autem
1906 1911 2034 1981 qui-

392 2017 647 2072 cumque,
680 2009 789 2057 etc.
822 2002 1139 2057 Mandamus
1165 2000 1323 2056 vobis
1350 2005 1408 2055 ut
1434 2000 1717 2055 libertates
1750 2006 1805 2055 et
1833 1999 2038 2055 securi-

392 2096 535 2146 tates
563 2091 889 2146 constitutas
942 2089 1333 2145 inviolabiliter
1370 2089 1676 2145 observetis
1721 2096 1776 2144 et
1823 2087 2035 2144 faciatis

388 2180 458 2234 ab
496 2179 619 2234 aliis
650 2179 877 2234 firmiter
915 2177 1214 2234 observari.
1256 2179 1414 2233 Teste
1452 2191 1537 2233 me
1568 2179 1710 2247 ipso,
1751 2178 1894 2247 apud
1930 2180 2035 2233 Va-

379 2274 578 2335 satum,
620 2281 767 2323 nono
798 2267 887 2323 die
927 2267 1124 2322 Martii.
1160 2288 1185 2317 ιι

450 2357 542 2413 25.
576 2360 635 2412 in
682 2357 772 2411 his
823 2356 1023 2413 litteris
1070 2357 1300 2411 innuere
1359 2355 1578 2411 videtur
1631 2358 1758 2412 Otto
1819 2350 2036 2411 festivi~

382 2452 525 2503 tates
561 2446 753 2502 saltem
780 2446 936 2514 duas,
962 2444 1183 2502 «festos
1213 2464 1240 2497 »
1275 2446 1480 2516 quippe
1512 2445 1773 2515 appellat,
1798 2446 1854 2499 in
1885 2445 2032 2500 beati

379 2534 598 2594 Geraldi
634 2537 903 2592 honorem
937 2534 1049 2606 jam
1104 2540 1238 2590 tunc
1277 2532 1546 2591 celebrari
1586 2535 1778 2591 solitas
1823 2532 1992 2589 fuisse
2016 2577 2029 2601 ,

380 2626 480 2683 sed
511 2641 541 2681 a
579 2640 689 2697 quo
723 2626 992 2682 institutae
1032 2622 1237 2680 fuerint
1274 2637 1386 2680 non
1426 2625 1769 2680 memoravit.
1810 2625 1970 2678 Certe
2001 2635 2032 2677 a

378 2731 512 2773 vero
568 2714 840 2771 aberravit
896 2718 954 2771 P.
1015 2714 1465 2785 Papebrochius,
1530 2714 1625 2783 qui
1702 2710 2032 2770 existimavit

380 2806 698 2862 C(elestium
748 2801 1085 2874 pontificem,
1134 2803 1189 2858 in
1229 2816 1291 2858 ea
1322 2797 1490 2869 bulla,
1540 2812 1701 2872 quam
1733 2814 1898 2871 supra
1938 2814 2029 2856 re-

390 2893 635 2959 tulimus,
665 2892 1085 2963 archiepiscopo
1106 2892 1536 2962 Rothomagensi
1559 2896 1613 2946 et
1640 2890 1904 2960 episcopo
1933 2890 2031 2944 Ca-

380 2981 692 3039 talaunensi
723 2982 778 3037 in
816 2982 1087 3038 mandatis
1116 2972 1358 3046 dedisse,
1388 2985 1449 3036 ut
1486 2980 1684 3036 festum
1731 2980 1878 3036 beati
1924 2979 2034 3034 Ge-

381 3070 525 3127 raldi
565 3072 985 3127 constituerent.
1026 3066 1171 3125 Nihil
1201 3070 1346 3127 enim
1387 3083 1449 3125 ea
1479 3068 1547 3124 de
1577 3083 1637 3125 re
1667 3068 1833 3124 habet
1860 3067 2035 3124 Caele-

2121 1904 2274 1959 etin
2326 1906 2695 1974 reSponsoriis
2751 1917 2919 1974 super
2973 1903 3262 1971 lectiones,
3319 1909 3375 1959 et
3430 1905 3655 1974 inprosa
3712 1909 3768 1959 et

2117 1992 2350 2049 collecta
2389 1990 2743 2048 ofﬁciaretur.
2787 2008 2816 2044 »
2856 1989 3011 2059 Quod
3064 2004 3187 2048 cum
3245 1996 3536 2048 exsecutus
3572 1988 3767 2048 fuisset

2116 2080 2443 2149 Stephanus,
2486 2079 2630 2134 idem
2665 2080 2835 2134 abbas
2883 2085 2937 2133 et
2975 2086 3125 2135 totus
3161 2081 3479 2135 monasterii
3520 2093 3769 2135 conven—
3800 2144 3815 2155 .

2117 2172 2225 2234 tus,
2258 2167 2578 2223 transmisso
2610 2166 2677 2222 ad
2709 2166 3041 2237 Stephanum
3094 2168 3290 2223 baculo
3340 2166 3660 2238 cypressino
3708 2167 3766 2222 in

2116 2256 2358 2322 xenium,
2399 2257 2602 2325 gratias
2631 2257 2682 2310 ei
2722 2269 2884 2325 quam
2913 2256 3174 2310 maximas
3221 2256 3549 2322 retulerunt,
3600 2256 3763 2324 eique

2126 2362 2153 2395 ι
2194 2344 2591 2400 fraternitatem
2632 2345 2952 2400 monasterii
3005 2345 3062 2399 in
3113 2345 3358 2415 generali
3434 2344 3674 2414 capitulo
3733 2365 3759 2394 ι»

2116 2438 2531 2500 concesserunt,
2572 2433 2628 2488 id
2669 2439 2753 2488 est
2790 2439 3105 2489 consortem
3158 2447 3280 2488 eum
3339 2432 3591 2488 fecerunt
3647 2445 3764 2487 om-

2116 2523 2267 2578 nium
2304 2521 2576 2578 bonorum
2634 2532 2883 2591 eperum,
2944 2541 2972 2572 ι
3031 2528 3139 2577 tam
3197 2520 3253 2576 in
3317 2518 3427 2576 vita
3482 2532 3645 2590 quam
3700 2521 3758 2575 in

2116 2614 2314 2678 morte,
2354 2630 2382 2660 ι
2418 2622 2539 2680 quae
2578 2624 2609 2665 a
2648 2607 2986 2665 Silvensibus
3034 2607 3319 2665 monachis
3348 2609 3561 2675 ﬁerent,
3594 2606 3669 2662 ita
3697 2610 3759 2663 ut

2115 2704 2241 2769 post
2272 2700 2391 2769 ejus
2422 2703 2656 2754 mortem
2695 2699 2903 2753 eaedem
2936 2708 3132 2768 preces
3170 2710 3271 2766 pro
3320 2706 3386 2753 eo
3417 2695 3765 2752 solverentur

2115 2800 2240 2858 qua:
2270 2799 2372 2857 pro
2401 2785 2665 2842 fratribus
2702 2784 2947 2859 ejusdem
2988 2783 3308 2841 monasterii
3338 2782 3591 2841 solebant
3621 2783 3762 2839 ﬁeri.

2115 2878 2245 2932 Haac
2294 2875 2468 2931 fusius
2505 2875 2561 2931 in
2620 2875 2854 2946 epistola
2911 2875 3228 2931 eorumdem
3285 2875 3431 2929 inter
3467 2866 3602 2928 alias
3638 2874 3763 2928 Ste-

2116 2960 2305 3036 phani,
2348 2977 2499 3025 num.
2540 2961 2668 3020 279.
2708 2960 2958 3020 Ofﬁcium
2996 2977 3126 3019 vero
3183 2961 3252 3018 ab
3308 2960 3430 3033 Ipso
3482 2960 3764 3032 Stephano

2117 3053 2503 3125 compositum,
2573 3053 2629 3109 id
2697 3059 2780 3109 est
2831 3052 3121 3121 lectiones,
3179 3052 3389 3123 hymni,
3438 3052 3673 3108 collecta
3710 3056 3767 3106 et

384 3158 565 3216 stinus
630 3158 687 3215 in
744 3152 893 3215 bulla
933 3159 1188 3227 laudata;
1230 3172 1332 3215 nec
1389 3158 1656 3214 institutae
1695 3156 1764 3214 ab
1821 3157 1902 3214 eis
1941 3156 2030 3212 die

2122 3154 2286 3198 unum
2336 3144 2748 3214 responsorium
2778 3141 2835 3197 in
2866 3144 3194 3198 caeterorum
3241 3143 3521 3212 specimen
3559 3138 3764 3196 editum

385 3264 483 3306 xm
522 3250 777 3306 Octobris
805 3246 1135 3317 festivitatis,
1167 3251 1229 3304 ut
1276 3245 1368 3303 ille
1399 3246 1696 3303 arbitratus
1726 3252 1828 3313 est,
1861 3245 2031 3301 ullum

385 3343 641 3410 superest
697 3336 752 3393 in
810 3338 1071 3408 antiquis,
1130 3338 1223 3392 aut
1274 3332 1589 3393 recentibus
1626 3332 2034 3406 Silve-Majoris

388 3427 697 3496 Breviariis,
747 3422 1163 3497 Martyrologiis.
1203 3432 1296 3481 aut
1340 3425 1684 3496 NecrOIOgiis
1720 3425 2030 3494 vestigium.

387 3517 557 3573 Multo
595 3512 946 3573 verisimilius
995 3520 1078 3570 est
1122 3514 1245 3569 illas
1272 3513 1420 3569 beati
1451 3513 1666 3569 abbatis
1711 3510 2035 3569 festivitates

388 3606 456 3661 ab
495 3603 914 3675 archiepiscopo
945 3603 1357 3674 Burdegalensi,
1390 3610 1483 3658 aut
1512 3618 1643 3658 sane
1682 3600 1749 3657 ab
1781 3600 2035 3658 omnibus

388 3695 696 3766 Aquitaniae
756 3694 1085 3765 praesulibus
1141 3691 1512 3763 promulgatas
1551 3690 1717 3747 fuisse
1757 3688 1812 3746 in
1853 3689 2036 3760 aliqua

390 3782 602 3855 synodo
634 3780 977 3854 provinciali,
1009 3781 1246 3849 tametsi,
1279 3787 1339 3837 ut
1377 3780 1525 3852 quod
1557 3795 1620 3836 ea
1659 3777 1727 3835 de
1758 3793 1816 3835 re
1856 3780 2035 3835 sentio

392 3873 631 3943 ingenue
670 3872 868 3939 dicam,
910 3869 1241 3927 crediderim
1281 3869 1464 3940 potius
1512 3868 1698 3924 ambas
1745 3867 1891 3925 beati
1938 3869 2037 3934 Ge-

391 3960 535 4017 raldi
563 3958 905 4028 festivitates,
938 3955 1305 4030 depositionis
1332 3957 1546 4014 scilicet
1575 3958 1711 4027 ejus,
1746 3963 1802 4012 et
1832 3955 2038 4013 releva-

393 4046 564 4107 tionis
592 4064 689 4105 seu
720 4048 1114 4115 translationis,
1168 4052 1294 4103 ante
1332 4048 1507 4102 sancti
1546 4045 1763 4102 Geraldi
1802 4047 2035 4103 canoni-

393 4140 664 4195 zationem
704 4138 1011 4195 celebratas
1050 4136 1238 4207 fuisse,
1282 4135 1517 4192 maximo
1566 4132 1757 4191 saltem
1808 4134 2039 4206 p0pulo-

395 4242 515 4282 rum
549 4240 842 4283 concursu.
876 4228 1007 4281 Cum
1039 4226 1183 4281 enim
1232 4239 1300 4281 ex
1337 4231 1570 4296 utraque
1600 4225 1719 4295 ejus
1755 4227 1865 4279 vita
1912 4239 2038 4280 cer-

395 4322 510 4371 tum
540 4317 612 4371 sit
641 4315 878 4387 populos
922 4312 990 4370 ad
1031 4315 1148 4385 ejus
1197 4313 1462 4370 tumulum
1510 4315 1674 4371 etiam
1721 4328 1788 4371 ex
1831 4312 2040 4369 dissitis

395 4404 715 4475 regionibus
743 4404 1065 4475 frequenter
1092 4402 1438 4469 convenisse,
1479 4402 1626 4458 haud
1658 4402 1882 4458 dubium
1904 4401 2037 4472 quin

2117 3238 2201 3287 est
2224 3230 2452 3287 Parisiis
2481 3244 2627 3287 anno
2663 3230 2821 3298 1679,
2872 3228 2941 3286 ad
2992 3229 3197 3286 calcem
3229 3229 3473 3298 ejusdem
3502 3227 3765 3298 Stephani

2116 3321 2494 3391 cpistolamm,
2537 3334 2674 3390 quas
2719 3319 2870 3375 notis
2917 3325 2973 3373 et
3011 3315 3490 3374 observationibus
3525 3313 3768 3371 illustra—

2115 3411 2192 3465 vit
2221 3410 2287 3465 Β.
2329 3409 2391 3463 Ρ.
2421 3407 2683 3463 Claudius
2729 3405 2802 3462 du
2850 3404 3096 3474 Molinet,
3152 3404 3452 3462 canonicus
3498 3402 3768 3475 regularis

2119 3495 2564 3568 congregationis
2600 3496 2913 3552 Gallicanae.

2187 3585 2278 3640 27.
2355 3589 2625 3642 Caeterum
2709 3580 3134 3640 archidiaconus
3226 3580 3635 3653 Burdigalensis
3708 3581 3766 3636 in

2119 3674 2373 3745 epistola,
2417 3688 2579 3745 quam
2634 3672 2801 3730 modo
2839 3670 3215 3741 laudabamus,
3273 3685 3386 3728 non
3442 3670 3621 3727 solum
3657 3670 3769 3725 Ge-

2118 3762 2258 3820 raldi
2288 3765 2634 3820 sanctitatem
2666 3758 2917 3833 pluribus
2954 3759 3187 3828 extollit,
3229 3772 3417 3817 verum
3448 3759 3610 3815 etiam
3650 3770 3767 3814 mo-

2118 3851 2329 3909 nachos
2391 3850 2667 3908 Silvenses
2721 3850 2928 3917 laudat,
2995 3849 3145 3921 quod
3202 3858 3438 3906 cmteros
3493 3850 3613 3919 ejus
3665 3846 3767 3903 aevi

2117 3943 2267 3999 viros
2295 3940 2587 4013 religiosos
2626 3941 2893 4013 regularis
2941 3938 3250 4010 disciplinae
3304 3936 3654 3995 observantia
3712 3942 3768 3992 et

2119 4028 2331 4089 ordinis
2354 4031 2541 4103 vigore
2579 4031 2994 4087 antecederent.
3027 4030 3158 4100 Ejus
3192 4026 3362 4086 verba
3402 4024 3652 4098 proferre
3680 4022 3771 4094 ju-

2117 4126 2207 4178 vat
2272 4122 2327 4176 in
2394 4118 2540 4178 beati
2605 4120 2819 4176 abbatis
2885 4120 3112 4192 ejusque
3181 4118 3420 4175 ﬁliorum
3477 4115 3765 4173 honorem.

2123 4226 2153 4265 ‹ι
2183 4210 2381 4267 Beatus
2416 4208 2681 4267 Geraldus
2711 4210 2779 4266 de
2810 4211 3078 4280 partibus,
3122 4229 3147 4258 »
3189 4208 3371 4278 inquit
3412 4222 3440 4256 «
3478 4202 3771 4261 Gallicanis

2121 4300 2347 4356 trahens
2386 4298 2675 4370 originem,
2717 4298 2873 4366 cujus
2899 4296 3011 4352 vita
3043 4308 3227 4352 coram
3285 4293 3602 4349 hominibus
3657 4291 3771 4346 lau-

2122 4386 2322 4444 dabilis
2349 4388 2557 4457 ﬁoruit,
2590 4393 2645 4444 et
2672 4386 2922 4458 speciosa
2953 4383 3303 4455 pretiosaque
3342 4394 3491 4437 mors
3538 4379 3596 4436 in
3635 4391 3770 4436 con-

398 4494 453 4549 id
488 4494 671 4565 potius
701 4494 857 4549 ﬁeret
884 4493 940 4549 in
972 4493 1346 4549 anniversario
1369 4491 1488 4561 ejus
1531 4468 2036 4562 depositionis—aut

2122 4481 2316 4548 spectu
2353 4475 2569 4532 Domini
2599 4474 2770 4547 signis
2790 4472 3186 4547 ,attestantibus
3223 4470 3422 4565 radiat,
3488 4474 3544 4525 et
3598 4468 3769 4525 mira-

395 4589 547 4639 certe
596 4582 970 4638 translationis
1001 4579 1146 4655 (quae
1185 4580 1406 4651 quidem
1458 4577 1744 4635 translatio
1786 4576 2037 4635 celeber-

396 4672 534 4727 rima
564 4670 763 4742 fuerat)
799 4685 960 4741 quam
999 4668 1122 4726 aliis
1152 4668 1383 4737 diebus;
1417 4670 1547 4725 licet
1577 4669 1722 4724 enim
1751 4666 1897 4724 beati
1934 4666 2036 4722 viri

395 4759 721 4816 festivitates
749 4759 993 4816 nondum
1022 4758 1248 4830 publico
1279 4756 1461 4815 ofﬁcio
1501 4758 1557 4813 in
1608 4758 1726 4827 ejus
1771 4756 2037 4812 honorem

398 4848 551 4906 edito
580 4848 1015 4917 celebrarentur,
1047 4849 1135 4904 his
1182 4852 1362 4905 tamen
1419 4842 1654 4903 laudatis
1700 4843 1916 4913 diebus,
1958 4845 2039 4900 uti

399 4937 679 5009 conjicere
711 4943 813 5005 est,
858 4934 1119 4994 memoria
1158 4940 1277 5008 ejus
1322 4933 1583 4993 solemnis
1638 4934 1821 5002 ﬁebat,
1864 4931 2043 5005 qualis

400 5025 680 5097 hodieque
720 5025 776 5082 in
824 5025 1103 5097 plerisque
1146 5024 1359 5082 ordinis
1396 5025 1571 5080 nostri
1601 5016 1948 5080 monasteriis
1976 5037 2044 5079 ex

401 5118 631 5186 antiquo
678 5116 897 5172 Patrum
946 5119 1259 5172 nostrorum
1316 5113 1569 5170 instituto
1617 5110 1736 5169 ﬁeri
1775 5111 1937 5181 solet,
1986 5110 2042 5167 in

405 5205 607 5276 quibus
635 5204 938 5276 primorum
976 5204 1232 5261 abbatum
1280 5210 1335 5259 et
1390 5201 1740 5259 fundatorum
1797 5203 2046 5258 anniver.

404 5294 550 5351 saria
578 5292 979 5351 solemnissime
1018 5292 1249 5363 singulis
1295 5288 1454 5347 annis
1491 5290 1648 5347 statis
1678 5288 1875 5346 diebus
1904 5286 2049 5346 cele-

403 5382 654 5440 brantur.
690 5384 821 5440 Haec
850 5383 1037 5453 itaque
1076 5379 1470 5448 solemnitates,
1524 5395 1649 5450 qua:
1685 5379 1940 5452 primum,
1989 5386 2049 5435 ut

406 5468 631 5544 quidem
669 5473 830 5529 nobis
875 5469 1112 5540 videtur,
1152 5471 1220 5526 ad
1269 5468 1574 5541 simplicem
1632 5468 1779 5526 beati
1833 5467 2049 5525 Geraldi

406 5561 729 5617 memoriam
758 5559 1210 5627 observabantur,
1261 5572 1327 5616 eo
1384 5557 1726 5627 canonizato,
1782 5556 1839 5614 in
1896 5572 2051 5615 veras

408 5649 735 5707 festivitates
762 5651 1138 5706 transmutata:
1186 5652 1351 5717 sunt;
1410 5649 1574 5718 atque
1631 5651 1763 5702 tunc
1818 5645 2052 5716 primum

2123 4565 2312 4621 culosa
2363 4563 2617 4635 refulget.
2650 4564 2750 4631 Qui
2809 4560 2877 4618 ad
2917 4566 3101 4633 partes
3130 4556 3552 4630 Burdigalenses
3603 4569 3769 4613 acce-

2121 4652 2258 4709 dens
2296 4653 2689 4709 monasterium
2746 4650 3153 4721 Silvae-Majoris
3191 4653 3247 4705 et
3283 4660 3314 4705 a
3353 4648 3531 4719 primo
3587 4640 3770 4716 lapide

2119 4742 2388 4811 fundavit,
2439 4749 2495 4798 et
2554 4741 2898 4814 regularibus
2945 4738 3255 4810 disciplinis
3308 4735 3628 4794 reformavit
3662 4733 3771 4791 hoc

2122 4844 2266 4890 anno
2297 4846 2328 4886 a
2359 4826 2583 4887 domino
2613 4841 2753 4900 papa
2781 4828 2968 4886 Romae
3017 4827 3201 4885 debita
3249 4826 3538 4883 missarum
3575 4824 3784 4883 solem-

2123 4921 2294 4978 nitate
2326 4918 2754 4986 authenticatus,
2806 4918 2864 4974 in
2911 4915 3171 4990 Catalogo
3211 4924 3526 4974 sanctorum
3572 4916 3775 4971 meruit

2125 5008 2348 5067 ascribi.
2379 5007 2624 5076 Qualiter
2651 5013 2833 5063 autem
2872 5016 2973 5077 per
3000 5004 3098 5063 Del
3136 5008 3367 5078 gratiam
3406 5002 3463 5059 in
3502 5002 3772 5074 praedicto

2125 5096 2462 5155 monasterio
2510 5109 2678 5167 super
2734 5108 3051 5152 communes
3105 5092 3324 5166 regulas
3380 5091 3773 5150 monachorum

2129 5188 2269 5244 ordo
2300 5187 2481 5257 vigeat
2529 5191 2584 5241 et
2630 5182 2855 5253 ferveat,
2914 5183 3195 5255 praeconio
3250 5180 3409 5240 fama:
3465 5180 3683 5238 ﬁdelius
3720 5186 3776 5237 et

2129 5275 2408 5334 efﬁcacius
2449 5286 2612 5346 quam
2642 5272 2769 5346 styli
2807 5274 2990 5330 ofﬁcio
3028 5278 3208 5330 vestra
3248 5270 3568 5346 magnitudo
3616 5272 3775 5342 pote-

2128 5364 2202 5422 rit
2233 5364 2473 5422 edoceri.
2509 5382 2537 5417 »
2567 5362 2799 5420 Eosdem
2847 5359 3033 5419 laudat
3080 5358 3245 5430 Elias,
3288 5363 3382 5433 qui
3440 5364 3572 5417 tunc
3629 5366 3772 5417 tem-

2130 5455 2284 5528 poris
2313 5451 2720 5525 Burdigalensis
2750 5458 2867 5509 erat
2904 5447 3379 5524 archiepisc0pus,
3422 5450 3571 5523 quod
3610 5448 3773 5522 spiri-

2129 5543 2372 5600 tualibus
2400 5556 2619 5614 semper
2647 5547 2833 5599 essent
2861 5540 3079 5598 intenti.
3127 5559 3157 5594 (t
3178 5536 3411 5609 Scimus,
3444 5556 3473 5595 »
3504 5538 3686 5610 inquit
3715 5536 3772 5594 in

2132 5632 2322 5689 charta
2376 5629 2692 5688 donationis
2746 5628 2998 5689 ecclesiae
3050 5630 3120 5688 de
3174 5628 3517 5701 Campanias,
3554 5646 3583 5682 α
3614 5633 3670 5683 et
3707 5636 3775 5681 ex
