4056 6150
336 351 470 406 1023

1395 346 1450 400 S.
1492 343 1776 399 GERALDI
1816 341 2091 396 ABBATIS
2128 338 2636 394 SILV/E-MAJORIS

3569 335 3716 389 1024

333 475 751 534 conversatione
807 472 1105 544 frequenti,
1165 486 1323 541 quam
1382 471 1528 526 circa
1564 482 1661 523 vos
1714 466 1971 522 habuisse
1989 469 2040 525 Α
2059 465 2369 532 Geraldum,
2428 464 2700 520 abbatiam
2757 461 3182 531 SilvaeoMajoris,
3234 465 3289 515 et
3325 459 3429 516 fuit
3464 461 3539 515 ibi
3574 461 3720 516 mul-

337 565 736 638 dignoscimur,
771 564 1148 618 indubitanter
1177 559 1543 630 agnoscimus,
1584 571 1682 612 vos
1720 563 1975 625 tanquam

336 654 654 724 spirituales
682 653 830 707 viros
860 665 981 720 quae
1020 653 1146 704 .Iesu
1178 649 1378 704 Christi
1410 653 1537 701 sunt
1565 646 1819 714 amplecti
1841 659 1982 700 sem-

339 759 440 814 per
469 751 522 799 et
555 756 823 812 quaerere,
857 746 911 794 et
960 739 1014 792 in
1051 738 1123 792 iis
1183 752 1305 806 qute
1333 745 1340 750 ‘
1365 737 1434 791 ad
1492 748 1659 804 opera
1699 734 1982 789 charitatis

339 833 646 902 respiciunt
703 843 800 883 vos
835 828 1041 897 jugiter
1099 827 1368 891 exerceri,
1405 845 1433 876 »
1475 831 1582 879 etc.
1627 823 1773 878 Idem
1814 822 1982 877 ferme

341 922 582 978 occurrit
621 920 674 973 in
743 918 907 972 variis
936 917 1160 980 chartis,
1231 930 1368 984 quas
1423 927 1533 968 non
1588 919 1742 968 vacat
1797 912 1983 982 singil-

340 1011 490 1066 latim
531 1007 774 1062 laudare.
808 1006 911 1060 Sed
948 1004 1370 1074 praetermittere
1398 1016 1505 1058 non
1539 1001 1979 1070 Iicuitinsiguem

343 1099 522 1153 locum
563 1095 913 1150 instrumenti
962 1093 1293 1148 visitationis
1330 1107 1359 1146 a
1399 1092 1617 1146 Simone
1657 1091 1983 1144 Bituricensi

341 1184 760 1253 archiepisc0po
827 1196 971 1237 anno
1047 1180 1181 1234 I284
1248 1195 1346 1250 per
1415 1179 1724 1250 provincias
1788 1177 1986 1233 Bituri-

344 1288 560 1329 censem
610 1278 664 1326 et
703 1271 1147 1340 Burdigalensem
1209 1267 1387 1324 factae.
1431 1269 1510 1322 Ibi
1567 1268 1712 1322 enim
1753 1265 1987 1322 refertur

343 1362 490 1432 quod
524 1375 643 1415 cum
679 1360 1135 1428 archiepiscopus
1163 1357 1231 1412 ad
1275 1357 1756 1425 Silvam-Majorem
1803 1370 1988 1411 acces-

343 1451 526 1516 sisset,
569 1457 793 1504 coactus
832 1447 996 1502 fuerit
1049 1460 1213 1516 supra
1268 1446 1584 1501 monasterii
1637 1446 1855 1513 januam
1897 1459 1989 1500 co-

344 1541 584 1604 medere,
619 1539 767 1608 quod
802 1539 942 1591 intra
985 1537 1090 1591 loci
1149 1543 1303 1605 septa
1361 1534 1619 1588 carnibus
1672 1535 1818 1589 vesci
1877 1547 1986 1588 non

345 1629 574 1692 liceret;
618 1628 746 1692 imo,
781 1631 840 1680 ut
870 1625 946 1679 ibi
986 1625 1226 1688 additur,
1268 1638 1388 1678 cum
1442 1623 1694 1678 monachi
1733 1622 1987 1676 rescivis-

345 1722 470 1771 sent
507 1716 759 1770 abbatem
792 1713 974 1768 Sancti
1017 1712 1241 1781 Sulpicii
1293 1727 1414 1766 cum
1454 1711 1872 1780 archiepiscopo
1921 1711 1988 1764 ad

2060 562 2173 610 tum
2206 554 2508 610 honorifice
2549 559 2603 607 et
2641 552 2963 607 solemuiter
2994 555 3269 619 receptus.
3304 551 3438 604 Sunt
3478 549 3556 604 ibi
3598 564 3718 605 mo-

2061 643 2221 698 nachi
2262 644 2426 712 nigri,
2471 647 2525 696 et
2573 646 2658 696 est
2705 639 2861 695 locus
2912 639 3140 694 multum
3195 637 3442 707 insignis,
3487 644 3543 692 et
3580 639 3716 707 quia

2061 746 2171 788 non
2203 732 2567 787 comeduntur
2614 730 2668 784 in
2700 743 2936 798 corpore
2983 727 3219 782 abbatiaa
3267 741 3482 791 carnes,
3524 727 3716 781 domi-

2061 835 2166 876 nus
2195 835 2317 876 cum
2348 820 2464 874 suis
2492 819 2660 874 sociis
2690 817 2932 873 comedit
2969 831 3133 884 supra
3179 824 3414 886 portam,
3446 823 3501 870 et
3527 829 3721 870 eome-

2062 910 2144 964 dit
2199 909 2274 964 ibi
2333 922 2548 965 carnes.
2604 909 2667 962 Et
2733 912 3000 961 venerunt
3029 906 3097 960 ad
3164 906 3444 960 dominum
3485 905 3716 974 quidam

2063 998 2316 1053 monachi
2348 997 2662 1052 inhibentes
2691 995 2876 1050 abbati
2907 995 3091 1049 Sancti
3121 993 3397 1063 Sulpiciis,
3426 1008 3494 1048 ne
3515 1008 3720 1048 carnes

2065 1087 2384 1142 comederet
2431 1086 2529 1150 ibi,
2571 1085 2698 1154 quia
2731 1085 2848 1152 ipse
2887 1082 3093 1138 faceret
3130 1089 3323 1138 contra
3362 1082 3722 1137 constitutio-

2067 1191 2188 1232 nem
2230 1175 2444 1230 ordinis
2499 1173 2604 1228 sui.
2669 1194 2694 1221 ν
2757 1174 2856 1227 Hic
2917 1178 3035 1226 erat
3093 1171 3255 1226 etiam
3295 1171 3553 1226 extremis
3594 1171 3722 1224 istis

2066 1265 2408 1334 temporibus
2446 1262 2840 1317 monachorum
2897 1261 3219 1315 Silventium
3277 1258 3480 1336 fervor.
3539 1261 3720 1315 Porro

2068 1353 2460 1408 monasterium
2500 1350 2908 1418 Silvze-Majoris
2937 1350 3097 1403 etiam
3130 1362 3276 1403 nunc
3327 1349 3543 1404 celebre
3585 1349 3726 1402 sub-

2068 1444 2232 1508 sistit,
2296 1447 2501 1497 nostrae
2541 1440 2985 1511 congregationis
3031 1441 3215 1494 Sancti
3268 1439 3434 1494 Mauri
3477 1439 3716 1500 unitum,

2069 1533 2162 1587 ubi
2223 1533 2367 1586 inter
2422 1531 2526 1585 alia
2568 1544 2723 1584 sacra
2762 1527 2978 1583 cimelia
3017 1533 3267 1582 servatur
3305 1541 3510 1596 corpus
3566 1528 3719 1581 beati

2069 1621 2307 1684 Geraldi,
2351 1622 2405 1675 in
2469 1620 2639 1674 veteri
2693 1619 2853 1672 theca
2909 1617 3126 1672 laminis
3181 1617 3343 1670 aereis
3410 1623 3466 1670 et
3517 1619 3722 1670 statuis

2069 1710 2439 1780 deargentatis
2499 1713 2691 1763 ornata
2752 1706 3045 1761 inclusum.
3113 1707 3336 1760 Sacrum
3377 1719 3507 1760 vero
3565 1706 3722 1759 illius

349 1817 588 1859 mensam
621 1802 836 1867 sedere,
879 1808 933 1856 et
991 1815 1110 1855 cum
1162 1815 1227 1855 eo
1267 1815 1460 1855 carnes
1498 1801 1808 1865 comedere,
1850 1799 2054 1856 hancB
2075 1805 2238 1867 caput
2266 1813 2294 1852 a
2326 1797 2540 1866 reliquo
2571 1808 2806 1864 corpore
2835 1799 3145 1863 sejunctum
3170 1793 3226 1846 in
3245 1807 3338 1847 vas
3367 1801 3721 1864 argenteum,

349 1893 553 1977 regulae
584 1890 965 1946 infractionem
1005 1904 1148 1959 aegre
1189 1889 1452 1943 tulerunt.
1497 1907 1524 1938 ‹‹
1553 1889 1734 1955 Venit,
1766 1906 1794 1938 ι)
1837 1893 1897 1942 ut
1935 1888 1989 1941 in

348 1976 469 2050 ipso
506 1981 868 2035 instrumento
899 1978 1118 2048 legitur,
1154 1996 1182 2028 «
1223 1976 1478 2032 dominus
1533 1977 1678 2046 apud
1735 1979 1992 2033 Sanctum

2074 1890 2192 1957 ejus
2259 1885 2491 1956 effigiem
2559 1883 2823 1949 referens,
2891 1883 2960 1937 ab
3015 1881 3226 1952 aliquot
3281 1882 3439 1936 annis
3504 1881 3722 1936 illatum

2075 1983 2178 2033 est.

1187 2309 1476 2405 VITA
1556 2308 1649 2404 S.
1734 2307 2273 2404 GERALDI
2347 2307 2874 2402 ABBATIS

428 2504 476 2562 1.
507 2511 754 2564 Auctoris
790 2517 939 2566 celas.
972 2541 1043 2551 —
1071 2511 1396 2566 Christiana:
1435 2507 1718 2578 religionis
1748 2506 1996 2561 habitum
2009 2505 2171 2568 Ased
2203 2505 2270 2559 ad
2311 2506 2407 2561 Dei
2445 2507 2673 2576 gloriam
2704 2505 2846 2562 tacta
2876 2511 2960 2562 est
2989 2506 3107 2561 haec
3137 2506 3437 2576 descriptio
3463 2527 3476 2561 :
3511 2506 3720 2560 nemini

352 2608 590 2663 gerens,
659 2600 900 2653 omnium
966 2600 1061 2654 Dei
1129 2598 1370 2654 fidelium
1437 2597 1667 2666 cupiens
1721 2595 1992 2660 salutem,

357 2683 624 2739 universae
690 2687 950 2743 Ecclesia;
1008 2687 1238 2742 salutem
1305 2687 1360 2742 in
1421 2687 1670 2740 Domino.
1731 2684 1994 2750 Quoniam

354 2771 514 2826 video
568 2775 735 2829 multa
793 2777 1091 2846 praeteritis
1147 2781 1269 2831 acta
1330 2775 1672 2844 temporibus
1731 2771 1998 2828 chartulis

355 2863 733 2918 commendata
767 2908 780 2928 ,
857 2879 926 2920 ne
1001 2865 1277 2921 oblivione
1361 2864 1696 2929 deleantur,
1793 2859 2000 2931 placuit

356 2964 598 3020 quoque,
660 2959 720 3008 ut
759 2968 881 3022 qua:
940 2953 1082 3009 facta
1139 2955 1334 3009 diebus
1373 2954 1578 3008 nostris
1616 2957 1763 3017 sunt,
1823 2949 2000 3005 nostri

357 3037 540 3094 ofﬁcio
607 3040 870 3110 ingenioli
936 3043 1002 3097 ad
1081 3050 1336 3112 posteros
1411 3043 1867 3096 transmittantur.
1946 3039 1998 3093 Si

359 3126 502 3180 enim
580 3128 659 3182 illi
738 3135 920 3197 patres
993 3130 1208 3196 nostri,
1286 3145 1408 3198 quae
1483 3129 1656 3184 solius
1722 3127 2001 3198 jactantiae

359 3229 524 3270 causa
590 3215 830 3282 ﬂebant,
899 3222 1052 3272 tanto
1109 3217 1311 3272 sudore
1369 3218 1530 3272 nobis
1587 3230 1846 3271 curavere
1904 3229 2003 3270 no-

362 3302 614 3370 tiﬁcare,
686 3311 892 3373 quanto
959 3305 1129 3376 magis
1194 3319 1297 3360 nos
1353 3319 1476 3375 quae
1533 3306 1628 3361 Dei
1695 3311 1868 3370 sunt,
1935 3317 2004 3358 ne

359 3391 580 3448 silentio
643 3392 1059 3462 deprimantur,
1145 3394 1410 3450 debemus
1485 3393 1788 3449 elaborare.
1835 3393 2007 3463 Igitur

361 3494 548 3535 eorum
571 3481 827 3550 exempla
868 3483 921 3536 in
963 3483 1164 3538 bonum
1206 3483 1367 3538 nobis
1413 3488 1707 3548 vertamus,
1760 3486 1815 3536 et
1857 3479 2005 3550 quod

360 3569 440 3624 illi
470 3569 537 3623 ad
579 3569 870 3625 humanum
902 3569 1160 3638 favorem,
1195 3585 1298 3627 nos
1351 3571 1418 3626 ad
1468 3571 1695 3642 gloriam
1747 3569 2007 3624 faciamus

362 3656 620 3712 divinam.
717 3660 1112 3729 Aggrediamur
1206 3660 1391 3730 itaque
1458 3659 1605 3730 quod
1681 3657 2009 3726 incuapimus

364 3759 640 3812 enarrare,
676 3754 729 3802 et
782 3763 887 3804 non
947 3751 1108 3804 nobis
1163 3750 1324 3805 dulce
1382 3749 1454 3804 sit
1509 3749 1741 3818 amplius
1779 3752 2006 3815 accepto

2077 2599 2256 2648 autem
2287 2607 2448 2663 grave
2487 2595 2738 2650 videatur
2765 2595 2847 2650 vel
2878 2594 3180 2664 indignum,
3231 2602 3437 2650 tantum
3479 2595 3722 2663 Spiritus

2077 2681 2250 2737 sancti
2292 2683 2658 2738 habitaculum
2700 2684 2881 2739 vocari
2913 2691 3181 2750 sanctum,
3215 2685 3342 2754 quia
3371 2685 3418 2738 si
3457 2682 3722 2752 cognovit

2081 2778 2134 2825 et
2166 2770 2294 2825 fecit
2319 2773 2609 2841 justitiam,
2651 2780 2706 2827 et
2759 2773 2894 2827 vidit
2950 2773 3217 2828 mirabilia
3276 2787 3469 2840 magna
3525 2778 3582 2826 et
3622 2786 3725 2826 ex-

2082 2860 2254 2914 oravit
2285 2861 2640 2924 Altissimum,
2669 2863 2788 2916 sine
2819 2862 2989 2916 dubio
3020 2863 3270 2918 inventus
3293 2868 3374 2916 est
3405 2861 3461 2916 in
3492 2873 3728 2915 numero

2081 2955 2418 3006 sanctorum.
2460 2951 2799 3020 Quicumque
2869 2951 2988 3006 haec
3053 2952 3248 3022 legerit
3303 2951 3389 3006 vel
3445 2950 3728 3013 audierit,

2083 3037 2408 3107 ignorantiae
2465 3040 2756 3110 scriptoris
2795 3040 3064 3110 ignoscat,
3117 3047 3172 3096 et
3218 3054 3326 3096 non
3375 3039 3525 3110 quali
3563 3037 3732 3108 stylo,

2084 3126 2179 3180 sed
2221 3127 2290 3182 de
2321 3141 2469 3197 quo;
2505 3143 2603 3198 per
2631 3143 2793 3198 quem
2851 3128 3051 3184 factum
3109 3130 3183 3184 sit
3237 3143 3377 3199 opus
3412 3127 3692 3199 [attendat
3716 3170 3733 3192 ,

2085 3215 2169 3285 et]
2241 3208 2502 3271 artiﬁcem
2571 3218 2782 3273 codicis
2843 3232 2954 3273 non
3017 3219 3280 3288 requirat.
3349 3219 3520 3272 Nemo
3586 3217 3737 3271 enim

2086 3317 2281 3358 sanum
2337 3307 2560 3375 sapiens
2617 3307 2898 3374 phalerata
2952 3307 3244 3362 verborum
3301 3307 3558 3377 ﬁgmenta
3605 3303 3738 3376 [al..

2088 3393 2485 3465 concinentiae]
2521 3395 2686 3451 debet
2715 3395 3022 3462 attendere,
3055 3397 3152 3451 sed
3184 3401 3365 3451 utrum
3398 3394 3739 3450 catholicum

2089 3482 2183 3546 sit,
2237 3483 2387 3551 quod
2420 3484 2657 3538 attendit
2708 3485 2907 3539 mentis
2956 3485 3157 3540 intuitu
3218 3484 3497 3539 subtiliter
3528 3482 3744 3552 perspi-

2090 3582 2236 3624 cere.
2270 3571 2435 3624 Istius
2466 3585 2598 3626 vero
2637 3572 2884 3626 veritatis
2905 3573 3072 3627 Deum
3111 3571 3466 3642 imprecando
3496 3577 3696 3626 testem
3724 3612 3741 3632 ,

2089 3657 2369 3714 veniamus
2397 3658 2466 3713 ad
2500 3661 2894 3714 narrationem.

2163 3745 2216 3800 2.
2251 3745 2510 3802 Gcraldus
2539 3747 2772 3803 Corbcia:
2799 3753 2972 3802 natus.
3021 3747 3104 3802 Ibi
3149 3749 3203 3802 in
3252 3747 3567 3802 monasterio
3615 3746 3744 3800 (dus-

364 3847 531 3903 Opere
590 3837 824 3906 evagari.
882 3839 1117 3892 Primum
1169 3839 1390 3907 quidem
1447 3837 1708 3892 factorem
1767 3835 2007 3891 omnium
2029 3837 2262 3894 Bcalur.
2300 3837 2362 3890 S.
2396 3835 2619 3892 Nicolao
2649 3836 2856 3892 similis.
2891 3867 2963 3876 —
2989 3837 3253 3892 Geraldus
3290 3836 3457 3904 igitur
3486 3834 3743 3890 Corbeiae

365 3929 419 3976 et
458 3923 880 3992 Redemptorem
939 3925 1320 3994 deprecamur,
1371 3931 1431 3981 ut
1487 3926 1648 3980 nobis
1705 3938 1852 3979 mare
1891 3930 2007 3977 tan-

366 4014 479 4064 tum
546 4011 984 4080 ingredientibus
1067 4027 1284 4068 manum
1350 4014 1609 4084 dignetur
1669 4013 1956 4082 porrigere
1989 4053 2004 4076 ,

365 4104 636 4166 quatenus
691 4099 928 4168 qualiter
984 4101 1331 4156 beatissimus
1383 4101 1668 4165 Geraldus,
1713 4101 2008 4156 Silvas-Ma-

361 4186 502 4255 joris
558 4187 726 4241 abbas
784 4188 1011 4257 primus,
1072 4189 1126 4243 in
1169 4190 1287 4258 ejus
1340 4189 1465 4244 vitae
1520 4189 1714 4244 exsilio
1770 4188 2005 4253 vixerit,

367 4281 710 4344 quantasque
751 4278 1085 4332 tentationes
1115 4277 1164 4332 ei
1196 4278 1456 4348 antiquus
1497 4277 1672 4332 hostis
1721 4276 2006 4342 intulerit,

368 4376 642 4433 quamque
701 4364 925 4421 fortiter
981 4373 1174 4422 contra
1214 4369 1334 4437 ejus
1388 4371 1760 4433 teutamenta,
1805 4365 2008 4420 auxilio

370 4453 614 4508 munitus
679 4454 886 4521 divino,
959 4457 1299 4526 pugnaverit,
1369 4463 1735 4526 quantamque
1799 4453 2040 4510 miseri--

368 4541 612 4596 cordiam
663 4544 713 4598 ei
768 4545 1029 4599 Dominus
1077 4546 1427 4615 omnipotens
1473 4545 1790 4609 contulerit,
1822 4544 2009 4598 sinon

369 4635 428 4684 ut
459 4630 702 4697 deceret,
745 4633 1131 4702 qualicumque
1179 4634 1371 4688 saltem
1403 4634 1566 4689 modo
1615 4633 1970 4703 explanantes
1993 4674 2008 4697 ,

369 4718 654 4775 charitatis
718 4723 902 4776 carina
969 4722 1236 4790 subvecti,
1295 4721 1600 4777 veliticante
1654 4722 1780 4787 fide,
1836 4722 2010 4776 sancti

369 4809 607 4877 Spiritus
654 4811 828 4880 gratia
858 4812 1084 4866 carbasa
1131 4817 1319 4866 nostra
1366 4811 1651 4880 perﬂante,
1705 4825 1803 4880 per
1842 4809 2010 4879 justi-

371 4898 463 4954 tia:
493 4899 741 4954 semitam
779 4899 847 4954 ad
879 4906 1097 4969 portum
1127 4900 1319 4956 salutis
1365 4899 1639 4956 valeamus
1677 4900 2010 4969 pertingere.

372 4987 610 5043 Proinde
664 4987 839 5042 lector
887 4988 1132 5043 imitetur
1187 4988 1242 5043 in
1282 4989 1376 5044 Dei
1420 5002 1578 5044 servo
1629 4988 2012 5052 constantiam,

373 5074 429 5128 in
482 5075 697 5132 infirmo
747 5076 1088 5146 patientiam,
1140 5075 1194 5130 in
1236 5080 1476 5147 patiente
1525 5076 2012 5146 longanimitatem,

2091 3925 2414 3995 parentibus
2471 3937 2582 3979 non
2641 3925 2847 3994 ignotis
2885 3925 3172 3991 oriundus,
3215 3925 3268 3978 in
3319 3924 3440 3993 ipso
3488 3925 3748 3979 Corbeiaa

2090 4013 2345 4068 coenobio
2393 4013 2462 4068 ad
2511 4015 2621 4069 Deo
2671 4014 3018 4068 serviendum
3079 4027 3108 4067 a
3148 4013 3469 4082 parentibus
3509 4020 3594 4067 est
3635 4021 3753 4066 tra-

2091 4102 2260 4167 ditus,
2303 4101 2397 4156 ubi
2429 4102 2509 4156 sic
2550 4102 2606 4156 in
2637 4109 2828 4157 sancta
2867 4103 3286 4158 conversatione
3336 4101 3588 4171 pueritiae
3630 4117 3750 4156 suae

2091 4204 2265 4245 annos
2330 4190 2598 4255 exercuit,
2658 4197 2719 4245 ut
2773 4191 2841 4246 ab
2899 4191 3215 4260 hujusmodi
3274 4190 3750 4246 delectationibus

2092 4293 2228 4348 quas
2265 4278 2521 4348 amplecti
2562 4278 2746 4334 solent
2797 4280 2953 4350 pueri
3006 4280 3229 4334 omnino
3276 4279 3489 4334 alienus
3526 4278 3754 4333 videre-

2091 4373 2201 4432 tur,
2243 4373 2297 4423 et
2325 4367 2392 4421 ab
2423 4368 2679 4423 omnibus
2708 4370 2800 4438 qui
2833 4370 2889 4423 in
2922 4369 3027 4424 hoc
3057 4369 3251 4424 eodem
3292 4368 3549 4424 coenobio
3580 4377 3750 4423 erant

2091 4457 2488 4526 ampliusquam
2536 4457 2769 4513 coetanei
2827 4459 2910 4512 sui
2969 4457 3310 4527 diligeretur.
3372 4459 3525 4511 IIunc
3591 4471 3753 4511 ama-

2093 4545 2225 4600 bant
2256 4547 2431 4614 pueri,
2465 4547 2592 4615 quia
2624 4561 2825 4616 pueros
2853 4547 2921 4601 ad
2973 4561 3132 4601 omne
3176 4547 3379 4601 bonum
3430 4547 3743 4602 invitabat:

2093 4633 2238 4688 hunc
2262 4634 2492 4702 juvenes
2531 4633 2852 4704 diligebant,
2879 4635 3006 4705 quia
3041 4635 3094 4689 in
3135 4649 3200 4690 eo
3243 4636 3411 4690 totius
3442 4634 3748 4703 probitatis

2095 4729 2150 4776 et
2184 4723 2462 4792 patientiae
2511 4723 2758 4792 exempla
2797 4724 3127 4793 capiebant:
3172 4723 3325 4778 illum
3373 4737 3535 4778 senes
3573 4723 3750 4777 mira-

2097 4811 2314 4874 bantur,
2346 4812 2473 4880 quia
2512 4826 2635 4866 eum
2685 4811 2826 4866 ultra
2863 4826 2978 4867 sua;
3016 4813 3193 4868 aetatis
3241 4813 3385 4866 vires
3433 4811 3570 4866 eniti
3619 4826 3752 4881 spe-

2097 4898 2440 4954 culabantur.
2507 4899 2646 4967 Quid
2714 4900 2898 4955 ultra?
2962 4902 3040 4955 Ita
3105 4901 3172 4954 ab
3230 4900 3486 4955 omnibus
3542 4899 3742 4969 quiin

2098 4988 2353 5043 cmnobio
2385 4995 2563 5055 erant,
2595 4996 2702 5043 tam
2742 4989 3027 5044 monachis
3074 5003 3235 5058 quam
3275 4988 3430 5043 Iaicis
3477 4987 3753 5058 diligeba.

2100 5083 2208 5142 tur,
2242 5084 2301 5132 ut
2329 5079 2474 5132 Deus
2507 5079 2561 5132 in
2612 5091 2678 5132 eo
2718 5079 3068 5147 omnipotens
3114 5084 3170 5133 et
3224 5077 3490 5132 mirabilis
3532 5077 3752 5146 praedi-

373 5163 427 5216 in
484 5163 896 5234 longanimitate
953 5166 1288 5220 irremissum
1345 5171 1630 5232 tenorem;
1664 5180 1767 5221 nec
1815 5148 2340 5234 praaju-Ccaretur.
2373 5168 2484 5221 Nec
2529 5167 2766 5232 mirum;
2808 5167 2936 5236 quia
2976 5181 3136 5237 quem
3168 5169 3310 5222 Deus
3345 5165 3520 5237 gratia
3560 5165 3753 5235 perfu-

375 5251 523 5307 dicet
560 5252 895 5310 nimietatem
937 5252 992 5308 in
1042 5253 1226 5320 dictis,
1277 5254 1406 5324 quia
1445 5268 1546 5309 nec
1585 5253 1741 5324 digiti
1785 5253 2012 5322 scripto.

374 5353 477 5395 nec
516 5341 699 5412 lingua
743 5343 889 5398 valet
925 5348 986 5398 ut
1025 5350 1109 5398 est
1163 5358 1450 5414 exaequare
1505 5343 1723 5398 verbis:
1786 5343 2018 5398 maxime

377 5442 499 5484 cum
557 5430 702 5485 idem
757 5433 846 5510 vix
903 5447 966 5488 ea
1021 5432 1286 5488 voluisset
1342 5433 1570 5501 referre,
1610 5445 1680 5487 ne
1717 5431 1909 5502 utique
1947 5432 2014 5486 ad

376 5517 593 5573 Iaudem
624 5533 774 5575 suam
829 5521 1109 5578 videretur
1139 5521 1406 5592 proferre.
1465 5525 1585 5578 Non
1624 5534 1755 5592 ergo
1793 5526 2017 5577 notetur

376 5608 433 5662 in
463 5619 531 5662 eo
570 5605 754 5679 aliqua
787 5608 941 5666 falsae
978 5610 1158 5666 laudis
1185 5611 1397 5682 Opinio,
1437 5611 1566 5681 quia
1595 5624 1708 5668 non
1736 5609 1805 5666 ad
1835 5624 2011 5676 suam,

2101 5254 2276 5319 derat,
2340 5269 2564 5310 necesse
2622 5262 2739 5310 erat
2794 5261 2853 5309 ut
2908 5255 2976 5309 ab
3033 5255 3286 5311 omnibus
3323 5258 3619 5308 amaretur.
3683 5256 3746 5309 In

2101 5343 2406 5398 humilitate
2438 5344 2642 5414 quippe
2682 5344 3001 5413 persistens,
3051 5358 3175 5414 qua:
3223 5349 3409 5398 custos
3454 5348 3751 5412 materque

2099 5433 2358 5487 virtutum
2402 5447 2523 5488 esse
2580 5433 2866 5502 probatur,
2925 5431 3255 5488 obedientiaa
3310 5431 3524 5486 scilicet
3573 5433 3751 5487 armis

2099 5520 2358 5586 munitus,
2401 5521 2553 5575 illum
2591 5521 2748 5590 sequi
2787 5520 3064 5586 studebat,
3112 5505 3220 5590 qui'
3241 5533 3417 5588 usque
3464 5519 3533 5574 ad
3582 5533 3745 5576 mor-

2097 5614 2208 5665 tem
2238 5610 2420 5665 crucis
2444 5610 2590 5665 Patri
2619 5608 2886 5665 obediens
2915 5607 3161 5680 (Philipp.
3192 5607 3259 5679 n)
3295 5608 3349 5662 in
3397 5607 3562 5677 hujus
3605 5609 3735 5663 vitae
