4056 6150
366 174 501 233 1025

1959 182 2132 240 VITA.

3600 201 3736 259 1026

356 302 553 358 exsilio
602 301 987 358 descenderat.
1041 304 1181 359 Vere
1237 318 1377 375 puer
1431 304 1694 361 Altissimi
1752 305 1999 375 effectus,
2021 307 2334 371 Aclaustro
2373 323 2646 380 egressus,
2679 318 2736 368 et
2764 313 2832 369 ad
2872 308 3152 385 publicum
3191 320 3512 392 productus,
3546 309 3734 383 multis

355 390 412 446 in
461 397 726 460 quantum
776 396 1014 460 poterat,
1054 393 1239 447 Jesum
1270 392 1328 447 in
1360 407 1419 448 se
1466 393 1770 449 mirabilem
1809 402 2001 451 osten-

354 480 541 537 debat.
582 480 714 546 Quis
761 493 1001 548 unquam
1048 481 1145 536 Dei
1177 481 1447 537 mirabilia
1484 483 1620 537 satis
1658 484 1862 552 poterit
1896 485 2000 540 ad-

355 569 585 626 mirari?
630 567 776 623 Nihil
827 569 971 623 enim
1014 576 1101 624 est
1148 571 1259 625 Deo
1289 569 1534 638 difﬁcile,
1566 571 1650 626 vel
1690 572 1746 627 in
1787 574 1996 642 paucis,

354 657 440 713 vel
469 657 525 712 in
574 656 874 725 majoribus
918 656 1062 711 sicut
1100 658 1369 727 placuerit
1406 660 1662 729 Operari;
1713 662 1841 731 quia
1887 662 2000 718 sive

356 760 515 816 puer,
553 744 667 801 sive
713 746 769 800 in
812 760 1140 816 quacunque
1179 753 1361 815 atate,
1402 762 1628 805 necesse
1666 757 1750 805 est
1786 764 1996 817 omnes,

354 835 402 890 si
449 834 686 891 voluerit
734 842 789 890 et
819 836 1043 905 juverit,
1095 837 1145 891 ei
1194 839 1420 893 omnino
1458 837 1728 894 famulari.
1776 839 2000 895 Audivi-

355 938 477 979 mus
540 930 789 979 sanctum
851 924 1138 981 Nicolaum
1202 926 1272 981 ad
1329 928 1520 982 matris
1583 928 1763 983 adhuc
1828 928 1999 984 ubera

353 1012 707 1081 pendentem,
766 1018 960 1083 quarta
1024 1019 1079 1069 et
1143 1020 1297 1070 sexta
1361 1014 1498 1071 feria
1563 1017 1732 1072 semel
1793 1017 1849 1072 in
1906 1016 1997 1073 die

351 1115 613 1157 mammas
666 1101 878 1170 bibere,
920 1107 975 1158 et
1029 1102 1132 1157 hac
1184 1103 1304 1159 vice
1360 1111 1678 1161 contentum
1735 1111 1850 1161 tota
1906 1107 1997 1162 die

282 1238 294 1248 .
351 1204 745 1261 perseverare;
796 1196 852 1246 et
887 1191 984 1247 Dei
1029 1205 1199 1261 opera
1245 1193 1663 1249 considerantes
1710 1208 1821 1251 non
1861 1210 1998 1265 pos-

348 1292 539 1334 sumus
587 1279 868 1335 conticere
909 1299 922 1335 :
973 1279 1120 1336 hunc
1167 1295 1297 1337 vero
1338 1296 1564 1351 puerum
1616 1284 1822 1338 nostris
1860 1290 1997 1340 tem-

350 1367 580 1437 poribus
624 1368 764 1423 adeo
812 1368 1165 1425 benedictum
1212 1370 1376 1426 talem
1426 1385 1486 1427 se
1530 1372 1785 1428 omnibus
1834 1373 1995 1429 exhi-

348 1456 503 1523 bere,
534 1462 596 1512 ut
639 1457 709 1512 ab
739 1458 995 1513 omnibus
1029 1466 1327 1526 amaretur,
1365 1460 1677 1525 audientes,
1727 1475 1837 1518 non
1875 1463 1993 1518 ausi

347 1560 536 1601 sumus
565 1545 660 1601 Dei
698 1546 970 1602 mirabilia
1018 1560 1130 1603 non
1177 1548 1501 1617 pradicare.
1538 1550 1843 1607 Laudemus
1880 1554 1993 1608 Do-

2086 397 2393 467 exemplum
2442 400 2734 468 probitatis
2780 401 3017 473 futurus,
3069 409 3375 465 custodiam
3405 414 3511 469 sibi
3549 415 3729 485 Spiri-

2086 491 2197 539 tum
2238 495 2486 543 sanctum
2535 489 2842 558 constituit,
2875 493 2969 562 qui
3009 509 3131 550 eum
3162 497 3230 551 ab
3270 500 3419 554 omni
3458 504 3729 573 concupi-

2083 576 2294 630 scentia
2340 577 2593 633 saculari
2634 578 2929 637 immunem
2978 590 3362 658 extorremque
3411 591 3725 647 custodivit.

2083 663 2214 720 Nam
2244 678 2575 736 quocunque
2606 681 2667 723 se
2695 675 2955 736 verteret,
2995 677 3055 727 ut.
3082 672 3139 727 in
3169 678 3504 733 monasterio
3533 678 3730 735 solitus

2084 757 2223 818 erat,
2272 754 2501 822 jejuniis
2557 762 2613 810 et
2668 757 3033 827 orationibus,
3097 769 3158 817 ut
3213 769 3429 834 tempus
3482 774 3538 822 et
3592 767 3729 824 hora

2084 842 2414 911 patiebatur,
2460 844 2727 913 intentus,
2779 861 2940 910 omne
2988 848 3309 918 psalmodia
3356 868 3607 924 pensum,
3659 871 3728 914 ne

2082 929 2379 999 aliquando
2432 933 2581 1002 quod
2628 935 2740 990 Deo
2788 937 3116 1005 promiserat
3162 940 3442 1008 deﬁceret,
3493 944 3727 1002 reddere

2082 1018 2423 1088 conabatur;
2483 1035 2606 1076 cum
2655 1036 2784 1078 vero
2834 1025 2902 1080 ad
2950 1028 3140 1082 matris
3190 1031 3456 1099 gremium
3508 1033 3727 1102 expleto

2081 1105 2378 1177 diligenter
2404 1122 2673 1179 responso
2704 1113 3002 1180 remeabat,
3046 1117 3451 1187 parvipendens
3491 1135 3616 1190 qua
3648 1121 3729 1177 fo-

2084 1194 2162 1249 ris
2195 1196 2427 1264 viderat,
2469 1199 2670 1269 vigiliis
2707 1208 2763 1256 et
2791 1202 3135 1260 orationibus
3164 1213 3219 1261 et
3251 1208 3479 1277 jejuniis
3508 1224 3726 1266 carnem

2079 1282 2299 1341 fortiter
2326 1286 2623 1358 afﬂigebat.

2150 1372 2204 1427 4.
2246 1372 2507 1431 Mirandis
2553 1377 2801 1434 miranda
2852 1380 3176 1436 succedunt.
3232 1383 3322 1439 Sic
3367 1385 3728 1443 sacularibus

2078 1462 2316 1531 negotiis
2362 1466 2559 1532 inerat,
2594 1471 2652 1520 ut
2690 1467 2997 1523 custodiam
3037 1471 3236 1526 mentis
3266 1485 3377 1528 non
3408 1474 3719 1542 amitteret;

2078 1548 2271 1620 sicque
2304 1553 2531 1621 jejuniis
2579 1561 2635 1608 et
2681 1556 3028 1612 orationibus
3071 1558 3411 1629 invigilabat,
3444 1569 3504 1617 ut
3542 1569 3723 1618 tamen

348 1635 554 1691 minum
602 1636 657 1691 in
706 1635 1054 1693 sanctissimo
1102 1637 1347 1705 Nicolao,
1381 1638 1790 1710 magniﬁcemus
1828 1634 2327 1696 etiamBecclesia
2395 1641 2725 1697 utilitatibus
2788 1658 3184 1715 usquequaque
3249 1648 3606 1706 discurreret.
3670 1651 3726 1706 Si

349 1738 472 1781 eum
519 1724 576 1779 in
624 1724 731 1781 hoc
788 1738 982 1795 puero,
1024 1731 1133 1782 tam
1181 1727 1508 1783 mirabiliter
1539 1730 1715 1785 sancti
1758 1730 1995 1799 Spiritus

346 1814 521 1885 gratia
551 1813 764 1883 repleto
798 1834 811 1869 :
859 1828 970 1870 non
1001 1822 1184 1871 autem
1222 1816 1374 1873 illum
1413 1823 1606 1872 sancto
1643 1818 1873 1875 Nicolao
1902 1834 1994 1875 au-

347 1902 539 1959 demus
568 1903 933 1973 aquiparare,
963 1904 1061 1959 sed
1093 1904 1147 1959 in
1182 1910 1418 1976 utroque
1457 1906 1552 1961 Dei
1582 1906 1852 1962 mirabilia
1890 1922 1995 1964 vo-

346 1992 526 2048 lumus
554 1992 879 2062 pradicare.
910 1994 1173 2049 Mirabilis
1202 1994 1347 2049 enim
1376 1996 1520 2050 Deus
1548 1996 1604 2050 in
1642 1998 1849 2052 sanctis
1876 1999 1993 2053 suis

346 2080 515 2152 (Psal.
558 2081 739 2153 van),
773 2088 828 2138 et
867 2096 1013 2139 nunc
1050 2097 1288 2152 semper,
1329 2088 1385 2139 et
1424 2098 1522 2154 per
1559 2085 1770 2141 inﬁnita
1808 2101 1990 2142 sacu-

344 2169 520 2227 lorum
558 2171 780 2227 sacula.

413 2257 467 2312 3.
518 2258 738 2313 Fulconi
784 2258 963 2313 abbati
1008 2258 1217 2315 chorus.
1275 2260 1637 2315 Eaterioribus
1678 2263 1987 2333 prie/icitur.

340 2374 415 2387 —
444 2332 806 2414 Temporibus
852 2352 1033 2401 autem
1072 2347 1203 2415 illis,
1248 2347 1463 2419 legibus
1501 2350 1695 2405 mortis
1741 2332 1991 2406 inviden-

342 2434 511 2500 tibus‘,
560 2434 813 2489 abbatem
851 2434 1185 2491 Richardum
1225 2436 1297 2507 (ll
1347 2437 1517 2493 Fulco
1556 2438 1799 2507 ejusdem
1840 2440 1990 2495 sedis

343 2529 398 2576 et
437 2522 667 2578 honoris
713 2524 943 2579 sortitus
995 2532 1079 2579 est
1133 2525 1458 2581 haredium.
1517 2528 1809 2597 Postquam
1858 2542 1988 2585 vero

340 2610 643 2681 praedictus
694 2620 832 2681 puer
879 2612 1270 2669 adolescentia
1316 2628 1493 2670 annos
1545 2615 1826 2686 ingressus
1881 2624 1984 2685 est,

340 2712 451 2755 non
501 2698 709 2755 oblitus
746 2715 870 2770 qua
910 2701 965 2756 in
1014 2701 1249 2771 pueritia
1286 2709 1553 2773 gesserat,
1586 2703 1655 2759 ad
1701 2704 1898 2759 altiora
1926 2719 1986 2760 se

341 2787 625 2856 extendit;
668 2794 724 2843 et
761 2788 830 2844 de
860 2789 1061 2845 virtute
1102 2790 1158 2844 in
1187 2789 1443 2846 virtutem
1484 2790 1579 2847 Dei
1609 2791 1814 2848 auxilio
1845 2806 1985 2848 con-

338 2876 630 2943 scendens,
674 2878 930 2933 omnibus
977 2878 1140 2934 bonis
1195 2894 1255 2935 se
1312 2879 1540 2935 formam
1589 2888 1645 2936 et
1700 2881 1984 2951 speculum

2076 1726 2243 1783 dictis
2289 1730 2619 1801 evangelicis
2664 1732 3019 1799 attendimus,
3070 1748 3179 1789 non
3231 1741 3315 1790 est
3365 1737 3722 1795 mirandum:

2076 1817 2328 1885 promisit
2393 1819 2538 1873 enim
2595 1820 2740 1875 Deus
2794 1821 3051 1876 omnibus
3113 1822 3171 1878 in
3237 1836 3361 1880 eum
3426 1826 3725 1883 credituris

2074 1918 2134 1959 se
2166 1913 2371 1974 prasto
2401 1906 2751 1975 adfuturum;
2795 1908 2932 1964 dicit
2960 1911 3104 1965 enim
3138 1912 3193 1965 in
3224 1913 3519 1984 Evangelia
3556 1935 3569 1970 :
3609 1918 3723 1973 No-

2074 1992 2163 2047 lite
2210 1996 2409 2062 limere,
2449 1995 2711 2052 vobiscum
2758 1998 2902 2052 enim
2950 2013 3065 2053 sum
3112 1999 3347 2056 omnibus
3386 2002 3567 2058 diebus
3604 2006 3724 2059 vita

2074 2089 2273 2137 vestra
2338 2098 2500 2153 usque
2564 2084 2635 2139 ad
2697 2086 3188 2141 consummationem
3251 2088 3431 2144 sweuli
3498 2090 3719 2161 (Matth.

2072 2166 2295 2237 xxvut).
2371 2170 2436 2223 Et
2505 2169 2637 2224 alibi
2690 2190 2702 2224 :
2772 2172 3066 2241 Conﬁdite,
3134 2187 3227 2242 ego
3302 2176 3404 2231 uici
3475 2178 3719 2234 mundum

2076 2253 2257 2332 (Joan.
2299 2255 2384 2326 χ).
2444 2258 2510 2312 Ει
2561 2257 2759 2313 iterum
2813 2278 2825 2313 :
2896 2261 3070 2315 Venite
3122 2260 3195 2314 ad
3249 2278 3347 2330 me,
3408 2280 3582 2321 omnes
3635 2269 3724 2338 qui

2070 2342 2326 2401 laboratis
2355 2351 2405 2400 et
2445 2347 2676 2402 oneratis
2713 2348 2858 2415 estis,
2890 2354 2941 2404 et
2985 2365 3080 2419 ego
3119 2352 3352 2421 reﬁciam
3387 2368 3521 2420 uos,-
3563 2361 3612 2411 el
3641 2356 3720 2411 di-

2068 2434 2196 2487 scite
2234 2450 2267 2489 (ι
2305 2449 2385 2489 me
2422 2436 2544 2506 quia
2592 2436 2732 2491 mitis
2768 2452 2882 2492 sum
2920 2442 2969 2493 et
3015 2438 3224 2495 humilis
3270 2442 3450 2509 corde,
3488 2448 3538 2498 et
3580 2444 3717 2499 inue-

2068 2522 2224 2576 nietis
2275 2525 2504 2594 requiem
2550 2524 2824 2581 animabus
2870 2528 3075 2582 uestris.
3124 2530 3314 2598 Iugum
3362 2531 3498 2585 enim
3553 2547 3720 2587 meum

2067 2624 2227 2665 suave
2272 2617 2427 2667 estet
2473 2628 2604 2668 onus
2630 2628 2796 2668 meum
2825 2614 2934 2669 leve
2977 2615 3195 2687 (Matth.
3227 2616 3335 2688 x1).
3376 2621 3521 2686 QUas
3553 2634 3717 2676 voces

2068 2699 2379 2755 Dominicas
2433 2700 2758 2757 adolescens
2822 2703 3175 2773 supradictus
3230 2707 3564 2777 intelligens,
3621 2709 3718 2763 dc-

2068 2792 2228 2841 votus
2257 2789 2552 2858 acquievit,
2586 2796 2641 2845 et
2664 2790 2732 2845 ad
2765 2805 2887 2846 eum
2921 2799 2980 2847 ut
3009 2806 3073 2847 ea
3113 2794 3381 2862 promissa
3412 2797 3718 2865 compleret

2068 2874 2375 2944 gaudenter
2420 2880 2679 2934 accurrit.
2734 2880 3056 2948 Superbiam
3104 2887 3160 2937 et
3217 2896 3469 2953 pompam
3524 2886 3714 2940 saculi

341 2965 609 3021 exhibuit.
658 2967 1085 3023 iustiﬁcationes
1129 2969 1344 3024 Domini
1392 2950 1836 3027 adolescentulus
1874 2950 2296 3028 noncomﬂiﬂo
2339 2965 2751 3036 άθτθιίηίιυθηε.
2802 2969 2922 3037 eius
2971 2983 3032 3024 se
3082 2950 3254 3025 “milli
3295 2950 3577 3042 Ριζᾶἳοθριο
3607 2972 3715 3028 hu-

341 3052 693 3121 obliviscens,
724 3056 792 3111 ab
838 3056 981 3126 ipso,
1014 3063 1075 3112 ut
1113 3057 1341 3125 viveret,
1375 3059 1715 3115 intellectum
1765 3068 1990 3131 expete-

341 3141 454 3208 bat,
494 3144 587 3213 qui
627 3158 751 3200 cum
799 3151 917 3201 toto
971 3148 1171 3202 mentis
1225 3146 1423 3203 aﬁ‘ectu
1470 3150 1847 3218 quarentibus
1894 3151 1989 3206 dat

338 3229 646 3299 afﬂuenter,
678 3240 733 3289 et
764 3247 872 3290 non
915 3234 1274 3305 improperat.
1318 3237 1454 3291 Vere
1487 3237 1710 3307 quidem
1750 3252 1891 3293 unus
1920 3253 1986 3294 ex

338 3320 615 3391 agricolis,
664 3322 866 3391 quibus
902 3324 1076 3380 vinea
1130 3324 1421 3379 commissa
1476 3339 1607 3380 cura
1660 3328 1982 3394 Dominica,

339 3409 432 3478 qui
466 3407 701 3466 fructum
732 3410 962 3467 Domino
991 3425 1093 3467 suo
1123 3426 1369 3482 congruo
1408 3413 1709 3482 reportavit
1744 3414 1801 3469 in
1841 3420 1984 3470 tem-

340 3510 494 3567 pore,
544 3498 735 3555 talenti
782 3501 944 3555 etiam
994 3499 1271 3555 commissi
1319 3500 1409 3556 die
1458 3506 1736 3571 noctuque
1795 3503 1982 3558 inces-

336 3593 524 3643 santer
552 3588 823 3644 meditans
851 3588 1105 3656 lucrum;
1156 3595 1212 3644 et
1250 3588 1402 3644 illius
1440 3589 1636 3645 inertis
1681 3592 1845 3658 servi,
1887 3594 1982 3662 qui

340 3673 547 3731 domini
594 3677 678 3731 sui
720 3677 1008 3746 pecuniam
1045 3677 1356 3743 abscondit,
1398 3684 1648 3734 metuens
1684 3679 1982 3736 vehemen-

340 3770 426 3820 ter
452 3764 710 3836 elogium,
742 3764 875 3822 felix
902 3779 1012 3822 non
1043 3766 1343 3822 desistebat
1372 3781 1631 3823 exercere
1661 3770 1939 3840 negotium
1964 3790 1977 3826 :

340 3860 611 3925 quatenus
658 3856 882 3912 domino
930 3871 1052 3924 suo,
1102 3856 1230 3912 dum
1277 3856 1509 3923 veniret,
1562 3858 1979 3927 multiplicatum

308 3951 621 4014 ‘reportare
680 3950 866 4014 posset
921 3946 1183 4001 talentum
1235 3945 1446 4015 (Matth.
1489 3961 1598 4013 xxi,
1640 3947 1788 4016 xxv).
1847 3950 1980 4004 Cum

338 4038 517 4089 autem
556 4029 726 4089 abbas
770 4034 873 4089 sub
920 4048 1031 4104 quo
1079 4034 1333 4104 degebat,
1376 4035 1589 4091 videret
1628 4049 1751 4091 eum
1790 4037 1887 4104 ita,
1921 4044 1980 4093 ut

336 4121 594 4190 diximus,
625 4123 695 4178 ab
742 4124 1000 4179 omnibus
1036 4123 1318 4189 admirari,
1351 4138 1536 4180 secum
1573 4126 1742 4195 capit
1789 4132 1848 4181 ut
1884 4141 1978 4182 sa-

335 4210 494 4280 piens
540 4212 814 4278 meditari,
860 4212 989 4283 quia
1034 4213 1090 4268 in
1130 4226 1197 4268 eo
1235 4213 1281 4267 si
1330 4213 1554 4281 viveret,
1594 4214 1727 4270 boni
1765 4214 1973 4285 aliquid

2070 3053 2318 3120 miliavit,
2350 3061 2407 3110 et
2435 3061 2495 3111 ut
2532 3056 2650 3111 ovis
2698 3064 3034 3124 mansuetus,
3084 3058 3299 3114 Domini
3349 3060 3715 3117 institutioni-

2069 3142 2172 3197 bus
2232 3143 2366 3198 nihil
2420 3144 2683 3200 hasitans
2738 3146 3104 3216 mancipavit;
3175 3150 3333 3217 cujus
3399 3156 3548 3205 tanta
3613 3149 3717 3206 fuit

2069 3245 2197 3301 erga
2242 3232 2495 3288 abbatem
2543 3233 2838 3303 subjectio,
2882 3242 2942 3290 ut
2978 3249 3171 3291 omnes
3208 3237 3555 3304 pracelleret
3584 3253 3713 3309 erga

2014 3334 2025 3348 '
2068 3334 2191 3376 eum
2222 3321 2438 3376 abbatis
2475 3322 2739 3389 dilectio;
2785 3323 2976 3392 sicque
3016 3323 3147 3379 licet
3176 3325 3372 3393 impar,
3404 3325 3583 3382 honor
3614 3342 3715 3397 par

2068 3416 2248 3463 tamen
2298 3422 2439 3463 onus
2491 3408 2667 3478 [Boll.,
2716 3410 2890 3479 oneri]
2942 3416 3081 3476 erat,
3130 3412 3258 3466 dum
3316 3427 3711 3485 usquequaque

2067 3508 2313 3565 prasens
2377 3503 2560 3562 esset,
2628 3496 2772 3551 sicut
2834 3511 2894 3552 se
2970 3498 3136 3553 habet
3208 3499 3343 3555 illud
3420 3502 3709 3558 ministerii

2065 3598 2258 3655 genus.
3736 3584 3745 3591 ’

2134 3673 2190 3726 5.
2240 3674 2472 3731 Nimium
2523 3674 2797 3745 fatigatus.
2847 3676 3047 3747 Capitis
3085 3676 3317 3732 dolorem
3362 3679 3599 3736 incurrit.
3640 3710 3712 3721 —

2065 3762 2131 3816 Et
2159 3761 2287 3831 quia
2324 3761 2482 3818 locus
2518 3768 2635 3818 erat
2681 3763 3080 3833 aliquantulum
3119 3765 3437 3834 destitutus,
3480 3769 3710 3838 penuria

2065 3856 2370 3920 temporum
2404 3850 2490 3923 (2)
2538 3858 2593 3907 et
2642 3858 2967 3923 tempestate
3006 3853 3298 3920 bellorum,
3334 3856 3505 3926 capit
3542 3857 3713 3913 abbas

2063 3940 2319 3995 omnibus
2355 3939 2509 3995 horis
2537 3942 2685 3997 omni
2724 3941 2948 4013 ingenio
2986 3942 3194 3998 instare
3224 3943 3290 3999 ad
3333 3944 3708 4001 relevandum.

2061 4029 2181 4083 Non
2213 4042 2342 4096 nox,
2366 4034 2461 4083 aut
2486 4035 2654 4085 astus
2684 4029 2818 4095 diei,
2841 4035 2936 4086 aut
2965 4030 3100 4086 hora
3126 4030 3328 4087 edendi
3360 4038 3455 4088 aut
3483 4033 3710 4090 bibendi

2063 4119 2441 4174 remorabatur
2476 4132 2573 4175 eos
2609 4119 2678 4175 ab
2727 4120 2963 4177 utilitate
3012 4121 3143 4188 loci,
3177 4129 3381 4177 mutata
3419 4128 3504 4178 est
3533 4125 3712 4180 omnis

2065 4209 2294 4277 pristina
2326 4209 2692 4275 consuetudo,
2726 4210 3024 4279 aliquando
3054 4211 3245 4265 horam
3295 4213 3706 4279 praveniendo,

336 4306 657 4368 excusaret;
711 4306 767 4357 et
814 4302 1002 4368 Deum,
1049 4302 1207 4370 cujus
1253 4301 1473 4356 videbat
1522 4303 1670 4372 quod
1719 4311 1837 4360 erat
1874 4287 2361 4367 do-Daliquando
2380 4300 2648 4369 jejunium
2680 4298 3027 4368 protelando,
3050 4299 3349 4368 aliquando
3370 4299 3493 4368 plus
3516 4301 3705 4367 solito,

336 4402 485 4455 num,
534 4389 730 4445 devote
770 4389 1079 4459 deprecari,
1113 4396 1174 4444 ut
1211 4385 1635 4445 conservaretur
1672 4397 1728 4446 et
1774 4393 1828 4447 in
1868 4407 1981 4448 me-

333 4476 440 4532 lius
512 4478 825 4547 proﬁceret.
900 4478 1149 4546 Denique
1209 4490 1334 4531 eum
1401 4477 1468 4531 ad
1535 4492 1595 4532 se
1661 4480 1976 4547 asciscens,

332 4563 724 4636 famulatuique
762 4579 865 4622 suo
906 4570 966 4621 ut
1013 4564 1341 4621 monachum
1383 4564 1670 4632 addicens,
1712 4568 1882 4637 capit
1919 4574 1980 4623 ut

331 4654 530 4711 solitus
567 4662 685 4711 erat
716 4668 1048 4725 quocunque
1098 4668 1197 4724 pro
1237 4654 1488 4711 ecclesia
1534 4669 1650 4711 sua
1699 4657 1979 4726 responsis

331 4744 700 4800 necessarium
750 4744 987 4799 habebat
1036 4758 1382 4814 percurrere,
1432 4758 1554 4799 eum
1596 4744 1703 4800 sibi
1753 4746 1976 4816 adjuto-

331 4846 469 4899 rem,
501 4839 557 4888 et
594 4834 650 4888 in
698 4833 900 4903 quibus
948 4838 1168 4902 poterat
1203 4832 1492 4903 providum
1542 4832 1973 4898 consiliatorem,

330 4921 628 4978 deducere.
700 4923 863 4978 Bona
938 4922 1144 4978 indolis
1215 4923 1542 4980 adolescens
1613 4923 1978 4994 corporaliter

400 5083 473 5155 (1)
506 5083 839 5140 Richardum
879 5083 1064 5151 beatae,
1096 5084 1231 5139 alias
1264 5083 1437 5155 felicis
1474 5084 1756 5151 memoriae,
1799 5084 1975 5140 abba-

328 5161 437 5211 tem
502 5155 743 5225 appellat
808 5156 925 5224 ipse
990 5155 1255 5211 Geraldus
1306 5156 1361 5210 in
1420 5155 1517 5210 lib.
1577 5171 1596 5209 1
1662 5156 1849 5211 Mirac.
1917 5158 1972 5211 S.

324 5225 644 5293 Adalhardi,
676 5226 769 5281 ubi
803 5225 957 5295 plura
986 5226 1054 5281 de
1092 5240 1159 5281 eo
1198 5226 1490 5295 habentur,
1522 5239 1689 5295 supra
1730 5240 1863 5281 sac.
1895 5242 1971 5294 1v,

363 5304 481 5368 arte
513 5313 551 5364 1,
585 5311 709 5368 pag.
740 5296 839 5350 361
875 5303 931 5353 et
974 5311 1132 5367 seqq.
1185 5297 1352 5353 Fulco
1399 5298 1450 5353 ei
1497 5298 1775 5354 successit
1829 5311 1974 5354 anno

359 5312 481 5353 arte
513 5313 551 5364 1,
623 5312 709 5368 ag.
740 5312 839 5350 501
875 5312 931 5353 et
974 5312 1132 5367 seqq.
1185 5312 1352 5353 r'utco
1399 5312 1450 5353 e1
1497 5312 1775 5354 successu
1829 5312 1974 5354 anno

359 5312 687 5452 048,.regus
715 5368 978 5452 praclare
1016 5368 1186 5451 gestis
1215 5368 1646 5452 celeberrimus;
1703 5382 1974 5452 annonse-

325 5440 519 5512 quenti
574 5438 813 5498 concilio
868 5438 1125 5497 Remensi
1181 5440 1284 5496 sub
1345 5441 1526 5497 Leone
1575 5442 1643 5496 Ix
1701 5438 1972 5497 interfuit.

2063 4386 2358 4454 aliquando
2389 4388 2569 4443 minus
2605 4387 2894 4455 sumendo,
2927 4394 2983 4442 et
3028 4388 3256 4456 insuper
3293 4393 3540 4444 naturam
3571 4389 3710 4445 dor-

2064 4473 2266 4529 iniendi
2324 4475 2674 4546 inaqualiter
2729 4475 3185 4547 transgrediendo
3228 4496 3240 4531 :
3292 4477 3440 4546 quod
3502 4491 3707 4548 nequa-

2062 4577 2223 4631 quam
2254 4564 2372 4619 ﬁcri
2423 4566 2602 4634 potuit
2630 4565 2750 4620 sine
2778 4565 2928 4635 gravi
2961 4564 3229 4635 periculo.
3273 4567 3385 4620 Hac
3416 4580 3548 4636 ergo
3579 4581 3704 4622 mu-

2061 4652 2269 4708 tatione
2307 4658 2537 4723 uterque
2567 4668 2815 4725 magnam
2846 4654 3212 4709 inﬁrmitatem
3242 4654 3564 4722 incurrere;
3606 4655 3703 4711 sed

2061 4742 2320 4811 majorem
2355 4742 2594 4811 juvenis,
2643 4743 2771 4812 quia
2811 4743 3154 4798 immaturior
3191 4749 3310 4798 erat
3342 4734 3602 4800 'moribus
3649 4751 3706 4800 et

2061 4837 2243 4886 atate.
2284 4830 2469 4887 Talem
2499 4832 2643 4887 enim
2693 4838 2748 4887 et
2788 4838 2990 4886 tantam
3029 4831 3398 4887 inﬁrmitatem
3448 4834 3701 4901 incurrit,

2060 4918 2277 4989 qualem
2308 4924 2362 4976 et
2382 4925 2638 4990 quantam
2670 4919 2853 4975 nullus
2882 4919 3166 4976 hominum
3199 4920 3475 4990 explicare
3504 4923 3699 4991 possit,

2059 5082 2193 5136 Eum
2225 5080 2381 5137 multi
2426 5080 2493 5136 ad
2533 5095 2732 5138 annum
2772 5081 2905 5135 1097
2953 5079 3267 5151 pervenisse
3314 5086 3596 5150 putarunt.
3636 5085 3706 5140 At

2059 5152 2351 5223 Evrardus,
2384 5154 2503 5223 ejus
2539 5167 2848 5221 successor,
2882 5152 3121 5210 concilio
3150 5153 3573 5223 Compendiensi
3609 5155 3702 5211 in-

2059 5222 2252 5278 terfuit
2278 5238 2423 5279 anno
2455 5222 2609 5277 1085.

2134 5293 2220 5365 (2)
2282 5297 2356 5351 De
2408 5294 2495 5350 his
2547 5296 2666 5365 ipse
2726 5294 2991 5351 Geraldus
3053 5295 3149 5351 lib.
3208 5313 3226 5351 1
3291 5298 3366 5353 De
3424 5297 3705 5354 miraculis

2057 5368 2113 5421 S.
2145 5366 2440 5438 Adalhardi
2485 5381 2603 5438 cap.
2643 5367 2717 5436 3;
2766 5367 2860 5438 qui
2907 5366 3051 5423 liber
3087 5367 3271 5424 editus
3315 5374 3401 5425 est
3444 5385 3575 5427 sac.
3610 5371 3698 5436 IV,

2058 5442 2214 5507 parte
2242 5453 2283 5504 ι,
2318 5452 2375 5510 p.
2404 5437 2529 5493 358.
