4056 6150
381 231 516 290 1027

1441 228 1493 280 S.
1535 227 1819 280 GERAIDI
1861 223 2133 280 ABBATIS
2171 223 2678 277 SlLV.-E-MAJURIS

3612 218 3755 274 1028

376 372 487 414 non
535 357 740 428 lingua,
777 368 887 410 non
935 352 1168 424 scripto,
1200 364 1309 406 non
1360 350 1592 419 alicujus
1632 349 2276 410 tractitatiouisADeum
2334 349 2534 418 quarit
2590 345 2860 402 medicum
2917 344 3252 401 inﬁrmitatis
3305 359 3442 402 sua.
3500 346 3758 415 Denique

381 445 558 517 [Boll.,
619 443 979 513 tractationis]
1041 441 1227 499 modo.
1290 439 1481 495 Modus
1533 439 1677 494 enim
1732 451 1843 494 non
1903 441 2019 493 erat

377 535 578 604 aliquis
625 533 978 598 inﬁrmitatis,
1042 544 1202 600 quem
1261 527 1403 583 ferre
1460 527 1734 598 nequiret,
1778 526 1885 582 nisi
1927 525 2023 581 Dei

378 623 669 679 clementia
726 620 1035 692 [sustentus]
1081 617 1389 673 mortalium
1429 617 1647 686 aliquis.
1711 617 2026 673 Iiabebatur

379 720 560 770 autem
602 713 658 767 in
698 712 898 781 capite,
940 709 1030 779 qui
1068 708 1223 763 locus
1262 713 1480 776 quanta
1523 705 1804 777 gravitatis
1842 706 1933 771 sit,
1967 705 2023 759 in

380 802 488 858 hoc
535 806 763 872 apparet
793 797 939 868 quod
980 811 1041 852 ea
1090 810 1216 865 pars
1263 794 1514 864 corporis
1543 799 1742 850 catera
1784 795 2027 850 membra

380 891 524 947 solet
583 890 858 958 dirigere;
927 899 1029 941 nec
1087 891 1170 940 est
1226 884 1409 953 aliqua
1467 883 1630 953 hujus
1694 882 2027 938 inﬁrmitatis

381 978 738 1049 comparatio,
774 975 876 1032 ubi
905 974 1184 1041 videlicet,
1215 974 1262 1028 si
1293 973 1410 1028 ﬁcri
1452 977 1658 1044 posset,
1693 971 2024 1042 decapitatio

382 1067 544 1123 unica
590 1065 872 1120 videretur
923 1063 1134 1120 doloris
1179 1061 1450 1118 remissio.
1500 1064 1544 1117 Α
1573 1065 1758 1115 mento
1789 1059 2028 1128 denique

380 1169 552 1225 usque
581 1154 648 1209 ad
689 1153 949 1209 verticem
997 1166 1109 1207 non
1157 1151 1307 1215 ferri,
1349 1151 1446 1205 sed
1479 1165 1602 1221 qua
1641 1149 1858 1220 gravior
1887 1154 2024 1215 erat,

379 1242 712 1300 inﬁrmitatis
780 1242 980 1311 ligatus
1038 1239 1297 1310 vallagia,
1357 1252 1623 1309 nusquam
1691 1243 1857 1307 caput
1923 1235 2028 1292 nisi

379 1347 500 1387 cum
553 1332 723 1387 totius
785 1330 1037 1400 corporis
1089 1327 1443 1383 circumferre
1491 1326 1705 1382 valebat
1753 1326 2024 1381 machina.

379 1424 578 1476 Omnes
625 1421 992 1475 adamantina
1044 1433 1197 1474 vena
1257 1417 1454 1488 capitis
1506 1415 1838 1486 torquebant
1877 1416 2030 1484 juve-

381 1524 505 1565 nem
535 1509 656 1564 sine
685 1508 1115 1574 intermissione,
1146 1507 1294 1562 nulla
1325 1506 1536 1561 doloris
1566 1504 1807 1574 requies,
1839 1517 2031 1560 omnes

383 1598 536 1653 hora
586 1598 696 1652 diei
755 1598 1091 1667 inaquales;
1153 1610 1313 1652 omne
1364 1602 1578 1663 tempus
1633 1594 2026 1663 importunum,

2111 436 2339 506 prafato
2393 437 2660 493 servitore
2713 450 2812 492 suo
2870 440 3077 490 tantum
3138 435 3383 502 conscio,
3434 433 3757 504 ubicunque

2107 527 2270 593 valet,
2320 532 2374 583 et
2411 539 2756 598 quacunque
2795 523 2938 580 valet
2976 523 3252 580 subtrahit
3300 524 3382 580 ori
3415 537 3539 588 suo,
3591 529 3650 580 et
3698 524 3758 579 in

2109 617 2442 686 pauperibus
2479 616 2753 671 ministrat
2791 613 3031 670 Christo.
3072 613 3372 670 Occasione
3409 612 3759 670 medicorum

2109 705 2177 760 ab
2205 705 2395 761 amicis
2443 719 2677 775 quaque
2709 703 2852 760 valet
2888 703 3110 772 accipit,
3143 710 3197 758 et
3228 703 3426 758 exinde
3464 708 3580 759 tres
3611 717 3759 773 pau-

2110 809 2272 865 peres
2317 794 2386 850 ad
2435 793 2796 850 imitationem
2845 792 3143 848 Dominica
3190 806 3364 847 caua
3403 791 3509 848 sibi
3547 792 3763 846 consti-

2111 890 2290 951 tuens,
2324 882 2492 950 pedes
2539 896 2727 938 eorum
2775 881 3025 952 quotidie
3071 880 3266 948 abluit,
3296 879 3550 952 lacrymis
3587 881 3760 950 rigat,

2111 971 2324 1040 capillis
2355 978 2409 1026 et
2447 971 2670 1026 camisia
2719 969 2902 1040 tergit,
2937 983 3174 1025 mensam
3215 974 3270 1024 et
3300 969 3455 1024 cibos
3492 968 3759 1037 apponit;

2111 1061 2311 1119 deinde
2346 1059 2644 1129 projiciens
2673 1074 2732 1114 se
2755 1059 2810 1115 in
2833 1058 3026 1116 eodem
3055 1059 3180 1114 loco
3209 1064 3335 1114 ante
3366 1057 3536 1126 pedes
3565 1070 3762 1114 eorum

2111 1149 2178 1206 ad
2218 1150 2545 1215 orationem,
2591 1148 2747 1218 quasi
2797 1147 2873 1202 ibi
2926 1146 3348 1216 praesentialiter
3376 1146 3590 1203 videret
3634 1158 3766 1201 sau—

2113 1245 2253 1295 ctam
2293 1238 2613 1294 Trinitatem
2657 1256 2669 1293 :
2707 1255 2736 1288 ί(
2783 1238 2980 1292 Sancta
3018 1235 3274 1302 Trinitas,
3315 1234 3583 1291 clamabat
3636 1248 3766 1290 cum

2113 1328 2388 1397 lacrymis,
2418 1325 2572 1383 aufer
2599 1339 2628 1381 a
2659 1338 2745 1381 me
2775 1324 2919 1380 hanc
2956 1339 3118 1396 quam
3156 1324 3300 1379 ferre
3342 1336 3557 1392 nequeo
3605 1323 3770 1379 inﬁr-

2113 1417 2376 1474 mitatem.
2438 1415 2541 1472 Ubi
2597 1421 2701 1481 est,
2761 1415 2923 1481 Deus,
2984 1415 3311 1484 promissum
3366 1418 3560 1468 tuum?
3608 1414 3766 1479 Qua-

2113 1520 2329 1575 cunqne
2378 1505 2514 1560 hora
2557 1519 2641 1561 me
2690 1503 3093 1570 invocaveritis,
3125 1503 3305 1561 dicam
3339 1522 3353 1559 :
3395 1504 3537 1559 Ecce
3565 1501 3768 1556 adsum

2119 1594 2292 1666 (Psal.
2325 1595 2468 1664 cxv).
2523 1594 2625 1652 Ubi
2673 1599 2804 1650 sunt
2849 1599 2931 1650 tot
2970 1593 3387 1661 misericordia,
3421 1593 3504 1649 tot
3534 1592 3767 1648 misera-

383 1686 564 1742 omnis
621 1685 777 1741 locus
831 1693 1026 1742 auctor
1083 1685 1355 1740 dolorum.
1420 1683 1474 1738 Si
1528 1682 1672 1736 enim
1735 1682 1909 1737 exiret
1960 1678 2318 1751 adBtiones,
2349 1690 2432 1740 tot
2461 1683 2766 1740 clementia
2806 1688 2972 1747 tua?
3003 1683 3109 1741 Sed
3139 1682 3354 1752 suffers,
3386 1681 3516 1752 quia
3547 1682 3642 1753 pia
3671 1683 3767 1737 in-

383 1773 578 1840 solem,
626 1773 916 1828 videbatur
971 1774 1076 1828 sibi
1133 1773 1320 1828 videre
1381 1777 1553 1827 totum
1612 1769 1873 1825 mundum
1912 1784 2033 1825 ver-

385 1870 633 1934 tentem;
693 1864 738 1917 si
797 1863 1100 1931 respiceret
1158 1861 1356 1917 calum
1411 1861 1687 1930 superius,
1747 1861 2034 1917 videbatur

384 1953 490 2008 sibi
530 1967 691 2008 ruere
731 1966 897 2021 super
936 1956 1101 2020 caput
1147 1948 1413 2014 inferius;
1456 1948 1502 2002 si
1542 1949 1836 2018 equitaret,
1876 1949 2035 2004 vide-

386 2044 548 2099 batur
577 2044 683 2099 sibi
732 2047 1022 2111 suspectus
1061 2056 1127 2096 ne
1168 2041 1223 2096 in
1273 2053 1520 2109 praceps
1565 2041 1825 2107 caderet;
1876 2040 1922 2094 si
1951 2054 2032 2096 se-

388 2132 545 2188 deret
594 2132 649 2186 in
702 2136 849 2186 tecto
898 2137 991 2186 aut
1036 2131 1093 2185 in
1139 2129 1474 2186 monasterio
1526 2127 1654 2197 [al.,
1700 2127 2030 2197 domicilio],

386 2219 674 2274 videbatur
702 2218 806 2273 sibi
848 2218 1003 2287 quasi
1044 2223 1213 2272 totam
1252 2217 1450 2271 molem
1489 2216 1710 2271 adiﬁcii
1759 2217 2032 2272 sustinere

387 2310 566 2377 capite
597 2323 717 2366 suo.
761 2307 1117 2364 Existimabat
1155 2314 1335 2362 autem
1366 2307 1507 2363 hanc
1555 2321 1614 2362 se
1664 2305 2033 2362 inﬁrmitatem

389 2399 709 2466 incurrisse,
760 2399 974 2453 insueta
1004 2397 1260 2453 videlicet
1296 2397 1406 2452 cibi
1458 2404 1730 2466 potusque
1763 2403 1818 2452 et
1855 2388 2033 2452 semni

389 2489 729 2556 mutatione;
771 2487 890 2552 sed,
930 2488 1074 2542 sicut
1120 2486 1518 2542 monstrabitur
1548 2486 1602 2540 in
1652 2486 2031 2554 sequentibus,

389 2592 579 2633 revera
619 2577 783 2631 ﬁebat
829 2577 1025 2632 summi
1062 2575 1272 2632 Iudicis
1330 2574 1694 2644 prajudiciali
1733 2575 2030 2640 voluntate,

388 2677 700 2736 quanquam
741 2665 858 2721 hac
889 2665 1070 2722 omnia
1120 2664 1361 2734 peccatis
1402 2664 1518 2720 suis
1555 2665 1806 2720 studeret
1850 2665 2033 2732 impu-

389 2762 550 2812 tare:
595 2763 649 2812 et
696 2769 920 2824 quoquo
961 2752 1124 2810 modo
1173 2754 1348 2819 ﬁeret,
1401 2767 1560 2810 nemo
1610 2761 1727 2810 erat
1775 2754 2035 2810 conscius

388 2850 590 2916 quanta
646 2844 895 2914 angustia
952 2844 1248 2908 laboraret,
1311 2849 1542 2912 excepto
1601 2857 1709 2898 uno
1766 2843 2033 2899 servitore

387 2949 487 2990 suo
545 2934 829 3003 aquivoco
888 2948 1009 3000 suo,
1070 2947 1233 3001 quem
1292 2946 1356 2989 ea
1412 2933 1681 2988 asciverat
1727 2932 1833 2987 sibi
1872 2930 2033 2987 fami-

2116 1775 2363 1833 tentione
2394 1773 2599 1830 differs.
2628 1792 2655 1827 »

2185 1864 2242 1918 7.
2281 1862 2534 1920 Abbatem
2589 1865 2808 1920 Romam
2863 1867 3064 1918 euntem
3119 1861 3416 1918 comitatur.
3453 1889 3526 1902 --
3567 1859 3769 1916 Adhuc

2116 1965 2247 2022 ergo
2278 1953 2488 2008 recenti
2525 1952 2796 2009 incisione
2835 1950 3114 2021 plagarum
3143 1957 3198 2006 et
3225 1950 3543 2021 gravissima
3572 1950 3773 2006 incen-

2115 2044 2270 2098 sione
2317 2041 2659 2108 arteriarum,
2701 2041 2871 2096 abbas
2900 2040 3088 2107 Fulco,
3119 2045 3366 2106 statuens
3412 2041 3495 2098 ire
3533 2040 3768 2096 Romam

2117 2129 2506 2185 ecclesiastica
2558 2129 2812 2184 utilitatis
2859 2135 2915 2183 et
2951 2129 3125 2198 gratia
3172 2129 3506 2199 orationum,
3563 2127 3772 2197 pradi—

2117 2225 2262 2272 ctum
2297 2219 2551 2286 juvenem
2582 2231 2769 2272 secum
2799 2224 2985 2272 monet
3022 2217 3124 2284 ire,
3158 2224 3216 2272 ut
3255 2217 3471 2273 ﬁdelem
3503 2217 3766 2274 amicum.

2115 2309 2182 2362 At
2228 2306 2320 2363 ille
2368 2307 2606 2364 libenter
2635 2307 2905 2365 obediens
2943 2312 3190 2376 paratum
3237 2321 3297 2363 se
3336 2306 3664 2376 respondet,
3713 2312 3772 2360 et

2115 2395 2162 2450 si
2211 2409 2466 2465 corpore,
2507 2395 2604 2450 sed
2654 2409 2766 2450 non
2813 2395 2954 2451 bona
3004 2395 3280 2452 voluntate
3329 2395 3616 2452 deﬁciens.
3659 2393 3770 2450 Sed

2117 2499 2239 2540 cum
2269 2483 2453 2539 abbati
2483 2485 2551 2540 ab
2582 2484 2854 2540 exteriora
2883 2485 3196 2541 videntibus
3223 2491 3539 2555 suggestum
3571 2483 3772 2542 fuisset

2118 2573 2266 2643 quod
2307 2573 2496 2642 juveni
2543 2573 2823 2629 itineratio
2852 2579 3000 2630 tanta
3029 2573 3338 2642 periculosa
3366 2571 3530 2640 foret,
3563 2573 3771 2629 iterum

2119 2668 2178 2717 ut
2225 2662 2474 2732 quiescat
2529 2661 2838 2718 amabiliter
2883 2668 3090 2719 monet.
3151 2662 3245 2718 ille
3293 2675 3424 2716 vero
3481 2662 3776 2718 humiliter

2119 2758 2267 2808 totus
2305 2752 2546 2818 obsistit,
2580 2765 2643 2809 ea
2690 2757 2895 2810 tantum
2943 2752 3253 2808 intentione
3292 2757 3372 2817 ut,
3406 2751 3452 2808 si
3509 2751 3777 2807 humanis

2119 2840 2434 2908 decederet,
2482 2842 2625 2897 Deus
2673 2841 3028 2898 misereretur
3077 2841 3194 2909 ejus
3235 2840 3467 2906 anima;
3503 2841 3772 2896 siautem

2118 2929 2215 2985 Dei
2254 2929 2544 2986 clementia
2601 2931 2825 2986 Romam
2883 2931 3216 2999 perveniret,
3265 2944 3297 2984 a
3334 2935 3527 2987 sancto
3576 2931 3772 2996 Petro,

388 3021 647 3088 liaritate,
709 3028 768 3077 ut
822 3020 930 3075 sibi
995 3026 1348 3076 succurreret
1403 3021 1460 3076 in
1517 3018 1624 3076 hoc
1690 3017 2280 3089 prajudicio.chjus
2330 3024 2449 3076 erat
2501 3033 2709 3087 servus,
2764 3019 3197 3076 miscricordiam
3254 3019 3504 3076 sanitatis
3569 3019 3778 3088 implo-

390 3110 749 3164 Bemanserat
814 3110 1086 3177 siquidem
1141 3110 1197 3164 in
1260 3111 1460 3177 juvene
1519 3108 1740 3176 quidam
1807 3109 2036 3176 pudoris

389 3204 695 3267 respectus,
729 3212 852 3273 cum
901 3205 1102 3254 catera
1149 3199 1333 3254 omnia
1383 3197 1638 3263 laterent,
1683 3203 1884 3266 prater
1913 3213 2036 3267 qua

391 3287 755 3356 portendebat
794 3286 1022 3342 suﬁ‘usio
1072 3287 1356 3343 oculorum
1389 3293 1444 3342 et
1491 3301 1696 3342 mceror
1724 3288 2037 3357 languentis

388 3375 589 3431 vultus.
636 3376 900 3433 Omnibus
945 3377 1087 3432 enim
1127 3376 1404 3431 devitabat
1443 3377 1836 3432 conscientiam
1884 3391 2033 3432 suam

388 3465 690 3533 insinuare,
741 3480 809 3521 ne
858 3465 1079 3523 mollior
1123 3464 1238 3534 [al.,
1279 3465 1493 3528 melior.
1527 3481 1618 3520 seu
1655 3464 1829 3533 vilior]
1884 3467 2039 3522 ﬁeret

388 3552 507 3622 ipsa
537 3553 870 3609 inﬁrmitatis
900 3553 1212 3610 «levetione.
1245 3553 1386 3620 Quid
1417 3567 1550 3623 ergo
1579 3552 1804 3617 faceret,
1838 3567 1948 3622 quo
1977 3569 2038 3609 se

343 3642 354 3652 '
391 3648 674 3696 verteret?
722 3649 838 3697 erat
887 3642 1161 3696 miseriam
1211 3649 1265 3696 et
1307 3641 1555 3696 dolorem
1598 3642 1804 3708 videre,
1848 3642 2037 3698 florem

390 3731 608 3787 scilicet
638 3732 828 3800 prima
853 3732 1156 3800 juventutis
1187 3745 1295 3786 non
1327 3732 1448 3787 sine
1477 3730 1628 3800 gravi
1660 3730 1857 3788 damno
1889 3746 2039 3786 mar-

391 3834 630 3878 cescere.
681 3821 736 3877 Si
766 3822 892 3889 quis
928 3822 1075 3876 enim
1105 3820 1315 3877 videret
1343 3820 1536 3876 oculos
1573 3819 1828 3890 lacrymis
1863 3819 2037 3877 sulfu-

389 3923 484 3967 sos
527 3910 662 3979 [cod.
698 3910 747 3977 l,
779 3910 1084 3979 suifossos],
1124 3915 1180 3966 et
1217 3910 1422 3966 vultum
1463 3909 1702 3966 dolentis
1740 3914 2038 3965 mutantem

392 3999 612 4055 colores
640 3999 845 4065 varios,
870 4011 980 4053 non
1010 3999 1090 4055 illi
1123 3999 1348 4056 dubium
1381 4005 1528 4056 esset
1555 4005 1758 4068 quanta
1787 3999 2038 4069 angustia

393 4093 449 4142 et
479 4088 702 4143 tristitia
733 4101 856 4142 eum
894 4087 1127 4144 interius
1159 4090 1424 4146 turbaret.

463 4178 519 4232 6.
570 4175 656 4232 Ad
712 4175 936 4232 medicos
988 4179 1190 4246 frustra
1247 4179 1488 4234 recurrit.
1528 4179 1573 4234 Α
1624 4179 1734 4232 Deo
1789 4175 2040 4234 medelam

394 4270 683 4338 exspectat.
737 4295 809 4305 —
871 4266 1109 4324 Tandem
1167 4281 1277 4325 non
1333 4269 1523 4325 valens
1579 4267 1814 4335 amplius
1869 4253 2034 4334 ferre,

2075 3183 2080 3190 ἱ
2117 3114 2284 3164 raret.
2334 3107 2472 3174 Quid
2522 3122 2652 3179 ergo
2679 3116 2702 3163 lt
2748 3109 2878 3166 vicit
2924 3109 3203 3165 humilitas
3250 3109 3307 3166 in
3354 3109 3484 3175 isto,
3526 3109 3778 3164 amicitia

2117 3195 2174 3250 in
2214 3195 2349 3265 illo;
2395 3196 2672 3265 pradatur
2719 3197 2946 3265 amicos,
2988 3197 3180 3266 diripit
3226 3197 3293 3254 ab
3342 3197 3423 3252 eis
3470 3196 3778 3266 diligenter

2119 3300 2390 3353 nummos,
2436 3288 2504 3342 de
2535 3288 2736 3357 quibus
2776 3303 2874 3356 per
2910 3289 3050 3343 viam
3097 3287 3302 3344 relevet
3349 3286 3651 3356 aporiatos.
3689 3287 3777 3341 ita

2117 3375 2257 3430 viam
2306 3376 2631 3446 ingreditur,
2680 3383 2736 3432 et
2785 3377 2934 3446 quod
2991 3377 3310 3432 sanissimus
3357 3375 3631 3445 quispiam
3682 3377 3777 3431 vix

2119 3465 2345 3531 valeret,
2396 3465 2645 3522 inﬁrmus
2691 3466 3030 3536 aggreditur,
3073 3465 3285 3522 laborat
3335 3465 3529 3523 dolore
3586 3465 3777 3534 plaga-

2120 3568 2260 3620 rum,
2293 3561 2348 3608 et
2380 3555 2657 3610 nimietate
2688 3555 3079 3612 inﬁrmitatum.
3123 3557 3348 3623 Semper
3377 3554 3530 3612 solus
3559 3562 3778 3610 retror-

2120 3657 2237 3698 sum
2269 3643 2572 3712 equitabat,
2599 3645 2726 3713 quia
2747 3659 2870 3714 qua
2901 3644 3143 3702 levamen
3175 3657 3294 3700 esse
3324 3643 3573 3707 deberet,
3599 3645 3774 3700 etiam

2120 3731 2340 3800 loquela
2377 3733 2653 3789 sociorum
2693 3734 2799 3790 sibi
2846 3734 3025 3803 gravis
3073 3739 3208 3798 erat,
3262 3739 3450 3801 utpote
3490 3733 3609 3800 qui,
3662 3733 3778 3788 nisi

2120 3822 2215 3876 Dei
2246 3835 2304 3877 se
2343 3821 2634 3878 clementia
2672 3823 2968 3889 detineret,
3012 3837 3151 3892 pene
3182 3829 3336 3880 extra
3378 3836 3437 3878 se
3465 3822 3776 3890 aliquando

2120 3910 2305 3966 ﬁebat.
2355 3913 2598 3981 Cumque
2647 3917 2828 3968 tamen
2877 3913 3124 3968 obviaret
3170 3911 3523 3980 pauperibus,
3563 3911 3777 3968 virtute

2121 4014 2228 4069 qua
2278 4005 2513 4069 poterat,
2556 4001 2900 4058 descendens
2927 4003 2996 4058 de
3026 4015 3170 4071 equo
3219 4015 3470 4058 nummos
3505 4007 3559 4056 et
3606 4001 3778 4058 semi-

2121 4103 2373 4146 nummos
2403 4089 2542 4147 clam
2573 4091 2882 4158 claudebat,
2916 4092 2972 4147 in
3012 4105 3201 4149 eorum
3251 4087 3519 4157 manibus,
3559 4098 3618 4148 et
3647 4090 3778 4146 dul-

2121 4180 2262 4234 citer
2311 4181 2654 4245 exosculans,
2710 4183 2868 4250 quasi
2915 4181 2983 4236 ad
3045 4187 3370 4251 prasentem
3424 4182 3594 4236 Deum
3646 4179 3774 4246 [at.,

2120 4269 2450 4338 Dominum],
2483 4276 2542 4324 ut
2593 4271 2864 4327 veraciter
2910 4276 3048 4338 erat,
3095 4286 3216 4330 cum
3257 4270 3549 4341 gemitibus
3588 4275 3647 4325 et
3684 4270 3775 4327 la-

395 4357 564 4425 capit
619 4355 946 4411 sententiam
1004 4357 1342 4414 medicorum
1409 4357 1727 4426 inquirere;
1797 4361 1852 4412 et
1907 4344 2101 4427 quiaD
2125 4359 2324 4428 crymis
2351 4359 2592 4416 clamans
2629 4359 2850 4415 aiebat:
2883 4361 3112 4417 Domine
3141 4362 3303 4424 Deus,
3343 4371 3602 4414 succurre
3635 4357 3780 4414 mihi

395 4445 544 4514 quod
590 4445 844 4502 homines
881 4451 963 4500 tot
1008 4447 1322 4513 sententia,
1365 4461 1506 4503 unus
1543 4446 1739 4502 asserit
1777 4460 1901 4503 eum
1939 4461 2040 4502 cu-

395 4533 626 4590 randum
654 4547 808 4589 vena
847 4531 1100 4590 frontalis
1139 4536 1447 4602 incisione;
1507 4533 1677 4604 [alius]
1721 4535 2040 4591 adhibendo

397 4623 654 4691 potiones
699 4627 756 4679 et
809 4623 980 4678 totius
1033 4624 1249 4693 species
1305 4623 1614 4680 medicina.
1673 4625 1804 4689 Qua
1858 4624 2041 4681 omnia

395 4711 488 4768 ille
533 4711 744 4769 ferebat
782 4713 1011 4782 patienti
1063 4715 1266 4770 animo.
1318 4715 1372 4770 Si
1421 4714 1566 4770 enim
1596 4715 1750 4770 vivus
1797 4714 2038 4782 arderet,

396 4800 625 4862 haberet
673 4803 829 4871 quasi
889 4816 991 4872 pro
1046 4804 1310 4863 remedio.
1363 4819 1484 4860 cum
1543 4817 1702 4859 omne
1761 4804 2040 4873 ingenium

397 4896 452 4947 et
498 4889 770 4946 industria
826 4891 1165 4948 medicorum
1223 4892 1446 4949 cederet
1504 4893 1837 4948 econtrario.
1901 4892 2040 4958 Quid

399 4980 544 5036 enim
571 4979 653 5036 illi
685 4980 1020 5049 proﬁcerent
1051 4982 1334 5038 hominum
1364 4982 1675 5050 medicina,
1707 4996 1869 5050 quem
1899 4983 2044 5038 Deus

398 5069 572 5124 sancti
623 5069 918 5125 Adalhardi
969 5072 1269 5126 curandum
1326 5072 1638 5127 reservabat
1686 5072 2042 5141 magniﬁcen-

401 5156 534 5211 tia?
581 5158 749 5228 (infr.,
794 5173 849 5213 n.
908 5159 1012 5229 l4.)
1061 5161 1227 5215 Multa
1275 5161 1458 5230 itaque
1505 5161 1624 5215 sine
1674 5160 1909 5215 utilitate
1959 5161 2044 5215 sui

400 5245 628 5302 medicis
684 5250 1067 5319 expendendo,
1130 5251 1297 5320 coepit
1360 5250 1694 5321 excogitare,
1754 5252 1880 5320 quia
1933 5265 2044 5307 non

401 5341 485 5388 est
521 5338 666 5394 Deus
702 5345 762 5394 ut
808 5340 1011 5410 homo;
1057 5345 1133 5408 et,
1167 5340 1482 5412 quicunque
1522 5339 1595 5395 sit
1642 5339 1908 5407 medicus,
1942 5343 2046 5395 Do-

403 5423 535 5480 mini
563 5435 647 5484 est
676 5428 858 5497 salus;
911 5431 1269 5501 quamobrem
1309 5436 1595 5487 crescente
1637 5430 1950 5485 inﬁrmitate
1989 5430 2045 5485 in

406 5512 670 5583 deterius,
721 5534 871 5588 spem
929 5535 1082 5576 suam
1141 5535 1355 5577 omnem
1406 5521 1551 5578 tollit
1587 5519 1656 5574 ab
1705 5519 1946 5586 homine,
1992 5524 2048 5574 et

2124 4449 2180 4503 in
2231 4449 2445 4504 cunctis
2483 4449 2592 4504 tuis
2639 4449 3106 4506 miserationibus.
3154 4450 3222 4504 Et
3249 4449 3328 4504 sic
3360 4461 3588 4505 ascenso
3621 4462 3778 4517 equo

2123 4537 2461 4608 stupefactus
2491 4539 2625 4604 ibat,
2659 4545 2972 4608 menteque,
3005 4555 3128 4609 qua
3157 4553 3288 4596 sana
3322 4544 3528 4597 tantum
3555 4551 3783 4594 reman-

2121 4634 2288 4700 serat,
2323 4643 2540 4698 semper
2568 4628 2785 4685 harens
2811 4630 2945 4686 Deo.

2193 4718 2247 4772 8.
2301 4717 2461 4789 Alpes
2515 4719 2833 4774 conscendit.
2884 4748 2953 4760 -—
3014 4717 3336 4776 Pervenitur
3372 4715 3466 4774 ubi
3505 4716 3782 4772 dicuntur

2123 4807 2307 4861 Sancti
2361 4807 2602 4876 Dionysii
2663 4807 2920 4877 hospitia,
2979 4806 3160 4865 adhuc
3212 4805 3488 4864 celebrata
3544 4819 3615 4862 ex
3663 4818 3779 4859 no-

2125 4895 2270 4950 mine
2335 4897 2473 4964 ejus.
2527 4895 2714 4964 ibique
2779 4895 3036 4961 servitor,
3091 4895 3178 4952 cui
3247 4895 3568 4964 deputatum
3628 4900 3779 4958 erat,

2125 4985 2394 5052 respectis
2447 4990 2507 5041 ut
2557 4984 2771 5042 solebat
2825 4985 3188 5043 incisionibus
3243 5005 3255 5040 :
3326 4985 3466 5048 Heu,
3519 4982 3777 5047 domlne.

2127 5073 2221 5138 ait,
2256 5088 2344 5128 res
2391 5078 2482 5128 tua
2536 5073 2783 5142 quotidie
2831 5074 2979 5129 cedit
3026 5075 3080 5130 in
3131 5073 3394 5129 deterius.
3445 5074 3567 5127 Non
3619 5079 3778 5140 pote.

2126 5162 2249 5216 ritis
2296 5163 2432 5217 viam
2484 5162 2786 5231 perficere;
2829 5178 3053 5219 necesse
3101 5169 3186 5218 est
3232 5177 3328 5218 vos
3375 5176 3499 5217 cum
3546 5161 3777 5216 seniore

2129 5257 2318 5307 nostro
2368 5252 2656 5307 consilium
2705 5253 2926 5308 habere.
2978 5253 3184 5330 Deinde
3233 5252 3415 5309 abbati
3469 5251 3777 5322 suggessit.

2127 5341 2309 5396 Abbas
2352 5342 2524 5398 tristis
2571 5341 2792 5400 fratrem
2849 5343 3158 5408 accersivit,
3217 5349 3274 5396 ut
3331 5341 3408 5398 ibi
3466 5348 3779 5406 remaneat,

2128 5436 2222 5486 aut
2252 5429 2444 5486 eiectis
2483 5444 2626 5500 quos
2677 5431 2828 5489 malit
2875 5432 3188 5489 hominibus
3224 5431 3415 5489 redeat
3456 5438 3631 5496 retro,
3660 5445 3784 5490 om-

2129 5520 2262 5575 nino
2309 5526 2512 5587 monet,
2547 5526 2806 5590 precatur
2844 5527 2900 5577 et
2939 5521 3197 5578 consulit.
3248 5522 3364 5577 Hoc
3392 5527 3575 5576 autem
3615 5520 3780 5578 dice-
