4096 6156
210 329 219 335 ε
292 250 432 308 1029

1796 226 1807 231 ’
1898 256 2068 338 νίῙΑ.

282 379 400 445 bat,
459 392 583 434 cum
629 379 811 436 adhuc
859 378 1182 437 interiorem
1219 379 1593 437 inﬁrmitatem
1658 382 1932 450 nesciens,
1952 380 2254 457 Aquendi,
2288 393 2399 437 non
2435 380 2738 438 amittendo
2775 382 3170 460 inﬁrmitatem,
3200 385 3300 441 sed
3327 386 3670 445 admittendo

285 472 501 524 tantum
540 469 872 527 exteriorem
913 468 1157 536 videbat,
1208 468 1481 526 celaverat
1527 471 1673 527 enim
1710 472 1855 528 sicut
1882 478 1937 527 et

284 554 536 624 reliquos
591 570 705 612 rem
769 571 923 614 suam
990 556 1244 612 abbatem
1301 572 1459 615 suum
1488 600 1502 626 ,
1560 572 1621 614 ea
1679 558 1937 615 videlicet

284 657 473 711 causa,
515 658 584 701 ne
622 644 918 716 impediret
975 646 1082 702 iter
1139 653 1401 717 coeptum.
1442 648 1608 717 Cujus
1643 646 1935 704 monitioni

282 730 571 788 humiliter
599 733 878 791 obsistens
907 735 1241 791 omnimodis
1279 735 1575 805 precibus:
1635 737 1777 804 Non,
1836 736 1931 802 ait,

286 819 531 890 domine,
600 836 765 881 causa
831 821 1293 893 retrogradiendi,
1335 824 1433 879 sed
1499 838 1663 887 causa
1717 823 1937 896 proﬁci-

282 909 498 979 scendi,
541 911 589 968 si
644 913 789 969 Deus
846 916 902 969 et
948 925 1046 968 vos
1085 912 1469 982 permiseritis,
1508 927 1628 969 sum
1675 913 1782 970 hoc
1829 913 1936 969 iter

281 1012 597 1069 aggressus.
640 1000 774 1059 Veni
805 1000 1044 1070 jussioni
1101 1006 1299 1057 vestra
1337 1001 1674 1071 obediendo,
1729 1008 1935 1074 prater

281 1100 403 1145 eam
434 1090 596 1147 etiam
627 1088 734 1146 alia
770 1096 942 1146 restat
988 1090 1288 1146 necessitas
1329 1090 1382 1145 in
1423 1090 1755 1162 supplendo.
1794 1093 1936 1161 Qua-

280 1183 513 1250 propter
548 1192 750 1248 precor
779 1178 837 1235 in
876 1180 972 1235 Dei
1010 1193 1195 1236 amore
1242 1185 1477 1237 vestram
1516 1181 1929 1250 paternitatem,

288 1281 360 1323 ne
389 1266 569 1324 reditu
596 1279 716 1322 eam
744 1265 1042 1337 imponatis
1072 1267 1227 1336 mihi,
1269 1268 1358 1324 cui
1399 1269 1781 1327 contradicere
1821 1285 1930 1327 non

279 1355 510 1421 valeam,
538 1355 865 1424 jussionem.
905 1354 988 1411 Ad
1027 1355 1148 1412 hac
1194 1356 1387 1415 videns
1444 1358 1614 1414 abbas
1669 1373 1928 1429 perseve-

279 1443 513 1500 rantiam
538 1442 777 1512 juvenis,
816 1443 1011 1500 annuit
1049 1446 1168 1515 ejus
1214 1444 1482 1501 voluntati
1539 1452 1595 1502 et
1650 1447 1929 1503 desiderio

277 1531 442 1589 bona
510 1531 853 1589 intentionis.
925 1533 1058 1587 Cum
1121 1539 1301 1589 autem
1367 1533 1437 1589 ad
1495 1540 1735 1592 montem
1780 1536 1930 1592 iovis

282 1620 605 1692 (Montjouz)
641 1622 1038 1691 pervenissent,
1085 1623 1335 1679 ascendit
1373 1628 1613 1679 montem
1643 1637 1753 1681 non
1802 1632 1927 1681 tan-

2020 468 2078 523 in
2109 468 2397 537 deterius;
2430 468 2577 525 unde
2615 469 2663 524 si
2692 470 2847 539 prius
2874 485 3086 543 graves,
3129 474 3478 541 postmodum
3507 478 3672 535 susti-

2018 557 2141 615 nuit
2176 556 2461 630 angustias
2496 559 2798 628 graviores.
2831 560 2965 628 Quia
3014 561 3161 616 enim
3210 562 3356 618 inter
3392 565 3670 623 Romanos

2017 652 2075 705 et
2136 647 2438 718 Apuliones
2511 647 2863 704 inhorruerat
2927 649 3093 706 solito
3158 651 3415 720 superius
3475 652 3665 725 [Bolt.,

2016 735 2318 808 asperius]
2383 741 2682 806 tempestas
2720 736 2991 794 bellorum
3049 752 3173 795 cum
3228 740 3462 796 maximo
3520 743 3669 811 peri-

2018 823 2166 891 culo,
2242 825 2555 895 equitantes
2627 825 2878 896 quotidie
2963 828 3357 898 exspectabant
3429 827 3667 886 fortuna

2017 918 2294 969 eventum.
2359 914 2471 970 Nec
2528 911 2703 969 defuit
2740 912 2979 972 fortuna
3036 914 3304 985 stropha;
3357 916 3668 973 incidentes

2016 1000 2221 1071 quippe
2286 1001 2343 1055 in
2410 999 2656 1056 latrones
2715 1003 2897 1056 omnia
2963 1016 3062 1057 sua
3130 1003 3446 1072 perdidere.
3485 1006 3668 1062 Abhas

2016 1092 2297 1161 projectus
2335 1088 2403 1145 de
2462 1104 2629 1161 equo,
2668 1104 2937 1161 nusquam
2994 1097 3267 1149 terrarum
3326 1106 3439 1149 non
3497 1093 3665 1151 fuisse

2013 1178 2278 1235 voluisset
2308 1184 2438 1233 tunc
2467 1178 2732 1235 libentius
2771 1194 2934 1251 quam
2973 1180 3089 1237 illo.
3121 1180 3387 1239 Geraldus
3416 1196 3663 1254 quoque,

2013 1266 2159 1323 sicut
2194 1280 2414 1338 semper
2441 1267 2675 1336 solebat,
2726 1274 3028 1326 retrorsum
3080 1270 3231 1327 solus
3279 1276 3334 1327 et
3391 1272 3666 1341 pendulus

2013 1354 2332 1425 equitabat;
2366 1370 2559 1412 aurum
2590 1357 2756 1413 etiam
2789 1362 2846 1413 et
2890 1364 3176 1429 argentum
3225 1359 3441 1416 abbatis
3476 1374 3663 1417 secum

2010 1443 2286 1513 habebat;
2317 1445 2417 1503 sed
2449 1445 2582 1515 quid
2613 1444 2863 1504 faceret?
2910 1448 3191 1518 quomodo
3238 1448 3536 1505 evaderet?
3584 1450 3665 1505 in-

2008 1531 2245 1601 vaditur,
2287 1532 2356 1588 de
2395 1547 2538 1604 equo
2570 1536 2883 1604 projicitur,
2924 1535 3268 1604 distrahitur,
3312 1536 3657 1621 impellitur,

2010 1621 2315 1692 spoliatur;
2383 1629 2439 1679 et
2500 1622 2571 1679 ad
2637 1632 2989 1693 augmentum
3056 1626 3427 1695 infirmitatis,
3497 1628 3661 1683 etiam

278 1715 396 1766 tum
433 1709 583 1766 iovis
609 1708 709 1763 sed
739 1709 903 1765 etiam
933 1709 1221 1778 Bardouis,
1265 1725 1368 1766 nec
1414 1725 1558 1782 equo
1607 1712 1706 1769 sed
1746 1710 2250 1787 pede;Bgraviter
2278 1711 2605 1782 ﬂagellatur.
2639 1713 2732 1769 Sui
2788 1714 3014 1784 quippe,
3064 1721 3124 1770 ut
3178 1715 3376 1770 melius
3430 1716 3663 1786 quisque

276 1813 383 1857 nec
421 1798 617 1855 anima
655 1804 867 1857 tantum
905 1812 1088 1864 causa,
1132 1804 1394 1871 quantum
1435 1801 1722 1859 ﬂectenda
1754 1802 1929 1874 pieta-

276 1888 351 1944 tis
400 1887 500 1945 Dei
554 1888 613 1943 in
662 1887 1039 1958 recuperanda
1086 1889 1285 1945 salute.
1333 1891 1502 1947 Tanta
1552 1895 1671 1948 erat
1713 1891 1795 1948 vis
1832 1892 1928 1948 do-

277 1975 440 2041 loris,
481 1981 665 2035 tantus
719 1990 874 2033 amor
926 1976 1304 2048 adipiscenda
1342 1979 1612 2047 sanitatis,
1672 1980 1730 2035 in
1769 1982 1926 2051 cujus

272 2066 691 2135 comparatione
747 2066 1018 2125 viluerant
1056 2068 1239 2124 omnia
1276 2083 1399 2137 qua
1457 2076 1738 2125 creaverat
1775 2070 1922 2126 Con-

275 2154 427 2215 ditor
464 2155 637 2213 orbis.
672 2156 775 2213 Ubi
803 2170 934 2212 vero
964 2156 1216 2213 ascendit
1242 2157 1435 2214 Gaudii
1467 2167 1728 2228 montem,
1761 2159 1925 2216 nudis

277 2243 515 2312 pedibus
552 2251 606 2301 et
667 2244 922 2301 cuculato
978 2245 1159 2316 capite
1214 2245 1500 2315 incedens,
1558 2247 1814 2318 lacrymis
1869 2254 1924 2302 et

270 2332 608 2403 singultibus
643 2333 859 2390 occulte
899 2334 1159 2404 pascebat
1196 2334 1466 2393 dolorem.

345 2420 400 2475 9.
432 2424 650 2478 Romam
676 2423 927 2493 pervenit.
959 2454 1031 2463 —
1060 2425 1314 2481 Pervenit
1341 2426 1567 2481 Romam
1593 2446 1607 2494 ;
1650 2426 1808 2495 cujus
1835 2440 1924 2481 ar-

273 2509 415 2564 dens
452 2508 751 2578 desiderio,
794 2517 930 2581 quot
967 2512 1221 2581 passibus
1257 2518 1341 2570 tot
1376 2513 1645 2585 angustiis
1682 2513 1920 2585 quasie-

272 2604 361 2654 rat
417 2612 557 2668 eam,
619 2600 886 2671 quaritur
938 2599 1259 2671 hospitium,
1321 2602 1432 2659 itur
1491 2608 1725 2658 oratum.
1792 2602 1923 2670 Quis

271 2693 467 2757 posset
506 2685 713 2743 referre
759 2694 992 2758 quantas
1048 2688 1315 2760 laciymas
1342 2690 1418 2747 ibi
1464 2688 1608 2747 fudit
1644 2696 1772 2746 ante
1817 2691 1923 2746 Do-

270 2775 481 2831 minum
517 2782 717 2835 suum?
765 2778 885 2833 Non
931 2784 1055 2850 eget
1084 2778 1311 2847 referre,
1353 2779 1400 2836 si
1437 2781 1561 2850 quis
1588 2793 1828 2836 amorem
1868 2787 1924 2836 et

273 2862 548 2931 dolorem,
590 2864 925 2921 desiderium
957 2872 1014 2921 et
1050 2867 1420 2923 infirmitatem
1471 2868 1604 2923 velit
1647 2868 1917 2925 conferre.

272 2953 591 3009 Manserunt
627 2954 705 3010 ibi
745 2954 943 3011 diebus
1000 2962 1149 3024 octo,
1208 2956 1301 3012 ubi
1349 2957 1568 3027 juvenis
1604 2956 1920 3013 satisfacere

2010 1804 2250 1869 poterat,
2285 1798 2608 1872 fugiebant;
2664 1802 2803 1858 nihil
2842 1807 3100 1872 putantes
3144 1804 3453 1874 perdidisse
3491 1819 3558 1859 ex
3596 1817 3662 1860 eo

2009 1888 2160 1959 quod
2222 1889 2404 1945 adhuc
2441 1890 2714 1947 vivebant.
2756 1891 3124 1961 Recuperatis
3178 1906 3308 1949 vero
3369 1892 3525 1962 equis
3564 1907 3664 1963 per

2009 1977 2307 2047 quemdam
2338 1977 2590 2046 militem,
2625 1971 2995 2048 pervenerunt
3014 1979 3083 2036 ad
3112 1987 3352 2037 montem
3382 1982 3658 2047 Casinum,

2011 2067 2104 2123 ubi
2139 2068 2359 2137 juvenis
2414 2068 2613 2123 iterum
2670 2068 2841 2139 pedes
2899 2083 3023 2125 cum
3061 2068 3318 2140 lacrymis
3375 2069 3662 2140 requisivit
3707 2057 3711 2063 ’

2008 2158 2265 2211 Sanctum
2296 2157 2681 2223 Benedictum,
2716 2171 2951 2229 cumque
2981 2158 3060 2213 ibi
3089 2164 3438 2215 morarentur
3464 2159 3656 2226 biduo,

2004 2244 2188 2300 abbati
2230 2246 2407 2317 ipsius
2469 2245 2577 2301 loci
2624 2246 2999 2303 infirmitatem
3055 2261 3210 2303 suam
3267 2248 3537 2303 intimavit
3592 2262 3660 2303 ex

2005 2333 2264 2390 consilio.
2296 2335 2395 2390 Cui
2453 2333 2548 2390 ille
2603 2348 2727 2391 cum
2772 2334 3028 2406 lacrymis
3066 2343 3122 2391 et
3159 2337 3414 2405 suspiriis
3451 2335 3659 2392 condo-

2005 2422 2206 2479 iendo:
2239 2423 2346 2480 heu
2377 2421 2566 2491 frater,
2608 2423 2704 2493 ait,
2734 2424 2836 2480 sub
2876 2430 3081 2494 quanto
3120 2424 3338 2481 laboras
3367 2424 3652 2495 periculo!

2006 2511 2251 2568 eamdem
2308 2526 2471 2583 quam
2527 2516 2582 2567 et
2637 2519 2697 2567 tu
2753 2513 2961 2584 pateris
3017 2512 3391 2569 infirmitatem
3432 2514 3656 2585 quidam

2006 2615 2073 2656 ex
2110 2598 2371 2656 fratribus
2400 2600 2608 2657 nostris
2646 2600 2900 2669 incurrit,
2929 2615 3094 2671 quam
3148 2607 3299 2658 tanta
3357 2600 3656 2658 afﬂictione

2006 2695 2062 2745 et
2127 2695 2276 2745 tanta
2343 2690 2599 2761 passione
2641 2689 2805 2745 miser
2870 2690 3128 2746 sustinuit
3197 2689 3427 2759 diutius,
3479 2692 3656 2748 donec

2005 2778 2169 2834 modo
2199 2778 2267 2835 ad
2308 2778 2558 2835 ultimum
2610 2779 2791 2835 omnis
2844 2793 3042 2836 sensus
3093 2785 3149 2833 et
3186 2780 3365 2835 omnis
3419 2780 3655 2841 humana

2004 2867 2240 2925 intentio
2278 2867 2386 2923 sibi
2424 2882 2535 2924 non
2573 2868 2693 2925 sine
2740 2868 2975 2924 maximo
3014 2867 3214 2924 damno
3271 2867 3535 2925 decurrit.
3571 2869 3653 2924 Ad

2005 2956 2123 3012 hac
2162 2956 2253 3012 ille
2293 2955 2649 3026 stupefactus,
2684 2970 2716 3010 a
2744 2970 2854 3027 quo
2894 2957 3134 3027 speravit
3187 2956 3474 3013 discedere
3512 2970 3652 3015 con-

272 3042 488 3108 putavit
525 3041 783 3112 lacrymis
820 3044 934 3099 suis
964 3049 1020 3099 et
1056 3051 1221 3101 voto:
1266 3045 1649 3115 sedquomodo
1697 3045 1918 3103 satisfa-
1941 3046 2201 3116 Csultus,
2233 3045 2465 3102 recessit
2494 3045 2838 3115 desporatior
2867 3044 3063 3101 factus.

272 3137 447 3198 ceret,
490 3131 732 3200 quandiu
772 3146 895 3188 eum
945 3137 1093 3189 tanta
1148 3134 1400 3204 angustia
1457 3141 1773 3204 premeret?
1813 3137 1919 3190 Ve-

271 3219 462 3277 niebat
518 3220 767 3290 quotidie
827 3222 894 3278 ad
953 3222 1263 3290 ecclesiam,
1305 3230 1359 3277 et
1419 3225 1576 3294 quasi
1614 3238 1710 3280 ore
1749 3224 1818 3280 ad
1858 3238 1922 3280 os

271 3309 505 3367 deberet
542 3309 784 3380 colloqui
814 3318 1006 3368 sancto
1045 3313 1231 3378 Petro,
1262 3312 1451 3369 lumbo
1490 3318 1651 3373 tenus
1679 3314 1921 3371 intrabat

268 3400 570 3459 sanctuarii
623 3414 802 3457 arcam
839 3400 951 3471 (3),
984 3402 1077 3457 ubi
1109 3402 1335 3471 pulsans
1374 3403 1502 3458 fidei
1542 3404 1767 3473 pietate,
1808 3417 1918 3460 non

268 3486 451 3545 solum
507 3486 702 3545 aﬂ‘ectu
755 3488 960 3555 cordis,
1000 3503 1187 3545 verum
1235 3490 1400 3547 etiam
1447 3496 1599 3547 motu
1647 3492 1918 3559 corporis,

271 3574 566 3644 patefactis
630 3577 909 3635 memoria
966 3578 1204 3645 ostiolis,
1259 3581 1372 3635 Deo
1433 3586 1487 3635 et
1525 3585 1717 3637 sancto
1756 3581 1919 3636 Petro

270 3664 410 3723 solis
477 3665 748 3733 testibus,
799 3666 984 3727 omnia
1040 3666 1154 3724 illic
1211 3667 1360 3734 lavit,
1415 3668 1612 3738 rigavit
1668 3668 1921 3738 lacrymis

270 3759 331 3808 et
360 3752 616 3810 ﬂetibus:
640 3754 765 3811 aliis
794 3755 1199 3813 dormientibus
1236 3757 1355 3825 ipse
1385 3756 1664 3826 vigilabat,
1696 3763 1753 3811 et
1782 3756 1917 3812 clam

271 3855 525 3911 surgens,
592 3844 790 3901 locatis
833 3844 916 3915 (4)
986 3844 1330 3912 custodibus,
1398 3846 1653 3903 Sanctum
1698 3847 1916 3902 Petrum

275 3930 572 3988 revisebat.
605 3933 773 3989 Erant
802 3939 984 3991 autem
1015 3933 1136 3993 hac
1166 3949 1375 3993 summa
1407 3935 1692 4005 petitionis
1719 3949 1833 3991 sua
1864 3941 1923 3990 ut

270 4019 320 4075 si
376 4032 489 4075 non
528 4026 835 4079 mereretur
890 4022 1126 4092 adipisci
1182 4024 1434 4090 salutem,
1493 4023 1922 4093 impedientibus

271 4110 519 4177 peccatis
536 4110 672 4176 suis,
692 4110 779 4166 vel
799 4111 941 4171 hanc
984 4112 1089 4169 sibi
1141 4114 1338 4169 Petrus
1361 4113 1682 4183 impetraret
1708 4112 1920 4170 veniam

2080 3133 2163 3189 ll.
2204 3132 2359 3190 Subit
2396 3138 2626 3190 montem
2684 3134 3007 3202 Garganum,
3064 3134 3123 3206 ﬁt
3178 3132 3453 3201 sacerdos,
3515 3134 3653 3191 Cor-

2002 3221 2171 3278 beiam
2199 3223 2358 3280 redit.
2418 3252 2485 3265 —
2522 3224 2847 3280 Pervenitur
2883 3222 2952 3277 ad
3008 3230 3249 3279 montem
3307 3224 3611 3292 Garganum
3636 3265 3651 3290 ,

2004 3317 2064 3368 ut
2102 3311 2357 3371 devotius
2417 3314 2618 3385 potuit,
2660 3313 2837 3371 oravit
2864 3311 3183 3368 Michaelem
3223 3311 3651 3380 archangelum;

2002 3400 2153 3456 stilla
2182 3401 2451 3473 guttantis
2478 3416 2635 3469 aqua
2667 3400 2948 3456 multoties
2979 3399 3244 3468 respersit
3272 3405 3438 3468 caput
3474 3413 3652 3455 suum.

2002 3488 2111 3544 Sed
2148 3489 2284 3559 quid
2323 3489 2523 3560 plura?
2550 3487 2775 3544 Occulta
2809 3494 2938 3545 sunt
2975 3487 3187 3558 judicia
3215 3488 3348 3556 Dei;
3383 3501 3495 3545 non
3533 3501 3655 3543 san-

2004 3584 2126 3635 ctus
2153 3577 2382 3633 Michael
2422 3578 2476 3633 in
2509 3588 2609 3632 suo
2661 3578 2933 3648 Gargano,
2983 3590 3094 3632 non
3140 3582 3367 3632 sanctus
3413 3576 3652 3633 Benedi-

2003 3672 2126 3723 ctus
2154 3666 2212 3722 in
2242 3680 2342 3721 suo
2374 3665 2593 3734 Casino,
2625 3678 2737 3721 non
2765 3671 2993 3722 sanctus
3021 3666 3216 3722 Petrus
3236 3666 3294 3721 in
3321 3679 3420 3720 sua
3456 3666 3651 3732 Roma,

2003 3755 2152 3826 quod
2192 3761 2416 3810 sanctus
2444 3753 2750 3811 Adalardus
2789 3754 3096 3825 promeruit
3132 3754 3201 3810 de
3230 3753 3334 3809 hac
3363 3767 3424 3809 re
3460 3753 3519 3808 in
3556 3768 3655 3809 sua

2001 3844 2254 3900 Corbeia.
2313 3845 2539 3899 invento
2597 3843 2784 3914 itaque
2838 3856 2979 3914 papa
3044 3844 3264 3909 Leone,
3324 3841 3655 3899 omnimodis

2000 3932 2305 4003 satagebat,
2347 3938 2621 4002 quatenus
2659 3932 2801 4003 apud
2845 3946 2969 3991 eum
2994 3932 3268 3989 sarcinam
3302 3936 3656 4002 peccatorum

1999 4035 2227 4078 suorum
2268 4027 2457 4091 posset
2494 4035 2838 4088 exonerare;
2873 4021 2972 4078 sed
3004 4036 3127 4077 cum
3178 4033 3289 4077 non
3324 4028 3471 4078 esset
3500 4035 3659 4077 acce-

2001 4109 2370 4178 dendilocus,
2405 4124 2506 4165 nec
2537 4109 2915 4166 commorandi
2944 4109 3183 4181 speciale
3218 4116 3454 4182 tempus,
3488 4108 3658 4178 capit

3530 256 3669 320 1030
3762 255 3771 259 ’

270 4197 418 4265 apud
456 4196 803 4255 clementiam
861 4200 1055 4256 summi
1121 4200 1354 4268 iudicis,
1422 4215 1524 4258 nec
1587 4202 1735 4259 illam
1796 4215 1920 4270 qua
2003 4199 2318 4256 contristari
2360 4204 2417 4256 et
2454 4205 2712 4267 astuare,
2762 4199 2809 4253 si
2860 4212 2970 4268 quo
3006 4199 3172 4255 modo
3210 4199 3279 4255 ad
3319 4200 3525 4254 exitum
3574 4197 3656 4253 rei

269 4284 454 4341 adhuc
490 4292 609 4343 erat
661 4288 1015 4345 scintillulam
1071 4291 1349 4351 amitteret
1405 4304 1555 4349 sana
1619 4291 1837 4348 mentis.
1879 4292 1922 4346 Ο
2004 4293 2192 4359 posset
2221 4288 2530 4358 pervenire.
2562 4290 2779 4344 interea
2816 4288 2968 4345 videt
2995 4287 3284 4358 quemdam
3316 4286 3653 4356 pontificem,

270 4373 508 4432 altitudo
537 4376 849 4435 divitiarum
881 4378 1168 4448 sapientia
1206 4385 1262 4436 et
1296 4381 1545 4437 scientia
1574 4380 1709 4439 Dei!
1752 4394 1981 4458 quamD
2004 4379 2225 4435 nomine
2283 4379 2586 4433 ilubertum
2632 4376 2726 4447 (5),
2768 4375 2859 4430 cui
2909 4388 3127 4431 omnem
3165 4388 3318 4431 suam
3357 4374 3654 4430 conscien-

267 4461 652 4522 inscrutabilia
706 4472 837 4522 sunt
889 4467 1100 4536 judicia
1158 4474 1271 4535 tua,
1330 4469 1600 4525 Domine!
1660 4470 1779 4525 Non
1838 4468 1920 4523 vis

271 4550 407 4609 dare
440 4553 601 4610 Petro
632 4554 820 4611 Roma
859 4555 1009 4624 quod
1039 4555 1358 4612 reservabas
1385 4561 1578 4615 sancto
1607 4555 1919 4613 Adalhardo

270 4640 545 4697 Corbeia.

350 4726 434 4781 10.
502 4731 567 4784 In
626 4728 836 4801 Apuliae
899 4732 1107 4799 itinere,
1178 4748 1213 4789 α
1277 4731 1569 4789 latronibus
1633 4732 1916 4789 invaditur.

269 4817 521 4874 Casinam
566 4818 761 4875 invisit.
821 4850 894 4860 —
946 4821 1192 4891 Expletis
1237 4822 1424 4891 itaque
1489 4826 1617 4879 octo
1684 4822 1919 4889 diebus,

268 4905 450 4975 gratia
486 4906 879 4965 ecclesiastica
930 4909 1188 4967 utilitatis
1232 4910 1411 4967 tendit
1456 4911 1629 4967 abbas
1666 4911 1916 4980 ulterius,

266 5000 522 5051 sanctum
560 4997 797 5053 Leonem
830 5012 1048 5068 papam,
1088 5000 1184 5069 qui
1225 5005 1355 5057 tunc
1395 4994 1511 5058 erat
1540 5014 1730 5057 versus
1759 5015 1919 5058 mon-

268 5092 385 5141 tem
413 5087 737 5156 Garganum,
771 5094 1016 5145 secutus.
1076 5088 1212 5145 illuc
1267 5091 1454 5156 etiam,
1517 5089 1649 5147 licet
1702 5089 1923 5146 deficiat

267 5188 497 5249 corpus,
532 5176 719 5246 juveni
782 5181 960 5232 tamen
1021 5178 1255 5245 amplior
1312 5178 1513 5233 crescit
1567 5179 1781 5235 animus
1836 5193 1920 5234 se-

349 5313 424 5381 (3)
467 5317 574 5371 Per
612 5316 906 5373 fenestram
946 5333 1071 5387 qua
1111 5318 1186 5372 ibi
1229 5318 1552 5375 habebatur.
1588 5321 1649 5375 V.
1682 5321 1738 5374 S.
1778 5322 1918 5376 Gre-

168 5428 179 5436 .
268 5400 412 5461 gor.‘
439 5387 641 5461 Iuron.
676 5390 773 5444 lib.
816 5405 833 5443 ι
863 5392 938 5444 De
978 5388 1150 5459 gloria
1192 5397 1375 5461 mart.,
1408 5405 1529 5461 cap.
1562 5391 1652 5445 20.

350 5457 424 5529 (4)
460 5458 521 5531 id
561 5464 645 5514 est
683 5461 864 5531 pretio
909 5456 1016 5516 sibi
1055 5460 1384 5526 conciliatis,
1420 5456 1521 5517 nec
1548 5467 1633 5517 est
1662 5456 1919 5520 necessa-

268 5527 378 5595 ria,
412 5530 491 5586 uti
529 5527 747 5587 censuit
792 5531 1226 5602 Papebrochius,
1269 5531 1431 5600 hujus
1485 5534 1638 5589 vocis
1693 5535 1921 5591 mutatio

2004 4468 2133 4523 tiam
2192 4465 2476 4535 patefecit,
2535 4464 2913 4521 infirmitatem
2952 4478 3059 4534 qua
3113 4462 3399 4518 laborabat
3436 4461 3652 4532 aperit,

2003 4559 2058 4607 et
2098 4552 2378 4622 quomodo
2437 4552 2630 4609 relicta
2683 4552 2976 4618 medicina,
3038 4564 3254 4607 omnem
3309 4564 3463 4621 spem
3500 4563 3654 4606 suam

2006 4641 2391 4708 commisisset,
2451 4641 2719 4697 custodia
2776 4638 3069 4709 spirituali.
3110 4638 3299 4694 Atille
3344 4643 3657 4709 temperans

2004 4730 2226 4787 modum
2284 4729 2626 4799 poenitentia
2684 4742 2785 4798 pro
2838 4728 3003 4784 modo
3042 4727 3411 4796 infirmitatis,
3469 4726 3657 4783 laudat

2006 4819 2351 4891 propositum
2376 4821 2615 4890 juvenis,
2650 4819 2906 4874 hortatur
2934 4818 3190 4874 insistere
3229 4817 3445 4888 captis,
3486 4817 3657 4888 impe-

2002 4916 2087 4967 rat
2125 4924 2194 4965 ne
2240 4908 2474 4979 amplius
2512 4908 2644 4978 quid
2685 4907 2850 4964 faciat
2885 4908 3005 4963 sine
3045 4906 3269 4964 licentia
3307 4906 3541 4963 abbatis.
3573 4907 3654 4962 ita

2004 4997 2256 5056 confecto
2289 4998 2533 5069 negotio,
2587 4996 2838 5067 utrisque
2888 5011 2920 5052 a
2959 5010 3101 5069 papa
3139 4996 3303 5052 etiam
3341 4994 3657 5051 sacerdoti-

2002 5090 2106 5148 bus
2143 5086 2371 5154 eﬂ‘ectis,
2432 5100 2492 5143 se
2531 5101 2653 5145 cum
2693 5086 2892 5143 abbate
2931 5099 3055 5152 suo,
3098 5085 3312 5142 reditur
3366 5083 3654 5141 Corbeiam

2002 5193 2111 5235 non
2141 5178 2259 5232 sine
2299 5190 2494 5246 magno
2534 5178 2659 5231 vita
2689 5190 2804 5232 sua
2838 5175 3107 5245 periculo.
3147 5177 3375 5245 Jamque
3418 5175 3487 5230 de
3527 5187 3655 5231 cor-

2002 5325 2058 5379 in
2092 5323 2333 5378 lucratis.

2079 5395 2163 5465 (ὅ)
2223 5396 2312 5449 Sic
2368 5394 2531 5450 Corb.
2591 5392 2719 5448 Silv.
2786 5393 2808 5445 1
2870 5391 3167 5465 Robertum,
3196 5391 3341 5465 alii
3383 5391 3649 5465 Ubertam,

2002 5460 2292 5522 Menardus
2323 5465 2621 5532 Gubertam,
2665 5477 2827 5533 quem
2867 5463 3277 5533 Papebrochius
3320 5460 3655 5535 [suspicatur

2001 5537 2172 5593 fuisse
2209 5537 2692 5607 archiepiscopum
2720 5535 3094 5605 Sipontinum.
