4096 6156
462 256 588 313 1031

1518 258 1572 312 s.
1613 243 1900 312 GERALDI
1940 252 2214 310 ABBATIS
2251 255 2761 311 SlLVAZ—MAJORIS

3695 258 3830 313 1032

451 383 604 453 poris
641 382 876 436 sanitate
916 381 1261 451 desperatus,
1295 381 1488 435 animae
1540 382 1824 449 quaerebat
1860 380 2092 435 salutem
2111 384 2308 440 Aeum
2365 379 2584 434 assidue
2624 380 2861 435 habebat
2919 385 2975 435 et
3020 379 3311 447 intentum,
3372 381 3520 436 nulla
3559 384 3831 438 existente

452 471 733 537 attentius,
776 470 1139 540 eleemosynis
1168 471 1393 534 instare,
1431 470 1763 538 pauperibus
1793 469 2090 537 deservire,

453 561 704 616 ccclesiis
750 559 1043 625 inharere,
1103 559 1315 623 missas,
1347 558 1504 627 -quia
1557 559 1772 613 noviter
1810 559 2097 614 ordinatus

451 649 647 715 fuerat,
689 647 1007 717 frequenter
1045 647 1364 712 celebrare;
1403 660 1630 715 quarum
1691 649 1854 702 etiam
1896 648 2096 702 eucha-

454 738 625 793 ristim
687 736 813 792 dum
876 740 1099 798 astaret,
1159 734 1233 788 ita
1291 750 1403 802 pra:
1455 737 1702 804 angustia
1764 736 2096 790 inﬁrmitatis

452 827 792 898 stupefactus
831 824 1163 879 reddebatur
1203 830 1260 877 ut
1291 824 1396 878 nisi
1444 825 1538 879 Dei
1579 825 1888 891 clementia,
1932 839 2092 894 quem

450 919 596 972 inter
626 929 814 970 manus
845 914 1085 979 tenebat,
1128 919 1411 968 teneretur
1446 913 1574 984 [al.,
1609 914 1910 985 tueretur],
1947 920 2094 969 totus

451 1015 602 1061 extra
632 1019 689 1058 se
709 1005 893 1058 'lieret.

527 1092 606 1147 12.
678 1093 762 1147 Fit
826 1091 1092 1158 sucrista,

449 1182 667 1252 expleto
701 1194 844 1235 anno
878 1189 1165 1249 postquam
1205 1195 1234 1234 a
1265 1182 1437 1234 Roma
1477 1180 1658 1246 rediit,
1694 1186 1879 1235 custos
1908 1180 2092 1234 eccle-

1161 1089 1430 1144 ecclesiam
1489 1095 1734 1146 exornat.
1775 1121 1846 1130 —
1891 1092 2094 1147 Taliter

343 1275 354 1282 '
448 1274 566 1336 size,
602 1271 695 1340 qui
726 1278 858 1325 tunc
897 1275 1034 1336 erat,
1078 1270 1330 1324 humanis
1368 1269 1642 1324 decessit:
1696 1270 1783 1324 cui
1831 1270 2094 1324 Geraldus

449 1362 503 1415 iu
538 1359 855 1415 obedientia
893 1360 1180 1414 successit.
1243 1358 1519 1413 Successit
1577 1358 1922 1424 obedienter,
1964 1358 2093 1412 licet

448 1449 516 1504 ab
555 1449 674 1518 ipsa
715 1448 1076 1517 impediretur
1113 1447 1449 1513 infirmitate,
1499 1461 1610 1502 non
1659 1447 1860 1516 aliqua,
1903 1453 2091 1516 utpote

449 1539 545 1608 qui
584 1537 823 1606 seipsum
865 1549 974 1590 non
1016 1535 1275 1602 habebat,
1336 1535 1554 1590 illectus
1611 1536 1934 1604 cupiditate,
1995 1536 2092 1591 sed

451 1633 511 1682 ut
548 1626 641 1680 tali
674 1625 987 1680 obedientia
1019 1631 1427 1694 promereretur
1455 1639 1485 1678 a
1515 1626 1625 1679 Deo
1674 1625 1902 1692 gratiam
1954 1623 2095 1678 salu-

2187 482 2439 523 mensura
2469 471 2768 535 veniarum,
2803 471 2859 524 in
2900 476 3107 525 tantum
3148 477 3207 526 ut
3245 471 3566 541 digitalibus
3605 474 3834 540 junctu-

2187 558 2263 612 ris
2293 559 2421 613 nodi
2455 559 2822 630 insurgerent,
2876 567 2929 615 et
2982 567 3134 630 petra
3191 561 3382 615 durius
3437 563 3656 616 callum.
3697 565 3830 629 Quae

2186 646 2330 701 enim
2363 653 2507 701 esset
2535 662 2790 703 mensura
2829 648 2897 703 ad
2929 651 3096 703 Deum
3137 648 3426 713 clamandi,
3478 651 3637 719 cujus
3688 650 3828 720 [ed.,

2186 734 2304 805 cui]
2351 735 2497 790 nulla
2537 743 2654 790 erat
2699 737 3052 791 inﬁrmandi?
3109 739 3312 792 Videns
3340 738 3578 807 denique
3635 754 3834 808 preces

2185 837 2312 878 suas
2342 823 2479 877 nihil
2509 824 2688 879 adhuc
2721 826 3011 893 prolicere,
3054 833 3108 880 et
3155 840 3348 881 omnes
3394 826 3613 882 labores
3656 842 3792 883 suos
3815 871 3830 894 ,

2186 919 2446 982 quantum
2498 913 2565 967 ad
2615 914 2912 981 hominem,
2972 917 3246 971 incassum
3304 917 3407 983 ire,
3468 917 3649 972 divina
3702 919 3830 972 ani-

2185 1008 2362 1056 matus
2427 1001 2806 1070 inspiratione,
2875 1011 3122 1058 sanctum
3189 1003 3554 1059 Adalhardum
3628 1015 3834 1074 praeter

2186 1103 2377 1145 omnes
2408 1097 2462 1146 et
2520 1105 2688 1160 super
2725 1106 2917 1147 omnes
2973 1094 3286 1148 omnimoda
3334 1094 3653 1164 aggreditur
3691 1097 3833 1164 peti-

2184 1180 2562 1249 tione;cujus
2598 1181 2861 1236 assistens
2919 1181 3098 1247 altari,
3154 1197 3327 1251 usque
3366 1183 3434 1237 ad
3491 1183 3834 1252 desperatio-

2185 1282 2307 1323 nem
2335 1271 2444 1337 jam
2476 1268 2756 1336 confusus,
2808 1270 3105 1325 miserabili
3161 1272 3605 1340 cumpunctionis
3656 1272 3833 1326 humi-

2185 1357 2336 1412 litate
2394 1358 2448 1411 in
2507 1371 2698 1413 omnes
2759 1373 2954 1427 preces
3013 1359 3266 1414 redditur
3322 1358 3570 1415 diﬁ‘usus.
3630 1362 3832 1415 Verum

2184 1447 2279 1501 illo
2321 1447 2560 1515 desuper
2599 1447 2892 1502 miserante
2941 1448 3032 1516 qui
3073 1449 3480 1519 appropinquat
3537 1451 3831 1504 contribu-

2185 1535 2310 1590 latis
2348 1536 2536 1601 corde,
2567 1538 2815 1605 pervenit
2852 1537 2918 1591 ad
2953 1538 3078 1604 hoc,
3110 1538 3259 1606 quod
3309 1539 3354 1592 si
3388 1539 3541 1607 prius
3582 1538 3828 1603 fecisset,

2188 1623 2283 1678 Dei
2343 1625 2633 1679 clementia
2685 1627 2794 1694 jam
2856 1626 3118 1681 liberatus
3173 1625 3383 1681 fuisset.
3426 1629 3628 1682 Sancto
3685 1630 3828 1683 enim

453 1716 524 1770 tis
554 1713 970 1784 recuperanda}.
1003 1715 1116 1769 Nec
1147 1713 1336 1768 deerat
1377 1718 1540 1767 tantae
1591 1712 1890 1768 voluntatis
1938 1709 2497 1768 occa-BAdalbardo
2554 1720 2711 1768 vovet
2759 1715 3033 1771 laudabile
3090 1721 3297 1780 votum,
3359 1730 3417 1770 se
3473 1715 3693 1771 scilicet
3733 1730 3830 1785 pro

450 1806 554 1870 sio,
618 1803 1015 1859 obsistentibus
1082 1802 1424 1870 temporibus
1490 1802 1734 1870 priorum
1788 1801 2099 1870 proposito.

430 1893 730 1963 'Templum
765 1893 976 1962 quippe
1031 1891 1247 1946 noviter
1285 1890 1568 1944 fundatum
1629 1904 1695 1944 ex
1735 1895 1851 1944 toto
1911 1889 2100 1944 deser-

453 1988 566 2038 tum
598 1987 716 2037 erat
755 1980 848 2052 (6),
880 1980 1075 2036 ovibus
1105 1985 1159 2033 et
1210 1979 1395 2047 porcis
1424 1984 1480 2033 et
1529 1979 1825 2048 pecoribus
1855 1979 2096 2046 patebat,

452 2071 607 2141 quasi
669 2070 847 2141 platea
908 2068 1066 2138 aquis
1118 2067 1448 2137 pluvialibus
1505 2067 1579 2121 ita
1619 2067 1837 2136 plenum
1872 2073 1988 2121 erat
2041 2071 2101 2120 ut

451 2175 675 2216 anseres
703 2165 758 2214 et
786 2164 975 2213 anates
1007 2161 1260 2212 natarent
1291 2171 1388 2225 per
1425 2155 1583 2222 illud,
1638 2169 1737 2224 pro
1788 2157 2098 2225 pavimento

450 2251 659 2306 habens
719 2248 883 2303 unius
940 2246 1111 2302 cubiti
1169 2245 1616 2314 sterquilinium,
1659 2245 1916 2304 omnibus
1983 2250 2100 2299 erat

447 2338 688 2401 fastidio,
742 2350 934 2393 omnes
971 2339 1322 2390 transeuntes
1360 2333 1652 2389 movebant
1711 2339 1874 2402 caput
1931 2346 2099 2400 super

447 2440 534 2482 eo.
578 2426 715 2481 Huic
756 2425 912 2493 operi
938 2423 1155 2492 juvenis
1195 2421 1362 2490 οωρὶῐ
1393 2422 1620 2484 instare,
1663 2420 1708 2473 si
1762 2433 1871 2489 quo
1932 2419 2096 2474 modo

447 2515 690 2570 divinum
747 2517 1059 2582 respectum
1115 2511 1183 2564 ad
1232 2523 1384 2564 suam
1441 2509 1848 2563 miserationem
1908 2515 2098 2578 posset

447 2603 753 2667 inclinare;
815 2605 870 2655 et
908 2600 1039 2654 licet
1076 2598 1439 2666 impediretur
1498 2598 1727 2666 penuria
1759 2603 2094 2666 temporum,

448 2699 630 2747 tamen
663 2690 770 2745 sibi
805 2687 1129 2758 providente
1160 2688 1292 2752 Deo,
1335 2686 1584 2756 purgavit
1618 2686 1903 2755 templum,
1947 2701 2094 2742 com-

447 2781 632 2851 posuit
660 2777 948 2845 sedilibus,
989 2782 1044 2830 et
1073 2775 1287 2831 ornavit
1319 2775 1559 2843 desuper
1606 2775 1938 2830 columnulis
1968 2789 2090 2830 cum

447 2870 670 2925 basibus
707 2868 958 2930 chorum,
993 2863 1246 2934 purgavit
1276 2870 1522 2934 cryptam
1553 2869 1608 2918 et
1637 2863 2092 2931 deambulatoria,

443 2958 648 3029 aptavit
677 2957 732 3011 in
762 2955 880 3011 suis
919 2953 1057 3009 locis
1104 2953 1370 3007 decenter
1417 2952 1631 3008 altaria.
1672 2953 1813 3018 Quid
1853 2952 2090 3020 amplius

2182 1815 2342 1869 posse
2390 1817 2608 1871 semper
2665 1810 2720 1858 et
2779 1803 2980 1873 ubique
3041 1803 3386 1874 magniﬁcare
3453 1817 3658 1860 nomen
3715 1807 3834 1873 ejus

2178 1890 2500 1960 gloriosum,
2533 1892 2577 1944 si
2619 1891 2725 1946 sibi
2763 1891 3111 1961 impenderet
3144 1893 3478 1962 dignationis
3516 1908 3633 1948 suae
3674 1895 3831 1948 auxi-

2178 1979 2348 2046 lium;
2391 1994 2500 2048 quo
2531 1995 2589 2034 se
2623 1981 2715 2035 ubi
2742 1987 2871 2036 voto
2909 1981 3116 2051 ligavit,
3170 1981 3450 2051 paulisper
3493 1983 3830 2038 solutionem

2178 2069 2510 2123 inﬁrmitatis
2567 2070 2771 2124 sentire
2820 2072 3008 2140 coepit.
3060 2071 3261 2140 Sicque
3317 2071 3500 2126 divina
3539 2071 3832 2126 clementia

2178 2158 2245 2212 ad
2285 2159 2607 2226 petitionem
2668 2160 2916 2228 quotidie
2956 2161 3126 2231 magis
3181 2175 3246 2214 ac
3291 2162 3463 2230 magis
3517 2161 3826 2227 animatus,

2179 2245 2475 2316 aliquando
2506 2254 2628 2315 post
2667 2247 2995 2316 completam.
3032 2248 3117 2318 (7)
3159 2262 3342 2304 coram
3372 2248 3532 2304 altari
3559 2264 3618 2303 se
3661 2250 3832 2305 eﬂ'un-

2179 2337 2318 2391 deus
2348 2337 2402 2390 in
2453 2337 2694 2392 omnium
2735 2337 3047 2393 orationum
3087 2339 3335 2405 effectus,
3386 2353 3563 2408 usque
3601 2339 3671 2393 ad
3711 2339 3828 2393 sin-

2177 2423 2360 2494 gultus
2415 2426 2580 2479 verba
2620 2425 3110 2495 interrumpentes,
3171 2441 3309 2496 pene
3369 2426 3714 2497 liquescebat
3774 2428 3828 2482 in

2178 2520 2468 2569 currentes
2533 2515 2894 2585 lacrymarum
2952 2516 3190 2581 ﬂuctus;
3234 2516 3458 2571 tandem
3497 2517 3680 2571 laxata
3728 2531 3837 2571 vox

2177 2602 2385 2656 invenit
2423 2603 2530 2658 iter
2554 2647 2568 2668 ,
2623 2605 2968 2674 gemitusque
3016 2604 3184 2660 soluti
3224 2607 3279 2660 in
3337 2607 3457 2661 haec
3494 2605 3662 2661 verba
3703 2618 3831 2674 pro—

2178 2698 2480 2760 rumpunt:
2524 2694 2720 2748 Sancte
2758 2693 3088 2758 Adalharde,
3130 2694 3331 2749 Christi
3370 2695 3568 2759 amice,
3605 2695 3828 2762 suscipe

2177 2794 2260 2834 me
2301 2781 2556 2835 miserum
2587 2785 2712 2835 ante
2761 2795 2951 2837 omnes
3008 2789 3062 2836 et
3094 2789 3217 2851 post
3261 2797 3452 2837 omnes
3509 2781 3830 2852 confugien-

2177 2875 2283 2922 tem
2317 2869 2384 2923 ad
2417 2875 2488 2924 te.

2250 2956 2332 3009 l4.
2369 2958 2469 3023 Qui
2501 2973 2614 3011 eum
2643 2963 2819 3014 sanat.
2854 2960 2985 3027 Ejus
3032 2958 3218 3014 laudes
3267 2959 3526 3015 Geraldus
3573 2958 3823 3013 celebrat.

442 3053 669 3103 moror?
706 3042 1091 3099 Monasterium
1123 3040 1270 3109 quod
1297 3042 1407 3108 jam
1461 3040 1556 3093 diu
1595 3040 1662 3094 ab
1702 3040 1958 3094 omnibus
2006 3041 2090 3095 di-
2127 3039 2258 3098 0-
2305 3045 2408 3099 Ubi
2463 3059 2594 3115 ergo
2647 3047 2779 3100 satis
2837 3053 2921 3101 est
2971 3048 3118 3102 visus
3172 3047 3277 3101 sibi
3331 3047 3589 3102 idoneum
3631 3048 3836 3102 instru-

444 3137 668 3191 missum
700 3140 836 3196 erat,
878 3129 1018 3185 infra
1049 3137 1265 3198 tempus
1293 3134 1375 3182 sat
1425 3128 1698 3182 modicum
1748 3130 1824 3183 ita
1873 3137 2088 3198 coapta-

443 3226 541 3292 vit,
581 3229 642 3279 ut
680 3221 748 3277 ad
807 3223 918 3275 Deo
975 3217 1323 3274 serviendum
1362 3217 1642 3271 videretur
1701 3218 1981 3282 idoneum,
2036 3224 2091 3272 et

440 3319 611 3369 tanta:
678 3307 1093 3380 congregationi
1159 3305 1314 3361 valde
1389 3306 1780 3378 necessarium.
1849 3307 2089 3373 Quadam

441 3415 572 3457 vero
614 3400 703 3455 die
751 3398 968 3463 fratres,
1011 3395 1105 3466 qui
1159 3395 1384 3464 majoris
1440 3394 1494 3448 in
1555 3395 1813 3450 emnobio
1869 3395 2087 3450 consilii

443 3496 618 3557 erant,
659 3488 912 3544 videntes
968 3484 1388 3548 monasterium,
1447 3490 1509 3537 ut
1567 3483 1823 3550 diximus,
1883 3485 2088 3553 optime

441 3584 782 3650 apparatum,
825 3577 1075 3631 abbatem
1105 3574 1332 3642 adeunt,
1389 3572 1456 3627 ad
1515 3572 1808 3627 videndum
1849 3588 1973 3642 quae
2013 3571 2091 3627 vi-

441 3668 633 3724 derant
695 3667 1012 3730 adducunt;
1083 3663 1372 3718 consilium
1430 3661 1698 3726 tribuunt,
1758 3667 1816 3715 ut
1855 3674 2089 3730 corpora

441 3763 758 3812 sanctorum
807 3754 901 3823 qui
951 3753 1006 3807 in
1054 3750 1388 3806 monasterio
1446 3754 1661 3804 vetusto
1720 3757 1877 3804 erant
1934 3750 2088 3804 tolle-

438 3850 650 3911 rentur,
711 3851 764 3898 et
800 3843 855 3896 in
887 3842 1030 3906 loco,
1073 3852 1234 3908 quem
1265 3837 1528 3892 Geraldus
1558 3844 1642 3892 sat
1691 3839 2088 3893 convenienter

441 3931 692 3986 mundari
739 3929 965 3994 fecerat,
1008 3941 1127 3982 cum
1167 3939 1376 3980 summa
1431 3926 1783 3981 veneratione
1841 3927 2086 3982 colloca-

440 4025 652 4074 rentur.
686 4016 985 4072 Consilium
1011 4014 1197 4069 datum
1245 4019 1328 4068 est
1376 4019 1431 4068 et
1471 4015 1782 4082 probatum,
1833 4021 1887 4068 et
1938 4030 2088 4084 quaa-

443 4121 660 4176 cunque
694 4105 923 4160 deerant
960 4103 1028 4157 ad
1086 4103 1191 4157 hoc
1236 4101 1610 4168 inquiruntur,
1673 4109 1727 4156 et
1765 4103 1966 4167 omnia,
2027 4109 2087 4157 ut

441 4197 719 4262 diximus,
788 4207 910 4248 cum
949 4190 1150 4262 gaudio
1216 4196 1271 4245 et
1337 4190 1720 4258 episcoporum
1779 4191 2083 4246 vicinorum

441 4284 860 4342 conﬁrmatione
927 4289 981 4337 et
1019 4279 1210 4350 populi
1277 4279 1428 4333 ﬁrma
1489 4280 1840 4334 attestatione
1905 4281 2083 4335 adim-

2185 3133 2606 3188 xissesanctum
2632 3133 2999 3190 Adalhardum
3046 3134 3190 3204 apud
3227 3135 3467 3203 judicem
3508 3135 3784 3190 Christum
3808 3179 3824 3200 ,

2181 3222 2440 3288 surrexit,
2463 3221 2655 3277 faciem
2679 3223 2854 3287 tersit,
2871 3229 2925 3278 et
2945 3223 3322 3293 gemebundus
3343 3223 3507 3278 rediit
3525 3224 3596 3277 ad
3622 3222 3827 3278 lectum

2181 3324 2335 3363 suum
2355 3332 2369 3376 ;
2398 3323 2630 3378 cumque
2651 3310 2726 3364 ibi
2751 3310 2989 3378 sederet,
3004 3310 3183 3365 adhuc
3197 3310 3594 3380 singultienset
3613 3324 3824 3374 amens,

2182 3411 2248 3450 ex
2278 3406 2431 3466 parte
2469 3397 2658 3451 altaris
2695 3399 2878 3467 specie
2917 3398 3164 3469 fulgurea
3203 3399 3474 3454 advolavit
3503 3399 3826 3468 splendoris

2180 3485 2397 3555 globus,
2431 3486 2525 3555 qui
2559 3487 2922 3541 reverberatis
2953 3489 3072 3555 ejus
3100 3486 3296 3552 oculis,
3329 3487 3623 3542 illustravit
3648 3492 3823 3541 totum

2181 3587 2381 3643 corpus
2421 3575 2558 3643 ejus.
2601 3577 2668 3629 At
2714 3575 2805 3630 ille
2853 3574 3192 3644 stupefactus
3229 3575 3408 3641 haesit,
3466 3589 3590 3629 cum
3638 3575 3823 3630 subito

2181 3663 2359 3731 ruptis
2422 3663 2798 3718 inﬁrmitatum
2866 3663 3064 3730 nodis,
3134 3665 3280 3718 inter
3337 3670 3538 3729 cutem,
3573 3670 3626 3718 et
3668 3663 3824 3732 quasi

2180 3751 2506 3820 quibusdam
2538 3752 2842 3816 chordulis,
2875 3759 3040 3820 caput
3091 3752 3268 3820 ipsum
3317 3752 3514 3821 ingens
3563 3752 3819 3820 crepuit;

2179 3845 2234 3894 et
2263 3853 2375 3894 non
2404 3839 2586 3895 ferens
2623 3840 2869 3895 dolorem
2894 3859 2906 3893 :
2948 3842 3144 3895 Sancte
3173 3839 3502 3904 Adalharde,
3533 3853 3819 3901 succurre,

2179 3927 2476 3982 miserabili
2507 3941 2639 3983 voce
2698 3927 2987 3994 clamavit;
3029 3941 3267 3997 moxque
3323 3927 3425 3982 sub
3484 3926 3712 3981 silentio
3763 3939 3822 3979 se

2180 4017 2465 4084 repressit,
2498 4016 2625 4085 quia
2647 4031 2766 4070 cum
2799 4017 2921 4085 ipso
2948 4016 3140 4071 dolore
3170 4017 3423 4071 virtutem
3448 4017 3503 4070 in
3533 4031 3593 4070 se
3623 4014 3818 4069 factam

2177 4105 2370 4159 sensit.
2431 4106 2630 4172 Sicque
2670 4105 2934 4159 liberatus
2989 4104 3057 4158 ab
3111 4105 3230 4174 ipsa
3286 4104 3620 4169 inﬁrmitate,
3664 4106 3819 4172 cujus

2178 4192 2521 4247 liberationis
2561 4192 2839 4247 desiderio
2881 4197 3031 4246 tanto
3070 4198 3187 4246 erat
3226 4190 3480 4261 fatigatus
3526 4199 3776 4261 tempore
3800 4234 3813 4256 ,

2177 4279 2416 4335 laudavit
2464 4281 2812 4336 liberatorem
2861 4282 3035 4336 libera
3081 4295 3253 4345 voce;
3296 4295 3398 4336 nec
3436 4278 3612 4335 defuit
3647 4289 3814 4346 voto,

441 4375 698 4446 plentur;
763 4373 954 4441 sicque
996 4370 1212 4440 juvenis
1267 4369 1438 4438 magis
1472 4383 1535 4423 ac
1575 4369 1745 4438 magis
1800 4369 1855 4424 in
1915 4359 2322 4438 operquuod
2373 4369 2534 4438 paulo
2564 4377 2691 4424 ante
2729 4376 2950 4425 voverat
3009 4376 3236 4434 sancto;
3299 4370 3614 4439 ubicunque
3671 4370 3814 4424 enim

440 4469 700 4532 suscepto
739 4461 1039 4526 desudans,
1081 4457 1335 4513 omnibus
1385 4457 1712 4511 necessariis
1759 4457 2083 4524 adornavit,

439 4553 537 4608 illo
567 4549 1039 4615 subministrante,
1093 4547 1250 4616 cujus
1307 4545 1426 4601 haec
1465 4546 1661 4616 agebat
1718 4545 1994 4602 desiderio
2033 4552 2088 4601 et

439 4654 644 4697 amore.

516 4729 599 4783 13.
641 4729 703 4784 S.
745 4725 1045 4782 Adalhardi
1104 4723 1348 4795 implorat
1409 4739 1576 4794 opem.
1635 4753 1706 4762 —
1756 4723 2086 4780 Proﬁciebat

441 4819 664 4890 quidem
722 4819 777 4871 in
834 4823 986 4884 voto,
1027 4815 1123 4869 sed
1166 4813 1318 4868 nullo
1358 4813 1537 4867 adhuc
1577 4813 1907 4867 inﬁrmitatis
1936 4812 2084 4867 leva-

440 4910 602 4964 batur
631 4904 875 4961 remedio
900 4924 914 4970 ;
950 4917 1059 4958 non
1081 4902 1208 4958 ideo
1237 4908 1415 4956 tamen
1438 4901 1756 4966 desistebat,
1781 4907 1834 4954 et
1859 4915 2082 4955 summa:

439 4996 738 5052 sacrarium
780 4993 1000 5063 pietatis
1030 4991 1275 5061 pulsans,
1320 5004 1488 5060 regno
1537 4989 1632 5044 Dei
1671 4991 1777 5043 vim
1826 4988 2078 5044 faciebat.

439 5083 836 5154 Opportunitas
866 5094 1087 5151 quoque
1139 5079 1389 5135 ecclesia:
1428 5084 1483 5132 et
1531 5078 1840 5133 orationum
1880 5082 2081 5146 praesto

512 5225 577 5294 (6)
635 5223 879 5280 Ecclesia
935 5221 1209 5294 Corbeize
1246 5219 1568 5294 principalis
1622 5221 1748 5294 igne
1816 5233 2082 5294 succensa

441 5291 619 5351 fuerat
668 5302 914 5364 tempore
954 5293 1214 5348 Richardi
1262 5292 1516 5364 abbatis,
1550 5298 1610 5346 ut
1653 5292 1776 5364 ipse
1820 5291 2084 5364 Geraldus

442 5374 627 5422 narrat
677 5361 822 5421 libfl
862 5366 1047 5420 Mirac.
1108 5366 1161 5419 S.
1223 5362 1519 5419 Adalhardi
1559 5376 1724 5430 supra
1763 5361 1982 5417 laudato
2024 5361 2080 5415 in

441 5439 588 5492 notis
616 5438 683 5492 ad
723 5451 873 5492 num.
912 5435 965 5490 5.

519 5508 602 5578 (7)
636 5509 695 5563 1d
745 5514 828 5564 est
861 5512 984 5576 post
1021 5505 1463 5577 completorium,
1496 5505 1602 5560 nisi
1634 5503 1814 5560 fallor.
1845 5502 2082 5560 Alterius

2171 4459 2370 4526 potuit,
2393 4458 2621 4528 gloriam
2658 4461 2777 4528 ejus
2807 4459 3085 4524 exaltavit,
3119 4458 3410 4513 exaltando
3440 4459 3604 4512 etiam
3633 4458 3817 4513 taliter

2170 4547 2555 4616 magniﬁeavit.
2617 4547 2790 4602 Vitam
2823 4547 2996 4616 ipsius
3052 4547 3406 4616 apostrOphis
3464 4546 3729 4615 elegiacis
3763 4554 3814 4601 et

2167 4635 2545 4704 superﬂuitate
2584 4635 2670 4689 sui
2711 4635 3078 4690 oﬁendentem
3118 4635 3331 4689 animos
3360 4633 3684 4703 legentium,
3727 4648 3814 4688 ex-

2166 4723 2388 4792 stirpari
2445 4723 2575 4778 fecit
2631 4739 2697 4778 ex
2735 4724 2871 4792 ipsis
2931 4724 3184 4778 sentibus
3239 4722 3705 4792 superﬁuitatum,
3762 4729 3810 4775 et

2167 4812 2326 4881 plane
2367 4812 2646 4867 reductam
2705 4812 2773 4866 ad
2827 4813 3017 4867 ﬂorem
3077 4813 3324 4867 historiae
3381 4812 3611 4881 mystice
3652 4811 3811 4866 hexa-

2165 4907 2342 4956 metro
2382 4901 2664 4957 decoravit
2697 4900 2810 4973 (8).
2844 4902 3177 4957 Festivitatis
3215 4901 3387 4970 ipsius
3436 4915 3630 4969 parum
3680 4899 3808 4970 quid

2164 4989 2330 5045 ﬁebat
2367 4991 2664 5056 memorie,
2725 4989 2822 5045 sed
2881 4991 3201 5060 compositis
3255 4989 3577 5058 antiphonis
3630 4997 3687 5044 et
3721 5003 3806 5043 re-

2165 5079 2493 5149 sponsoriis,
2535 5079 2644 5134 alta
2693 5087 2748 5136 et
2786 5079 2950 5150 digna
2989 5078 3118 5135 fecit
3155 5079 3404 5134 venerari
3443 5077 3801 5144 celebritate,

2164 5228 2343 5276 tamen
2383 5221 2518 5275 Vitae
2547 5227 2761 5287 auctor,
2801 5222 2894 5289 qui
2918 5220 3118 5274 nullam
3150 5222 3203 5275 S.
3238 5217 3534 5274 Adalhardi
3567 5219 3800 5274 mentio-

2164 5307 2286 5348 nem
2344 5291 2496 5358 facit,
2556 5291 2610 5346 id
2665 5300 2790 5360 post
2833 5292 3168 5347 celebratum
3225 5305 3256 5345 a
3293 5289 3525 5345 Geraldo
3584 5290 3798 5345 missam

2163 5363 2460 5432 contigisse
2489 5363 2702 5418 scribit.

2239 5431 2339 5504 (8)"
2365 5435 2534 5488 Vitam
2564 5435 2619 5489 S.
2649 5433 2944 5489 Adalhardi
2976 5433 3153 5502 primo
3192 5431 3417 5504 scripsit
3462 5433 3518 5486 S.
3569 5431 3796 5504 Pascha-

2161 5503 2614 5560 sius-Radbertus
2665 5505 2839 5560 abbas
2887 5505 3135 5560 Corbeize
3166 5503 3423 5570 celebris,
3458 5517 3620 5573 quam
3659 5503 3790 5556 sicut
