4096 6156
180 211 320 268 1033
1776 220 1852 274 VI'.

1936 257 1949 280 ι
3405 232 3541 288 1034

173 352 281 394 nec
319 337 526 406 absque
576 335 936 406 plurimorum
986 338 1211 407 invidia,
1245 353 1385 410 quos
1413 345 1592 398 tamen
1621 349 1817 413 agente
1838 344 2195 413 Aadductus,
2227 353 2282 401 et
2311 347 2368 401 in
2399 347 2580 403 medio
2609 348 2932 417 collocatus,
2962 356 3019 407 et
3049 358 3179 408 tunc
3210 358 3547 424 procedente

174 429 292 482 Deo
347 432 404 482 et
454 431 646 482 sancto
703 428 970 484 mirabilis
1016 429 1296 501 redarguit
1332 431 1582 487 victoria.
1642 432 1824 487 Multis
1908 436 2138 491 Domino
2176 436 2245 491 ad
2275 436 2455 492 missae
2485 437 2815 494 celebranda
2844 441 3120 510 mysteria,
3155 443 3433 514 inceptum
3465 457 3548 503 est

179 516 355 588 signis
400 516 767 571 illustraverat
815 518 1007 574 oculos
1052 519 1231 574 adhuc
1260 520 1554 576 viventium
1590 521 1829 591 [sanctus

180 604 544 674 Adalhardus]
596 621 721 675 quae
751 608 934 663 omnia
987 609 1290 664 tradiderat
1336 610 1601 666 oblivioni
1648 610 1827 681 negli-

181 696 370 766 gentia
420 709 649 762 eorum;
701 710 826 765 quae
866 698 1028 752 etiam
1073 699 1290 767 juvenis
1326 699 1622 769 diligenter
1651 701 1719 755 ab
1750 700 1831 755 eis

182 786 281 855 qui
331 785 583 840 viderant
629 792 684 841 et
729 786 784 840 in
833 787 1035 857 quibus
1089 786 1231 843 facta
1288 787 1503 844 fuerant
1540 790 1833 861 exquisivit

189 875 513 947 [Geraldus],
547 875 817 945 exquisita
858 883 1046 946 postea
1084 877 1366 935 litteravit.

265 965 349 1020 15.
392 968 523 1034 Ejus
556 979 865 1037 progressus
893 968 948 1021 in
976 967 1066 1022 via
1096 968 1307 1023 Domini
1337 973 1459 1040 post
1484 972 1831 1026 sanationem.

184 1084 259 1097 —
295 1055 392 1109 Vir
418 1056 604 1124 itaque
634 1056 872 1121 Domini,
908 1062 966 1111 ut
1003 1057 1298 1113 recedente
1343 1058 1592 1115 claritate
1632 1074 1837 1131 cogno-

186 1145 267 1200 vit
313 1159 376 1199 se
414 1144 483 1199 ab
520 1144 835 1201 inﬁrmitate
881 1145 1194 1213 liberatum,
1238 1153 1294 1203 et
1320 1149 1497 1219 gratia
1540 1150 1744 1217 divina,
1778 1156 1838 1207 ut

189 1233 452 1297 diximus,
492 1239 601 1289 tam
646 1234 973 1290 mirabiliter
1015 1236 1312 1303 visitatum,
1355 1252 1566 1294 memor
1601 1252 1841 1309 evange-

192 1321 289 1377 lici
348 1322 554 1392 eloquii
601 1343 612 1378 :
666 1324 767 1390 Qui
816 1328 1229 1394 perseveraverit
1266 1341 1432 1397 usque
1477 1329 1534 1381 in
1568 1328 1721 1398 ﬁnem
1758 1328 1842 1383 hic

190 1409 373 1467 salvus
410 1411 508 1466 erit
561 1410 778 1483 (Matth.
812 1413 987 1483 ων),
1018 1428 1078 1469 se
1122 1413 1458 1470 indefessum
1488 1416 1545 1471 in
1584 1417 1679 1471 Dei
1718 1431 1841 1472 ser-

192 1500 331 1556 vitio
361 1500 627 1567 exhibuit,
661 1507 718 1555 et
745 1506 871 1557 ante
895 1503 1081 1558 Sancti
1108 1504 1407 1559 Adalhardi
1437 1510 1491 1560 et
1518 1505 1625 1561 alia
1656 1506 1841 1561 eccle-

194 1592 293 1647 sias
325 1591 540 1658 altaria,
570 1590 807 1661 amplius
835 1607 997 1662 quam
1036 1599 1197 1649 antea
1244 1594 1473 1663 fecerat,
1504 1611 1564 1651 se
1605 1603 1843 1652 mactare

1911 522 2148 579 oflicium
2179 545 2191 580 :
2236 526 2570 582 Gaudeamus
2609 543 2782 583 omnes
2818 529 2872 583 in
2910 532 3149 601 Domino,
3183 539 3237 587 et
3274 535 3355 590 sic
3385 536 3452 590 ad
3494 537 3550 591 li-

1912 613 2035 667 dem
2068 614 2430 683 perductum;
2481 617 2670 687 sicque
2710 618 2846 673 visio
2884 618 2977 673 illa
3021 624 3258 688 evanuit,
3293 628 3347 679 et
3386 624 3554 681 frater

1913 702 2175 771 evigilans
2202 718 2325 773 quae
2354 703 2567 759 viderat
2595 719 2780 761 secum
2830 714 3165 775 pertractare
3204 713 3391 780 C(Bpit.
3443 714 3553 769 Co-

1914 792 2103 861 gnovit
2131 793 2265 847 satis
2293 793 2576 849 evidenter
2606 796 2733 864 quia
2764 797 2874 851 Deo
2903 796 2960 851 in
2990 798 3205 853 actibus
3232 800 3345 855 suis
3376 801 3556 871 place-

1916 885 2039 948 ret;
2081 886 2135 936 et
2164 881 2210 937 si
2242 884 2395 951 prius
2424 883 2480 937 in
2511 884 2630 952 ejus
2653 885 2877 940 servitio
2907 900 2966 941 se
2997 887 3253 943 devotum
3284 896 3556 959 tenuerat,

1918 977 2109 1040 postea
2162 971 2407 1028 severius
2461 974 2713 1042 corporis
2760 979 2815 1030 et
2863 976 3030 1033 animi
3077 984 3261 1035 motus
3299 980 3561 1039 cohibere

1920 1061 2108 1129 etrapit.

1996 1149 2081 1202 17.
2120 1147 2246 1204 Alia
2273 1149 2426 1204 visio.
2477 1149 2842 1207 Jerosolimam
2878 1153 2957 1208 ire
2995 1153 3243 1225 disponit.
3286 1158 3437 1226 Quod
3473 1174 3566 1214 ea:-

1919 1238 2168 1308 sequitur.
2201 1268 2272 1279 —
2316 1239 2438 1295 Alio
2468 1254 2689 1311 quoque
2729 1248 2975 1311 tempore
3011 1250 3148 1311 erat,
3180 1246 3324 1301 sicut
3352 1248 3459 1303 sibi
3488 1247 3567 1303 vi-

1923 1327 2175 1394 debatur,
2210 1328 2266 1382 in
2285 1330 2480 1385 .Sancti
2512 1331 2657 1385 Petri
2690 1333 3024 1389 monasterio
3054 1335 3325 1403 Corbeiaa,
3355 1342 3410 1392 et
3440 1342 3566 1393 ante

1925 1430 2165 1483 crucem,
2198 1431 2321 1486 quae
2360 1418 2417 1472 in
2457 1419 2637 1475 medio
2678 1420 2927 1477 ecclesia:
2958 1428 3063 1490 est,
3094 1425 3473 1489 consistebat;
3514 1430 3569 1481 et

1926 1505 2220 1561 multitudo
2275 1507 2516 1562 virorum
2574 1513 2629 1563 et
2686 1510 2974 1566 mulierum
3031 1518 3181 1568 tanta
3237 1522 3571 1573 convenerat

1927 1595 2099 1665 quod,
2131 1595 2237 1650 sibi
2266 1597 2411 1651 Sicut
2448 1597 2621 1652 visum
2662 1596 2860 1668 fuerat,
2894 1606 3064 1657 totam
3094 1603 3383 1659 ecclesiam
3415 1620 3571 1661 com-

196 1681 391 1750 coepit.
442 1682 486 1736 Ο
516 1681 686 1736 virum
725 1680 887 1738 laude
926 1682 1170 1752 dignum,
1203 1696 1366 1753 quem
1404 1698 1508 1740 nec
1553 1677 1908 1742 inﬁrmitasB
1929 1684 2206 1753 pleverat;
2250 1692 2305 1740 et
2335 1686 2409 1740 ita
2439 1701 2505 1742 eo
2536 1694 2661 1743 ante
2692 1703 2908 1744 crucem
2941 1688 3278 1747 consistente
3309 1696 3569 1765 omnique

196 1769 600 1840 aliquantisper
636 1785 668 1825 a
713 1772 809 1826 Dei
858 1771 1082 1827 servitio
1130 1772 1448 1840 retardavit,
1490 1787 1593 1829 nec
1639 1775 1845 1830 sanitas

198 1866 308 1915 tam
367 1858 693 1914 mirabiliter
748 1866 1072 1929 recuperata
1137 1868 1291 1916 extra
1347 1876 1406 1917 se
1468 1862 1734 1917 elevavit!
1802 1866 1845 1918 Ο

197 1948 416 2005 Domini
458 1954 512 2004 et
548 1948 845 2005 Salvatoris
883 1951 1073 2017 nostri,
1104 1949 1395 2007 clementia
1450 1967 1845 2023 usquequaque

200 2039 575 2109 praedicanda,
636 2054 759 2109 quae
814 2040 870 2095 in
936 2039 1253 2096 inﬁrmitate
1310 2043 1574 2097 sustinuit
1629 2057 1847 2098 servum

199 2143 384 2195 suum,
417 2143 486 2184 ne
524 2128 804 2197 deficeret,
837 2134 892 2185 et
918 2131 1140 2185 sanitati
1179 2133 1491 2187 restitutum
1539 2133 1850 2189 misericor-

203 2218 352 2274 diter
399 2221 759 2285 conservavit,
802 2234 870 2275 ne
914 2221 1265 2289 superbiret!
1317 2222 1621 2278 Praedictus
1666 2230 1847 2278 autem

201 2309 287 2364 vir
316 2308 388 2363 de
427 2308 696 2365 beneﬁcio
726 2309 834 2364 sibi
864 2324 894 2364 a
932 2311 1043 2366 Deo
1074 2310 1277 2366 collato
1315 2325 1374 2367 se
1414 2326 1524 2367 non
1556 2312 1847 2380 extollens,

204 2398 304 2453 sed
344 2412 563 2467 semper
589 2397 939 2469 fragilitatem
976 2414 1128 2455 suam
1171 2401 1622 2471 recognoscendo
1662 2404 1718 2456 in
1751 2403 1853 2457 hu-

205 2488 440 2543 militate
479 2489 800 2558 persistens,
834 2504 863 2544 e
902 2494 1053 2546 recto
1085 2503 1195 2545 non
1227 2491 1463 2546 deviavit
1491 2491 1717 2559 itinere;
1753 2493 1849 2548 sed

206 2577 276 2631 ad
334 2579 611 2632 anteriora
669 2578 1051 2648 progrediens,
1101 2580 1284 2634 animo
1332 2583 1388 2635 et
1433 2580 1852 2636 conversatione

207 2668 266 2722 in
298 2673 485 2722 monte
530 2668 743 2722 Domini
774 2670 1125 2735 constitutus,
1157 2668 1226 2723 ad
1264 2669 1388 2723 caeli
1429 2669 1629 2738 palatia
1668 2684 1855 2739 capes-

209 2757 384 2811 senda
413 2770 472 2811 se
519 2757 744 2813 omnino
793 2758 1069 2813 animavit.
1121 2759 1351 2831 Legerat
1380 2758 1526 2812 enim
1565 2760 1853 2815 Dominum

210 2845 269 2901 in
308 2845 602 2917 Evangelio
631 2848 907 2903 dicentem
940 2868 952 2902 :
994 2848 1159 2902 Petito
1207 2850 1255 2902 et
1306 2848 1590 2919 accipietis,
1641 2850 1855 2920 quaerite

211 2939 260 2990 et
298 2936 590 2997 invenietis,
619 2934 825 3006 pulsate
854 2940 903 2991 et
945 2937 1208 3007 aperietur
1235 2936 1378 2991 vobis
1416 2940 1564 3007 (Luc.
1595 2937 1700 3008 x1).
1745 2939 1857 2993 Hac

1930 1773 2134 1843 populo
2163 1788 2354 1829 versus
2378 1790 2596 1831 crucem
2626 1777 2949 1846 aspiciente,
2975 1779 3154 1851 imago
3184 1782 3420 1849 Domini,
3445 1798 3569 1854 quae

1928 1865 1983 1918 in
2015 1879 2179 1919 cruce
2228 1871 2365 1931 erat,
2398 1865 2687 1921 descendit
2724 1866 2792 1923 de
2833 1883 3018 1937 cruce,
3051 1877 3106 1925 et
3135 1870 3204 1926 ad
3237 1887 3361 1929 eum
3391 1875 3485 1944 qui
3516 1875 3573 1930 in
3656 1896 3661 1902 ·

1930 1953 2111 2009 medio
2150 1954 2339 2024 populi
2388 1962 2507 2010 erat
2561 1957 2927 2026 appropiavit,
2969 1973 3204 2030 eumque
3263 1962 3462 2020 blande
3511 1978 3576 2021 ac

1930 2044 2130 2100 leniter
2175 2057 2486 2099 convocans
2533 2059 2634 2101 suo
2690 2047 2934 2116 nomine,
2985 2056 3148 2118 caput
3205 2066 3363 2108 suum
3412 2068 3576 2111 manu
3680 2078 3685 2083 ·

1931 2147 2029 2189 sua
2068 2133 2379 2188 demulcere
2419 2136 2608 2202 coepit,
2659 2135 2894 2191 dicens:
2940 2155 2967 2188 «
3007 2137 3352 2206 Confortare,
3388 2142 3487 2209 ﬁli,
3520 2144 3577 2199 in

1931 2222 2161 2276 Domino
2182 2229 2237 2276 et
2260 2222 2311 2275 in
2339 2223 2585 2291 potentia
2614 2222 2831 2277 virtutis
2861 2226 3001 2293 ejus.
3022 2245 3051 2276 »
3087 2228 3152 2281 Et
3182 2228 3263 2283 sic
3283 2229 3578 2286 discedens

1933 2311 2001 2365 ab
2030 2324 2119 2377 eo,
2149 2310 2464 2365 videntibus
2501 2310 2776 2378 omnibus,
2808 2312 2951 2367 sicut
2985 2314 3220 2382 primum
3250 2315 3429 2373 fuerat
3458 2333 3581 2374 cru-

1934 2414 2052 2455 cem
2084 2399 2351 2454 ascendit.
2400 2402 2518 2465 Quo
2561 2398 2706 2455 facto
2736 2399 2905 2456 frater
2934 2403 3228 2474 evigilavit,
3261 2414 3317 2462 et
3350 2407 3579 2464 multum

1934 2490 2128 2544 anxius
2158 2502 2258 2558 pro
2288 2489 2394 2543 hoc
2423 2488 2572 2558 quod
2602 2489 2835 2557 viderat,
2868 2493 3057 2559 Deum,
3090 2501 3151 2549 ut
3179 2495 3284 2550 sibi
3314 2497 3580 2553 visionem

1936 2591 2255 2648 prosperam
2310 2576 2537 2646 faceret,
2578 2579 2780 2635 obnixe
2836 2580 3125 2650 deprecari
3182 2586 3368 2654 erepit.
3420 2587 3581 2643 Venit

1935 2673 2117 2723 autem
2164 2668 2270 2722 sibi
2305 2667 2361 2721 in
2391 2668 2573 2723 animo
2614 2669 2742 2737 quia
2781 2668 2903 2725 loca
2940 2677 3278 2739 sanctorum,
3311 2675 3407 2744 qui
3437 2676 3581 2731 ultra

1937 2770 2085 2811 mare
2125 2756 2501 2826 requiescunt,
2539 2756 2705 2812 vellet
2749 2759 2992 2826 visitare,
3042 2766 3098 2815 et
3144 2761 3211 2816 ad
3268 2763 3585 2832 sepulcrum

1938 2846 2152 2901 Domini
2218 2860 2341 2900 eum
2381 2846 2434 2900 in
2476 2846 2812 2902 Hierusalem
2871 2849 3122 2905 adorare.
3172 2851 3415 2921 Cumque
3478 2852 3586 2908 hoc

1940 2935 2179 3004 qualiter
2216 2934 2504 3003 adimpleri
2544 2941 2731 3004 posset
2766 2936 2824 2991 in
2853 2938 3036 2993 animo
3066 2939 3394 3008 volveretur,
3437 2941 3588 2996 audi-

210 3037 348 3080 voce
412 3025 695 3080 Dominica
754 3026 994 3081 conlisus
1048 3027 1144 3081 Dei
1196 3040 1387 3082 servus
1442 3041 1553 3083 non
1610 3010 2019 3083 cessabatC-vit
2048 3024 2175 3093 quia
2223 3024 2279 3078 in
2327 3024 2517 3079 eadem
2566 3040 2674 3094 qua
2720 3026 2839 3095 ipse
2887 3029 3142 3083 manebat
3170 3030 3317 3097 villa,
3364 3031 3586 3099 quidam

212 3121 426 3184 petere,
477 3120 537 3169 ut
589 3115 891 3184 acciperet;
939 3116 1221 3186 satagebat
1276 3130 1550 3185 quaerere,
1596 3124 1655 3171 ut
1702 3118 1857 3172 inve-

213 3201 381 3268 niret,
425 3202 810 3272 nitebatur-que
842 3203 1078 3273 pulsare,
1121 3210 1180 3259 ut
1218 3205 1269 3259 ei
1308 3206 1569 3260 Dominus
1606 3206 1860 3276 dignare-

210 3298 304 3347 tur
332 3292 569 3361 aperire.
609 3292 765 3359 Quod
796 3300 852 3348 et
898 3292 1098 3349 factum
1132 3300 1234 3348 est.
1282 3294 1660 3350 lnﬁrmabatur
1690 3296 1855 3362 enim,

211 3388 273 3436 ut
301 3381 561 3449 diximus,
603 3382 917 3437 inﬁrmitate
963 3383 1299 3453 gravissima,
1334 3390 1390 3439 et
1417 3384 1485 3438 ad
1537 3385 1859 3453 petitionem

208 3485 366 3531 suam
407 3471 659 3527 liberavit
696 3487 818 3528 eum
858 3472 1187 3528 mirabiliter
1219 3473 1597 3529 misericordia
1636 3474 1855 3539 divina;

207 3560 466 3630 quaesivit
525 3566 583 3616 ut
638 3575 760 3616 eum
817 3561 1037 3616 visitare
1094 3561 1416 3632 dignaretur
1459 3562 1633 3632 gratia
1681 3563 1860 3617 sancti

207 3649 473 3719 Spiritus,
497 3655 551 3705 et
572 3650 779 3705 invenit
808 3664 926 3706 eam
960 3650 1018 3705 in
1053 3658 1355 3721 conspectu
1388 3650 1670 3707 oculorum
1700 3651 1864 3706 Altis-

206 3738 335 3793 simi
372 3757 384 3792 :
427 3752 587 3793 aures
625 3739 745 3808 ejus
784 3740 1042 3809 precibus
1080 3746 1135 3795 et
1172 3740 1431 3811 lacrymis
1461 3753 1571 3796 non
1611 3740 1862 3796 cessabat

209 3828 459 3898 pulsare,
499 3832 555 3882 et
601 3828 719 3899 ipsc
766 3829 1163 3886 misericordia:
1202 3844 1316 3886 sua:
1358 3829 1569 3886 viscera
1607 3829 1863 3901 dignatus

209 3923 298 3971 est
326 3917 564 3986 aperire.

293 4004 380 4058 16.
432 4006 640 4060 Visione
686 4006 867 4062 divina
914 4011 1210 4063 recreatur.
1264 4036 1332 4047 —
1382 4006 1629 4074 Quodam
1677 4012 1857 4063 autem

1939 3114 2039 3168 viri
2071 3112 2263 3168 ﬁdeles
2291 3114 2399 3168 iter
2435 3128 2592 3169 suum
2624 3123 2973 3185 appararent,
3007 3125 3278 3187 quatenus
3306 3120 3375 3173 ad
3405 3119 3587 3189 sepul-

1942 3216 2094 3257 crum
2132 3202 2347 3257 Domini
2392 3202 2623 3258 adorare
2655 3205 2983 3272 potuissent.
3025 3209 3143 3273 Quo
3176 3208 3397 3277 cognito
3430 3208 3590 3263 laetus

1941 3291 2294 3346 vehementer
2340 3290 2587 3358 eﬁ‘ectus,
2620 3294 2988 3361 omnipotenti
3028 3296 3139 3349 Deo
3169 3296 3373 3365 gratias
3403 3296 3590 3351 reddi-

1942 3380 2042 3446 dit,
2075 3380 2169 3449 qui
2209 3379 2501 3435 consilium
2531 3380 2599 3434 ad
2640 3380 2745 3435 hoc
2778 3382 2925 3450 quod
2956 3382 3175 3438 volebat
3215 3385 3586 3440 necessarium

1942 3469 2308 3536 ministravit;
2349 3469 2445 3523 sed
2476 3469 2604 3537 quia
2632 3469 2734 3523 sub
2764 3470 2959 3525 abbate
2990 3477 3046 3526 et
3084 3473 3273 3541 regula
3311 3474 3367 3527 in
3399 3487 3587 3529 mona—
3640 3462 3649 3469 ’

1941 3559 2113 3612 sterio
2161 3558 2415 3627 degebat,
2468 3556 2626 3612 valde
2673 3558 2779 3612 sibi
2826 3558 3235 3615 incommodum
3273 3561 3582 3630 videbatur,

1942 3647 1989 3701 si
2019 3647 2137 3701 sine
2168 3648 2287 3716 ejus
2333 3646 2567 3702 consilio
2607 3652 2661 3701 et
2694 3646 2916 3703 licentia
2954 3646 3161 3703 faceret
3208 3649 3356 3719 quod
3405 3649 3586 3707 facere

1943 3735 2241 3790 nitebatur.
2298 3734 2451 3789 Adiit
2507 3748 2638 3805 ergo
2704 3735 2977 3803 abbatem,
3038 3737 3376 3795 voluntatem
3432 3754 3587 3795 suam

1943 3825 2178 3895 aperuit,
2211 3823 2495 3893 postulans
2525 3830 2580 3879 et
2616 3824 2847 3880 multum
2877 3839 3096 3897 rogans,
3130 3833 3189 3883 ut
3218 3829 3268 3884 ei
3307 3828 3589 3886 licentiam

1944 3915 2118 3971 daret.
2176 3915 2358 3969 Abbas
2404 3920 2586 3969 autem
2632 3914 2826 3970 videns
2880 3917 3243 3974 intentionem
3300 3918 3487 3975 fratris
3534 3926 3591 3976 et

1943 4011 2195 4059 metuens
2241 4018 2309 4059 ne
2357 4003 2560 4058 alicubi
2608 4003 2665 4057 in
2705 4004 2904 4060 itinere
2936 4006 3018 4061 vel
3058 4007 3305 4064 inclusus
3334 4009 3418 4065 vel
3459 4024 3586 4066 ere-

212 4100 467 4165 tempore
494 4094 786 4151 videbatur
814 4095 864 4151 ei
916 4110 1016 4165 per
1062 4096 1333 4152 somnium
1377 4097 1527 4166 quod
1577 4097 1696 4166 ipse
1734 4102 1860 4153 ante
1942 4095 2075 4149 mila
2133 4098 2462 4160 remaneret,
2511 4093 2820 4164 abnegavit,
2872 4100 2927 4151 et
2983 4111 3105 4153 eum
3159 4099 3227 4153 ab
3277 4099 3586 4155 intentione

210 4186 519 4240 oratorium
554 4186 737 4241 Sancti
766 4185 1068 4253 Michaelis,
1102 4186 1249 4256 quod
1281 4186 1337 4241 in
1368 4187 1491 4257 ipso
1522 4188 1860 4243 monasterio
1942 4183 2277 4253 bujusmodi,
2337 4183 2383 4237 si
2442 4183 2638 4252 possit,
2699 4197 2959 4240 revocare
3012 4188 3258 4242 tentavit.
3301 4189 3406 4243 Sed
3456 4189 3585 4257 quia

208 4278 318 4340 est,
366 4274 718 4341 consisteret,
750 4280 806 4329 et
844 4275 1107 4330 Dominus
1133 4277 1293 4331 Jesus
1320 4275 1593 4343 Christus,
1626 4274 2209 4344 interius_plantatio
2257 4285 2419 4343 quam
2467 4272 2677 4341 plantat
2732 4273 2877 4327 Deus
2934 4275 3127 4343 nequit
3172 4275 3462 4342 eradicari,
3504 4276 3587 4331 vir

206 4337 337 4419 cum
371 4362 689 4433 angelorum
712 4368 768 4419 et
787 4363 1241 4435 archangelorum
1273 4364 1622 4421 multitudine
1651 4337 2093 4432 inﬁnitaDsaepe
2123 4362 2435 4418 nominatus
2473 4361 2541 4415 ab
2572 4361 2878 4417 intentione
2917 4377 3015 4417 sua
3060 4376 3170 4418 non
3220 4365 3487 4432 recessit;
3531 4369 3587 4420 et

207 4456 269 4507 et
308 4452 555 4507 omnium
584 4458 921 4521 sanctorum,
967 4467 1026 4508 se
1056 4452 1123 4507 ad
1162 4454 1339 4508 Missa:
1371 4453 1701 4509 celebranda
1740 4468 1860 4523 my-
1945 4451 2093 4521 quod
2125 4465 2223 4522 per
2241 4463 2299 4504 se
2321 4461 2430 4504 non
2462 4454 2697 4518 poterat,
2724 4455 2915 4519 postea
2945 4452 3240 4508 multorum
3270 4459 3587 4510 sanctorum

206 4542 387 4598 steria
436 4548 793 4612 praepararet.
837 4543 1180 4599 Assistebant
1225 4542 1428 4613 angeli,
1479 4543 1863 4598 ministrabant

207 4630 555 4701 archangeli,
588 4637 642 4687 et
673 4646 737 4687 ea
766 4647 890 4702 qua:
921 4638 1073 4687 tanto
1112 4631 1372 4702 mysterio
1403 4639 1561 4687 erant
1602 4646 1866 4688 necessa-

206 4722 295 4778 ria
338 4722 749 4791 praeparabant;
783 4736 1015 4792 cumque
1050 4721 1233 4776 omnia
1264 4722 1687 4790 ministrassent,
1712 4728 1769 4777 et
1798 4736 1865 4777 ex

207 4800 455 4880 utraque
504 4816 656 4880 parte
688 4811 744 4866 in
789 4812 1010 4867 modum
1058 4819 1344 4867 cantorum
1385 4812 1440 4866 in
1473 4812 1645 4867 choro
1684 4811 1865 4866 consi-

208 4900 485 4957 stentium
528 4901 725 4966 sancti,
767 4901 861 4970 qui
900 4916 1023 4956 cum
1069 4915 1135 4957 eo
1176 4908 1333 4957 erant
1363 4902 1619 4957 collocati
1659 4907 1861 4969 essent,

205 4990 338 5061 ipse
389 4990 652 5045 Dominus
696 4992 854 5045 Jesus
903 4991 1071 5061 erepit
1118 4992 1398 5061 inquirere
1447 4997 1629 5047 utrum
1677 5004 1867 5046 omnes

205 5078 629 5145 convenissent,
657 5080 751 5149 qui
783 5080 1059 5135 debebant
1088 5081 1403 5135 convenire.
1429 5080 1543 5135 lllis
1572 5088 1750 5134 autem
1784 5093 1868 5134 re-

204 5166 628 5239 spondentibus
658 5177 713 5224 et
736 5169 1049 5226 dicentibus
1078 5170 1309 5225 Domino
1335 5191 1346 5224 :
1379 5170 1669 5234 Adsumus,
1694 5169 1862 5223 dixit:

202 5259 364 5323 Non,
397 5257 527 5326 quia
570 5257 740 5314 frater
776 5259 870 5315 ille
900 5259 1145 5315 nondum
1193 5260 1473 5330 ingressus
1503 5264 1605 5323 est,
1638 5258 1731 5327 qui
1762 5262 1870 5312 stat

199 5350 373 5418 juxta
426 5347 627 5403 ostium
684 5351 945 5405 exterius.
998 5350 1195 5418 Sicque
1253 5361 1319 5403 eo
1378 5347 1736 5417 principiente
1786 5351 1871 5401 est

205 5461 269 5513 et
302 5453 460 5510 illam
499 5469 624 5525 quae
653 5470 683 5511 a
720 5457 954 5513 Geraldo
991 5457 1197 5524 scripta
1236 5460 1340 5519 est,
1373 5454 1534 5509 simul
1565 5469 1688 5510 cum
1729 5457 1873 5525 ejus-

206 5529 350 5585 dem
380 5527 562 5583 sancti
581 5528 801 5585 duobus
825 5528 1213 5587 miraculorum
1242 5524 1422 5595 libris,
1444 5539 1677 5596 quorum
1709 5524 1871 5597 primi

407 5625 648 5684 PAIROL.
682 5628 925 5686 CXLVII.

1943 4542 2183 4597 virorum
2222 4538 2481 4608 precibus
2528 4539 2858 4608 impetravit.
2901 4542 3140 4597 Tandem
3171 4543 3343 4598 abbas
3372 4544 3587 4610 annuit,

1945 4630 2041 4685 sed
2072 4643 2136 4684 ea
2184 4627 2503 4683 conditione
2543 4636 2622 4693 ut,
2654 4628 2701 4682 si
2749 4629 2893 4683 Deus
2932 4643 3093 4698 posse
3133 4630 3487 4698 concederet,
3520 4631 3588 4687 ad

1947 4734 2068 4775 eum
2116 4719 2234 4773 sine
2284 4716 2452 4772 dubio
2500 4717 2812 4787 repedaret.
2867 4719 2958 4773 Vir
3004 4726 3186 4776 autem
3232 4722 3587 4791 venerabilis,

1946 4814 2172 4877 accepta
2226 4806 2469 4871 licentia,
2529 4806 2901 4861 obedientiam
2959 4812 3223 4879 suscepit,
3274 4811 3381 4866 iter
3433 4825 3592 4867 suum

1947 4898 2261 4970 apparavit,
2330 4896 2426 4951 Dei
2490 4896 2663 4964 gratia
2729 4895 2849 4951 loca
2912 4906 3227 4957 sanctorum
3296 4900 3589 4956 multorum

1946 4987 2204 5052 visitavit,
2262 4984 2330 5040 ad
2388 4984 2699 5055 sepulcrum
2771 4986 3135 5058 Dominicum,
3208 4991 3357 5060 quod
3424 5001 3594 5057 super

1948 5078 2130 5134 omnia
2168 5074 2443 5143 cupiebat,
2493 5074 2779 5142 adoravit;
2831 5077 2897 5131 ad
2950 5082 3193 5149 propria,
3226 5083 3370 5135 sicut
3407 5076 3594 5132 abbati

1949 5181 2050 5222 suo
2098 5164 2441 5235 promiserat,
2475 5164 2777 5232 repedavit.
2829 5168 3037 5233 Quanta
3078 5171 3131 5225 in
3169 5171 3366 5225 itinere
3400 5180 3593 5238 poena-

1951 5270 2070 5311 rum
2114 5255 2484 5310 cruciamenta
2526 5252 2806 5318 sustinuit,
2842 5267 2949 5311 non
2991 5267 3075 5313 est
3122 5266 3369 5315 nostrum
3419 5269 3595 5326 expo-

1953 5359 2085 5400 nere
2111 5366 2124 5411 ;
2176 5344 2304 5413 quia
2333 5341 2401 5396 ad
2432 5356 2495 5398 ea
2526 5356 2649 5411 quae
2694 5342 2841 5398 inter
2870 5358 2972 5401 nos
3000 5349 3143 5403 Deus
3172 5363 3273 5419 per
3301 5362 3425 5405 eum
3456 5359 3598 5417 ope-

1954 5457 2149 5529 auctor
2177 5457 2261 5505 est
2290 5449 2436 5529 idem
2473 5447 2757 5517 Geraldus,
2791 5450 3068 5511 edidimus
3096 5456 3236 5514 Sate.
3259 5457 3346 5524 ιν,
3371 5460 3527 5529 parte
3554 5466 3599 5521 ι,

1954 5524 2024 5581 ad
2062 5535 2265 5579 annum
2301 5520 2431 5577 826.

3355 5626 3428 5683 33
