4056 6150
598 244 737 301 1035

1641 243 1694 297 S.
1737 241 2026 297 GERALDI
2065 241 2349 304 ABBATIS
2387 241 2901 297 SlLVl‘E-MAJORIS

3715 258 3801 314 1036

593 371 703 428 rari
747 367 1004 440 dignatus
1055 373 1160 438 est,
1199 367 1288 424 vix
1325 365 1526 422 sufﬁcit
1571 364 1756 435 lingua
1802 363 2096 420 balbutire.
2146 365 2234 420 ln-
2253 363 2389 429 Ade
2419 369 2566 422 terra
2597 370 2652 422 et
2681 367 3010 437 cognatione
3040 381 3132 422 sua
3161 369 3483 440 egrediuntur
3511 375 3638 445 (Gen.
3658 395 3728 447 xu,
3751 383 3799 453 l).

591 473 814 533 gressus
859 457 1045 528 itaque
1092 456 1408 513 monasterii
1457 455 1776 522 claustrum,
1828 454 1997 524 coepit
2042 454 2100 508 in
2138 455 2235 509 Dei

587 548 816 605 servitio
863 561 924 602 se
984 559 1262 612 exercere,
1314 549 1368 598 et
1415 558 1540 612 quae
1588 543 1656 598 de
1711 543 1831 611 ejus
1892 542 2237 598 mirabilibus

591 639 842 695 audierat
871 641 928 692 et
954 635 1187 701 viderat,
1220 631 1287 688 ad
1320 631 1636 688 memoriam
1676 645 1956 688 revocare.

671 729 754 783 l8.
795 730 1048 782 Reversus
1093 725 1150 794 ﬁt
1181 723 1364 779 abbas.
1396 753 1469 764 —
1515 725 1726 779 interea
1776 723 2015 793 quodam
2067 722 2234 778 fratre

595 832 695 876 suo
752 814 958 872 carnali
1018 812 1091 885 (9)
1151 813 1219 868 de
1275 813 1379 868 hac
1433 813 1542 868 vita
1600 827 1843 884 egresso,
1895 814 1989 882 qui
2047 826 2233 868 curam

594 906 821 971 fratrum
893 905 952 960 in
1039 903 1374 960 monasterio
1466 903 1651 958 Sancti
1728 902 1999 958 Vincentii
2091 902 2235 972 apud

593 1001 834 1052 montem
894 992 1214 1049 Laudunum
1271 999 1608 1062 susceperat,
1658 993 1726 1047 ad
1785 992 2055 1048 abbatiam
2114 1005 2238 1060 pro-

593 1088 786 1140 vectus
832 1089 937 1139 est.
997 1081 1152 1150 Quod
1193 1081 1395 1136 invitus
1428 1081 1634 1152 diuque
1683 1081 1929 1137 retinens
1971 1081 2232 1150 suscepit,

593 1179 647 1228 et
681 1173 928 1242 quamvis
956 1184 1068 1228 non
1097 1185 1216 1228 esse
1248 1184 1438 1240 parum
1467 1169 1730 1226 fratribus
1759 1183 1999 1239 praeesse
2033 1182 2236 1238 cogno-

591 1267 794 1330 sceret,
839 1260 1006 1317 vellet
1053 1267 1234 1317 tamen
1293 1259 1485 1326 nollet,
1538 1259 1802 1315 obedivit.
1853 1258 2007 1314 Collo
2055 1265 2237 1314 autem

591 1351 748 1407 oneri
771 1356 878 1406 tam
901 1350 1051 1421 gravi
1075 1349 1450 1420 superposito,
1475 1361 1586 1403 non
1605 1362 1664 1404 se
1691 1347 1953 1404 oblivioni
1985 1346 2233 1414 tradidit,

591 1441 689 1496 sed
735 1441 792 1496 in
840 1443 1106 1511 quantum
1158 1443 1395 1507 poterat,
1454 1452 1513 1494 se
1567 1436 1795 1494 formam
1843 1442 1899 1492 et
1951 1435 2236 1506 speculum

592 1529 881 1600 discipulis
931 1529 1047 1585 suis
1099 1527 1371 1584 exhibuit.
1429 1530 1648 1584 Fratres
1693 1541 1845 1595 vero,
1879 1527 1973 1599 qui
2011 1527 2114 1583 sub
2168 1538 2234 1582 eo

591 1625 769 1684 erant,
831 1617 954 1688 plus
1017 1621 1257 1674 terrenis
1321 1617 1626 1674 commodis
1691 1632 1851 1688 quam
1919 1616 2237 1673 caelestibus

2319 456 2403 510 Fit
2460 457 2780 524 conjunctio
2836 456 3162 524 laetabunda,
3212 459 3268 514 iit
3319 462 3573 521 exsultatio
3614 469 3803 536 jucunda;

2318 545 2594 600 exsultant
2651 545 2718 601 de
2777 547 3036 617 magistro
3093 547 3370 619 discipuli,
3421 535 3807 628 gaudetmagister

2316 647 2483 703 super
2514 634 2856 704 discipulos;
2909 636 3143 692 exsultat
3173 637 3332 693 abbas
3365 653 3512 709 super
3535 644 3805 703 societatem

2316 724 2427 778 Deo
2457 723 2562 778 sibi
2600 729 2710 778 tam
2760 725 3088 782 mirabiliter
3124 726 3409 796 prmvisam,
3440 728 3651 786 letantur
3672 735 3807 791 tirones

2317 811 2699 883 Christi,'quia
2738 813 2926 869 vident
2966 821 3022 870 et
3068 823 3392 885 cognoscunt
3432 830 3528 872 non
3561 820 3615 873 ab
3644 819 3805 889 homine,

2317 900 2414 956 sed
2446 915 2478 955 a
2527 903 2638 956 Deo
2687 917 2810 972 quae
2849 903 3236 959 desiderabant
3279 905 3446 960 omnia
3486 907 3573 961 sibi
3613 912 3807 976 provenire

2311 991 2468 1060 juxta
2497 991 2834 1046 voluntatem
2864 1006 3039 1047 suam.
3088 993 3278 1048 Saeculi
3308 994 3476 1063 itaque
3509 995 3674 1052 honore
3695 998 3806 1067 depo-

2315 1080 2443 1146 sito,
2484 1080 2624 1135 viam
2658 1095 2766 1150 qua
2812 1081 3089 1138 Christum
3119 1089 3406 1154 sequantur
3448 1084 3754 1154 ingrediuntur,
3776 1097 3807 1142 et

2317 1183 2492 1238 usque
2541 1170 2608 1224 ad
2658 1170 2804 1226 beati
2847 1171 3092 1242 Dionysii
3141 1172 3371 1239 domum,
3409 1186 3548 1241 quem
3580 1173 3712 1229 locum
3743 1177 3806 1229 sibi

2318 1256 2657 1327 delegerant,
2692 1258 3059 1330 undequaque
3108 1262 3443 1318 conveniunt.
3486 1262 3673 1318 Adorata
3707 1264 3810 1333 igitur

2317 1346 2382 1400 ad
2432 1352 2749 1402 sanctorum
2798 1355 3094 1420 martyrum
3142 1350 3438 1421 sepulcrum
3480 1351 3708 1407 Salvatoris
3737 1351 3807 1406 cle-

2317 1435 2539 1503 mentia,
2571 1450 2874 1508 eorumque
2925 1446 3220 1511 martyrum
3268 1447 3322 1497 et
3357 1440 3561 1496 aliorum
3596 1447 3807 1495 sanctorum

2314 1523 2624 1593 patrocinia
2686 1540 2787 1582 sua
2849 1529 3054 1585 auxilio
3122 1536 3452 1596 convocant,
3517 1529 3672 1585 Christi
3723 1529 3809 1584 duce

2317 1613 2681 1682 providentia,
2721 1616 3051 1686 Aurelianis,
3094 1624 3156 1675 ut
3195 1618 3390 1676 ibidem
3431 1619 3491 1674 ad
3516 1625 3673 1674 sancta:
3691 1620 3812 1674 Crucis

591 1707 812 1774 intenti,
845 1707 1091 1763 moribus
1139 1708 1258 1776 eius
1296 1720 1406 1762 non
1455 1707 1596 1762 bene
1635 1707 2074 1774 conveniebant;
2113 1701 2551 1773 sed,Badorent
2597 1704 2888 1762 ecclesiam
2935 1707 3081 1780 (ll),
3133 1709 3371 1780 dirigunt
3412 1708 3619 1778 vestigia.
3654 1709 3809 1775 Cumque

590 1795 735 1852 sicut
765 1795 965 1867 legitur
993 1796 1062 1851 de
1092 1802 1284 1852 sancto
1315 1796 1612 1853 Benedicto
1641 1795 1720 1867 (S.
1749 1798 1916 1852 Gneo.
1947 1794 1982 1851 ι.
2018 1811 2059 1851 ιι
2087 1793 2231 1852 Dial.

526 1936 530 1940 .
592 1900 642 1940 c.
700 1884 777 1957 3),
835 1886 1042 1941 sanctis
1097 1886 1216 1955 ejus
1269 1885 1493 1941 monitis
1558 1885 1834 1942 contraria
1899 1885 2231 1942 sentiebant.

588 1977 832 2044 Cumque
863 1974 1215 2046 conspiceret
1243 1987 1340 2030 eos
1369 1981 1428 2030 ut
1456 1973 1676 2029 volebat
1713 1973 1832 2029 sine
1863 1973 2235 2044 peculiaribus

589 2077 710 2119 esse
753 2063 902 2120 nolle
931 2064 1307 2134 acquiescere,
1348 2063 1416 2118 ad
1466 2062 1796 2118 sanctissimi
1833 2061 2011 2118 Patris
2057 2061 2233 2118 nostri

587 2153 871 2209 Benedicti
902 2153 1208 2223 exemplum
1242 2152 1502 2224 cogitavit
1531 2166 1628 2209 eos
1647 2152 1947 2219 dimittere,
1973 2159 2026 2206 et
2045 2165 2233 2206 secum

586 2243 858 2298 habitare.
908 2243 969 2298 In
1007 2243 1342 2299 monasterio
1372 2247 1554 2298 autem
1593 2255 1692 2298 suo
1724 2246 1841 2298 erat
1882 2242 1965 2296 vir
1993 2240 2232 2296 sanctis-

585 2333 756 2387 simus
793 2331 1040 2388 inclusus
1070 2331 1195 2402 (10),
1237 2345 1268 2386 a
1297 2345 1407 2402 quo
1437 2330 1749 2398 consilium,
1783 2330 2062 2400 quomodo
2093 2343 2233 2399 quos

585 2421 655 2476 ad
685 2421 985 2492 regendum
1015 2427 1335 2490 susceperat
1363 2420 1640 2476 dimittere
1666 2427 1874 2489 posset,
1908 2418 2227 2489 requisivit:

587 2511 683 2580 qui
721 2510 856 2566 satis
903 2510 1163 2566 idoneum
1197 2516 1252 2565 et
1289 2509 1395 2565 sibi
1432 2509 1589 2565 valde
1638 2509 2006 2582 necessarium
2055 2509 2227 2564 dedit.

590 2598 788 2654 Milites
835 2612 966 2654 vero
1014 2598 1316 2654 secundum
1373 2599 1633 2654 saeculum
1685 2612 1796 2655 non
1850 2597 2125 2669 ignobiles
2161 2597 2230 2652 ad

589 2686 840 2743 eumdem
879 2687 1151 2744 inclusum
1200 2693 1484 2754 venerant,
1527 2687 1596 2743 de
1635 2687 1878 2757 peccatis
1923 2687 2039 2742 suis
2085 2687 2228 2756 apud

589 2790 712 2831 eum
778 2783 1204 2847 conquerentes,
1263 2777 1392 2848 quia
1431 2777 1663 2834 saeculo
1727 2777 1960 2848 amplius
2023 2776 2229 2832 servire

587 2866 870 2935 nolebant,
920 2867 1159 2924 confessi
1215 2866 1452 2934 fuerant,
1503 2875 1559 2923 et
1606 2867 1674 2922 ab
1722 2881 1788 2923 eo
1847 2865 2125 2937 quomodo
2172 2866 2226 2921 id

583 2954 827 3013 facerent
877 2957 1166 3012 consilium
1217 2962 1604 3026 poposcerant.
1657 2959 1888 3012 Sanctus
1934 2963 2116 3011 autem
2145 2956 2230 3012 vir

2317 1798 2373 1848 et
2419 1793 2548 1849 inde
2595 1794 3000 1863 discessissent,
3049 1804 3108 1854 et
3162 1800 3408 1866 Turonis,
3461 1799 3541 1854 ubi
3586 1796 3808 1852 sanctissimi

2317 1880 2651 1939 confessoris
2679 1885 2896 1941 Martini
2927 1900 3133 1956 corpus
3163 1887 3464 1958 requiescit,
3502 1885 3809 1955 appropinquas

2317 1976 2459 2039 sent,
2497 1973 2820 2042 peregrinos
2848 1975 2942 2045 qui
2989 1991 3018 2030 a
3068 1977 3266 2033 Sancto
3304 1979 3453 2032 Petro
3495 1977 3646 2031 Romae
3673 1986 3807 2028 remea-

2316 2059 2449 2115 bant
2495 2061 2859 2132 invenerunt;
2909 2065 3004 2134 qui
3052 2066 3123 2120 ab
3171 2067 3252 2122 eis
3286 2066 3422 2121 unde
3457 2072 3624 2128 essent,
3655 2070 3718 2116 aut
3743 2074 3807 2129 quo

2317 2148 2500 2216 irent,
2568 2151 2651 2207 vel
2711 2152 2842 2222 quid
2907 2155 2964 2209 in
3021 2156 3207 2212 animo
3263 2155 3528 2211 versabant
3580 2168 3656 2223 per
3699 2151 3807 2207 omnia

2315 2241 2542 2294 scrutati
2605 2247 2752 2296 sunt.
2821 2242 3102 2300 Patefacto
3170 2245 3334 2315 igitur
3385 2258 3551 2300 eorum
3602 2240 3805 2300 desiderio,

2315 2327 2519 2382 adeunt
2570 2329 2842 2397 abbatem,
2885 2337 3147 2402 rogantes
3196 2339 3256 2389 ut
3307 2333 3372 2389 ad
3417 2345 3580 2389 eorum
3621 2330 3716 2384 lines
3749 2327 3810 2381 iter

2314 2429 2472 2471 suum
2535 2417 2836 2488 dirigeret;
2906 2428 3182 2490 quatenus
3237 2422 3304 2477 de
3352 2420 3629 2477 substantiis
3667 2418 3744 2472 suis
3778 2416 3808 2467 iu

2313 2504 2532 2574 alodiis,
2566 2521 2691 2576 quae
2728 2509 2841 2564 Deo
2871 2510 3243 2580 disponebant
3280 2512 3406 2568 dare
3441 2511 3500 2567 ad
3539 2511 3626 2565 Deo
3659 2506 3810 2561 servien-

2315 2593 2465 2658 dum,
2506 2595 2796 2652 ecclesiam
2833 2604 3206 2657 construeret.
3245 2601 3394 2669 Quod
3422 2609 3471 2656 et
3498 2599 3656 2654 factum
3678 2595 3811 2654 fuisset.

2314 2683 2420 2738 nisi
2448 2685 2618 2741 Deum
2649 2700 2836 2742 eorum
2868 2688 3271 2747 habitationem
3298 2690 3425 2746 alias
3452 2687 3732 2759 disposuisset
3753 2703 3761 2736 :
3780 2686 3812 2736 et

2314 2773 2442 2842 quia
2471 2775 2616 2830 Deus
2643 2775 2835 2845 voluit,
2868 2779 3154 2849 peregrini
3194 2781 3249 2836 in
3278 2781 3410 2836 viam
3454 2792 3582 2835 suam
3618 2776 3810 2832 abierunt;

2313 2863 2482 2918 abbas
2527 2877 2658 2921 vero
2707 2871 2762 2922 et
2808 2867 2948 2924 socii
3002 2869 3087 2925 sui
3161 2871 3464 2935 Pictavium,
3512 2870 3603 2924 Deo
3645 2864 3812 2923 ducente.

2313 2961 2705 3020 pervenerunt.

585 3053 640 3098 et,
685 3044 901 3100 abbatis
947 3045 1250 3115 supradicti
1295 3046 1534 3101 animum
1582 3058 1944 3116 cognoscens,
1978 3053 2033 3100 et,
2081 3033 2287 3101 desi-C
2380 3039 2470 3096 20.
2515 3043 2779 3100 Pictavum
2819 3045 3047 3102 advenit.
3085 3049 3370 3120 Excipitur
3403 3064 3434 3104 a
3467 3045 3619 3102 comite
3646 3039 3812 3101 Guidonc,

583 3132 797 3188 derium
836 3132 1068 3188 militum
1115 3146 1459 3204 cognoscens
1503 3139 1559 3190 ct
1596 3134 1930 3206 intelligens,
1962 3135 2018 3190 in
2058 3149 2222 3190 unum

583 3235 775 3279 omnes
823 3224 1197 3294 congregavit,
1239 3221 1528 3280 consilium
1577 3231 1938 3295 utrorumque
1984 3226 2220 3295 aperuit,

581 3319 637 3368 et
674 3312 846 3368 laicos
876 3313 1032 3382 quasi
1063 3310 1190 3368 ﬁdei
1221 3312 1528 3369 rudimenta
1568 3313 1954 3383 suscipientes,
1995 3315 2222 3370 sanctis-

580 3402 703 3458 simi
760 3401 976 3457 abbatis
1032 3401 1395 3471 providentiae
1451 3403 1872 3458 commendavit.
1929 3405 1973 3460 Ο
2018 3403 2221 3460 Christi

583 3491 759 3561 pietas
806 3490 1228 3547 inenarrabilis!
1272 3503 1305 3547 o
1351 3491 1648 3548 Salvatoris
1685 3492 1975 3548 clementia
2021 3494 2224 3550 incom-

583 3581 881 3650 parabilis!
933 3579 1171 3636 Famulis
1206 3579 1322 3636 suis
1358 3595 1417 3636 se
1449 3585 1566 3637 toto
1607 3581 1774 3636 corde
1821 3581 2218 3651 quaerentibus,

581 3670 649 3726 ad
706 3669 897 3726 saeculi
958 3669 1332 3724 blandimenta
1389 3669 1699 3738 superanda
1747 3669 2084 3740 magistrum,
2125 3671 2220 3740 qui

580 3773 677 3816 eos
722 3757 1064 3828 praecederet
1110 3758 1478 3825 ministravit;
1529 3772 1799 3827 servoque
1845 3751 1976 3826 suo,"
2009 3767 2067 3815 ut
2114 3759 2221 3814 sibi

577 3848 830 3903 devotius
867 3846 1188 3912 deserviret,
1221 3845 1406 3902 socios
1443 3852 1498 3901 et
1536 3846 1840 3917 discipulos
1885 3837 2219 3918 aggregavit.

576 3935 798 3991 Talibus
843 3947 974 3990 vero
1021 3934 1333 4004 conjunctis
1378 3936 1434 3989 in
1482 3936 1735 4003 Domino,
1768 3936 1938 3992 abbas
1976 3949 2086 3992 non
2125 3937 2221 3993 im-

579 4035 789 4077 memor
833 4019 1060 4075 fratrum
1099 4034 1240 4090 quos
1276 4021 1344 4076 ad
1393 4021 1692 4092 regendum
1734 4029 2072 4093 susceperat,
2107 4024 2223 4094 epi-

579 4123 805 4181 scopum
850 4108 1259 4180 (Helinardum)
1308 4123 1339 4164 a
1378 4123 1488 4180 quo
1535 4109 1768 4166 abbatiae
1807 4124 1946 4166 onus
1983 4111 2221 4167 habebat

577 4199 756 4266 adiit,
810 4199 972 4268 eique
1028 4197 1190 4268 quale
1246 4198 1534 4256 consilium
1595 4200 1941 4271 quaesivisset
1969 4201 2216 4270 aperuit,

579 4302 720 4345 onus
775 4287 1078 4360 regiminis,
1141 4289 1290 4358 quod
1355 4289 1611 4357 habebat,
1671 4291 1791 4360 ejus
1856 4289 2218 4360 providentiae

578 4378 894 4449 dereliquit.

655 4467 738 4524 19.
787 4467 1071 4524 Abbatiam
1116 4468 1347 4524 dimittit.
1398 4469 1560 4524 Varia
1597 4467 1715 4524 loca
1763 4469 1871 4526 SS.
1911 4469 2107 4526 visitat.
2149 4500 2222 4513 —-

579 4556 782 4613 Taliter
810 4569 940 4612 vero
969 4557 1172 4612 Christi
1211 4558 1420 4614 tirones
1449 4557 1634 4613 abbati
1673 4559 2021 4615 sanctissimo
2051 4559 2222 4629 subji-

576 4648 818 4714 ciuntur,
850 4652 906 4703 et
933 4647 1109 4704 sancti
1141 4647 1469 4718 patriarchae
1499 4649 1674 4704 nostri
1703 4648 1936 4704 Abrahae
1967 4650 2219 4720 exemplo

651 4823 741 4898 (9)
799 4826 851 4881 ls
907 4830 1025 4898 erat
1069 4824 1394 4898 Reginerus.
1451 4826 1686 4882 Abbatia
1741 4829 1796 4883 S.
1845 4828 2112 4884 Vincentii
2160 4829 2218 4884 in

576 4896 753 4970 altero
788 4896 1021 4970 montis
1069 4897 1446 4953 Laudunensis
1497 4898 1723 4955 brachio
1775 4900 1900 4964 sita,
1941 4900 2218 4970 hodieque

575 4968 825 5041 subsistit
856 4981 1116 5041 congreg.
1150 4970 1204 5024 S.
1237 4969 1408 5024 Mauri
1445 4977 1754 5041 aggregata.

649 5040 764 5113 (10)
791 5041 950 5096 Ilunc
980 5040 1276 5096 Bollandus
1304 5040 1631 5111 suspicatur
1647 5041 1814 5098 fuisse
1844 5045 1900 5098 S.
1931 5041 2215 5098 Arnulfum

575 5119 766 5182 postea
824 5113 998 5182 episc.
1065 5113 1553 5180 Suessionensem;
1622 5115 1720 5170 sed
1786 5113 2013 5170 fallitur.
2081 5116 2214 5170 Nam

572 5185 820 5240 inclusus
857 5184 949 5241 hic
987 5192 1320 5240 memoratus
1365 5185 1418 5240 in
1472 5187 1806 5242 monasterio
1853 5189 1908 5241 S.
1944 5186 2215 5241 Vincentii

572 5255 827 5326 degebat,
861 5265 921 5313 ut
958 5255 1161 5327 legenti
1209 5260 1379 5326 patet,
1432 5256 1579 5326 quod
1628 5257 1696 5314 de
1742 5259 1798 5312 S.
1846 5257 2073 5313 Arnulfo
2105 5257 2213 5313 dici

571 5341 682 5384 non
714 5335 915 5398 potest.
950 5329 1109 5384 Hunc
1139 5328 1324 5398 potius
1363 5328 1664 5385 crediderit
1692 5327 1860 5385 fuisse
1891 5328 2212 5397 Ebroinum,

571 5398 641 5454 de
671 5412 782 5469 quo
815 5399 955 5456 infra
986 5413 1135 5456 num.
1159 5399 1249 5455 22.

643 5470 747 5546 (ll)
779 5472 854 5527 Ea
884 5478 968 5546 est
995 5471 1232 5546 ecclesia
1269 5470 1622 5546 cathedralis,
1660 5470 1939 5546 hodieque
1959 5471 2078 5546 sub
2108 5471 2215 5546 hoc

571 5541 793 5596 nomine
817 5543 1072 5610 celebris,
1091 5558 1215 5613 qua:
1237 5557 1266 5598 a
1288 5543 1620 5600 Calvinianis
1640 5544 1823 5600 diruta
1843 5541 2061 5601 tandem
2078 5543 2215 5614 pris-

2306 3145 2405 3199 (ιιιο
2453 3133 2840 3189 commendatur
2885 3135 3139 3206 Radulfo.
3181 3137 3628 3206 Silvam-Majorem
3655 3131 3745 3186 adit.
3774 3154 3813 3166 —

2303 3219 2572 3290 Ingressis
2600 3228 2780 3277 autem
2810 3222 2921 3278 illis
2950 3225 3252 3295 civitatem,
3275 3241 3399 3283 ecce
3417 3239 3577 3282 comes
3592 3217 3809 3278 Pictavium.

2303 3308 2465 3364 Wido
2500 3309 2604 3381 (l2)
2635 3313 2984 3381 venerabilis,
3017 3315 3114 3370 Dei
3151 3317 3455 3387 provisione
3482 3329 3539 3371 ex
3563 3312 3692 3368 altera
3715 3312 3810 3376 parte

2303 3395 2542 3456 advenit.
2591 3401 2746 3466 Quod
2776 3416 2898 3457 cum
2929 3403 3098 3460 abbas
3151 3407 3499 3477 cognovisset,
3541 3410 3717 3472 sperans
3747 3389 3810 3446 sibi

2303 3498 2414 3541 non
2459 3488 2754 3545 absurdum
2793 3491 2839 3546 si
2879 3506 3001 3548 cum
3041 3507 3108 3550 eo
3153 3495 3482 3566 loqueretur,
3509 3490 3631 3547 venit
3652 3486 3702 3541 ad
3719 3493 3811 3544 eum,

2302 3587 2535 3630 monens
2570 3578 2756 3634 socios
2803 3586 2864 3636 ut
2899 3595 2959 3638 se
3006 3590 3393 3653 sequerentur.
3443 3583 3558 3638 Cum
3597 3582 3730 3633 autem
3755 3581 3813 3624 eos

2304 3677 2489 3720 comes
2544 3669 2914 3738 conspiceret,
2966 3672 3310 3741 resalutavit,
3365 3680 3416 3729 et
3468 3669 3591 3727 unde
3629 3663 3812 3720 venissent

2302 3761 2396 3809 aut
2434 3768 2543 3823 quo
2581 3756 2663 3812 ire
2706 3758 2909 3814 vellent
2958 3761 3262 3833 diligenter
3305 3760 3580 3834 inquisivit.
3607 3754 3681 3812 Cui
3708 3749 3814 3805 abbas

2303 3846 2484 3899 omnia
2532 3860 2656 3916 quae
2702 3847 2760 3904 in
2806 3851 2988 3906 animo
3035 3851 3280 3910 habebat
3325 3851 3542 3924 aperuit.
3570 3853 3615 3904 et
3647 3839 3750 3914 quod
3775 3834 3815 3889 de

2301 3933 2466 3988 terris
2513 3935 2628 3990 suis
2676 3944 2730 3992 et
2779 3941 3207 4010 c0gnationibus
3255 3945 3367 3999 suis
3413 3939 3592 4013 egressi
3623 3930 3814 3990 Dominum

2301 4023 2675 4090 sequebantur
2720 4026 2940 4096 adjecit.
3000 4032 3236 4101 C0gnita
3291 4041 3464 4088 autem
3513 4039 3665 4086 comes
3697 4027 3815 4076 eorum

2301 4110 2601 4179 voluntate,
2634 4120 2689 4169 et
2728 4115 2911 4172 divina
2958 4118 3016 4173 in
3063 4119 3174 4176 hoc
3223 4122 3540 4192 provisione,
3575 4113 3759 4170 abbatem
3782 4106 3814 4156 ei

2303 4213 2432 4256 suos
2469 4201 2638 4271 cmpit
2675 4217 2890 4275 rogare,
2934 4212 2994 4262 ut
3023 4223 3124 4278 pro
3164 4211 3403 4278 Christo,
3434 4221 3527 4279 pro
3553 4205 3818 4274 cujuscml’e'

2301 4296 2425 4344 rant
2479 4289 2598 4346 haec
2646 4306 2856 4360 amore,
2914 4311 3252 4370 quocunque
3300 4301 3354 4355 in
3403 4312 3493 4354 sua
3535 4302 3654 4351 terra
3689 4283 3817 4340 vellent

2236 4363 2286 4420 D
2305 4386 2688 4449 remanerent;
2741 4383 2860 4453 ipse
2890 4363 3021 4443 vero
3069 4363 3361 4445 consilium
3392 4395 3444 4444 et
3477 4383 3693 4442 auxilium
3721 4379 3820 4428 suum

2302 4467 2407 4522 sibi
2456 4469 2513 4524 in
2561 4471 2816 4528 omnibus
2862 4483 3081 4532 curaret
3128 4478 3465 4549 impendere.
3509 4477 3622 4529 Dum
3655 4475 3749 4521 vero
3781 4457 3822 4510 de

2304 4556 2389 4611 his
2434 4557 2502 4612 ad
2551 4559 2782 4616 invicem
2828 4565 3352 4634 sermocinarentur,
3394 4579 3514 4622 ecce
3545 4558 3721 4631 quidam
3743 4550 3824 4604 Bur-

2303 4645 2511 4717 degalze
2558 4651 2911 4720 praepositus,
2960 4655 3185 4711 nomine
3242 4653 3500 4712 Radulfus
3547 4647 3669 4721 (13).
3705 4656 3727 4696 ³
3757 4639 3823 4690 De"

2303 4826 2476 4908 tinum
2505 4827 2561 4908 in
2591 4828 3320 4908 splendoremrestitutaest
3339 4828 3700 4908 paucisabhing
3710 4827 3822 4908 8.1191"?

2374 4897 2482 4980 (l2)
2521 4894 3360 4980 Cuido‘agnominegGofridus,
3398 4894 3821 4980 quillelm'inl'néflﬂ‘;

2302 4965 2660 5052 tanlim;_dticis
2699 4965 2862 5052 filius,
2895 4975 3157 5052 fratribus
3186 4979 3303 5034 suis
3330 4965 3596 5052 Cuillelmo
3623 4969 3675 5023 Vl

2300 5047 2355 5095 et
2369 5040 2669 5120 _Gu_ill_e_lmo
2688 5047 2789 5120 ΧΠ
2802 5119 2811 5120 ί
2826 5031 2951 5103 Acri
2969 5031 3404 5120 Vin—aquitaniai
3422 5049 3602 5120 ducatu

2298 5113 2399 5194 sub
2429 5113 2700 5194 Cuillelmi
2731 5119 2827 5194 Vll
2848 5102 3446 5194 nomine."(1')biitian‘no
3479 5114 3632 5194 1086}
3659 5102 3826 5194 δερψξρέἓ

2300 5190 2383 5238 est
2431 5184 2483 5265 in
2534 5171 2877 5246 monasterio
2893 5171 3064 5249 '66s};
3075 5171 3439 5259 'pic'th'éeﬁéi‘,‘
3469 5171 3665 5258 quod'a
3701 5171 3826 5233 fumi-‘1'

2298 5264 2498 5311 mentis
2535 5264 2952 5318 restauraverat.
3802 5311 3808 5318 -

2370 5326 2476 5400 (l3)
2532 5330 2688 5386 Hunc
2749 5314 2951 5389 virum"
2989 5334 3154 5391 fuisse
3221 5332 3626 5391 ecclesiasticum
3681 5314 3825 5400 θςηξνιξξί

2296 5387 2745 5478 Papebrocliius;
2787 5387 2947 5461 sit}
2974 5387 3150 5478 altera
3175 5387 3435 5478 Viti—ubi
3455 5387 3644 5478 dicitur

2296 5466 2465 5551 νὶαίὶξςῖ,
2499 5479 2711 5551 certum
2731 5466 2824 5551 est
2853 5491 2976 5551 eum
3006 5477 3170 5536 fuisse
3219 5466 3516 5547 Burdigalae
3543 5485 3571 5527 a
3596 5467 3711 5525 duce
3736 5466 3826 5528 Ρτεθ

2297 5545 2535 5610 positum
2567 5545 2680 5613 iuri
2719 5546 2976 5606 dicendo.
