4096 6156
233 268 369 323 1037

1821 274 1995 331 VITA.

3455 291 3598 349 1038’

223 394 427 468 missus
471 395 643 460 venit,
674 399 732 452 et
759 394 971 464 comiti,
1011 395 1060 452 si
1088 396 1272 465 vellet,
1329 397 1479 468 quod
1516 399 1587 455 ad
1626 399 1682 455 id
1736 399 1865 455 ido-
1884 399 2073 460 Aeum
2112 401 2297 461 taliter
2331 405 2635 464 adorasset.
2696 410 2795 466 His
2846 411 3017 483 igitur
3072 415 3330 483 peractis,
3387 419 3592 477 milites

221 497 389 541 neum
425 485 609 541 locum
639 499 737 541 eos
794 485 1117 553 deduceret,
1174 487 1441 544 invitavit.
1486 488 1638 544 Unde
1676 502 1864 565 comes

220 575 383 632 latus
419 576 776 633 vehementer
812 575 1057 643 eﬁectus,
1090 578 1341 635 abbatem
1374 585 1427 634 et
1464 592 1596 634 suos
1623 579 1868 647 ejusdem

220 667 510 735 prapositi
539 667 806 723 custodia
836 667 1186 737 mancipavit,
1212 673 1272 724 ut
1296 682 1392 724 eos
1412 670 1569 738 quasi
1597 683 1657 723 se
1688 678 1868 725 custo-

220 756 403 821 diret;
447 761 503 811 et
540 769 925 826 quemcunque
964 756 1146 813 locum
1176 758 1230 812 in
1262 763 1393 814 nota
1421 772 1519 814 sua
1568 764 1714 814 terra
1760 759 1867 814 sibi

220 845 553 917 deligerent,
599 847 721 901 sine
777 845 961 916 aliqua
1018 847 1396 903 controversia
1434 848 1571 903 nihil
1610 848 1870 904 dubitans

220 947 324 990 suo
362 934 596 1004 imperio
657 935 1011 992 concederet.
1068 936 1209 1003 Quid
1266 936 1476 993 multa?
1532 938 1870 1007 Prapositus

222 1023 491 1081 Radulfus
540 1025 786 1095 suscepit
841 1038 939 1081 eos
975 1025 1240 1095 gaudens,
1282 1032 1338 1082 et
1386 1026 1456 1081 ad
1512 1026 1714 1094 locum,
1774 1027 1869 1097 qui

221 1114 565 1183 Silva-Major
600 1114 748 1170 inter
794 1114 905 1171 duo
961 1116 1130 1171 maria
1168 1124 1538 1185 nuncupatur,
1599 1117 1866 1189 adduxit,

222 1208 281 1260 et
345 1202 637 1259 ecclesiam
704 1203 983 1273 parvulam
1049 1217 1162 1260 non
1236 1218 1305 1260 ex
1342 1204 1639 1274 lapidibus,
1672 1206 1771 1262 sed
1801 1206 1870 1262 de

225 1300 376 1349 terra
415 1297 786 1348 constructam
817 1293 1080 1349 ostendit.
1122 1292 1266 1349 Silva
1302 1300 1483 1349 autem
1531 1296 1587 1350 in
1635 1295 1870 1353 circuitu

224 1390 339 1439 tam
405 1382 576 1439 densa
639 1382 902 1451 vepribus
968 1388 1024 1438 et
1086 1383 1338 1439 sentibus
1393 1392 1661 1453 creverat,
1720 1385 1870 1456 quod

223 1472 414 1531 nullus
476 1471 544 1526 ad
592 1471 883 1529 ecclesiam
947 1472 1392 1543 appropinquare
1450 1480 1687 1544 poterat,
1765 1477 1870 1533 nisi

223 1564 432 1637 gladio,
463 1568 557 1618 aut
585 1561 694 1619 alio
723 1562 910 1632 aliquo
948 1561 1281 1620 ferramento
1312 1563 1463 1633 prius
1490 1565 1599 1621 iter
1624 1565 1866 1623 fecisset.

225 1655 306 1712 Ad
336 1655 481 1710 hanc
518 1652 741 1724 quidem
780 1652 1070 1708 ecclesiam
1108 1653 1235 1709 dum
1268 1655 1438 1710 abbas
1475 1660 1531 1711 et
1566 1657 1652 1712 sui
1694 1658 1872 1713 venis-

1950 491 2045 559 qui
2111 506 2234 548 cum
2299 495 2497 551 abbate
2560 507 2862 569 venerant,
2928 502 3109 559 adhuc
3164 504 3344 562 laicali
3400 508 3591 566 habitu

1950 578 2148 648 induti,
2182 583 2310 653 quia
2347 585 2679 644 devoverant
2715 590 2824 645 iter
2868 591 2937 646 ad
2984 594 3238 649 Sanctum
3286 596 3547 653 Iacobum
3572 640 3587 666 ,

1950 669 2183 739 ingressi
2246 681 2393 740 sunt,
2458 683 2514 731 et
2570 686 2749 734 tamen
2806 679 3028 737 licentia
3082 696 3147 738 ac
3204 684 3593 742 benedictione

1950 759 2185 827 abbatis,
2244 763 2363 819 sine
2416 766 2574 834 cujus
2629 776 2911 839 pracepto
2967 770 3105 826 nihil
3161 771 3341 829 facere
3380 777 3592 844 promi-

1951 855 2164 905 serunt.

2021 936 2113 990 22.
2160 938 2294 1008 Ejus
2341 942 2601 999 sociorum
2630 946 2859 1002 nomine.
2897 978 2966 988 —
2996 949 3235 1005 Tandem
3281 965 3380 1006 sua
3427 967 3593 1021 pere-

1950 1026 2261 1095 grinatione
2301 1038 2542 1099 peracta,
2574 1032 2643 1088 ad
2690 1048 2814 1090 eum
2858 1039 3095 1108 regressi
3144 1046 3292 1105 sunt,
3325 1047 3381 1095 et
3417 1043 3593 1099 sancti

1951 1116 2235 1173 Benedicti
2265 1118 2511 1176 habitum
2549 1121 2754 1190 devoti,
2795 1139 2859 1181 ac
2905 1128 3018 1183 Deo
3067 1141 3127 1183 se
3175 1142 3242 1184 ex
3295 1134 3411 1186 loto
3450 1145 3596 1187 com-

1952 1204 2233 1263 mittentes
2263 1250 2279 1275 ,
2354 1220 2737 1281 susceperunt.
2805 1214 2860 1270 Si
2933 1217 3057 1286 quis
3127 1225 3313 1274 autem
3372 1220 3597 1276 nomina

1953 1307 2143 1352 eorum
2169 1297 2264 1366 qui
2303 1313 2427 1355 cum
2456 1301 2652 1357 abbate
2679 1304 2934 1372 primitus
2962 1314 3229 1362 venerunt
3258 1322 3596 1378 cognoscere

1952 1385 2225 1455 voluerit,
2265 1389 2384 1445 sine
2423 1390 2592 1447 dubio
2639 1405 2977 1463 cognoscere
3026 1396 3232 1465 poterit
3277 1400 3596 1469 quicunque

1953 1474 2320 1546 subscriptam
2376 1480 2627 1550 paginam
2682 1482 3000 1555 intelligens
3047 1485 3281 1556 legerit:
3331 1487 3598 1544 Geraldus

1952 1563 2151 1631 abbas,
2206 1572 2262 1621 et
2316 1568 2570 1624 monachi
2627 1575 2759 1638 tres,
2800 1574 2895 1642 qui
2952 1573 3021 1629 de
3077 1577 3411 1633 monasterio
3445 1577 3594 1647 quod

1955 1652 2109 1721 prius
2137 1661 2374 1721 rexerat,
2415 1658 2590 1727 ipsius
2616 1673 2802 1716 amore
2831 1676 2955 1717 cum
2994 1677 3060 1719 eo
3106 1672 3407 1731 venerunt;
3454 1679 3598 1722 unus

223 1752 371 1812 sent,
404 1748 588 1801 tantus
617 1741 797 1799 eidem
836 1742 1021 1798 abbati
1072 1756 1227 1799 amor
1283 1744 1488 1801 ibidem
1543 1741 2220 1805 remanendiBMartinus
2259 1742 2381 1815 (l6)
2432 1747 2528 1815 qui
2577 1755 2769 1817 postea
2806 1749 3093 1805 ecclesiam
3140 1752 3325 1807 Sancti
3353 1752 3599 1822 Dionysii

222 1835 494 1901 occurrit,
526 1832 675 1904 quod
713 1846 774 1888 se
803 1845 916 1888 non
955 1831 1091 1889 alias
1127 1834 1329 1890 iturum
1377 1835 1613 1904 amplius
1656 1838 1790 1903 Deo,
1823 1838 1870 1893 si

222 1925 331 1980 sibi
375 1922 789 1994 propitiaretur,
831 1920 1105 1992 promisit.

296 2015 385 2067 21.
416 2014 585 2080 Quam
635 2027 671 2068 α
707 2011 929 2066 dominis
975 2010 1187 2066 obtinet.
1245 2012 1452 2067 Visione
1488 2013 1769 2070 animatur.
1800 2046 1874 2056 —

222 2107 379 2161 Tunc
402 2101 670 2173 temporis
704 2106 886 2157 autem
925 2106 1088 2156 terrae
1139 2099 1289 2155 illius
1343 2106 1400 2156 et
1427 2100 1685 2158 dominus
1719 2104 1872 2161 silva

226 2199 283 2251 et
336 2205 627 2264 possessor
663 2194 782 2248 erat
836 2190 1059 2261 quidam
1114 2189 1272 2246 miles
1323 2191 1594 2261 Augerius
1636 2192 1759 2264 (l4)
1802 2194 1872 2249 de

226 2284 475 2351 itiontio,
542 2287 599 2338 et
662 2295 787 2338 cum
852 2293 919 2336 eo
988 2278 1081 2335 alii
1147 2279 1567 2350 quamplurimi,
1636 2295 1871 2351 quorum

225 2374 452 2432 nomina
513 2373 632 2442 ipse
688 2371 974 2442 cognoscit
1011 2370 1104 2440 qui
1162 2370 1385 2425 creavit.
1426 2372 1559 2425 Cum
1616 2372 1873 2428 omnibus

224 2477 357 2520 vero
387 2462 470 2519 sic
506 2460 677 2517 abbas
705 2460 838 2532 egit,
870 2468 931 2515 ut
977 2471 1170 2515 omnes
1206 2458 1389 2515 locum
1428 2461 1539 2515 Deo
1579 2467 1635 2515 et
1665 2465 1870 2517 sancta

224 2555 348 2624 ejus
376 2551 535 2608 matri
583 2549 766 2607 Maria
805 2548 1209 2615 condonarent,
1250 2553 1307 2603 et
1352 2548 1420 2604 ab
1458 2548 1605 2604 omni
1645 2550 1869 2605 servitio

222 2643 466 2702 solutum
498 2643 553 2698 in
584 2644 912 2711 perpetuum
940 2637 1227 2705 facerent;
1269 2644 1325 2694 et
1354 2638 1429 2693 ita
1458 2642 1682 2694 sanctus
1710 2640 1871 2694 Pater

221 2732 492 2793 Geraldus
554 2729 889 2787 exhilaratus
921 2771 936 2795 ,
993 2728 1061 2783 ad
1129 2726 1477 2783 ecclesiolam
1543 2728 1746 2793 rediit,
1814 2733 1871 2784 et

224 2824 492 2892 deinceps
545 2825 869 2877 construere
915 2816 1286 2873 habitaculum
1332 2815 1438 2871 sibi
1488 2820 1545 2871 et
1572 2816 1688 2871 suis
1715 2814 1867 2877 fecit,

223 2914 467 2983 Quadam
506 2909 775 2981 siquidem
807 2911 971 2964 nocte
1001 2906 1169 2977 capit
1197 2907 1366 2961 Deum
1414 2905 1615 2961 obnixe
1673 2906 1870 2977 depre-

225 3004 364 3069 cari,
397 3005 669 3072 quatenus
696 2998 744 3054 si
774 3009 964 3054 eorum
992 2994 1198 3052 ibidem
1228 2994 1394 3051 statio
1432 2994 1538 3050 sibi
1588 2995 1868 3065 placeret,

1954 1829 2023 1885 de
2052 1832 2235 1887 Monte
2265 1834 2442 1902 rexit;
2484 1836 2625 1891 alius
2653 1850 2782 1892 vero
2817 1838 3106 1905 ltbroinus,
3148 1840 3242 1908 qui
3272 1839 3342 1895 de
3376 1840 3599 1897 militari

1954 1919 2146 1976 habitu
2175 1922 2488 1992 egrediens,
2514 1924 2612 1979 Dei
2650 1938 2836 1981 amore
2867 1926 3114 1984 inclusus
3153 1927 3255 1999 (17)
3305 1944 3479 2000 usque
3527 1931 3597 1985 ad

1955 2017 2186 2067 mortem
2241 2010 2463 2068 fortiter
2500 2015 2795 2084 pugnavit;
2861 2017 3058 2073 tertius
3094 2018 3318 2087 quidem
3372 2019 3601 2075 Aleran-

1955 2112 2059 2155 nus
2091 2098 2116 2169 (
2127 2098 2237 2169 18),
2268 2100 2443 2169 ipsius
2472 2102 2687 2158 abbatis
2715 2117 2910 2174 nepos.
2940 2106 3036 2161 Isti
3067 2113 3180 2162 tres
3208 2108 3462 2164 monachi
3487 2110 3599 2179 jam

1954 2186 2082 2242 facti
2111 2198 2398 2254 venerunt,
2434 2196 2489 2245 et
2527 2191 2737 2248 inloco
2776 2193 2993 2259 eodem,
3033 2194 3178 2250 sicut
3206 2196 3395 2266 regula
3421 2196 3598 2252 sancti

1954 2276 2236 2332 Benedicti
2269 2278 2542 2348 pracipit,
2578 2279 2813 2349 professi
2851 2288 3000 2338 sunt.
3062 2285 3341 2340 Venerunt
3396 2293 3452 2341 et
3504 2287 3600 2342 alii

1954 2366 2220 2436 quinque,
2261 2366 2377 2436 qui,
2417 2368 2598 2424 adhuc
2627 2369 2808 2426 laicali
2867 2372 3059 2428 habitu
3116 2372 3316 2439 induti,
3359 2387 3482 2429 eum
3539 2379 3600 2428 ut

1954 2455 2271 2525 magistrum
2319 2462 2375 2512 et
2434 2462 2642 2526 patrem
2681 2472 2781 2529 pro
2838 2462 2933 2517 Dei
2972 2475 3158 2518 amore
3214 2463 3391 2518 secuti
3447 2469 3594 2520 sunt.

1952 2545 2030 2599 Ex
2067 2545 2270 2614 quibus
2306 2560 2449 2602 unus
2476 2546 2581 2603 fuit
2610 2548 2892 2620 Berlegius
2919 2550 3030 2620 (19)
3071 2553 3313 2619 nomine,
3347 2552 3429 2608 vir
3455 2554 3598 2608 bene

1952 2634 2337 2704 morigeratus,
2376 2636 2434 2691 in
2462 2636 2698 2693 consilio
2730 2637 3012 2707 providus,
3062 2640 3120 2695 in
3167 2653 3423 2697 sermone
3460 2656 3600 2710 pra-

1952 2722 2154 2791 clarus,
2205 2738 2482 2781 armorum
2538 2726 2815 2796 probitate
2872 2733 3153 2795 strenuus,
3196 2730 3360 2785 bonis
3415 2731 3598 2786 omni-

1953 2812 2055 2867 bus
2091 2814 2147 2868 in
2185 2813 2427 2870 amicitia
2475 2816 2721 2883 junctus,
2782 2816 3049 2873 charitate
3089 2816 3351 2885 fervidus,
3393 2819 3601 2874 divitiis

1950 2902 2311 2959 sacularibus
2348 2910 2403 2959 et
2459 2905 2726 2975 dignitate
2765 2906 2833 2961 ad
2891 2906 3113 2976 plenum
3164 2907 3447 2973 munitus,-
3497 2907 3600 2963 fuit

1952 2993 2097 3048 enim
2126 2995 2487 3065 Francigena,
2536 3009 2604 3051 ex
2641 2996 2808 3067 regiis
2863 2996 3131 3051 militibus
3170 3009 3280 3052 non
3336 2997 3557 3054 intimus
3580 3041 3596 3067 ,

226 3092 570 3158 ostenderet,
602 3095 659 3145 et
688 3100 881 3144 omnes
926 3090 1081 3141 actus
1119 3097 1307 3140 eorum
1354 3084 1657 3140 secundum
1707 3072 2019 3141 boni-Cex
2092 3085 2357 3142 Noviomo
2435 3084 2656 3157 (Noyon)
2726 3088 2946 3143 civitate
2989 3088 3233 3143 Francia
3290 3087 3597 3157 oriundus,

227 3184 359 3240 tatis
424 3195 539 3237 sua
601 3177 821 3234 divitias
885 3175 943 3231 in
1017 3174 1219 3230 bonum
1278 3173 1562 3245 dirigeret.
1631 3177 1874 3245 Cumque

230 3271 444 3331 orando
474 3269 722 3326 defessus
750 3264 1113 3330 obdormiret,
1145 3262 1251 3319 sibi
1278 3262 1587 3331 videbatur,
1633 3265 1763 3335 quia
1802 3265 1871 3320 de

230 3370 388 3435 parte
444 3359 686 3417 Orientis
737 3369 955 3422 currus,
1012 3365 1174 3422 quem
1231 3351 1341 3408 duo
1371 3352 1540 3408 boves
1582 3352 1873 3421 ducerent,

226 3453 481 3517 veniret;
523 3453 648 3519 post
700 3458 832 3502 vero
862 3443 1201 3513 aliquantum
1239 3449 1475 3512 tempus,
1537 3442 1647 3498 duo
1705 3443 1874 3498 boves

227 3542 583 3599 mutabantur
638 3538 693 3593 in
750 3546 949 3606 equum
1017 3543 1206 3598 unum,
1265 3537 1320 3586 et
1382 3545 1557 3601 equus
1621 3531 1873 3587 eumdem

227 3631 502 3689 tramitem
542 3640 705 3699 quem
769 3626 939 3681 boves
988 3620 1379 3693 gradiebatur;
1434 3619 1657 3676 tandem
1698 3634 1875 3689 equus

224 3734 528 3778 conversus
577 3718 633 3773 in
689 3715 787 3771 Dei
826 3713 985 3779 Filio,
1025 3710 1100 3765 ita
1138 3721 1408 3778 suspenso
1448 3714 1508 3764 ut
1547 3722 1647 3778 pro
1713 3709 1876 3765 nobis

223 3811 382 3882 prius
405 3808 582 3865 fuerat
626 3806 684 3862 in
721 3802 903 3861 crucis
943 3798 1224 3871 patibulo;
1269 3796 1498 3853 inferior
1535 3798 1717 3854 crucis
1746 3812 1874 3868 pars

222 3901 485 3972 tangebat
536 3904 759 3961 terram,
817 3892 1073 3962 superior
1126 3900 1258 3944 vero
1313 3901 1489 3957 usque
1544 3887 1612 3943 ad
1672 3888 1871 3945 calum

219 3991 540 4061 erigebatur
608 3985 748 4057 (l5).
811 3983 1054 4050 Cumque
1128 3976 1506 4033 sanctissimus
1593 3977 1678 4033 vir
1739 3978 1872 4034 talia

220 4080 550 4150 respiceret,
583 4090 615 4131 a
644 4074 770 4130 loco
800 4072 858 4126 in
897 4082 1007 4140 quo
1038 4072 1157 4124 erat
1183 4066 1445 4133 surrexit,
1495 4068 1550 4122 et
1592 4067 1868 4123 Christum

220 4171 368 4226 sicut
397 4169 453 4223 in
492 4178 657 4223 cruce
706 4160 982 4232 pendebat
1019 4157 1288 4213 adoravit.
1349 4156 1520 4211 Tanta
1576 4161 1755 4212 autem
1814 4162 1871 4213 et

220 4266 333 4316 tam
364 4254 602 4312 mirabili
629 4251 843 4309 visione
870 4248 1142 4304 animatus
1178 4245 1274 4301 Dei
1311 4259 1502 4301 servus
1553 4245 1865 4316 evigilavit;

217 4348 489 4419 evigilans
517 4357 648 4400 vero
687 4347 743 4397 et
771 4341 865 4396 diu
895 4350 1082 4394 secum
1111 4349 1235 4405 qua
1260 4334 1471 4390 viderat
1501 4340 1863 4405 pertractans,

1954 3173 2249 3229 Castellani
2298 3174 2474 3244 ipsius
2537 3174 2776 3231 civitatis
2846 3178 3166 3232 Germanus.
3245 3176 3345 3233 Hic
3418 3184 3600 3235 autem

1956 3262 2200 3330 quandiu
2229 3263 2590 3320 sacularibus
2632 3263 2870 3335 negotiis
2908 3264 3176 3333 interfuit,
3210 3266 3467 3321 omnibus
3504 3266 3601 3335 qui

1956 3365 2081 3407 cum
2137 3366 2204 3408 eo
2265 3359 2421 3409 erant
2468 3352 2783 3422 ubicunque
2857 3353 3109 3409 amabilis
3178 3367 3346 3422 super
3410 3368 3602 3410 omnes

1950 3455 2170 3510 semper
2197 3440 2319 3508 fuit,
2347 3441 2554 3496 divitiis
2591 3441 2846 3496 nimirum
2878 3442 3195 3508 abundavit,
3238 3448 3293 3498 et
3331 3456 3424 3498 eas
3452 3442 3597 3499 libe-

1953 3529 2163 3597 raliter,
2231 3542 2344 3585 non
2406 3534 2468 3584 ut
2531 3542 2718 3584 earum
2755 3543 2947 3584 servus
3010 3530 3109 3585 sed
3172 3537 3232 3585 ut
3299 3531 3593 3601 dominus,

1953 3620 2227 3675 tractavit.
2268 3621 2327 3674 In
2357 3617 2594 3689 pueritia
2639 3618 2946 3673 litterarum
2975 3618 3175 3674 studiis
3218 3619 3380 3675 datus
3415 3634 3447 3674 a
3495 3634 3594 3689 pa-

1954 3709 2203 3765 rentibus
2232 3707 2354 3775 fuit,
2386 3708 2483 3763 sed
2522 3712 2810 3777 postquam
2863 3706 3254 3764 adolescentia
3300 3722 3477 3764 annos
3503 3709 3595 3764 in-

1951 3812 2173 3868 gressus
2237 3802 2340 3865 est,
2407 3796 2634 3852 dimisso
2707 3795 3011 3852 litterarum
3080 3797 3265 3853 studio
3300 3839 3315 3863 ,
3384 3797 3596 3853 militia

1950 3887 2192 3954 inhasit,
2220 3887 2480 3942 nimirum
2510 3886 2638 3955 quia
2667 3886 2871 3942 nobilis
2900 3894 2955 3941 et
2983 3886 3156 3942 nobili
3184 3900 3387 3957 genere
3416 3892 3593 3954 ortus,

1950 3979 2187 4034 animum
2218 3990 2376 4033 suum
2416 3989 2527 4031 non
2566 3981 2784 4045 poterat
2837 3975 2906 4031 ab
2962 3976 3277 4046 hujusmodi
3316 3976 3597 4032 exercitiis

1950 4066 2268 4134 refrenare,
2328 4067 2637 4135 prasertim
2693 4079 2817 4120 cum
2883 4064 3096 4121 videret
3153 4080 3428 4136 aquavos
3464 4080 3597 4123 suos

1950 4157 2152 4213 talibus
2215 4156 2455 4226 negotiis
2526 4155 2801 4211 inclinari.
2859 4156 3020 4222 Quid'
3059 4155 3230 4212 multa
3249 4153 3282 4211 ‘2
3344 4156 3592 4213 militiam

1950 4246 2233 4317 amplexus
2299 4251 2355 4301 et
2417 4246 2584 4300 armis
2655 4245 2986 4301 militaribus
3056 4246 3400 4314 suppositus,
3459 4248 3594 4302 satis

1951 4338 2115 4407 longo
2145 4342 2393 4405 tempore
2418 4350 2479 4390 se
2510 4335 2562 4389 in
2594 4334 2789 4389 militia
2826 4335 3092 4400 exercuit,
3134 4334 3334 4398 donec,
3366 4333 3594 4389 dextera

215 4402 355 4509 quia
382 4402 479 4492 Dei
506 4432 645 4488 visio
683 4433 803 4486 erat
841 4402 1208 4499 cognovitiet
1236 4423 1366 4493 quia
1402 4402 1516 4478 ubi
1534 4422 1699 4479 ﬁxum
1747 4402 2285 4486 eratDDei'tactus,
2316 4438 2376 4478 se
2410 4436 2523 4479 non
2559 4423 2699 4478 bene
2746 4434 2909 4492 agere
2955 4421 3251 4491 cognovit;
3300 4434 3451 4509 arma
3488 4422 3594 4478 de-

210 4530 429 4584 sancta
494 4521 677 4579 crucis
739 4518 976 4588 signum,
1033 4513 1238 4570 ibidem
1277 4511 1565 4567 ecclesiam
1634 4511 1865 4568 fundare

209 4615 461 4673 debebat
489 4610 780 4668 intellexit.
812 4604 1079 4677 Cognovit
1115 4600 1373 4672 quoniam
1412 4601 1525 4654 Deo
1573 4600 1679 4655 iter
1706 4614 1866 4656 suum

210 4714 275 4762 et
302 4703 453 4760 actio
483 4702 746 4772 placeret,
779 4697 936 4765 cujus
980 4693 1127 4749 dono
1185 4697 1240 4746 et
1275 4689 1449 4761 gratia
1506 4687 1683 4744 fuerat
1715 4688 1864 4759 quod

295 4809 424 4884 (14)
472 4811 713 4865 Joannes
749 4803 967 4884 θυὲβίιὲδ
1022 4799 1265 4884 θθίῗτῖίίέζη
1311 4795 1861 4884 Ψίωὲμβξρέἒὶἓηὲ

207 4870 376 4940 vicus
399 4870 523 4938 erat
548 4885 797 4948 tempore
827 4870 1400 4950 S._GregoriiATuron.
1434 4870 1591 4949 cujus
1620 4870 1866 4950 meminit

209 4959 275 5012 in
308 4955 409 5010 lib.
443 4954 513 5009 de
550 4940 727 5022 gloria
756 4946 936 5022 C_onf.,
969 4940 1228 5022 cap._4_8;
1273 4947 1464 5022 postea
1493 4940 1556 5022 in
1599 4940 1865 5022 Oppidum

210 5009 417 5092 crevit,
484 5009 634 5094 quod
697 5009 973 5087 hodieque
1030 5009 1410 5094 celebre—est,
1470 5009 1633 5094 vulgo
1689 5011 1865 5065 Rioms

208 5081 431 5156 dictum
462 5081 531 5151 ad
559 5081 908 5155 Garumnam,
938 5093 1177 5165 quatuor
1213 5084 1449 5165 circiter.
1473 5081 1648 5165 leucis
1698 5095 1863 5151 supra

206 5154 593 5239 Durdigalam,
624 5168 835 5239 septem
865 5154 1065 5239 verba
1092 5154 1452 5239 Silva-majori
1480 5154 1782 5239 dissitum.“

297 5224 426 5312 (15')
466 5224 706 5312 Alterius
736 5236 870 5290 Vita
900 5235 1092 5312 auctor
1115 5249 1139 5312 :_
1169 5229 1493 5312 Nonrt'amen
1518 5224 1865 5312 materialiter

203 5295 324 5373 ξιιᾶ
345 5295 482 5367 crux
527 5307 822 5372 videbatur,
878 5303 970 5359 sed
1027 5304 1140 5355 erat
1196 5296 1433 5373 quasdam
1482 5295 1699 5373 claritas
1753 5296 1864 5373 [or-

203 5364 685 5442 ἶῆἇίἁνὶὴίπιοάυπι
722 5364 913 5443 crucis,
948 5386 1062 5443 qua
1099 5364 1257 5424 totum
1309 5366 1475 5422 locum
1528 5367 1646 5422 miri
1694 5364 1864 5438 splen-

201 5456 366 5514 doris
398 5450 760 5522 magnitudine
787 5442 1130 5523 musam.
1212 5510 1251 5523 ,ί
1321 5508 1392 5523 η..
1692 5509 1702 5521 .
1792 5509 1827 5523 ..

285 5508 789 5597 (lbfﬁemoratur
825 5521 882 5577 in
933 5510 1264 5581 Necrologio
1319 5508 1736 5580 Silva-Majoris
1773 5509 1863 5564 die

194 5593 308 5658 xvi
338 5593 574 5654 Kalend.
602 5593 756 5652 Julii.

1948 4513 2141 4579 seruit,
2175 4518 2231 4567 et
2270 4511 2464 4567 iterum
2514 4511 2675 4565 undis
2718 4510 3075 4580 lacrymarum
3131 4516 3188 4565 et
3242 4508 3591 4568 confessione

1949 4615 2085 4671 pura
2140 4599 2464 4668 baptizatus,
2524 4597 2773 4654 abbatem
2809 4596 3099 4653 Geraldum
3156 4598 3214 4652 in
3252 4597 3593 4655 Silvam-Ma-

1942 4694 2121 4761 jorem
2171 4693 2414 4756 secutus,
2473 4688 2617 4743 sicut
2654 4687 3001 4758 evangelicus
3055 4700 3237 4743 sermo
3296 4694 3482 4745 monet
3536 4694 3593 4744 et

2015 4797 2124 4869 (l7)
2158 4797 2329 4869 Idem,
2362 4801 2422 4851 ut
2444 4796 2682 4869 videtur,
2724 4796 2818 4864 qui
2849 4795 2905 4849 in
2948 4795 3293 4869 monasterio
3350 4796 3405 4850 S.
3462 4796 3592 4852 Vin-

1946 4865 2113 4925 centii
2144 4868 2388 4924 inclusus
2418 4874 2536 4923 erat
2563 4868 2666 4922 sub
2706 4873 2897 4921 nostro
2935 4865 3190 4934 Geraldo,
3232 4866 3301 4922 de
3340 4881 3450 4936 quo
3490 4882 3589 4923 su-

1949 4956 2044 5011 pra
2083 4954 2233 4997 num.
2275 4939 2354 4994 l8.
2391 4941 2717 5011 Memoratur
2754 4938 2810 5011 in
2847 4938 3586 5011 NecrologioSilvensivni.

1948 5008 2074 5068 ldus
2128 5011 2257 5066 Julii
2312 5025 2434 5066 cum
2494 5012 2599 5065 hoc
2657 5008 2874 5078 elogio:
2936 5008 3383 5066 Obiit’Ebroinus
3442 5009 3590 5065 bona:

1944 5085 2206 5139 memoria:
2233 5084 2406 5137 socius
2434 5083 2495 5136 B.
2534 5080 2769 5138 Γιὲναιάὶ.

2018 5154 2132 5226 (18)
2160 5155 2261 5209 llic
2291 5154 2392 5209 fuit
2423 5154 2616 5226 tertius
2640 5152 3059 5226 silvaelliajoris
3105 5154 3295 5226 abbas,
3328 5153 3590 5226 laudatur

1945 5223 2382 5296 in'Necrologio
2440 5225 2526 5279 his
2582 5224 2805 5279 verbis:
2867 5238 2960 5277 xw
3018 5223 3145 5296 Kal.
3205 5223 3406 5295 Aprilis
3457 5223 3590 5296 Aobiit

1946 5298 2165 5353 domnus
2202 5293 2518 5361 Alerannus,
2571 5295 2650 5350 vir
2694 5296 2815 5350 vita:
2862 5293 3196 5366 venerabilis,
3244 5293 3403 5366 nepos
3450 5294 3591 5350 beati

1948 5369 2183 5435 Geraldi,
2225 5368 2377 5437 hujus
2405 5366 2636 5422 ecclesia
2691 5367 2871 5422 tertius
2919 5365 3107 5431 abbas,
3148 5365 3317 5434 jacet
3343 5367 3397 5421 in
3444 5367 3589 5437 capi-

1945 5440 2050 5495 tulo
2079 5439 2167 5494 ubi
2196 5440 2454 5509 accipiunt
2482 5438 2697 5494 abbates
2724 5442 2910 5493 vestes.

2041 5511 2118 5579 19)
2166 5506 2421 5566 Menardo
2449 5509 2744 5578 Herlegius.
2778 5510 2986 5566 Desunt
3026 5506 3117 5563 hic
3150 5507 3410 5565 nonnulla
3441 5507 3587 5578 apud

2017 5511 2118 5637 $19)
2166 5511 2421 5594 Menardo
2449 5511 2744 5592 Herlegius.

1946 5585 2020 5638 Bo
2046 5581 2267 5638 landum
2296 5592 2428 5639 vmo
2457 5588 2768 5651 SCI‘lplOl‘lS.
