4056 6150
499 253 633 308 1039

1552 248 1606 299 S.
1647 244 1937 300 GERALDI
1974 241 2270 299 ABBATIS.
2289 241 2801 296 SILVAE-MAJORIS
2836 238 2845 243 ’

3744 245 3887 299 1040

487 380 743 450 imperat,
819 374 1075 432 omnibus
1147 387 1270 445 quae
1347 369 1697 442 possidebat,
1774 369 2129 426 renuntiavit.
2153 365 2514 436 Aproticere,
2554 379 2657 423 nec
2694 367 2930 435 mirum;
2977 380 3102 423 nam
3140 367 3471 438 diligentibus
3499 370 3674 426 Deum
3703 372 3888 427 omnia

484 469 635 541 (Luc.
677 478 797 532 xw,
829 462 942 535 33.)

560 556 650 612 23.
675 553 785 611 Alii
801 554 934 609 socii
970 551 1316 606 nominantur.
1351 548 1515 605 Initia
1546 547 1617 602 ad
1643 547 2000 618 fundalionem
2028 560 2137 601 mo-

489 645 728 702 nasterii.
761 673 833 684 —
860 642 1011 698 Alius
1039 646 1218 694 autem
1242 639 1403 694 Wido
1435 637 1503 693 de
1525 638 1705 692 Monte
1737 635 1998 692 Landuno
2031 633 2132 703 (20)

493 735 713 792 civitate
753 729 1016 794 Franciae,
1069 728 1144 782 ita
1184 727 1327 782 enim
1376 732 1622 791 vocatur,
1655 726 1943 791 oriundus,
1977 723 2134 778 miles

491 819 841 894 episcopalis,
911 817 1118 873 divitiis
1157 816 1415 881 refertus,
1484 823 1540 872 et
1605 816 1893 871 nobilitate
1940 813 2131 869 saeculi

491 913 625 968 satis
662 911 975 975 decoratus,
1013 908 1096 962 vir
1141 907 1245 962 iste
1301 907 1521 962 virtutis
1572 911 1690 961 erat
1745 903 2129 971 consiliarius,

491 1001 657 1057 animi
687 999 771 1056 sui
802 1004 988 1055 rector
1016 1006 1275 1053 strenuus
1321 1003 1376 1053 et
1423 998 1479 1052 in
1527 996 1675 1052 omni
1717 994 1991 1066 probitate
2022 994 2134 1049 ele-

489 1088 860 1160 gantissimus.
926 1088 1092 1142 Teszo
1132 1086 1367 1153 tertius,
1431 1086 1647 1155 juvenis
1711 1083 1971 1155 quidem,
2033 1083 2130 1138 sed

488 1179 671 1234 animo
700 1177 860 1233 fortis
899 1183 953 1232 et
984 1175 1227 1246 quandiu
1277 1176 1331 1230 in
1391 1175 1597 1231 sarculo
1635 1180 1992 1230 conversatus
2048 1179 2133 1228 est

486 1280 766 1337 nunquam
787 1280 937 1321 arma
966 1280 1062 1320 sua
1094 1265 1251 1321 alteri
1277 1264 1542 1331 deseruit,
1580 1278 1683 1319 nec
1713 1262 1911 1317 timore
1942 1261 2132 1316 militis

485 1358 671 1413 unius‘
694 1370 932 1426 unquam
964 1356 1211 1421 mutavit,
1243 1355 1341 1410 sed
1370 1368 1588 1424 semper
1618 1354 1932 1421 ubicunque
1962 1359 2128 1419 esset,

483 1446 769 1502 victoriam
808 1453 863 1500 et
903 1445 1135 1515 palmam
1182 1445 1470 1514 acquirere
1517 1458 1685 1514 super
1720 1457 1911 1499 omnes
1947 1443 2131 1497 socios

485 1536 807 1592 elaboravit.
841 1536 940 1591 Hic
974 1535 1077 1607 (21)
1119 1542 1299 1591 autem
1344 1537 1503 1601 Tezo,
1549 1535 1619 1589 de
1658 1534 1896 1604 quodam
1942 1533 2129 1589 Gallia:

484 1625 734 1692 castello,
783 1625 915 1680 Cuci
955 1626 1196 1692 nomine,
1239 1624 1530 1690 oriundus,
1563 1624 1723 1679 bonae
1754 1622 1958 1678 indolis
1986 1622 2126 1677 ado-

2223 461 2574 529 cooperantur
2631 457 2687 511 in
2747 455 2934 512 bonum
2991 459 3159 525 (Rom.
3222 474 3317 514 VIII
3342 502 3356 526 ,
3416 457 3549 531 28),
3609 466 3670 515 et
3701 462 3891 517 omnis

2217 546 2484 614 plantatio
2540 560 2703 616 quam
2762 546 2973 615 plantat
3023 546 3266 602 caelestis
3306 550 3466 604 Pater
3523 563 3641 605 non
3700 551 3885 606 eradi-

2218 643 2373 690 catur
2440 636 2647 704 (Matth.
2709 650 2801 702 xv,
2868 635 2973 702 l3),
3032 636 3130 692 sed
3187 652 3407 708 semper
3471 646 3801 709 prosperat.
3841 644 3886 697 Ο

2216 733 2419 795 quanta
2449 725 2758 780 reverentia
2786 725 2881 780 ille
2921 728 3266 783 venerandus
3316 735 3399 784 est
3436 729 3558 783 dies
3598 730 3672 783 ab
3714 730 3887 799 hujus

2216 816 2407 885 patriae
2463 815 2664 870 incolis
2684 806 2840 885 ,‘quo
2872 816 3066 872 beatus
3094 819 3177 873 vir
3214 832 3245 872 a
3276 819 3388 873 Deo
3419 819 3624 874 missus
3654 819 3727 875 de
3762 820 3887 875 lon-

2213 904 2435 974 ginquis
2473 909 2635 958 terrae
2667 904 2917 973 partibus
2942 904 3049 960 huc
3071 904 3330 961 advenit!
3375 910 3531 962 Anno
3590 907 3883 976 siquidem

2213 993 2282 1047 ab
2356 993 2736 1048 incarnatione
2808 994 3025 1048 Domini
3099 995 3391 1051 millesimo
3456 998 3881 1067 septuagesimo

2215 1096 2363 1139 nono
2407 1081 2512 1153 (23)
2547 1097 2669 1138 cum
2717 1082 2886 1137 sociis
2923 1083 3039 1137 suis
3084 1084 3237 1140 venit
3285 1084 3544 1140 dominus
3599 1087 3881 1142 Geraldus

2213 1172 2269 1226 in
2308 1172 2786 1241 Silvam-Majorem
2817 1172 2872 1226 in
2913 1170 3228 1237 festivitate,
3271 1181 3331 1228 ut
3381 1172 3577 1241 fertur,
3633 1183 3879 1245 aposto-

2213 1259 2389 1316 lorum
2442 1260 2680 1315 Simonis
2718 1266 2773 1315 et
2808 1260 2982 1315 .Iudae.
3044 1262 3103 1316 In
3160 1262 3407 1318 secundo
3441 1261 3553 1333 ('24)
3584 1278 3743 1320 anno
3785 1265 3876 1319 in-

2213 1357 2453 1419 coeptum
2494 1357 2578 1405 est
2608 1350 3020 1414 monasterium,
3060 1366 3117 1405 v.
3167 1352 3384 1406 scilicet
3432 1352 3562 1407 ldus
3613 1354 3772 1417 Maii,
3821 1356 3877 1409 in

2211 1438 2423 1494 honore
2452 1439 2669 1494 Domini
2703 1446 2758 1493 et
2781 1440 2959 1494 beatae
2988 1440 3169 1496 Maria:
3199 1440 3430 1510 virginis
3451 1448 3506 1496 et
3544 1451 3875 1499 sanctorum

2211 1529 2587 1599 apostolorum
2651 1530 2889 1584 Simonis
2945 1536 3000 1584 et
3050 1529 3207 1585 Jndze
3265 1530 3393 1601 (25).
3460 1533 3625 1587 Fama
3680 1534 3876 1603 itaque

2213 1619 2348 1674 tanti
2379 1619 2479 1673 viri
2522 1633 2621 1688 per
2659 1618 2905 1674 diversas
2947 1619 3203 1689 regiones
3260 1634 3320 1676 se
3359 1619 3609 1677 velocius
3666 1631 3874 1679 exten-

482 1712 700 1769 lescens
742 1719 796 1768 et
845 1713 1150 1769 nobilitatis
1194 1713 1316 1770 fuit.
1358 1714 1801 1780 Quartns'autem
1838 1712 2087 1768 Valterus
2110 1755 2124 1781 ,
2145 1715 2192 1772 B
2215 1708 2315 1776 dit,
2358 1707 2658 1778 populique
2688 1709 2745 1763 in
2776 1722 2942 1763 unum
2972 1709 3288 1779 conglobati
3327 1710 3394 1765 ad
3425 1724 3549 1766 eum
3582 1713 3874 1771 conﬂuere

482 1802 738 1858 similiter
774 1802 844 1857 de
891 1802 1111 1858 civitate
1150 1803 1644 1869 Monte-Lauduno,
1671 1803 1755 1857 vir
1783 1802 2035 1857 militaris
2072 1808 2128 1857 et

482 1891 712 1961 probus,
744 1891 802 1946 in
833 1905 1003 1960 opere
1034 1898 1089 1946 et
1120 1905 1376 1947 sermone
1421 1892 1718 1957 discretus,
1744 1891 1980 1946 consilio
2012 1891 2129 1960 pol-

479 1979 620 2047 lens,
654 1994 765 2036 non
804 1980 991 2050 aliquo
1022 1980 1354 2050 superfluus,
1397 1987 1452 2036 et
1496 1981 1554 2035 in
1613 1981 1762 2037 omni
1816 1994 1984 2049 opere
2023 1993 2124 2035 suo

478 2075 835 2139 temperatus.
866 2070 1099 2136 Quintus
1136 2084 1265 2125 vero
1306 2070 1583 2125 Litherius
1637 2069 1737 2140 (22)
1790 2069 2123 2125 Laudunen-

474 2158 573 2225 sis,
632 2159 889 2214 similiter
926 2159 1090 2215 bomo
1146 2160 1413 2215 honestus
1469 2166 1525 2214 et
1580 2159 1782 2229 largus,
1844 2160 1901 2214 in
1957 2160 2124 2215 armis

475 2249 611 2303 satis
646 2247 852 2313 valens,
887 2249 1142 2304 omnibus
1170 2250 1438 2314 serviens,
1471 2262 1663 2305 omnes
1688 2249 1944 2319 diligens,
1977 2250 2122 2305 inter

475 2345 712 2393 czeteros
749 2337 951 2393 milites
999 2338 1273 2408 probitate
1330 2337 1561 2394 inferior
1615 2353 1736 2394 esse
1767 2340 2116 2408 despiciens,

472 2423 692 2497 semper
721 2426 793 2481 ad
821 2429 1027 2497 majora
1062 2427 1272 2483 militia:
1331 2428 1594 2483 exercitia
1649 2444 1708 2483 se
1765 2429 2004 2498 erigens,
2063 2435 2119 2484 et

473 2528 599 2583 qua:
630 2516 806 2584 probo
837 2516 1046 2571 homini
1077 2517 1448 2587 cognoscebat
1502 2518 1905 2584 convenientia,
1939 2518 2118 2573 'omni-

471 2603 577 2659 bus
613 2605 813 2669 modis,
844 2612 905 2660 ut
944 2613 1179 2674 poterat,
1238 2620 1408 2677 Opere
1464 2614 1518 2663 et
1556 2610 1738 2665 animo
1795 2623 2114 2677 capessens.

471 2694 539 2748 Hi
581 2707 791 2761 omnes,
851 2695 1026 2765 digito
1078 2695 1278 2752 divinat
1333 2698 1703 2753 miserationis
1757 2700 2112 2768 compuncti,

468 2783 854 2839 renuntiantes
882 2785 1138 2841 omnibus
1177 2800 1299 2855 qua:
1332 2786 1709 2855 possidebant,
1748 2794 1808 2842 et
1845 2787 1913 2843 de
1953 2788 2116 2844 terris

469 2875 526 2925 et
554 2870 622 2927 de
667 2872 1090 2942 cognationibus
1146 2874 1260 2929 suis
1318 2876 1547 2945 egressi,
1606 2876 1881 2931 Christum
1938 2872 2115 2930 secuti

467 2966 618 3023 sunt,
659 2967 716 3015 et
753 2961 848 3029 qui
880 2962 1032 3030 prius
1086 2962 1145 3016 in
1194 2963 1439 3018 vestibus
1488 2965 1747 3033 pretiosis
1791 2963 2111 3033 fulgebant,

2210 1806 2499 1869 coeperunt
2560 1800 2896 1864 catervatim,
2939 1806 2999 1855 ut
3052 1798 3202 1855 illius
3248 1798 3564 1857 fruerentur
3594 1811 3871 1873 aspectu,

2211 1895 2265 1943 et
2321 1890 2440 1958 ejus
2479 1889 2893 1957 praedicationis
2955 1902 3175 1946 vomere
3242 1889 3379 1945 dura
3436 1905 3636 1947 eorum
3694 1894 3871 1950 corda

2208 1977 2411 2033 divinis
2475 1978 2667 2048 gratiae
2732 1978 3038 2033 seminibus
3103 1984 3443 2048 aptarentur.
3506 1983 3640 2037 Erat
3718 1984 3868 2038 enim

2207 2074 2432 2136 aspectu
2472 2068 2773 2137 angelicus,
2814 2081 3050 2137 corpore
3099 2074 3301 2136 castus,
3358 2078 3540 2125 mente
3582 2071 3866 2137 devotus,

2204 2170 2459 2212 sermone
2498 2156 2786 2223 facundus,
2828 2157 3062 2213 diversis
3099 2157 3356 2213 virtutum
3398 2159 3636 2215 ﬂoribus
3687 2162 3868 2217 ador-

2204 2252 2384 2310 natus,
2427 2247 2483 2301 in
2537 2248 2791 2302 oratione
2848 2246 3124 2313 assiduus,
3192 2248 3473 2317 signisque
3522 2250 3582 2303 in
3623 2251 3737 2305 vita
3768 2266 3869 2307 sua

2203 2335 2453 2404 plurimis
2517 2335 2829 2391 decoratus.
2888 2340 3026 2391 Ante
3084 2337 3373 2393 adventum
3413 2352 3654 2409 namque
3715 2341 3869 2396 illius

2201 2424 2405 2480 accolae
2445 2425 2607 2494 hujus
2647 2425 2838 2494 patriae
2879 2425 3047 2481 rudes
3075 2433 3128 2482 et
3160 2427 3315 2496 quasi
3372 2438 3624 2497 agrestes
3661 2438 3865 2497 erant,

2199 2514 2414 2583 etquid
2454 2514 2764 2569 sanctitatis
2803 2515 3196 2585 religionisque
3246 2516 3453 2571 bonum
3485 2524 3638 2573 esset
3669 2520 3866 2574 minus

2199 2602 2608 2673 agnoscebant:
2654 2604 2751 2659 sed
2784 2603 2982 2659 eﬂ‘eros
3041 2618 3230 2660 eorum
3280 2607 3494 2661 animos
3520 2621 3723 2663 servus
3764 2609 3865 2664 Dei

2199 2691 2429 2759 electus,
2462 2698 2571 2747 tam
2619 2694 2884 2763 exemplis
2914 2708 3075 2763 quam
3108 2694 3603 2764 praedicationibus
3649 2698 3868 2754 multo-

2198 2778 2635 2852 ties'mitigabat
2691 2789 2746 2838 et
2802 2796 2993 2838 eorum
3032 2783 3300 2853 plurimos
3354 2785 3422 2840 ad
3464 2787 3858 2856 paenitentiam

2198 2867 2713 2941 confessionemque
2787 2872 3142 2941 provocabat.
3219 2874 3348 2928 Nam
3417 2889 3538 2930 cum
3610 2879 3858 2933 maxima

2197 2959 2489 3015 multitudo
2537 2960 2606 3015 ad
2664 2974 2808 3028 eum,
2868 2969 2927 3016 ut
2982 2976 3080 3017 sua
3135 2962 3531 3019 confiterentur
3568 2967 3852 3034 crimina,

467 3052 662 3116 postea
725 3048 1027 3103 sordebant
1091 3049 1271 3104 induti
1336 3052 1582 3107 vestibus
1607 3052 1924 3117 vilissimis;
1979 3039 2342 3117 tiuntCsaipe
2371 3050 2670 3115 venissent,
2711 3049 2855 3105 hanc
2901 3050 3156 3107 omnibus
3193 3051 3249 3105 in
3307 3066 3597 3108 commune
3653 3057 3855 3123 paeni-

466 3148 755 3191 nemorum
813 3141 868 3191 et
931 3136 1187 3192 silvarum
1253 3136 1536 3194 fortissimi
1595 3142 1989 3210 exstirpatores
2018 3143 2111 3211 qui

466 3224 623 3294 prius
668 3224 885 3280 fuerant
939 3226 1305 3282 strenuissimi
1363 3228 1681 3285 bellatores.
1740 3231 1798 3285 ln
1857 3230 1942 3286 bis
1979 3246 2110 3301 ergo

465 3313 799 3383 adimpletus
857 3319 941 3370 est
982 3330 1163 3371 sermo
1223 3316 1599 3386 propheticus,
1662 3319 1757 3388 qui
1813 3320 1984 3375 dicit:
2044 3324 2111 3377 Et

465 3402 759 3473 conﬂabant
807 3403 1013 3473 gladios
1049 3420 1173 3460 suos
1218 3406 1273 3460 in
1316 3421 1568 3476 vomeres,
1616 3412 1664 3462 et
1721 3406 1933 3464 lanceas
1984 3425 2111 3465 suas

462 3491 517 3545 in
546 3491 710 3563 [luces
752 3492 914 3564 (Isat.
948 3510 1009 3557 ιι,
1060 3493 1144 3564 3).
1178 3496 1245 3550 Hi
1278 3509 1555 3566 nunquam
1604 3498 1916 3567 Scripturas
1952 3499 2107 3570 lege-

463 3588 606 3649 rant,
638 3582 735 3637 sed
760 3590 937 3638 tamen
961 3598 1085 3653 qua:
1115 3585 1394 3654 Scriptura
1429 3588 1690 3656 praecepit
1722 3588 2105 3659 impleverunt;

462 3676 517 3726 et
577 3672 706 3741 quia
753 3673 907 3742 prius
955 3674 1146 3729 illicita
1194 3675 1499 3735 multoties.
1533 3683 1778 3747 egerant,
1830 3685 2021 3747 postea
2075 3695 2106 3735 a

459 3758 649 3827 licitis,
684 3762 827 3817 ultra
860 3777 1019 3831 quam
1051 3763 1317 3819 credibile
1347 3765 1439 3831 sit,
1471 3766 1842 3823 abstinebant.
1869 3769 1949 3824 Ab
1982 3770 2103 3838 ipso

461 3850 623 3905 etiam
656 3865 795 3918 pane
820 3851 1163 3920 jejunabant,
1196 3854 1478 3910 multoties
1516 3856 1571 3910 in
1620 3856 1711 3912 die
1759 3871 1861 3912 nec
1907 3872 2101 3927 aquam

459 3936 757 4007 aliquando
787 3953 1004 3995 sumere
1032 3941 1291 3997 volebant
1355 3950 1415 3999 ut
1454 3946 1625 4015 magis
1654 3960 1718 4001 ac
1748 3948 1919 4017 magis
1956 3948 2013 4002 in
2043 3962 2103 4003 se

459 4027 713 4095 corporis
739 4026 1051 4097 voluptates
1080 4029 1357 4086 refrenare
1388 4033 1716 4101 potuissent.

528 4112 619 4168 24.
651 4117 886 4173 Monast.
938 4115 1353 4189 Silvas-Majoris
1412 4124 1747 4177 construitur.
1804 4153 1877 4163 —
1929 4125 2103 4196 Igitur

456 4210 746 4273 postquam
774 4204 968 4260 beatus
1004 4206 1268 4263 Geraldus
1296 4210 1353 4265 in
1384 4209 1508 4266 loco
1538 4211 1754 4279 eodem,
1803 4217 1861 4267 ut
1909 4227 2103 4282 supra-

455 4291 662 4349 dictum
693 4299 796 4361 est,
830 4294 924 4350 ubi
963 4297 1249 4353 Dominum
1302 4300 1488 4355 Jesum
1549 4300 1606 4355 in
1664 4315 1829 4356 cruce
1885 4302 2098 4359 viderat

2195 3137 2420 3192 tentiam
2477 3137 2534 3192 in
2590 3138 2970 3194 remissionem
3010 3147 3360 3209 peccatorum
3390 3157 3617 3197 suorum
3647 3144 3858 3212 injun-

2191 3226 2355 3295 gebat
2412 3231 2472 3281 ut
2527 3234 2679 3282 sexta
2731 3228 2954 3296 quidem
3008 3226 3144 3284 feria
3195 3230 3528 3299 jejunarent,
3599 3232 3854 3289 Sabbato

2191 3329 2322 3371 vero
2352 3330 2382 3370 a
2421 3330 2585 3372 carne
2616 3317 2980 3374 abstinerent.

2261 3402 2351 3457 25.
2391 3401 2667 3460 Miraoulis
2695 3405 2880 3461 claret.
2906 3437 2975 3446 —-
3006 3406 3289 3479 Divulgata
3327 3408 3497 3478 igitur
3525 3412 3712 3466 sancti
3744 3413 3849 3468 viri

2190 3494 2453 3562 opinione
2488 3509 2586 3563 per
2616 3495 2860 3551 diversas
2885 3496 3163 3566 regiones,
3197 3498 3417 3566 quidam
3447 3499 3516 3554 de
3546 3501 3848 3571 episcopio

2191 3584 2564 3639 Lemovicensi
2596 3585 2882 3654 oriundus,
2915 3588 3092 3655 ipsum
3126 3602 3246 3642 cum
3278 3588 3409 3643 ﬂetu
3451 3603 3553 3658 pro
3604 3592 3848 3658 parvulo

2189 3673 2452 3728 exorabat
2490 3675 2624 3741 tilio,
2658 3676 2750 3744 qui
2782 3683 2961 3731 tortos
2997 3690 3061 3731 ac
3100 3677 3325 3731 multum
3357 3676 3635 3734 deformes
3673 3694 3710 3735 a
3741 3695 3852 3736 na-

2188 3761 2398 3818 tivitate
2429 3762 2666 3818 habebat
2698 3764 2888 3833 pedes,
2920 3764 3141 3821 dicens:
3170 3785 3197 3816 «
3222 3768 3272 3822 0
3301 3776 3487 3822 sancte
3506 3768 3775 3837 Geralde,
3796 3772 3848 3826 si

2187 3864 2251 3905 ea
2279 3866 2403 3920 quae
2435 3851 2696 3908 dicuntur
2726 3854 2794 3908 de
2835 3861 2888 3908 te
2919 3861 3047 3909 sunt
3085 3870 3233 3921 vera,
3276 3855 3431 3911 aufer
3468 3859 3845 3926 opprobrium

2185 3938 2381 3995 domus
2426 3955 2584 3997 meae.
2620 3962 2645 3992 ››
2680 3943 2827 3997 Talia
2873 3945 3125 4013 genitore
3176 3951 3568 4015 prosequente,
3620 3950 3849 4005 meritis

2183 4031 2325 4084 servi
2354 4031 2450 4086 Dei
2483 4045 2622 4100 puer
2652 4031 3060 4102 integerrimam
3101 4033 3336 4103 adeptus
3383 4043 3468 4090 est
3511 4037 3841 4094 sanitatem.

2182 4119 2345 4175 Pater
2381 4122 2588 4192 itaque,
2631 4136 2733 4192 pro
2762 4129 2931 4179 tantae
2960 4126 3041 4180 rei
3088 4124 3351 4181 miraculo
3389 4134 3622 4195 stupens
3647 4140 3721 4182 ac
3754 4143 3849 4184 ve-

2182 4209 2468 4267 hementer
2496 4213 2870 4283 congaudens,
2913 4229 3141 4285 puerum
3170 4216 3349 4286 ipsum
3377 4217 3445 4272 ad
3476 4223 3843 4288 praesentiam

2181 4298 2423 4356 hominis
2478 4301 2704 4358 deducit
2743 4310 2958 4360 etcum
3007 4305 3175 4361 multa
3231 4307 3520 4363 devotione
3570 4323 3676 4378 pro
3739 4326 3846 4368 ac-

450 4381 509 4438 in
538 4384 749 4440 visione
781 4389 835 4465 et
863 4385 1206 4455 adoraverat,
1258 4389 1649 4444 monasterium
1706 4388 1970 4459 fundavit,
2030 4377 2343 4459 deDcepto
2392 4390 2663 4448 beneficio
2701 4394 2905 4463 gratias
2952 4394 3082 4465 egit.
3122 4396 3236 4452 Nec
3291 4395 3425 4451 illud
3481 4377 3845 4456 reticendum

453 4471 543 4528 die
571 4472 628 4528 in
659 4463 813 4529 diem‘
835 4474 1016 4544 ipsum
1047 4476 1218 4547 erepit
1246 4489 1386 4547 opus
1414 4492 1769 4535 succrescere
1807 4495 1873 4538 ac
1901 4481 2097 4539 melius

526 4632 645 4705 (20)
680 4635 803 4703 Ipsa
832 4638 917 4690 est
954 4635 1086 4691 urbs
1132 4636 1474 4705 Laudunum,
1516 4639 1572 4694 in
1630 4640 1834 4696 montis
1889 4643 2094 4699 vertice

450 4704 575 4781 sita.
617 4706 713 4781 Est
742 4712 922 4781 tamen
953 4707 1009 4761 in
1032 4722 1163 4778 agro
1188 4704 1537 4765 Laudunensi
1568 4713 1891 4781 oppidulum
1941 4715 2096 4771 Mons

447 4777 504 4853 in
538 4777 897 4853 Laudunensi
932 4777 1085 4851 pago
1105 4781 1331 4847 dictum,
1372 4783 1534 4853 vulgo
1563 4777 1718 4838 Mons
1746 4799 1810 4838 en
1846 4787 2091 4840 Ladnois.

447 4848 554 4904 Sed
579 4920 591 4922 _
620 4849 782 4922 hujus
837 4849 974 4905 Vitae
1013 4848 1242 4920 'auctor,
1301 4848 1493 4922 supra'
1522 4868 1672 4909 num.
1738 4855 1820 4921 18,
1863 4858 2093 4911 Montis-

444 4920 693 4999 Lauduni
751 4922 972 4976 nomine
1028 4920 1437 4999 apertekipsa'm
1485 4927 1676 4999 urbem
1724 4920 2044 4983 Landunum
2072 4972 2085 4999 ,

446 4992 779 5069 cui‘adjacet
807 4996 1196 5050 monasterium
1229 4992 1589 5052 SIVincentii
1620 4998 1890 5069 designat.

517 5062 625 5137 (21)
657 5065 1134 5137 Quatsequuntur
1170 5082 1343 5137 usque
1382 5068 1450 5122 ad
1483 5062 1985 5136 Quartusfdesunt
2035 5071 2089 5126 in

443 5133 578 5189 edit.
610 5133 1024 5192 Castellum'hic
1064 5133 1342 5194 laudatum
1374 5133 1539 5194 situm
1578 5149 1662 5195 est
1719 5133 1866 5197 inter
1922 5143 2090 5199 urbes

442 5205 761 5279 Laudunum
793 5216 849 5263 et
878 5211 1220 5275 Suessiones,
1257 5212 1346 5266 isti
1394 5212 1649 5279 vicinius,
1691 5213 1788 5267 sed
1840 5215 1894 5268 in
1952 5217 2088 5270 Lau-

442 5277 675 5354 dunengsi
707 5280 955 5346 ditecesi,
992 5283 1228 5351 positum
1263 5290 1347 5338 est
1378 5283 1431 5337 in
1462 5283 1585 5353 ipso
1616 5277 1819 5340 vertice
1859 5287 2082 5354 montis,

440 5349 508 5425 ad
538 5352 706 5425 cujus
766 5349 1189 5408 ratlices‘exstat
1229 5355 1447 5409 abbatia
1487 5349 1817 5425 Novigenti.
1876 5349 2086 5414 Dicitur

439 5420 948 5499 Codiciacum,_sen
1001 5427 1280 5494 Coceium,
1330 5427 1492 5498 vulgo
1522 5420 1735 5499 ,Cou'cy,
1780 5428 1928 5498 quod
1979 5444 2082 5499 po-

438 5492 777 5618 ἒίῗὲἱεῗέηιοε
805 5495 1060 5555 dominos
1097 5492 1473 5571 lngelramnos
1518 5492 1731 5567 habuit,
1763 5492 1821 5556 in
1852 5492 2083 5558 historia

662 5578 709 5618 s.

437 5573 709 5620 COIBDI‘OS.

2179 4478 2329 4550 quod
2350 4479 2601 4551 plerique
2623 4482 2860 4538 morbidi
2888 4489 2984 4538 aut
3031 4482 3428 4554 febricitantes,
3448 4486 3497 4541 si
3523 4484 3675 4543 forte
3712 4503 3848 4547 san-

2252 4641 2373 4714 (22)
2414 4643 2671 4700 Menardo
2718 4643 3021 4701 Lucherius.
3077 4645 3275 4702 Joanni
3305 4646 3489 4702 Guisio
3535 4646 3841 4707 Eutherius

2250 4714 2362 4783 (23)
2395 4716 2623 4771 Biennio
2650 4715 2813 4771 citius
2849 4716 3135 4773 Geraldum
3186 4718 3468 4774 advenisse
3514 4719 3738 4776 dicitur
3778 4724 3837 4779 in

2176 4784 2442 4860 chronico
2508 4788 2889 4860 Malleacensi,
2960 4789 3053 4844 ubi
3121 4789 3361 4860 legitur:
3419 4794 3571 4845 Anno
3640 4792 3833 4860 1077,

2177 4857 2443 4930 Girttudus
2474 4860 2625 4928 carpit
2662 4859 2925 4930 aediﬁcare
2970 4857 3249 4916 caanobizim
3299 4861 3363 4918 S.
3394 4863 3585 4917 Maria
3629 4857 3835 4921 Silere;

2174 4928 2426 5000 Majoris.
2450 4930 2584 4984 Vide
2617 4928 2798 4985 notant
2829 4940 3171 5000 sequentem.

2251 4999 2433 5075 (24nd
2457 5008 2539 5075 est
2567 5000 2741 5075 altero
2774 5010 2899 5072 post
2914 4999 3047 5070 ejus
3074 5005 3385 5070 adventum,
3416 5002 3627 5059 scilicet
3659 5003 3831 5075 1080,

2173 5072 2255 5148 sic
2284 5073 2444 5148 enirn
2469 5072 2671 5148 legitur
2714 5074 2770 5148 in
2820 5077 2991 5148 veteri
3038 5076 3423 5146 Martyrologio
3460 5072 3833 5148 Silvae-Majo-

2172 5143 2217 5207 ri
2245 5163 2256 5197 :
2292 5159 2347 5198 v.
2381 5142 2508 5197 Idus
2537 5144 2692 5199 Maii.
2724 5145 3026 5201 Inchoaclio
3066 5142 3365 5201 monltstcrii
3411 5148 3473 5203 S.
3522 5142 3831 5206 Μαι-ἑωά

2170 5215 2278 5270 SS.
2322 5213 2959 5289 apostolorumSimonis
2991 5222 3041 5273 et
3085 5219 3236 5274 Judte
3283 5220 3337 5273 in
3383 5218 3826 5289 Sitna-Majore,

2169 5300 2306 5340 anno
2346 5286 2412 5340 (tl)
2441 5286 2802 5341 incarnatione
2836 5287 2990 5343 1080.

2240 5357 2348 5419 (25)
2416 5358 2564 5413 Inter
2628 5373 2813 5413 sacras
2870 5360 3131 5429 reliquias
3178 5361 3399 5432 quatin
3446 5360 3823 5432 Silva-Majori

2164 5434 2469 5503 servantur,
2502 5444 2569 5484 ex
2601 5432 2896 5501 praecipuis
2924 5441 3051 5486 sunt
3088 5434 3266 5487 media
3305 5431 3419 5487 fere
3460 5447 3585 5503 pars
3631 5431 3823 5491 eranii

2164 5501 2218 5554 S.
2252 5500 2509 5575 Simonis,
2541 5508 2607 5575 _et
2628 5517 2756 5572 pars
2778 5500 2982 5575 capitis
3009 5504 3064 5559 S.
3087 5504 3272 5575 ‘Judae,
3295 5512 3352 5560 et
3379 5500 3568 5575 cuspis
3596 5505 3821 5565 lancea

2163 5584 2272 5642 qua
2298 5571 2500 5629 Christi
2538 5571 2682 5630 latus
2709 5571 3047 5643 perforatum
3074 5571 3540 5632 fuissecreditur.
