4056 6150
321 338 449 392 1041

1916 348 2088 403 VlTA.

3552 347 3690 403 1042

315 464 619 522 ctiﬂcatum
657 466 727 520 ab
756 478 824 521 eo
872 468 1229 524 comederent
1276 483 1492 539 panem,
1523 484 1740 527 necnon
1771 471 1866 542 qui
1896 472 1965 528 de
1984 472 2233 536 Acincte
2280 472 2630 529 disseramus.
2680 476 2813 529 Nam
2852 488 2915 530 ea
2945 488 3070 545 quae
3107 475 3164 529 in
3193 474 3303 529 vita
3340 474 3495 544 signa
3532 474 3685 544 fecit,

316 555 501 626 lapide
554 555 709 620 trito,
758 569 920 624 quem
980 555 1178 613 fratres
1217 566 1542 628 paraverant
1598 564 1717 630 ejus
1771 562 1964 632 sepub-

317 651 478 711 turae,
530 644 823 710 bibissent,
866 645 1192 714 incolumes,
1244 663 1307 703 ac
1354 650 1466 704 Deo
1498 651 1701 720 gratias
1738 659 1967 707 sancto-

316 750 425 805 que
481 735 715 791 Geraldo
763 734 1088 805 referentes,
1139 738 1207 793 ad
1256 741 1479 810 propria
1538 741 1651 797 laeti
1717 748 1964 798 reverte-

317 825 538 880 bantur.
1726 892 1729 895 _

386 913 478 969 26.
520 913 836 969 Monachum
884 929 915 968 a
964 916 1247 985 naufragio
1294 916 1487 973 salvat.
1536 949 1607 959 —
1654 920 1787 975 Cum
1833 934 1964 976 vero

316 1018 418 1074 per
472 1004 718 1059 diversas
771 1004 959 1060 Gallia:
1012 1006 1266 1062 nationes
1314 1009 1567 1077 praedicti
1615 1010 1717 1065 viri
1759 1011 1853 1065 Dei
1905 1025 1964 1066 se

278 1093 454 1148 .fama
504 1093 818 1160 diffuderat,
879 1094 1101 1163 quidam
1157 1098 1332 1152 sancti
1400 1100 1547 1154 Petri
1610 1101 1965 1155 Carnotensis

311 1183 635 1247 monachus,
669 1183 901 1239 audiens
930 1184 1081 1239 illius
1112 1187 1376 1255 praeclara
1404 1195 1578 1257 gesta,
1601 1188 1656 1243 in
1687 1191 1802 1244 suis
1833 1203 1963 1258 pre-

308 1272 470 1327 cibus
525 1271 846 1342 frequenter
889 1274 1091 1330 obnixe
1143 1277 1514 1345 postulaverat
1560 1284 1620 1333 ut
1673 1293 1783 1334 non
1835 1286 1963 1333 ante

311 1361 528 1417 videret
575 1370 805 1418 mortem
847 1377 1006 1432 quam
1038 1365 1277 1420 hominis
1315 1367 1407 1420 Dei
1446 1366 1723 1423 frueretur
1750 1368 1961 1423 visione

311 1456 369 1506 et
407 1450 673 1521 alloquio.
724 1452 830 1507 Sed
864 1458 1003 1507 cum
1053 1452 1195 1509 forte
1242 1455 1528 1525 Anglicum
1579 1471 1727 1512 mare
1776 1457 1966 1528 dispo-

312 1540 516 1595 suisset
582 1546 939 1607 transmeare,
1010 1542 1292 1612 ingressus
1356 1559 1568 1612 navem,
1638 1547 1963 1615 procellosis

309 1629 729 1700 insurgentibus
776 1631 958 1695 undis,
994 1631 1332 1703 naufragium
1384 1635 1631 1703 pertulit.
1673 1637 1731 1690 ln
1765 1636 1962 1692 mediis

310 1719 500 1788 itaque
540 1717 824 1786 fluctibus,
865 1721 1166 1776 submersis
1212 1724 1401 1789 sociis,
1449 1738 1582 1779 nave
1622 1733 1875 1795 quassata
1906 1731 1961 1781 et

310 1808 532 1875 amissa,
568 1811 869 1865 monachus
906 1810 1221 1876 involvitur,
1254 1812 1510 1882 diemque
1550 1828 1671 1869 cum
1705 1816 1958 1884 sequenti

311 1904 476 1952 nocte
524 1898 579 1953 in
630 1904 784 1955 tanto
822 1900 978 1955 duxit
1007 1901 1346 1957 discrimine.
1399 1905 1529 1959 Cum
1571 1918 1700 1959 vero
1745 1905 1852 1959 huc
1892 1904 1963 1959 il-

307 1984 512 2056 lucque
581 1988 1080 2046 intumescentibus
1135 1999 1426 2061 raperetur
1482 1993 1646 2048 undis
1710 1994 1961 2064 nihilque

308 2074 461 2130 aliud
510 2077 616 2132 nisi
668 2086 897 2134 mortem
940 2087 1286 2150 exspectaret
1334 2082 1731 2149 imminentem,
1764 2098 1959 2138 recor-

306 2162 472 2220 datus
501 2174 584 2221 est
614 2167 760 2224 inter
788 2170 937 2238 ipsas
978 2171 1155 2241 pelagi
1187 2172 1468 2241 angustias
1496 2172 1645 2227 illius
1674 2187 1836 2242 quem
1869 2185 1963 2226 an-

305 2253 541 2321 gelicam
580 2255 635 2309 in
676 2258 842 2310 terris
888 2257 1138 2313 audierat
1176 2258 1379 2314 ducere
1410 2260 1594 2325 vitam,
1633 2266 1957 2329 tantumque

304 2340 719 2399 desideraverat
773 2345 1015 2412 intueri;
1082 2347 1303 2417 imoque
1365 2361 1394 2402 a
1454 2356 1678 2417 pectore
1737 2349 1961 2404 trahens

302 2431 550 2499 suspiria
594 2452 606 2485 :
654 2451 682 2483 «
721 2435 765 2488 Ο
811 2440 1021 2500 sancte,
1073 2435 1273 2505 inquit,
1323 2436 1575 2502 Geralde,
1618 2438 1713 2493 Dei
1761 2438 1958 2493 summi

303 2534 487 2586 serve,
537 2534 700 2592 quem
758 2527 1048 2592 tantopere
1108 2525 1396 2594 concupivi
1446 2540 1697 2593 cernere,
1738 2528 1784 2582 si
1824 2527 1957 2597 quid

306 2618 472 2680 potes
519 2612 574 2666 in
620 2615 914 2681 praesentia
955 2615 1071 2682 Dei,
1104 2615 1298 2683 adjuva
1338 2630 1445 2683 me,
1478 2618 1736 2673 misertus
1765 2619 1893 2673 mei.
1928 2637 1955 2669 »

307 2699 460 2755 Talia
507 2701 605 2755 illo
647 2700 968 2770 frequenter
1004 2703 1395 2774 ingeminante,
1443 2706 1627 2761 statim
1668 2707 1820 2762 navis
1857 2721 1960 2763 vo-

309 2787 450 2843 lucri
490 2804 653 2845 cursu
702 2791 1020 2859 adveniens,
1054 2794 1265 2849 meritis
1302 2794 1404 2848 viri
1449 2796 1566 2861 Dei,
1610 2796 1677 2851 de
1717 2796 1956 2853 confinio

309 2880 506 2933 mortis
551 2879 703 2934 illum
754 2882 990 2950 excepit.
1042 2884 1173 2938 Haec
1225 2898 1447 2954 quoque
1505 2886 1815 2941 retulerunt
1861 2884 1955 2955 qui

309 2970 636 3024 monachum
678 2971 878 3026 Sancto
925 2971 1159 3027 Geraldo
1200 2981 1390 3042 postea
1436 2987 1548 3030 non
1597 2976 1717 3031 sine
1758 2989 1955 3047 magno

307 3057 439 3113 fletu
479 3059 606 3114 talia
646 3067 958 3116 narrantem
988 3062 1263 3117 viderunt.

2049 577 2149 632 per
2176 563 2564 634 negligentiam
2596 565 2827 619 maxima
2866 579 2933 619 ex
2981 568 3134 634 parte
3184 562 3449 620 oblivioni
3489 564 3690 621 tradita

2047 658 2176 708 sunt
2216 653 2347 723 (27).
2389 653 2621 709 Domino
2669 654 2855 723 itaque
2894 660 3191 719 annuente,
3242 653 3527 724 ipsiusque
3558 668 3693 709 san-

2048 741 2153 797 ctis
2195 741 2405 797 meritis
2444 744 2958 808 intervenientibus,
2999 757 3180 799 sermo
3219 752 3409 799 noster
3441 758 3604 813 quem
3633 743 3692 800 in

2048 832 2260 888 honore
2292 833 2536 902 ejusdem
2576 835 2820 889 scribere
2850 834 3220 905 aggredimur,
3250 833 3457 889 bonum
3488 834 3693 904 princi-

2047 923 2196 992 pium
2228 923 2500 993 finemque
2530 924 2785 994 accipiat.

2117 1011 2207 1065 28.
2240 1013 2371 1081 Ejus
2399 1013 2652 1067 miracula
2682 1018 2797 1081 post
2826 1016 3061 1069 mortem.
3102 1013 3233 1083 Ejus
3270 1012 3510 1068 elevatio.
3554 1014 3694 1069 Dens

2047 1100 2255 1155 ablatus
2291 1104 2599 1158 restituitur.
2633 1132 2705 1142 —
2746 1105 3013 1173 Tempore
3062 1103 3179 1169 illo,
3213 1116 3324 1172 quo
3364 1103 3557 1157 beatus
3584 1103 3693 1157 Ge-

2047 1190 2235 1246 raldus
2264 1191 2445 1246 adhuc
2483 1191 2676 1247 vitales
2724 1194 2985 1261 carpebat
3022 1207 3203 1257 auras,
3246 1191 3466 1261 quidam
3517 1190 3585 1245 ab
3625 1203 3692 1246 eo

2045 1278 2101 1333 in
2133 1280 2459 1335 monachum
2510 1288 2768 1350 receptus
2807 1289 2910 1348 est,
2943 1282 3139 1336 Petrus
3167 1280 3274 1347 (28)
3315 1280 3559 1336 nomine.
3592 1278 3694 1334 Hic

2044 1366 2147 1423 fuit
2194 1370 2368 1438 ipsius
2408 1369 2604 1425 diebus
2644 1371 2895 1440 plurimis
2929 1370 3266 1440 capellanus,
3301 1376 3357 1425 et
3387 1369 3504 1439 ipse
3544 1368 3696 1423 illius

2045 1457 2242 1513 clausit
2285 1459 2499 1525 oculos,
2541 1474 2604 1514 ac
2635 1460 2933 1528 sepultura;
2971 1474 3092 1515 cum
3140 1460 3264 1515 aliis
3294 1458 3556 1513 fratribus
3591 1457 3693 1513 ho-

2045 1549 2273 1604 noriﬁce
2304 1550 2551 1604 tradidit.
2605 1550 2704 1604 Hic
2747 1551 2857 1618 jam
2896 1549 3240 1620 grandaevus,
3274 1548 3548 1603 electione
3577 1546 3692 1603 fra—

2044 1643 2187 1692 trum
2236 1639 2504 1708 septimus
2542 1640 2593 1694 ei
2653 1639 2922 1693 successit
2972 1639 3028 1693 in
3081 1638 3298 1692 abbatis
3344 1637 3691 1707 dignitatem,

2048 1727 2326 1797 multaque
2358 1729 2426 1783 de
2458 1730 2577 1796 ejus
2614 1727 2959 1783 mirabilibus
2996 1725 3241 1782 referens
3271 1726 3327 1780 in
3357 1725 3554 1779 diebus
3584 1723 3694 1780 illis

1979 1798 2181 1881 Bsuis,
2236 1816 2344 1870 tale
2403 1817 2730 1885 perhibebat
2786 1815 3107 1871 miraculum
3154 1813 3324 1869 fuisse
3376 1819 3685 1883 patratum:

2044 1905 2393 1959 «Consilium
2424 1905 2722 1975 aliquando
2751 1904 2978 1960 fratrum
3010 1904 3111 1959 fuit
3143 1911 3202 1958 ut
3231 1903 3299 1958 de
3330 1902 3608 1971 sepulcro,
3631 1900 3688 1955 in

2041 2007 2151 2063 quo
2197 1994 2452 2049 humatus
2502 1996 2733 2063 primum
2786 1995 2871 2048 vir
2899 1994 2996 2048 Dei
3033 1993 3232 2059 fuerat,
3274 1989 3685 2047 transferretur.

2038 2084 2383 2153 Congregato
2423 2096 2554 2151 ergo
2595 2084 3003 2151 episc0porum,
3044 2082 3322 2146 abbatum,
3356 2080 3687 2135 clericorum

2039 2178 2095 2225 et
2134 2172 2401 2225 nobilium
2442 2170 2703 2225 laicorum
2743 2185 2852 2225 non
2892 2171 3117 2225 minimo
3148 2176 3316 2234 coetu,
3349 2168 3683 2233 levaverunt,

2041 2266 2099 2314 ut
2129 2260 2381 2325 decebat,
2426 2260 2527 2313 viri
2560 2260 2800 2314 timorati
2848 2259 3025 2314 sancti
3056 2259 3158 2313 viri
3200 2270 3345 2313 ossa.
3384 2255 3549 2311 Multa
3580 2268 3688 2311 no-

2040 2348 2229 2403 bilium
2262 2348 2422 2403 turba
2463 2363 2707 2417 praesens
2746 2348 2821 2403 ibi
2862 2355 2992 2404 tunc
3022 2348 3231 2412 aderat,
3266 2352 3322 2401 et
3357 2345 3580 2415 quidam
3620 2357 3687 2399 ex

2040 2438 2246 2507 populo
2276 2439 2360 2493 vir
2396 2438 2577 2494 ﬁdelis
2616 2440 2760 2495 inter
2796 2445 3032 2494 caeteros
3060 2451 3281 2507 quoque
3312 2435 3545 2499 astabat,
3577 2446 3689 2488 ma-

2036 2541 2280 2597 gnopere
2322 2541 2647 2597 procurans,
2688 2530 2732 2584 si
2765 2528 3046 2598 quomodo
3076 2541 3144 2582 ex
3184 2525 3436 2595 reliquiis
3473 2521 3684 2591 aliquid

2036 2618 2289 2685 accipere
2320 2618 2544 2673 valeret.
2586 2617 2823 2673 Tandem
2857 2633 2979 2673 cum
3017 2617 3194 2672 sancti
3234 2622 3399 2686 caput
3428 2613 3686 2671 ostende-

2038 2712 2192 2761 retur
2238 2707 2464 2776 populo,
2508 2706 2807 2776 praedictus
2843 2707 2927 2761 vir
2962 2706 3229 2762 desubtus
3276 2703 3543 2765 extendit,
3584 2716 3684 2757 ve-

2035 2800 2196 2858 stem,
2230 2809 2480 2866 unusque
2520 2797 2576 2850 in
2615 2797 2734 2865 ipsa
2769 2802 2919 2850 veste
2959 2809 3028 2850 ex
3064 2794 3323 2849 dentibus
3361 2806 3491 2847 casu
3530 2789 3683 2846 ceci-

2036 2884 2136 2938 dit.
2177 2886 2332 2951 Quod
2362 2886 2556 2940 videns
2594 2886 2779 2951 homo,
2812 2885 2879 2939 ad
2916 2898 2975 2939 se
3004 2892 3210 2940 vestem
3259 2882 3423 2937 traxit
3460 2880 3682 2935 dentem

2034 2974 2344 3040 abscondit,
2387 2989 2451 3030 ac
2498 2990 2557 3030 se
2606 2975 2747 3029 bene
2800 2979 3206 3030 remuneratum
3260 2971 3494 3027 credens
3540 2968 3678 3036 fore,

2038 3064 2269 3118 recessit
2306 3064 2459 3119 inde.
2499 3064 2605 3120 Sed
2645 3078 2767 3119 cum
2799 3064 2978 3118 villam
3010 3076 3264 3134 egressus
3294 3060 3513 3131 paulum
3555 3071 3685 3128 pro-

376 3147 467 3204 27.
499 3150 744 3205 Moritur.
775 3180 847 3189 —
889 3152 986 3205 llis
1014 3152 1181 3221 igitur
1219 3157 1274 3207 et
1312 3152 1626 3222 hujusmodi
1656 3154 1952 3211 virtutibus
1974 3132 2015 3191 ί)
2039 3153 2315 3219 cessisset,
2349 3160 2484 3209 nutu
2514 3154 2701 3209 divino
2731 3132 3166 3223 obstupefactus,
3208 3152 3316 3206 huc
3355 3157 3520 3219 atque
3549 3148 3681 3203 illuc

303 3236 362 3292 in
392 3237 502 3293 vita
531 3238 614 3293 vir
644 3239 856 3295 Domini
895 3239 1134 3296 feliciter
1163 3241 1397 3310 pollens,
1433 3248 1721 3313 postquam
1754 3245 1951 3301 multas

305 3325 375 3382 de
406 3341 504 3383 ore
535 3330 751 3384 cruenti
781 3329 959 3385 leonis
998 3337 1053 3385 et
1081 3332 1381 3399 quaerentis
1410 3347 1546 3401 quas
1575 3333 1802 3390 devoret
1831 3335 1952 3390 abs-

304 3416 473 3471 traxit
520 3417 748 3484 animas,
785 3424 840 3473 et
892 3425 1149 3488 tanquam
1201 3420 1426 3475 lucerna
1474 3436 1639 3491 supra
1690 3424 1949 3480 candela-

302 3506 463 3561 brum
496 3508 672 3576 posita
702 3508 1135 3577 quamplurimos
1182 3510 1509 3579 ignorantiae
1551 3513 1797 3568 tenebris
1820 3514 1951 3568 sub-

299 3610 516 3652 mersos
551 3597 619 3652 ad
670 3598 796 3653 ﬁdei
844 3598 1238 3668 religionisque
1289 3599 1470 3654 lumen
1511 3601 1749 3667 reduxit,
1790 3603 1949 3657 annis

299 3692 549 3741 maturus
594 3688 913 3758 meritisque
961 3687 1111 3755 felix,
1143 3690 1327 3744 Nonas
1362 3690 1566 3759 Aprilis
1602 3691 1853 3760 migravit
1877 3691 1945 3747 ad

300 3775 590 3830 Dominum
648 3775 796 3846 (26),
844 3777 1201 3847 sepultusque
1250 3785 1334 3833 est
1380 3779 1435 3833 in
1485 3778 1741 3846 ecclesia,
1783 3795 1944 3849 quam

298 3864 423 3934 ipse
462 3862 802 3929 fundaverat,
843 3866 910 3921 ad
959 3866 1241 3921 dexteram
1294 3876 1503 3936 partem
1540 3868 1731 3923 altaris
1768 3869 1944 3926 beata:

298 3954 505 4010 Mariae.
554 3956 613 4009 ln
645 3956 764 4024 ejus
793 3956 1025 4011 transitu
1057 3970 1167 4011 non
1215 3957 1436 4012 minima
1467 3958 1761 4014 multitudo
1798 3960 1945 4015 viro-

300 4056 420 4097 rum
480 4043 766 4110 nobilium,
822 4044 1150 4099 clericorum
1207 4052 1263 4100 et
1322 4045 1608 4113 laicorum,
1667 4048 1940 4117 agricola-

298 4146 531 4201 rumque
559 4146 624 4187 ac
670 4132 960 4188 mulierum
999 4141 1331 4204 congregata
1362 4142 1465 4202 est,
1498 4136 1592 4205 qui
1623 4150 1689 4191 ex
1719 4137 1941 4207 oppidis

295 4234 360 4274 ac
391 4220 554 4288 villis,
595 4226 651 4277 et
696 4223 858 4277 etiam
889 4237 956 4278 ex
1003 4224 1305 4294 Burdegala
1353 4227 1511 4292 urbe,
1553 4226 1703 4281 illius
1748 4227 1938 4283 audito

291 4323 537 4376 recessu,
587 4312 982 4368 confluxerant.
1043 4314 1109 4369 Hi
1156 4328 1288 4385 ergo
1346 4315 1403 4369 in
1451 4316 1651 4371 caelum
1698 4317 1938 4373 clamore

287 4398 531 4465 sublato,
565 4399 820 4456 laceratis
848 4402 1025 4472 genis,
1066 4416 1187 4457 cum
1218 4403 1428 4472 ingenti
1459 4403 1588 4459 fletu
1630 4405 1934 4473 piissimum

2033 3242 2345 3309 aberrabat,
2388 3249 2591 3298 rectam
2633 3257 2742 3299 non
2785 3243 3088 3312 praevalens
3125 3241 3279 3312 gradi
3311 3239 3471 3294 viam.
3514 3236 3681 3292 Intel-

2033 3330 2166 3386 lexit
2195 3331 2434 3401 denique
2466 3331 2676 3386 meritis
2712 3331 2908 3395 sancti,
2942 3332 3099 3399 cujus
3136 3326 3347 3382 ferebat
3392 3324 3674 3393 reliquias,

2032 3420 2141 3474 iter
2176 3435 2333 3475 suum
2367 3420 2662 3488 praepediri
2691 3441 2705 3486 ;
2756 3432 3137 3487 reversusque,
3180 3416 3311 3472 licet
3353 3414 3573 3478 invitus,
3605 3411 3674 3467 ad

2032 3510 2444 3573 monasterium,
2487 3522 2602 3563 rem
2645 3509 2828 3563 abbati
2879 3506 3250 3575 fratribusque
3298 3503 3506 3569 retulit,
3548 3500 3677 3557 reli-

2030 3598 2297 3668 quiasque
2333 3598 2598 3667 protulit;
2639 3598 2829 3665 sicque
2868 3596 3029 3652 laetus
3057 3594 3332 3651 discessit.
3366 3611 3395 3644 »

2099 3684 2190 3740 29.
2238 3685 2437 3741 Milites
2491 3688 2619 3740 mire
2672 3686 2886 3741 servati.
2936 3714 3012 3725 —
3063 3684 3256 3740 Adhuc
3308 3681 3444 3753 (ed.,
3492 3679 3670 3750 aliud)

2028 3789 2250 3846 quoque
2282 3775 2531 3831 miraculi
2568 3788 2743 3846 genus
2775 3773 3036 3845 praefatus
3064 3774 3235 3829 abbas
3265 3775 3457 3828 Petrus
3484 3783 3676 3826 narra-

2027 3865 2140 3919 bat.
2187 3886 2212 3914 α
2243 3866 2523 3932 Quadam,
2564 3865 2765 3934 inquit,
2800 3865 3006 3920 nobilis
3043 3863 3261 3929 mulier,
3294 3862 3435 3918 duos
3463 3861 3675 3917 habens

2025 3953 2170 4011 ﬁlios
2206 3956 2428 4021 milites,
2460 3957 2677 4011 beatum
2716 3955 3006 4011 Geraldum
3046 3967 3206 4025 quam
3248 3953 3479 4008 maxime
3508 3965 3674 4008 vene-

2022 4045 2267 4111 rabatur,
2317 4060 2380 4101 ac
2408 4059 2557 4115 saape
2596 4045 2664 4101 ad
2703 4045 2852 4100 illius
2889 4044 3178 4100 ecclesiam
3209 4044 3435 4100 veniens
3463 4047 3572 4097 tam
3610 4054 3672 4097 se

2023 4149 2184 4205 quam
2242 4135 2386 4191 ﬁlios
2434 4135 2700 4190 attentius
2759 4135 3199 4191 commendabat.
3266 4132 3481 4189 Accidit
3536 4142 3667 4185 vero

2021 4225 2256 4293 quadam
2296 4225 2387 4280 die
2443 4230 2505 4279 ut
2559 4212 2735 4294 ipsius
2784 4224 2882 4278 ﬁlii
2931 4238 3054 4279 cum
3112 4223 3236 4277 aliis
3294 4221 3562 4277 militibus
3610 4220 3667 4274 in

2021 4313 2265 4369 exercitu
2298 4311 2600 4382 procedere
2629 4311 2871 4377 vellent;
2910 4311 3009 4366 sed
3041 4323 3164 4365 cum
3204 4322 3316 4365 non
3356 4321 3453 4363 eos
3491 4311 3667 4360 mater

2024 4416 2212 4458 eorum
2262 4401 2330 4455 de
2377 4402 2621 4456 exercitu
2679 4399 2919 4455 retinere
2971 4398 3254 4468 quivisset,
3305 4396 3416 4452 illis
3448 4396 3559 4465 jam
3597 4393 3665 4448 ad

288 4487 507 4542 Patrem
551 4494 605 4543 et
635 4489 771 4544 recti
813 4490 1031 4545 itineris
1075 4489 1361 4545 doctorem
1398 4504 1458 4546 se
1495 4492 1742 4547 amisisse
1771 4487 2478 4561 dole-Dproﬁciscendum
2539 4491 2762 4560 paratis,
2809 4489 3005 4559 positis
3050 4488 3106 4542 in
3155 4493 3359 4542 terram
3409 4484 3663 4557 genibus,

288 4574 446 4641 bant,
468 4575 763 4647 lumenque
794 4578 965 4633 totius
995 4579 1185 4647 patriae
1216 4580 1410 4635 intimo
1439 4594 1504 4634 ex
1535 4581 1703 4636 corde
1734 4581 1940 4636 exstin-

289 4670 441 4719 ctum
478 4663 595 4721 fore
634 4680 817 4722 amare
847 4667 1143 4723 deﬂebant.
1196 4668 1387 4738 Itaque
1431 4668 1653 4739 longum
1688 4676 1792 4735 est,
1826 4671 1935 4726 imo

287 4754 656 4823 impossibile,
717 4757 1011 4827 explanare
1068 4764 1272 4828 quanta
1337 4772 1438 4828 per
1492 4773 1617 4814 eum
1672 4761 1936 4815 Dominus

288 4844 435 4900 bona
484 4846 703 4914 operari
751 4846 1007 4918 dignatus
1044 4855 1147 4913 est,
1190 4854 1392 4917 quanta
1430 4848 1701 4904 mirabilia
1731 4850 1788 4904 in
1824 4850 1934 4905 vita

284 4947 385 4989 sua
426 4935 742 5001 ostendere,
793 4936 983 5006 quanti
1031 4936 1100 4992 de
1149 4938 1394 4993 tenebris
1422 4939 1490 4993 ad
1520 4953 1702 4994 veram
1732 4938 1930 5006 lucem,

282 5023 504 5080 scilicet
550 5026 845 5093 Christum,
878 5026 1145 5082 subtracti
1177 5034 1325 5083 sunt.
1368 5029 1545 5083 Pauca
1576 5028 1644 5083 de
1684 5028 1934 5099 plurimis

283 5113 570 5185 signorum
619 5118 737 5184 ejus
780 5114 1052 5187 (Bolland.
1105 5116 1279 5187 signis
1326 5117 1406 5188 et)
1450 5116 1763 5184 virtutibus,
1806 5133 1930 5189 quae

285 5208 414 5273 post
439 5203 650 5259 obitum
680 5205 871 5275 gessit,
903 5218 972 5261 ne
998 5206 1221 5261 omnino
1261 5211 1444 5261 tacere
1472 5206 1775 5274 videamur,
1806 5222 1931 5263 suc-

360 5310 467 5381 (26)
510 5311 705 5366 Fusius
751 5312 871 5380 ejus
926 5316 1155 5366 mortem
1204 5310 1473 5367 describit
1516 5313 1746 5369 alterius
1793 5313 1927 5370 Vitae

283 5390 503 5448 auctor,
532 5397 693 5452 quem
719 5383 923 5438 videsis
950 5382 1094 5451 apud
1126 5382 1372 5437 Bolland.

360 5453 485 5523 (27)
529 5455 675 5509 ldem
708 5463 940 5510 testatur
967 5455 1195 5509 alterius
1229 5455 1361 5509 Vitae
1391 5461 1604 5511 auctor.

360 5524 471 5594 (28)
504 5526 563 5581 ln
595 5527 859 5597 catalogis
894 5527 1149 5581 abbatum
1180 5526 1383 5581 dicitur
1414 5529 1606 5582 Petrus
1635 5526 1704 5582 de
1732 5528 1929 5584 Amba-

281 5596 530 5669 sia.Fuit
546 5596 814 5668 septimus
830 5598 1233 5669 Silva-Majoris
1250 5598 1440 5665 abbas,
1463 5600 1619 5669 cujus
1638 5599 1925 5665 epistolam

281 5668 566 5727 Ludovico
603 5672 938 5728 Francorum
976 5668 1105 5742 regi
1129 5670 1388 5741 scriptam
1419 5684 1522 5741 pro
1552 5671 1736 5742 priore
1765 5674 1955 5735 Seru-e

2018 4580 2148 4635 talia
2188 4578 2363 4635 fertur
2391 4579 2519 4635 ﬁliis
2556 4594 2680 4635 cum
2718 4580 2924 4650 gemitu
2973 4577 3177 4633 dixisse
3214 4597 3225 4631 :
3258 4594 3286 4627 (‹
3315 4578 3360 4631 0
3398 4575 3516 4639 ﬁlii,
3550 4575 3663 4629 Deo

2018 4683 2114 4725 vos
2157 4668 2481 4725 commendo
2526 4675 2581 4723 et
2628 4675 2833 4723 sanctae
2872 4668 3073 4733 Mariae,
3117 4671 3173 4721 et
3220 4665 3396 4720 sancti
3442 4660 3661 4719 Geraldi

2015 4759 2422 4831 Silvae-Majoris
2470 4759 2758 4824 CUSIOdiEB,
2800 4758 2958 4827 cujus
3002 4771 3122 4812 sum
3170 4754 3390 4822 ancilla,
3433 4753 3658 4811 omnino

2015 4850 2363 4905 commendo.
2398 4868 2426 4900 »
2469 4850 2526 4903 In
2561 4848 2849 4917 procinctu
2879 4847 3067 4916 itaque
3096 4860 3220 4902 cum
3252 4850 3439 4901 essent
3468 4842 3655 4913 positi,

2014 4940 2236 5010 quidam
2268 4954 2335 4995 ex
2362 4938 2691 4994 adversariis
2739 4951 2905 4993 unum
2939 4951 3005 4992 ex
3036 4937 3122 4992 his
3169 4937 3361 4992 lancea
3403 4933 3655 5004 appetiit,

2013 5034 2069 5083 et
2098 5028 2152 5083 in
2184 5041 2419 5097 corpore
2445 5028 2612 5082 armis
2642 5026 2791 5083 nudo
2821 5026 2967 5081 hunc
2996 5024 3174 5081 valide
3206 5023 3514 5095 percussit;
3557 5020 3655 5077 sed

2011 5116 2211 5171 virtute
2259 5116 2375 5181 Dei,
2418 5115 2741 5185 meritisque
2789 5114 2965 5170 sancti
3011 5114 3134 5180 viri,
3176 5115 3265 5170 cui
3314 5118 3488 5168 mater
3529 5110 3657 5166 illos

2010 5205 2504 5270 commendaverat,
2546 5204 2683 5259 nihil
2732 5203 2982 5259 feriendo
3021 5217 3222 5260 nocere
3261 5203 3461 5272 potuit.
3516 5201 3655 5256 Fer-

2007 5312 2101 5379 vii,
2134 5311 2228 5382 qui
2279 5311 2431 5367 locus
2478 5316 2563 5366 est
2601 5312 2657 5366 in
2713 5310 2980 5366 suburbio
3026 5308 3428 5382 Aurelianensi,
3462 5308 3653 5382 refert

2535 5383 2601 5437 lV
2625 5352 2910 5437 “Historic.
2960 5384 3179 5445 Franc.,
3221 5395 3369 5436 num.
3404 5352 3529 5436 {$44.
3574 5383 3650 5437 De

2008 5456 2201 5511 eodem
2260 5456 2315 5509 in
2366 5454 2694 5523 Necrologio
2745 5454 2974 5508 Silvensi
3025 5453 3143 5508 haec
3191 5452 3508 5509 habentur:
3560 5467 3649 5509 xxv

2007 5527 2135 5583 Kal.
2170 5527 2321 5582 Maii.
2358 5526 2497 5582 Obiit
2535 5526 2673 5579 doni.
2708 5526 2888 5579 Petrus
2917 5525 3028 5593 ejus
3071 5524 3303 5580 ecclesia:
3340 5540 3419 5580 vn
3459 5524 3644 5592 abbas,

2008 5604 2058 5655 et
2087 5600 2148 5656 S.
2178 5598 2404 5655 Gerardi
2433 5595 2717 5667 discipulus
2746 5601 2793 5651 ct
2822 5596 3143 5668 capellanus.
