4096 6156
527 409 665 465 1043
1582 407 1637 461 S.
1678 407 1967 462 GERALDI
2002 408 2279 464 ABBATIS
2315 404 2831 463 SlLVfE-MAJOBIS
3755 395 3892 451 1044

523 549 642 591 rum
674 535 877 591 etenim
916 533 1144 599 lancem,
1178 533 1307 587 licet
1337 532 1508 588 multo
1549 538 1748 587 conatu
1780 546 2077 601 percussor
2106 533 2161 587 in
2181 536 2483 603 Aoumque
2517 533 2626 601 jam
2656 529 2724 584 ad
2757 525 3072 585 monasterii
3104 531 3318 595 portam
3350 536 3641 594 egressura
3665 523 3896 593 prepin-

524 638 758 696 corpore
798 624 918 694 ejus
946 622 1206 689 inﬁxerit,
1239 636 1303 676 ac
1334 623 1378 676 si
1424 620 1605 677 mollis
1645 635 1771 677 cera
1800 628 1966 689 esset,
2000 622 2169 692 repli-
2228 626 2462 694 'quaret,
2496 619 2788 677 duodecim
2827 629 3079 673 nummos
3114 616 3171 671 in
3202 623 3402 670 terram
3445 615 3700 684 jacentes
3736 627 3894 682 repe-

518 722 705 771 catum
727 718 830 779 est,
854 717 916 767 ut
934 725 1160 768 acumen
1192 710 1345 777 ferri,
1370 710 1519 779 quod
1550 711 1704 780 prius
1726 717 1935 767 rectum
1965 710 2162 779 fuerat,

526 811 653 874 post
689 817 879 858 versus
934 800 1143 856 hastam
1204 806 1642 870 retorqueretur.
1692 800 1935 855 Audiens
1981 802 2167 871 itaque

521 901 697 949 mater
725 897 833 946 tam
862 890 1185 946 admirabile
1216 888 1414 945 factum
1447 890 1727 960 ﬁliumque
1758 891 1989 946 obtentu
2019 890 2164 945 beati

521 983 623 1037 viri
663 996 693 1035 a
731 986 909 1036 morte
951 984 1221 1048 ereptum,
1264 978 1330 1033 ad
1382 979 1557 1048 ipsius
1603 979 1917 1048 sepulcrum
1964 980 2168 1050 gratias

523 1070 776 1125 oblatura
823 1082 946 1123 cum
996 1067 1123 1122 ﬁliis
1175 1067 1416 1135 advenit,
1471 1065 1674 1123 ferrum
1724 1068 1929 1123 lancem
1980 1082 2166 1123 secum

522 1159 742 1225 detulit,
788 1157 1087 1227 multisque
1146 1157 1343 1213 diebus
1397 1171 1563 1226 supra
1618 1157 1933 1227 sepulcrum
1990 1158 2166 1214 sancti

522 1250 701 1318 ipsum
731 1246 936 1302 ferrum
966 1247 1023 1301 in
1054 1245 1427 1302 testimonium
1454 1246 1672 1302 virtutis
1703 1246 1985 1316 pependit.

592 1326 683 1393 30.
714 1335 1047 1407 Hydropicus
1074 1340 1315 1391 sanatur.
1344 1366 1416 1377 -—
1446 1337 1504 1391 In
1536 1337 1790 1393 coenobio
1821 1335 2168 1405 Silvae-Majo-

524 1425 601 1481 ris
626 1424 847 1495 quidam
880 1439 945 1479 ex
974 1423 1236 1479 fratribus
1264 1426 1517 1495 corporis
1545 1425 1795 1481 molestia
1826 1430 2003 1481 tactus
2034 1424 2167 1497 (29),

525 1513 854 1584 aegritudine
901 1513 1050 1583 gravi
1082 1513 1403 1580 laborabat;
1448 1528 1569 1569 nam
1609 1514 1677 1569 ad
1709 1514 1883 1571 instar
1912 1516 2050 1570 utris
2087 1514 2170 1569 in-

524 1604 650 1659 ﬂata
707 1608 833 1657 cute
892 1606 1043 1657 totus
1094 1601 1449 1657 vehementer
1506 1603 1860 1669 intumuerat,
1921 1603 2169 1672 nihilque

523 1690 674 1746 aliud
696 1690 802 1745 nisi
825 1696 1058 1745 mortem
1088 1690 1258 1745 solam
1292 1691 1665 1761 exspectabat.
1707 1692 1813 1747 Sed
1841 1706 1963 1747 cum
2006 1698 2170 1747 nocte

524 1780 758 1849 quadam
804 1780 999 1835 anxius
1035 1794 1096 1835 se
1134 1780 1321 1849 scpori
1360 1779 1624 1847 dedisset,
1656 1780 1724 1835 ad
1764 1781 1909 1836 beati
1943 1782 2042 1836 viri
2082 1796 2169 1836 se-

2248 713 2321 768 rit
2349 734 2363 779 ;
2403 725 2544 781 quos
2572 710 2853 779 accipiens
2881 720 3005 763 eum
3043 704 3337 776 gratiarum
3368 703 3589 759 actione
3628 701 3897 772 gaudiens

2248 801 2523 859 discessit.

2319 890 2409 944 33.
2450 888 2605 944 Atius
2644 887 2905 959 perditam
2944 884 3161 941 clavem.
3200 914 3270 923 —
3305 884 3418 938 Nec
3456 880 3729 937 dissimile
3769 882 3895 937 huic

2247 980 2350 1037 fuit
2383 978 2553 1049 quod,
2585 990 2707 1032 cum
2756 990 2896 1032 unus
2943 989 3011 1030 ex
3058 971 3383 1030 custodibus
3419 970 3744 1027 monasterii
3786 971 3894 1026 cla-

2248 1083 2365 1124 vem
2416 1066 2684 1123 modicam
2732 1064 3005 1120 amisisset
3041 1070 3097 1119 et
3143 1062 3239 1117 diu
3276 1060 3507 1116 multum
3546 1060 3893 1131 quaesivisset

2248 1159 2677 1226 circumquaque
2709 1168 2811 1209 nec
2855 1153 3172 1217 invenisset,
3207 1151 3427 1207 tandem
3458 1149 3526 1205 ad
3574 1150 3893 1220 sepulcrum

2249 1247 2395 1303 beati
2427 1246 2529 1301 viri
2576 1244 2827 1306 accessit,
2870 1247 2931 1298 ut
2960 1243 3016 1298 in
3056 1242 3157 1298 hac
3199 1240 3530 1297 necessitate
3573 1240 3896 1295 subveniret

2208 1370 2223 1380 ε
2249 1337 2355 1392 sibi
2395 1348 2650 1401 exorans,
2698 1333 2992 1403 statimque
3030 1337 3147 1388 uta
3185 1330 3443 1401 sepulcro
3489 1330 3757 1395 surrexit,
3789 1328 3896 1384 cla-

2252 1440 2370 1481 vem
2416 1432 2542 1481 ante
2590 1422 2761 1478 altare
2809 1420 3036 1488 invenit,
3069 1420 3312 1491 satisque
3341 1418 3643 1474 admiratus
3690 1418 3898 1489 gratias

2253 1518 2410 1658 (agilia.
2454 1602 2699 1672 Captivus
2743 1598 2872 1655 mire
2917 1598 3187 1665 liberatur,
3219 1598 3453 1653 auctoris
3479 1597 3629 1668 ﬁdes.
3667 1626 3732 1638 --
3772 1597 3900 1664 Qui-

2252 1691 2373 1746 dam
2407 1690 2565 1746 miles
2592 1689 2735 1746 forte
2764 1693 2957 1758 captus
2975 1688 3042 1742 ab
3070 1687 3326 1754 inimicis,
3348 1686 3618 1744 Oliverius
3648 1686 3898 1751 nomine,

2256 1782 2401 1837 ﬁlius
2427 1781 2683 1838 videlicet
2727 1779 2876 1836 illius
2905 1779 3126 1850 Augerii
3174 1778 3243 1833 de
3281 1778 3525 1843 Riontio,
3566 1778 3663 1847 qui
3712 1777 3902 1833 Silva:-

526 1869 776 1938 pulcrum
806 1882 864 1923 se
894 1868 1183 1937 conspexit
1212 1869 1267 1922 in
1298 1868 1509 1925 visione
1540 1870 1818 1934 assistere,
1849 1870 2167 1940 tumuloque
2189 1864 2238 1922 B
2257 1870 2479 1939 Majoris
2524 1869 2704 1926 locum
2750 1875 2942 1924 sancto
2980 1867 3213 1924 Geraldo
3264 1868 3417 1936 prius
3460 1866 3693 1922 dederat
3751 1866 3899 1936 (Sep.

524 1959 693 2025 illius,
718 1963 778 2014 ut
806 1958 912 2013 sibi
945 1957 1253 2024 videbatur,
1288 1957 1581 2028 patefacto,
1615 1973 1766 2014 suam
1797 1958 2168 2015 inﬁrmitatem

527 2062 651 2103 cum
681 2061 792 2102 uno
831 2062 899 2103 ex
928 2047 1188 2103 dentibus
1225 2049 1400 2103 sancti
1434 2047 1753 2118 frequenter
1780 2049 2017 2119 signare.
2051 2050 2172 2105 Evi-

530 2137 708 2208 gilans
735 2143 937 2203 autem,
961 2144 1017 2192 et
1038 2152 1161 2205 qua:
1181 2137 1392 2192 viderat
1420 2152 1605 2193 secum
1638 2144 2001 2206 pertractans,
2027 2140 2171 2195 facto

530 2239 709 2293 mane,
734 2227 980 2295 quamvis
998 2228 1147 2296 gravi
1179 2227 1425 2297 pondere
1456 2226 1778 2299 fatigaretur
1806 2228 2170 2299 :egritudinis,

528 2316 595 2370 ad
637 2315 903 2371 tumulum
934 2321 1115 2372 tamen
1145 2316 1245 2371 viri
1284 2317 1379 2372 Dei
1419 2318 1671 2383 accessit,
1706 2332 2037 2388 magnopere
2066 2318 2174 2373 im-

530 2404 753 2474 plorans
782 2410 843 2459 ut
880 2404 997 2461 suis
1044 2406 1257 2461 meritis
1303 2406 1409 2460 sibi
1457 2407 1685 2475 gratiam
1721 2407 1971 2461 sanitatis
2000 2421 2030 2461 a
2077 2408 2175 2462 Do-

529 2494 679 2548 mino
710 2495 1056 2562 impetraret.
1088 2494 1201 2548 Tali
1234 2494 1398 2549 modo
1428 2508 1594 2549 sanus
1624 2494 1851 2551 eﬁ‘ectns
1878 2495 1985 2551 hoc
2016 2497 2175 2552 nobis

530 2584 771 2639 ﬁdeliter
798 2583 1011 2639 retulit.

600 2670 690 2727 31.
732 2671 1078 2729 Moribuudus
1107 2672 1439 2728 convalescit.
1465 2703 1535 2714 -
1560 2673 1683 2731 Alio
1713 2689 1934 2747 quoque
1965 2681 2176 2747 tempo-

531 2775 612 2827 re,
644 2760 815 2817 frater
852 2760 1073 2830 quidam
1123 2762 1368 2830 ejusdem
1417 2765 1736 2820 monasterii
1770 2764 1871 2834 (30)
1903 2779 2077 2835 usque
2106 2767 2174 2820 ad

532 2857 761 2906 mortem
810 2850 1116 2905 inﬁrmatus
1163 2858 1266 2906 est.
1316 2852 1449 2907 Nam
1487 2853 1606 2908 sine
1653 2867 1787 2910 voce
1838 2852 1952 2910 fere
1993 2854 2176 2910 triduo

531 2952 877 3008 permanens,
921 2952 1113 2994 omnes
1151 2952 1273 3005 nos,
1314 2941 1409 3009 qui
1459 2954 1583 2995 eum
1634 2941 1984 2997 intuebamur
2026 2942 2173 3013 (31),

530 3026 599 3081 de
638 3027 871 3081 sanitate
924 3041 1021 3082 sua
1061 3027 1356 3097 desperare
1387 3027 1612 3085 fecerat.
1658 3030 1762 3085 Sed
1804 3045 1925 3086 cum
1966 3030 2034 3086 ad
2070 3029 2176 3087 hoc

2254 1975 2311 2015 n.
2369 1958 2481 2026 2i),
2543 1960 2851 2027 ductusque
2900 1962 2985 2013 est
3038 1956 3181 2027 apud
3240 1962 3498 2023 castrum,
3536 1956 3686 2026 quod
3750 1957 3904 2011 Mons

2252 2048 2509 2104 Revellns
2535 2047 2637 2118 (32)
2670 2048 2891 2114 dicitur,
2921 2053 2976 2103 et
3005 2046 3079 2102 ibi
3110 2059 3308 2116 magno
3335 2044 3467 2101 ferri
3498 2045 3749 2114 pondere
3774 2059 3902 2101 one-

2257 2144 2409 2194 ratus
2436 2137 2727 2207 nudusque
2776 2136 2844 2192 ad
2874 2136 3044 2192 solem
3086 2136 3226 2191 lacte
3267 2142 3587 2205 perunctus,
3624 2142 3687 2190 ut
3724 2150 3755 2190 a
3786 2150 3903 2189 mu-

2256 2228 2366 2283 scis
2410 2227 2623 2283 avidius
2669 2227 3047 2296 impeteretur,
3101 2225 3315 2295 positus
3366 2230 3470 2279 est.
3529 2223 3636 2279 Sed
3687 2224 3899 2292 accepti

2256 2317 2511 2373 beneﬁcii
2549 2317 2743 2372 beatus
2779 2315 3041 2371 Geraldus
3078 2328 3190 2370 non
3221 2315 3524 2379 immemor,
3558 2313 3692 2369 huic
3719 2315 3778 2368 in
3810 2314 3900 2368 tali

2258 2406 2583 2463 confusione
2631 2406 2954 2475 constituto,
2987 2418 3097 2461 non
3130 2410 3293 2459 nocte
3323 2404 3419 2459 sed
3451 2403 3563 2468 die,
3605 2403 3905 2459 visibiliter

2258 2511 2532 2567 apparens
2562 2496 2737 2551 dixit:
2774 2495 3111 2562 «Quomodo
3140 2500 3225 2550 est
3256 2494 3377 2560 tibi,
3410 2491 3622 2549 frater?
3646 2512 3676 2545 »
3716 2497 3788 2549 At
3815 2493 3905 2547 ille

2258 2586 2547 2656 respondit
2581 2605 2593 2640 :
2631 2603 2660 2636 «
2692 2584 2848 2640 Male.
2878 2612 2947 2623 —
2986 2586 3177 2655 Surge,
3212 2583 3393 2653 inquit
3437 2588 3685 2648 sanctus,
3717 2596 3901 2651 surge.

2257 2707 2327 2717 ——
2366 2678 2431 2731 Et
2469 2674 2725 2745 qualiter,
2758 2673 3001 2739 domine,
3048 2673 3140 2744 [ait
3177 2672 3348 2743 miles]
3391 2686 3612 2742 possum
3655 2685 3905 2742 surgere,

2258 2770 2412 2822 tanto
2451 2771 2767 2821 catenarum
2807 2762 3102 2834 degressus
3129 2762 3475 2833 gravamine?
3502 2791 3569 2802 —
3598 2763 3799 2832 Surge,
3832 2762 3908 2815 in-

2258 2856 2378 2924 quit
2413 2853 2690 2925 [sanctus],
2724 2853 3074 2923 quantocius,
3106 2866 3175 2907 ne
3208 2852 3478 2908 timeas.-»
3507 2853 3759 2921 Cumque
3792 2860 3908 2907 ten-

2260 2948 2429 2999 tasset
2465 2956 2777 3014 assurgere,
2818 2942 2970 2998 illico
3010 2941 3195 2998 omnia
3228 2942 3285 2996 in
3333 2946 3530 2996 terram
3573 2948 3903 2996 corruerunt

2258 3032 2495 3089 vincula.
2554 3035 2621 3089 At
2676 3032 2768 3088 ille
2807 3029 3274 3103 obstupefactus:
3333 3050 3361 3084 «
3404 3031 3505 3099 Qui
3561 3044 3643 3096 es,
3698 3029 3902 3100 inquit,

529 3114 791 3180 venisset,
824 3119 884 3168 ut
913 3113 982 3169 de
1012 3114 1157 3171 lecto
1189 3130 1312 3171 eum
1358 3116 1593 3173 ministri
1641 3118 1960 3174 abstrahere
1999 3134 2173 3188 usque
2204 3184 2235 3189 _
2261 3123 2517 3179 domine?
2542 3150 2605 3165 —
2637 3124 2714 3177 Ne
2745 3136 2926 3188 cures,
2958 3121 3035 3177 ait
3064 3122 3251 3188 homo,
3282 3121 3424 3177 scire
3463 3121 3557 3189 qui
3596 3134 3719 3175 sum
3757 3134 3899 3189 ego;

531 3202 599 3257 ad
631 3207 833 3257 terram
862 3203 919 3257 in
959 3202 1163 3265 cilicio.
1198 3208 1370 3259 utest
1416 3206 1759 3262 consuetudo
1799 3184 2169 3277 morientium,
2195 3184 2355 3269 C“sed
2387 3211 2683 3281 compedes
2717 3184 2997 3281 accipiens
3034 3211 3103 3266 ad
3133 3184 3346 3267 Sancta;
3392 3184 3573 3265 Mariae
3611 3184 3901 3265 Silva-Sla-

532 3291 814 3361 deponere
880 3290 1227 3357 festinarent,
1287 3293 1461 3349 tristis
1526 3295 1818 3352 admodum
1884 3295 2061 3355 factus
2116 3314 2175 3355 se
2251 3302 2393 3372 joris
2429 3299 2738 3356 ccenobium
2784 3301 3036 3356 concitus
3072 3314 3276 3371 perge;
3316 3301 3538 3369 Deoqne
3586 3299 3664 3353 ibi
3695 3299 3902 3369 gratias

532 3380 698 3436 vertit
761 3380 829 3436 ad
898 3380 1183 3451 parietem.
1244 3384 1532 3440 Dominum
1572 3391 1631 3441 ut
1668 3386 1775 3442 sibi
1821 3388 2178 3445 misereretur

533 3484 694 3525 orare
732 3477 1093 3542 sanctumque
1148 3472 1461 3542 Geraldum,
1514 3480 1680 3544 prout
1728 3484 1964 3546 poterat,
2014 3478 2175 3534 invo-

534 3573 659 3615 care
705 3560 874 3631 coepit
920 3561 978 3616 in
1029 3561 1311 3630 auxilium,
1363 3568 1439 3631 et,
1488 3565 1631 3620 sicut
1669 3565 1788 3636 ipse
1828 3568 2173 3636 perhibebat,

534 3663 657 3704 cum
688 3648 881 3706 oculos
909 3650 1065 3720 quasi
1104 3651 1463 3709 obdormiens
1490 3653 1798 3721 clausisset,
1831 3669 1962 3711 ecce
1992 3657 2176 3714 subito

534 3737 756 3807 quidam
785 3752 974 3805 senex,
1007 3740 1316 3797 veneranda
1341 3741 1543 3798 canitie
1572 3756 1637 3799 ac
1662 3743 1899 3800 decorus
1927 3752 2174 3815 aspectu,

534 3828 710 3883 astitit
738 3828 829 3893 ei;
870 3828 1160 3885 videbatur
1203 3835 1385 3887 autem
1424 3830 1531 3888 sibi
1561 3832 1709 3902 quod
1752 3846 1862 3889 non
1894 3834 2036 3890 alius
2072 3837 2178 3892 nisi

535 3916 618 3970 vir
672 3922 897 3972 sanctus
957 3924 1103 3973 esset
1160 3933 1322 3989 quem
1390 3922 1553 3990 paulo
1614 3927 1740 3977 ante
1807 3922 2174 3980 invocaverat.

537 4005 780 4074 Cumque
819 4004 963 4059 idem
1008 4019 1176 4063 senex
1224 4008 1498 4066 inﬁrmum
1537 4011 1812 4081 tetigisset
1840 4018 1896 4068 et
1932 4013 2092 4069 aliam
2122 4015 2180 4070 in

538 4097 750 4162 partem
808 4094 1079 4161 vertisset,
1141 4098 1418 4168 extemplo
1475 4099 1803 4170 aegritudine
1861 4103 2177 4171 recedente,

539 4180 821 4251 sanguinis
867 4184 1025 4251 copia
1064 4199 1132 4241 ex
1178 4186 1328 4242 illius
1375 4190 1646 4245 emanavit
1683 4190 1945 4257 naribus;
1988 4192 2180 4263 sicque

539 4284 598 4324 se
645 4283 675 4323 a
723 4270 972 4340 periculo
1020 4275 1215 4331 mortis
1261 4276 1493 4333 obtentu
1543 4278 1688 4333 beati
1738 4280 1839 4334 viri
1886 4280 2179 4339 liberatum

539 4371 660 4415 esse
691 4361 1119 4429 protestabatur.

610 4444 700 4502 32.
730 4449 941 4520 Pauper
984 4465 1215 4506 nummos
1261 4451 1474 4508 invenit.
1505 4482 1575 4495 -—
1620 4452 1781 4511 Aliud
1821 4469 2043 4527 quoque
2081 4459 2182 4514 mi-

543 4535 809 4605 raculum,
833 4539 1057 4595 nimium
1088 4540 1330 4610 quidem,
1352 4541 1449 4597 sed
1480 4542 1684 4612 pietate
1709 4545 2012 4612 conditum,
2035 4547 2181 4604 idem

546 4630 770 4681 sanctus
806 4633 1065 4697 operatus
1115 4635 1217 4685 est.
1267 4632 1398 4687 Cum
1448 4632 1646 4689 mulier
1683 4635 1931 4704 quaedam
1968 4650 2034 4692 ex
2064 4636 2179 4694 lon-

540 4716 763 4786 ginquis
800 4717 1068 4787 partibus,
1100 4720 1440 4791 consumptis
1478 4722 1732 4780 omnibus
1762 4740 1884 4796 qum
1921 4726 2178 4795 habebat,

539 4806 780 4862 venisset
809 4806 877 4862 ad
910 4810 1298 4866 monasterium
1334 4809 1505 4881 illius,
1547 4826 1747 4870 nomen
1777 4818 1897 4887 ejus
1926 4815 2184 4887 frequen-

542 4900 628 4950 ter
662 4894 1028 4965 inclamabat;
1071 4904 1236 4969 atque
1263 4900 1433 4957 veluti
1472 4902 1658 4959 vivens
1694 4904 1813 4974 ipse
1852 4905 1909 4960 in
1947 4919 2182 4976 corpore

543 4996 791 5052 praesens
825 4983 1063 5055 adesset,
1095 4986 1408 5045 alimoniam
1455 4990 1650 5049 sedulo
1697 4992 1765 5047 ab
1805 5007 1871 5050 eo
1921 4994 2179 5064 petebat;

618 5194 852 5277 (29)_Et
898 5197 1044 5277 istud
1084 5200 1405 5277 miraculum
1452 5216 1482 5257 a
1531 5169 1699 5277 Petro
1741 5204 1938 5263 abbate
1987 5208 2055 5263 ad
2086 5222 2183 5277 po-

545 5275 724 5323 steros
752 5269 1128 5327 transmissum
1178 5271 1345 5328 fuisse
1384 5279 1617 5330 testatur
1653 5275 1879 5332 alterius
1908 5279 2043 5333 Vita:
2082 5269 2181 5333 au-

547 5339 823 5417 cto_r,imo
853 5347 909 5417 et
932 5342 1078 5417 istud
1105 5343 1240 5399 inter
1267 5350 1477 5411 caetera,
1500 5352 1563 5402 ut
1590 5347 1708 5416 ipse
1740 5349 2005 5417 loquitur,
2029 5350 2186 5406 etiam

544 5410 986 5549 ἓᾷηῆιὲεϋιναάἱάἱι
1028 5416 1237 5481 Petrus,
1271 5420 1320 5472 et
1350 5417 1575 5489 probato
1604 5410 1698 5473 suo
1737 5410 2025 5477 testimonio
2056 5437 2184 5477 coa-

645 5549 731 5618 30)
770 5556 829 5607 In
858 5555 1029 5611 altera
1060 5559 1177 5612 Vita
1208 5557 1412 5615 dicitur
1435 5561 1737 5616 monasterii
1768 5568 1957 5618 custos.

646 5619 857 5706 531)‘Sic
880 5627 1074 5706 codex
1090 5630 1458 5706 Qorbeiensis.
1508 5633 1630 5706 Alii
1663 5646 1792 5688 mss.
1828 5649 1946 5702 nos,
1987 5637 2078 5706 qui
2111 5635 2187 5690 in-

553 5690 845 5751 tuebantur.
879 5695 1009 5753 hinc
1037 5698 1374 5758 Bellandiani
1404 5718 1512 5772 eos,
1544 5704 1652 5775 qui,
1686 5710 1792 5762 etc.

2256 3404 2428 3459 age.»
2460 3389 2662 3445 Videns
2689 3389 2875 3460 itaque
2906 3390 3071 3446 homo
3103 3390 3361 3447 custodes
3390 3403 3497 3446 non
3527 3390 3745 3455 abesse,
3775 3403 3903 3444 nec-

2259 3492 2369 3535 non
2420 3480 2474 3534 in
2516 3478 2695 3549 platea
2747 3479 3179 3549 quamplurimos
3229 3477 3663 3543 deambulantes,
3704 3476 3903 3534 formi-

2259 3568 2424 3624 dabat
2468 3568 2641 3624 abire.
2697 3568 2901 3623 Videns
2937 3574 3161 3624 sanctus
3188 3569 3327 3624 dixit
3373 3583 3564 3624 rursus
3613 3567 3685 3623 ad
3724 3582 3851 3623 eum
3886 3589 3897 3622 :

2262 3675 2289 3708 α
2322 3659 2399 3713 Ne
2432 3671 2647 3727 paveas,
2675 3658 2803 3727 quia
2852 3657 3035 3713 nullus
3065 3657 3372 3713 mortalium
3412 3658 3586 3726 usque
3616 3656 3685 3712 ad
3721 3657 3901 3713 locum

2260 3762 2423 3817 quem
2466 3747 2697 3817 praedixi
2727 3748 2922 3805 obesse
2953 3747 3053 3804 tibi
3097 3748 3434 3818 praevalebit.
3471 3768 3497 3797 ι
3530 3777 3602 3788 -
3631 3748 3901 3811 Obsecro,

2258 3836 2460 3907 inquit,
2493 3836 2736 3905 domine,
2768 3842 2829 3893 ut
2876 3837 3008 3893 mihi
3057 3850 3258 3894 nomen
3298 3846 3449 3893 tuum
3481 3837 3731 3908 digneris
3774 3838 3903 3894 inti-

2263 3940 2484 3982 mare.»
2525 3927 2591 3981 Et
2629 3926 2721 3982 ille
2747 3946 2761 3982 :
2792 3947 2818 3975 α
2845 3927 2994 3983 Scito
3034 3942 3120 3982 me
3156 3926 3444 3984 Geraldum
3493 3927 3905 3997 Silvae-Majoris

2261 4015 2513 4070 abbatem
2534 4028 2675 4071 esse.
2702 4032 2731 4066 »
2762 4016 2879 4083 Quo
2900 4015 3071 4084 dicto,
3099 4016 3168 4071 ab
3197 4016 3375 4072 oculis
3401 4016 3727 4086 aspicientis
3755 4017 3901 4071 illico

2263 4103 2501 4159 evanuit.
2552 4104 2835 4159 Animatus
2883 4103 3101 4160 tandem
3148 4104 3543 4175 sponsionibus
3589 4105 3731 4161 tanti
3778 4106 3896 4166 viri,

2263 4207 2331 4248 ex
2386 4192 2615 4262 oppido,
2673 4193 2890 4250 nemine
2946 4194 3296 4265 prohibente,
3355 4195 3651 4264 assumptis
3716 4209 3899 4251 secum

2262 4281 2641 4350 compedibus,
2675 4288 2733 4337 ut
2766 4284 2923 4353 jussu
2970 4282 3167 4351 fuerat,
3199 4285 3367 4352 exiit;
3418 4285 3612 4355 sicque
3657 4285 3821 4341 laetus
3850 4294 3903 4340 et

2261 4370 2444 4426 alacer
2499 4370 2567 4426 ad
2624 4373 2936 4429 coenobium
2991 4375 3205 4431 Sanctaa
3262 4375 3445 4431 Mariae
3499 4375 3905 4445 Silvae-Majoris

2266 4461 2433 4526 venit,
2468 4462 2579 4516 Deo
2607 4463 2810 4532 gratias
2839 4470 2894 4519 et
2931 4469 3123 4519 sancto
3159 4465 3395 4521 Geraldo
3426 4446 3705 4531 reddidit;
3752 4466 3905 4519 mira-

2266 4549 2445 4605 culum
2477 4548 2738 4607 fratribus
2774 4551 2978 4608 ibidem
3014 4552 3381 4610 servientibus
3417 4553 3660 4610 seriatim
3692 4553 3901 4610 retulit.

2264 4637 2346 4693 illi
2378 4647 2558 4695 autem
2588 4638 2877 4697 confestim
2914 4656 3122 4698 summa
3160 4656 3282 4699 cum
3322 4642 3516 4699 laatitia
3563 4642 3802 4713 pulsatis
3828 4643 3902 4698 si-

2263 4727 2408 4798 gnis,
2453 4730 2522 4783 Te
2558 4730 2721 4783 Deum
2766 4729 3041 4787 laudamus
3086 4731 3409 4789 solemniter
3453 4732 3900 4789 decantaverunt.

2264 4817 2394 4871 Haec
2424 4830 2574 4883 vero,
2608 4822 2664 4873 et
2690 4818 2793 4873 alia
2833 4833 2957 4889 quae
2996 4832 3281 4877 narramus
3317 4820 3493 4893 signa,
3525 4834 3639 4878 non
3678 4822 3753 4876 ab
3791 4821 3903 4877 aliis

2264 4906 2372 4961 nisi
2400 4906 2469 4963 ab
2493 4905 2581 4962 his
2612 4906 2706 4977 qui
2740 4908 2857 4964 haec
2886 4909 3190 4967 certissime
3218 4910 3473 4968 viderunt
3502 4916 3560 4967 et
3588 4910 3899 4975 audierunt,

2265 4994 2350 5050 vel
2388 4995 2589 5067 quibus
2626 4996 2825 5053 collata
2862 5005 3009 5067 sunt,
3042 5001 3375 5071 accepimus.

2340 5207 2660 5289 (32)_Hunc
2688 5210 2882 5289 locum
2906 5213 3317 5289 Papebrochius
3356 5218 3565 5285 putavit
3592 5233 3717 5275 esse
3757 5220 3900 5289 oppi-

2268 5281 2453 5357 pidum
2484 5282 2648 5357 hujus
2677 5283 2914 5357 nominis
2943 5281 3079 5357 satis
3117 5292 3307 5341 notum
3344 5281 3401 5343 in
3440 5291 3727 5357 provincia
3758 5281 3900 5346 Βὶιὲε-

2266 5352 2457 5431 siensi,
2482 5354 2643 5431 vulgo
2672 5355 2991 5431 Montriwet.
3020 5360 3089 5412 At
3117 5352 3557 5431 hic_designatur
3584 5362 3897 5431 oppidulum

2267 5424 2731 5498 Petrocoriorum,
2756 5427 2916 5498 vulgo
2937 5428 3234 5485 Montravei
3250 5424 3479 5498 dictum,
3508 5431 3578 5487 ad
3598 5424 3898 5489 Dordonam

2267 5494 2820 5575 situmhaudprocnl
2847 5494 2884 5575 a_
2900 5501 3179 5575 Vasatensi
3202 5515 3363 5575 pago.
3385 5494 3542 5575 Quod
3563 5510 3779 5575 septem
3797 5506 3899 5560 icu-

2267 5566 2816 5695 8iiztgtSilva-Majori,
2852 5570 3067 5627 duabus
3104 5566 3233 5629 vero
3262 5566 3300 5628 εἰ
3320 5566 3653 5633 Castellioné
3681 5576 3900 5649 oppido.
