4056 6150
281 273 420 328 1045

1639 280 1795 336 νιΤΑ
1833 281 1886 337 8.
1925 282 2282 338 ADALARDI.

3512 281 3648 338 1046

347 397 436 456 35.
473 398 742 457 Miracuia
771 400 842 455 ad
879 399 990 470 ejus
1025 400 1334 473 sepulcrum.
1385 433 1455 444 —
1491 406 1566 460 De
1612 404 2120 468 manifestisAvem
2150 407 2313 464 etiam
2341 421 2373 464 a
2411 407 2649 479 quodam
2679 406 2940 478 naufrago
2979 420 3048 463 ex
3097 420 3223 462 cera
3266 407 3646 477 compositam,

276 489 441 546 etiam
471 489 643 560 signis
677 488 824 561 (33),
847 490 915 545 ad
945 489 1095 546 illius
1123 491 1386 549 tumulum
1417 492 1800 564 frequentibus
1829 510 1923 566 pa-

275 579 454 645 tratis,
488 579 762 634 silendum
811 593 920 635 non
952 586 1036 635 est
1066 580 1194 650 (34).
1227 584 1360 638 Nam
1404 584 1506 638 viri
1545 584 1918 654 quamplures,

275 681 494 724 necnon
535 669 815 734 mulieres,
865 669 1067 724 amisso
1105 683 1290 739 sensu,
1343 686 1464 728 cum
1497 673 1580 728 ad
1632 673 1780 729 illius
1811 674 1924 729 'ad—

275 757 428 812 ducti
485 755 720 813 fuissent
785 757 1048 814 tumulum
1106 773 1136 814 a
1194 760 1514 830 parentibus
1568 761 1652 818 vel
1708 763 1919 831 amicis,

273 847 478 918 vigiliis
527 847 691 902 trium
730 853 825 902 aut
862 855 1099 918 quatuor
1138 850 1380 906 noctium
1429 851 1742 918 celebratis,
1803 852 1924 922 pri-

274 936 436 991 stinaa
482 935 705 990 sanitati
756 937 1209 998 restituebantur.
1255 953 1605 1010 annuumque
1649 949 1923 997 monaste-

275 1026 361 1080 rio
426 1039 650 1080 censum
718 1028 1094 1095 reportabant.
1155 1029 1488 1099 Tantamque
1553 1030 1602 1085 ei
1663 1033 1923 1086 Dominus

273 1114 506 1184 gratiam
547 1113 735 1185 largiri
767 1115 1024 1186 dignatus
1053 1125 1136 1172 est
1167 1123 1226 1172 ut
1255 1118 1461 1188 absque
1492 1133 1720 1175 numero
1751 1120 1922 1190 capti-

275 1217 374 1258 vos
404 1201 574 1270 ferro,
606 1203 839 1260 vinculis
868 1206 1337 1276 compedibusque
1366 1207 1434 1262 ab
1465 1208 1703 1264 inimicis
1751 1209 1924 1264 vehe-

276 1297 490 1347 menter
536 1293 812 1357 astrictos,
867 1307 977 1349 non
1022 1303 1229 1350 tantum
1268 1297 1336 1351 de
1375 1296 1589 1362 vicinis,
1631 1298 1728 1353 sed
1758 1299 1921 1352 etiam

277 1381 347 1435 de
387 1381 704 1452 longinquis
741 1383 929 1438 mundi
986 1384 1205 1450 finibus,
1258 1385 1465 1441 liberos
1520 1386 1672 1442 abire
1728 1388 1923 1442 incun-

279 1476 494 1526 ctanter
541 1472 915 1540 praeceperit;
966 1473 1040 1528 ita
1081 1480 1139 1528 ut
1187 1474 1349 1529 etiam
1408 1475 1475 1530 de
1516 1475 1922 1532 Nortmannicis

279 1559 603 1630 regionibus
663 1560 915 1617 nonnulli
977 1562 1046 1618 ad
1113 1563 1503 1619 monasterium
1566 1564 1742 1634 ipsius
1797 1579 1920 1621 cum

277 1649 490 1703 catenis
531 1655 586 1704 et
633 1649 1014 1719 compedibus,
1059 1657 1115 1706 et
1150 1652 1274 1708 aliis
1313 1660 1712 1709 tormentorum
1758 1668 1922 1724 gene-

2004 495 2261 566 sepulcro
2326 510 2642 567 appensam,
2687 495 2967 552 multoties
3018 494 3253 551 vidimus
3301 495 3396 565 qui
3452 509 3533 562 se,
3591 497 3648 553 in

2005 600 2201 657 magno
2249 587 2415 642 maris
2465 585 2784 642 discrimine
2825 585 3083 655 positum,
3133 583 3482 640 invocatione
3531 585 3647 641 sola

2004 675 2244 732 nominis
2272 676 2446 731 sancti
2485 675 2700 732 Geraldi
2731 689 2761 730 a
2792 680 2968 730 morte
2999 672 3290 729 liberatum
3324 673 3650 730 mirabiliter

2002 763 2121 821 fore
2160 765 2504 835 perhibebat.

2043 877 2046 880 ~
2075 853 2163 910 36.
2214 857 2413 911 Auctor
2455 853 2634 910 scribit
2663 855 2718 908 in
2747 851 3148 921 Silva-Majori.
3181 880 3254 891 —
3283 852 3351 907 Ut
3381 852 3514 922 quid
3544 866 3649 909 nos

2004 950 2184 998 autem
2215 943 2284 999 de
2313 945 2433 1012 ejus
2463 943 2739 1012 loquimur
2768 940 3132 1006 mirabilibus,
3173 954 3296 996 cum
3335 940 3442 996 hoc
3471 941 3646 996 solum

2004 1032 2072 1087 ad
2131 1032 2278 1087 illius
2331 1032 2660 1088 declaranda
2714 1030 2949 1086 sufﬁciat
3006 1028 3199 1084 merita
3249 1029 3398 1100 quod
3439 1036 3648 1086 tantum

2005 1121 2290 1192 religionis
2333 1121 2639 1192 exemplum
2689 1121 2744 1176 in
2793 1120 2895 1175 hac
2935 1118 3136 1175 effulsit
3166 1119 3342 1189 patria
3374 1133 3473 1189 per
3503 1133 3647 1187 eum,

2005 1211 2151 1280 quod
2210 1211 2418 1280 absque
2493 1223 2722 1266 numero
2799 1216 3120 1280 peccatores
3192 1207 3397 1264 saeculo
3454 1209 3650 1266 relicto

2004 1305 2237 1356 mortem
2267 1308 2576 1362 evaserunt,
2608 1299 2756 1369 quod
2788 1299 2844 1354 in
2875 1297 3131 1354 coenobio
3179 1297 3247 1352 ab
3288 1311 3354 1354 eo
3397 1305 3650 1354 constru-

2005 1397 2096 1445 cto
2120 1390 2350 1457 juvenes
2378 1395 2433 1444 et
2461 1389 2701 1459 virgines
2743 1387 2879 1459 (35),
2929 1400 3091 1442 senes
3145 1401 3268 1442 cum
3311 1386 3646 1456 junioribus,

2005 1478 2228 1533 laudant
2267 1491 2464 1533 nomen
2521 1478 2784 1532 Domini?
2842 1478 2969 1532 Nam
3011 1476 3166 1532 locus
3221 1476 3315 1546 qui
3371 1476 3647 1546 quondam

2003 1568 2266 1638 spelunca
2313 1567 2608 1634 latronum,
2670 1565 2958 1621 latibulum
3016 1565 3268 1636 luporum
3319 1571 3374 1620 et
3410 1565 3648 1621 ferarum

2004 1657 2308 1724 exstiterat,
2368 1656 2486 1711 viro
2534 1655 2628 1711 Dei
2695 1655 3042 1720 adveniente,
3103 1653 3299 1708 domus
3355 1653 3646 1722 orationis,

278 1737 452 1803 ribus,
510 1738 714 1807 gratias
761 1738 1000 1794 oblaturi
1048 1739 1370 1796 advenerint
1417 1743 1638 1811 captivi,
1681 1742 1830 1798 illum
1861 1729 2164 1802 seBlocus
2208 1744 2660 1820 sanctificationis
2687 1751 2743 1800 et
2771 1743 3056 1814 religionis
3085 1742 3237 1812 pacis
3266 1740 3494 1797 effectus
3541 1750 3644 1798 est.

277 1825 418 1882 facie
449 1826 515 1881 ad
547 1825 739 1882 faciem
761 1827 984 1895 vidisse,
1009 1827 1265 1899 illiusque
1297 1838 1429 1887 nutu
1461 1846 1519 1886 se
1549 1847 1612 1887 ac
1633 1834 1843 1888 meritis
1862 1848 1920 1888 se

277 1917 490 1972 solutos
537 1931 656 1972 esse
705 1932 736 1971 a
782 1917 1016 1974 vinculis
1067 1919 1304 1975 fideliter
1335 1921 1672 1990 profitentes,
1705 1936 1923 1992 compe-

277 2004 550 2074 dibusque
599 2019 765 2075 supra
803 2007 978 2076 ipsius
1013 2008 1325 2078 sepulcrum
1371 2012 1652 2080 appensis,
1701 2025 1919 2067 annuo-

277 2107 386 2161 que
417 2107 585 2149 censu
624 2095 856 2158 indicto,
899 2110 1048 2151 suam
1091 2112 1214 2153 cum
1261 2098 1464 2168 gaudio
1521 2101 1808 2156 redierunt
1864 2099 1919 2154 in

275 2183 532 2251 patriam.
601 2183 754 2240 Multi
809 2197 1032 2255 quoque
1080 2200 1147 2241 ex
1184 2187 1391 2244 accolis
1448 2189 1662 2258 patriae,
1729 2188 1919 2258 aliquo

275 2272 409 2326 tacti
458 2272 652 2328 dolore
693 2273 909 2343 capitis,
942 2274 1250 2342 oculorum,
1293 2290 1570 2344 manuum,
1605 2278 1804 2347 pedum
1833 2277 1920 2334 vel

271 2361 508 2417 aliorum
603 2362 1008 2428 membrorum,
1089 2363 1343 2420 invocato
1417 2365 1592 2435 ipsius
1666 2367 1918 2435 nomine,

269 2464 468 2506 cereas
513 2465 662 2519 saepe
718 2452 1032 2520 exprimunt
1094 2451 1506 2518 similitudines,
1573 2469 1709 2524 quas
1773 2456 1922 2512 illius

273 2539 487 2594 tumulo
553 2539 1046 2609 superpendentes,
1107 2541 1426 2611 sospitatem
1503 2544 1785 2613 pristinam
1860 2560 1920 2601 se

274 2628 488 2684 meritis
533 2628 779 2697 ejusdem
825 2630 1101 2699 recepisse
1139 2630 1376 2687 fideliter
1414 2633 1768 2691 confitentur.
1816 2635 1921 2690 Na-

353 2750 486 2830 (3_3)_
535 2752 824 2830 lfionnulla
870 2753 1023 2808 addit
1077 2754 1304 2810 alterius
1342 2754 1478 2812 Vitae
1519 2764 1731 2826 auctor,
1793 2774 1917 2830 quae

276 2823 420 2893 apud
453 2822 699 2878 Bolland.
738 2823 1026 2880 habentur.

315 2965 324 2974 .
349 2894 453 2964 (34)
484 2896 773 2950 Menardus
793 2895 946 2950 addit
969 2897 1057 2974 hic
1083 2916 1094 2951 :
1127 2899 1275 2974 1_V_qm_
1297 2898 1383 2966 qui
1414 2899 1479 2953 de
1499 2899 1676 2974 lapide
1692 2901 1919 2972 sepulcri

276 2967 393 3038 ejus
408 2974 625 3038 contuso
657 2981 806 3036 aqua:
839 2969 1100 3038 permixto
1139 2967 1399 3035 bibebant,
1432 2967 1778 3028 sanabuntur.

2001 1835 2134 1902 Quis
2181 1834 2398 1890 tandem
2446 1835 2586 1904 ipse,
2634 1833 2718 1888 vel
2767 1839 2985 1903 quantte
3024 1831 3332 1887 sanctitatis
3369 1836 3464 1886 aut
3491 1833 3650 1902 cujus

2001 1925 2127 1980 vitae
2174 1923 2358 1990 fuerit,
2400 1924 2572 1979 multo
2621 1922 2815 1979 melius
2863 1936 3032 1992 opera
3080 1935 3241 1992 quam
3293 1921 3440 1977 dicta
3479 1921 3649 1978 eluci-

2003 2015 2173 2079 dant;
2207 2015 2386 2069 exitus
2415 2021 2595 2068 autem
2625 2019 2746 2068 acta
2779 2011 2993 2081 probat.
3035 2012 3113 2066 Ne
3155 2010 3322 2080 igitur
3358 2011 3648 2066 verborum

2002 2102 2290 2171 prolixitas
2381 2102 2692 2172 legentibus
2765 2101 2988 2156 taedium
3064 2098 3282 2165 inferat,
3369 2099 3651 2154 scribendi

2001 2191 2166 2246 finem
2212 2189 2494 2254 faciamus,
2535 2191 2704 2244 Deum
2741 2202 2910 2258 super
2959 2187 3141 2242 omnia
3181 2193 3236 2242 et
3285 2187 3340 2241 in
3391 2186 3651 2242 omnibus

2001 2279 2393 2352 glorificantes,
2443 2278 2537 2348 qui
2579 2286 2685 2333 tam
2717 2277 2993 2347 egregium
3043 2275 3349 2342 doctorem,
3391 2275 3648 2330 beatissi-

2003 2383 2147 2424 mum
2177 2368 2489 2431 Geraldum,
2536 2367 2604 2422 de
2654 2365 2972 2436 longinquis
3017 2363 3218 2420 finibus
3262 2364 3329 2419 ad
3378 2363 3648 2419 illumina-

2002 2458 2207 2513 tionem
2267 2457 2510 2527 regionis
2563 2457 2722 2511 istius
2782 2453 3108 2510 mirabiliter
3172 2452 3513 2518 destinavit;
3555 2453 3644 2509 cui

2003 2552 2087 2602 est
2159 2546 2338 2602 honor
2404 2551 2459 2600 et
2521 2543 2810 2614 imperium
2873 2543 2927 2598 in
3001 2541 3203 2598 szecula
3290 2540 3640 2598 saeculorum.

2003 2639 2193 2690 Amen.

2000 2766 2136 2830 quot
2165 2759 2220 2814 in
2251 2759 2446 2814 vicinis
2470 2757 2725 2830 domibus
2762 2755 2905 2811 haud
2947 2753 3506 2830 procul_ab_ec_clesia
3547 2755 3645 2809 ha-

2001 2824 2266 2887 bitabant.
2319 2829 2610 2898 Oregundis
2639 2833 2835 2883 sancta:
2874 2826 3284 2898 conversationis
3330 2824 3562 2880 habitum
3611 2842 3647 2881 a

2000 2905 2063 2960 S.
2107 2901 2335 2958 Geraldo
2375 2897 2685 2969 suscepisse
2717 2899 2920 2954 dicitur
2957 2899 3014 2952 in
3055 2897 3227 2952 veteri
3258 2897 3644 2969 instrumento.

2000 2974 2134 3029 Aliae
2174 2973 2372 3042 passim
2422 2968 2812 3042 memorantur.
2840 2971 2999 3042 inter
3034 2969 3155 3042 alia
3201 2968 3520 3042 monasterii
3547 2968 3650 3024 Sil-

351 3035 459 3106 (35)
485 3038 565 3114 ⁸μί
616 3038 683 3114 (lc
708 3035 1427 3114 ’sanctimonialibus_etiam
1465 3042 1519 3096 in
1557 3043 1912 3114 Silva-Majori
1937 3053 1979 3110 G
2000 3035 2328 3113 vze-Majoris
2367 3043 2487 3098 loca
2517 3057 2640 3111 quae
2671 3041 2726 3095 in
2758 3041 2904 3096 bulla
2934 3039 3316 3114 C(elestini__lll
3348 3053 3651 3114 memoran-

277 3108 605 3184 degentibus
651 3110 1044 3184 interpretatur
1089 3111 1518 3184 Papebrochius,
1555 3115 1646 3169 ubi
1696 3108 1912 3184 parthe-

278 3180 441 3251 nonis
505 3180 703 3235 rudera
759 3180 1034 3251 hodieque
1091 3183 1264 3237 videri
1324 3184 1597 3240 observat.
1638 3180 1798 3242 Certe
1861 3188 1916 3244 in

278 3250 556 3321 plerisque
620 3251 832 3307 ordinis
887 3250 1059 3309 nostri
1123 3257 1471 3311 monasteriis
1507 3257 1774 3314 moniales
1811 3259 1919 3316 ali-

2001 3124 2109 3182 tur,
2143 3109 2387 3172 occurrit
2429 3109 2753 3184 parthenon
2781 3110 3049 3167 l’omareti
3081 3111 3154 3184 in
3205 3109 3431 3184 dioecesi
3462 3111 3653 3184 Catur:

2001 3181 2178 3254 censi,
2209 3200 2332 3241 cum
2373 3181 2488 3241 suis
2527 3181 2883 3255 prioratibus,
2926 3188 3034 3238 etc.
3076 3183 3205 3237 Erat
3233 3181 3376 3238 alius
3405 3183 3654 3238 Gavareti

2001 3260 2057 3315 in
2096 3259 2399 3326 Occitania,
2431 3255 2809 3326 Silvae-Majori
2839 3255 3140 3323 subjectus.

989 3641 1354 3783 VITA
1465 3643 2021 3786 SANCTI
2126 3642 2924 3784 ADALARDI

1466 3931 1828 3998 ABBATIS
1883 3929 2448 3999 CORBEIENSIS

1053 4127 1363 4183 AUCTORE
1401 4128 1656 4185 SANCTO
1693 4127 2004 4184 GERALDO
2040 4126 2299 4204 ABBATE
2335 4124 2866 4181 SILV/E-MAJORIS

1218 4289 1400 4360 (Apud
1433 4291 1658 4346 MABILL.
1691 4292 1826 4345 Acta
1857 4289 2075 4354 Bened.,
2108 4294 2230 4343 tom.
2273 4288 2335 4354 V,
2364 4302 2491 4357 pag.
2527 4284 2686 4355 345.)

1361 4577 1940 4664 PROLOGUS
1995 4577 2537 4665 AUCTORIS

347 4761 392 4813 l.
427 4763 648 4834 Magnus
677 4765 941 4821 Dominus
961 4771 1015 4821 et
1044 4765 1334 4822 laudabilis
1353 4765 1536 4834 nimis,
1559 4766 1833 4838 gloriosus
1853 4768 2373 4839 etDprzetiguratur
2421 4765 2730 4838 imaginem.
2777 4765 2836 4819 In
2885 4762 2988 4818 hac
3036 4774 3166 4831 spes
3211 4756 3450 4815 civitatis
3486 4754 3636 4812 illius

265 4852 594 4922 magnificus
624 4853 677 4908 in
701 4856 907 4910 sanctis
935 4857 1069 4911 suis.
1102 4857 1223 4926 Ipse
1265 4861 1346 4912 est
1381 4855 1522 4912 enim
1554 4870 1758 4913 corona
1787 4870 1912 4912 san-

263 4947 502 5006 ctorum,
555 4943 670 5011 ipse
714 4957 861 5012 spes,
904 4945 1193 5000 exsultatio
1233 4950 1288 5000 et
1329 4945 1606 5016 gaudium.
1640 4947 1770 5016 Ejus
1797 4947 1909 5002 sin-

262 5028 471 5098 gularis
499 5032 636 5087 visio
660 5046 847 5088 eorum
881 5042 961 5089 est
993 5034 1316 5090 universalis
1345 5034 1640 5091 delectatio
1665 5057 1678 5102 ;
1714 5036 1908 5092 horum

264 5125 446 5173 autem
510 5121 872 5178 exsultatione
920 5122 1180 5179 fundatur
1227 5123 1479 5179 universa
1537 5131 1701 5192 terra,
1754 5140 1910 5182 mons

263 5207 418 5273 Sion,
475 5211 750 5280 aquilonis
800 5212 988 5279 latera,
1021 5213 1212 5268 civitas
1245 5214 1410 5284 Regis
1449 5216 1648 5286 magni,
1683 5216 1908 5271 univer-

264 5298 446 5352 sitatis
501 5300 764 5357 Ecclesia.
834 5305 984 5370 Quze,
1048 5316 1338 5357 numeroso
1407 5311 1625 5374 compta
1664 5306 1908 5376 germine

266 5387 580 5456 nuptiarum
621 5397 676 5445 et
714 5406 814 5462 per
859 5405 952 5447 eas
997 5391 1213 5447 diverso
1261 5390 1493 5447 fecunda
1533 5394 1728 5450 ordine
1768 5394 1906 5451 filio-

265 5490 409 5540 rum,
453 5478 666 5534 civibus
714 5481 907 5536 electis
953 5487 1111 5536 ornat
1141 5481 1502 5546 Hierusalem,
1536 5483 1726 5538 urbem
1758 5484 1904 5539 illam

266 5563 486 5621 scilicet
533 5568 819 5637 caelorum,
860 5569 927 5625 ad
977 5571 1134 5640 cujus
1171 5569 1289 5625 haee
1338 5570 1617 5626 terrestris
1665 5571 1906 5629 Ecclesia

1994 4859 2247 4924 habetur,
2279 4857 2335 4912 in
2366 4856 2457 4911 illa
2488 4870 2578 4911 res
2606 4853 2915 4910 desiderata
2954 4857 3218 4907 tenetur..
3267 4850 3397 4906 Hac
3444 4847 3638 4902 beatos

1990 4946 2139 5014 facit,
2174 4947 2267 5002 illa
2297 4945 2504 5002 electos
2545 4941 2740 4998 reficit.
2781 4943 2892 4996 Nec
2932 4946 3014 4996 est
3057 4939 3160 4994 ista
3207 4951 3405 5008 expers
3441 4934 3638 4990 civium

1990 5037 2207 5093 illorum
2232 5057 2246 5103 ;
2272 5037 2413 5092 Deus
2433 5034 2577 5090 enim
2600 5031 2958 5103 c0gnoscitur
2982 5030 3038 5084 in
3068 5027 3386 5084 dominibus
3418 5037 3636 5091 eorum,

1992 5127 2084 5182 ubi
2143 5126 2398 5181 videlicet
2454 5124 2818 5193 imperatores
2854 5125 3152 5174 curvantur
3211 5123 3338 5172 ante
3397 5113 3638 5170 tumulos

1993 5214 2348 5286 piscatorum,
2401 5212 2704 5283 piscatores
2741 5211 3088 5265 honorantur
3117 5205 3471 5262 successione
3504 5215 3642 5273 pon-

1993 5305 2218 5369 tificum,
2251 5301 2538 5374 pontiﬂces
2569 5299 2834 5370 religione
2864 5297 3144 5352 abbatum.
3171 5295 3235 5349 Et
3267 5293 3394 5349 ideo
3429 5304 3641 5348 summo

1990 5409 2092 5450 nos
2156 5392 2393 5463 delectet
2449 5389 2806 5446 succumbere
2863 5387 3032 5452 bono,
3087 5390 3241 5440 tanto
3281 5383 3536 5453 voluptas
3565 5381 3638 5437 sit

1988 5485 2214 5540 subesse
2245 5481 2496 5547 Domino,
2529 5480 2620 5549 qui
2654 5491 2762 5533 non
2795 5475 2958 5532 modo
2989 5474 3172 5531 fautor
3219 5479 3302 5530 est
3349 5479 3630 5529 cremento

1989 5571 2391 5642 proﬂcentium,
2422 5569 2519 5625 sed
2568 5574 2623 5624 et
2662 5565 3090 5623 remediabiliter
3128 5563 3379 5636 providet
3407 5561 3626 5619 casibus
