4056 6150
426 285 445 339 l
456 285 561 338 047

1485 279 1539 333 S.
1579 276 1868 331 GERALDI
1909 274 2119 328 ABBAT
2124 274 2183 333 IS
2219 274 2736 329 SILVzE-MAJORIS

3642 232 3813 327 71048

424 410 723 476 ruentium,
766 361 896 464 dum
945 409 1001 462 et
1038 404 1283 476 angelica
1338 406 1565 472 prastat
1611 400 1772 456 nobis
1814 399 2141 470 suﬁ‘ragiaA
2226 399 2280 456 3.
2322 400 2403 456 Ad
2435 405 2682 455 sanctum
2720 397 3071 465 Adalardum,
3106 398 3175 454 de
3204 412 3316 469 quo
3346 399 3589 471 digressi
3619 414 3817 455 sumus

425 515 536 557 non
591 499 805 564 deesse,
847 503 902 551 et
949 493 1254 564 patrocinia
1292 491 1506 547 confert
1542 496 1877 555 sanctorum,
1929 503 2069 558 quos

426 604 527 661 pro
568 588 813 645 reatibus
838 585 1235 639 intercessores
1264 594 1374 636 non
1406 580 1719 636 dubitemus
1748 579 2065 648 efﬂagitare.

423 683 573 749 Quos
602 692 725 735 cum
762 674 994 730 diversis
1032 672 1330 726 attributos
1360 670 1659 739 provinciis
1690 668 2071 724 communibus

426 782 617 826 omnes
655 763 943 820 conveniat
986 760 1184 830 passim
1243 759 1517 814 honorare
1566 756 1781 824 ofﬁciis,
1840 758 2071 827 singulis

425 862 607 914 tamen
637 853 946 923 quibusque
991 850 1129 905 locis
1177 848 1610 904 misericorditer
1639 848 1889 917 provisos
1918 847 2072 900 attri-

424 948 565 1014 buit,
596 956 736 1013 quos
763 939 1081 1011 specialiter
1109 939 1272 994 nobis
1309 937 1720 1007 amplectendos
1750 942 1805 991 et
1834 948 2073 1005 propen-

425 1036 540 1092 sius
579 1031 888 1089 exorandos
915 1028 1108 1084 voluit.
1444 1064 1445 1067 η

496 1125 550 1178 2.
588 1125 662 1178 De
695 1133 927 1191 quorum
978 1129 1208 1173 numero
1248 1115 1343 1171 lux
1391 1115 1583 1186 patria
1631 1117 1823 1171 beatus
1852 1114 2073 1170 Adalar—

425 1215 547 1281 dus,
580 1209 997 1268 Corbeiensium
1036 1206 1247 1262 exstitit
1293 1206 1462 1261 abbas
1520 1204 1924 1276 pradicandus,
1975 1204 2070 1274 qui

424 1317 536 1361 non
599 1301 776 1358 solum
836 1301 1171 1355 Francorum
1240 1309 1471 1366 gemma,
1520 1294 1619 1350 sed
1683 1301 1739 1350 et
1800 1297 2072 1350 Saxonum

425 1392 612 1449 oriens
659 1389 861 1446 effulsit
913 1388 1092 1444 stella.
1135 1385 1332 1441 Genuit
1361 1385 1506 1441 ﬁlios
1535 1385 1814 1451 Ecclesia,
1846 1384 2074 1439 nutrivit

422 1485 613 1539 Patres
659 1478 928 1536 Corbeia.
982 1477 1230 1545 Denique
1270 1481 1493 1530 sanctus
1542 1475 1855 1541 Anscarius,
1899 1475 1993 1543 qui
2042 1487 2073 1528 a

422 1571 654 1626 Walone
704 1569 879 1639 ipsius
927 1565 1104 1621 sancti
1139 1563 1398 1619 Adalardi
1428 1562 1596 1619 fratre
1626 1564 1683 1619 in
1712 1563 1943 1619 Corbeia
1972 1562 2074 1618 fuit

426 1660 657 1725 electus,
690 1663 751 1713 ut
788 1672 819 1711 a
848 1670 978 1725 rege
1009 1653 1288 1709 Ludovico
1337 1667 1460 1708 cum
1507 1652 1770 1708 Herioldo
1802 1655 2073 1708 Danorum

2153 489 2471 560 paullisper,
2501 490 2765 545 calamum
2797 490 3114 545 Studeamus
3143 496 3506 557 convertere;
3554 491 3613 545 in
3655 492 3817 559 cujus

2153 579 2816 645 cbaritatisdilatatione,
2869 585 3018 633 tanta
3057 578 3152 632 filii
3191 579 3275 633 sui
3314 578 3604 635 fervebant
3639 580 3818 634 dilec-

2152 669 2325 735 tione,
2375 675 2435 724 ut
2482 684 2512 724 a
2560 669 2799 738 quodam
2830 682 3019 724 eorum
3051 675 3199 723 tanta
3228 670 3301 723 sit
3332 670 3652 739 composita
3689 683 3817 738 pro-

2152 759 2361 814 lixitate
2391 759 2566 828 ipsius
2593 759 2723 824 vita,
2758 764 2910 812 tanta
2935 757 3344 813 lamentationis
3367 759 3531 828 plena
3552 758 3818 829 amplitu-

2153 849 2302 914 dine,
2334 854 2487 905 tanto
2518 848 2719 904 cantici
2758 848 3097 903 canticorum
3128 850 3395 904 amatorio
3435 848 3743 919 languore,
3760 856 3816 903 ut

2154 940 2324 1010 magis
2366 939 2772 1009 epithalamium
2804 939 2915 993 dici
2947 939 3314 1014 possitquam
3348 944 3535 994 textus
3576 939 3816 1007 alicujus

2154 1029 2421 1085 historia.
2472 1031 2584 1097 Qua
2638 1027 2963 1085 confusione
3009 1041 3120 1083 non
3170 1028 3531 1084 mediocriter
3570 1028 3816 1084 oﬁ‘ensus

2155 1118 2511 1174 Corbeiensis
2539 1124 2669 1174 tunc
2700 1125 2888 1173 custos
2930 1117 3033 1188 (37)
3082 1117 3363 1184 ecclesia,
3412 1132 3570 1187 sape
3601 1119 3817 1173 monuit

2157 1208 2409 1264 abbatem
2457 1214 2520 1263 ut
2564 1207 2738 1264 recidi
2784 1208 3006 1278 juberet
3062 1208 3339 1277 superﬂua
3385 1222 3655 1277 quaque.
3715 1209 3818 1264 Sed

2155 1296 2252 1352 illo
2302 1296 2663 1353 sacularibus
2709 1297 2859 1352 curis
2916 1300 3229 1366 occupato,
3289 1303 3668 1365 compunctus
3718 1298 3820 1352 iste

2144 1388 2465 1443 reverentia
2522 1388 2739 1455 sancti,
2790 1386 2880 1442 cui
2934 1386 3181 1442 harebat
3236 1387 3442 1442 amoris
3496 1387 3820 1457 privilegio,

2156 1478 2323 1532 ﬂores
2364 1477 2539 1546 ipsius
2583 1477 2711 1532 vita
2760 1476 2985 1546 decerpi
3019 1477 3185 1545 jussit
3224 1490 3254 1531 e
3312 1482 3466 1532 tanto
3512 1476 3825 1532 viriditatis

2157 1572 2335 1637 prato.
2385 1568 2552 1636 Cujus
2600 1567 2845 1636 parendo
2891 1566 3127 1635 jussioni
3179 1566 3281 1621 sub
3329 1566 3640 1633 brevitate,
3704 1580 3821 1622 non

2161 1656 2470 1712 detrahitur
2500 1656 2744 1725 priorum
2774 1656 3084 1720 sententia,
3127 1660 3356 1725 excepta
3384 1655 3539 1710 illius
3570 1656 3669 1725 qui
3712 1669 3823 1710 non

426 1764 557 1819 rege
587 1747 654 1802 ad
688 1745 1139 1815 pradicationem
1172 1744 1445 1797 Danorum
1477 1743 1825 1810 mitteretur;
1867 1742 2135 1812 quiqueB
2157 1746 2472 1802 authentice
2501 1746 2675 1801 sensit
2706 1745 2776 1800 de
2805 1744 2908 1799 hac
2938 1745 3170 1801 historia
3199 1746 3255 1799 in
3294 1745 3469 1800 sancti
3497 1745 3612 1799 Viti
3646 1751 3824 1799 trans~

429 1844 620 1908 postea
670 1849 769 1905 pro
814 1835 919 1889 ﬁde
959 1833 1161 1889 Christi
1192 1832 1378 1886 multis
1407 1832 1585 1901 panis
1614 1824 1681 1887 ab
1711 1832 1917 1887 eisdem
1948 1832 2076 1888 alre-

429 1933 571 1993 ctus,
612 1924 832 1979 tandem
862 1924 917 1978 in
949 1922 1160 1978 Bremia
1191 1921 1670 1990 archiepiscopatu
1701 1934 1800 1975 suo
1850 1921 2074 1990 requie-

430 2014 526 2081 vit,
576 2013 761 2069 multis
809 2011 1019 2066 meritis
1067 2011 1381 2075 decoratus,
1424 2009 1669 2079 ejusdem
1728 2010 1903 2065 sancti
1940 2010 2081 2065 Ada-

429 2103 570 2158 lardi
609 2102 830 2157 auditor
887 2100 988 2155 fuit
1044 2106 1098 2155 et
1155 2099 1447 2154 nutricius.
1517 2100 1814 2154 Ratbertus
1860 2114 2081 2169 quoque

429 2191 779 2255 Paschasius,
814 2187 1058 2258 ejusdem
1105 2187 1276 2242 abbas
1313 2187 1442 2252 loci,
1475 2187 1569 2257 qui
1600 2188 1939 2243 luculentum
1970 2188 2085 2243 edi-

435 2282 517 2338 dit
554 2281 752 2335 librum
784 2279 851 2333 de
881 2281 1124 2348 Corpore
1156 2284 1210 2333 et
1244 2278 1515 2347 Sanguine
1553 2279 1791 2345 Domini,
1825 2280 1943 2348 ejus
1973 2292 2085 2334 me-

434 2371 548 2428 ruit
594 2369 977 2439 paternitatem
1017 2367 1180 2436 digna
1232 2366 1495 2422 ﬁliatione
1543 2367 1664 2423 sui:
1708 2368 1865 2436 cujus
1921 2369 2084 2423 etiam

438 2472 671 2528 corpore
703 2471 827 2513 cum
866 2456 1095 2525 reliquis
1124 2456 1431 2510 illustratur
1458 2456 1712 2511 Corbeia.
1742 2457 1844 2523 Qui
1883 2457 2085 2513 diversi

448 2563 548 2619 per
596 2548 829 2613 diversa,
871 2546 1102 2601 diversa
1149 2545 1457 2600 sanctitatis
1513 2545 1570 2599 in
1626 2546 1844 2600 Christo
1900 2547 2087 2616 adepti

445 2642 576 2694 sunt
605 2637 817 2691 merita.
870 2635 966 2690 His
1009 2640 1190 2690 autem
1239 2634 1419 2704 qualis
1455 2633 1620 2689 fuerit
1649 2641 1704 2690 et
1733 2641 1989 2705 quantus,
2030 2635 2087 2690 in

445 2726 679 2799 quadam
735 2725 967 2794 epistola
1009 2724 1110 2795 (36)
1160 2729 1394 2779 testatur
1420 2724 1589 2779 abbas
1618 2725 1905 2780 Lobiensis
1933 2725 2088 2780 Heri-

444 2831 627 2889 gerus,
695 2816 789 2887 qui
855 2829 922 2871 eo
986 2820 1233 2885 tempore
1290 2814 1437 2870 inter
1471 2816 1749 2885 sapientes
1786 2815 2090 2871 habebatur

445 2905 898 2977 sapientissimus.
939 2906 1108 2972 Quam
1146 2918 1308 2974 quam
1356 2903 1579 2975 longum
1609 2910 1693 2960 est
1720 2904 1811 2960 hic
1848 2905 2089 2974 interpo-

445 3007 599 3051 nere.

2159 1837 2384 1903 latione,
2426 1850 2536 1891 non
2585 1835 2690 1890 nisi
2729 1834 2970 1904 denique
3019 1849 3118 1904 per
3154 1834 3295 1889 hanc
3343 1834 3634 1889 scribendi
3682 1835 3821 1888 viam

2162 1927 2462 1997 ingressus.
2517 1924 2805 1992 Quomodo
2854 1924 2998 1979 enim
3038 1922 3200 1978 aliter
3238 1924 3630 1992 interponeret
3682 1924 3821 1978 Cor-

2162 2015 2340 2070 beiam
2388 2028 2602 2080 novam,
2655 2027 2817 2083 quam
2858 2013 3169 2068 construxit
3216 2020 3441 2068 sanctus
3489 2012 3821 2079 Adalardus,

2164 2104 2295 2159 licet
2340 2103 2406 2159 ad
2465 2117 2700 2174 unguem
2751 2103 3111 2172 descripserit
3167 2102 3340 2171 ipsam
3398 2103 3822 2157 translationem

2165 2192 2362 2248 factam
2400 2207 2501 2261 per
2528 2205 2880 2247 successores
2910 2193 3048 2261 ejus,
3084 2190 3395 2246 inordinate
3436 2197 3625 2245 tamen
3665 2204 3826 2246 erra-

2165 2282 2243 2337 vit
2280 2281 2349 2337 de
2397 2281 2677 2337 chronicis
2726 2281 3036 2351 principum
3075 2285 3130 2335 et
3167 2280 3341 2335 sancti
3379 2279 3827 2335 successoribus.

2166 2372 2248 2427 Ad
2293 2373 2449 2440 cujus
2495 2385 2737 2427 errorem
2786 2369 3042 2425 falsitatis
3088 2369 3478 2425 removendum
3516 2368 3830 2436 sufﬁciens,

2168 2462 2241 2515 sit
2271 2460 2486 2515 cunctis
2514 2460 2826 2530 legentibus
2846 2459 3089 2529 ejusdem
3112 2459 3399 2528 scriptoris
3420 2458 3831 2525 testimonium,

2170 2550 2264 2618 qui
2322 2549 2482 2603 etiam
2542 2549 2691 2617 quod
2749 2547 3054 2619 ignorando
3113 2548 3328 2615 asserit,
3380 2547 3437 2603 in
3484 2548 3591 2603 hac
3637 2555 3837 2604 monet

2171 2638 2402 2693 historia
2466 2637 2878 2708 requirendum.
2947 2640 3293 2708 Quapropter
3342 2651 3489 2693 nunc
3546 2638 3598 2693 ei
3661 2638 3837 2707 hujus

2170 2728 2599 2784 inordinationis
2628 2726 2888 2783 offensam
2918 2728 3205 2793 donemus,
3247 2740 3314 2782 eo
3352 2727 3568 2783 scilicet
3600 2734 3830 2795 tenore,

2170 2822 2232 2873 ut
2268 2818 2326 2872 in
2373 2817 2460 2872 his
2498 2831 2621 2887 qua
2669 2831 2830 2873 secus
2880 2832 3041 2888 quam
3090 2822 3219 2873 sunt
3254 2818 3443 2884 sentit,
3485 2831 3516 2872 a
3557 2817 3722 2873 nullo
3763 2819 3835 2874 sit

2172 2921 2272 2977 per
2298 2905 2513 2976 singula
2548 2906 2861 2962 credendus
2893 2927 2906 2963 :
2949 2912 3003 2963 et
3031 2908 3112 2964 sic
3147 2906 3216 2963 ad
3254 2907 3336 2963 rei
3364 2907 3650 2964 veritatem
3680 2907 3835 2963 scri-

2171 2995 2341 3053 bendi
2370 2995 2635 3052 calamum
2672 3001 2964 3053 vertamus.

1595 3204 1964 3347 VITA
2075 3205 2670 3350 INCIPIT

514 3457 574 3515 4.
595 3457 894 3516 Adalhardi
929 3474 1114 3527 genus.
1142 3489 1214 3501 —
1240 3461 1507 3530 Tempore
1535 3459 1705 3533 igitur
1732 3475 1841 3533 quo
1865 3448 2422 3535 CarolusCtempore
2490 3471 2648 3535 erat,
2716 3478 2827 3536 quo
2893 3419 3120 3521 Carolus
3184 3464 3463 3519 Romanus
3528 3461 3842 3531 imperator

445 3549 642 3621 agebat
691 3549 749 3605 in
805 3550 1059 3620 sceptris,
1111 3548 1205 3605 ille
1260 3550 1471 3606 scilicet
1528 3551 1776 3618 Carolus,
1808 3552 1914 3607 aui
1972 3566 2095 3607 cum

445 3639 650 3696 saculo
697 3640 1011 3695 terminavit
1057 3638 1252 3695 famam
1290 3640 1467 3711 palma
1495 3641 1733 3707 virtutis,
1767 3641 2101 3697 tirocinaba-

446 3734 537 3786 tur
562 3730 621 3785 in
661 3730 864 3800 palatio
893 3729 1257 3798 Adalhardus,
1303 3745 1439 3800 puer
1478 3730 1638 3787 bona
1678 3731 1901 3787 indolis.
1933 3733 2102 3802 Cujus

448 3819 671 3891 quidem
738 3820 1022 3890 genitores
1084 3834 1196 3876 non
1261 3820 1387 3876 silet
1451 3822 1785 3891 antiquitas;
1854 3827 1909 3877 et
1972 3822 2100 3878 ideo

453 3913 674 3979 quanta
714 3908 1021 3964 nobilitatis
1068 3908 1261 3977 fuerit,
1315 3910 1495 3966 celare
1535 3924 1645 3966 non
1691 3915 1873 3981 potest
1918 3918 2103 3981 poste-

454 3997 607 4053 ritas.
649 3998 958 4053 Secundum
1010 4000 1153 4054 enim
1194 4000 1364 4055 totius
1406 4000 1795 4071 generositatis
1831 4002 2096 4072 genealo-

452 4087 627 4158 giam,
686 4087 754 4143 ab
819 4087 1072 4158 ingenuis
1137 4091 1469 4146 Francorum
1535 4091 1756 4162 regibus
1821 4091 2104 4146 deducens

452 4177 752 4234 nativitatis
806 4176 1044 4246 lineam,
1094 4179 1429 4235 Bernardum
1476 4178 1698 4236 fratrem
1744 4181 1924 4251 magni
1972 4181 2103 4250 Pip-

450 4267 569 4339 pini
607 4268 752 4339 regis
798 4267 991 4323 habuit
1038 4274 1247 4338 patrem
1293 4289 1304 4324 :
1366 4270 1832 4341 consanguineum
1881 4284 2102 4340 quoque

454 4356 797 4427 aquivocum
849 4357 1070 4427 Pippini
1119 4358 1409 4427 Pippinum
1451 4346 1750 4427 juniorem,
1808 4359 2102 4415 consobri-

451 4460 694 4516 numque
754 4452 810 4502 et
866 4446 1134 4517 collegam
1183 4448 1286 4502 sub
1342 4447 1457 4503 alas
1512 4448 1795 4503 scholares
1851 4448 2103 4505 eumdem

454 4536 708 4594 Carolum
766 4536 1179 4606 imperatorem.
1239 4537 1364 4592 Fuit
1419 4550 1640 4607 quoque
1699 4539 1938 4595 Francus
2000 4552 2107 4593 na-

455 4627 628 4693 tione,
688 4626 783 4697 qui
849 4625 1046 4682 Franci
1108 4625 1242 4681 dicti
1304 4632 1434 4682 sunt
1483 4640 1515 4681 a
1579 4624 1832 4695 feritate;
1900 4641 2103 4699 genere

428 4716 670 4773 'scilicet
721 4716 979 4794 Trojani,
1039 4716 1133 4786 qui
1190 4730 1291 4786 per
1352 4715 1601 4787 Illyricos
1662 4716 1815 4771 sinus
1879 4716 2103 4773 deducti

2181 3556 2469 3612 dicebatur
2515 3560 2572 3613 et
2619 3560 2755 3613 erat.
2806 3556 2928 3625 Ipse
2966 3554 3112 3611 enim
3149 3552 3303 3610 solus
3328 3551 3452 3619 fuit,
3485 3564 3655 3621 quem
3695 3548 3841 3605 fama

2180 3647 2439 3715 majorem
2471 3645 2709 3700 mundus
2739 3644 2950 3700 habuit.

2251 3733 2304 3789 5.
2362 3736 2487 3791 Cum
2532 3733 2721 3791 Carolo
2780 3734 3048 3789 educatus.
3078 3760 3152 3772 —
3201 3732 3333 3787 Cum
3376 3742 3489 3799 quo
3538 3732 3839 3799 postquam

2182 3824 2378 3880 beatus
2424 3839 2561 3895 puer
2606 3823 2913 3880 liberalium
2960 3821 3166 3878 fontem
3213 3818 3464 3875 transivit
3500 3831 3616 3875 non
3659 3818 3839 3875 inloto

2183 3912 2344 3982 pede,
2387 3914 2533 3969 inter
2582 3913 2787 3982 primos
2835 3910 3021 3981 palatii
3065 3913 3226 3965 atate
3273 3916 3328 3964 et
3359 3907 3639 3977 sapientia
3668 3907 3841 3977 capit

2184 4002 2402 4069 florere,
2453 4008 2508 4057 et
2557 4002 2764 4072 primus
2810 3999 3000 4056 haberi
3047 3999 3149 4054 sub
3198 3999 3319 4068 ipso
3347 3998 3835 4068 ‘sceptrigerante.

2184 4091 2430 4146 Timebat
2479 4097 2658 4146 tamen
2706 4093 2913 4155 Deum,
2972 4094 3028 4146 et
3082 4089 3231 4145 omni
3281 4086 3536 4143 custodia
3582 4086 3842 4142 servabat

2185 4194 2283 4236 cor
2311 4193 2488 4234 suum.
2538 4181 2705 4235 Binos
2742 4193 2964 4249 quoque
3005 4177 3202 4234 fratres
3239 4183 3294 4234 et
3332 4174 3566 4232 totidem
3616 4188 3843 4231 sorores

2184 4268 2421 4324 habebat
2462 4288 2474 4323 :
2526 4282 2667 4338 quos
2714 4268 2859 4324 sicut
2899 4273 3080 4333 atate,
3122 4267 3197 4321 ita
3238 4272 3295 4322 et
3321 4266 3537 4321 meritis
3565 4265 3838 4320 anteibat.

2184 4359 2338 4414 Licet
2378 4358 2544 4425 enim,
2595 4363 2786 4426 utpote
2821 4358 3057 4426 juvenis,
3106 4362 3300 4411 natura
3345 4369 3544 4411 cereus
3593 4363 3753 4412 esset
3790 4355 3841 4410 in

2184 4449 2376 4504 vitium
2412 4448 2584 4513 flecti,
2625 4446 2883 4502 immunis
2920 4450 3102 4501 tamen
3142 4451 3259 4501 erat
3297 4445 3363 4500 ab
3394 4445 3482 4500 his
3510 4444 3686 4511 vitiis,
3721 4444 3843 4516 qui—

2185 4540 2288 4595 bus
2317 4538 2412 4594 illa
2442 4543 2576 4593 atas
2603 4536 2745 4593 solet
2773 4536 3073 4606 inquinari.
3096 4537 3323 4604 Semper
3351 4539 3471 4590 erat
3499 4534 3555 4589 in
3588 4548 3689 4591 ore
3724 4536 3842 4604 ejus

2181 4629 2411 4699 justitia
2441 4627 2740 4693 attestatio,
2773 4640 2992 4696 semper
3020 4625 3078 4680 in
3116 4623 3285 4681 corde
3324 4623 3546 4693 injuria
3586 4623 3842 4680 detesta-

2186 4719 2288 4788 tio,
2320 4724 2376 4774 et
2413 4722 2617 4788 quanto
2651 4716 2857 4788 junior,
2889 4721 3043 4771 tanto
3075 4712 3465 4785 perspicacior.

453 4806 737 4864 Maotidas
781 4805 1106 4862 insederunt
1141 4805 1398 4875 paludes,
1448 4806 1589 4862 duce
1640 4806 1877 4876 quodam
1920 4810 2164 4876 Ante-1)
2257 4808 2311 4863 6.
2361 4806 2550 4865 Carolo
2598 4806 2662 4862 ob
2699 4805 3028 4877 repudiatam
3065 4805 3330 4874 conjugem
3364 4802 3704 4873 indignatus,
3752 4817 3841 4857 εω-

452 4909 609 4954 nore.
641 4895 797 4953 Unde
827 4909 950 4951 cum
979 4896 1239 4952 Romanis
1274 4896 1464 4952 zEneia
1502 4897 1658 4968 signa
1695 4896 1900 4953 secutis
1929 4896 2105 4953 civilis

452 4991 535 5043 est
581 4987 632 5042 ei
679 4985 1062 5053 communitas,
1113 4990 1169 5041 et
1215 4986 1378 5042 unius
1421 4986 1638 5057 imperii
1684 4986 1960 5056 quondam
2000 4985 2101 5042 fuit

452 5080 509 5132 et
562 5090 682 5133 esse
738 5075 905 5131 debet
965 5075 1271 5131 communis
1318 5074 1575 5131 afﬁnitas.
1636 5077 1753 5132 Hoc
1800 5080 1981 5132 autem
2035 5090 2102 5133 eo

521 5215 632 5289 (36)
681 5216 957 5289 Nimirum,
996 5216 1053 5272 in
1110 5216 1300 5274 libello
1354 5218 1428 5274 De
1476 5218 1848 5285 Eucharistia,
1900 5218 1994 5287 qui
2033 5220 2100 5275 ab

450 5289 728 5373 Ludovico
766 5288 1226 5373 Cello_tip_ed_itus
1252 5295 1365 5373 "est.
1398 5290 1516 5373 sub.
1552 5290 1713 5373 titulo
1746 5291 2100 5373 Anonymi-in

453 5361 759 5443 appendice
797 5362 864 5416 ad
914 5362 1209 5417 Historiam
1247 5361 1575 5445 Cottescalci
1610 5382 1622 5417 :
1671 5375 1782 5431 quo
1815 5363 1873 5446 in
1912 5362 2099 5419 libello

454 5432 641 5504 multis
694 5431 948 5488 laudatur
1012 5433 1337 5490 Paschasrus
1391 5434 1720 5494 Radbertus.
1772 5435 1944 5504 Hujus
1996 5448 2101 5488 au-

458 5501 629 5575 ctoris
655 5516 854 5559 nomen
883 5505 1225 5575 deprehendi
1255 5473 1311 5562 in
1352 5473 1688 5563 ms‘rucodice
1725 5473 2101 5562 GembIacensi

457 5573 516 5631 in
546 5584 656 5645 quo
687 5580 862 5631 exstat
899 5573 1120 5633 libellus
1147 5578 1251 5633 iste
1282 5592 1405 5635 cum
1436 5579 1542 5636 hoc
1579 5578 1763 5650 titulo,
1797 5585 1853 5634 et
1898 5577 2094 5635 initio:

2187 4896 2355 4954 culum
2394 4896 2603 4952 deserit.
2636 4924 2705 4936 —
2742 4894 2847 4951 Sed
2895 4908 2958 4950 ea
3004 4899 3349 4965 tempestate,
3382 4905 3525 4963 quos
3553 4891 3668 4947 sibi
3706 4891 3839 4948 ami’

2186 5002 2282 5045 cos
2321 4986 2684 5057 obsequium,
2729 4984 2798 5040 ab
2848 4983 3055 5040 eisdem
3102 4984 3304 5039 veritas
3359 4980 3835 5052 peperitcdium.

2184 5080 2488 5149 Imperator
2526 5076 2731 5147 quippe
2779 5074 3045 5130 Desiderii
3076 5074 3223 5145 regis
3255 5072 3515 5130 Italorum
3546 5071 3679 5128 ﬁlia
3710 5070 3841 5141 legio

2184 5223 2351 5278 DICTA
2381 5234 2556 5276 DOMNI
2592 5233 2819 5275 ABBATIS
2849 5218 3113 5274 Hmucmu
3154 5218 3218 5274 de
3256 5230 3472 5289 corpore
3500 5220 3551 5270 et
3578 5215 3839 5286 sanguine

2184 5293 2410 5348 Domini.
2468 5292 2617 5348 Sicut
2679 5295 2799 5346 ante
2852 5304 2949 5345 nos
2998 5290 3135 5345 dixit
3180 5290 3404 5360 quidam,
3436 5289 3682 5360 sapiens,
3732 5294 3836 5344 etc.

2183 5365 2479 5433 Herigerus
2518 5376 2684 5433 porro
2722 5362 2902 5418 vivere
2942 5361 3106 5418 desiit
3143 5359 3284 5418 anno
3321 5359 3474 5433 1008.

2258 5430 2372 5505 (37)
2398 5430 2665 5491 Nimirum
2693 5434 2966 5490 Gerardus
2995 5434 3133 5505 ipse,
3175 5433 3268 5504 qui
3305 5430 3559 5489 Corbeia
3600 5431 3835 5502 primum

2184 5504 2442 5576 adituus,
2477 5506 2606 5563 dein
2640 5505 2959 5563 cellerarius
2985 5504 3110 5562 fuit.
