4096 6156
328 311 461 365 1049

1694 313 1844 369 VITA
1883 313 1936 367 S.
1978 313 2310 370 ADALARDI

3554 319 3689 376 1050

317 438 452 493 timo
483 437 763 494 connubio
787 437 1009 507 nupsit;
1052 438 1148 494 sed
1179 442 1369 507 postea
1398 437 1528 493 odio
1559 439 1730 508 patris
1759 438 1957 507 injuria
1978 439 2177 510 Agali,
2219 438 2375 510 quasi
2421 437 2634 495 scilicet
2663 439 2766 494 hac
2812 440 3127 498 obedientia
3172 442 3462 512 injuriatus
3509 447 3693 506 ﬂecte-

316 542 569 598 perosam
620 527 947 597 repudiavit,
982 535 1036 583 et
1067 529 1304 598 perjuris
1341 529 1698 597 optimatibus
1727 531 1964 586 Franco-

316 631 436 672 rum
479 616 702 686 publico
760 617 1034 672 adulterio
1100 618 1323 672 alteram
1390 631 1559 687 regno
1616 619 1959 687 superduxit.

312 708 444 773 Qua:
479 721 566 761 res
598 712 864 775 quantum
918 707 1264 762 detestabilis
1322 705 1534 773 fuisset,
1595 707 1757 762 etiam
1816 723 1961 763 nunc

313 798 510 851 Oriens
539 797 824 851 Occidenti
865 795 1120 850 nuntiare
1149 797 1311 850 valet.
1355 799 1420 851 Et
1467 798 1512 851 si
1567 799 1746 852 minus
1797 798 1962 867 justis

315 885 544 940 omnino
575 885 925 954 displicebat,
986 885 1154 940 credo
1211 886 1337 955 quia
1395 887 1554 942 bonis
1610 893 1665 942 et
1703 887 1962 956 perfectis

313 975 534 1045 placere
569 989 678 1028 non
720 979 955 1043 poterat.
1006 975 1350 1044 Quapropter
1395 976 1738 1042 adolescens,
1789 977 1960 1033 omni-

314 1064 483 1119 modo
516 1064 796 1118 detestans
836 1063 1130 1132 propinqui
1180 1065 1264 1118 sui
1313 1064 1563 1120 illicitum
1604 1067 1954 1136 conjugium,

312 1153 535 1224 publice
565 1154 849 1209 obtestans
878 1155 1130 1222 perjuros
1152 1168 1270 1208 esse
1293 1155 1584 1222 optimates
1603 1157 1955 1220 Francorum,

314 1243 484 1313 elegit
513 1243 692 1298 adhuc
723 1257 861 1312 puer
890 1243 1149 1311 palatium
1186 1249 1240 1298 et
1270 1258 1390 1298 cum
1447 1243 1650 1313 palatio
1697 1245 1957 1300 saaculum

318 1340 658 1401 postponere
709 1347 868 1402 quam
919 1333 1119 1388 talibus
1155 1334 1434 1389 videretur
1481 1336 1872 1390 communicari
1905 1340 1958 1390 et

315 1422 655 1487 consentire,
680 1431 737 1476 ut
767 1422 1080 1491 propinquo
1110 1437 1270 1492 quem
1301 1425 1578 1478 contraire
1611 1423 1956 1493 prohibendo

310 1523 422 1566 non
447 1517 653 1580 posset,
687 1512 878 1566 saltem
900 1510 1160 1581 fugiendo
1189 1527 1248 1568 se
1279 1513 1572 1568 dissentire
1604 1519 1951 1569 monstrarat.

381 1600 436 1653 7.
479 1600 751 1656 Corbeiam
787 1616 845 1654 se
892 1601 1093 1671 recipit.
1135 1632 1206 1641 —
1234 1603 1514 1657 Abdicatis
1553 1603 1720 1673 igitur
1769 1604 1953 1672 palatii

311 1690 622 1760 insignibus
653 1695 708 1744 et
745 1690 1024 1756 tirocinio,
1066 1692 1380 1746 vicesimum
1430 1694 1608 1748 aetatis
1645 1708 1813 1764 agens
1858 1707 1955 1748 an-

2045 535 2198 584 retur
2227 529 2407 584 animo
2445 530 2514 584 ad
2549 529 2805 598 palatium
2845 531 3085 600 regredi.
3119 533 3287 600 Quam
3319 535 3688 592 obedientiam

2043 619 2362 673 monachice
2393 625 2448 672 et
2487 618 2724 673 libenter
2778 621 3042 687 suscepit,
3100 628 3154 675 et
3210 630 3520 692 susceptam
3583 639 3683 694 pro

2043 719 2204 774 posse
2237 714 2291 762 et
2331 721 2512 774 nosse,
2554 707 2749 763 devote
2783 710 3077 778 supplevit.
3112 711 3407 767 Excolebat
3437 713 3678 782 hortum,

2044 802 2247 851 etcum
2279 797 2442 850 Maria
2491 798 2807 866 requirebat
2856 799 2910 852 in
2963 799 3123 854 horto
3171 809 3548 871 resurgentem
3597 805 3685 858 Je-

2041 900 2179 941 sum.
2216 887 2411 942 Videre
2449 894 2567 941 erat
2605 901 2801 942 novum
2842 889 3108 944 cultorem
3157 904 3333 960 nuper
3381 891 3526 947 inter
3575 895 3686 963 pri-

2042 990 2161 1031 mos
2191 976 2376 1045 palatii
2408 976 2577 1031 latera
2599 991 2694 1031 sua
2726 985 3024 1041 tenentem,
3048 993 3192 1034 nunc
3224 985 3401 1035 rastro
3424 987 3478 1034 ct
3504 979 3686 1050 ligone

2043 1067 2247 1120 urticas
2278 1072 2438 1120 terra:
2479 1065 2800 1134 rapientem.
2841 1067 3037 1122 Videre
3069 1075 3185 1123 erat
3207 1070 3461 1137 juvenem
3494 1068 3687 1124 hortu-

2040 1153 2221 1209 lanum
2246 1169 2389 1210 nunc
2423 1156 2759 1211 laborantem
2792 1157 2848 1211 in
2888 1157 3099 1212 cuculla
3130 1172 3239 1213 non
3271 1171 3387 1224 sua,
3415 1171 3591 1228 nuper
3612 1158 3690 1213 in-

2041 1249 2125 1299 ter
2156 1245 2426 1314 palatinos
2483 1247 2793 1301 sericatum.
2836 1247 2940 1301 Sed
2992 1247 3110 1302 haec
3161 1249 3390 1303 mutatio
3439 1247 3681 1302 dexterae

2039 1334 2275 1400 Excelsi,
2310 1334 2403 1403 qui
2435 1349 2575 1403 quos
2601 1335 2714 1390 vult
2744 1341 2798 1390 et
2829 1334 3021 1404 quales
3047 1336 3162 1390 vult
3191 1337 3345 1406 eligit
3374 1335 3500 1402 sibi,
3531 1349 3688 1405 pror-

2038 1437 2131 1477 sus
2170 1423 2289 1478 hzee
2331 1430 2450 1478 erat
2481 1424 2564 1478 via
2597 1438 2696 1492 per
2724 1430 2885 1493 quam
2927 1432 3044 1479 erat
3074 1425 3260 1480 iturus
3281 1425 3349 1480 ad
3381 1432 3545 1480 astra.

2114 1511 2197 1565 10.
2241 1514 2497 1580 Cognatas
2525 1513 2748 1582 fugiens.
2781 1543 2852 1552 —
2880 1515 2992 1569 Nec
3022 1515 3104 1568 via
3144 1513 3346 1570 sufﬁcit
3378 1514 3499 1580 ista,
3534 1518 3686 1583 post-

2037 1616 2197 1670 quam
2229 1617 2327 1657 usu
2377 1603 2780 1674 progressionis
2827 1603 3077 1659 affectata
3125 1611 3228 1671 est,
3289 1618 3450 1672 posse
3509 1603 3685 1658 teneri

2035 1691 2168 1746 visa.
2237 1693 2442 1758 Qumrit
2509 1694 2822 1758 arctiorem,
2891 1700 2948 1747 ut
3017 1694 3191 1762 possit
3256 1693 3556 1748 ascendere
3615 1692 3685 1747 de

307 1793 461 1845 num,
495 1779 714 1849 quando
748 1779 1006 1848 juvenilis
1044 1782 1257 1836 animus
1304 1782 1601 1850 proclivior
1631 1783 1863 1838 habetur
1896 1784 1952 1838 in
1973 1773 2239 1835 Bvirtute
2270 1782 2325 1835 in
2357 1783 2634 1837 virtutem.
2687 1782 2830 1836 Nihil
2863 1783 2913 1837 ei
2953 1783 3169 1837 videtur
3221 1782 3324 1836 ista
3375 1781 3688 1836 conversio‘

307 1869 613 1938 peccando,
645 1870 835 1923 statuit
885 1869 1165 1938 suspicere
1219 1873 1407 1941 jugum
1466 1872 1688 1936 Christi,
1731 1872 1954 1928 liberta-

306 1964 415 2014 tem
449 1973 598 2013 suam
632 1961 751 2028 ejus
788 1959 1049 2014 servitute
1089 1959 1454 2016 nobilitando.
1511 1962 1609 2017 Cui
1676 1963 1802 2031 quia
1843 1977 1952 2018 non

303 2047 429 2102 ficte
459 2047 690 2102 militare
722 2047 1071 2116 disponebat,
1106 2049 1413 2104 caenobium
1445 2051 1501 2106 in
1542 2063 1650 2120 quo
1682 2052 1952 2108 militandi

304 2137 612 2206 exemplum
643 2138 942 2206 acciperet,
977 2152 1113 2193 nova
1144 2139 1411 2209 religione
1442 2142 1762 2210 quaerebat;
1796 2144 1953 2210 cujus

305 2227 594 2297 religionis
651 2226 870 2282 officina
901 2227 1106 2282 decens
1160 2229 1437 2284 invenitur
1493 2230 1667 2300 locus,
1727 2233 1820 2300 qui
1852 2245 1952 2286 vo-

305 2311 463 2370 catur
500 2316 753 2371 Corbeia.
796 2318 906 2372 Nec
961 2331 1089 2386 spes
1154 2332 1276 2372 eum
1335 2317 1547 2386 fefellit,
1610 2321 1737 2388 quia
1803 2321 1950 2390 quod

303 2405 500 2460 devote
532 2405 816 2474 quaerebat
866 2405 1119 2460 devotius
1159 2407 1264 2461 sibi
1312 2407 1496 2462 cessit.
1547 2409 1774 2474 Quantae
1805 2411 1950 2463 enim

299 2491 467 2549 fuerit
506 2495 812 2550 nobilitatis
866 2500 997 2550 tunc
1046 2495 1200 2550 locus
1249 2495 1340 2550 ille
1397 2497 1532 2551 satis
1597 2499 1951 2553 cernentibus

301 2582 482 2639 adhuc
513 2583 684 2639 claret
712 2583 956 2655 vestigiis
985 2591 1190 2639 tantum
1223 2585 1425 2640 veteris
1453 2586 1647 2642 ruina}.
1692 2589 1758 2642 Ut
1805 2590 1950 2642 enim

309 2671 490 2727 minus
520 2687 680 2742 quam
722 2673 882 2728 decet
921 2674 1097 2729 dicam
1155 2675 1224 2728 de
1280 2674 1440 2730 laude
1480 2677 1618 2744 ejus,
1676 2676 1794 2745 ipsa
1834 2685 1951 2732 erat

304 2763 575 2818 veraciter
603 2763 725 2818 aula
764 2765 860 2819 Dei
911 2772 966 2818 et
1022 2765 1229 2834 absque
1293 2766 1743 2834 concupiscentia
1803 2767 1949 2836 pomi

304 2851 446 2907 alter
484 2853 788 2921 paradisus.
823 2853 890 2907 Et
927 2854 1108 2923 qualis
1139 2862 1269 2910 tunc
1308 2861 1426 2910 erat
1482 2871 1605 2925 qua:
1659 2856 1823 2911 modo
1863 2857 1950 2910 vix

303 2942 460 3011 signa
487 2942 736 2998 Corbeiaa
775 2948 994 2997 servat?
1044 2943 1234 3012 utique
1291 2944 1416 2999 talis
1454 2945 1671 3014 qualem
1720 2945 1951 3001 decebat

303 3031 532 3088 militem
561 3031 757 3086 summi
797 3032 1161 3101 imperatoris.

2037 1869 2123 1922 nis
2152 1870 2444 1940 ingressio,
2476 1871 2581 1925 nisi
2611 1885 2710 1940 per
2748 1871 2887 1926 hanc
2920 1871 3185 1940 procedat
3223 1871 3327 1925 sibi
3365 1871 3541 1939 major
3569 1869 3685 1924 vir-

2037 1963 2212 2014 tutum
2247 1962 2578 2030 progressio.
2625 1961 2948 2016 Considerat
2978 1962 3082 2016 sibi
3115 1975 3224 2016 non
3257 1975 3448 2030 parum
3489 1959 3684 2016 obesse

2038 2048 2286 2117 cognatis
2308 2055 2362 2102 et
2385 2048 2704 2117 parentibus
2726 2049 2960 2104 medium
2985 2050 3272 2105 interesse.
3288 2049 3459 2104 Nimis
3479 2048 3686 2118 quippe

2038 2135 2372 2206 diligebatur
2409 2152 2437 2191 a
2487 2139 2621 2204 suis,
2677 2145 2732 2192 et
2771 2139 2896 2193 ideo
2946 2139 3086 2193 ultra
3142 2139 3477 2194 voluntatem
3531 2151 3684 2192 suam

2035 2225 2360 2281 visitabatur
2389 2227 2456 2280 ab
2488 2227 2602 2291 eis;
2655 2241 2778 2296 qua
2816 2228 3055 2282 visitatio
3105 2241 3214 2283 non
3273 2227 3518 2281 solamen
3577 2225 3683 2280 sibi

2036 2321 2174 2380 erat,
2208 2316 2304 2370 sed
2336 2317 2536 2371 mentis
2574 2315 2864 2371 desolatio.
2907 2317 3128 2386 Eligens
3177 2317 3380 2386 quippe
3433 2328 3543 2371 non
3584 2328 3684 2384 per

2034 2405 2183 2460 vices
2212 2406 2412 2460 Christi
2467 2421 2587 2461 esse
2645 2406 2970 2475 discipulus,
3030 2406 3158 2476 quia
3216 2407 3378 2462 etiam
3439 2407 3680 2475 seipsum

2034 2495 2335 2564 reliquerat
2377 2504 2577 2555 totum,
2616 2502 2786 2563 totus,
2847 2497 3069 2551 nolebat
3127 2497 3470 2566 propositum
3521 2507 3680 2549 suum

2033 2585 2290 2654 impediri
2350 2600 2379 2640 a
2439 2587 2780 2656 parentibus.
2837 2586 3040 2642 Oderat
3096 2587 3398 2642 nativitatis
3461 2583 3677 2651 solum,

2035 2675 2163 2744 quia
2197 2689 2297 2744 pro
2330 2675 2530 2730 talibus
2572 2682 2840 2744 quaestum
2872 2676 3121 2731 audierat
3170 2674 3362 2730 referri
3411 2673 3684 2743 centupli-

2033 2771 2234 2819 catum.
2295 2765 2372 2818 Eo
2421 2765 2590 2834 igitur
2637 2765 2802 2819 animi
2835 2765 3105 2834 processit
3145 2772 3204 2819 ut
3237 2764 3362 2818 talia
3393 2762 3676 2832 fugiendo,

2035 2854 2166 2922 quia
2195 2853 2356 2908 aliter
2385 2866 2494 2909 non
2547 2860 2781 2923 poterat,
2835 2853 3114 2909 declinare
3164 2853 3488 2908 decreverit.
3543 2853 3676 2906 Nam

2034 2943 2080 2997 si
2120 2943 2409 3012 quaesisset
2457 2943 2755 3010 licentiam,
2789 2944 2997 2998 sciebat
3035 2944 3140 2998 sibi
3191 2943 3415 2998 omnino
3465 2955 3674 3012 negan-

2036 3031 2181 3086 dam.
2212 3032 2350 3098 Quid
2382 3047 2512 3105 ergo
2543 3033 2790 3089 faceret?
2838 3033 3205 3104 irreligiosum
3254 3032 3543 3087 videbatur
3564 3071 3579 3096 ,
3629 3029 3676 3084 si

374 3122 429 3175 8.
467 3120 565 3176 Ubi
591 3125 730 3176 recte
759 3122 1038 3178 iiwtitutus.
1062 3123 1212 3176 —In
1233 3121 1340 3177 hoc
1360 3123 1545 3193 itaque
1578 3122 1699 3179 loco
1731 3105 2111 3194 pulsansCita
2141 3120 2471 3188 discederet,
2523 3123 2620 3178 sed
2659 3121 3042 3192 irreligiosius,
3101 3122 3149 3177 si
3207 3122 3351 3176 inter
3409 3119 3680 3175 luctantes

305 3217 360 3267 et
418 3209 689 3280 pulsando
747 3211 1062 3278 admissus,
1123 3212 1425 3267 secundum
1482 3213 1724 3284 regulam
1776 3215 1952 3270 sancti

302 3300 587 3356 Benedicti
627 3301 1018 3366 instituendus,
1080 3302 1256 3370 primo
1316 3301 1568 3371 deposita
1624 3303 1838 3358 sarcina
1897 3309 1952 3359 et

303 3390 495 3445 habitu
553 3389 804 3445 sazculari
861 3390 1244 3460 ingrediendo,
1302 3393 1471 3460 coepit
1529 3407 1752 3447 currere
1809 3393 1947 3448 viam

301 3478 682 3534 mandatorum
722 3479 838 3545 Dei,
881 3480 1175 3548 statimque
1206 3481 1510 3550 discipulus
1541 3481 1766 3536 effectus
1814 3481 1951 3551 legis

299 3568 520 3634 divinae,
564 3567 656 3637 qui
697 3574 854 3623 antea
880 3569 987 3636 jam
1024 3568 1300 3637 perfectus
1347 3576 1464 3624 erat
1502 3571 1761 3640 magister
1799 3585 1950 3626 mun-

303 3657 467 3712 dialis
498 3657 768 3722 scientiae,
820 3671 919 3726 per
965 3673 1188 3714 summa:
1237 3659 1560 3714 humilitatis
1597 3660 1946 3729 adeptionem

303 3746 552 3802 breviter
589 3746 956 3816 apprehendit
1015 3749 1299 3817 utriusque
1355 3749 1492 3819 legis
1531 3749 1944 3819 perfectionem.

300 3837 384 3892 Ad
425 3836 529 3892 hoc
569 3837 712 3891 enim
753 3843 1014 3904 venerat;
1047 3838 1173 3893 ideo
1214 3852 1323 3894 non
1364 3853 1591 3910 magnus
1636 3840 1794 3895 labor
1841 3841 1949 3896 dis-

303 3925 466 3992 cendi
501 3931 632 3982 erat.
671 3927 854 3981 Sancti
886 3941 1105 3996 quoque
1135 3927 1372 3997 Spiritus
1409 3929 1581 3998 gratia
1629 3931 1811 3985 omnia
1841 3931 1947 3986 sibi

300 4015 540 4071 faciebat
571 4016 852 4078 docibilia,
885 4018 1066 4072 omnia
1098 4019 1316 4088 penitus
1347 4020 1648 4088 possibilia.
1673 4021 1946 4090 Quidquid

300 4105 696 4173 imperabatur,
731 4107 803 4160 ita
837 4107 1062 4176 parebat
1101 4122 1163 4162 ac
1193 4108 1238 4162 si
1271 4108 1532 4164 divinitus
1561 4109 1944 4180 imperaretur.

298 4194 448 4249 Nulli
477 4195 753 4250 secundus
799 4202 916 4251 erat
973 4196 1298 4264 humilitate,
1338 4204 1411 4264 et,
1473 4198 1602 4254 licet
1668 4201 1944 4268 novitius,

301 4286 519 4340 cunctis
549 4291 727 4340 tamen
777 4287 930 4356 prior
986 4287 1271 4358 religione.
1334 4290 1472 4360 Erga
1531 4290 1744 4359 priores
1783 4291 1947 4362 digna

299 4375 532 4430 acclinis
560 4376 933 4443 veneratione,
986 4391 1112 4446 erga
1146 4378 1398 4446 juniores
1446 4385 1671 4448 paterna
1719 4381 1944 4437 affectus

299 4464 623 4520 dilectione.
658 4467 856 4535 Sicque
887 4467 1142 4521 omnibus
1171 4468 1353 4522 omnia
1386 4467 1581 4534 factus,
1615 4471 1777 4538 paulo
1820 4477 1944 4541 post

297 4569 495 4611 omnes
525 4555 785 4625 praecedit
815 4556 1110 4611 virtutibus
1148 4557 1242 4626 qui
1299 4558 1460 4626 paulo
1520 4564 1645 4613 ante
1703 4562 1942 4616 omnium

297 4649 422 4700 erat
486 4645 869 4714 pedissequus.
931 4649 1219 4714 Postquam
1260 4647 1673 4702 conversionem
1731 4663 1942 4706 morum

297 4740 426 4788 actu
458 4740 621 4802 atque
682 4733 870 4789 habitu
902 4733 1201 4803 professus,
1235 4749 1398 4805 quem
1437 4737 1719 4805 quaerebat
1758 4752 1945 4794 mona-

296 4821 484 4887 chum,
517 4823 777 4878 victorem
817 4823 871 4878 in
906 4824 1160 4880 cmnobio
1200 4839 1258 4879 se
1306 4823 1438 4880 fecit
1484 4827 1901 4883 monomachum
1926 4871 1941 4895 ,

295 4911 528 4967 dextera
555 4912 760 4982 quippe
792 4914 887 4968 Dei
928 4913 1288 4982 confortatus,
1322 4915 1597 4986 pugnabat
1628 4921 1819 4972 contra
1850 4932 1944 4974 ne-

295 5001 490 5071 quitiae
519 5001 825 5071 spiritualia
856 5003 911 5057 in
943 5003 1279 5059 coelestibus.

369 5090 423 5144 9.
459 5092 680 5146 Hortum
709 5091 922 5147 excolit.
955 5120 1026 5131 —
1055 5094 1296 5162 Cumque
1322 5094 1432 5162 jam
1463 5093 1518 5149 in
1552 5098 1761 5150 tantum
1789 5094 1941 5151 efflo-

295 5179 500 5234 ruisset
529 5187 590 5234 ut
619 5182 761 5235 intra
794 5181 1147 5236 monasticam
1181 5181 1526 5252 disciplinam
1558 5185 1728 5255 magis
1758 5185 1939 5242 inesse

292 5269 481 5324 animo
521 5269 839 5325 coelestibus
867 5284 1028 5339 quam
1070 5273 1304 5325 terrenis
1335 5273 1654 5329 crederetur
1683 5281 1738 5331 et
1769 5283 1936 5345 esset,

293 5358 658 5415 committitur
696 5360 745 5416 ei
796 5360 1047 5430 quaedam
1079 5360 1412 5428 obedientia,
1474 5369 1532 5418 ut
1572 5365 1626 5419 in
1685 5368 1940 5423 omnibus

291 5449 566 5519 probetur
594 5449 685 5505 illc
716 5463 890 5506 novus
937 5450 1232 5506 emnobita.
1262 5453 1686 5510 Commendatur
1715 5459 1763 5512 ei
1805 5472 1937 5513 cura

293 5538 444 5594 horti
475 5538 782 5606 excolendi,
826 5555 986 5598 causa
1026 5540 1239 5597 scilicet
1302 5541 1634 5600 obedientia:
1700 5544 1937 5604 fructum

292 5627 496 5685 exinde
536 5628 832 5699 referendi,
865 5637 918 5687 et
949 5631 1026 5704 (ut
1051 5631 1270 5702 quidam
1319 5631 1584 5703 asserunt)
1637 5633 1794 5703 jussu
1851 5651 1940 5692 re-

2033 3211 2240 3268 amicos
2269 3218 2598 3267 remaneret.

2111 3300 2194 3356 ll.
2233 3301 2442 3356 Secedz‘t
2474 3301 2738 3357 Casinum.
2778 3329 2846 3339 —
2876 3299 3112 3354 Proinde
3161 3299 3290 3353 dum
3333 3296 3463 3352 talia
3491 3300 3674 3350 mente

2031 3389 2200 3445 volvit
2229 3399 2284 3445 et
2313 3390 2561 3456 revolvit,
2595 3403 2810 3445 omnem
2843 3389 3241 3445 dubitationem
3265 3389 3409 3444 bona
3439 3385 3674 3442 intentio

2035 3479 2428 3548 pessuzndedit.
2461 3479 2613 3533 Alter
2641 3479 2785 3532 Elias
2815 3480 2998 3534 statim
3031 3480 3155 3550 fuga
3195 3479 3417 3545 labitur,
3458 3475 3675 3546 fugiens

2037 3567 2370 3638 voluptatem
2411 3567 2611 3634 carnis,
2644 3575 2915 3637 quatenus
2971 3569 3089 3638 ipse
3146 3569 3252 3624 sibi
3311 3567 3671 3631 inveniretur,

2031 3659 2196 3727 Cujus
2225 3665 2406 3712 autem
2438 3658 2516 3712 rei
2537 3657 2711 3727 gratia
2732 3656 2856 3713 foco
2890 3671 2990 3714 suo
3022 3659 3208 3725 cessit,
3237 3658 3393 3714 testis
3414 3664 3497 3713 est
3517 3656 3674 3712 locus

2030 3748 2098 3803 ad
2129 3761 2290 3817 quem
2325 3748 2574 3802 secessit.
2606 3748 2726 3802 Non
2758 3749 2901 3803 enim
2933 3750 3184 3818 quaesivit
3213 3748 3438 3819 aliquod
3481 3747 3672 3803 remis~

2029 3838 2196 3893 sioris
2232 3839 2358 3892 vita:
2420 3837 2824 3905 diverticulum,
2892 3840 2988 3894 sed
3046 3840 3325 3896 voluntate
3374 3845 3429 3895 et
3474 3838 3672 3894 itinere

2031 3927 2234 3982 dixerit
2272 3941 2493 3997 gressus
2531 3927 2598 3981 ad
2638 3934 2878 3983 montem
2907 3930 3181 3997 Casinum,
3214 3929 3308 3984 ubi
3340 3941 3448 3984 non
3481 3940 3673 3998 parum

2030 4017 2260 4072 honeste
2291 4023 2581 4086 susceptus
2611 4017 2746 4071 nihil
2778 4019 3034 4075 instantis
3072 4025 3126 4075 et
3164 4019 3411 4090 quaesita:
3441 4017 3542 4085 rei,
3576 4015 3673 4072 sed

2028 4108 2133 4163 alia
2170 4121 2269 4178 pro
2309 4108 2432 4162 aliis
2461 4114 2544 4162 est
2574 4116 2991 4166 commentatus.

2106 4198 2188 4253 12.
2222 4199 2458 4254 Eremita
2474 4198 2789 4269 praedicente
2816 4205 3109 4256 revocatur.
3132 4229 3204 4240 —
3222 4201 3342 4254 Non
3375 4204 3555 4253 tamen
3577 4197 3670 4254 diu

2028 4289 2209 4357 potuit
2242 4288 2466 4344 latuisse
2497 4303 2659 4359 quem
2692 4289 2836 4343 Deus
2894 4289 3115 4345 nolebat
3172 4289 3361 4353 latere,
3402 4288 3512 4342 imo
3570 4287 3672 4340 hac

2031 4375 2158 4446 fuga
2230 4377 2526 4446 gloriosius
2582 4377 2948 4448 magnificare.
3017 4376 3242 4444 Quidam
3313 4376 3540 4430 eremita
3596 4374 3672 4428 ibi

2035 4466 2338 4522 habebatur
2366 4469 2481 4538 qui,
2533 4467 2660 4523 dum
2702 4481 2823 4522 cum
2877 4466 3079 4522 famulo
3136 4467 3231 4522 Dei
3282 4463 3674 4535 hospitalitatis

2029 4558 2366 4613 humanitate
2404 4558 2826 4624 sermocinatur,
2862 4557 3114 4627 praidicit
3162 4557 3268 4612 sibi
3299 4569 3532 4626 quaeque
3580 4553 3673 4609 fu-

2029 4653 2171 4715 tura,
2213 4652 2268 4702 et
2316 4647 2440 4718 quis
2479 4654 2643 4715 esset,
2678 4656 2732 4704 et
2770 4647 2914 4702 unde
2955 4653 3102 4703 esset
3131 4651 3186 4702 et
3215 4648 3374 4717 cujus
3403 4646 3482 4700 rei
3513 4644 3670 4700 adve-

2027 4737 2201 4792 nisset
2228 4738 2423 4808 gratia.
2454 4737 2621 4792 Addit
2657 4737 2884 4808 insuper
2921 4752 3043 4808 qua:
3082 4737 3187 4794 sibi
3227 4736 3447 4792 minime
3488 4735 3673 4805 place-

2027 4833 2171 4894 rent,
2213 4827 2426 4883 scilicet
2456 4829 2583 4898 quia
2612 4827 2776 4899 legati
2817 4829 3188 4898 imperatoris,
3229 4827 3408 4883 secuti
3440 4840 3562 4882 eum
3601 4825 3670 4880 ad

2025 4915 2421 4983 reducendum,
2455 4918 2572 4973 sine
2613 4917 2877 4974 dilatione
2930 4918 3145 4974 venturi
3201 4924 3406 4975 essent.
3464 4914 3672 4982 Quibus

2025 5005 2227 5061 auditis
2265 5007 2348 5061 vir
2385 5007 2479 5062 Dci
2512 5007 2819 5062 dissimulat
2856 5007 3101 5079 quidem,
3134 5008 3230 5064 sed
3281 5006 3454 5064 tristis
3501 5004 3671 5062 efﬁci-

2025 5100 2152 5164 tur;
2185 5103 2239 5152 et
2278 5097 2496 5152 brevius
2528 5097 2741 5167 prolato
2791 5098 3071 5169 colloquio
3123 5100 3374 5166 invicem,
3425 5098 3494 5154 ab
3534 5095 3672 5153 invi-

2024 5199 2142 5242 cem
2197 5201 2296 5256 pro
2354 5201 2413 5243 se
2453 5189 2597 5243 orari
2658 5192 2890 5256 petunt,
2943 5196 2999 5244 et
3053 5189 3430 5254 consolantur,
3477 5187 3668 5258 sicque

2022 5275 2287 5333 secedens
2334 5276 2400 5332 ad
2462 5279 2670 5332 Patrem
2731 5278 3049 5333 monasterii
3118 5292 3333 5333 causam
3402 5277 3668 5333 adventus

2021 5367 2107 5422 sui
2174 5365 2392 5422 tandem
2463 5366 2793 5433 confitetur;
2873 5369 3074 5437 quaerit
3131 5367 3468 5434 consultum,
3528 5367 3667 5436 petit

2022 5455 2318 5522 auxilium,
2381 5461 2639 5525 precatur
2689 5455 3024 5512 abscedendi
3066 5457 3278 5527 capiam
3306 5500 3320 5524 ,
3363 5457 3663 5524 licentiam,

2022 5550 2237 5615 tempus
2266 5551 2321 5600 et
2351 5546 2552 5612 locum,
2587 5551 2646 5602 ut
2672 5545 2834 5603 liceat
2863 5547 2969 5603 sibi
2998 5547 3230 5603 ulterius
3278 5548 3510 5620 migrare
3553 5563 3664 5620 quo

2023 5648 2124 5690 nec
2153 5634 2408 5693 audiatur
2438 5649 2636 5693 nomen
2679 5650 2854 5694 suum.
2888 5639 2955 5695 At
3004 5636 3097 5694 ille
3126 5636 3356 5695 laudans
3402 5638 3666 5695 intentio-
