4096 6156
431 313 564 371 1051

1481 313 1537 369 S.
1578 311 1869 368 GERALDI
1907 298 2184 369 ABBATIS
2222 307 2738 367 SlLVE-MAJORIS

3661 305 3802 361 1052

426 455 572 510 nem,
605 453 714 498 non
746 439 944 494 avertit
981 440 1326 509 petitionem,
1368 438 1464 495 sed
1517 437 1702 494 differt
1746 438 2280 510 responsio-Aqua:
2345 435 2450 491 sibi
2491 432 2749 490 afﬁuebat
2813 445 2914 503 per
2969 432 3365 504 erogationem.
3415 433 3691 503 Erogabat
3745 437 3808 488 et

425 544 573 587 nem.
612 530 781 599 Cujus
843 529 1225 597 responsionis
1284 528 1552 584 dilatione
1598 528 1784 584 statim
1846 528 2071 584 interci-
2150 524 2501 593 abundabat;
2552 522 2863 579 donabatur
2889 535 3013 577 cum
3053 520 3253 588 dabat;
3321 521 3449 590 quia
3497 521 3681 577 divina
3720 535 3806 576 re-

427 621 654 690 piuutur
691 618 1042 687 imperatoris
1100 618 1411 687 precatoria
1468 616 1763 687 legatione.
1823 619 1888 673 Et
1943 618 2071 688 quia
2152 615 2382 671 tributio
2422 627 2545 669 eum
2602 626 2822 682 semper
2881 610 3269 681 praeveniebat.
3329 610 3485 678 Quod
3533 611 3650 666 suis
3690 624 3803 667 non

427 724 605 767 annus
633 714 737 775 est,
771 708 897 763 dum
928 706 1252 775 moliuntur,
1295 707 1631 774 molitiones,
1673 707 1823 763 illico
1875 706 2073 763 dissol-

424 805 644 854 vuntur.
684 796 917 853 Auditur
945 796 1233 867 imperiale
1273 798 1607 865 mandatum,
1651 804 1706 853 et
1742 796 1932 854 audito
1971 811 2075 867 pa-

426 888 565 945 riter
602 886 815 943 reditur
842 886 1255 943 monasterium.

504 977 586 1032 13.
644 975 875 1034 Corbeiw
920 976 1175 1032 reclusus.
1222 1006 1292 1017 —
1329 977 1396 1032 Et
1452 976 1579 1047 quia
1640 976 1707 1031 ad
1762 982 1946 1032 votum
1987 989 2076 1031 res

427 1072 609 1139 ccepta
662 1065 770 1122 sibi
819 1079 931 1122 non
972 1066 1385 1136 suppeditabat,
1447 1067 1503 1121 in
1543 1067 1627 1120 sui
1669 1065 1915 1135 disponit
1954 1078 2075 1119 esse

427 1156 831 1228 qualiscunque
870 1155 927 1210 in
984 1155 1167 1212 alieno
1206 1155 1331 1211 loco
1371 1168 1492 1211 esse
1540 1154 1881 1211 decreverat.
1924 1154 2078 1209 Inter

425 1250 682 1317 parentes
718 1250 826 1300 stat
863 1249 917 1299 et
949 1250 1222 1313 parentes
1258 1242 1420 1314 fugit,
1461 1243 1587 1313 quia
1646 1242 1943 1297 claustrum
1975 1254 2077 1311 pro

426 1345 613 1389 eremo
647 1331 878 1399 habens,
920 1332 1267 1387 orationibus
1296 1330 1523 1386 insistit.
1566 1329 1713 1385 Nihil
1743 1329 1909 1384 habet
1940 1343 2077 1397 prm-

427 1428 513 1476 ter
551 1434 633 1488 se,
666 1420 735 1476 de
774 1421 961 1491 seipso
991 1433 1217 1491 regnum
1250 1420 1345 1475 Dei
1375 1419 1563 1474 studet
1600 1417 1706 1473 sibi
1736 1430 2076 1488 comparare,

427 1508 630 1580 vigiliis
660 1515 835 1571 vacat,
872 1509 1085 1578 jejunio
1115 1522 1174 1564 se
1207 1508 1506 1563 excruciat.

504 1596 588 1652 l4.
627 1596 808 1652 Abbas
864 1596 1091 1666 eligitur.
1153 1596 1314 1652 Italia
1371 1610 1542 1666 regem
1596 1596 1871 1667 Pippinum
1905 1593 2081 1649 mode-

426 1692 600 1741 ratur.
626 1716 700 1726 —
727 1687 966 1742 Proinde
997 1686 1121 1742 talis
1159 1685 1397 1742 efﬁcitur
1424 1692 1484 1741 ut
1514 1699 1624 1742 non
1655 1685 1832 1741 solum
1862 1683 2078 1750 ordine,

2154 703 2546 769 credentibus,
2615 701 2712 757 sed
2779 700 3093 756 ferentibus
3149 698 3375 770 indigne
3448 700 3634 756 taliter
3672 700 3809 755 olim

2155 793 2503 863 propalatum
2543 796 2628 847 est
2666 791 2850 846 divina
2880 790 3149 846 bonitate.

2235 881 2319 935 16.
2388 881 2601 938 Eximio
2676 878 2933 951 exemplo.
2983 908 3057 919 —
3100 880 3269 933 Tanta
3335 877 3574 948 denique
3636 893 3813 949 super

2160 976 2414 1042 petentes
2477 970 2728 1041 largitate
2768 984 2900 1024 usus
2937 974 3023 1024 est
3086 967 3385 1038 aliquando
3440 972 3502 1023 ut
3536 966 3812 1024 fratribus

2159 1061 2426 1130 pulmenti
2455 1059 2593 1115 nihil
2625 1062 2772 1115 esset
2801 1057 3010 1113 residui
3040 1057 3287 1123 omnino,
3320 1069 3431 1112 non
3457 1057 3661 1126 pisces,
3696 1071 3809 1112 non

2157 1164 2369 1217 caseus,
2411 1162 2523 1205 non
2554 1148 2755 1218 aliquis
2792 1152 2997 1217 praeter
3043 1160 3235 1216 panem
3284 1146 3683 1202 monachorum
3724 1146 3811 1201 vi-

2159 1245 2297 1296 ctus.
2342 1239 2498 1295 Unde
2530 1238 2653 1308 plus
2676 1239 2828 1307 justo
2877 1236 3194 1307 indignatus
3240 1235 3428 1303 frater,
3479 1237 3576 1307 qui
3616 1236 3812 1292 talium

2159 1335 2278 1385 erat
2315 1328 2625 1399 assignatus
2662 1326 2949 1382 minister:
2997 1346 3023 1374 ι
3071 1326 3258 1392 Miror,
3300 1327 3398 1391 ait,
3439 1326 3621 1393 Pater,
3672 1325 3812 1395 quid

2159 1418 2265 1474 sibi
2303 1417 2436 1474 velit
2475 1421 2622 1473 tanta
2661 1415 2946 1486 expensio,
2990 1422 3046 1470 et
3074 1412 3273 1470 exinde
3312 1414 3463 1470 nulla
3489 1428 3519 1469 a
3556 1428 3817 1484 quocun-

2159 1523 2268 1580 que
2307 1508 2586 1579 repensio.
2617 1508 2738 1563 Non
2768 1505 2950 1561 animo
2989 1504 3211 1560 reducis
3257 1505 3519 1574 penurias
3553 1503 3810 1571 fratrum,

2158 1602 2220 1653 ut
2248 1598 2520 1665 deberes;
2571 1596 2667 1652 sed
2707 1595 2998 1667 egentibus
3025 1595 3325 1660 succurris,
3358 1600 3413 1650 et
3441 1595 3561 1664 ipse
3593 1608 3745 1665 eges.
3784 1616 3813 1643 ι»

2161 1688 2350 1744 Atille
2388 1686 2684 1743 subridens
2711 1683 3147 1741 dissimulando:
3183 1684 3363 1739 «Non
3403 1683 3670 1749 turberis,
3713 1685 3814 1752 ait,

432 1774 531 1831 sed
562 1773 726 1830 etiam
751 1775 964 1830 honore
994 1775 1279 1830 sublimari
1329 1775 1607 1845 dignetur.
1646 1776 1759 1829 Nec
1798 1775 1858 1829 ﬁt
1894 1773 2350 1843 aliquaBﬁ-ater,
2418 1775 2763 1846 inquirentes
2827 1773 2971 1830 enim
3025 1773 3313 1829 Dominum
3378 1785 3491 1828 non
3549 1773 3816 1829 deﬁcient

432 1862 768 1919 sublimandi
826 1863 1042 1930 dilatio,
1084 1870 1408 1919 cunctorum
1467 1863 1635 1919 corda
1673 1863 1742 1918 ad
1800 1863 1854 1918 id
1894 1863 2081 1931 dispo-

432 1957 599 2007 nente
627 1952 760 2008 Deo.
796 1954 957 2007 Pater
986 1952 1191 2022 quippe
1221 1952 1561 2019 monasterii,
1596 1951 1848 2021 corporis
1875 1950 2083 2005 viribus

432 2055 492 2096 se
558 2041 808 2097 sentiens
868 2041 1116 2109 destitui,
1187 2041 1421 2097 electum
1487 2041 1694 2096 adnutu
1758 2046 2082 2096 cunctorum

435 2131 757 2202 subrogavit
792 2131 1143 2187 Adalardum.
1204 2132 1371 2201 Cujus
1419 2131 1704 2202 dignitatis
1741 2131 1953 2186 honore
1993 2130 2077 2184 in-

437 2220 707 2286 dusiatus,
740 2227 796 2275 et
834 2236 864 2275 a
903 2221 1155 2290 principe
1204 2221 1358 2291 regni
1399 2220 1651 2290 legaliter
1679 2220 2042 2276 intronizatus
2065 2260 2080 2286 ,

435 2321 546 2364 non
570 2308 809 2363 efﬁcitur
829 2308 1222 2379 philopompus
1244 2309 1497 2379 (38),non
1520 2315 1579 2364 ut
1601 2308 1788 2378 plures
1808 2308 2078 2373 adsolent,

434 2397 843 2468 pompolentus.
884 2398 1071 2465 Qualis
1118 2398 1237 2467 ipse
1277 2404 1414 2465 erat,
1448 2396 1587 2452 tales
1624 2411 1755 2453 suos
1794 2411 1914 2452 esse
1938 2396 2086 2452 vole-

436 2487 548 2553 bat,
591 2492 648 2542 et
684 2493 744 2541 ut
781 2493 988 2553 essent,
1031 2486 1283 2557 exemplo
1322 2486 1596 2553 trahebat,
1648 2485 1833 2541 verbis
1871 2484 2082 2555 praedi-

434 2577 615 2631 cabat.
656 2576 770 2630 Nec
799 2575 989 2631 deerat
1038 2575 1421 2644 praadicationi
1471 2574 1757 2644 multiplex
1812 2576 2081 2640 scientia;

435 2663 723 2719 scientiam
753 2676 884 2719 vero
922 2662 1189 2719 fundabat
1217 2664 1274 2719 in
1306 2663 1569 2725 cordibus
1597 2664 1913 2720 auditorum
1946 2678 2088 2734 prae-

442 2752 622 2809 dulcis
652 2752 927 2809 facundia.
970 2756 1028 2809 In
1061 2768 1168 2824 qua
1199 2768 1360 2823 quam
1392 2754 1656 2810 decenter
1695 2755 1941 2821 emicuit,
1971 2768 2087 2810 om-

438 2844 524 2899 nis
561 2843 751 2910 Gallia,
776 2858 898 2913 quae
930 2846 1050 2914 ejus
1078 2844 1311 2900 consilio
1344 2844 1705 2911 innitebatur,
1738 2849 1930 2914 pacata
1959 2858 2088 2913 pro-

438 2932 624 2997 bavit;
666 2933 899 2989 maxime
936 2946 1067 2988 vero
1106 2933 1260 2987 italia
1299 2948 1424 3002 quae
1461 2933 1568 2988 sibi
1606 2949 1636 2988 a
1675 2933 1872 2988 Carolo
1910 2932 2087 2987 fuerat

435 3020 746 3085 commissa,
807 3026 866 3075 ut
923 3022 1154 3090 Pippino
1192 3022 1404 3077 Juniori
1462 3022 1530 3077 ad
1570 3022 1873 3091 regendum
1911 3022 2088 3092 magi-

2164 1868 2313 1923 omni
2352 1866 2518 1922 bono.
2577 1865 2677 1930 Tu,
2726 1863 2907 1933 inquit
2949 1862 3065 1929 ille,
3105 1863 3182 1917 ita
3214 1875 3433 1931 semper
3488 1861 3812 1932 polliceris;

2164 1957 2262 2013 sed
2283 1969 2394 2013 non
2420 1955 2501 2010 sic
2519 1953 2786 2010 continuo
2807 1951 3028 2007 dabitur
3047 1950 3197 2021 quod
3226 1950 3613 2007 indesinenter
3642 1951 3816 2007 effun-

2166 2048 2272 2103 dis.
2313 2044 2472 2101 Prius
2519 2043 2762 2099 sentient
2797 2041 2997 2097 fratres
3044 2040 3445 2111 expendentem
3493 2055 3660 2111 quam
3710 2041 3817 2096 de-

2166 2138 2333 2193 beant
2358 2134 2547 2190 videre
2568 2132 2983 2203 rependentem.
3011 2151 3040 2180 »
3060 2132 3229 2186 Tanta
3259 2130 3573 2186 lacessitum
3597 2131 3814 2186 Patrem

2167 2224 2548 2294 indignatione
2614 2220 2709 2291 qui
2767 2219 3144 2290 indignantem
3211 2218 3526 2289 patiebatur
3589 2217 3815 2275 fratrem

2166 2327 2267 2384 pro
2306 2312 2596 2378 charitate,
2638 2310 2881 2379 respexit
2926 2308 3071 2364 ﬁlius
3116 2308 3421 2375 charitatis,
3462 2312 3520 2364 et
3567 2310 3819 2378 porrexit

2166 2416 2386 2459 manum
2424 2400 2713 2471 largitatis.
2754 2399 2945 2455 Statim
2976 2397 3121 2453 enim
3170 2398 3372 2453 adsunt
3417 2396 3532 2454 duo
3569 2397 3821 2467 plaustra

2168 2506 2269 2563 pro
2298 2492 2529 2558 foribus,
2561 2502 2673 2545 non
2704 2489 2871 2545 boum
2900 2487 3229 2555 ministerio,
3269 2486 3365 2543 sed
3412 2487 3672 2542 ministro
3722 2488 3821 2541 Dei

2169 2582 2407 2640 deducta
2463 2580 2748 2646 divinitus,
2789 2592 2958 2635 unum
3015 2582 3273 2633 onustum
3324 2578 3521 2643 caseis,
3580 2576 3821 2632 alterum

2170 2672 2435 2744 piscibus.
2465 2671 2580 2737 Qua
2610 2669 2802 2724 beatus
2857 2669 3020 2723 Pater
3063 2666 3379 2722 visitatione
3418 2665 3713 2733 relevatus,
3768 2673 3825 2721 et

2170 2763 2295 2835 plus
2332 2759 2719 2831 redargutione
2758 2755 2943 2812 fratris
2981 2771 3142 2826 quam
3183 2756 3345 2812 etiam
3375 2756 3494 2826 ipsa
3524 2755 3826 2811 relevatio-

2171 2867 2240 2908 ne
2269 2851 2507 2921 gavisus,
2552 2847 2730 2917 jubet,
2773 2852 2828 2901 et
2865 2844 3023 2900 adest
3078 2844 3230 2901 illico
3286 2843 3379 2900 ille
3430 2847 3640 2914 jussus.
3700 2848 3823 2912 Quo

2172 2946 2406 3011 praesto:
2435 2956 2463 2989 «
2485 2935 2846 2999 Timentibus,
2866 2933 3066 3003 inquit,
3080 2931 3476 3000 Deum,frater,
3498 2933 3640 2988 nihil
3664 2934 3823 2989 deest

2170 3028 2507 3100 aliquando;
2550 3026 2746 3081 beatus
2773 3024 2857 3080 vir
2884 3022 2977 3093 qui
3016 3028 3201 3092 sperat
3238 3023 3294 3078 in
3341 3036 3429 3079 eo.
3470 3024 3633 3091 Ecce,
3666 3022 3823 3093 quod

433 3112 658 3172 straret,
690 3111 746 3161 et
782 3107 851 3162 ad
891 3112 1148 3162 stateram
1185 3108 1414 3176 justitize
1446 3121 1676 3179 regnum
1715 3108 1961 3163 Italicum
1995 3107 2401 3176 iu-Ctimebas
2429 3130 2460 3171 a
2494 3117 2605 3170 Deo
2647 3113 2898 3184 arguitur
2921 3155 2934 3177 ,
2996 3117 3049 3167 et
3088 3110 3447 3167 incredulitas
3502 3118 3594 3167 tua
3623 3116 3822 3181 aperte

435 3196 720 3263 formaret,
764 3196 858 3251 ubi
898 3202 1101 3251 tantam
1150 3203 1412 3267 operatus
1460 3204 1544 3253 est
1595 3199 1913 3267 aequitatem
1958 3205 2018 3253 ut
2055 3212 2087 3252 a

435 3284 641 3354 populo
673 3286 1075 3355 comparaverit
1113 3285 1219 3341 sibi
1259 3285 1563 3356 angelicam
1594 3286 1831 3343 laudem.
1873 3286 2089 3342 Nullius

438 3373 584 3429 enim
614 3374 671 3429 in
706 3374 918 3444 judicio
957 3387 1249 3444 personam
1308 3376 1527 3446 accepit
1565 3388 1745 3445 neque
1789 3376 1846 3431 in
1901 3377 2087 3446 scirpo

445 3462 651 3520 nodum
680 3464 957 3533 quaesivit.
999 3465 1059 3519 In
1088 3465 1341 3536 ingressu
1371 3477 1472 3521 suo
1502 3478 1719 3521 omnem
1748 3466 2088 3536 tyrannicam

440 3552 702 3624 deposuit
732 3559 1082 3623 potestatem,
1116 3567 1306 3610 eorum
1337 3555 1571 3623 scilicet,
1603 3556 1699 3626 qui
1753 3556 1903 3612 velut
1949 3570 2091 3625 prte-

449 3641 626 3697 dones
682 3642 739 3698 in
805 3642 1013 3713 populo
1052 3645 1386 3699 exercebant
1412 3644 1665 3714 rapiendi
1704 3644 2084 3715 tyrannidem,

441 3731 740 3801 unicuique
779 3745 878 3786 sua
931 3732 1213 3797 restituit,
1255 3738 1311 3788 et
1366 3732 1446 3788 sic
1507 3732 1654 3789 inter
1710 3746 1807 3790 eos
1831 3733 2089 3805 jurgandi

436 3832 656 3875 causam
695 3820 966 3888 destituit,
1008 3834 1309 3891 pacemque
1347 3822 1555 3879 unitam
1593 3823 1899 3880 constituit.

523 3907 606 3963 l5.
647 3912 691 3963 A
744 3910 918 3963 Leone
949 3923 1095 3980 papa
1148 3910 1441 3966 Laudatus.
1495 3912 1663 3978 Quam
1724 3911 1979 3969 liberalis.
2018 3942 2091 3952 —

439 3997 644 4052 Taliter
691 3996 859 4066 igitur
923 3997 1273 4067 disponendo
1327 4013 1578 4070 regnum,
1646 4003 1898 4070 pervenit
1953 4002 2091 4057 ﬁnes

439 4086 834 4151 Romanorum,
875 4086 969 4141 ubi
1002 4100 1033 4141 a
1067 4088 1249 4142 Leone
1288 4100 1429 4157 papa
1469 4094 1619 4144 tanta
1665 4097 1957 4160 susceptus
2005 4096 2090 4147 est

440 4174 812 4231 familiaritate
877 4180 1082 4244 quanta
1147 4176 1419 4233 neminem
1478 4179 1812 4235 Francorum
1870 4186 2088 4237 constat

438 4265 594 4335 prius
647 4270 965 4335 susceptum
1004 4264 1192 4321 fuisse.
1224 4267 1337 4322 Nec
1400 4266 1457 4323 id
1497 4281 1627 4325 casu
1680 4270 1881 4338 evenit,
1922 4270 2085 4327 talem

440 4355 646 4425 quippe
677 4367 801 4410 eum
832 4354 1076 4422 invenit;
1111 4355 1238 4411 ideo
1269 4355 1376 4413 hoc
1406 4356 1457 4413 ei
1489 4359 1863 4416 testimonium
1902 4360 2089 4431 perhi-

2169 3204 2533 3264 convincitur.
2576 3202 2873 3258 Convictus
2927 3199 3145 3256 tandem
3204 3198 3489 3263 erubesce,
3550 3204 3608 3254 et
3664 3212 3823 3254 acce-

2170 3297 2279 3367 ptis
2306 3309 2429 3366 quae
2458 3291 2767 3363 repetebas,
2799 3289 2914 3346 noli
2953 3288 3188 3359 amplius
3215 3288 3533 3359 desperare.
3566 3307 3596 3340 ››
3624 3292 3696 3344 At
3723 3287 3824 3343 ille

2170 3385 2463 3442 discedens
2488 3380 2770 3447 confusus,
2811 3383 2931 3435 erat
2968 3378 3113 3434 enim
3151 3378 3529 3448 simplicitate,
3557 3377 3657 3434 sed
3704 3391 3821 3433 non

2170 3475 2290 3531 sine
2328 3470 2454 3527 felle
2484 3468 2871 3526 columbinus:
2907 3467 3038 3521 «Da
3076 3464 3231 3531 mihi,
3281 3465 3481 3535 inquit,
3514 3467 3696 3528 Pater,
3725 3478 3824 3520 ve-

2171 3562 2336 3627 niam,
2384 3565 2548 3629 peto;
2610 3556 2876 3626 deinceps
2935 3555 3143 3625 quippe
3199 3554 3419 3610 credam
3476 3553 3577 3609 tibi
3633 3552 3824 3610 omnia

2171 3650 2369 3706 cedere
2408 3662 2509 3718 pro
2538 3651 2686 3703 voto.
2719 3644 2991 3701 Redditur
3027 3643 3176 3714 quod
3220 3642 3443 3709 dedisti,
3477 3642 3605 3712 quia
3646 3641 3824 3697 habes

2172 3736 2319 3807 quod
2349 3735 2632 3807 accepisti,
2655 3734 2883 3806 gratiam
2905 3746 3067 3803 quam
3096 3731 3367 3788 meruisti.
3393 3750 3421 3783 »
3444 3732 3584 3787 Vera
3603 3729 3823 3787 confes-

2169 3827 2275 3894 sio,
2316 3839 2420 3883 nec
2450 3825 2673 3882 dissona
2698 3838 2731 3880 a
2759 3822 2978 3880 merito.
3007 3823 3129 3878 Non
3158 3821 3305 3877 enim
3326 3828 3446 3877 erat
3468 3820 3819 3891 semitargus,

2169 3916 2268 3973 sed
2290 3931 2357 3972 ex
2380 3916 2596 3987 integro
2617 3920 2782 3972 totus.
2811 3912 3064 3979 Mentior,
3087 3912 3134 3967 si
3164 3910 3496 3968 testimoniis
3516 3909 3816 3966 destituor.

2249 4004 2332 4059 17.
2377 4005 2476 4061 Ρὶα
2513 4004 2843 4061 discretione.
2872 4032 2944 4043 -
2971 4000 3025 4057 Si
3057 4000 3279 4071 quando
3321 3998 3542 4056 fortuna
3590 4005 3819 4070 egentes

2170 4095 2276 4152 sibi
2305 4094 2676 4165 praesentabat
2705 4093 2791 4149 bis
2820 4105 3010 4158 unum,
3047 4096 3107 4147 et
3134 4103 3345 4162 agapen
3377 4088 3629 4159 utrisque
3661 4102 3817 4144 com-

2172 4189 2563 4254 petentemnon
2587 4183 2825 4238 habebat
2844 4181 2911 4237 ad
2934 4193 3174 4246 manum,
3197 4178 3372 4235 satius
3390 4177 3657 4234 censebat
3688 4178 3822 4233 alte.

2170 4273 2214 4329 ri
2245 4279 2420 4330 totum
2446 4272 2714 4338 tribuere,
2746 4283 2909 4340 quam
2947 4276 3181 4340 uterque
3210 4280 3401 4324 eorum
3430 4280 3575 4337 pene
3603 4267 3821 4323 inelee-

2171 4368 2489 4433 mosynatus
2525 4360 2806 4417 videretur
2835 4358 3135 4425 recedere;
3184 4357 3276 4413 isti
3306 4356 3664 4427 impendebat
3693 4357 3818 4426 pie-

439 4444 598 4500 buit:
645 4464 670 4494 ι
710 4443 882 4512 Scias,
923 4443 1125 4515 inquit,
1176 4446 1407 4515 Optime
1440 4448 1794 4518 Francorum;
1853 4450 1982 4521 quia
2036 4448 2299 4512 siDtatis
2319 4449 2592 4518 eﬁ‘ectum,
2614 4448 2695 4504 illi
2716 4446 3117 4505 benevolentia:
3138 4445 3517 4502 tantummodo
3538 4443 3818 4501 affectum.

439 4532 588 4589 aliud
629 4538 683 4588 te
712 4533 977 4589 invenero
1008 4540 1210 4603 praater
1270 4535 1420 4605 quod
1461 4536 1618 4594 affeci
1657 4540 1918 4607 animum,
1950 4539 2088 4596 nulli

441 4622 706 4692 deinceps
744 4622 965 4678 credam
1021 4628 1347 4680 vestratum.
1410 4643 1439 4678 »
1480 4628 1687 4698 Magnae
1743 4630 2090 4685 auctoritatis

441 4711 646 4779 homo,
704 4711 864 4782 cujus
901 4710 1038 4767 ﬁdes
1077 4726 1267 4782 parum
1307 4712 1464 4769 devia
1518 4716 1684 4772 unius
1739 4718 1895 4788 regni
1932 4717 2090 4775 ﬁeret

440 4799 745 4856 evacuatio.
787 4798 894 4855 Sed
925 4799 1204 4868 quomodo
1244 4801 1312 4856 ab
1361 4815 1425 4857 ea
1475 4811 1664 4872 posset
1701 4804 1942 4874 deviare,
1992 4807 2089 4876 qui

439 4902 560 4945 eam
616 4888 964 4944 deviantibus
1017 4889 1274 4946 studebat
1328 4890 1707 4965 redintegrare
1737 4936 1752 4962 ,
1813 4902 1870 4951 et
1924 4896 2090 4951 etiam

440 4978 873 5049 imperatoribus
936 4979 1166 5049 scriptis
1230 4980 1527 5037 intimare?
1591 4983 1651 5037 In
1727 4984 1829 5039 hac
1898 4985 2089 5055 utique

443 5068 597 5124 dives
634 5074 772 5135 erat,
813 5067 911 5124 sed
950 5082 1134 5125 rerum
1172 5071 1364 5126 mundi
1401 5070 1648 5141 aporiam
1694 5072 2084 5145 [indigentiam]

448 5164 646 5229 sponte
675 5157 781 5214 sibi
819 5156 1112 5226 inferebat,
1155 5158 1285 5229 quia
1333 5159 1390 5214 in
1430 5160 1648 5218 Christo
1705 5177 1915 5233 pauper
1969 5178 2090 5219 esse

444 5247 681 5303 volebat.
713 5247 1032 5317 Accipiebat
1060 5262 1091 5302 a
1117 5247 1303 5303 multis
1349 5255 1559 5317 mutuo,
1622 5258 1683 5306 ut
1718 5266 1939 5322 semper
1988 5253 2094 5309 da-

446 5341 550 5401 ret,
600 5341 657 5391 et
710 5350 929 5406 semper
983 5337 1251 5405 haberet;
1313 5344 1369 5393 et
1427 5346 1608 5395 tamen
1647 5354 1867 5410 semper
1904 5349 2094 5413 egeret

445 5424 810 5482 restituendo.
836 5427 1065 5496 Semper
1092 5427 1243 5483 inter
1271 5440 1463 5484 manus
1492 5428 1730 5485 habebat
1760 5429 2089 5501 largitatem,

2248 4539 2330 4594 l8.
2370 4541 2745 4609 Lacrymarum
2781 4537 2916 4592 dono
2937 4535 3213 4608 praeditus.
3244 4563 3318 4574 —
3348 4535 3461 4589 Nec
3489 4538 3611 4589 erat
3639 4532 3822 4589 inanis

2169 4643 2202 4685 a
2224 4627 2530 4686 visceribus
2558 4626 2817 4697 pietatis;
2849 4640 2973 4696 quae
3003 4632 3206 4694 quanta
3233 4623 3343 4680 sibi
3372 4622 3602 4691 inesset,
3630 4637 3820 4693 parum

2171 4719 2362 4785 corde,
2393 4717 2575 4773 minus
2612 4716 2792 4773 celare
2834 4720 3050 4786 poterat
3097 4712 3296 4770 oculis.
3327 4715 3558 4783 Semper
3614 4714 3819 4783 quippe

2170 4808 2327 4879 quasi
2356 4806 2581 4877 aliquod
2613 4805 2904 4876 aquagium
2947 4803 3241 4859 manabant
3291 4816 3359 4858 ex
3406 4802 3489 4857 eis
3535 4800 3818 4871 lacrymaa,

2172 4912 2320 4968 quae,
2353 4903 2414 4952 ut
2450 4896 2626 4951 videri
2657 4900 2895 4965 poterat,
2944 4898 3114 4948 testes
3142 4898 3300 4947 erant
3336 4889 3673 4959 dulcedinis,
3716 4902 3820 4946 non

2170 4987 2255 5042 vel
2296 4984 2616 5057 pmnitentis
2643 4982 3021 5039 conscientiae.
3062 4982 3317 5050 Quicum
3373 4994 3403 5035 a
3461 4980 3581 5036 suis
3631 4993 3820 5035 secre—

2172 5076 2408 5155 tioribus
2456 5074 2891 5143 interrogaretur
2948 5071 3171 5126 lamenti
3222 5083 3462 5136 causam,
3524 5087 3554 5119 ‹‹
3613 5068 3815 5136 Ptango

2173 5154 2258 5221 me
2288 5165 2488 5235 ipsum,
2520 5162 2638 5228 ﬁlii,
2661 5161 2903 5229 dicebat,
2936 5173 3047 5216 non
3077 5159 3409 5216 ostentando
3453 5154 3813 5211 humilitatem

2174 5268 2368 5320 meam,
2410 5253 2505 5308 sed
2537 5250 2919 5307 conveniendo
2958 5248 3377 5305 conscientiam.
3408 5247 3521 5314 Ego
3551 5258 3641 5300 me
3672 5245 3819 5300 intus

2175 5349 2230 5398 et
2250 5347 2431 5396 mente
2464 5338 2625 5404 novi;
2660 5338 2787 5395 ideo
2815 5338 3014 5409 plango
3044 5336 3195 5407 quod
3224 5333 3493 5392 commisi.
3530 5353 3557 5382 ι
3592 5332 3814 5389 Dicebat

2175 5431 2281 5488 hoc
2311 5443 2421 5485 non
2460 5427 2608 5498 quod
2647 5426 2773 5484 talis
2802 5432 2968 5493 esset,
2998 5426 3096 5483 sed
3134 5425 3228 5495 qui
3267 5423 3406 5479 tales
3432 5428 3613 5489 erant,
3654 5429 3714 5478 ut
3750 5419 3814 5475 ad

524 5517 629 5600 {38)
658 5522 823 5577 Forte
849 5520 1227 5597 philocompus,
1259 5524 1586 5596 φιλόκομπος,
1628 5524 1939 5595 fastuosus;
1991 5542 2115 5585 nam
2142 5531 2355 5600 gauctor
2405 5532 2595 5597 postea
2647 5526 2798 5582 subit
2839 5522 3217 5596 pompolentus.
3269 5520 3417 5591 quod
3448 5519 3595 5576 idem
3634 5526 3717 5575 est
3751 5532 3813 5572 ac.

450 5590 859 5664 philopompus.
