4056 6150
316 292 454 349 1053

1688 298 1839 353 VITA
1878 298 1933 354 S.
1974 296 2328 352 ADALARDI.

3545 289 3681 345 1054

313 418 593 488 planctum
622 419 902 476 invitaret.
942 421 1391 492 Quandocunque
1430 435 1519 477 res
1556 435 1679 477 eum
1710 419 2166 492 occupa-Aroli,
2199 424 2255 475 et
2293 418 2569 474 malebant
2598 431 2759 487 quam
2807 417 2954 472 hunc
2996 431 3246 488 regnare,
3278 416 3467 489 fasque
3496 416 3681 475 nefas-

308 508 404 564 bat
444 507 760 573 mundialis,
802 514 995 579 utpote
1025 510 1299 582 exigebat,
1341 516 1395 567 et
1443 511 1612 581 exigit
1660 511 1715 566 in
1754 511 1959 567 talibus

304 597 613 653 oeconomia
643 598 989 668 temporalia,
1026 600 1189 669 paulo
1220 604 1347 670 post
1367 606 1741 671 exoccupatus
1765 601 1957 656 aderat

302 691 455 742 totus
482 687 539 741 in
571 686 791 742 divinis.
835 689 955 743 Mox
995 689 1199 744 ﬂuebat
1252 689 1611 760 lacrymarum
1642 689 1950 757 inundatio,

303 782 360 832 et
414 776 562 831 inter
616 776 885 846 lacrymas
941 777 1180 834 dulciter
1243 779 1562 835 susurrabat
1623 779 1952 849 psalmorum

306 865 689 920 murmuratio.

384 951 465 1008 19.
517 952 757 1010 Maxime
802 953 857 1007 in
904 954 1077 1025 officio
1126 953 1326 1010 divino.
1366 985 1439 995 -—
1485 956 1587 1012 Ubi
1627 971 1847 1027 quoque
1885 956 1952 1011 ad

305 1040 550 1097 divinum
603 1040 840 1097 ofﬁcium
880 1043 1167 1110 introibat,
1200 1056 1393 1100 omnes
1439 1045 1805 1116 cogitationes
1843 1060 1951 1101 sa-

304 1130 522 1186 culares
568 1145 730 1186 secus
777 1132 978 1187 ostium
1028 1132 1289 1189 introitus
1320 1134 1647 1204 reponebat,
1681 1143 1736 1191 et
1765 1148 1952 1190 secum

306 1225 456 1277 totus
484 1225 678 1289 utpote
716 1228 843 1276 ante
874 1222 1040 1277 Deum
1072 1222 1382 1278 incedebat.
1424 1224 1558 1279 Aliis
1589 1224 1953 1294 psallentibus

303 1309 426 1379 ipse
457 1308 663 1374 ﬂebat;
716 1309 953 1365 dulciori
992 1312 1135 1367 enim
1167 1311 1373 1367 musica
1414 1312 1730 1368 solvebatur
1768 1314 1823 1370 in
1870 1314 1955 1369 la-

302 1400 523 1470 crymis,
557 1413 659 1468 per
687 1413 847 1469 quam
891 1405 1040 1456 totus
1078 1402 1388 1457 constabat.
1423 1403 1609 1458 Tanta
1651 1404 1795 1458 enim
1837 1412 1955 1461 erat

303 1485 617 1541 dulcedinis
662 1492 717 1541 et
764 1486 1098 1545 dulcissima
1138 1489 1195 1545 in
1243 1491 1413 1545 Deum
1457 1490 1789 1547 intentionis
1818 1497 1879 1548 ut
1906 1493 1951 1548 si

305 1575 471 1631 etiam
517 1574 797 1646 regalibus
860 1577 1111 1633 consiliis
1162 1579 1467 1645 assisteret,
1525 1580 1709 1636 audita
1768 1581 1953 1652 aliqua

305 1663 542 1720 melodia
589 1663 743 1720 nullo
792 1665 958 1722 modo
1004 1682 1064 1723 se
1104 1681 1134 1723 a
1180 1668 1403 1725 ﬂetibus
1441 1674 1792 1739 temperaret.
1841 1672 1953 1726 Nec

2040 523 2146 579 que
2176 507 2460 565 confundi.
2509 508 2676 576 Cujus
2722 505 2944 562 invidia
2982 506 3183 577 adepto
3221 512 3468 577 tempore
3496 506 3679 561 vindi-

2038 605 2127 654 cta
2162 598 2402 662 accensi,
2455 599 2729 666 quatenus
2766 609 2890 650 eum
2936 601 3196 665 separent
3241 611 3271 650 a
3318 595 3489 651 latere
3535 594 3681 665 regis

2039 687 2324 742 ﬁrmantur
2360 686 2605 753 convoti,
2637 690 2697 740 ut
2719 685 2986 755 justitiam
3020 685 3250 741 ulterius
3280 699 3391 742 non
3421 683 3675 739 habendo

2038 768 2381 832 defensorem
2450 790 2677 847 regnum
2752 775 3048 842 amitteret,
3117 780 3172 830 et
3234 774 3498 844 iniquitas
3563 772 3680 828 suis

2036 866 2368 935 quandoque
2434 864 2700 936 capienda
2766 863 3049 919 fraudibus
3113 863 3433 919 dominandi
3498 862 3678 918 locum

2036 956 2329 1024 reciperet.
2380 956 2493 1010 Nec
2540 959 2657 1009 erat
2705 967 2795 1008 res
2844 952 3135 1023 perardua,
3176 952 3304 1022 quia
3351 952 3682 1022 suppetebat

2035 1042 2209 1110 locus,
2250 1049 2487 1114 tempus,
2523 1056 2777 1114 persona.
2828 1042 3096 1112 Denique,
3131 1047 3191 1097 ut
3238 1040 3410 1108 aiunt,
3456 1041 3679 1110 regibus

2035 1133 2167 1189 boni
2197 1147 2359 1203 quam
2390 1132 2519 1188 mali
2548 1132 2921 1202 suspectiores
2950 1138 3097 1188 sunt.
3131 1132 3226 1187 llis
3255 1145 3476 1201 quoque
3506 1131 3680 1186 virtus

2035 1221 2213 1277 aliena
2241 1236 2461 1292 semper
2488 1227 2572 1277 est
2600 1220 2979 1277 formidolosa.
3002 1221 3156 1289 Quod
3187 1221 3305 1276 viro
3336 1220 3431 1275 Dei
3460 1219 3536 1275 l‘ta
3559 1233 3680 1274 esse

2035 1310 2172 1366 nihil
2222 1310 2471 1367 constitit
2504 1311 2684 1367 verius
2733 1311 2849 1381 qui,
2882 1310 3001 1365 sine
3044 1310 3230 1380 judice
3271 1310 3536 1380 dignitate
3584 1309 3680 1364 ho-

2036 1402 2189 1457 noris
2217 1407 2433 1467 exutus,
2467 1400 2538 1456 ob
2569 1399 2894 1456 beneﬁcium
2924 1399 3246 1470 reipublicae
3278 1398 3525 1454 exsilium
3552 1397 3682 1454 tulit

2035 1489 2226 1560 sicque
2257 1489 2398 1545 mala
2429 1503 2530 1560 pro
2560 1489 2724 1546 bonis
2752 1489 2982 1559 recepit.
3016 1491 3059 1545 0
3088 1490 3307 1545 mores!
3342 1503 3375 1545 0
3405 1494 3674 1556 tempora,

2036 1594 2103 1636 ex
2131 1580 2315 1635 aureis
2341 1580 2532 1649 utique
2561 1579 2747 1634 fictilia
2773 1585 2785 1634 !
2828 1578 2933 1635 Sed
2968 1597 2996 1630 «
3028 1579 3174 1635 beati
3203 1578 3297 1648 qui
3328 1576 3677 1649 persecutio-

2036 1682 2161 1723 nem
2210 1669 2494 1739 patiuntur
2543 1675 2773 1739 propter
2812 1669 3101 1738 justitiam,
3140 1687 3167 1718 »
3219 1680 3318 1737 pro
3367 1680 3474 1737 qua
3520 1667 3676 1735 quasi

303 1751 524 1819 mirum,
557 1754 686 1822 quia
725 1753 962 1810 dulcedo
1014 1755 1228 1824 patria,
1269 1758 1326 1812 in
1374 1772 1481 1827 qua
1529 1758 1819 1825 dulcescit,
1860 1757 2270 1818 cuiBmundus
2298 1758 2548 1813 exsilium
2588 1771 2700 1813 non
2729 1764 2895 1825 esset,
2937 1756 3165 1813 alterius
3194 1756 3373 1811 exsilii
3402 1754 3673 1825 injudica-

302 1854 522 1910 semper
566 1842 881 1912 suspirabat
925 1845 1200 1901 canticum
1247 1858 1469 1914 novum,
1514 1847 1617 1902 hac
1656 1848 1950 1904 dulcedine

300 1929 550 1986 solvebat
578 1944 724 1987 eum.

374 2018 461 2074 20.
520 2022 587 2075 In
622 2020 808 2077 itinere
843 2024 1063 2078 seorsim
1098 2022 1311 2079 incedit.
1362 2053 1435 2064 —
1489 2025 1733 2095 Cumque
1785 2027 1948 2082 etiam

305 2119 406 2175 pro
444 2107 707 2164 Ecclesia
754 2111 978 2181 negotio
1024 2111 1401 2179 itineraretur,
1444 2113 1591 2183 quod
1642 2115 1711 2169 ab
1749 2115 1948 2184 hujus-

303 2194 453 2250 modi
496 2197 827 2265 ministerio,
861 2201 964 2255 etsi
1010 2200 1331 2270 aliquando,
1372 2215 1499 2257 raro
1540 2208 1719 2257 tamen
1758 2217 1947 2274 segre-

300 2285 419 2353 gari
468 2287 849 2355 consequitur,
882 2294 1130 2344 secretus
1175 2290 1243 2343 ab
1284 2290 1541 2344 omnibus
1570 2290 1694 2346 aliis
1734 2292 1950 2362 gradie-

300 2372 483 2428 batur.
523 2376 636 2429 Nec
669 2375 960 2431 deserebat
1006 2377 1258 2433 instituta
1307 2379 1533 2449 regula,
1584 2381 1681 2435 sed
1732 2380 1951 2436 ﬂetibus

297 2461 529 2515 vacabat
554 2475 655 2531 pro
687 2462 945 2531 lectione,
979 2470 1034 2521 et
1063 2467 1408 2523 orationibus
1439 2481 1539 2538 pro
1570 2468 1787 2538 reliquo
1818 2483 1951 2526 con-

298 2554 560 2605 ventuum
628 2557 843 2608 tenore.
906 2556 1149 2611 Comites
1192 2557 1287 2626 qui
1336 2558 1393 2612 in
1440 2557 1643 2633 talibus
1694 2560 1948 2614 consueti

302 2644 483 2702 erant,
516 2640 908 2709 pracedebant
936 2650 991 2699 et
1019 2645 1394 2715 sequebantur
1421 2660 1567 2714 eum,
1600 2648 1807 2703 salibus
1835 2648 1949 2704 suis

301 2727 681 2799 intendendo;
725 2730 843 2800 ipse
882 2736 1064 2789 autem
1110 2733 1355 2791 salebras
1402 2735 1619 2792 itineris
1671 2736 1949 2793 relevabat

301 2815 408 2873 sibi
439 2817 879 2887 psalmodiando.

372 2904 463 2959 21.
504 2908 696 2962 Pacem
731 2909 867 2965 inter
894 2910 1202 2967 dissidentes
1230 2913 1500 2984 reformat.
1523 2945 1594 2953 —
1627 2915 1948 2985 Ubicunque

300 2995 674 3065 gradiebatur,
737 3012 841 3068 pax
887 3014 1073 3057 secum
1131 3002 1517 3068 comitabatur,
1568 3003 1770 3060 bellum
1823 3018 1945 3060 cum

2033 1852 2121 1903 tus
2149 1848 2367 1917 excepit
2396 1847 2745 1903 sententiam.
2768 1849 2889 1903 Non
2919 1851 3102 1902 tamen
3132 1846 3251 1902 sine
3276 1845 3513 1916 judicio,
3546 1843 3674 1914 quia

2031 1933 2267 1992 feliciter
2293 1935 2666 1992 munerandus
2704 1936 2910 1992 divino.

2100 2024 2191 2079 23.
2230 2026 2410 2081 Etiam
2447 2029 2496 2080 et
2532 2026 2633 2079 sui.
2677 2053 2746 2064 —
2803 2024 3131 2081 Dissolvitur
3180 2024 3365 2094 itaque
3413 2022 3507 2077 illa
3544 2020 3675 2077 felix

2029 2114 2379 2183 germanitas,
2413 2128 2537 2182 qua
2583 2114 2728 2168 sicut
2775 2112 2959 2183 aliqua
2989 2112 3340 2168 constellatio
3370 2111 3541 2167 totius
3581 2123 3674 2179 pa-

2030 2204 2148 2258 latii
2197 2204 2485 2259 videbatur
2530 2203 2772 2258 claritas.
2820 2204 3071 2259 Germani
3112 2206 3269 2258 erant
3308 2201 3575 2271 quinque,
3617 2204 3677 2254 ut

2030 2305 2164 2347 sexu
2194 2292 2267 2347 ita
2294 2292 2518 2347 discreti
2550 2299 2605 2347 et
2635 2298 2818 2358 atate,
2852 2292 2949 2347 sed
2981 2291 3173 2346 eadem
3222 2289 3361 2346 uniti
3402 2288 3669 2345 bonitate.

2031 2382 2262 2436 Sanctus
2323 2380 2629 2436 Adalardus
2694 2380 2927 2451 primum
2995 2379 3175 2436 atatis
3240 2386 3296 2435 et
3366 2376 3675 2433 sanctitatis

2031 2471 2253 2525 tenebat
2280 2471 2547 2541 gradum;
2591 2476 2716 2541 post
2744 2484 2907 2540 quem
2944 2469 3123 2538 Walo,
3156 2469 3394 2524 virorum
3426 2464 3673 2522 clarissi-

2031 2573 2171 2625 mus,
2247 2559 2490 2624 ordinis,
2563 2559 2793 2629 justitia
2869 2564 2925 2613 et
2997 2558 3275 2629 aequitatis
3347 2555 3670 2611 haredium.

2029 2648 2237 2715 Quibus
2291 2655 2480 2703 sancta
2535 2646 2687 2718 virgo
2751 2646 3044 2703 Gundrada
3108 2647 3327 2703 harens
3382 2659 3449 2701 ex
3503 2643 3673 2699 latere

2030 2736 2219 2806 dispar
2246 2737 2467 2807 quidem
2508 2740 2625 2791 erat
2663 2749 2818 2803 sexu,
2860 2735 2957 2791 sed
2988 2748 3099 2791 non
3139 2735 3327 2804 dispar
3356 2734 3670 2797 sanctitate,

2030 2839 2154 2894 qua
2192 2824 2310 2880 sola
2358 2825 2503 2881 inter
2527 2837 2794 2880 venereos
2839 2823 3027 2894 palatii
3068 2823 3234 2879 ﬂores
3267 2824 3446 2893 ignem
3477 2823 3675 2890 juven-

2029 2914 2164 2969 tutis
2218 2915 2420 2970 meruit
2475 2914 2726 2970 evadere.
2788 2913 3007 2983 Reliqui
3065 2913 3174 2968 duo
3234 2911 3567 2968 Bernharius
3616 2914 3672 2964 et

2028 3003 2393 3071 Theodrada;
2436 3017 2580 3072 qua,
2618 3002 2837 3058 reddito
2865 3000 3048 3057 fructu
3076 3001 3309 3071 nuptiali
3346 3004 3472 3055 ante
3501 2997 3673 3068 pedes

300 3082 449 3140 bello
497 3084 756 3154 habebat,
809 3087 991 3145 fadus
1037 3104 1159 3146 cum
1208 3105 1342 3161 pace
1394 3093 1615 3148 inierat.
1664 3093 1797 3149 Cum
1836 3079 2156 3163 quaCJesu
2201 3093 2426 3148 verbum
2466 3092 2563 3147 Dei
2610 3091 2776 3162 elegit
2825 3090 3016 3145 audire
3063 3104 3184 3146 cum
3234 3090 3418 3144 Maria.
3452 3089 3517 3142 Et
3553 3088 3673 3156 ipsa

298 3171 431 3228 olim
500 3176 825 3244 perveniens
890 3180 1279 3247 Beneventum,
1340 3181 1548 3237 invenit
1616 3195 1735 3237 eam
1800 3196 1950 3238 arma

297 3263 601 3332 sumpsisse
652 3273 847 3322 contra
884 3269 1187 3338 Spoletum.
1237 3272 1297 3326 In
1346 3271 1549 3340 quibus
1591 3277 1745 3327 tanto
1775 3279 1948 3330 marte

301 3351 716 3409 bacchabantur
743 3362 804 3411 ut
833 3358 1017 3413 omnia
1055 3373 1153 3414 sua
1181 3359 1368 3426 armis,
1403 3359 1607 3429 praedis
1636 3368 1692 3416 et
1721 3361 1951 3417 ﬂammis

296 3439 760 3498 adnibilarentur.
802 3446 1069 3501 Fervebat
1106 3448 1338 3503 Bellona
1375 3448 1432 3503 in
1462 3449 1705 3504 omnium
1732 3462 1946 3517 necem,

298 3530 558 3586 omnibus
606 3532 895 3602 pulchrum
948 3535 1238 3591 videbatur
1286 3536 1502 3606 perdita
1553 3539 1802 3607 recipere
1850 3553 1951 3609 per

296 3618 540 3675 medium
576 3620 814 3678 hostem.
857 3624 988 3680 Hac
1026 3630 1144 3680 erat
1171 3637 1427 3681 mensura
1458 3624 1591 3681 belli
1632 3626 1787 3695 prius
1815 3626 1951 3682 deﬂ-

296 3722 429 3764 cere
476 3723 638 3780 quam
676 3711 844 3768 vinci.
885 3713 1125 3769 Tandem
1154 3714 1238 3769 vir
1274 3713 1371 3769 Dei
1420 3714 1565 3770 inter
1602 3728 1698 3770 eos
1736 3716 1950 3772 medius

300 3797 638 3856 caduceator
683 3801 1018 3870 deambulat,
1050 3808 1112 3858 ut
1148 3803 1399 3873 utrisque
1446 3803 1757 3860 consultum
1797 3805 1950 3875 pacis

299 3893 645 3957 expectorat.
688 3891 801 3946 Nec
847 3898 975 3946 ante
1005 3890 1224 3947 desistit
1253 3905 1415 3961 quam
1454 3890 1636 3948 fadus
1678 3894 1826 3949 inter
1853 3908 1949 3950 eos

298 3990 478 4046 usque
496 3977 565 4033 ad
587 3979 774 4035 oscula
804 3980 1065 4047 restituit,
1090 3994 1281 4050 pacem
1306 3980 1558 4050 partibus
1587 3981 1946 4054 redintegrat,

302 4078 485 4123 mores
535 4075 591 4123 et
637 4069 776 4125 fines
824 4077 978 4127 certo
1024 4071 1197 4127 limite
1244 4071 1515 4141 antiquat.
1570 4072 1667 4128 His
1713 4087 1846 4146 ergo
1894 4080 1949 4130 et

302 4154 578 4213 similibus
612 4156 919 4215 faderabat
955 4174 1184 4230 regnum
1222 4158 1553 4217 indefessus.

374 4243 464 4301 22.
508 4245 586 4302 0b
614 4247 837 4316 justitia
865 4247 1032 4304 zelum
1061 4248 1347 4319 retegatur.
1378 4280 1452 4290 —
1489 4248 1597 4306 Sed
1636 4265 1701 4306 ea
1739 4257 1948 4322 tempe-

299 4340 441 4389 state
489 4334 602 4391 visa
649 4341 733 4393 est
782 4352 811 4392 e
869 4344 1015 4394 terra
1070 4338 1285 4407 justitia
1339 4339 1597 4409 migrare.
1656 4339 1945 4407 Patiuntur

2031 3182 2253 3252 quidem
2318 3180 2631 3237 Suessionis
2696 3177 3191 3235 sanctimonialium
3257 3177 3399 3233 rexit
3455 3175 3667 3238 vitam;

2030 3270 2124 3325 ille
2179 3284 2310 3327 vero
2374 3269 2623 3326 Corbeia
2687 3267 2892 3324 Christi
2953 3266 3315 3336 discipulatus
3378 3263 3673 3333 assumpsit

2030 3358 2299 3501 ἰοῐέέῗηέἱὶ
2338 3457 2471 3516 ergo
2531 3443 2717 3515 palatii
2772 3444 2938 3499 ﬂores
2974 3457 3074 3513 per
3119 3442 3333 3497 diversa
3379 3440 3674 3496 mittuntur

2030 3537 2297 3593 insontes.
2374 3535 2606 3590 Sanctus
2670 3532 2974 3588 Adalardus
3038 3533 3106 3588 ad
3173 3533 3302 3587 Heri
3363 3530 3671 3600 Aquitania

2030 3625 2224 3682 insula
2263 3624 2495 3694 adeptus
2534 3621 2629 3678 Dei
2659 3621 3072 3692 dispensatione
3119 3620 3302 3676 locum
3341 3632 3503 3690 quem
3542 3623 3668 3673 ante

2030 3714 2315 3786 quarebat
2342 3727 2442 3783 per
2470 3711 2671 3783 fugam.
2704 3711 2860 3767 Walo
2901 3711 3224 3781 providente
3264 3711 3374 3765 Deo
3404 3706 3671 3779 recipitur

2029 3804 2299 3870 Corbeia,
2330 3808 2390 3857 ut
2428 3816 2552 3873 qua
2590 3801 2728 3857 ﬂens
2766 3808 2821 3855 et
2858 3800 3056 3856 dolens
3093 3798 3339 3857 desolata
3375 3803 3494 3853 erat
3530 3795 3666 3852 tanti

2031 3893 2206 3948 Patris
2269 3891 2594 3947 decessione
2627 3932 2641 3956 ,
2719 3889 2966 3960 ejusdem
3030 3887 3216 3945 fratris
3289 3886 3671 3944 consolaretur

2028 3981 2337 4038 sanctitatis
2401 3987 2457 4037 et
2509 3979 2851 4050 pralationis
2905 3979 3277 4036 successione.
3340 3975 3671 4033 Bernharius

2030 4072 2140 4127 Liri
2164 4071 2475 4127 nomittitur
2488 4090 2502 4138 ;
2517 4068 2841 4125 Theodrada
2865 4069 3023 4140 quasi
3052 4067 3282 4140 reliquis
3295 4065 3666 4131 innocentior,

2031 4176 2153 4218 cum
2180 4174 2370 4217 omnes
2389 4161 2717 4215 innocentes
2746 4164 2949 4225 essent,
2973 4158 3287 4215 Suessionis
3314 4155 3665 4227 relinquitur.

2033 4251 2265 4307 Pictavis
2320 4249 2577 4320 dirigitur
2630 4248 2943 4314 Gundrada,
3003 4248 3148 4317 apud
3205 4247 3422 4317 dignam
3480 4243 3667 4314 digna,

2030 4347 2274 4397 sanctam
2320 4338 2535 4395 scilicet
2590 4335 2981 4408 Radegundem
3017 4335 3360 4392 ancillatura.
3407 4335 3450 4390 Ο
3500 4330 3670 4387 corde

302 4424 563 4481 mortales
617 4425 837 4482 lucente
886 4427 1004 4484 sole
1052 4426 1375 4497 deliquium,
1422 4429 1553 4497 quia
1605 4429 1751 4499 perit
1795 4413 2141 4486 interDtam
2196 4428 2357 4495 uniti,
2417 4442 2515 4483 cur
2566 4427 2719 4483 orbis
2768 4425 3182 4495 intercapedine
3239 4429 3347 4479 tam
3404 4419 3672 4477 discreti?

302 4525 403 4568 eos
431 4513 587 4570 color
615 4520 671 4570 et
699 4515 871 4572 decus
900 4530 1102 4572 rerum.
1136 4518 1251 4571 Lux
1279 4517 1520 4586 denique
1549 4518 1703 4574 orbis
1720 4519 1949 4575 Carolus

300 4601 623 4672 imperator,
665 4604 804 4660 viam
843 4606 1113 4662 universa
1152 4606 1334 4661 carnis
1370 4607 1674 4675 ingressus,
1721 4607 1945 4676 defecit,

300 4690 585 4762 filiumque
633 4708 791 4749 suum
840 4695 1174 4751 Ludovicum
1223 4695 1512 4751 moriendo
1559 4696 1945 4765 imperatorem

298 4779 526 4851 effecit;
576 4783 673 4839 sed
706 4797 817 4839 non
867 4791 976 4840 tam
1016 4785 1157 4841 bene
1197 4784 1447 4849 ﬂliatum,
1491 4784 1635 4841 sicut
1671 4785 1948 4844 decuisset

299 4868 613 4939 imperium.
662 4872 783 4928 Non
832 4874 977 4929 enim
1024 4879 1249 4930 secutus
1294 4880 1378 4930 est
1425 4874 1564 4930 viam
1616 4877 1806 4945 patris,
1848 4879 1944 4934 sed

299 4959 476 5014 sensit
516 4973 638 5015 cum
669 4962 914 5018 Roboam
954 4963 1068 5021 tilio
1106 4964 1433 5020 Salomonis.
1485 4964 1761 5034 Quidquid
1791 4973 1947 5035 pater

299 5055 597 5116 amaverat,
628 5050 759 5107 odio
803 5051 1005 5121 habet;
1047 5053 1317 5124 quidquid
1363 5053 1444 5109 illi
1498 5054 1799 5124 placuerat,
1839 5056 1945 5112 sibi

298 5136 578 5206 displicet.
638 5140 1009 5198 Removentur
1066 5143 1279 5211 paterni
1340 5143 1709 5211 consultores,
1749 5145 1945 5203 admo-

301 5230 500 5281 ventur
528 5228 653 5284 novi
685 5235 741 5285 et
780 5230 1023 5300 priorum
1053 5244 1265 5287 osores.
1304 5233 1544 5299 Quorum
1577 5245 1785 5288 annosa
1814 5247 1942 5302 per-

298 5314 531 5371 versitas
558 5317 743 5373 statim
780 5317 972 5374 felices
1000 5333 1121 5375 esse
1151 5334 1241 5375 res
1280 5320 1529 5389 publicas
1558 5321 1844 5390 ingemuit,
1877 5336 1943 5377 eo

299 5403 516 5460 scilicet
547 5407 677 5474 quia
700 5409 855 5476 juxta
885 5408 1165 5465 Platonem
1194 5415 1442 5465 rectores
1470 5424 1656 5466 earum
1687 5412 1941 5481 amplecti

298 5493 626 5562 sapientiam
665 5496 822 5552 vidit.
872 5498 1039 5553 Erant
1076 5504 1257 5553 autem
1297 5498 1377 5553 illi
1426 5499 1521 5568 qui
1552 5499 1668 5555 viro
1716 5501 1808 5556 Dei
1849 5514 1941 5556 sa-

300 5581 511 5653 pientia
539 5589 601 5641 et
640 5584 851 5643 honore
898 5587 1157 5658 ampliato
1204 5586 1519 5644 invidebant
1558 5593 1806 5659 tempore
1843 5590 1942 5645 Ca-

2030 4530 2171 4587 quos
2200 4518 2342 4572 Deus
2370 4515 2673 4585 conjunxit.
2698 4515 2863 4571 homo
2885 4529 2984 4570 cur
3002 4514 3308 4587 separavit?
3339 4512 3468 4567 Hac
3486 4514 3669 4564 autem

2030 4605 2363 4676 proscriptio
2401 4618 2515 4661 non
2552 4604 2612 4659 ﬁt
2650 4604 2841 4676 legalis
2872 4603 3163 4674 judicatio,
3204 4601 3302 4658 sed
3340 4600 3537 4656 furtiva
3582 4611 3670 4653 re-

2029 4695 2184 4751 latio.
2244 4696 2391 4751 Loco
2446 4699 2630 4750 tamen
2686 4697 2928 4763 accepta
2996 4690 3395 4749 benevolentia
3449 4700 3667 4744 omnem

2028 4783 2273 4841 excludit
2308 4784 2561 4854 injuriam
2601 4782 3017 4838 malevolentia.

2099 4875 2190 4929 25.
2241 4872 2487 4931 Omnibus
2541 4871 2830 4941 lugentibus
2892 4870 3004 4943 ipse
3063 4870 3230 4927 latus.
3289 4900 3358 4910 —
3421 4869 3666 4935 Cumque

2028 4964 2189 5021 simul
2227 4963 2623 5035 egrederentur
2669 4976 2699 5017 e
2757 4960 2980 5031 palatio,
3049 4960 3302 5032 procedit
3362 4954 3668 5014 Adalardus

2028 5053 2182 5123 quod
2209 5053 2409 5125 dignus
2436 5050 2601 5107 fuerit
2638 5051 3022 5109 contumeliam
3050 5051 3165 5122 pati
3203 5049 3406 5120 gratias
3428 5044 3664 5117 agendo,

2027 5142 2226 5198 fratres
2290 5147 2345 5198 et
2407 5153 2637 5197 sorores
2688 5140 3053 5210 lacrymantes
3126 5138 3332 5195 osculis
3378 5134 3659 5199 leniendo,

2027 5232 2219 5287 amicis
2246 5230 2573 5289 fortitudine
2604 5253 2625 5285 ι
2656 5230 2856 5286 mentis
2900 5228 3306 5300 persuadendo,
3340 5224 3666 5297 proceribus

2028 5320 2213 5392 palatii
2260 5320 2477 5391 exemp‘
2562 5320 2816 5375 virtutum
2871 5318 3204 5386 exhibendo,
3239 5330 3406 5386 porro
3435 5314 3664 5371 mirabi-

2024 5412 2129 5466 lem
2162 5411 2361 5467 mentis
2387 5424 2502 5466 sna
2531 5408 2893 5465 constantiam
2924 5406 3179 5463 omnibus
3207 5404 3658 5463 demonstrando.

2023 5499 2406 5570 Sequebantur
2459 5497 2605 5554 enim
2660 5510 2783 5552 eum
2841 5495 3064 5566 plures,
3132 5495 3260 5565 quia
3324 5493 3486 5550 aliter
3547 5505 3659 5550 non

2023 5589 2300 5658 poterant,
2342 5587 2396 5642 id
2436 5586 2541 5641 sibi
2580 5585 2875 5656 displicere
2923 5583 3179 5655 lacrymis
3224 5590 3280 5640 et
3326 5583 3663 5643 contritione
