4056 6150
465 273 602 330 1055
1512 279 1566 332 S.
1609 276 1895 331 GERALDI
1932 273 2210 331 ABBATIS
2248 270 2766 328 SlLVE-MAJORIS
3708 269 3847 322 1056

460 403 647 462 cordis
685 401 1061 460 ostendentes.
1094 404 1301 472 Quibus
1331 417 1452 465 cum
1484 400 1873 457 recedentibus
1899 399 2173 461 valedi-A
2192 411 2289 454 cor
2318 397 2464 469 regis
2492 397 2744 463 habetur,
2777 394 2942 452 solita
2971 395 3290 467 dignatione
3330 395 3496 451 solvit
3533 397 3661 465 ejus
3701 395 3853 450 exsi-

462 500 634 560 ceret,
668 497 723 548 et
754 493 874 563 ipse
922 493 1224 550 valedictus
1263 493 1330 547 ab
1364 494 1444 548 eis
1492 491 1798 558 recederet,
1840 492 2109 547 recedunt
2191 489 2344 544 lium.
2387 487 2649 543 Dominus
2696 486 2838 542 enim
2889 487 2942 541 in
2993 492 3196 541 terram
3245 486 3480 555 aspexit,
3531 491 3590 540 et
3626 486 3852 555 justitia

467 599 589 641 cum
621 583 897 653 lacrymis,
931 589 984 637 et
1013 584 1122 638 duo
1152 581 1591 652 archiprmsules,
1625 582 1718 650 qui
1751 581 1930 637 calido
1973 582 2111 651 pede

469 679 525 731 et
553 673 732 729 calida
770 679 950 727 mente
993 673 1255 726 assistunt
1286 672 1423 742 regi,
1457 671 1741 727 dicentes:
1779 691 1805 722 «
1839 674 2003 726 Putas
2034 678 2108 738 te,

469 765 789 833 imperator,
839 761 1139 827 vindicare,
1191 763 1319 831 quia
1377 762 1522 817 hunc
1570 762 1744 816 virum
1803 762 2113 818 exhonoras

469 853 570 908 hac
625 852 1076 922 proscriptione?
1113 855 1218 908 Aut
1264 852 1404 907 male
1444 867 1504 907 es
1542 853 1845 918 consultus,
1879 860 1971 907 aut
2002 865 2110 906 non

472 943 610 997 bene
658 941 1091 1009 pmmcditatus.
1153 944 1272 997 Non
1323 942 1562 1012 denique
1611 943 1940 1008 exhonoras,
1991 942 2110 1008 sed,

472 1039 530 1086 ut
559 1031 663 1087 sibi
694 1031 930 1096 videtur,
965 1032 1202 1100 pleniter
1241 1047 1362 1088 eum
1403 1033 1662 1087 honoras.
1704 1035 1900 1087 Verum
1935 1033 2112 1087 enim-

470 1134 598 1176 vero
630 1134 739 1175 non
781 1126 833 1175 te
872 1135 938 1175 ex
975 1121 1092 1187 illo,
1136 1123 1230 1177 sed
1273 1137 1339 1176 ex
1387 1126 1440 1176 te
1478 1122 1724 1176 vindicas
1771 1122 1943 1186 illum,
1987 1121 2115 1190 quia

471 1222 749 1278 nunquam
800 1209 906 1263 sibi
946 1215 1116 1276 tanta,
1152 1216 1355 1279 quanta
1385 1210 1551 1266 hodie
1599 1209 1700 1265 fuit
1731 1211 2021 1265 exsultatio
2062 1215 2116 1264 et

471 1299 746 1369 gaudium.
799 1299 975 1354 Hodie
1025 1301 1309 1369 pristinam
1356 1301 1667 1356 libertatem
1708 1301 1762 1354 in
1801 1301 2017 1356 Christo
2057 1313 2116 1354 se

472 1388 748 1457 recepisse
796 1388 1121 1458 gratulatur,
1161 1396 1214 1445 et
1252 1391 1380 1460 quia
1429 1404 1540 1445 non
1588 1389 1811 1459 aliquod
1857 1390 2114 1459 gaudium

472 1476 600 1532 huic
648 1477 828 1532 simile
875 1478 981 1533 sibi
1033 1480 1309 1548 potuisses
1356 1479 1556 1547 facere,
1600 1481 1719 1535 sine
1764 1479 2116 1534 simulatione

471 1565 696 1622 fatetur.
739 1567 893 1622 Unde
933 1568 1075 1622 scias
1117 1570 1306 1638 procul
1338 1570 1507 1625 dubio
1548 1565 1993 1639 quia‘nunquam
2025 1568 2119 1623 ιω-

473 1656 583 1711 tior
612 1656 760 1710 visus
792 1661 874 1710 est
903 1671 933 1711 a
965 1657 1126 1712 nobis
1155 1658 1470 1727 aliquando.
1499 1678 1527 1711 »
1557 1659 1637 1714 Ad
1671 1659 1791 1714 haec
1821 1659 2120 1728 imperator

2194 579 2261 633 de
2310 577 2450 633 coelo
2500 577 2803 647 prospexit.
2855 575 3080 631 Rcsedit
3138 577 3192 629 in
3249 589 3418 646 regno
3478 577 3749 644 aequitas,
3798 583 3851 629 et

2195 666 2501 737 refrigescit
2575 667 2868 722 multorum
2945 665 3244 735 iniquitas,
3323 667 3617 721 revirescit
3692 665 3853 720 color

2196 771 2415 821 rerum;
2476 756 2796 811 colorantur
2853 755 3017 810 flores
3076 754 3459 811 Ecclesiarum.
3518 757 3640 808 Jam
3705 755 3851 809 enim

2195 853 2410 915 tempus
2440 845 2758 909 miserendi,
2795 846 2902 914 jam
2942 850 3165 899 venerat
3215 851 3430 913 tempus
3469 859 3684 909 earum,
3725 845 3853 913 quia

2197 935 2487 990 clementia
2544 935 2639 988 Dei
2690 934 2977 1002 inspiravit
3034 935 3419 1002 imperatorem
3479 934 3850 1000 Ludovicum,

2197 1031 2470 1095 quatenus
2517 1025 2584 1080 ab
2633 1025 2826 1100 exsilio
2876 1030 3124 1078 sanctum
3165 1029 3449 1078 revocaret
3486 1023 3850 1078 Adalardum.

2197 1115 2256 1168 In
2307 1117 2462 1184 cujus
2514 1114 2863 1168 revocatione
2913 1120 3062 1167 tanta
3109 1112 3210 1167 fuit
3259 1112 3474 1181 imperii
3525 1112 3849 1178 exsultatio,

2199 1211 2401 1273 quanta
2432 1204 2481 1258 si
2525 1204 2742 1258 cmlitus
2773 1203 3137 1257 descenderet
3173 1201 3467 1256 visibiliter
3511 1203 3636 1270 ipsa
3671 1202 3855 1255 divina

2198 1293 2460 1348 visitatio.
2494 1294 2604 1347 Nec
2633 1307 2795 1347 secus
2827 1299 2942 1346 erat
2975 1292 3101 1360 quia
3133 1292 3275 1345 Deus
3307 1305 3404 1359 per
3431 1305 3558 1345 eum
3593 1291 3858 1346 mortales

2198 1384 2474 1438 visitabat.
2523 1383 2876 1438 Gratulantur
2914 1382 3165 1436 coanobia
3206 1381 3629 1446 monachorum,
3676 1381 3860 1436 resul-

2200 1481 2279 1529 tat
2349 1473 2695 1542 jucunditate
2762 1472 2932 1526 decus
2998 1470 3403 1533 ecclesiarum,
3483 1471 3860 1539 superborum

2201 1563 2514 1633 arrogantia
2563 1560 2899 1626 humiliatur,
2943 1560 3228 1614 humilium
3275 1558 3542 1628 patientia
3583 1560 3860 1615 exaltatur

2204 1654 2262 1707 tit
2293 1667 2594 1708 concursus
2636 1650 2824 1720 pepuli
2856 1651 3107 1704 restituta
3149 1649 3254 1703 sibi
3296 1648 3529 1717 pristina
3559 1649 3856 1719 dignitate,

476 1745 758 1815 perfundit
796 1747 1017 1812 rubore,
1052 1747 1202 1803 dolet
1231 1764 1289 1804 se
1314 1749 1530 1816 fecisse,
1573 1751 1720 1820 quod
1755 1752 1865 1819 jam
1898 1744 2334 1814 ruboriqunia
2380 1743 2473 1812 qui
2525 1741 2840 1795 subtractus
2896 1739 3072 1794 fuerat
3125 1738 3445 1793 sedentibus
3494 1737 3552 1792 in
3611 1741 3857 1794 tenebris

475 1835 580 1890 sibi
609 1834 898 1890 videbatur
927 1837 1140 1891 irritum
1177 1836 1392 1906 facere;
1446 1841 1541 1896 sed
1582 1840 1627 1895 si
1676 1839 1818 1895 foret
1857 1840 2115 1895 infectum

476 1937 588 1979 non
622 1931 768 2002 esset
815 1925 1004 1994 utique
1055 1928 1282 1996 posthac
1325 1927 1654 1984 faciendum.
1696 1930 1792 1985 Cui
1833 1944 1945 1984 rem
1987 1944 2120 1984 cun-

479 2014 583 2068 ctis
637 2013 1035 2083 imputantibus
1101 2031 1201 2085 pro
1259 2018 1487 2072 crimine
1546 2024 1688 2083 [nec
1744 2019 1906 2074 aliter
1962 2025 2116 2086 erat,

478 2109 762 2172 peccatum
803 2105 945 2158 enim
988 2103 1196 2161 faciens
1234 2112 1461 2176 peccato
1503 2123 1613 2163 non
1655 2113 1872 2178 poterat
1903 2108 2114 2178 carere]

473 2192 557 2245 vir
606 2191 702 2245 Dei
751 2193 1062 2248 omnimoda
1119 2195 1330 2249 ratione
1380 2196 1696 2251 obnititur:
1740 2218 1768 2245 ‹‹
1799 2199 1918 2252 Non
1967 2198 2115 2263 huic,

475 2279 686 2343 dicens,
739 2293 849 2334 non
898 2280 1045 2346 huic,
1089 2282 1237 2350 quod
1287 2296 1396 2338 non
1435 2291 1518 2338 est
1565 2285 1620 2338 in
1670 2285 1909 2340 hominis
1957 2290 2122 2354 pote-

474 2372 634 2431 state,
669 2366 990 2437 imputetur,
1024 2370 1197 2425 utitur
1226 2372 1320 2426 Dei
1362 2372 1744 2441 permissione,
1777 2373 1866 2428 cui
1905 2378 2120 2428 constat

478 2469 578 2512 nos
618 2458 952 2514 omnimodis
991 2459 1311 2529 deliquisse.
1345 2462 1499 2528 Quod
1531 2462 1575 2516 si
1608 2477 1638 2516 a
1669 2464 1897 2518 Domino
1928 2464 2120 2519 adver-

472 2559 589 2599 sum
623 2560 725 2601 nos
753 2547 1034 2614 incitatur,
1069 2555 1290 2618 oportet
1319 2555 1378 2604 ut
1415 2551 1744 2606 sacrificium
1793 2551 2118 2608 humilitatis

473 2634 756 2689 odoretur.
789 2654 816 2686 »

539 2723 629 2778 26.
677 2723 1016 2779 Heﬁensibus
1062 2725 1327 2781 monachis
1380 2727 1615 2798 prodest.
1656 2759 1729 2769 —
1766 2729 1895 2784 Hac
1926 2735 1981 2786 et
2009 2729 2114 2786 alia

472 2813 826 2884 praedicando
857 2814 1093 2870 discedit
1139 2816 1204 2871 ad
1256 2816 1457 2885 locum,
1511 2825 1568 2873 ut
1617 2819 1950 2874 destinatum
1992 2819 2113 2876 usui

469 2917 592 2969 suo,
616 2904 690 2958 ita
711 2911 766 2958 et
787 2918 816 2958 a
837 2918 894 2959 se
926 2906 1224 2974 expetitum
1257 2908 1405 2961 omni
1437 2907 1734 2964 desiderio.
1765 2910 1866 2964 Ubi
1893 2917 2112 2979 quantae

468 2992 636 3047 fuerit
665 2993 990 3048 humilitatis
1019 3001 1074 3049 et
1094 2996 1304 3064 gratiae,
1334 3002 1503 3050 testes
1525 2997 1709 3052 idonei
1735 3005 1863 3052 sunt
1893 2998 2108 3066 fratres,

2207 1846 2454 1888 errorum
2505 1829 2738 1899 refulget
2789 1829 2880 1883 Sol
2925 1828 3175 1897 justitize.
3227 1828 3469 1894 Recepto
3521 1833 3684 1896 patre
3728 1828 3855 1883 fiunt

2202 1921 2479 1975 matrimes
2527 1918 2780 1988 orphani,
2813 1917 3234 1988 gubernatorem
3276 1916 3557 1984 recipiunt
3587 1916 3776 1972 viduae
3805 1925 3853 1972 et

2203 2009 2416 2079 pupilli.

2273 2098 2360 2153 28.
2404 2100 2602 2153 Praeter
2631 2096 2931 2151 Herienses.
2973 2126 3044 2135 —
3081 2095 3187 2151 Sed
3228 2099 3430 2165 quanta
3469 2094 3598 2150 istis
3646 2095 3852 2161 lretitia,

2202 2194 2351 2244 tanta
2389 2188 2500 2243 illis
2537 2203 2566 2242 a
2607 2187 2808 2256 quibus
2842 2185 3136 2242 recedebat
3174 2187 3350 2240 oritur
3387 2187 3683 2241 mmstitia.
3723 2190 3853 2242 Caus

2202 2279 2334 2333 dent
2364 2283 2418 2333 et
2441 2329 2443 2331 .
2468 2277 2677 2342 dolent,
2711 2276 2839 2346 quia
2877 2290 3096 2344 semper
3128 2289 3250 2330 eum
3297 2275 3503 2330 habere
3535 2275 3772 2341 vellent,
3802 2284 3852 2331 et

2201 2373 2380 2422 tamen
2411 2366 2479 2422 ad
2509 2380 2659 2420 suam
2685 2365 2873 2420 sedem
2905 2364 3086 2419 redire
3117 2363 3358 2418 mallent.
3393 2365 3526 2418 Haec
3558 2372 3685 2418 erat
3715 2366 3854 2420 inter

2201 2471 2298 2511 eos
2336 2456 2550 2511 discors
2588 2455 2906 2521 concordia,
2953 2461 3009 2509 et
3036 2469 3270 2509 concors
3305 2455 3514 2522 pariter
3544 2454 3850 2508 discordia.

2199 2548 2367 2613 Quem
2422 2547 2570 2601 circa
2625 2545 2986 2615 lacrymantes
3038 2544 3128 2613 pia
3185 2543 3501 2598 dilectionis
3549 2542 3849 2597 dulcedine

2204 2636 2341 2706 (non
2399 2636 2544 2691 enim
2601 2641 2757 2689 erant
2815 2633 2994 2688 adhuc
3054 2633 3232 2687 satiati
3293 2647 3392 2702 per
3448 2634 3847 2700 septennium,

2197 2725 2345 2794 quod
2378 2724 2563 2779 multis
2601 2723 2743 2779 solet
2772 2737 2891 2777 esse
2925 2721 3168 2788 taedium,
3201 2723 3318 2790 ejus
3347 2721 3677 2776 dulcissima
3718 2721 3851 2776 dile-

2196 2814 2431 2885 ctione),
2459 2814 2547 2868 vix
2577 2827 2700 2868 eum
2731 2811 2944 2868 fervore
2975 2811 3258 2867 charitatis
3287 2812 3637 2881 cogebantur
3668 2811 3850 2866 dimit-

2196 2911 2332 2960 tere.
2399 2957 2404 2960 ,
2740 2942 2742 2944 τ

2265 2993 2355 3047 29.
2395 2993 2630 3048 Maxime
2658 2991 3027 3061 Reginardum.
3060 3022 3130 3031 —
3169 2992 3449 3061 Praecipue
3482 2996 3675 3047 autem
3708 2993 3850 3048 inter

470 3082 617 3136 inter
664 3095 804 3151 quos
848 3097 946 3150 per
987 3085 1332 3152 septennium
1381 3086 1543 3140 vitam
1585 3086 1740 3141 duxit
1786 3082 2292 3157 angelicam.Ceos
2341 3082 2658 3137 dilectionis
2707 3082 2929 3151 quidam
2981 3087 3098 3135 erat
3145 3080 3512 3152 Raginardus,
3557 3089 3688 3149 post
3731 3097 3850 3136 eum

468 3171 681 3237 Quanto
725 3170 871 3224 enim
921 3170 1070 3226 curis
1115 3172 1472 3227 saecularibus
1521 3178 1638 3228 erat
1694 3177 2108 3245 exoccupatior,

470 3265 624 3314 tanto
655 3258 855 3314 divinis
885 3263 940 3314 et
977 3260 1297 3316 coelestibus
1344 3262 1656 3331 suspirabat
1685 3266 1966 3320 attentior.
2007 3270 2112 3322 As-

469 3348 660 3403 siduus
691 3355 807 3403 erat
846 3349 901 3404 in
932 3350 1203 3417 oratione,
1246 3359 1371 3420 post
1409 3352 1714 3408 orationem
1754 3354 1809 3408 in
1850 3355 2108 3424 lectione,

469 3444 595 3508 post
625 3438 916 3494 lectionem
948 3440 1005 3495 in
1044 3439 1272 3495 fratrum
1307 3441 1659 3498 relevatione.
1693 3444 1988 3500 Relevabat
2017 3461 2113 3502 eos

469 3528 728 3583 melliﬂua
758 3530 990 3596 ratione,
1023 3545 1082 3586 se
1111 3532 1288 3600 ipsum
1320 3532 1576 3602 prtebens
1612 3535 1917 3603 speculum,
1950 3551 2112 3605 quem

469 3626 834 3688 sequerentur
871 3620 926 3675 in
960 3622 1198 3677 actione.
1249 3624 1452 3678 Parvus
1500 3629 1618 3679 erat
1665 3624 1810 3680 inter
1847 3626 2109 3694 minores,

470 3709 650 3764 minor
686 3710 831 3765 inter
878 3712 1133 3780 majores,
1176 3713 1411 3781 majores
1439 3727 1707 3768 venerans
1745 3721 1804 3768 ut
1833 3715 2110 3779 dominos,

472 3798 713 3854 minores
743 3799 931 3855 colens
962 3808 1021 3855 ut
1051 3801 1211 3855 filios.
1243 3804 1312 3856 At
1341 3801 1418 3856 illi
1450 3803 1759 3873 gaudebant
1790 3805 1908 3873 ejus
1935 3813 2110 3875 pater-

471 3889 662 3953 nitate,
697 3895 751 3943 et
780 3890 936 3957 quasi
975 3889 1076 3944 sub
1114 3891 1309 3945 abbate
1357 3905 1456 3946 suo
1488 3891 1821 3948 exhibebant
1849 3909 1908 3948 se
1948 3895 2113 3965 digna

470 3975 754 4032 tiliatione.
824 3978 1163 4046 Expetebant
1229 3987 1562 4046 monentem,
1623 3989 1677 4036 et
1733 3982 1789 4036 in
1857 3985 2112 4040 omnibus

470 4064 766 4120 audiebant.
798 4067 1194 4123 consulentem.
1238 4070 1427 4125 Sermo
1457 4071 1662 4140 quippe
1694 4073 1813 4140 ejus
1851 4072 1963 4128 sale
1995 4079 2112 4128 erat

471 4154 748 4222 conditus,
781 4163 836 4210 et
865 4169 1054 4211 omnes
1083 4157 1344 4213 adversos
1371 4161 1708 4215 secundabat
1738 4175 1914 4216 casus.
1953 4164 2112 4218 Pater

471 4244 710 4301 cmuobii
750 4245 921 4314 patris
951 4260 1072 4300 cum
1103 4247 1467 4303 venerabatur
1495 4249 1642 4315 loco,
1675 4264 1854 4320 neque
1902 4250 2110 4321 aliquid

468 4333 587 4389 ﬂeri
618 4335 878 4390 censebat
906 4336 1025 4391 sine
1065 4337 1183 4405 ejus
1212 4337 1466 4393 consilio.
1501 4338 1585 4392 llli
1617 4344 1794 4395 autem
1828 4340 2108 4395 minimum

2199 3172 2387 3241 utique
2434 3171 2527 3240 qui
2581 3177 2708 3225 tunc
2756 3177 2895 3237 erat,
2936 3170 3178 3240 ejusdem
3229 3170 3335 3226 loci
3385 3170 3557 3224 abbas
3605 3170 3848 3237 futurus,

2195 3261 2289 3330 qui
2321 3259 2479 3314 unica
2511 3258 2723 3315 fervens
2754 3261 2808 3314 in
2841 3274 2963 3315 eum
2994 3260 3197 3314 amoris
3235 3259 3524 3325 charitate,
3568 3260 3852 3329 gaudebat

2196 3359 2250 3406 et
2279 3350 2521 3416 dolebat,
2555 3357 2739 3404 mutua
2785 3350 2950 3405 animi
3001 3349 3332 3404 alternitate.
3383 3350 3520 3416 Quia
3558 3351 3718 3404 enim
3759 3366 3849 3405 re-

2197 3441 2458 3510 patriaret
2510 3447 2752 3495 assertor
2816 3439 3062 3495 veritatis
3129 3439 3453 3504 laetabatur;
3525 3439 3628 3494 sed
3685 3454 3850 3509 supra

2195 3531 2414 3586 modum
2445 3530 2669 3586 dolebat
2698 3529 2845 3598 quod
2881 3530 3016 3584 tanti
3041 3530 3144 3584 viri
3177 3529 3469 3598 prtesentia
3502 3531 3847 3599 privabatur.

2194 3623 2436 3691 Cumque
2491 3621 2882 3676 monasterium
2932 3621 3043 3688 jam
3101 3620 3478 3690 egrederetur,
3530 3625 3592 3675 et
3653 3619 3849 3675 fratres

2195 3724 2316 3765 eum
2365 3710 2618 3781 lacrymis
2665 3708 3024 3764 valedicendo
3065 3714 3121 3764 et
3159 3708 3487 3765 deducendo
3540 3723 3849 3779 proseque-

2194 3806 2404 3864 rentur,
2456 3798 2546 3854 ille
2596 3797 2929 3854 delitescens
2977 3799 3031 3852 in
3071 3797 3209 3852 valle
3262 3798 3616 3867 plorationis,
3663 3798 3844 3853 dolori

2194 3887 2565 3945 satisfaciebat
2621 3888 2914 3958 gemitibus
2972 3893 3026 3943 et
3083 3887 3358 3957 lacrymis,
3403 3888 3534 3956 quia
3596 3901 3845 3958 prasens

2193 3978 2336 4034 ferre
2394 3991 2504 4033 non
2574 3984 2792 4047 poterat
2839 3976 3186 4046 praesentiam
3225 3976 3495 4031 abeuntis.
3533 3977 3711 4043 Quem
3753 3977 3841 4032 ille

2193 4069 2512 4138 frequenter
2559 4068 2869 4136 requirens,
2920 4074 2974 4121 et
3021 4066 3225 4134 saepius
3275 4066 3656 4135 exspectando
3712 4066 3840 4121 resi-

2193 4165 2364 4224 stens,
2393 4157 2584 4212 statuit
2613 4157 2838 4212 omnino
2870 4170 2980 4211 non
3020 4156 3329 4223 discedere,
3363 4157 3616 4225 quandiu
3655 4170 3836 4226 super-

2193 4251 2340 4302 esset
2395 4246 2500 4301 sibi
2568 4245 2721 4300 fratri
2783 4246 3112 4302 valedicere.
3179 4247 3278 4301 Cui
3335 4246 3560 4301 tandem
3621 4251 3835 4315 reperto

2195 4351 2318 4393 cum
2378 4336 2741 4399 nuntiaretur,
2784 4342 2838 4391 et
2891 4350 2959 4391 ne
3017 4335 3309 4405 impediret
3355 4336 3510 4392 abire
3563 4335 3836 4392 volentem

469 4429 587 4478 erat
637 4423 693 4477 in
751 4423 953 4478 talibus
1004 4425 1313 4493 consulere,
1366 4432 1558 4495 utpote
1616 4428 1711 4497 qui
1767 4415 2504 4498 alterplicemDi-ogaretur.
2541 4425 2800 4492 «Nolite,
2835 4438 3051 4494 precor,
3085 4425 3179 4490 ait,
3220 4425 3603 4493 quaerentibus
3635 4440 3721 4481 me
3752 4425 3838 4480 de-

475 4510 656 4582 (πονε)
690 4512 907 4581 imperii
939 4528 1122 4569 curam
1155 4514 1369 4570 solebat
1398 4515 1714 4584 disponere,
1748 4519 1852 4572 nisi
1883 4516 2110 4575 fratrum

469 4601 752 4673 diligentia
801 4603 1008 4658 evictus
1059 4611 1204 4659 esset
1255 4610 1349 4658 aut
1392 4605 1680 4662 charitate.
1737 4608 1842 4663 Sed
1889 4609 2015 4678 quia
2055 4611 2110 4664 in

471 4690 627 4746 caelis
684 4696 829 4758 erat,
888 4692 1192 4748 secundum
1252 4693 1502 4760 Paulum,
1563 4697 1683 4765 ejus
1739 4698 2107 4768 conversatio,

469 4793 688 4849 semper
725 4780 948 4835 tenebat
979 4795 1100 4835 eum
1132 4780 1313 4836 divina
1344 4784 1774 4853 contemplatio;
1816 4800 1846 4840 a
1886 4801 1992 4855 qua
2021 4788 2110 4842 vix

468 4869 763 4940 aliquando
795 4869 1108 4936 recedebat,
1143 4871 1248 4926 nisi
1277 4869 1502 4928 fratrum
1535 4874 1792 4941 charitas,
1817 4883 1911 4930 aut
1941 4877 2110 4932 edulii

470 4973 592 5015 eum
621 4958 884 5015 relevatio
921 4959 1291 5016 abstrahebat.
1333 4962 1398 5016 Et
1428 4969 1488 5017 ut
1517 4962 1610 5017 fiat
1639 4964 1746 5019 cita
1785 4964 2112 5035 descriptio-

471 5048 556 5102 nis
603 5047 908 5116 conclusio,
951 5049 1079 5119 quia
1128 5062 1238 5106 non
1287 5055 1470 5119 potest
1528 5052 1645 5107 fieri
1684 5053 1943 5124 virtutum
1993 5056 2112 5125 ejus

471 5138 632 5208 plena
669 5138 939 5206 definitio,
972 5138 1134 5194 talem
1173 5153 1233 5194 se
1278 5139 1357 5194 ibi
1405 5140 1654 5197 exhibuit
1701 5142 1915 5212 qualem
1963 5145 2111 5201 nulla

467 5226 613 5284 valet
641 5228 1111 5298 comprehendere
1142 5228 1341 5285 oratio.

540 5317 630 5374 27.
689 5321 812 5374 Post
866 5319 1186 5393 septenniym
1240 5324 1536 5388 revocatur,
1587 5322 1783 5377 cunctis
1835 5328 2114 5392 congratu-

474 5403 718 5462 lantibus.
785 5436 853 5448 --
918 5410 1032 5477 Qua
1097 5409 1453 5465 veneratione
1522 5414 1810 5480 postquam
1876 5412 2114 5482 explevit

473 5497 840 5564 septennium,
877 5497 952 5553 ita
983 5498 1162 5555 adhuc
1193 5513 1366 5556 novus
1413 5500 1468 5556 in
1499 5499 1596 5556 Dei
1635 5500 1922 5572 obsequio,
1955 5503 2111 5573 quasi

475 5581 720 5639 nondum
766 5585 1078 5656 supplesset
1125 5588 1427 5656 biennium,
1461 5590 1625 5657 Deus,
1659 5589 1715 5646 in
1747 5591 1902 5660 cujus
1950 5605 2111 5648 manu

2195 4521 2400 4585 tegere,
2428 4515 2556 4584 quia
2595 4514 2774 4570 lenius
2802 4514 3000 4569 absens
3033 4527 3256 4584 possum
3291 4514 3586 4568 abeuntem
3621 4513 3788 4570 ferre.
3810 4532 3833 4563 η

2194 4603 2559 4659 Renuntiatur
2588 4609 2799 4668 saneto,
2833 4603 3146 4658 ostenditur
3182 4617 3293 4673 quo
3333 4602 3628 4658 delitescat
3672 4603 3792 4659 loco
3821 4623 3830 4656 :

2194 4694 2288 4763 qui
2337 4695 2521 4748 statim
2578 4694 2832 4763 passibus
2883 4693 3167 4748 charitatis
3224 4707 3508 4762 regressus
3563 4694 3716 4748 venit
3771 4691 3830 4746 ad

2194 4782 2437 4850 fratrem,
2493 4797 2562 4839 ne
2620 4789 2927 4839 remaneret
2983 4782 3326 4838 insalutatus.
3381 4784 3607 4836 Etcum
3641 4797 3830 4852 perve-

2194 4875 2366 4928 nisset
2429 4886 2496 4927 ex
2570 4871 2889 4941 improviso,
2958 4871 3217 4927 exsiliens
3290 4870 3383 4926 ille
3448 4877 3832 4925 consternatus

2192 4964 2374 5019 animo
2410 4983 2422 5017 :
2467 4963 2623 5018 «Hei
2664 4963 2831 5018 mihi!
2894 4964 3072 5028 Pater,
3132 4961 3401 5017 clamabat
3456 4960 3832 5033 lacrymando,

2193 5053 2380 5110 addidi
2421 5060 2704 5124 peccatum
2755 5058 3000 5124 peccato.
3043 5051 3204 5108 Nolui
3251 5051 3319 5107 ad
3371 5057 3423 5107 te
3475 5054 3655 5118 exire,
3713 5053 3833 5108 ideo

2194 5145 2361 5200 miser
2396 5143 2504 5198 huc
2547 5148 2599 5197 te
2629 5156 2768 5212 cogo
2799 5142 3001 5198 redire.
3042 5141 3150 5197 Sed
3188 5141 3256 5197 da
3285 5141 3519 5207 veniam,
3556 5142 3690 5211 quia
3719 5155 3837 5211 spe-

2194 5234 2380 5289 rabam
2419 5231 2610 5288 latere.
2660 5232 2856 5287 Nescio
2897 5231 3137 5301 denique
3167 5230 3300 5301 quid
3347 5229 3543 5284 faciam
3584 5231 3834 5294 dilatum,

2194 5323 2292 5379 sed
2318 5324 2426 5392 jam
2469 5335 2713 5392 praesens
2750 5321 2838 5376 vix
2867 5335 3009 5391 queo
3049 5319 3191 5376 ferre
3224 5319 3300 5374 tui
3331 5319 3697 5375 desiderium.
3739 5320 3838 5376 Ab-

2194 5413 2267 5467 sit
2312 5419 2492 5467 antem
2541 5416 2601 5466 ut
2656 5425 2756 5480 per
2802 5425 2887 5466 me
2933 5410 3116 5480 aliqua
3169 5410 3460 5466 intricetur
3499 5409 3602 5465 tibi
3647 5425 3835 5467 mora:

2192 5500 2407 5558 Domini
2452 5507 2633 5556 tecum
2681 5501 2976 5556 comitetur
3030 5501 3223 5572 gratia,
3275 5499 3402 5569 quia
3458 5513 3701 5567 mecum,
3756 5515 3837 5556 ve-

2193 5592 2307 5660 lim,
2340 5589 2530 5659 nolim,
2563 5591 2642 5647 tui
2689 5605 2908 5662 semper
2953 5591 3058 5648 erit
3095 5590 3406 5661 praesentia.
3441 5608 3468 5642 »
3512 5590 3610 5646 His
3649 5590 3833 5657 dictis,
