4056 6150
263 333 395 387 1057

1617 334 1768 387 VITA
1807 334 1860 386 S.
1903 332 2258 387 ADALARDI.

3495 343 3627 397 1058

256 460 386 515 dato
416 467 472 515 et
519 464 749 528 accepto
778 459 916 526 vale,
948 459 1042 514 diu
1080 459 1441 514 immorantur
1471 458 1526 512 in
1565 457 1739 513 osculi
1771 449 2360 517 cha-Anrocuratf—
2397 459 2641 528 Cumque
2692 459 3083 529 aliquantulam
3140 463 3420 520 remissius
3467 469 3626 537 quie-

259 549 459 604 ritate:
493 549 683 617 sicque
721 554 942 603 sanctus
989 548 1271 618 egreditur
1303 562 1426 603 cum
1455 547 1704 616 reliquis,
1737 547 1900 601 etiam

259 639 354 695 illo
388 646 779 709 prosequente.
805 679 807 681 .

327 725 418 780 30.
451 729 656 782 Narem
695 726 1041 781 conscendens
1077 727 1441 797 proﬁciscitur.
1481 753 1550 766 -—
1579 727 1903 795 Przeparan-

259 819 349 870 tur
396 816 679 882 rudentes,
712 815 1070 884 impelluntur
1108 829 1291 882 naves,
1333 821 1389 869 et
1434 815 1569 870 velis
1614 829 1761 870 aurae
1811 829 1904 883 pa-

260 906 523 971 tentibus,
583 906 871 960 solvuntur
908 905 1202 962 anchora}:
1264 905 1609 975 expapillatis
1664 904 1904 959 brachiis

258 1001 518 1063 aptantur
556 996 791 1064 remiges
829 1001 884 1049 et
912 1002 1186 1050 antennaz.
1230 996 1368 1049 Dant
1423 993 1618 1048 fratres
1645 994 1900 1063 gemitus,

259 1089 314 1139 et
353 1099 518 1139 naves
547 1085 808 1149 sonitum,
852 1092 1016 1154 atque
1066 1085 1253 1139 tandiu
1293 1099 1460 1154 super
1490 1084 1661 1154 ripam
1693 1090 1903 1138 stantes

258 1175 541 1229 recedenti
573 1175 844 1228 intentant
874 1175 1066 1240 visum,
1090 1175 1288 1252 donec
1320 1174 1688 1243 crispantibus
1725 1173 1902 1229 oculis

259 1277 358 1332 pro
390 1278 500 1319 uno
530 1264 635 1318 sibi
665 1265 922 1319 videntur
951 1265 1136 1319 videre
1177 1277 1481 1318 numerum.

329 1352 418 1407 31.
451 1355 516 1408 In
551 1352 805 1424 palatium
841 1354 1122 1424 honorifice
1173 1353 1445 1425 accipitur.
1477 1383 1549 1393 —
1577 1355 1644 1408 At
1681 1351 1773 1407 ille
1803 1365 1902 1407 so-

259 1443 391 1498 lutis
421 1444 601 1498 carnis
630 1458 740 1498 non
772 1444 956 1499 cordis
984 1445 1319 1512 aspectibus.
1370 1450 1495 1513 post
1540 1443 1752 1512 aliquot
1781 1441 1902 1496 dies

260 1533 476 1588 tandem
512 1534 761 1602 pervenit
807 1533 874 1588 ad
929 1533 1209 1603 palatium,
1252 1533 1413 1603 longa
1444 1534 1698 1602 corporis
1727 1531 1899 1587 macie

259 1621 562 1688 confectus,
596 1623 688 1678 ubi
719 1630 1013 1692 susceptus
1060 1621 1434 1679 favorabiliter
1476 1637 1507 1677 a
1555 1637 1682 1691 rege
1730 1627 1785 1676 et
1832 1620 1900 1675 ab

257 1712 646 1781 Optimatibus,
712 1713 923 1767 veniam
990 1711 1120 1767 dare
1186 1713 1392 1781 petitur
1451 1711 1894 1782 lacrymabiliter.

1987 547 2155 600 visset
2183 553 2238 600 et
2269 547 2474 616 quiete,
2508 547 2691 614 vellet,
2727 549 2917 616 nollet,
2951 565 3009 605 se
3040 550 3294 607 habendo
3345 556 3624 623 paululum

1987 635 2307 691 melioratus
2345 636 2559 701 fuisset,
2618 640 2924 694 accercitur
2981 640 3175 695 iterum
3224 642 3292 696 ab
3347 644 3625 712 Augusto:

1987 732 2041 779 et
2071 726 2163 793 qui
2198 725 2350 794 prius
2400 727 2661 796 gloriose,
2705 729 2870 783 modo
2918 728 3212 797 gloriosius
3260 732 3527 800 recipitur
3573 735 3629 790 in

1987 817 2209 886 palatio.
2261 818 2429 882 Quem
2470 817 2841 872 introeuntem
2881 824 3025 872 tanta
3077 819 3370 876 comitatur
3413 825 3628 892 gratia,

1987 911 2136 959 tanta
2167 905 2482 974 loquentem
2523 907 2814 976 sapientia,
2874 913 3023 962 tanta
3079 909 3383 977 sapientem
3442 911 3631 969 facun-

1986 994 2096 1058 dia,
2131 1000 2190 1048 ut
2219 1009 2315 1049 sua
2349 996 2647 1065 unicuique
2681 996 2863 1051 statim
2897 1003 3110 1066 pateret
3157 999 3492 1068 insipientia.
3525 1001 3629 1057 Mi-

1985 1091 2178 1139 rantur
2206 1092 2260 1140 et
2291 1093 2536 1155 stupent,
2579 1093 2634 1142 et
2681 1102 2849 1156 super
2901 1089 3167 1143 rationem
3217 1091 3336 1158 ejus
3384 1090 3628 1160 hmrent,

1985 1175 2114 1243 quia
2145 1176 2240 1243 qui
2291 1176 2443 1244 prius
2498 1176 2832 1231 videbantur
2885 1178 2989 1232 sibi
3050 1177 3278 1247 perfecti
3338 1179 3628 1250 rhetores,

1985 1278 2131 1318 nunc
2163 1265 2336 1335 digito
2369 1266 2451 1319 ori
2481 1267 2836 1335 superposito
2875 1268 3138 1322 assistunt
3187 1282 3327 1338 pene
3358 1269 3625 1340 elingues.

1982 1354 2260 1423 Quidquid
2301 1361 2668 1410 tractaverant
2699 1357 2756 1410 fit
2785 1357 3021 1423 irritum,
3055 1357 3324 1426 quidquid
3372 1360 3477 1414 iste
3517 1360 3633 1416 elo-

1984 1443 2172 1512 quitur
2201 1444 2259 1498 fit
2289 1452 2484 1499 ratum.
2527 1445 2768 1500 Solvitur
2815 1445 3000 1514 itaque
3049 1445 3343 1501 multorum
3392 1449 3630 1517 captivi-

1985 1538 2087 1599 tas,
2120 1547 2307 1589 eorum
2341 1534 2571 1590 maxime
2603 1535 2802 1604 quibus
2833 1536 2981 1606 regia
3009 1536 3343 1606 jungebatur
3370 1537 3628 1606 affinitas,

1984 1622 2174 1692 sicque
2214 1624 2269 1678 in
2301 1624 2492 1693 primis
2539 1626 2837 1680 resarcitur
2866 1628 2985 1693 ejus
3023 1623 3153 1679 felix
3190 1628 3542 1695 germanitas,
3576 1634 3631 1684 et

1987 1713 2240 1768 redditur
2267 1713 2322 1769 in
2355 1728 2465 1769 uno
2499 1715 2756 1770 omnibus
2787 1715 2947 1784 plena
2988 1715 3233 1770 libertas.
3282 1717 3630 1772 Revocantur

254 1802 518 1856 Fatentur
547 1815 812 1864 errorem,
853 1808 907 1856 et
941 1801 1225 1857 inveniunt
1253 1802 1469 1871 injuriaa
1500 1803 1892 1856 immemorem.
1917 1801 2177 1858 Bomnes
2215 1817 2281 1858 ex
2328 1804 2544 1858 diversa
2591 1805 2838 1875 regione,
2883 1805 2987 1859 nisi
3038 1817 3178 1874 quos
3224 1803 3438 1860 felicius
3482 1820 3633 1875 prae-

255 1891 460 1946 Videns
489 1892 630 1947 enim
662 1892 898 1948 suffusos
928 1892 1159 1961 pudore,
1203 1891 1403 1961 quibus
1450 1905 1559 1947 non
1590 1891 1691 1946 fuit
1723 1891 1900 1960 pudor

257 1981 391 2036 olim
421 1981 526 2037 sibi
558 1997 731 2052 usque
762 1981 829 2036 ad
862 1981 1112 2037 effectum
1155 1982 1422 2048 invidere,
1469 1980 1899 2036 satisfactionem

255 2084 444 2126 eorum
484 2073 769 2140 praevenit,
809 2079 865 2127 et
912 2072 1152 2127 dimissis
1199 2072 1373 2127 oculis
1405 2073 1517 2141 jam
1555 2069 1900 2125 satisfacien-

257 2165 340 2215 tes
378 2161 452 2215 ita
483 2161 721 2217 dulciter
759 2162 1026 2216 delinivit.
1063 2180 1090 2212 «
1121 2161 1290 2228 Nihil,
1323 2163 1418 2227 ait,
1453 2175 1486 2217 o
1516 2164 1718 2225 Caesar,
1754 2160 1811 2213 fit
1843 2160 1898 2212 in

255 2254 423 2316 terra,
485 2252 641 2318 nihil,
703 2267 736 2306 o
795 2266 1073 2321 proceres,
1115 2253 1234 2306 sine
1293 2266 1492 2316 causa;
1553 2250 1688 2305 nihil
1730 2250 1788 2302 fit
1843 2249 1899 2303 in

254 2341 459 2395 mundo
489 2341 606 2395 siue
647 2342 740 2395 Dei
767 2342 999 2408 judicio.
1040 2342 1095 2395 Si
1135 2355 1236 2396 nos
1286 2354 1384 2409 pro
1425 2341 1666 2408 peccatis
1699 2338 1901 2393 nostris

253 2433 436 2500 arguit
467 2433 627 2495 Deus,
670 2431 800 2498 quid
841 2430 907 2484 ad
939 2437 1076 2485 vos?
1113 2444 1216 2484 nos
1257 2429 1569 2484 viderimus.
1619 2429 1765 2482 Nihil
1807 2442 1901 2496 po-

253 2519 410 2572 tuisti
448 2519 566 2572 sine
596 2519 687 2572 Dei
721 2519 1119 2587 permissione;
1163 2519 1326 2573 modo
1369 2525 1584 2572 utamur
1632 2518 1724 2572 Dei
1775 2519 1898 2585 jus-

254 2606 434 2661 sione.
467 2607 735 2672 Dimittite,
779 2608 976 2676 inquit,
1018 2614 1066 2662 et
1105 2607 1427 2662 dimillemini
1468 2610 1610 2676 (Luc.
1653 2621 1725 2672 vr,
1757 2605 1896 2675 3'7);

257 2695 404 2765 quod
433 2709 534 2765 ego
559 2697 766 2764 primus
785 2696 976 2752 faciam
1004 2715 1017 2752 :
1050 2711 1147 2753 vos
1171 2712 1257 2752 me
1281 2697 1595 2766 sequimini.
1621 2713 1650 2747 »
1674 2697 1758 2750 Fit
1778 2696 1898 2750 sine

256 2799 408 2840 mora
437 2785 506 2839 ab
537 2787 829 2852 omnibus;
863 2786 1202 2842 festucantur
1229 2788 1431 2842 omnia.

326 2873 414 2927 32.
457 2874 688 2930 Cwnobii
715 2877 798 2930 sui
827 2891 1004 2932 curam
1033 2878 1264 2932 resumit.
1292 2907 1363 2916 —
1392 2876 1599 2943 Quibus
1637 2876 1712 2930 ita
1741 2888 1895 2930 com-

257 2964 472 3033 positis,
506 2965 711 3033 petitur
741 2966 1024 3034 pristinam
1064 2967 1249 3021 sedem
1300 2967 1548 3034 recipere
1596 2963 1896 3034 ﬂagitanti-

253 3053 356 3108 bus
388 3054 512 3108 liliis
540 3055 674 3116 suis,
727 3055 927 3124 quibus
973 3054 1212 3126 fatigatis
1241 3055 1518 3110 desiderio
1548 3053 1893 3124 septennium

1981 1893 2208 1948 veniens
2237 1906 2386 1948 mors
2417 1895 2703 1948 remiserat
2735 1895 2947 1964 patriae.
3002 1894 3369 1960 Quorumdam
3404 1902 3632 1951 tonsura

1981 1982 2100 2036 sine
2129 1983 2252 2051 jure
2292 1988 2568 2052 suscepta,
2603 1997 2702 2052 per
2732 1997 2854 2038 eum
2886 1984 3084 2038 transit
3134 1984 3201 2039 ad
3251 1998 3532 2051 coronam,
3576 1990 3632 2040 et

1981 2071 2209 2127 offertur
2248 2074 2358 2128 Deo
2389 2080 2586 2142 sponte
2617 2073 2765 2143 quod
2799 2073 3009 2128 illatum
3058 2071 3236 2129 fuerat
3279 2074 3347 2129 ad
3390 2075 3626 2146 ignomi-
3659 2129 3666 2132 ,

1982 2161 2147 2215 niam.

2051 2248 2140 2300 35.
2173 2247 2475 2303 Aulicorum
2503 2251 2753 2318 reformat
2795 2265 2985 2305 mores.
3044 2280 3116 2290 —
3170 2253 3293 2320 Ipse
3352 2252 3628 2321 publicam

1983 2339 2292 2406 suscipiens
2350 2340 2726 2407 pmnitentiam
2787 2341 3087 2408 imperator
3140 2339 3442 2409 gloriosus,
3501 2341 3632 2398 facit

1982 2443 2040 2482 se
2089 2427 2305 2482 cunctis
2352 2428 2699 2484 humiliorem
2740 2429 2795 2483 in
2843 2429 2958 2482 suis
3003 2429 3265 2494 reatibus,
3323 2431 3417 2499 qui
3459 2431 3630 2501 regali

1983 2518 2223 2573 elatione
2254 2516 2481 2572 affectus
2543 2519 2719 2574 fuerat
2756 2518 2895 2573 alter
2944 2518 3294 2587 Tarquinius.
3350 2519 3628 2589 Quidquid

1983 2607 2127 2662 enim
2185 2609 2436 2676 exemplo
2477 2615 2530 2662 et
2580 2609 2846 2677 permissu
2906 2608 3015 2663 alio
3054 2607 3259 2663 fecerat
3309 2608 3629 2676 offendere,

1980 2696 2200 2751 tandem
2231 2697 2437 2750 salubri
2469 2698 2702 2753 consilio
2752 2697 3036 2752 institutus
3083 2697 3311 2752 sanabat
3351 2699 3498 2768 regia
3537 2712 3634 2753 sa-
3672 2685 3680 2688 ’

1977 2784 2312 2852 tisfactione,
2357 2799 2548 2842 omnes
2589 2786 2890 2856 praeeundo
2940 2785 3211 2840 reducens
3240 2786 3306 2840 ad
3348 2787 3486 2840 viam
3519 2800 3632 2856 poe-

1980 2875 2213 2942 nitendi,
2266 2876 2467 2944 quibus
2504 2875 2680 2930 factus
2736 2874 2914 2931 fuerat
2969 2875 3076 2930 iter
3112 2874 3387 2930 deviandi.
3428 2875 3631 2930 Audie-

1980 2965 2072 3020 bat
2104 2965 2157 3018 in
2207 2966 2463 3019 omnibus
2513 2972 2761 3020 sanctum
2809 2963 3161 3030 Adalardum,
3213 2970 3268 3018 et
3314 2963 3381 3018 ad
3432 2964 3626 3032 pristi-

1980 3069 2103 3110 nam
2179 3055 2523 3111 honestatem
2593 3056 2922 3126 precabatur
2987 3055 3255 3109 reducere
3313 3054 3626 3123 imperium.

251 3142 388 3198 illud
422 3143 688 3212 prolixius
723 3145 1013 3200 videbatur
1048 3146 1456 3214 centuplicibus
1501 3146 1678 3199 annis.
1730 3136 1956 3198 Reci-C
1979 3147 2090 3200 Nec
2121 3143 2296 3200 defuit
2323 3145 2438 3212 ille,
2471 3146 2568 3200 sed
2613 3146 2880 3214 justitiam
2930 3149 2985 3199 et
3032 3145 3346 3213 aequitatem
3388 3144 3630 3200 restituit

250 3232 331 3301 pit
362 3247 462 3287 nec
492 3231 711 3298 refutat,
743 3234 943 3289 etenim
984 3235 1283 3290 secundum
1325 3247 1565 3289 canones
1620 3247 1729 3288 non
1785 3246 1890 3302 po-

246 3327 426 3376 terat:
459 3323 569 3377 imo
603 3323 842 3378 charitas
871 3324 1105 3379 filiorum
1137 3325 1241 3379 sibi
1272 3324 1541 3392 imperat;
1576 3330 1631 3377 et
1659 3323 1740 3377 sic
1769 3336 1891 3376 cum

248 3410 419 3465 multa
483 3412 778 3480 stipatione
835 3427 1058 3468 suorum
1130 3413 1417 3468 Corbeiam
1488 3413 1767 3481 remigrat.
1849 3413 1892 3466 Ο

248 3515 411 3569 quam
467 3501 710 3570 jucunda
769 3502 889 3556 dies
955 3503 1245 3557 illustravit
1301 3509 1431 3556 tunc
1487 3502 1886 3557 Corbeienses!

245 3589 369 3644 dies
406 3590 520 3656 illa,
553 3591 672 3646 dies
701 3592 930 3654 l‘JBtllliB,
981 3591 1099 3646 dies
1155 3591 1509 3646 exultationis
1566 3598 1621 3645 et
1676 3590 1889 3658 gloriae.

241 3669 455 3746 Quanta
485 3680 724 3750 denique
754 3679 918 3735 fuerit
956 3686 1213 3749 receptus
1259 3681 1557 3734 ambitione
1615 3679 1740 3747 quis
1796 3693 1888 3732 va-

244 3768 324 3822 let
357 3777 658 3838 perorare?
695 3771 953 3825 Procedit
993 3769 1247 3839 palliatus
1295 3769 1432 3824 ordo
1473 3767 1887 3834 monachorum,

244 3859 656 3929 monachosque
688 3860 954 3929 praecedit
984 3859 1311 3914 candidatus
1340 3858 1478 3914 ordo
1519 3858 1847 3913 clericorum
1873 3878 1888 3924 ;

245 3951 430 4004 omnis
457 3964 620 4005 sexus
649 3957 702 4004 et
743 3957 875 4005 tetas
906 3952 1015 4006 ruit
1045 3952 1099 4004 in
1132 3950 1366 4014 obviam,
1418 3963 1521 4004 nec
1569 3955 1653 4004 est
1699 3948 1890 4003 audire

247 4039 354 4094 nisi
383 4041 544 4095 unius
569 4040 746 4095 laudis
776 4041 1202 4107 concinentiam,
1252 4040 1455 4094 Christi
1503 4038 1715 4093 scilicet
1755 4051 1890 4107 pro-

247 4136 374 4199 pter
410 4130 644 4185 reditum
687 4131 862 4184 Patris
899 4130 1237 4185 laudantium
1277 4129 1642 4184 clementiam.
1684 4129 1892 4183 Conso-

247 4226 382 4273 nant
429 4226 484 4274 et
522 4219 828 4285 dissonant,
889 4219 1015 4288 quia
1071 4233 1255 4284 voces,
1312 4232 1422 4273 non
1482 4217 1672 4272 laudes
1728 4230 1892 4271 sexus

246 4309 509 4363 mutavit:
544 4323 646 4364 nec
676 4308 863 4378 plures
899 4307 1039 4363 fudit
1077 4308 1342 4378 lacrymas
1379 4309 1498 4376 ejus
1536 4306 1893 4361 discessionis

245 4399 516 4454 desolatio
574 4413 734 4468 quam
792 4412 940 4454 nunc
995 4412 1216 4468 quoque
1271 4397 1475 4454 refudit
1531 4397 1894 4467 regressionis

245 4489 574 4546 consolatio.

318 4579 408 4635 33.
441 4577 599 4634 Febri
627 4579 859 4649 aﬂ’ectus.
891 4595 962 4618 ά
990 4576 1095 4632 Sed
1144 4589 1255 4632 non
1305 4573 1480 4630 defuit
1530 4575 1892 4644 impedimen-

247 4676 384 4734 tum,
410 4683 519 4739 quo
540 4669 836 4738 aliquantis
859 4682 956 4736 per
976 4671 1186 4722 tantum
1216 4665 1580 4734 impediretur
1607 4663 1887 4733 gaudium.

243 4760 406 4815 Illum
437 4759 578 4814 enim
611 4772 711 4828 pro
743 4772 852 4828 quo
900 4758 1020 4813 haec
1068 4755 1385 4812 arridebant
1423 4755 1646 4825 gaudia,
1680 4754 1892 4809 ﬂamma

247 4848 482 4904 febrium
538 4849 803 4903 invadens
849 4845 1128 4917 pestifera,
1179 4845 1420 4900 membra
1470 4844 1564 4898 diu
1613 4849 1892 4898 attenuata

245 4939 462 5002 exsilio,
503 4937 821 4993 attenuabat
859 4938 1020 4992 etiam
1061 4950 1204 4991 nunc
1245 4933 1632 4990 invaletudinis
1675 4935 1889 4989 morbo.

247 5031 379 5095 Qua:
434 5043 523 5083 res
575 5029 818 5082 ltetitiam
849 5027 1071 5096 quidem
1130 5025 1428 5089 minuebat,
1471 5023 1568 5078 sed
1629 5023 1895 5093 lacrymas

249 5119 525 5187 utrimque
558 5117 922 5187 procedentes
951 5124 1006 5171 et
1040 5131 1105 5172 ex
1123 5116 1324 5186 gaudio
1354 5121 1408 5169 et
1438 5128 1503 5168 ex
1535 5127 1769 5169 maerore
1801 5128 1895 5169 au-

249 5209 432 5278 gebat.
495 5210 566 5263 Ea
607 5216 812 5263 tantum
871 5207 1254 5262 rclevabantur
1308 5205 1724 5269 consolatione,
1767 5205 1893 5273 quia

250 5298 524 5351 malebant
583 5312 705 5353 eum
773 5297 1043 5352 infirmum
1100 5310 1260 5365 quam
1301 5310 1402 5350 nec
1431 5308 1622 5350 sanum
1667 5294 1890 5349 habere.

247 5388 610 5454 Quamobrem
669 5387 956 5442 afﬂuentes
1003 5400 1128 5455 erga
1169 5399 1290 5439 eum
1333 5383 1646 5440 omnimoda
1698 5384 1893 5438 huma-

250 5478 442 5544 nitate,
485 5477 770 5534 charitatis
825 5476 1065 5533 oliicium
1103 5474 1366 5530 exhibent
1395 5476 1446 5530 ei
1475 5474 1714 5545 benigna
1751 5473 1893 5528 filia-

253 5567 427 5623 tione.

325 5656 417 5712 34.
476 5660 543 5714 In
599 5655 775 5713 aulam
810 5657 946 5713 redit
1001 5655 1305 5712 honoratus.
1363 5651 1624 5711 Exsutum
1673 5649 1897 5707 reditum

1976 3235 2030 3288 in
2065 3235 2287 3304 propria
2326 3234 2478 3289 sede.
2532 3235 2816 3303 Repressit
2873 3246 3066 3288 vocum
3127 3233 3398 3287 novitates
3455 3239 3510 3287 et
3548 3237 3629 3289 te-

1975 3325 2237 3379 merarias
2267 3325 2322 3378 in
2373 3324 2579 3394 populo
2631 3323 3109 3393 praesumptiones.
3148 3323 3214 3375 Et
3261 3321 3390 3390 quia
3439 3321 3626 3377 disce-

1975 3414 2111 3469 dens
2167 3413 2406 3478 cmlum,
2469 3427 2576 3467 non
2617 3413 2897 3477 animum,
2957 3416 3297 3475 mutaverat,
3359 3417 3626 3465 mutatum

1973 3504 2260 3572 imperium
2329 3501 2613 3556 refrenans
2679 3503 2873 3556 timore
2933 3506 2988 3555 et
3043 3513 3267 3565 amore,
3329 3499 3624 3568 decuplum

1974 3593 2274 3660 majoratur
2303 3605 2463 3659 quam
2496 3590 2846 3644 discesserat.
2881 3591 3152 3644 Praeterea
3195 3588 3426 3658 jubetur
3459 3589 3622 3644 etiam

1973 3682 2231 3737 omnibus
2282 3680 2540 3735 Ecclesiis
2597 3681 2955 3750 magistrare;
3017 3679 3219 3748 quibus
3275 3676 3509 3733 consilio
3569 3682 3626 3733 et

1973 3769 2266 3840 prudentia
2295 3770 2573 3838 magister,
2616 3769 2712 3823 sed
2753 3767 3058 3837 discipulus
3105 3772 3352 3836 apparet.
3405 3765 3624 3820 humili-

1974 3865 2104 3916 tate.
2137 3861 2248 3914 Nec
2278 3865 2405 3914 ante
2434 3858 2649 3914 destitit
2687 3873 2849 3928 quam
2898 3871 3127 3928 regnum
3179 3858 3517 3912 Francorum
3563 3857 3622 3912 in

1973 3950 2122 4005 omni
2153 3949 2325 4019 gloria
2347 3950 2705 4018 juvenescere
2745 3947 2894 4002 fecit.

2043 4038 2132 4092 36.
2174 4037 2395 4094 Abbatis
2443 4053 2625 4093 munus
2672 4041 2858 4093 retinet
2904 4038 3114 4092 invitus.
3146 4035 3284 4093 “Sibi
3331 4035 3512 4091 dumis.
3553 4064 3625 4076 —

1973 4129 2160 4184 Rebus
2190 4142 2322 4198 ergo
2370 4129 2428 4182 in
2477 4142 2610 4197 pace
2656 4127 2999 4196 compositis,
3051 4126 3260 4196 cogitat
3316 4140 3376 4181 se
3423 4127 3624 4181 iterum

1973 4233 2174 4274 exuere
2203 4218 2562 4274 saecularibus
2591 4218 2758 4283 curis,
2802 4224 2861 4272 ut
2910 4217 3183 4286 reliquum
3230 4216 3356 4270 vita:
3408 4221 3626 4284 tempus

1975 4316 2198 4379 peragat
2229 4309 2284 4362 in
2333 4308 2552 4362 divinis.
2602 4307 2708 4361 Sed
2762 4320 2873 4361 non
2913 4313 2996 4360 est
3043 4306 3364 4374 permissus,
3417 4318 3447 4357 a
3496 4304 3623 4358 filiis

1973 4398 2088 4452 suis
2118 4397 2352 4462 scilicet,
2387 4410 2619 4466 quorum
2652 4401 2770 4450 erat
2817 4408 2945 4463 spes
2985 4393 3217 4447 maxima
3265 4398 3391 4460 post
3429 4392 3621 4458 Deum,

1912 4475 2036 4542 Det
2075 4492 2230 4554 pater
2256 4494 2552 4540 maternus.
2594 4485 2807 4550 Quanto
2855 4481 3001 4536 enim
3058 4487 3176 4534 erat
3228 4485 3389 4534 aetate
3441 4483 3621 4534 matu-

1974 4576 2110 4640 rior,
2152 4579 2304 4630 tanto
2336 4574 2695 4629 tendentibus
2724 4571 2792 4627 ad
2822 4571 3076 4626 virtutem
3106 4569 3395 4624 videbatur
3432 4568 3624 4624 utilior

1976 4671 2030 4718 et
2059 4663 2286 4734 agendis
2323 4664 2632 4733 quibusque
2665 4660 2981 4731 perfectior.
3013 4661 3124 4714 Nec
3155 4666 3272 4713 erat
3300 4658 3502 4727 aliquis
3527 4655 3624 4726 qui

1975 4767 2144 4822 super
2172 4766 2294 4808 eum
2325 4753 2380 4807 id
2415 4766 2673 4808 exercere
2702 4756 2907 4820 posset,
2942 4748 3247 4819 praesertim
3279 4760 3402 4802 cum
3431 4745 3622 4816 vigore

1975 4843 2150 4898 sancti
2197 4843 2442 4912 spiritus,
2498 4848 2553 4897 et
2605 4841 2882 4896 viriditate
2935 4838 3114 4894 adhuc
3171 4851 3282 4894 non
3341 4836 3622 4892 exhaustae

1977 4933 2157 4988 carnis
2204 4938 2412 4986 tantum
2469 4932 2698 5001 vigeret,
2758 4935 2818 4984 ut
2883 4930 2939 4984 in
2996 4928 3204 4983 laboris
3268 4932 3323 4982 et
3385 4925 3623 4996 negotiis

1977 5034 2158 5076 rerum
2191 5020 2394 5075 nullius
2426 5020 2644 5087 juvenis
2675 5019 2984 5074 constantia
3015 5031 3137 5073 eum
3187 5015 3366 5094 sequi,
3419 5014 3622 5069 nedum

1976 5110 2194 5179 assequi
2226 5111 2450 5164 valeret.
2474 5109 2624 5164 Adeo
2657 5107 2933 5178 perfectus
2955 5115 3072 5162 erat
3094 5108 3148 5161 in
3175 5105 3414 5171 actione,
3439 5103 3623 5158 omnia

1977 5200 2234 5264 dulciter,
2294 5215 2352 5254 se
2411 5201 2588 5269 ipsum
2652 5206 2890 5254 tractans
2946 5198 3064 5252 sine
3122 5195 3434 5251 dulcedine.
3493 5193 3625 5260 Quis

1978 5291 2123 5346 enim
2155 5303 2390 5359 unquam
2423 5290 2498 5343 ita
2527 5289 2782 5344 dominus
2805 5288 2969 5352 servi,
3003 5292 3062 5341 ut
3093 5286 3195 5340 iste
3227 5290 3344 5340 erat
3373 5283 3501 5339 sui?
3530 5281 3626 5352 qui

1980 5389 2086 5435 tam
2118 5379 2359 5435 crudelis
2388 5379 2635 5443 alterius,
2670 5384 2729 5432 ut
2761 5377 2862 5432 iste
2892 5377 3100 5431 arbiter
3137 5380 3310 5429 suus?
3359 5372 3454 5443 qui
3502 5384 3626 5426 cum

1978 5485 2009 5525 a
2039 5469 2167 5523 filiis
2203 5469 2320 5524 suis
2366 5469 2755 5524 obsecraretur
2783 5465 3080 5534 aliquando
3120 5471 3348 5534 paterna
3393 5473 3627 5518 venera-

1979 5561 2151 5624 tione,
2185 5571 2285 5613 cur
2312 5558 2418 5614 sibi
2447 5557 2552 5627 ipsi
2603 5563 2712 5612 tam
2748 5554 3085 5612 indiscretus
3131 5559 3297 5620 esset,
3348 5551 3443 5622 qui
3490 5550 3630 5608 alios

1979 5645 2252 5708 tractabat
2288 5645 2706 5716 discretissime,
2764 5645 2949 5702 statim
3005 5657 3192 5702 coram
3248 5643 3329 5699 eis
3383 5639 3628 5713 sponde-
