4056 6150
432 259 566 314 1059

1474 251 1529 304 S.
1570 249 1861 305 GERALDI
1897 248 2173 304 ABBATlS
2210 246 2725 303 SILVE-MAJORIS

3671 250 3819 306 1060

425 395 518 449 bat
555 390 980 456 correctionem,
1019 385 1120 442 sed
1158 384 1319 456 paulo
1378 388 1503 453 post
1558 382 1845 452 repetebat
1882 382 2067 453 vigilia
2087 380 2409 446 Aomnibus
2445 380 2662 436 scilicet
2707 393 2833 449 qua
2885 379 2994 436 sibi
3045 379 3309 437 voluisset
3355 397 3659 454 suggerere
3689 385 3823 455 Spi-

427 487 483 539 et
512 479 799 537 essuriem.

499 570 590 625 3’7.
648 568 758 625 Sed
824 563 1033 621 liberali
1086 561 1251 619 vultu.
1306 588 1380 602 --
1434 562 1563 617 Erat
1619 565 1799 617 tamen
1852 559 2072 616 decoris

426 659 602 732 gratia
630 661 910 721 venustus,
952 652 1189 707 discreta
1218 650 1390 706 macie
1429 651 1562 705 satis
1590 648 1884 706 admodum
1922 648 2074 704 colo-

431 763 545 805 rus.
576 749 696 802 Non
727 742 1087 800 obumbrabat
1125 739 1319 796 faciem
1370 740 1488 810 ejus
1534 738 1759 809 aliquod
1808 736 2075 794 extermi-

430 838 602 903 nium,
634 834 730 890 sed
769 831 987 887 assidua
1026 829 1272 885 hilaritas
1309 834 1370 885 ut
1417 828 1671 885 edentem
1700 828 1776 882 ita
1822 831 1878 883 et
1922 827 2075 896 jeju-

433 933 649 982 nantem
681 920 1047 991 componebat
1075 918 1357 975 decorum.
1391 917 1632 973 Canities
1668 930 1792 972 eum
1831 915 2073 971 candore

432 1016 589 1072 niveo
611 1011 934 1077 exornabat,
959 1014 1014 1066 et
1041 1009 1190 1065 velut
1219 1008 1393 1063 lilium
1423 1020 1591 1076 super
1610 1019 1802 1062 roseos
1818 1004 2072 1070 amictus,

428 1118 584 1162 coma
618 1102 814 1172 capitis
870 1114 1037 1170 super
1092 1103 1273 1154 cutem
1312 1096 1600 1167 puniceam
1636 1094 1938 1150 relucebat.
1972 1094 2075 1161 Qui

425 1195 473 1250 si
505 1210 572 1250 ex
601 1192 844 1249 millibus
876 1191 1087 1247 electus
1114 1188 1327 1256 fuisset,
1361 1200 1472 1243 non
1501 1184 1809 1251 candidior,
1842 1196 1953 1240 non
1984 1197 2077 1239 ru-

427 1282 724 1342 bicundior
754 1281 883 1353 eligi
924 1280 1217 1351 potuisset.

499 1373 590 1430 38.
610 1372 892 1444 Muuiﬁcus
929 1371 984 1426 in
1019 1385 1215 1427 omnes.
1236 1398 1309 1410 —
1334 1370 1546 1426 Catera
1566 1369 1686 1439 ejus
1714 1379 1827 1424 non
1855 1371 1941 1423 est
1960 1366 2077 1423 lau-

430 1464 549 1522 dari
580 1462 796 1519 modus.
838 1462 1100 1527 Persona,
1143 1464 1199 1516 et
1226 1458 1537 1525 nobilitate,
1578 1464 1634 1514 et
1678 1456 1970 1528 sapientia,
2020 1462 2077 1513 et

429 1554 743 1619 honestate,
784 1563 897 1606 non
945 1549 1294 1618 discrepabat
1339 1548 1408 1603 ab
1445 1548 1565 1617 ipsa
1602 1546 1895 1603 ministerii
1933 1553 2072 1603 arte.

428 1641 711 1712 Siquidem
742 1653 832 1695 res
862 1638 1125 1695 Ecclesia
1153 1651 1314 1707 quam
1347 1637 1553 1706 optime
1582 1636 1938 1706 disposuerit,
1995 1642 2078 1705 te-

2152 469 2292 524 ritus
2320 474 2585 525 sanctus?
2623 467 2741 543 Qui
2772 468 2819 523 si
2860 468 3091 538 vulgari,
3124 469 3181 525 id
3211 476 3295 525 est
3333 472 3583 527 Romana
3625 472 3821 543 lingua

2153 555 2494 626 loqueretur,
2536 556 2778 613 omnium
2818 557 3047 613 aliarum
3096 564 3384 628 putaretur
3421 560 3672 628 inscius;
3709 575 3818 617 nec

2154 646 2370 714 mirum,
2419 651 2537 700 erat
2593 646 2833 715 denique
2889 646 2945 701 in
3002 647 3257 703 omnibus
3313 648 3623 705 liberaliter
3676 649 3822 704 edu-

2154 743 2328 791 catus.
2362 736 2416 791 Si
2445 748 2576 790 vero
2605 736 2928 803 Teutonica,
2977 736 3221 792 enitebat
3260 736 3593 807 perfectius;
3635 739 3684 794 si
3720 740 3824 794 La-

2154 825 2287 893 tina,
2347 826 2403 881 in
2462 826 2611 882 nulla
2666 827 2892 883 omnino
2951 826 3278 884 absolutius.
3348 830 3649 885 Testantur
3708 830 3823 886 hoc

2154 929 2315 985 quam
2356 914 2542 985 plures
2569 917 2687 986 ejus
2715 915 2989 986 epistola,
3025 932 3149 987 qua
3178 917 3407 974 directa
3437 917 3508 973 ad
3537 918 3824 989 plurimos

2155 1004 2396 1062 omnium
2425 1005 2698 1061 habentur
2739 1006 3161 1063 liberalissima.
3218 1008 3333 1063 Nec
3388 1009 3535 1064 enim
3596 1008 3824 1065 litteras

2155 1094 2288 1149 satis
2325 1094 2630 1151 liberaliter
2667 1107 2780 1151 non
2820 1100 3038 1165 poterat
3075 1096 3313 1163 nescire,
3365 1096 3462 1167 qui
3507 1096 3664 1153 inter
3702 1097 3823 1153 alas

2154 1184 2441 1241 scholares
2470 1186 2715 1241 nutritus
2752 1190 2808 1240 et
2837 1185 3086 1242 eruditus
3142 1184 3244 1241 fuit
3295 1201 3420 1242 cum
3468 1187 3822 1243 consobrino

2155 1288 2256 1331 suo
2302 1274 2499 1332 Carolo
2554 1275 2888 1345 imperatore
2909 1317 2924 1343 ,
2974 1282 3032 1332 et
3077 1281 3434 1346 posteaquam
3482 1276 3701 1332 saculo
3735 1291 3825 1331 re-

2157 1363 2449 1435 nuntiavit,
2480 1363 2615 1421 satis
2645 1363 2895 1421 studiose
2940 1378 3002 1421 se
3029 1364 3223 1421 habuit
3258 1364 3316 1419 in
3355 1365 3665 1422 monastica
3697 1378 3826 1420 em

2158 1456 2389 1514 ditione.

2228 1546 2318 1602 43.
2399 1547 2586 1616 Vigeus
2921 1575 2995 1587 —
3038 1547 3128 1603 Sic
3184 1546 3354 1617 igitur
3410 1544 3700 1617 perfectus
3764 1549 3823 1603 in

2160 1644 2393 1707 utraque
2459 1635 2755 1707 disciplina
2789 1678 2803 1703 ,
2867 1634 3116 1692 saculari
3173 1635 3434 1690 videlicet
3483 1642 3539 1691 et
3578 1636 3772 1692 divina
3804 1678 3821 1701 ,

428 1730 665 1787 stabitur
701 1726 955 1794 Corbeia,
996 1726 1239 1796 quandiu
1284 1726 1580 1795 supererit.
1611 1725 1692 1781 lbi
1724 1731 1842 1781 erat
1879 1726 2139 1795 portusB
2161 1726 2417 1783 omnibus
2445 1726 2628 1781 omnia
2669 1725 2865 1794 factus,
2904 1732 3193 1795 sequester
3228 1731 3348 1781 erat
3384 1724 3533 1780 inter
3572 1739 3741 1796 reges
3768 1735 3825 1782 et

433 1830 755 1890 pauperum,
813 1822 1101 1886 respectus
1157 1815 1414 1881 divitum,
1455 1814 1652 1871 domus
1697 1821 1942 1869 materna
1988 1828 2079 1870 or-

431 1909 760 1979 phanorum,
793 1909 849 1961 et
878 1906 998 1975 ejus
1043 1902 1295 1973 exemplo
1334 1902 1516 1959 adhuc
1558 1909 1814 1973 superest
1860 1905 2077 1960 cunctis

432 1996 750 2067 petentibus
779 1992 1069 2065 refugium.
1102 1995 1223 2049 Non
1252 1992 1406 2048 dives
1442 1991 1758 2062 indonatus,
1801 2006 1911 2048 non
1950 2008 2078 2063 pau-

433 2101 533 2157 per
563 2084 779 2141 redibat
818 2085 1113 2151 irrogatus.
1164 2081 1398 2137 Calibes
1445 2081 1595 2139 viros
1641 2088 1697 2137 et
1741 2081 1934 2138 viduas
1969 2084 2075 2139 sti-

432 2174 650 2246 pendiis
677 2172 992 2227 destinabat
1020 2169 1360 2240 accipiendis
1390 2184 1491 2240 per
1518 2169 1763 2239 singulas
1781 2169 1956 2239 villas,
1979 2171 2075 2241 qui

430 2265 635 2335 ubique
693 2263 831 2319 locis
868 2261 1199 2332 opportunis
1236 2261 1572 2330 accipientes
1608 2261 1678 2316 ab
1717 2275 1783 2317 eo
1822 2262 2075 2319 xenodo-

427 2353 640 2420 chium,
709 2350 1070 2422 possidebant
1127 2364 1216 2405 res
1279 2348 1531 2405 ecclesia
1587 2350 1951 2406 communiter
2013 2355 2077 2407 ut

428 2441 837 2513 patrimonium.
890 2439 1204 2494 Thesaurus
1265 2438 1470 2508 quippe
1536 2438 1594 2493 in
1660 2439 1802 2495 calo
1856 2439 1961 2495 sibi
2020 2443 2076 2495 et

425 2531 541 2586 suis
580 2528 894 2600 parabatur,
941 2533 997 2583 et
1035 2526 1232 2583 domus
1278 2527 1374 2582 Dei
1421 2527 1701 2596 sapienter
1747 2541 1778 2582 a
1824 2528 2074 2597 sapiente

380 2614 396 2623 ’
422 2617 925 2675 administrabatur.
2038 2686 2042 2691 _

494 2707 585 2763 39.
625 2705 874 2763 Habitum
922 2702 1078 2760 vilem
1114 2704 1345 2774 gerebat.
1405 2734 1478 2746 —
1522 2707 1794 2762 Caterum
1853 2706 2074 2763 habitus

421 2798 874 2855 vestimentorum
906 2795 1026 2865 ejus
1052 2793 1143 2850 vix
1188 2800 1307 2850 erat
1343 2793 1624 2851 sufficiens
1673 2809 1775 2866 pro
1825 2796 2070 2869 frigore,

420 2892 603 2944 tamen
635 2886 823 2957 potius
851 2886 1097 2942 membra
1124 2886 1379 2940 muniens
1416 2900 1579 2955 quam
1602 2885 1813 2956 aliquid
1844 2887 2073 2944 honoris

420 2975 906 3045 autpretiositatis
943 2973 1206 3030 inferens.
1248 2976 1481 3030 Prorsus
1518 2988 1630 3031 non
1660 2976 1858 3046 egebat
1886 2976 2071 3046 aliqua

2158 1815 2460 1886 principes,
2492 1815 2730 1885 majores
2776 1821 2835 1870 et
2880 1814 3142 1880 minores,
3193 1812 3545 1883 aequissimus
3596 1814 3657 1868 in
3707 1828 3825 1870 om-

2158 1904 2342 1971 nibus,
2387 1906 2495 1960 Deo
2545 1904 2770 1974 placens
2800 1908 2856 1959 et
2884 1903 3221 1959 hominibus.
3252 1902 3557 1959 Consilium
3587 1916 3726 1959 vero
3764 1905 3821 1959 in

2158 2008 2225 2050 eo
2264 1994 2481 2064 vigebat
2510 1995 2682 2051 totius
2711 1994 2926 2065 patria,
2958 1998 3013 2048 et
3050 1993 3185 2048 licet
3236 1992 3457 2048 unicum
3507 1994 3637 2062 ejus
3675 2000 3822 2048 esset

2158 2083 2493 2140 desiderium
2524 2083 2750 2140 dissolvi
2790 2090 2846 2139 et
2882 2096 3006 2140 cum
3034 2082 3255 2139 Christo
3285 2096 3427 2147 esse,
3472 2088 3666 2138 tamen
3696 2096 3822 2153 prc-

2158 2172 2314 2229 cibus
2342 2186 2569 2229 suorum
2599 2173 2829 2240 evictus,
2859 2171 3078 2242 imperii
3125 2185 3314 2242 pacem
3363 2178 3418 2226 et
3466 2170 3821 2228 honestatem

2157 2262 2488 2332 disponebat
2524 2263 2971 2333 circumquaque.

2228 2351 2317 2404 44.
2351 2350 2584 2408 Corbeiw
2613 2352 2902 2408 Saxonica:
2937 2350 3091 2406 initia
3135 2355 3187 2405 et
3217 2364 3554 2421 progressus.
3587 2379 3662 2391 —
3689 2350 3818 2417 Qui-

2159 2438 2261 2497 bus
2317 2439 2625 2496 insistendo
2684 2441 2934 2509 pervenit
2970 2439 3260 2495 Saxoniam
3319 2452 3440 2493 cum
3500 2438 3615 2493 hoc
3650 2440 3816 2492 etiam

2157 2532 2323 2583 certa
2364 2529 2445 2583 rei
2496 2528 2743 2600 negotio.
2792 2528 2853 2585 Id
2892 2534 3074 2585 autem
3115 2527 3318 2599 negotii
3370 2531 3511 2593 erat,
3558 2527 3696 2597 quia
3743 2525 3820 2582 ibi

2157 2615 2483 2688 religionem
2514 2617 2817 2674 theoricam
2847 2616 3148 2686 aliquando
3188 2629 3396 2686 ponere
3444 2616 3819 2673 decreverat:

2155 2704 2224 2759 ad
2255 2719 2419 2775 quam
2475 2706 2824 2763 statuendam
2881 2720 2981 2776 per
3036 2704 3329 2776 quemdam
3384 2718 3644 2774 puerum,
3721 2718 3822 2761 no-

2157 2793 2305 2851 mine
2343 2794 2727 2852 Theodradum
2788 2794 2938 2868 (40),
2988 2810 3020 2850 a
3064 2794 3300 2851 Saxonia
3349 2794 3637 2849 Franciam
3684 2808 3816 2865 rege

2154 2884 2474 2953 deductum,
2543 2893 2595 2943 et
2638 2886 2964 2943 monachum
3023 2886 3274 2942 Corbeia
3329 2883 3530 2941 factum
3557 2926 3574 2950 ,
3631 2884 3814 2940 locum

2157 2974 2468 3031 adificandi
2498 2990 2528 3031 a
2560 2977 2882 3047 parentibus
2912 2977 3031 3045 ejus
3075 2975 3309 3045 adeptus
3348 2972 3547 3030 fuerat.
3591 2974 3716 3040 Quo
3756 2974 3815 3029 in

419 3065 674 3135 corporis
701 3064 1124 3133 compositione,
1174 3063 1312 3118 nihil
1361 3064 1506 3119 enim
1552 3064 1658 3119 sibi
1698 3064 1888 3121 deerat
1934 3065 2125 3136 pul-C.
2151 3062 2276 3119 loco
2307 3064 2597 3120 ecclesiam
2628 3064 3021 3121 monachorum
3061 3064 3252 3120 usibus
3299 3069 3482 3132 aptam
3522 3061 3813 3118 adiﬁcare

421 3151 752 3209 chritudinis
800 3151 1077 3227 humana,
1108 3151 1245 3206 nihil
1304 3153 1465 3207 etiam
1523 3153 1807 3209 interioris
1843 3156 2061 3212 anima.

418 3245 657 3311 Aspectu
715 3247 833 3295 erat
871 3240 1340 3311 incomparabilis,
1381 3246 1590 3297 statura
1636 3257 1924 3312 procerus,
1972 3247 2057 3301 in-

415 3342 577 3384 cessu
614 3328 933 3399 virginalis;
967 3342 1072 3384 vox
1100 3330 1219 3398 ejus
1249 3342 1455 3400 cycnea
1484 3329 1777 3388 dulcedine
1809 3332 1894 3388 sui
1925 3334 2066 3389 mul-

418 3417 577 3474 cebat
615 3418 882 3484 auditum,
947 3424 1003 3473 et
1040 3432 1221 3474 sermo
1277 3432 1551 3490 quemque
1609 3420 1923 3478 audientem
1974 3423 2062 3478 sui

413 3505 648 3563 faciebat
678 3505 1088 3563 memoriosum.

486 3594 577 3652 40.
618 3598 696 3651 De
729 3596 840 3651 suis
888 3610 1041 3667 quam
1088 3593 1363 3651 sollicitus.
1394 3626 1466 3636 —
1494 3598 1618 3666 Ipse
1669 3611 1799 3654 vero
1856 3604 2061 3655 tantam

416 3685 679 3742 memoria
734 3685 972 3741 filiorum
1029 3684 1267 3740 habebat
1321 3686 1378 3740 in
1433 3686 1737 3743 visceribus
1775 3687 2057 3757 paternis,

417 3782 477 3831 ut
508 3788 620 3831 non
649 3774 827 3831 solum
857 3788 1040 3830 mores
1087 3775 1407 3844 inspiceret,
1440 3776 1538 3832 sed
1577 3777 1739 3832 etiam
1772 3790 2061 3834 numerum

416 3872 473 3921 et
508 3865 731 3920 nomina
770 3878 960 3920 eorum
1018 3864 1237 3934 semper
1286 3864 1516 3922 haberet
1553 3866 1829 3937 descripta
1854 3867 1911 3923 in
1942 3882 2060 3923 ma-

412 3953 577 4008 nibus
613 3953 749 4019 suis,
788 3958 1063 4022 quatenus
1101 3967 1212 4008 non
1251 3954 1359 4009 sibi
1399 3954 1681 4011 excideret
1718 3969 1821 4026 pro
1859 3956 2062 4027 quibus

415 4040 685 4096 rationem
724 4042 1045 4097 redditurus
1088 4049 1234 4099 esset
1271 4044 1383 4099 Deo
1413 4050 1469 4099 et
1508 4058 1607 4114 pro
1655 4046 1894 4115 quantis.
1928 4045 2060 4101 ideo

414 4131 700 4185 maximam
756 4144 955 4202 gerens
1009 4145 1193 4186 curam
1243 4145 1452 4201 eorum,
1496 4134 1705 4190 nullum
1761 4148 1829 4190 ex
1866 4134 1949 4190 eis
2003 4134 2060 4189 in

412 4218 757 4276 hebdomada
823 4220 1172 4292 relinquebat
1234 4221 1631 4291 inallocutum,
1704 4237 1774 4280 ne
1845 4224 2062 4280 scilicet

410 4308 669 4366 inimicus
706 4310 993 4366 inveniens
1019 4316 1295 4381 vacantes,
1344 4313 1547 4368 zizania
1591 4312 2059 4384 superseminaret

412 4398 676 4455 cordibus
703 4412 916 4455 eorum.

481 4486 572 4539 41.
620 4487 998 4544 Monasterium
1034 4493 1174 4543 recte
1229 4488 1457 4544 ordinat.
1498 4518 1570 4530 —
1596 4489 1835 4547 Proinde
1891 4505 2055 4561 quam

412 4575 607 4632 efﬁcax
646 4576 810 4633 fuerit
863 4577 921 4632 in
974 4576 1434 4647 dispositionibus
1479 4578 1848 4637 ordinationis
1898 4596 2054 4647 sua,

410 4667 505 4737 qui
557 4680 720 4723 nosse
759 4665 1014 4734 voluerit,
1066 4666 1121 4722 in
1167 4666 1311 4723 libro
1350 4666 1445 4737 qui
1484 4667 1552 4724 de
1583 4668 1669 4724 his
1708 4670 2056 4741 conscriptus

409 4762 493 4811 est
517 4755 663 4827 (39),
687 4756 871 4827 legere
902 4757 1107 4826 poterit
1136 4770 1247 4813 non
1272 4758 1391 4812 sine
1425 4758 1618 4829 grandi
1648 4758 2010 4815 admiratione
2035 4780 2050 4827 ;

408 4844 504 4901 ubi
544 4846 709 4901 etiam
777 4845 1077 4916 perspiciet
1141 4860 1301 4915 quam
1366 4847 1648 4917 sapienter
1711 4862 1743 4903 a
1804 4848 2053 4918 sapiente

406 4933 674 5004 disposita
704 4932 871 4990 fuerit
898 4934 1095 4991 domus
1131 4935 1483 4992 Corbeiensis
1509 4936 1781 4993 ecclesia.

478 5021 570 5077 42.
637 5024 957 5093 Linguarum
1014 5038 1109 5079 usu
1160 5025 1412 5095 praeditus
1437 5068 1451 5091 ,
1492 5031 1540 5082 et
1578 5026 1857 5083 litteratus.
1890 5057 1959 5067 —
1988 5029 2052 5083 Et

404 5113 536 5181 quid
568 5113 898 5170 laudandum
931 5114 987 5169 in
1018 5127 1085 5169 eo
1115 5115 1319 5184 potius,
1352 5130 1475 5171 cum
1504 5129 1607 5171 nec
1636 5117 1820 5187 Moyse
1845 5118 2045 5186 minor,

406 5216 507 5259 nec
536 5203 829 5261 Salomone
859 5202 1027 5260 fuerit
1064 5202 1297 5260 inferior
1334 5204 1388 5260 in
1411 5205 1736 5263 ordinandis
1773 5206 1958 5275 rebus,
1993 5213 2050 5263 et

479 5342 600 5415 (39)
628 5345 847 5419 Librum
878 5345 1025 5419 hunc
1060 5350 1389 5403 statutorum
1420 5347 1715 5404 Adalhardi
1744 5349 2045 5419 appellant,

404 5412 473 5468 de
494 5412 622 5537 ἐξ)ύο
651 5416 714 5500 in
738 5418 1232 5502 Observationibus
1262 5420 1502 5503 praviis.

474 5483 490 5537 (
567 5485 579 5537 l
616 5489 786 5537 Hunis
812 5489 1118 5537 Themlmdi
1149 5505 1260 5537 nnn
1292 5505 1502 5537 memmi

403 5555 415 5568 .
474 5483 786 5568 (40)‘llujus
812 5489 1123 5568 Theodradi
1149 5483 1913 5568 non'meminitPaschasius,
1943 5507 2045 5568 nec

399 5561 660 5627 incoepta
692 5573 789 5628 per
825 5561 1195 5619 Adalhardum
1234 5569 1359 5619 ante
1407 5564 1661 5621 exsilium
1708 5564 2045 5621 conditionis

2149 3165 2562 3223 nonnumquam
2602 3154 2915 3224 disposuit;
2966 3153 3064 3210 sed
3112 3153 3242 3223 quia
3282 3152 3462 3208 locum
3510 3165 3628 3207 non
3675 3153 3816 3207 satis

2148 3246 2333 3310 aptum
2391 3240 2686 3307 intellexit,
2746 3257 2974 3312 crepera
3033 3255 3251 3312 semper
3305 3240 3577 3297 dilatione
3637 3241 3815 3296 inter-

2148 3329 2317 3385 misit.
2350 3332 2517 3398 Quam
2558 3331 2880 3387 dilationem
2928 3331 3222 3402 protelavit
3257 3344 3431 3401 usque
3488 3330 3563 3386 ad
3620 3330 3810 3386 Caroli

2148 3425 2402 3487 mortem,
2435 3426 2491 3476 et
2520 3426 2645 3490 post
2692 3421 2945 3478 Carolum
2985 3435 3159 3491 usque
3191 3420 3257 3477 ad
3290 3418 3469 3476 exsilii
3517 3419 3607 3475 sui
3660 3420 3809 3475 rele-

2146 3509 2443 3579 gationem.
2474 3510 2664 3566 Exsilii
2720 3517 2903 3567 autem
2937 3518 3215 3581 tempore,
3249 3523 3486 3581 quaque
3527 3510 3620 3566 sui
3661 3511 3812 3579 juris

2145 3596 2322 3666 fuere,
2363 3600 2458 3669 qui
2488 3601 2641 3670 prius
2678 3601 2913 3671 accepit,
2948 3602 3004 3657 in
3032 3616 3131 3656 sua
3171 3600 3370 3671 redigit
3402 3602 3715 3669 potestate.’

2216 3687 2306 3744 45.
2340 3688 2446 3744 Sed
2476 3688 2714 3745 habebat
2770 3689 2849 3744 ibi
2904 3689 3195 3760 quemdam
3235 3689 3293 3744 in
3347 3688 3571 3744 Christo
3632 3687 3807 3745 tilium

2146 3791 2263 3847 pra
2300 3779 2559 3835 omnibus
2589 3780 2695 3835 sibi
2735 3779 3022 3835 monachis
3068 3778 3412 3845 familiarem,
3464 3785 3520 3833 et
3569 3779 3808 3835 univoce

2146 3868 2510 3936 aquivocum.
2556 3869 2658 3924 Hic
2708 3882 2779 3924 ne
2817 3869 3157 3925 subintraret
3194 3868 3397 3938 aliquis
3441 3867 3611 3935 alius,
3664 3882 3810 3939 pra-

2146 3956 2353 4012 dictum
2383 3956 2565 4013 locum
2595 3957 2891 4027 intercepit
2918 3957 3045 4014 loco
3083 3959 3221 4027 ejus.
3254 3958 3321 4011 Et
3358 3956 3490 4026 quia
3518 3955 3631 4012 hoc
3678 3972 3802 4014 eum

2147 4044 2300 4113 prius
2330 4051 2559 4102 noverat
2595 4045 2856 4114 voluisse,
2896 4046 3073 4116 gratia
3113 4043 3325 4100 amoris
3372 4044 3494 4113 ejus
3541 4058 3612 4100 ex
3659 4046 3799 4101 Cor-

2145 4133 2358 4189 beianis
2386 4134 2697 4203 sumptibus
2734 4134 2926 4191 cellam
2967 4135 3044 4190 ibi
3074 4134 3244 4204 capit
3274 4132 3572 4200 adificare,
3607 4135 3797 4204 capit,

2146 4236 2248 4277 nec
2302 4221 2556 4292 perfecit,
2599 4236 2893 4293 quousque
2931 4229 3158 4280 sanctus
3193 4222 3262 4277 ab
3284 4221 3481 4277 exsilio
3505 4221 3792 4277 remeavit.

2144 4312 2387 4382 Cumque
2416 4318 2735 4381 remeasset,
2777 4312 3069 4370 ordinabat
3097 4313 3145 4369 si
3194 4311 3330 4383 quid
3367 4325 3435 4366 ex
3471 4310 3593 4366 suis
3637 4324 3799 4367 exor-

2071 4410 2123 4469 D
2145 4399 2390 4456 dinatum
2423 4398 2635 4456 fuisset.

2213 4486 2304 4544 46.
2359 4490 2477 4556 Quo
2522 4495 2715 4545 tenore
2766 4489 3059 4545 Saxoniam
3097 4487 3261 4544 modo
3301 4487 3573 4558 pervenit,
3608 4500 3796 4557 perve-

2147 4577 2306 4633 niens
2334 4577 2514 4635 locum
2543 4593 2613 4634 ex
2641 4579 2790 4635 omni
2825 4584 2980 4649 parte
3009 4577 3272 4647 inspexit,
3320 4578 3637 4647 inspectum
3683 4589 3792 4632 om-

2148 4668 2281 4724 nino
2318 4667 2570 4723 inutilem
2599 4668 2889 4724 intellexit.
2922 4669 3233 4737 Suspensus
3269 4670 3388 4722 erat
3415 4670 3626 4733 mente,
3666 4667 3790 4737 quia

2143 4762 2383 4828 coeptum
2413 4757 2699 4828 religionis
2728 4771 2869 4828 Opus
2906 4756 3129 4813 nolebat
3173 4755 3491 4811 dimittere:
3531 4760 3595 4809 et
3621 4754 3793 4825 aptio-

2141 4860 2258 4902 rem
2289 4860 2400 4902 non
2428 4846 2657 4915 habens,
2691 4847 2838 4902 hunc
2868 4846 3052 4902 locum
3081 4844 3379 4900 inhabilem
3396 4843 3621 4899 videbat
3648 4857 3787 4899 esse.

2141 4935 2379 4992 Tandem
2411 4935 2478 4990 ad
2524 4949 2707 5008 regem
2746 4950 2805 4991 se
2844 4935 3100 5003 contulit,
3131 4941 3188 4990 et
3226 4940 3287 4989 ut
3321 4933 3505 4989 locum
3552 4932 3791 4988 adiﬁca-

2142 5025 2308 5081 bilem
2349 5025 2454 5080 sibi
2486 5025 2720 5081 donaret
2749 5024 2961 5095 petivit.
3014 5025 3126 5080 Nec
3166 5030 3442 5080 momento
3471 5021 3641 5077 hasit
3677 5021 3785 5088 ille,

2142 5115 2239 5169 sed
2267 5116 2386 5184 ejus
2410 5114 2664 5185 religiosa
2695 5116 2913 5186 gavisus
2957 5113 3259 5180 voluntate,
3308 5112 3647 5181 ubicumque
3700 5111 3787 5166 in-

2140 5203 2370 5271 veniret,
2404 5204 2728 5260 deliberavit
2757 5205 2860 5260 sub
2907 5205 3026 5274 ejus
3064 5203 3312 5273 optione.
3343 5199 3466 5268 lvit,
3507 5201 3787 5270 quasivit,

2135 5345 2508 5403 Corbeiensis.
2550 5347 2824 5403 Gerardus
2864 5354 3156 5416 utrumque
3185 5344 3401 5415 accepit
3436 5342 3505 5398 ab
3550 5349 3789 5416 auctore

2135 5431 2431 5488 anonymo,
2465 5421 2560 5488 qui
2601 5419 3017 5476 translationem
3056 5413 3111 5474 S.
3145 5419 3250 5473 Viti
3289 5413 3789 5488 descripsitLinfi-a

2134 5456 3125 5560 ’ῧέἶῦῆιωᾶὐοῗῖἱιεὶἑ“‹ἰ³ἕί”ῖέ“ἒ’ἑ“ιίὲἔρέἲὶ
3153 5456 3564 5545 iactatam
3596 5456 3745 5542 libro
3772 5501 3789 5539 ι

2134 5564 2209 5616 De
2240 5562 2350 5617 vita
2380 5562 2547 5618 Wala
2578 5562 2793 5619 abbatis
2822 5561 3224 5633 praferendum
3255 5567 3360 5616 est.
