4056 6150
256 259 388 314 1061
1638 258 1790 314 VlTA
1829 261 1883 315 S.
1922 261 2261 319 ADALARDI
3498 265 3633 320 1062

247 385 476 453 invenit,
507 381 878 441 renuntiavit:
930 386 985 439 et
1030 387 1256 453 accepta
1297 380 1548 437 hilariter
1585 382 2139 449 mdiﬁcandiAsimm
2186 399 2434 444 sorores.
2476 384 2628 441 Felix
2673 387 2835 442 Pater
2883 386 2978 442 tali
3016 386 3317 446 ﬁliatione!
3359 390 3640 448 feliciores

246 481 522 548 potestate
547 516 562 542 ,
612 473 840 542 insuper
872 472 1059 528 multis
1088 473 1325 528 donatus
1354 471 1516 527 donis
1554 471 1704 542 regia
1734 472 1904 543 largi-
1982 476 2109 531 ﬁliae
2149 475 2245 531 tali
2285 475 2654 545 paternitate!
2696 473 2998 531 felicissimi
3048 476 3185 545 ﬁlii,
3235 478 3281 533 si
3329 493 3638 548 permanse-

245 571 379 633 tate,
412 564 637 620 dimissa
664 562 824 629 cella,
852 562 1166 618 emnobium
1196 562 1366 631 ccepit
1395 559 1691 615 aediﬁcare.

314 653 406 709 47.
446 654 541 709 Est
579 658 762 707 autem
795 651 950 707 locus
979 665 1147 720 super
1178 651 1409 705 Wiserae
1441 648 1684 716 ﬁuvium,
1727 650 1902 704 maxi-

242 757 347 798 ma:
384 741 720 798 amoenitatis
768 746 825 795 et
874 740 1166 810 temperiei
1205 738 1603 794 elementorum
1643 738 1716 792 ita
1749 752 1904 793 com-

242 839 458 903 petens,
480 836 541 886 ut
568 835 786 886 constet
814 837 1033 885 creatus
1053 830 1121 884 ab
1142 828 1304 884 initio
1326 827 1394 882 ad
1427 842 1561 882 usus
1590 826 1900 883 monacho-

240 935 383 978 rum.
426 920 695 976 Dilatatur
730 919 1006 989 siquidem
1048 919 1106 974 in
1144 918 1301 973 vallis
1339 917 1588 987 planitie,
1631 918 1899 987 ﬁguratus

244 1010 301 1065 in
328 1009 552 1065 modum
581 1008 625 1062 Δ
664 1007 884 1063 litterae.
928 1007 1105 1062 Habet
1132 1007 1374 1076 denique
1413 1019 1608 1061 versus
1632 1006 1904 1061 orientem

245 1099 459 1155 alveum
483 1140 499 1165 ,
557 1111 721 1152 secus
762 1109 926 1166 quem
964 1101 1206 1152 montem
1246 1096 1301 1150 in
1353 1093 1492 1150 facie
1549 1100 1903 1164 porrectum;

247 1201 415 1259 porro
445 1201 477 1242 a
526 1186 759 1241 meridie
798 1199 958 1242 mons
1006 1185 1147 1241 alius
1176 1199 1243 1240 ex
1280 1184 1437 1239 alveo
1468 1183 1769 1255 egreditur,
1811 1183 1905 1253 qui

246 1291 438 1333 versus
475 1274 829 1333 occidentem
859 1274 1089 1331 dilatato
1126 1275 1251 1329 sinu
1292 1272 1541 1328 tenditur
1573 1293 1585 1328 :
1619 1287 1649 1327 a
1686 1280 1909 1342 septen-

248 1367 431 1423 trione
479 1370 661 1421 autem
700 1363 843 1419 alter
888 1364 1008 1433 pari
1046 1364 1155 1419 situ
1204 1377 1234 1418 e
1292 1362 1519 1433 regione
1548 1404 1562 1428 ,
1616 1375 1906 1431 quousque

247 1456 387 1510 viam
425 1467 526 1525 per
563 1451 802 1508 medium
832 1451 1027 1507 dantes
1055 1450 1288 1506 invicem
1317 1464 1376 1506 se
1405 1449 1697 1505 videantur
1726 1462 1905 1519 c0pu-

251 1545 404 1610 lare;
447 1551 613 1614 atque
643 1542 719 1597 ita
748 1541 904 1597 vallis
934 1540 1252 1612 planissima
1281 1538 1337 1595 in
1377 1538 1561 1596 medio
1591 1552 1902 1606 remanens,

252 1632 409 1705 quasi
463 1631 604 1687 alter
658 1629 948 1701 paradisus
989 1629 1337 1700 jucunditate
1395 1629 1566 1685 totius
1622 1629 1910 1698 temperiei

1986 565 2099 621 rint
2135 565 2193 620 in
2221 565 2324 619 hac
2354 565 2601 620 unitate!
2655 566 2795 620 Ecce
2835 566 2978 620 enim
3028 567 3191 622 Pater
3219 568 3452 637 migrat:
3487 569 3639 624 dese-

1988 654 2060 709 rit
2088 654 2147 710 in
2176 653 2404 719 mundo,
2437 666 2546 709 non
2580 653 2787 709 deserit
2816 654 2872 708 in
2904 653 3143 719 Christo,
3178 669 3320 725 quos
3349 657 3637 713 nutrierat.

1986 744 2156 799 Adest
2202 748 2434 811 tempus,
2469 742 2696 799 dissolvi
2745 748 2801 798 et
2838 757 2959 798 esse
2990 758 3112 799 cum
3142 745 3384 813 Christo,
3426 752 3645 816 tempus

1986 831 2259 888 moriendi
2291 833 2348 887 in
2380 832 2567 898 terris,
2601 838 2656 887 et
2685 832 3011 888 renascendi
3043 834 3099 887 in
3130 833 3293 889 cmlo.

2056 920 2144 976 51.
2186 919 2345 976 Febri
2382 922 2684 992 corripitur.
2715 951 2789 961 —
2842 921 3167 977 lmminebat
3210 922 3396 992 itaque
3445 923 3647 979 solem-

1986 1008 2131 1065 nitas
2174 1007 2604 1074 solemnitatum,
2645 1008 2740 1064 illa
2776 1008 2991 1064 scilicet
3029 1009 3353 1065 solemnitas
3390 1024 3498 1080 qua
3546 1025 3647 1081 per

1986 1098 2387 1153 incarnationis
2424 1113 2539 1154 suae
2588 1098 2901 1168 mysterium
2951 1098 3009 1153 in
3056 1098 3173 1154 sole
3222 1100 3410 1169 posuit
3456 1100 3646 1155 Domi-

1991 1202 2094 1243 nus
2150 1186 2564 1242 tabernaculum
2626 1200 2804 1242 suum.
2870 1186 3128 1242 Redierat
3193 1201 3224 1242 a
3289 1188 3526 1244 Saxonia
3590 1188 3647 1243 in

1988 1276 2238 1338 Calliam,
2290 1280 2369 1344 ut,
2411 1276 2635 1332 fundata
2683 1276 2794 1332 ﬁlia
2833 1277 2889 1331 in
2929 1277 3169 1343 Christo,
3209 1277 3502 1333 adventum
3541 1279 3649 1334 Do-

1993 1366 2129 1422 mini
2196 1366 2504 1422 celebraret
2568 1366 2712 1436 apud
2770 1372 2999 1422 matrem
3054 1367 3363 1423 Corbeiam.
3420 1368 3649 1437 Jamque

1992 1455 2133 1511 alter
2180 1455 2401 1511 Simeon
2448 1468 2620 1511 senex
2667 1462 2953 1525 paraverat
2993 1455 3237 1512 venienti
3284 1457 3515 1512 Domino
3555 1471 3650 1513 oc-

1991 1560 2238 1612 currere,
2286 1550 2342 1601 et
2385 1546 2591 1616 Regem
2642 1559 2833 1616 regum
2882 1546 3280 1615 procedentem
3314 1547 3382 1603 de
3413 1547 3654 1603 thalamo

1996 1635 2114 1690 suis
2160 1635 2307 1690 ulnis
2356 1633 2518 1690 hctus
2564 1633 2850 1703 suscipere
2899 1654 2911 1689 :
2964 1649 3088 1690 cum
3137 1649 3267 1691 ecce
3306 1635 3492 1691 triduo
3530 1642 3657 1690 ante

251 1727 481 1795 apparet
534 1720 778 1788 ﬁorens,
837 1720 945 1776 hoc
1009 1718 1176 1775 modo
1235 1724 1498 1788 quantum
1563 1717 2239 1793 coincidaturBNatalem
2313 1722 2529 1778 Domini
2597 1721 2779 1792 tetigit
2845 1736 2968 1777 eum
3035 1722 3369 1777 validissima
3435 1721 3608 1777 febris
3640 1764 3655 1789 ,

257 1810 518 1882 trianguli
560 1809 787 1880 ﬁguram
818 1807 1150 1878 exprimens.

322 1901 413 1956 48.
445 1901 724 1957 Saxonum
752 1896 1045 1953 liberalitas
1087 1897 1144 1951 in
1179 1911 1368 1952 novam
1398 1895 1691 1952 Corbeiam.
1727 1926 1795 1936 —
1850 1898 1909 1951 ln

255 1988 363 2046 hoc
402 1988 586 2057 itaque
626 1986 750 2042 loco
790 1989 1119 2061 construens
1156 1983 1444 2041 ecclesiam
1487 1997 1611 2039 cum
1649 1981 1908 2052 ofﬁcinis,

262 2081 491 2135 exornat
529 2075 852 2132 melioribus
901 2087 1043 2146 quos
1090 2078 1277 2145 potest
1313 2072 1560 2128 invenire
1589 2072 1912 2129 monachis:

263 2167 565 2225 monachos
602 2165 826 2222 instruit
863 2164 1138 2231 moribus,
1198 2164 1381 2220 locum
1430 2161 1812 2230 facultatibus,
1862 2168 1918 2217 et

259 2256 444 2313 omnia
472 2256 728 2312 omnibus
757 2269 882 2326 qua).
929 2259 1272 2325 prmceperat
1307 2258 1534 2309 sanctus
1564 2251 1912 2308 Benedictus.

260 2348 432 2402 Vocat
460 2358 663 2401 nomen
692 2344 801 2399 loci
840 2344 1148 2409 Corbeiam,
1182 2348 1243 2397 ut
1280 2342 1438 2410 signo
1470 2346 1617 2396 esset
1654 2342 1914 2409 posteris,

259 2436 409 2491 unde
468 2433 740 2489 existendi
796 2430 1093 2500 sumpserit
1158 2430 1438 2485 materiam
1465 2472 1480 2496 ,
1548 2436 1603 2484 et
1669 2430 1921 2484 Corbeim

259 2527 599 2579 Francorum
637 2521 817 2577 sancit
854 2534 975 2576 esse
1012 2519 1199 2576 ﬁliam.
1231 2521 1298 2575 Et
1329 2518 1549 2585 merito,
1591 2518 1719 2589 quia
1748 2518 1917 2589 quid-

262 2612 399 2682 quid
440 2618 577 2679 erat,
627 2611 696 2666 ab
730 2610 824 2665 illa
873 2610 1043 2679 cmpit
1088 2609 1157 2664 ab
1196 2622 1320 2665 ovo.
1360 2609 1473 2664 Nec
1511 2607 1740 2663 multum
1773 2613 1917 2662 tem-

267 2701 420 2771 poris
475 2698 608 2766 fuit,
669 2712 780 2769 quo
837 2697 1127 2763 facultate,
1187 2698 1403 2752 tametsi
1460 2710 1571 2752 non
1628 2695 1915 2767 dignitate,

269 2788 428 2846 matri
476 2803 535 2844 se
591 2802 911 2857 comparare
951 2787 1151 2857 potuit.
1202 2788 1387 2857 Longe
1437 2787 1581 2840 enim
1631 2785 1919 2841 exhalante

270 2879 418 2934 bono
466 2876 640 2933 odore
688 2874 1105 2942 monachorum,
1147 2888 1288 2944 quos
1334 2876 1496 2929 Pater
1542 2874 1921 2929 sanctissimus

272 2982 341 3024 ex
363 2968 490 3023 sinu
529 2966 718 3022 matris
754 2964 1063 3021 adducebat
1108 2964 1236 3020 ﬁlia)
1281 2977 1473 3020 omnes
1510 2963 1738 3031 electos,
1769 2968 1920 3018 tanta

1995 1818 2190 1868 orante
2246 1826 2313 1867 eo
2363 1817 2418 1868 et
2466 1812 2632 1867 flente
2676 1812 2831 1881 juxta
2879 1810 3337 1867 consuetudinem
3388 1824 3543 1866 suam
3599 1809 3659 1866 in

1995 1901 2244 1969 basilica,
2279 1900 2462 1957 medio
2494 1900 2693 1956 noctis.
2735 1900 2837 1968 Qui
2878 1900 2954 1955 ita
2993 1901 3126 1957 totis
3155 1899 3357 1972 vigiliis
3387 1914 3494 1956 una
3534 1913 3657 1955 cum

1995 1991 2280 2047 Fratribus
2330 2003 2691 2060 perseverans
2738 1988 3008 2059 psallebat
3064 2004 3187 2045 cum
3242 1991 3343 2057 eis,
3399 1996 3454 2045 et
3503 1989 3660 2059 psal-

1995 2080 2162 2136 leudo
2194 2079 2378 2145 ﬁebat,
2412 2094 2587 2150 usque
2617 2078 2684 2135 ad
2724 2078 2906 2135 lucem
2945 2079 3179 2135 hostiam
3215 2078 3565 2149 jubilationis
3593 2078 3649 2134 in

2001 2176 2226 2239 pectore
2266 2168 2496 2224 Domino
2528 2181 2881 2224 consecrans.

2069 2256 2159 2310 52.
2228 2255 2435 2312 Obitum
2489 2271 2638 2310 suum
2694 2256 2962 2310 imminere
3020 2253 3279 2311 declarat.
3330 2285 3399 2295 —
3462 2256 3662 2312 Prose-

1999 2352 2204 2416 quente
2252 2351 2431 2400 autem
2477 2343 2621 2411 luce,
2668 2344 2827 2413 jubet
2874 2343 3075 2400 fratres
3115 2344 3182 2399 ad
3233 2359 3292 2400 se
3341 2345 3658 2400 convenire.

1999 2435 2208 2502 Quibus
2255 2447 2440 2490 coram
2490 2434 2706 2504 positis,
2738 2433 2987 2505 singulos
3015 2447 3246 2490 monens
3291 2434 3361 2490 de
3403 2433 3662 2505 singulis,

2000 2523 2209 2580 indicat
2240 2523 2445 2579 instare
2476 2528 2694 2593 tempus
2725 2537 2840 2580 suae
2884 2522 3292 2591 dissolutionis,
3334 2526 3390 2579 et
3427 2524 3483 2578 in
3516 2535 3665 2579 com-

2005 2625 2170 2668 mune
2222 2617 2447 2681 perorat
2494 2612 2562 2666 de
2606 2626 2740 2681 pace
2789 2619 2844 2667 et
2893 2613 3104 2668 unitate
3143 2612 3445 2668 secundum
3493 2613 3664 2668 Deum

2006 2702 2206 2757 futurae
2237 2701 2547 2757 electionis.
2578 2702 2645 2757 Et
2675 2702 2868 2757 dicens
2897 2701 3211 2772 Symbolum
3245 2716 3368 2757 cum
3391 2701 3666 2767 oratione,

2006 2791 2227 2847 caeteris
2275 2790 2537 2846 flentibus
2575 2804 2635 2845 se
2680 2789 3091 2856 commendans,
3126 2790 3356 2845 retinuit
3385 2789 3514 2846 illos
3542 2802 3667 2844 cum

2005 2879 2209 2950 quibus
2238 2878 2346 2934 sibi
2386 2882 2505 2934 erat
2533 2877 2804 2948 agendum
2838 2878 2906 2934 de
2939 2892 3122 2934 rerum
3149 2877 3524 2933 ordinatione.

2070 2966 2160 3025 53.
2209 2968 2346 3036 Quid
2392 2969 2598 3024 interim
2644 2972 2791 3038 agat.
2846 2997 2912 3007 —
2959 2969 3203 3037 Cumque
3251 2968 3441 3023 diatim
3488 2967 3666 3037 magis

273 3055 572 3113 abundavit
600 3069 731 3126 erga
760 3052 1049 3111 ecclesiam
1080 3053 1430 3123 imperatoris
1459 3056 1514 3108 et
1542 3052 1785 3108 omnium
1815 3065 1921 3121 οι)-
1941 3063 1984 3123 C
2005 3058 2287 3128 magisque
2336 3057 2571 3128 languor
2617 3057 2972 3113 crudesceret
2996 3099 3011 3124 ,
3058 3058 3133 3111 ita
3175 3056 3435 3126 providus
3482 3056 3667 3112 omnia

274 3146 524 3202 limatum
572 3144 827 3215 largitas,
875 3148 931 3199 ut
972 3143 1127 3214 prius
1164 3142 1383 3198 deesset
1431 3141 1734 3213 recipiendi
1765 3155 1925 3211 quam

276 3235 447 3291 dandi
476 3234 727 3291 voluntas
769 3253 782 3289 :
833 3236 984 3288 tanta
1032 3246 1161 3303 erga
1190 3233 1404 3287 Patrem
1436 3235 1683 3287 sanctum
1715 3236 1769 3286 et
1807 3230 1928 3301 ejus

278 3323 426 3383 ﬁlios
462 3322 706 3380 fervebat
741 3321 1047 3389 veneratio,
1079 3326 1140 3377 ut
1169 3320 1394 3376 mallent
1430 3320 1719 3376 ecclesiam
1766 3332 1927 3390 quam

278 3420 442 3471 natos
477 3428 608 3470 SUOS
639 3411 891 3469 haeredes
927 3424 1152 3467 suorum
1181 3410 1480 3466 ascribere.

351 3502 442 3559 49.
474 3502 815 3559 Adathardus
860 3499 1016 3556 rebus
1061 3500 1207 3571 ponit
1243 3499 1471 3554 modum.
1502 3528 1575 3539 —
1610 3500 1678 3552 At
1723 3496 1817 3552 ille
1854 3495 1932 3551 vi-

278 3593 422 3648 dens
455 3591 792 3649 sufﬁcienter
836 3588 1160 3646 attributum
1188 3631 1202 3656 ,
1245 3594 1507 3658 quantum
1545 3585 1758 3642 scilicet
1794 3598 1931 3655 sup-

279 3682 528 3753 petebat,
569 3680 820 3737 ecclesiae
867 3680 923 3734 in
964 3676 1209 3748 praediis,
1260 3677 1315 3731 in
1354 3689 1490 3731 auro
1530 3681 1584 3731 et
1622 3675 1676 3729 in
1717 3673 1935 3730 caeteris

280 3785 489 3838 rerum,
541 3771 697 3842 ponit
742 3768 965 3825 modum
1003 3764 1330 3837 recipiendi,
1362 3770 1418 3820 et
1446 3763 1766 3834 quotidiana
1795 3775 1937 3833 prae-

230 3890 237 3895 κ
282 3861 562 3917 dicatione
620 3874 651 3915 a
708 3858 972 3915 cordibus
1026 3855 1402 3925 subjectorum
1460 3853 1702 3909 eradicat
1746 3852 1936 3907 vitium

282 3948 741 4020 concupiscendi.
811 3962 842 4001 ι(
909 3946 1143 4013 Mortui,
1209 3944 1423 4012 aiebat,
1489 3943 1754 3999 debemus
1817 3954 1938 3997 esse

283 4037 515 4106 mundo,
546 4044 604 4095 et
634 4037 742 4093 vita
773 4042 961 4092 nostra
988 4047 1218 4105 regnare
1248 4047 1369 4088 cum
1403 4032 1643 4088 Christo.
1672 4030 1778 4088 Sed
1809 4043 1939 4085 ecce

285 4129 468 4194 multi,
498 4129 592 4200 qui
621 4127 827 4185 saeculo
858 4126 1205 4183 renuntiasse
1241 4124 1519 4192 videntur,
1553 4123 1738 4180 nimiis
1775 4122 1941 4178 rebus

286 4218 634 4275 abundantes
686 4218 884 4274 iterum
948 4215 1154 4272 saeculo
1220 4213 1500 4271 deservire
1564 4212 1937 4269 inveniuntur.

287 4310 445 4378 Quod
476 4323 638 4381 quam
676 4309 750 4365 sit
794 4305 1090 4363 absurdum
1137 4304 1406 4361 advertite
1446 4304 1755 4359 nobiscum.
1787 4301 1940 4359 Alio-

2007 3146 2357 3216 disponebat,
2400 3161 2463 3201 ac
2510 3147 2557 3201 si
2597 3145 2732 3201 nihil
2784 3145 2911 3201 mali
2960 3144 3167 3201 ferret:
3203 3145 3484 3215 praecipue
3514 3143 3666 3200 labo-

2008 3249 2156 3302 rans,
2209 3248 2278 3290 ne
2322 3249 2424 3305 pro
2477 3233 2643 3290 tmdio
2682 3248 2797 3289 sum
2828 3233 3221 3289 invaletudinis
3249 3240 3438 3289 sancta
3466 3233 3668 3289 solem-

2007 3324 2153 3380 nitas
2199 3324 2379 3380 minus
2425 3324 2657 3381 honoris
2701 3330 2797 3379 aut
2851 3323 3104 3393 obsequii
3152 3322 3401 3378 haberet.
3452 3324 3664 3378 Caetera

2006 3425 2139 3469 vero
2186 3425 2299 3469 non
2348 3413 2529 3467 minus
2575 3411 2834 3467 studebat
2872 3410 3152 3477 ordinare,
3196 3423 3265 3465 ne
3303 3414 3430 3480 post
3467 3424 3526 3465 se
3556 3409 3666 3465 ali-

2010 3500 2143 3571 quid
2188 3501 2290 3556 sub
2339 3514 2399 3556 se
2448 3498 2829 3570 imperfectum
2880 3499 3161 3554 videretur
3207 3512 3512 3555 remanere.
3566 3498 3664 3555 Die

2011 3589 2181 3660 igitur
2227 3596 2452 3658 peracto
2505 3603 2614 3659 qua
2653 3587 2832 3658 potuit
2863 3587 3252 3654 veneratione,
3304 3601 3415 3657 quo
3457 3601 3666 3643 summa

2015 3677 2271 3734 divinitas
2328 3677 2719 3733 humanitatem
2780 3682 3022 3733 nostram
3073 3675 3296 3747 dignata
3353 3680 3437 3731 est
3483 3676 3666 3732 susci-

2017 3781 2170 3838 pere,
2204 3767 2402 3837 reliqui
2450 3767 2571 3823 dies
2612 3766 2719 3822 sibi
2770 3764 3000 3837 profesti
3038 3764 3213 3833 fuere,
3246 3766 3376 3836 quia
3406 3766 3575 3836 coepit
3612 3767 3670 3822 in

2018 3869 2085 3912 eo
2143 3854 2422 3912 mortifera
2479 3855 2649 3911 febris
2704 3855 2917 3911 avidius
2973 3855 3346 3911 morbescere.
3415 3854 3672 3922 Quotidie

2018 3949 2201 4000 tamen
2230 3945 2299 4000 ad
2331 3946 2635 4001 oratorium
2676 3945 2822 4001 beati
2862 3945 3032 4000 Marni
3057 3943 3333 4011 veniebat,
3366 3945 3524 4013 cujus
3564 3944 3676 4014 pri-

2017 4034 2219 4106 vilegio
2257 4036 2460 4091 amoris
2510 4050 2624 4105 prae
2680 4034 2899 4091 caeteris
2941 4048 3065 4090 cum
3105 4022 3325 4090 caeteris
3354 4033 3674 4089 memoriam

2019 4123 2337 4191 recolebat,
2389 4125 2577 4194 ibique
2617 4124 2811 4180 missas
2856 4123 3087 4179 audiens
3133 4127 3377 4178 sanctam
3434 4134 3678 4179 commu-

2022 4214 2243 4270 nionem
2274 4214 2636 4284 percipiebat.

2091 4303 2183 4357 54.
2224 4302 2559 4359 Hildemanni
2608 4302 2830 4358 adventu
2888 4300 3119 4356 laetatur.
3161 4329 3231 4339 —
3293 4299 3518 4354 Interim
3583 4313 3681 4354 au-

289 4400 425 4470 quin
480 4398 619 4455 nihil
675 4396 838 4453 nobis
893 4394 1121 4466 prodest
1166 4407 1270 4450 nos
1313 4393 1648 4463 exspoliasse
1697 4390 2182 4461 propriistiens
2230 4406 2351 4448 eum
2403 4397 2671 4463 mgrotare
2718 4388 3114 4445 Hildemannus
3151 4386 3450 4457 episcopus
3493 4385 3682 4443 Belva-

289 4488 479 4554 rebus,
540 4487 761 4543 dicente
807 4483 1120 4555 Apostolo:
1187 4484 1352 4539 Nemo
1409 4480 1639 4537 militans
1688 4483 1797 4536 Deo
1848 4479 1943 4534 im-

287 4575 452 4648 plicat
488 4591 546 4631 se
580 4575 799 4646 negotiis
853 4570 1194 4629 secutoribus
1251 4569 1338 4640 (II
1396 4570 1527 4624 Tim.
1578 4585 1617 4623 ιι
1643 4612 1656 4636 ,
1706 4568 1779 4639 4).
1821 4570 1943 4623 Non

291 4674 381 4722 est
429 4671 677 4721 nostrum
729 4663 917 4729 ditari,
966 4660 1113 4717 unde
1164 4658 1257 4714 alii
1311 4659 1507 4728 inepes
1564 4657 1714 4723 ﬁant,
1765 4670 1945 4726 neque

293 4762 546 4811 nostrum
583 4754 780 4820 laetari,
815 4751 959 4808 unde
997 4750 1091 4806 alii
1129 4748 1373 4805 doleant.
1414 4747 1592 4803 Simus
1619 4746 1947 4802 sufﬁcientia

295 4844 565 4913 contenti,
616 4842 819 4913 quibus
874 4840 1041 4897 debet
1100 4852 1221 4895 esse
1279 4834 1560 4893 sufﬁciens
1614 4835 1778 4891 etiam
1816 4848 1950 4906 pau-

296 4940 485 5006 pertas
520 4932 745 5001 Christi,
785 4930 880 5003 qui
919 4929 1091 4996 dives,
1136 4941 1238 4998 pro
1301 4926 1462 4984 nobis
1514 4939 1724 4996 pauper
1778 4925 1951 4982 voluit

300 5025 442 5081 fieri.
488 5044 515 5076 ))

370 5113 463 5170 50.
522 5114 654 5169 Ilaec
709 5117 764 5167 et
820 5110 925 5165 alia
982 5105 1339 5180 praedicando
1388 5119 1537 5174 saepe
1577 5103 1844 5175 migrabat
1881 5104 1951 5161 de

300 5204 532 5261 Corbeia
564 5202 633 5258 ad
661 5200 949 5259 Corbeiam
978 5194 1398 5267 congaudendo,
1446 5193 1678 5250 audiens
1714 5194 1947 5260 scilicet,

302 5293 432 5365 quia
482 5294 661 5349 bonus
707 5290 848 5347 odor
895 5292 1081 5345 essent
1118 5286 1175 5340 in
1223 5284 1465 5340 Christo.
1506 5283 1819 5339 Laetabatur
1844 5290 1950 5339 tam

304 5382 471 5453 digna
500 5381 860 5453 plantatione,
892 5382 948 5433 et
988 5374 1366 5432 delectabatur
1384 5368 1459 5428 'in
1499 5386 1685 5429 earum
1717 5373 1829 5442 jam
1868 5388 1956 5429 ra-

303 5475 486 5532 dicata
532 5475 759 5530 unitate.
810 5471 978 5525 Erant
1014 5464 1159 5522 enim
1215 5464 1362 5518 inter
1404 5477 1463 5518 se
1510 5476 1831 5519 communes
1875 5468 1952 5526 et,

305 5564 437 5634 quia
458 5565 648 5633 junior
675 5561 779 5618 sub
808 5558 1002 5615 eodem
1034 5560 1188 5626 patre
1212 5554 1324 5622 jam
1344 5552 1674 5617 sororiabat,
1698 5552 1954 5608 dilectis-

2025 4480 2225 4548 censis,
2259 4496 2422 4550 quem
2469 4481 2563 4538 ille
2612 4479 2939 4537 monachum
2980 4477 3269 4545 nutrierat,
3302 4482 3358 4532 et
3395 4489 3462 4532 eo
3502 4475 3680 4532 subli-

2025 4573 2201 4625 marat
2237 4569 2452 4627 honore
2502 4586 2601 4641 per
2640 4582 2964 4626 concessum
3012 4566 3178 4638 regis,
3222 4564 3371 4621 nulla
3401 4564 3685 4621 detinetur

2028 4656 2285 4714 instantis
2321 4657 2446 4715 festi
2498 4660 2822 4716 celebritate
2867 4678 2879 4714 :
2933 4655 3032 4713 sed
3082 4655 3305 4711 mutatis
3342 4653 3560 4726 gaudiis
3591 4668 3683 4723 pa-

2029 4754 2167 4803 trem
2198 4763 2356 4804 suum
2399 4748 2945 4805 visitat‘inﬁrmitatis
2976 4744 3380 4814 compassione.
3421 4744 3498 4798 De
3527 4743 3686 4813 cujus

2031 4836 2268 4893 adventu
2317 4844 2466 4894 tanta
2514 4839 2731 4909 gavisus
2778 4843 2863 4892 est
2902 4837 3061 4890 Pater
3107 4836 3334 4893 sanctus
3378 4831 3685 4899 alacritate,

2030 4933 2093 4983 ut
2117 4928 2223 4984 nisi
2254 4928 2443 4984 ultima
2474 4935 2638 4993 esset,
2670 4940 2832 4997 pmne
2863 4925 3287 4981 oblivisceretur
3316 4922 3688 4979 infirmitatem

2033 5031 2136 5088 pro
2177 5024 2326 5074 tanta
2366 5018 2771 5074 consolatione.
2810 5014 3074 5071 Reddidit
3106 5016 3215 5069 Deo
3245 5014 3469 5085 gratias,
3504 5019 3559 5067 et
3588 5011 3687 5079 illi,

2034 5108 2185 5179 quod
2218 5123 2330 5165 non
2370 5110 2441 5164 sit
2472 5107 2756 5163 fraudatus
2793 5120 2823 5160 a
2862 5103 3141 5160 desiderio
3185 5103 3289 5158 sui.
3334 5101 3694 5157 Desiderabat

2035 5198 2183 5254 enim
2222 5213 2345 5253 eum
2383 5197 2570 5253 videre
2601 5201 2656 5252 et
2693 5197 2839 5251 inter
2870 5207 3061 5249 manus
3091 5194 3210 5262 ejus
3241 5191 3417 5247 obire.

2105 5285 2196 5341 55.
2236 5288 2279 5342 Α
2314 5302 2412 5359 quo
2443 5291 2491 5341 et
2519 5286 2747 5356 ungitur.
2779 5314 2851 5323 —
2906 5284 2972 5337 Et
3015 5281 3392 5350 interrogatus
3438 5279 3484 5334 si
3525 5278 3593 5333 ab
3625 5292 3692 5334 eo

2035 5375 2441 5431 benedictionis
2488 5374 2612 5430 oleo
2665 5370 2894 5443 perungi
2926 5369 3112 5435 vellet,
3147 5368 3351 5423 erectis
3389 5369 3444 5423 in
3493 5366 3693 5423 cmlum

2036 5464 2355 5530 luminibus,
2388 5462 2721 5520 omnimodis
2769 5459 3098 5530 precabatur
3146 5464 3207 5513 ut
3247 5456 3421 5513 ﬁeret.
3456 5458 3695 5512 Vocatus

2035 5554 2339 5624 episcOpus
2386 5554 2562 5618 adest,
2597 5557 2652 5607 ct
2689 5550 2873 5605 statim
2906 5547 3053 5617 quod
3086 5546 3310 5617 petebat
3348 5544 3549 5602 factum
3588 5553 3694 5601 est.
