4056 6150
394 237 528 293 1063

1443 240 1496 290 S.
1536 236 1820 301 GERALDI
1863 236 2138 290 ABBATIS
2176 231 2693 290 SILV.‘E-MAJORIS

3636 231 3776 286 1064

386 345 488 420 Vix
535 362 680 418 enim
727 376 795 418 ex
825 371 961 432 "quo
999 361 1168 429 venit,
1219 359 1518 416 absistebat
1557 361 1674 428 ejus
1720 359 1988 429 obsequio
2014 374 2027 410 ε
2047 365 2100 423 Α
2189 361 2279 416 57.
2331 359 2574 416 Seniores
2620 357 2684 411 de
2728 370 2785 410 se
2832 352 3066 410 contulit.
3109 355 3307 410 Viatico
3333 361 3580 427 percepto
3614 360 3780 413 mori-

389 453 486 514 sed
536 452 716 508 locato
761 457 888 506 ante
937 451 1138 506 lectum
1178 448 1447 515 sediculo,
1498 463 1716 517 semper
1762 449 2039 504 assidebat

390 557 576 599 coram
615 555 700 597 eo.
751 541 990 608 Quadam
1019 553 1148 596 vero
1179 539 1266 594 die
1299 553 1420 593 cum
1469 539 1747 608 paululum
1788 553 2040 609 egressus

393 647 661 688 cameram
683 630 893 696 fuisset,
918 639 972 685 et
1001 629 1318 685 febricitans
1347 628 1498 684 solus
1529 627 1620 682 ille
1651 630 1796 683 intro
1829 643 2041 684 reman-

393 723 576 788 sisset,
618 722 713 776 Dei
763 721 1053 790 praesentia
1099 721 1354 774 visitatus
1400 719 1635 774 clamare
1681 720 1870 787 cmpit,
1917 732 2037 773 cum

398 812 598 882 praesul
631 811 900 866 redisset:
937 827 964 860 «
996 811 1165 864 Curre
1194 809 1478 874 velociter,
1522 809 1802 878 episcope,
1847 809 2040 877 ιπωοί-

398 902 492 970 pio
522 900 641 965 tibi,
684 905 738 953 et
776 899 1025 954 osculare
1067 898 1235 968 pedes
1273 899 1486 954 Domini
1525 900 1631 954 mei
1659 898 2039 964 Jesu-Christi,

397 990 653 1060 quoniam
685 1003 814 1044 ecce
845 988 999 1044 adest
1047 989 1200 1044 mihi.
1235 1007 1264 1041 »
1317 989 1396 1044 Ad
1445 989 1564 1044 haec
1595 988 1686 1043 ille
1716 988 1871 1043 valde
1902 1001 2039 1044 con-

397 1080 620 1134 tremuit
638 1101 656 1144 ,-
690 1085 744 1134 et
773 1079 1033 1149 ignorans
1063 1093 1172 1148 quo
1205 1079 1328 1143 iret,
1353 1079 1570 1134 haerens
1598 1079 1751 1134 stetit
1777 1099 1788 1133 :
1821 1083 2043 1132 sanctus

394 1180 615 1238 quoque
653 1181 712 1222 se
751 1167 852 1222 sub
884 1167 1104 1223 silentio
1144 1168 1372 1237 recepit.

467 1256 557 1311 56.
584 1256 670 1311 Ad
706 1272 828 1311 suos
856 1258 1016 1312 verba
1045 1258 1193 1327 facit.
1227 1287 1297 1296 -—
1325 1257 1414 1311 Bis
1444 1262 1641 1326 quarto
1673 1261 1853 1311 autem
1882 1257 2044 1310 Nata-

351 1348 360 1356 '
396 1345 484 1412 lis,
507 1345 563 1400 id
596 1352 680 1400 est
709 1347 1157 1402 Circumcisionis
1189 1347 1297 1412 die,
1331 1346 1568 1401 alacrius
1593 1347 1760 1415 cmpit
1788 1345 2044 1415 precibus

396 1437 507 1492 Deo
557 1435 841 1504 insistere,
903 1441 961 1491 ut
1007 1436 1299 1492 celebratis
1349 1436 1545 1492 diebus
1591 1437 1810 1490 tandem
1850 1435 2044 1491 liceret

397 1539 522 1581 eum
553 1525 681 1581 hinc
716 1526 888 1581 abire.
923 1527 1034 1582 Nec
1072 1526 1294 1582 fuerunt
1333 1540 1528 1595 preces
1564 1526 1682 1581 sine
1717 1533 1865 1581 voto.
1913 1527 2044 1580 Per-

396 1622 520 1670 acto
543 1615 748 1684 quippe
780 1615 974 1670 media:
997 1617 1176 1670 noctis
1200 1616 1400 1685 spatio,
1426 1615 1691 1685 praescius
1711 1615 2038 1681 futurorum,

2119 454 2221 505 tur.
2253 479 2323 489 —
2361 449 2456 503 His
2505 447 2669 502 dictis
2716 445 2869 500 dedit
2918 445 3194 500 licentiam
3226 449 3285 499 ut
3315 445 3552 514 exirent,
3589 453 3778 502 reten-

2121 539 2191 594 tis
2221 537 2501 593 nonnullis
2531 549 2671 606 quos
2702 535 2932 605 urgebat
2953 540 3012 590 ut
3034 535 3190 589 ocius
3220 536 3521 590 matutinos
3550 551 3776 606 prave-

2120 630 2322 684 nirent.
2363 627 2571 694 Quibus
2619 625 2790 680 ﬁnitis
2821 624 3084 679 Viaticum
3113 625 3364 693 accepit;
3419 631 3474 680 et
3513 632 3775 696 accepto,

2121 719 2176 773 in
2219 717 2377 772 laude
2425 715 2626 772 Christi
2675 715 2860 784 lingua
2891 715 3009 782 ejus
3039 714 3332 769 obmutuit.
3373 714 3479 769 Sed
3521 729 3637 769 non
3679 715 3780 769 (ιε-

2121 807 2341 864 fuerunt
2377 807 2480 862 sibi
2513 806 2712 876 lingua:
2753 806 3009 870 ﬁliorum,
3052 805 3265 859 scilicet
3303 818 3439 874 quas
3488 805 3780 860 erudierat

2121 898 2179 952 in
2217 898 2312 952 Dei
2343 896 2523 951 laude.
2558 897 2796 962 Quorum
2829 894 3072 964 psalmis,
3117 894 3462 949 orationibus
3501 901 3558 948 et
3597 895 3780 963 lacry-

2122 988 2225 1042 mis
2281 988 2348 1041 ab
2410 986 2544 1042 hora
2602 985 2774 1054 prima
2830 984 3244 1040 commendatus
3308 985 3563 1049 Domino,
3628 985 3782 1038 circa

2122 1076 2311 1131 horam
2343 1089 2542 1131 nonam
2580 1075 2779 1130 emisso
2817 1073 3016 1143 spiritu
3056 1073 3293 1143 perculit
3327 1086 3458 1128 suos
3488 1073 3639 1127 tristi
3670 1072 3779 1126 de-

2125 1165 2318 1235 liquio.

2193 1256 2283 1311 58.
2353 1253 2717 1322 Subsequitur
2771 1265 2888 1308 vox-
2929 1253 3163 1307 animam
3221 1252 3440 1307 Christo
3493 1265 3787 1307 commen-

2124 1343 2388 1410 dantium,
2431 1349 2484 1398 et
2532 1341 2802 1412 singultus
2841 1354 3005 1396 voces
3052 1340 3594 1410 interrumpentium.
3647 1339 3786 1406 Quis

2125 1435 2270 1490 enim
2302 1447 2409 1488 non
2442 1434 2618 1498 ﬁeret,
2653 1432 2865 1487 etiamsi
2897 1432 2965 1486 de
3006 1431 3186 1501 lapide
3228 1439 3388 1486 natus
3419 1436 3611 1485 esset?
3653 1429 3788 1484 Plu-

2123 1525 2275 1580 rima:
2335 1539 2422 1579 res
2479 1522 2866 1589 intercedunt,
2917 1537 3040 1590 qua:
3092 1522 3358 1592 lacrymas
3405 1521 3612 1576 elicere
3655 1535 3786 1590 pos-

2124 1620 2270 1669 sunt.
2323 1615 2476 1668 Stant
2515 1613 2609 1667 ﬁlii
2651 1611 2904 1681 orphani,
2964 1618 3019 1666 et
3066 1611 3298 1667 Corbeia
3358 1617 3532 1666 mater
3584 1624 3781 1665 eorum

396 1677 730 1760 convocatos
766 1703 964 1759 fratres
991 1677 1349 1760 adorsus.est
1385 1677 1500 1760 hoc
1532 1705 1694 1760 modo
1730 1726 1741 1759 :
1787 1723 1815 1756 ‹‹
1854 1707 1896 1759 0
1926 1677 2308 1773 ﬁlii,Bvidua,
2359 1717 2590 1772 quorum
2631 1677 2791 1757 dolor
2829 1677 2896 1756 et»
2931 1700 3111 1756 luctus
3159 1705 3411 1770 penetrat
3438 1699 3609 1755 etiam
3651 1700 3782 1754 coeli

395 1791 607 1848 fructus
637 1807 772 1848 mea:
797 1796 1098 1849 senectutis
1129 1795 1184 1849 in
1215 1796 1465 1861 Domino,
1489 1794 1700 1863 explevi
1732 1808 2037 1860 numerum,

397 1881 596 1936 scitote
647 1882 907 1950 quoniam
958 1881 1123 1937 hodie
1173 1883 1300 1936 hinc
1350 1883 1462 1937 ibo.
1521 1883 1711 1936 Datum
1770 1889 1852 1937 est
1907 1883 2040 1938 mihi

394 1969 611 2040 ingredi
657 1971 771 2025 vias
817 1971 999 2026 carnis
1047 1971 1354 2037 universae,
1407 1978 1461 2026 et
1508 1978 1633 2026 ante
1687 1979 2040 2041 conspectum

396 2059 786 2128 Redemptoris
824 2061 928 2115 mei
960 2075 1246 2130 apparere.
1281 2061 1492 2115 Finitus
1533 2068 1615 2116 est
1645 2075 1838 2116 cursus
1867 2070 2045 2116 certa-

397 2149 560 2202 minis
590 2149 694 2202 mei
722 2169 732 2202 :
770 2151 956 2204 nescio
989 2151 1122 2218 quid
1151 2156 1478 2220 accepturus
1507 2165 1625 2205 sum
1660 2151 1907 2221 praemii:
1945 2152 2042 2206 sed

393 2236 698 2292 succurrite
747 2237 899 2303 mihi,
953 2252 1160 2307 qumso,
1206 2246 1264 2293 ut
1313 2252 1413 2308 ego
1453 2238 1521 2294 de
1550 2239 1727 2306 vobis,
1759 2246 1814 2294 et
1840 2254 1938 2296 vos
1977 2241 2044 2296 de

395 2339 480 2381 me
513 2325 736 2394 possitis
764 2326 1006 2396 gaudere
1035 2327 1091 2382 in
1121 2327 1371 2383 Domino.
1406 2346 1434 2379 »

468 2432 591 2506 (41)
646 2434 774 2506 Haec
827 2434 994 2506 verba
1052 2449 1081 2489 a
1138 2435 1430 2490 Paschasio
1491 2435 1759 2504 prolatata
1816 2443 2044 2506 usurpat

393 2505 668 2560 Gerardus
690 2505 794 2560 hoc
823 2505 968 2562 loco.
998 2507 1075 2560 Ex
1095 2520 1205 2576 quo
1236 2507 1510 2577 intelligas
1540 2522 1734 2578 magno
1759 2505 1967 2563 dilectu
1987 2509 2041 2563 in

2129 1793 2347 1863 palatia.
2389 1795 2544 1846 Stant
2573 1805 2702 1846 oves
2739 1791 2857 1845 sine
2888 1797 3107 1860 pastore
3150 1811 3161 1845 :
3206 1791 3405 1846 crescit
3453 1790 3623 1846 dolor
3655 1805 3784 1844 mu-

2125 1890 2212 1937 tus
2243 1882 2362 1936 sine
2403 1895 2556 1936 voce.
2608 1881 2728 1948 Ipse
2777 1880 2921 1934 enim
2972 1887 3107 1946 erat,
3150 1880 3293 1935 bone
3330 1881 3479 1945 Jesu,
3522 1894 3696 1948 quem
3728 1877 3784 1932 in

2125 1977 2242 2027 toto
2276 1985 2343 2026 ex
2372 1971 2628 2026 omnibus
2656 1969 2834 2024 solum
2863 1970 3114 2024 abbatem
3146 1970 3326 2038 reperi
3363 1969 3485 2039 (4i)
3517 1989 3529 2026 :
3567 1970 3693 2037 ipse
3716 1969 3785 2022 ab

2125 2062 2414 2126 universis,
2466 2074 2625 2130 quem
2685 2060 2910 2114 alterius
2951 2060 3234 2129 plusquam
3286 2073 3384 2113 sua
3431 2065 3787 2127 quaerentem

2125 2151 2328 2206 inveni.
2388 2151 2486 2217 Qui
2545 2151 2688 2204 sicut
2736 2157 2909 2204 mater
2955 2157 3099 2204 amat
3155 2149 3374 2203 unicum
3434 2148 3636 2213 ﬁlium,
3709 2149 3787 2202 ita

2125 2255 2374 2310 quosque
2413 2240 2708 2296 tenerrime
2737 2239 3020 2310 diligebat,
3060 2247 3223 2309 atque
3265 2245 3323 2294 ut
3369 2238 3647 2294 solidiora
3687 2253 3788 2292 ca-

2126 2336 2321 2401 perent
2350 2330 2631 2384 invitabat.

2124 2437 2631 2521 hisgdijudicandis
2680 2450 2820 2521 opus
2873 2451 3014 2501 esse,
3057 2450 3124 2492 ne
3173 2436 3640 2508 interpolatorem
3684 2450 3787 2507 pro

2127 2519 2352 2566 auctore
2393 2517 2652 2579 primario
2686 2517 2888 2565 temere
2929 2523 3182 2578 USUI‘pES.

1249 2776 1576 2860 LIBER
1631 2774 2034 2860 PRIMUS
2103 2776 2917 2865 MIRACULORUM

1406 2938 1506 3004 Ab
1558 2940 1696 3023 ipso
1744 2940 1818 3006 S.
1875 2940 2163 3006 σεταιάο
2212 2941 2432 3008 abbate
2475 2945 2760 3028 scriptus

848 3176 1196 3232 PREFATIO
1232 3177 1582 3233 AUCTORIS.

2062 3186 2378 3255 Csequitur
2424 3185 2628 3241 nobilis
2678 3184 2935 3240 materies
2973 3181 3219 3253 ejusdem
3257 3182 3451 3238 mortis
3493 3183 3794 3252 pretiosae.

468 3261 518 3316 l.
550 3242 783 3318 Corbeia:
811 3262 1016 3320 laudes.
1047 3264 1301 3320 Ecclesia:
1329 3272 1460 3321 (res.
1491 3296 1562 3306 —
1609 3268 1858 3325 Corbeia:
1888 3269 2044 3326 locus
2068 3242 2105 3250 ν
2127 3242 2410 3343 Siquidem
2457 3275 2705 3345 sepultus
2753 3274 2898 3344 apud
2937 3242 3226 3329 ecclesiam
3273 3272 3418 3327 Petri
3462 3242 3795 3341 principatu

389 3359 610 3423 quanta)
660 3353 830 3409 fuerit
867 3356 1013 3424 apud
1065 3357 1283 3425 priores
1335 3357 1674 3427 nobilitatis,
1725 3362 2041 3431 quicunque

388 3448 604 3511 taceat,
665 3443 880 3513 lapides
928 3445 1166 3500 clamant
1217 3460 1329 3501 non
1377 3446 1554 3502 solum
1601 3449 1668 3503 ad
1726 3464 1888 3505 aures
1943 3452 2040 3506 sed

387 3533 552 3588 etiam
590 3533 657 3588 ad
699 3534 891 3590 oculos
918 3536 1279 3604 posteritatis.
1323 3537 1454 3592 Tres
1485 3537 1630 3592 enim
1656 3539 1711 3592 in
1744 3553 1805 3594 ea
1837 3541 2042 3608 princi-

383 3622 538 3692 pales
586 3623 860 3680 habentur
909 3625 1160 3680 ecclesize
1198 3624 1328 3696 (42),
1359 3626 1416 3680 in
1457 3627 1659 3695 quibus
1698 3628 1868 3683 corda
1908 3629 2042 3684 tide-

381 3711 517 3768 lium
565 3723 770 3769 sancta:
809 3715 1091 3769 Trinitatis
1130 3713 1405 3770 confessio
1455 3716 1594 3771 bene
1646 3718 1820 3786 possit
1859 3719 2035 3775 unire.

383 3802 565 3856 Prima
604 3804 824 3858 Petrum
874 3803 1099 3874 praefert
1145 3805 1497 3874 piscatorem,
1531 3806 1792 3864 secunda.
1816 3808 2040 3876 piscatis

380 3891 781 3961 Evangelistam
836 3894 1172 3962 Johannem,
1236 3896 1399 3949 tertia
1465 3895 1848 3965 evangelizatis
1911 3899 2036 3952 Ste-

382 3979 624 4048 phanum
690 3987 1169 4053 protomartyrem.
1247 3983 1482 4038 Pulcher
1547 3985 1684 4040 ordo
1753 3985 2039 4040 ordinatus

379 4067 572 4137 utique
605 4083 637 4123 a
665 4070 804 4126 Deo.
851 4072 972 4125 Non
1012 4073 1156 4126 enim
1187 4071 1419 4126 dixerim
1449 4073 1811 4128 conditricem
1841 4075 2036 4130 horum

377 4156 647 4212 Batildem
694 4158 958 4229 reginam,
1009 4160 1107 4214 sed
1161 4162 1300 4230 ejus,
1354 4168 1413 4216 ut
1460 4164 1701 4218 omnium
1741 4163 2032 4231 bonorum,

376 4245 785 4324 inspiratricem
815 4249 1051 4318 Spiritus
1079 4251 1253 4305 sancti
1283 4252 1534 4322 gratiam.

447 4335 500 4391 2.
549 4337 782 4394 Corbeia:
819 4339 950 4394 situs
980 4345 1029 4396 et
1058 4342 1353 4397 amoenitas.
1384 4372 1457 4381 —
1494 4341 1732 4396 Proinde
1779 4341 1920 4396 situs
1951 4347 2035 4398 est

376 4423 615 4482 salubris
664 4435 718 4483 et
757 4423 913 4484 valde
959 4429 1182 4496 decens,
1226 4431 1394 4486 totius
1428 4429 1682 4485 utilitatis
1717 4432 2031 4486 amoenitate

377 4513 604 4582 ﬂorens,
637 4517 828 4572 usibus
854 4520 1271 4589 monachorum,
1308 4527 1500 4588 utpote
1531 4515 1600 4574 ad
1632 4520 1736 4576 hoc
1766 4521 2098 4590 quwsitusD

375 4609 430 4660 et
486 4606 778 4676 inventus,
833 4610 1058 4664 omnino
1117 4610 1473 4665 conveniens.
1537 4611 1615 4664 Ex
1681 4625 1788 4666 uno
1855 4611 2027 4667 latere

373 4695 589 4752 Somma
652 4699 847 4754 ﬂuvius
905 4701 1268 4769 praeterﬂuit,
1329 4715 1396 4756 ex
1451 4699 1625 4755 altero
1691 4714 2029 4756 concurrens

373 4785 608 4842 Corbeia
639 4789 892 4845 lluviolus
920 4791 1247 4845 vocabulum
1285 4789 1410 4846 loco
1452 4791 1645 4845 tribuit
1683 4805 1696 4842 :
1748 4789 1846 4844 sed
1875 4790 2026 4845 illico

375 4873 582 4929 cadens
639 4876 696 4930 in
735 4877 1046 4944 Sommam,
1099 4877 1192 4932 ubi
1249 4876 1382 4944 dat,
1432 4877 1510 4931 ibi
1567 4876 1766 4945 perdit.
1827 4877 2024 4945 Sicque

375 4963 586 5032 pratis,
647 4965 806 5033 aquis
863 4972 917 5019 et
959 4966 1166 5035 campis
1203 4966 1366 5037 longe
1418 4966 1638 5035 lateque
1686 4967 2021 5035 patentibus,

372 5050 568 5108 similis
598 5059 654 5109 et
702 5055 988 5109 dissimilis
1034 5055 1268 5110 habetur
1295 5058 1568 5111 Saxonum
1599 5057 1846 5112 Corbeia).
1878 5056 2026 5110 illius

374 5142 531 5210 cujus
578 5156 702 5198 cum
758 5144 863 5200 ista
922 5152 1108 5200 rector
1164 5153 1219 5200 et
1257 5144 1517 5200 fundator
1555 5147 1764 5201 exstitit
1801 5153 2024 5201 sanctus

370 5230 698 5288 Adalardus.

439 5319 493 5376 3.
528 5322 695 5391 Cujus
726 5323 1001 5393 expeditis
1030 5324 1286 5394 superius
1315 5325 1486 5395 gestis
1516 5329 1572 5379 et
1600 5325 1846 5380 moribus
1874 5324 2019 5392 vitat,

441 5425 554 5508 (42)
603 5430 854 5508 Perstant
885 5433 1152 5490 hactenus
1181 5438 1294 5488 tres
1332 5432 1442 5508 illa;
1479 5432 1749 5508 ecclesiae,
1792 5447 2022 5503 quarum

367 5503 545 5568 prima
574 5503 967 5560 monachorum
998 5512 1118 5570 est;
1160 5505 1405 5560 secunda
1448 5505 1782 5574 paroecialis,
1828 5511 1884 5560 et
1913 5507 2020 5560 Ca-

2127 3364 2510 3433 principalem,
2543 3364 2723 3419 medio
2749 3364 2925 3433 jacuit
2955 3363 3098 3428 loco,
3125 3371 3251 3416 ante
3281 3361 3512 3431 gradum
3543 3361 3796 3416 cancelli

2124 3450 2460 3508 inferiorem.
2511 3455 2676 3524 Signo
2716 3461 2798 3508 est
2845 3452 3112 3522 epitaphii
3158 3451 3362 3521 lingua,
3403 3450 3504 3504 sed
3547 3464 3666 3506 nou
3707 3465 3798 3505 se-

2124 3541 2359 3610 pulturae
2408 3543 2466 3596 lit
2514 3542 2816 3597 similitudo
2860 3542 2986 3597 alia.
3017 3541 3098 3596 lbi
3130 3541 3226 3595 diu
3267 3541 3410 3595 redit
3438 3540 3587 3594 cinis
3618 3541 3678 3594 in
3713 3542 3797 3594 ci-

2123 3644 2330 3698 nerem,
2351 3633 2532 3687 carnis
2554 3639 2878 3700 exspectans
2899 3644 3018 3685 cum
3050 3630 3242 3685 electis
3272 3631 3755 3684 resurrectionem
3778 3651 3790 3684 ε

2123 3719 2300 3776 donec
2352 3721 2444 3775 illa
2499 3721 2782 3790 generatio
2835 3719 3244 3790 generationem
3305 3732 3444 3787 pene
3502 3718 3791 3788 integram

2121 3817 2430 3879 generaret,
2456 3817 2510 3865 et
2540 3824 2731 3866 omnes
2760 3810 2956 3865 lateret
2985 3818 3188 3878 praeter
3215 3809 3510 3872 litteratos,
3536 3809 3638 3862 ubi
3672 3816 3789 3864 tam

2119 3897 2250 3954 felix
2280 3900 2572 3955 thesaurus
2603 3900 2998 3969 requiesceret.
3023 3899 3202 3953 Latuit
3233 3897 3441 3952 diutius
3461 3898 3787 3966 sepultura,

2120 3995 2180 4042 ut
2246 3989 2517 4057 reliquum
2585 3994 2748 4044 terra:
2814 3989 3056 4044 calcatur
3119 3988 3188 4041 ab
3245 3986 3553 4041 omnibus:
3614 4001 3788 4044 nemo

2118 4081 2538 4146 transeuntium,
2580 4092 2739 4134 nemo
2771 4079 3043 4133 orantium
3073 4084 3157 4132 est
3194 4076 3474 4132 adversus.
3528 4078 3783 4133 Tandem

2118 4167 2392 4223 discretor
2439 4169 2758 4224 meritorum
2806 4168 2998 4223 volens
3035 4167 3368 4222 notiﬁcaudo
3418 4168 3784 4236 magniﬁcare

2116 4258 2473 4328 sepulturam,
2516 4272 2616 4327 per
2662 4258 2862 4327 sepulti
2921 4259 3173 4313 meritum
3221 4257 3327 4311 tale
3383 4253 3516 4311 fecit
3553 4271 3783 4312 servum

2115 4362 2272 4403 suum
2303 4347 2648 4417 gloriticandi
2678 4347 2916 4402 initium.

2118 4438 2246 4492 CAP.
2281 4439 2322 4492 l.
2355 4439 2502 4496 Mira
2538 4435 2817 4508 sepultura:
2855 4437 2966 4506 ejus
3002 4436 3378 4506 manifestatio,
3401 4450 3502 4506 per
3529 4450 3648 4490 eum
3681 4439 3785 4505 qui

2559 4526 2779 4598 pedibus
2816 4525 2963 4581 haasit
2996 4527 3313 4597 pavimento.

2182 4615 2238 4671 4.
2298 4614 2562 4684 Suﬁ‘ragia
2615 4623 2968 4682 sanctorum,
3027 4615 3228 4684 quibus
3285 4619 3450 4669 tanta:
3508 4614 3780 4670 ecclesiae

2111 4705 2331 4773 ﬂorent,
2387 4705 2607 4774 quidam
2665 4712 2920 4760 oraturus
2978 4705 3127 4759 venit
3170 4725 3181 4758 :
3234 4710 3289 4758 et
3327 4704 3455 4773 quia
3501 4703 3586 4758 sic
3627 4705 3778 4760 ordo

2111 4795 2384 4865 exigebat,
2437 4796 2491 4850 in
2535 4795 2726 4864 primis
2775 4795 3080 4864 principem
3110 4794 3497 4862 Apostolorum
3529 4795 3781 4863 requisi-

2109 4885 2203 4940 vit.
2258 4885 2517 4953 Quaasivit
2567 4887 2809 4952 Petrum,
2865 4892 2921 4939 et
2976 4885 3184 4939 invenit
3236 4891 3486 4938 sanctum
3541 4884 3780 4940 Adalar-

2110 4976 2239 5030 dum
2283 4996 2294 5029 :
2357 4975 2565 5030 invenit
2619 4975 2918 5043 latentem,
2977 4974 3074 5029 sed
3143 4974 3364 5028 latendo
3417 4981 3775 5044 regnantem.

2109 5066 2324 5120 Inscius
2363 5067 2508 5120 enim
2533 5079 2592 5120 se
2632 5072 2990 5133 prosternens
3028 5078 3196 5133 super
3225 5063 3493 5118 tumulum
3547 5063 3778 5120 confes-

2107 5155 2270 5220 soris,
2331 5168 2493 5209 aures
2557 5167 2922 5222 supernorum
2980 5153 3086 5207 sibi
3146 5152 3497 5218 conciliabat,
3563 5155 3776 5222 quibus

2107 5251 2326 5315 poterat
2366 5245 2622 5314 precibus
2676 5250 2730 5300 et
2779 5245 2943 5298 votis.
2993 5243 3209 5308 Oravit,
3265 5250 3320 5297 et
3367 5252 3450 5297 est
3487 5244 3770 5299 auditus:

2105 5335 2381 5401 surrexit;
2431 5335 2618 5388 nescio
2657 5334 2704 5388 si
2744 5334 3053 5388 exauditus.
3086 5334 3329 5401 Cumque
3357 5332 3575 5401 signato
3609 5334 3769 5389 vultu

2105 5441 2452 5506 nonicorum,
2485 5454 2627 5511 quos
2659 5441 3022 5496 Charitabiles
3067 5445 3301 5506 vocant;
3349 5440 3511 5496 tertia
3561 5440 3764 5498 itidem

2105 5513 2434 5585 parcecialis,
2460 5526 2652 5570 omnes
2689 5514 2837 5570 circa
2873 5513 3190 5570 monasterii
3229 5525 3433 5568 muros.
