4096 6156
245 284 381 340 1065

997 291 1340 346 MIRACULA
1378 291 1433 344 s.
1474 288 1807 345 ADALARDI
1846 287 1990 341 aeu.
2033 288 2484 347 CORBEIENSIS.
2527 322 2596 332 -
2633 295 2760 350 LlB.
2803 263 2871 350 l.‘

3471 305 3607 359 1066

238 409 525 467 discedere
581 411 863 480 voluisset,
919 413 1153 484 pedibus
1208 415 1369 471 haesit
1424 414 1753 484 pavimento,
1815 412 2182 500 acAcaeteris
2219 415 2710 486 phiIOSOphabatur
2736 419 2920 488 altius,
2952 436 3225 494 quemque
3264 425 3428 497 hujus
3455 430 3602 500 signi

240 498 286 552 si
325 498 493 554 clavis
531 500 778 556 conﬁxus
828 500 1040 557 fuisset.
1100 503 1320 572 Stupuit
1377 503 1563 568 miser,
1604 499 1878 569 stupende

241 587 408 654 erepit
457 587 692 649 clamare
749 589 1194 646 miserabiliter:
1255 597 1310 646 et
1367 591 1495 660 quia
1553 590 1721 660 pedes
1770 602 1878 644 non

241 681 477 743 poterat,
526 677 732 732 vultum
773 677 1126 735 circumferre
1174 679 1620 750 lacrymabiliter.
1659 677 1880 734 Novitas

239 765 319 819 rei
365 764 551 833 plures
597 767 746 836 cogit
782 767 850 822 ad
892 759 1197 835 tumulum;
1247 767 1547 824 monachos
1585 767 1642 821 in
1687 765 1881 836 primis

237 857 542 922 stupentes,
578 856 877 920 mirantes;
922 856 1019 911 sed
1067 857 1370 926 gaudentes
1419 857 1658 912 novitate
1697 855 1883 925 signo-

237 954 396 1008 rum;
447 941 724 998 hominem
766 943 1026 999 videlicet
1074 958 1184 998 non
1225 959 1283 998 se
1334 959 1494 1014 posse
1543 958 1784 1010 movere,
1827 947 1881 997 et

239 1035 418 1085 tamen
451 1037 596 1086 stare
627 1046 840 1087 sanum.
883 1033 1264 1103 Interrogabat
1292 1033 1418 1088 illos
1447 1033 1494 1088 si
1524 1032 1648 1102 quis
1676 1032 1752 1086 ibi
1786 1047 1878 1086 re-

235 1118 568 1187 quiesceret,
619 1126 675 1176 et
720 1122 1095 1192 interrogatur
1140 1121 1208 1176 ab
1254 1121 1363 1177 illis
1403 1123 1450 1177 si
1491 1136 1598 1191 qua
1636 1120 1881 1176 criminis

234 1208 576 1264 conscientia
607 1214 978 1280 torqueretur.
1014 1210 1212 1274 «Scio,
1234 1211 1331 1278 ait,
1353 1209 1582 1276 domini,
1606 1210 1733 1279 quia
1757 1223 1881 1278 pec-

234 1303 392 1352 cator
418 1311 537 1353 sum
577 1298 764 1366 homo,
791 1321 804 1365 ;
855 1299 951 1355 sed
991 1300 1295 1355 succurrite
1328 1299 1480 1367 mihi,
1509 1313 1719 1368 quaeso,
1750 1298 1880 1353 hinc

234 1387 516 1456 precibus,
557 1388 689 1444 hinc
744 1389 1062 1444 consilio.»
1120 1389 1202 1444 Fit
1262 1393 1553 1458 utrumque
1610 1394 1874 1454 actutum,

234 1481 428 1530 oratur
456 1477 524 1531 ab
554 1475 640 1531 his
675 1497 686 1532 :
729 1477 822 1532 ille
866 1492 980 1532 rem
1025 1477 1222 1533 doctus
1252 1482 1411 1533 vovet
1445 1482 1630 1533 votum
1661 1484 1874 1542 sancto,

232 1564 450 1620 scilicet
504 1565 798 1633 Adalardo,
859 1565 1163 1622 fabricandi
1230 1566 1513 1621 tumulum.
1583 1567 1781 1635 Sicque
1847 1579 1877 1620 a

231 1654 532 1722 semetipso
587 1655 805 1725 ligatus,
856 1670 885 1710 a
934 1670 1043 1725 quo
1093 1655 1405 1722 tenebatur,
1454 1655 1572 1711 sine
1613 1668 1765 1710 mora
1794 1661 1878 1709 est

1961 506 2156 558 testem
2202 516 2314 559 non
2361 519 2483 561 sors
2530 508 2772 576 miserat,
2822 509 2920 564 sed
2969 515 3128 582 cujus
3172 515 3355 585 gregis
3413 525 3602 586 pastor

1963 596 2080 645 erat
2125 598 2348 648 sanctus
2395 594 2702 652 Richarius.
2750 601 2889 653 Ante
2937 615 3099 669 quem
3148 604 3419 659 accedens
3461 607 3601 662 Cor-

1962 679 2101 735 beiie
2161 681 2330 737 abbas
2385 685 2725 752 lleribertus,
2787 688 2966 743 innuit
3022 704 3182 745 manu
3241 712 3252 746 :
3322 693 3599 749 silentium

1963 768 2168 838 quippe
2209 770 2315 825 sibi
2365 773 2637 828 indixerat
2684 781 2906 864 sanctps
2945 779 3294 846 Benedictus,
3336 783 3381 835 si
3432 783 3604 839 inter-

1964 859 2141 925 ruptis
2187 861 2469 916 matutinis
2499 862 2754 932 hymnum
2797 859 3064 932 eantaret,
3102 870 3170 921 Te
3206 869 3601 927 Denm'lauda-

1965 960 2094 1000 mus.
2151 947 2354 1002 Ahnuit
2413 949 2525 1014 ille,
2577 953 2875 1008 matutinos
2924 955 3104 1010 innuit
3157 955 3301 1010 ﬁniri
3351 957 3602 1015 debere:

1963 1033 2152 1102 sicque
2201 1049 2315 1090 rem
2354 1036 2609 1092 laudibus
2647 1053 2836 1096 omnes
2883 1043 3186 1099 celebrare.
3238 1047 3459 1102 Factum
3501 1057 3603 1114 est,

1963 1121 2159 1176 mulier
2215 1121 2564 1180 laudantibus
2622 1127 2872 1194 interest,
2931 1130 3168 1200 ipsaque
3234 1148 3350 1190 sua:
3413 1136 3607 1192 salutis

1952 1208 2144 1280 lingua
2183 1212 2486 1268 scientibus
2517 1220 2572 1269 et
2609 1216 2986 1274 nescientibus
3016 1218 3158 1276 facta
3187 1227 3291 1277 est.
3339 1224 3605 1281 Omnibus

1961 1312 2180 1368 quoque
2241 1307 2369 1356 nota
2433 1304 2755 1360 Corbeianis
2816 1313 3120 1377 contracta,
3181 1310 3450 1382 integram
3507 1313 3603 1368 dat

1963 1387 2122 1442 ﬁdem
2161 1389 2426 1446 miraculo
2463 1406 2614 1448 sana.

1959 1495 2088 1549 CAP.
2120 1497 2210 1551 ΙΙΙ.
2243 1498 2320 1551 De
2349 1513 2589 1553 manuum
2618 1499 2848 1555 mulieris
2877 1504 3164 1571 curatione,
3196 1507 3393 1561 meritis
3429 1510 3599 1564 sancti

2365 1571 2677 1638 confessoris
2713 1577 2763 1627 et
2798 1572 3187 1630 intercessione.

2028 1655 2083 1709 6.
2123 1656 2318 1712 Mulier
2346 1673 2567 1729 quoque
2605 1665 2724 1716 erat
2770 1661 2828 1716 in
2875 1663 2996 1731 ipso
3028 1664 3285 1720 cwnobio
3323 1667 3596 1732 Corbeiaa,

231 1743 466 1798 solutus.
509 1744 694 1799 Oritur
739 1745 1023 1814 utriusque
1071 1745 1281 1812 lmtitia,
1321 1744 1402 1799 illi
1441 1743 1764 1799 discedendi
1803 1735 2084 1811 li-Bqua:
2137 1759 2260 1800 cum
2307 1748 2454 1802 varia
2511 1749 2763 1818 corporis
2807 1749 3084 1806 laboraret
3139 1753 3475 1821 inﬁrmitate,
3525 1756 3602 1810 ita

231 1832 439 1899 centia,
471 1833 754 1888 monachis
801 1833 1020 1902 patroni
1065 1834 1149 1889 sui
1181 1833 1602 1904 magniﬁcentia.
1635 1834 1746 1888 Nec
1785 1831 1878 1887 de-

232 1919 339 1976 fuit
387 1927 578 1976 sancto
625 1921 832 1991 ligandi
881 1921 1242 1992 solvendique
1290 1922 1595 1992 praemium.
1638 1921 1878 1976 Rediens

231 2011 382 2065 enim
433 2010 526 2066 ille
584 2011 872 2067 decentem
933 2007 1220 2068 fabricavit
1281 2011 1567 2077 tumulum,
1631 2016 1878 2066 statuens

234 2099 466 2169 insuper
509 2100 764 2156 omnibus
812 2099 1008 2158 diebus
1048 2102 1174 2156 vitae
1221 2115 1335 2157 sua:
1382 2099 1632 2156 solvendi
1679 2112 1879 2155 census

233 2188 385 2244 diem
413 2189 863 2246 anniversarium.

232 2295 364 2350 CAP.
407 2295 473 2349 II.
523 2297 601 2350 De
637 2294 851 2350 muliere
887 2301 1181 2362 contracta,
1224 2299 1273 2350 et
1309 2309 1402 2365 per
1437 2293 1607 2349 sancti
1642 2294 1879 2347 meritum

846 2382 881 2422 a
917 2369 1025 2421 Deo
1065 2374 1270 2422 curata.

305 2455 363 2509 5.
398 2455 527 2511 Haec
556 2455 723 2526 igitur
751 2456 938 2526 ligatio
971 2455 1264 2510 multorum
1316 2453 1544 2523 posthac
1582 2451 1685 2508 fuit
1721 2451 1877 2507 solu-

233 2545 335 2598 tio.
406 2545 483 2599 Ex
531 2545 631 2599 hac
683 2545 828 2601 enim
884 2543 1091 2600 famosa
1156 2543 1448 2599 occasione
1503 2541 1660 2598 locus
1710 2541 1878 2596 multa

233 2633 409 2702 erepit
455 2631 792 2703 frequentari
841 2633 1213 2689 veneratione.
1268 2631 1611 2688 Conveniunt
1657 2630 1775 2684 sani
1824 2634 1881 2684 et

234 2720 488 2788 debiles;
544 2721 624 2776 illi
653 2723 871 2788 animae,
905 2722 995 2776 isti
1035 2721 1264 2776 salutem
1297 2719 1547 2789 corporis
1576 2719 1878 2787 quaeritan-

234 2816 339 2866 tes.
392 2813 541 2867 Inter
585 2825 724 2880 quos
754 2817 1036 2867 contracta
1081 2810 1331 2880 quaedam
1377 2822 1596 2877 semper
1623 2807 1882 2876 adjacens

233 2900 558 2968 sepultura),
617 2901 723 2955 vim
780 2900 898 2956 viro
964 2899 1059 2954 Dei
1124 2897 1530 2968 quodammodo
1594 2897 1882 2951 videbatur

234 2986 441 3044 facere.
492 2991 612 3044 Non
651 3003 780 3056 nox,
813 2994 1045 3058 excepto
1092 2987 1268 3057 primo
1301 2985 1603 3042 conticinio
1635 2998 1752 3040 eam
1791 2999 1882 3038 ex-

233 3077 536 3144 cludebat;
589 3091 697 3132 non
746 3078 884 3142 dies,
940 3077 1045 3132 nisi
1096 3076 1316 3145 quando
1364 3089 1568 3144 corpus
1609 3072 1884 3127 alimentis

234 3165 544 3220 recreabat.
597 3165 906 3220 Vocabatur
934 3171 1115 3220 autem
1147 3162 1400 3219 Ulﬁardis
1434 3181 1445 3216 :
1494 3167 1550 3216 et
1594 3160 1721 3215 ideo
1751 3174 1888 3215 sem-

237 3267 339 3321 per
377 3253 454 3307 ita
486 3260 710 3321 prmsto,
743 3253 870 3322 quia
899 3251 1080 3307 incola
1130 3261 1248 3306 erat
1293 3249 1647 3306 Corbeiensis
1681 3268 1693 3302 :
1745 3247 1884 3302 adeo

235 3348 544 3406 contracta,
586 3346 645 3395 ut
685 3341 854 3411 magis
911 3339 1194 3396 incederet
1243 3338 1579 3408 portantium
1631 3335 1883 3405 pedibus,

235 3443 403 3498 quam
434 3431 568 3484 suis.
595 3430 750 3496 Quod
777 3431 823 3483 si
855 3429 1112 3484 deessent
1140 3427 1461 3497 portitores,
1491 3438 1602 3480 non
1632 3424 1886 3492 bipedem

236 3517 606 3587 gradientem,
649 3518 746 3573 sed
792 3515 1203 3587 quadrupedem
1251 3513 1567 3570 scabellulis
1604 3517 1886 3580 repentem

239 3611 488 3675 putares.
549 3609 743 3662 Deerat
793 3615 993 3662 czetera
1041 3620 1168 3675 spes
1215 3604 1444 3659 salutem
1500 3600 1885 3670 recuperandi,

237 3703 474 3765 excepta
534 3700 656 3766 post
719 3698 888 3751 Deum
954 3695 1304 3750 miseratione
1369 3691 1545 3747 sancti
1608 3689 1884 3746 Adalardi.

233 3785 485 3852 Quadam
536 3787 702 3856 igitur
732 3791 916 3851 nocte,
949 3784 1093 3840 sicut
1141 3782 1356 3839 solebat
1406 3781 1633 3836 veniens
1679 3778 1746 3833 ad
1796 3784 1885 3832 tu-

237 3876 473 3941 mulum,
503 3881 699 3930 terram
732 3876 931 3944 capite,
963 3874 1060 3929 sed
1110 3873 1368 3942 precibus
1406 3869 1627 3940 petebat
1665 3867 1884 3923 coelum.

236 3964 482 4019 Sedebat
538 3969 662 4033 post
713 3963 1040 4027 orationem,
1092 3962 1220 4031 quia
1267 3968 1413 4014 stare
1468 3971 1575 4013 non
1628 3960 1882 4026 poterat:

236 4053 527 4108 candelam
571 4052 833 4117 tenendo,
876 4051 1130 4121 lacrymis
1172 4055 1227 4105 et
1275 4048 1493 4103 miseria
1531 4046 1615 4100 sui
1657 4045 1889 4114 psallen-

236 4145 381 4198 tium
413 4143 561 4197 visus
589 4141 983 4197 monachorum
1023 4139 1078 4194 in
1122 4155 1180 4194 se
1218 4137 1592 4194 convertebat.
1634 4134 1888 4203 Multipli-

233 4233 405 4289 cabat
436 4234 764 4297 orationem,
797 4232 926 4300 quia
957 4243 1066 4284 non
1106 4228 1265 4292 alius,
1297 4228 1393 4282 sed
1424 4239 1576 4282 suam
1608 4224 1891 4294 quze‘rebat

230 4322 498 4377 salutem.
541 4320 780 4376 Tandem
829 4318 1000 4374 adfuit
1050 4318 1233 4373 divina
1284 4317 1587 4381 miseratio,
1635 4315 1764 4383 quia
1811 4313 1891 4366 in-

233 4409 438 4467 terfuit
503 4411 686 4466 amissi
744 4409 829 4465 sui
890 4408 1234 4464 intercessio.
1303 4405 1533 4460 Auditus
1599 4415 1888 4458 nervorum

231 4499 515 4568 crepitus,
567 4498 748 4553 nervis
793 4497 862 4552 ad
912 4510 1130 4560 nervos,
1176 4493 1451 4563 juncturis
1492 4491 1560 4545 ad
1605 4492 1892 4559 juncturas

229 4588 644 4644 resilientibus.
705 4586 958 4642 Sentiens
1014 4584 1213 4640 mulier
1269 4582 1499 4637 salutem
1561 4594 1660 4649 per
1715 4578 1890 4634 sancti

229 4676 507 4733 Adalardi
537 4676 1011 4739 intercessionem,
1043 4673 1256 4728 vocavit
1284 4671 1349 4725 ad
1382 4685 1440 4724 se
1471 4667 1707 4738 bajulam
1738 4679 1890 4722 suam

229 4772 398 4821 retro
429 4779 548 4820 eam
587 4763 938 4820 residentem.
980 4762 1106 4817 Adit
1146 4761 1237 4815 illa
1281 4763 1585 4822 vocantem,
1639 4760 1693 4810 et
1741 4755 1890 4810 dicto

228 4855 416 4911 citius
462 4855 670 4910 invenit
707 4868 894 4908 sanam
943 4858 998 4907 et
1045 4857 1282 4907 erectam
1325 4852 1580 4903 stantem.
1630 4846 1894 4900 Mirantur

229 4943 344 5014 qui
413 4943 663 5010 aderant,
726 4941 915 4997 eadem
984 4945 1254 5010 petentes,
1305 4939 1637 5007 jamjamque
1703 4932 1894 4987 salutis

1959 1831 2118 1902 digiti
2164 1833 2439 1890 haeserant
2485 1836 2680 1905 palmae
2725 1838 3023 1903 radicibus,
3066 1845 3126 1895 ut
3174 1843 3397 1898 omnino
3438 1843 3602 1898 desti-

1961 1924 2077 1975 tuta
2124 1927 2271 1978 esset
2317 1923 2499 1979 olﬁcio
2549 1925 2835 1996 utriusque
2885 1941 3096 1983 manus.
3148 1931 3315 1999 Cujus
3374 1938 3601 1987 contra-

1961 2009 2162 2064 ctiouis
2211 2025 2364 2080 spem
2419 2027 2486 2067 ex
2541 2013 2757 2084 integro
2816 2030 3028 2084 ponens
3085 2018 3141 2072 in
3188 2025 3438 2074 sanctum
3481 2019 3600 2086 Dei,

1960 2099 2117 2166 cujus
2145 2098 2434 2155 clementia
2482 2101 2683 2157 multos
2729 2102 3069 2159 inﬁrmorum
3107 2120 3254 2174 saepe
3283 2106 3504 2161 videbat
3533 2107 3600 2161 ab

1959 2184 2081 2254 ipso
2139 2187 2333 2242 mortis
2387 2189 2634 2256 periculo
2687 2192 2969 2258 revocari;
3040 2193 3289 2261 quotidie
3346 2195 3601 2250 veniebat

1960 2273 2028 2328 ad
2087 2276 2372 2341 tumulum,
2434 2283 2489 2330 et
2552 2278 2698 2332 inter
2754 2278 3001 2349 reliquos
3063 2280 3330 2348 inﬁrmos,
3389 2283 3486 2338 Dei
3545 2289 3600 2337 et

1959 2365 2135 2419 sancti
2162 2365 2419 2420 Adalardi
2467 2365 2794 2434 implorabat
2839 2367 3121 2424 auxilium.
3170 2371 3414 2440 Cumque
3455 2371 3594 2426 mul-

1961 2461 2048 2509 tos
2093 2454 2372 2510 multoties
2418 2455 2630 2510 videret
2670 2470 2834 2511 sanos
2891 2457 3173 2528 recedere,
3225 2460 3426 2528 quibus
3481 2460 3600 2530 ipsa

1962 2542 2114 2612 prior
2151 2550 2206 2598 et
2253 2544 2518 2600 intentior
2553 2544 2834 2614 satagebat
2871 2545 3175 2615 accedere;
3229 2547 3433 2604 nullam
3470 2549 3599 2604 inde

1961 2631 2194 2687 incurrit
2242 2632 2712 2702 desperationem,
2767 2634 2866 2689 sed
2915 2635 3086 2705 magis
3140 2637 3484 2693 animabatur
3533 2639 3599 2693 ad

1963 2721 2305 2790 petitionem.
2355 2722 2660 2790 lmputabat
2698 2722 2842 2776 enim
2894 2725 3134 2792 peccatis
3170 2726 3285 2780 suis
3314 2727 3463 2795 quod
3493 2729 3600 2782 mi-

1963 2823 2066 2864 nus
2122 2809 2313 2865 efﬁcax
2370 2816 2516 2865 esset
2572 2826 2686 2866 sua:
2742 2811 3048 2880 petitionis.
3107 2814 3305 2868 Petivit
3363 2829 3494 2885 ergo
3549 2821 3605 2871 et

1963 2899 2178 2967 accepit
2211 2918 2222 2953 :
2265 2898 2519 2968 quaesivit
2548 2905 2602 2954 et
2632 2900 2876 2965 invenit;
2912 2899 3147 2972 pulsavit
3179 2909 3234 2956 et
3262 2902 3506 2958 intravit.
3541 2905 3604 2958 Et

1964 2988 2092 3056 quia
2138 3001 2248 3042 non
2297 2987 2528 3054 destitit,
2581 2993 2641 3043 ut
2687 2987 3012 3055 Chananaea,
3045 2989 3192 3044 salva
3242 2988 3386 3045 facta
3425 2996 3509 3046 est
3547 2992 3602 3046 in

1967 3075 2072 3131 ﬁde
2129 3090 2246 3131 sua.
2301 3077 2432 3131 Cum
2490 3076 2635 3131 enim
2683 3076 2891 3131 diutius
2947 3075 3380 3132 misericordiam
3429 3081 3605 3134 sancti

1967 3163 2334 3233 implorasset,
2385 3171 2440 3219 et
2487 3164 2735 3233 quotidie
2783 3164 3041 3233 adjacens
3089 3166 3208 3234 ejus
3257 3165 3465 3220 tumulo
3505 3167 3606 3221 iiii-

1969 3253 2295 3322 plorationis
2332 3252 2582 3309 effectum
2631 3259 2994 3322 exspectaret,
3027 3253 3248 3308 tandem
3290 3255 3462 3322 prima
3500 3257 3604 3310 Do-

1969 3343 2168 3397 minica
2234 3343 2506 3412 passionis
2572 3341 2889 3407 Dominicai,
2949 3340 3095 3409 quod
3155 3341 3248 3395 diu
3312 3341 3604 3409 quaesierat

1969 3429 2204 3486 feliciter
2233 3430 2431 3485 meruit
2460 3431 2724 3484 invenire.
2759 3433 2918 3483 Stans
2949 3429 3152 3498 quippe
3185 3431 3393 3484 intenta
3424 3439 3604 3486 mente

1968 3526 2094 3574 ante
2135 3519 2419 3585 tumulum,
2461 3519 2555 3572 ubi
2602 3522 2849 3572 sanctum
2881 3532 3082 3586 corpus
3111 3523 3228 3571 erat
3259 3517 3602 3583 tumulatum,

1969 3607 2114 3663 inter
2145 3622 2352 3677 praeces
2396 3611 2449 3662 et
2495 3606 2761 3675 lacrymas
2789 3605 2959 3674 coepit
2997 3604 3292 3660 extendere
3324 3605 3499 3660 nodos
3528 3607 3611 3660 di-

1968 3697 2228 3767 gitorum.
2277 3695 2549 3750 Redditur
2595 3694 2836 3749 libertati
2887 3694 3172 3763 utriusque
3222 3708 3414 3750 manus
3462 3695 3602 3759 vola,

1963 3787 2074 3855 jam
2128 3798 2361 3854 qumque
2419 3782 2662 3839 involare
2720 3789 2774 3837 et
2831 3781 3076 3838 revelare
3134 3788 3317 3852 potest
3376 3787 3605 3852 utraque

1969 3873 2167 3942 palma.
2234 3873 2488 3928 Redeunt
2542 3872 2609 3926 ad
2677 3870 2916 3925 ofﬁcium
2976 3884 3167 3926 manus
3218 3890 3230 3924 :
3296 3872 3609 3927 restituitur

1968 3962 2240 4031 sospitati,
2281 3961 2429 4031 quod
2477 3960 2777 4015 inﬁrmitati
2816 3959 3101 4014 laborabat
3143 3974 3366 4030 corpus.
3407 3961 3606 4031 Sicque

1969 4050 2294 4120 gloriﬁcatio
2341 4050 2538 4116 sancti,
2592 4050 2661 4103 Te
2706 4050 2868 4102 Deum
2913 4048 3188 4102 laudamus
3235 4048 3483 4104 canendo
3524 4064 3608 4104 re-

1969 4137 2142 4194 fertur
2179 4139 2246 4194 ad
2296 4139 2511 4194 laudem
2558 4138 2673 4205 Dei,
2724 4142 2779 4192 et
2827 4141 2887 4191 ut
2924 4136 3108 4191 omnia
3154 4135 3463 4191 referantur
3504 4137 3606 4191 sub

1973 4228 2308 4293 testimonio,
2365 4228 2521 4282 testis
2567 4231 2650 4280 est
2698 4225 2933 4280 idoneus
2991 4229 3120 4278 tunc
3177 4224 3398 4292 quidem
3448 4237 3607 4291 puer,

1973 4317 2069 4372 sed
2128 4317 2477 4386 postmodum
2525 4315 2694 4372 abbas
2746 4311 2933 4376 Fulco,
2984 4311 3080 4380 qui
3129 4323 3267 4365 onus
3315 4316 3370 4365 et
3425 4309 3614 4365 hono-

1973 4420 2087 4461 rem
2135 4405 2382 4461 Corbeiae
2421 4404 2649 4459 sortitus
2686 4409 2769 4458 est
2797 4399 3074 4456 Riehardo
3117 4399 3314 4454 abbate
3360 4398 3614 4454 humanis

1974 4499 2246 4563 exempto.

1973 4605 2100 4659 CAP.
2134 4602 2220 4656 ιν.
2261 4603 2336 4654 De
2374 4597 2658 4653 elevatione
2693 4597 2864 4651 sancti
2891 4599 2940 4649 et
2968 4593 3302 4648 succensione
3338 4593 3533 4664 templi,
3564 4599 3614 4648 et

2569 4667 2801 4740 periculo
2838 4666 3003 4732 regni.

2040 4763 2096 4816 '7.
2138 4760 2242 4816 Sed
2273 4760 2341 4815 de
2370 4759 2458 4813 his
2486 4757 2750 4812 hactenus
2783 4775 2795 4810 :
2834 4753 2999 4809 modo
3038 4752 3334 4808 dicendum
3372 4751 3611 4822 qualiter

1973 4853 2044 4908 sit
2073 4850 2346 4906 celebrata
2385 4848 2615 4903 elevatio
2653 4847 2788 4913 ejus.
2841 4845 2915 4898 Ea
2963 4848 3286 4912 tempestate
3335 4842 3490 4912 plura
3520 4843 3613 4898 in-

1975 4939 2261 4996 commoda
2307 4937 2574 5001 Corbeize,
2615 4934 2710 4989 sed
2769 4945 2939 5004 regno
2997 4934 3330 4987 Francorum
3379 4931 3612 5001 plurima

227 5047 365 5089 sure
424 5031 732 5086 redduntur
788 5029 1074 5085 certiores.
1135 5027 1414 5082 Monachis
1472 5038 1692 5094 quoque
1746 5027 1897 5076 tanta
1978 5028 2208 5098 conligit
2247 5027 2491 5081 irruissc.
2535 5023 2781 5079 Corbeize
2822 5022 2967 5076 enim
3008 5021 3311 5090 principale
3351 5021 3614 5089 templum

224 5121 488 5178 accessit
535 5119 848 5187 exsultatio,
880 5124 941 5174 ut
991 5131 1091 5186 pro
1130 5116 1289 5172 laude
1329 5115 1491 5181 servi.
1524 5113 1736 5168 Domini
1787 5111 1898 5166 lau—
1978 5117 2159 5174 Sancti
2201 5117 2368 5181 Petri,
2401 5113 2606 5169 diaboli
2655 5111 2856 5166 invidia
2906 5110 3030 5180 igne
3060 5109 3460 5165 succenditur:
3504 5123 3621 5164 om-

224 5212 383 5267 dum
435 5209 552 5263 ﬁeri
596 5208 877 5262 videretur
925 5205 1006 5261 eis
1063 5205 1414 5274 interruptio.
1473 5202 1579 5258 Sed
1634 5201 1900 5255 intererat
1978 5209 2065 5263 nis
2095 5220 2233 5277 pene
2263 5204 2432 5259 Gallia
2463 5201 2618 5256 famis
2649 5199 2896 5269 periculo
2928 5198 3225 5254 addicitur.
3271 5198 3620 5268 Fungebatur

232 5296 545 5356 matutinis
587 5296 757 5351 abbas
806 5295 1184 5366 Ingelramnus
1217 5292 1362 5362 (43),
1396 5291 1490 5360 qui
1535 5305 1601 5346 eo
1651 5296 1883 5359 tempori

1981 5299 2100 5353 vice
2129 5309 2227 5350 sua
2257 5294 2311 5348 in
2346 5305 2516 5362 regno
2547 5292 2881 5344 Francorum
2913 5302 3009 5342 rex
3032 5287 3349 5353 Rotbertus,
3372 5287 3622 5342 Corbeize

337 5423 463 5494 (43)
516 5423 846 5497 monasterio
894 5415 1227 5497 Centulensi.
1261 5413 1480 5497 praefuit
1513 5414 1883 5497 Alngelramnu:

1984 5435 2128 5477 anno
2159 5421 2307 5475 circa
2335 5415 2460 5481 980,
2504 5415 2592 5469 cui
2621 5413 2890 5497 successit
2926 5410 3303 5482 Ingelramnus
3333 5410 3494 5466 initio
3525 5423 3630 5464 sae-

242 5482 392 5568 post
422 5482 788 5568 lhgelardum,
814 5493 907 5562 qui
938 5505 1007 5568 ex_
1032 5482 1351 5568 Corbeiensi
1375 5482 1907 5568 nasceteri‘o,_a_ssum_-
1986 5493 2096 5549 οιιιί
2128 5507 2203 5558 χι,
2237 5497 2488 5545 mortuus
2515 5499 2658 5541 anno
2695 5482 2850 5538 1045.

238 5557 414 5639 inus,
474 5557 720 5622 Centulaa
775 5557 1134 5620 monasticam
1190 5557 1534 5626 disciplinam
1592 5557 1906 5610 restituerat

487 5673 724 5729 PATROL.
756 5670 997 5727 CXLVII.
3346 5640 3416 5693 34
