4096 6156
549 330 684 389 1067
1248 294 1275 325 ⁸

534 470 668 514 vero
700 454 825 513 vice
870 451 1073 509 Christi
1122 450 1292 506 abbas
1336 446 1647 504 Richardus
1698 465 1710 502 :

533 547 712 615 citer;
773 542 881 601 nisi
929 555 1053 597 cum
1101 540 1208 596 isto
1251 538 1415 610 ignis,
1449 550 1571 593 cum
1615 534 1712 591 illo
1759 533 1929 590 fames
1966 536 2176 601 septem

532 637 693 695 annis
731 637 1015 705 regnasset
1059 629 1344 685 atrociter.
1395 628 1500 683 Tot
1536 625 1741 695 quippe
1782 621 2019 693 p0pulos
2056 620 2179 675 neci

534 725 846 782 dimittebat
877 720 1107 787 esuries,
1141 724 1200 773 ut
1238 731 1350 774 non
1383 715 1603 786 pollice,
1636 712 1732 768 sed
1764 726 1894 767 ense
1933 710 2182 767 videren-

535 820 628 873 tur
646 826 902 884 rumpere
928 811 1018 866 ﬁla
1037 822 1280 866 sorores.
1310 808 1440 862 Haec
1461 811 1642 861 autem
1666 803 1784 858 lues
1806 799 2179 864 morientium,

539 920 662 963 cum
691 909 922 959 caeteras
960 899 1143 969 nimis,
1184 896 1418 954 maxime
1466 900 1653 965 partes
1687 892 1918 949 vexabat
1958 886 2183 945 Ambia-

539 1006 791 1051 nensmm
800 1034 812 1046 .

610 1081 665 1138 8.
705 1084 821 1150 Qua
858 1076 1128 1148 compulsi
1179 1074 1533 1138 necessitate,
1586 1074 1836 1126 statuunt
1873 1068 1979 1123 sibi
2009 1081 2186 1122 reme-

540 1171 692 1228 dium
730 1170 896 1225 citius
934 1165 1264 1237 providere;
1310 1165 1478 1218 Deum
1517 1159 1753 1223 scilicet,
1793 1171 1956 1228 quem
1994 1155 2183 1211 multi-

542 1260 723 1318 modis
743 1258 901 1315 malis
928 1254 1290 1319 oﬁenderant,
1322 1251 1600 1321 aliquibus
1637 1248 1798 1304 bonis
1832 1246 2072 1317 placare.
2096 1245 2189 1300 Vi-

542 1364 662 1407 sum
701 1354 786 1406 est
821 1346 1095 1418 siquidem
1122 1344 1265 1399 hanc
1295 1342 1561 1398 ultionem
1590 1339 1717 1395 ideo
1748 1337 1853 1393 sibi
1885 1334 2186 1406 superponi

542 1439 781 1505 caelitus,
822 1437 953 1507 quia
1007 1447 1199 1505 pacem
1255 1445 1534 1501 nunquam
1598 1432 1967 1491 servaverant,
2024 1437 2187 1494 quam

540 1529 703 1585 unice
751 1527 933 1598 diligit
976 1530 1030 1581 et
1079 1522 1235 1594 diligi
1278 1522 1436 1592 jubet
1471 1520 1754 1575 Dominus.
1797 1515 1942 1570 Talis
1981 1514 2187 1584 quippe

541 1605 887 1674 consuetudo
935 1611 1262 1669 naturaliter
1298 1611 1486 1666 innata
1536 1613 1622 1663 est
1667 1618 1837 1676 regno
1886 1602 2184 1668 Gallorum,

540 1712 602 1764 ut
642 1711 845 1776 praeter
890 1708 1122 1759 caeteras
1159 1700 1413 1756 nationes
1459 1710 1679 1766 semper
1710 1695 1880 1751 velint
1927 1705 2187 1748 exercere

541 1796 751 1853 rabiem
788 1791 1080 1848 bellorum.
1130 1789 1237 1845 Sed
1275 1787 1409 1858 quid
1451 1786 1661 1841 modo?
1706 1796 1816 1839 non
1848 1795 2073 1836 necesse
2104 1785 2188 1835 est
2211 1784 2259 1842 Β

542 1884 683 1941 velle
726 1882 866 1938 mori
904 1881 961 1935 in
999 1878 1170 1943 bello,
1210 1877 1339 1947 quia
1383 1875 1701 1930 catervatim
1753 1872 2065 1928 moriuntur
2102 1869 2189 1924 fa-
2232 1922 2239 1926 ,

543 1973 649 2030 mis
676 1977 733 2029 et
769 1969 942 2041 pestis
978 1967 1184 2039 gladio.
1225 1967 1345 2020 Non
1391 1970 1571 2035 potest
1603 1961 1838 2017 mundus
1878 1959 2021 2015 ferre
2051 1959 2187 2014 iram

542 2060 752 2120 Iudicis
785 2079 798 2116 :
845 2059 1017 2114 initur
1046 2054 1338 2112 consilium
1369 2066 1491 2108 cum
1528 2051 1802 2106 Ninivitis.
1835 2050 1951 2104 Una
1982 2061 2189 2103 conve-

545 2152 706 2207 niunt
738 2162 845 2219 pax
873 2153 929 2203 et
952 2146 1165 2217 justitia
1200 2164 1212 2200 :
1250 2144 1472 2213 jamjam
1512 2140 1693 2211 placet
1725 2139 1908 2194 redire
1937 2137 2190 2193 Saturnia

522 2253 732 2311 regna.
783 2239 1045 2307 Superest
1097 2232 1404 2303 desperatis
1441 2244 1608 2286 unum
1651 2244 1718 2285 ex
1756 2226 2012 2284 omnibus
2050 2239 2188 2281 con-

544 2328 749 2394 silium,
794 2325 863 2381 ad
902 2322 1223 2394 placandam
1272 2319 1488 2376 scilicet
1534 2318 1671 2372 iram
1718 2316 1943 2385 superni
1980 2313 2191 2369 Judicis

544 2416 829 2487 requirere
854 2411 1111 2483 suffragia
1128 2415 1465 2466 sanctorum.
1493 2404 1872 2475 Requiruntur
1901 2403 2186 2472 reliquiae:

542 2504 611 2560 ad
649 2502 914 2572 reliquias
942 2506 1003 2556 ut
1040 2512 1275 2569 quaeque
1307 2497 1429 2552 loca
1458 2494 1566 2549 sibi
1604 2493 1859 2562 adjacent
1898 2490 2193 2547 conferun-

542 2599 653 2659 tur,
704 2591 894 2660 ibique
950 2588 1103 2658 pacis
1158 2583 1478 2643 inviolabile
1537 2587 1757 2652 pactum
1814 2581 2188 2637 conﬁrmatur.

541 2680 621 2737 lta
658 2680 1053 2736 Ambianenses
1100 2681 1155 2732 et
1191 2673 1559 2731 Corbeienses
1607 2685 1729 2727 cum
1769 2670 1885 2726 suis
1942 2669 2192 2738 patronis

542 2770 898 2832 conveniunt,
934 2768 1201 2837 integram
1234 2777 1443 2834 pacem,
1477 2762 1534 2818 id
1565 2766 1649 2817 est
1688 2760 1859 2816 totius
1896 2759 2192 2815 hebdoma-

542 2861 628 2918 de:
658 2860 984 2925 decernunt,
1018 2863 1074 2913 et
1103 2862 1164 2912 ut
1193 2869 1293 2924 per
1324 2852 1574 2923 singulos
1602 2864 1778 2907 annos
1805 2850 1873 2906 ad
1907 2850 1962 2905 id
1994 2850 2192 2905 conﬁr-

543 2949 802 3006 mandum
832 2946 1113 3003 Ambianis
1150 2944 1207 2999 in
1246 2942 1335 2998 die
1391 2940 1704 2996 festivitatis
1749 2939 1925 2994 sancti
1966 2936 2191 2993 Firmini

547 3037 797 3101 redeant,
852 3033 1184 3090 unanimiter
1239 3033 1351 3086 Deo
1409 3029 1821 3098 repromittunt.
1883 3027 2076 3097 Ligant
2131 3040 2190 3082 se

1484 310 1489 314 ’
1591 323 1647 378 s.
1687 317 1977 376 GEBALDI
2014 314 2289 371 ABBATIS
2325 314 2850 375 SlLVE-MAJORIS

3767 315 3912 370 Ιωϐ

1770 450 2004 513 uterque
2049 439 2176 496 feli-s
2197 441 2411 502 Asium
2447 448 2782 512 sanctorum,
2825 441 2947 503 sine
2990 455 3142 501 mora
3177 442 3489 501 sentiebant
3532 443 3712 499 sancti
3757 441 3911 498 Petri

2263 537 2652 608 principatum.

2338 627 2422 681 10.
2463 627 2595 681 Cum
2643 635 2776 693 ergo
2824 620 2965 677 fama
3018 622 3156 676 tanti
3210 622 3343 677 boni
3399 622 3468 677 de
3516 621 3609 677 die
3666 622 3721 676 in
3759 620 3913 675 diem

2262 715 2498 770 clareret
2535 712 2809 779 lucidius;
2859 711 3066 780 placuit
3091 711 3305 766 auctori
3336 710 3530 766 horum
3574 711 3756 767 locum
3787 724 3912 764 ma-

2262 805 2523 875 gniﬁcare
2580 801 2839 867 nobilius,
2898 800 3046 857 beati
3092 800 3350 857 videlicet
3397 799 3653 855 Adalardi
3692 800 3913 856 merita

2263 891 2716 958 demonstrando,
2749 892 2906 959 cujus
2951 904 3155 959 corpus
3196 889 3490 958 sepulcrali
3535 890 3722 944 adhuc
3759 898 3916 960 tege-

2266 983 2429 1039 batur
2482 980 2713 1036 tumulo.
2772 978 3078 1048 Tegebatur
3132 982 3313 1033 autem
3369 978 3424 1033 in
3472 977 3701 1046 templo,
3760 977 3914 1047 quod

2266 1077 2386 1128 erat
2439 1071 2564 1142 igne
2620 1069 2965 1125 combustum
3016 1083 3030 1121 :
3090 1069 3309 1123 Fratres
3363 1080 3494 1123 vero
3551 1067 3621 1122 ad
3671 1067 3915 1122 vicinam

2267 1159 2451 1217 Sancti
2512 1158 2777 1215 Johannis
2827 1155 3175 1227 evangelista:
3230 1156 3562 1211 transierant
3619 1155 3917 1210 ecclesiam

2267 1262 2391 1304 cum
2440 1246 2690 1317 reliquiis
2725 1252 3063 1311 sanctorum,
3113 1243 3204 1300 ubi
3243 1244 3479 1313 qualiter
3516 1250 3572 1300 et
3620 1244 3833 1314 Quibus
3857 1258 3917 1299 se

2268 1337 2547 1403 revelavit,
2598 1336 2667 1392 ad
2722 1335 3035 1406 sepulcrum
3091 1348 3313 1405 quoque
3369 1340 3496 1404 post
3547 1333 3918 1391 elevationem

2269 1430 2389 1497 ejus
2426 1440 2588 1496 quam
2633 1424 2875 1496 gloriose
2919 1426 3063 1481 Deus
3109 1438 3232 1480 eum
3280 1423 3666 1495 magniﬁcavit,
3720 1423 3916 1479 dicen-

2270 1517 2397 1573 dum
2447 1516 2670 1586 quidem
2718 1519 2847 1571 est:
2889 1515 2987 1570 sed
3025 1514 3094 1570 de
3140 1514 3228 1569 his
3276 1513 3446 1583 prius,
3480 1512 3549 1568 de
3590 1512 3705 1568 illis
3735 1522 3914 1569 autem

2272 1606 2568 1677 posterius.

2270 1714 2401 1770 CAP.
2443 1713 2506 1768 ν.
2556 1709 2753 1779 Quibus
2788 1710 2951 1779 signis
2996 1712 3256 1765 animatus
3301 1710 3370 1765 sit
3414 1708 3579 1764 abbas
3622 1708 3918 1765 Richde

2692 1789 2747 1838 ut
2785 1781 2977 1838 levaret
3014 1787 3249 1837 sanctum
3286 1795 3494 1851 corpus.

2347 1873 2432 1928 ll.
2454 1872 2682 1940 Quidam
2708 1872 3013 1941 presbyter,
3037 1871 3259 1926 nomine
3280 1869 3586 1936 ilimoldus,
3611 1870 3916 1926 secundum

2270 1977 2425 2019 suum
2475 1962 2818 2032 propositum
2864 1962 2998 2016 satis
3044 1962 3188 2016 bona
3225 1959 3364 2015 fama
3402 1960 3632 2030 potitus,
3666 1974 3916 2016 commo-

2270 2053 2495 2108 rabatur
2523 2053 2579 2106 in
2610 2051 2877 2120 praedicto
2908 2050 3241 2106 monasterio
3261 2050 3444 2105 Sancti
3461 2049 3735 2105 Johannis
3764 2065 3917 2105 evan-

2269 2141 2503 2211 gelista,
2543 2141 2673 2211 quia
2712 2140 2948 2196 aedituus
2985 2139 3292 2195 habebatur
3335 2138 3581 2209 ejusdem
3639 2139 3911 2195 ecclesiae.

2271 2231 2369 2287 Cui
2400 2236 2562 2286 nocte
2594 2230 2828 2300 quadam
2866 2231 2922 2285 in
2954 2230 3235 2285 horamate
3275 2230 3352 2295 [id
3379 2237 3458 2284 est
3495 2230 3553 2285 in
3583 2230 3824 2294 visione]
3861 2244 3914 2283 se

2271 2321 2416 2377 idem
2446 2318 2731 2377 confessor
2760 2320 3017 2386 oﬁerens,
3044 2334 3342 2390 secumque
3370 2334 3493 2376 eum
3518 2334 3621 2390 per
3645 2319 3917 2375 combusti

2273 2409 2462 2479 templi
2516 2409 2815 2465 diversoria
2864 2408 3092 2475 ducens,
3133 2409 3301 2464 multa
3357 2409 3494 2464 mira
3532 2416 3588 2464 et
3646 2409 3919 2479 stupenda

2272 2498 2354 2553 illi
2410 2498 2724 2565 insinuavit,
2775 2513 2899 2568 quae
2955 2498 3049 2553 ille
3105 2497 3371 2553 insomnis
3423 2497 3678 2553 redditus
3734 2498 3921 2553 multis

2273 2601 2497 2643 narrare
2527 2586 2750 2657 dignum
2781 2586 2954 2642 duxit.
2996 2587 3144 2643 Vidit
3174 2587 3319 2643 enim
3348 2587 3493 2642 inter
3521 2594 3728 2643 caetera
3769 2588 3920 2658 quasi

2273 2677 2550 2733 hominem
2607 2677 2895 2747 quemdam
2943 2677 3291 2745 nebulosum,
3350 2676 3615 2733 deformis
3671 2685 3920 2741 staturae,

2274 2768 2510 2836 nigrum,
2550 2766 2882 2836 squalidum,
2934 2766 3130 2835 pannis
3176 2772 3231 2822 et
3287 2766 3447 2821 annis
3503 2766 3778 2834 obsitum,
3834 2768 3923 2837 qui

2274 2856 2545 2911 maxillam
2587 2855 2862 2911 inclinans
2899 2870 3068 2926 super
3109 2870 3326 2911 manum
3374 2862 3524 2912 totus
3569 2863 3716 2923 erat,
3760 2862 3827 2912 ut
3856 2858 3924 2912 ita

2275 2945 2472 3011 dicam,
2507 2958 2618 3001 non
2649 2944 2910 3011 dolentis,
2943 2945 3040 3000 sed
3072 2945 3285 3001 doloris
3322 2945 3555 3016 signum.
3600 2947 3789 3015 Super
3819 2960 3923 3017 quo

2276 3034 2565 3105 presbyter
2605 3034 2932 3090 somniando
2980 3034 3035 3088 in
3084 3034 3270 3090 multis
3326 3035 3616 3104 requirens
3672 3042 3922 3109 sanctum

549 3125 716 3193 hujus
763 3121 1145 3192 promissionis
1184 3124 1335 3185 voto,
1388 3124 1684 3186 votumque
1723 3116 1958 3185 religant
2004 3129 2192 3171 sacra-

2278 3124 2560 3178 ductorem
2588 3143 2600 3178 :
2628 3125 2808 3190 «Quis
2828 3129 2911 3179 est
2942 3124 3066 3191 iste,
3087 3123 3288 3192 inquit,
3316 3124 3555 3188 domine,
3579 3125 3679 3193 qui
3713 3129 3925 3180 tantum

552 3219 760 3270 mento.
803 3212 927 3268 Fuit
963 3216 1145 3266 autem
1190 3208 1310 3264 haec
1359 3206 1736 3276 repromissio,
1769 3211 1829 3260 ut
1865 3206 1912 3260 si
1942 3204 2038 3275 qui
2076 3205 2194 3261 dis-

553 3307 840 3372 ceptarent
868 3301 1013 3356 inter
1039 3312 1100 3354 se
1128 3298 1313 3367 aliquo
1340 3294 1596 3358 discidio,
1624 3307 1736 3350 non
1767 3309 1826 3349 se
1853 3294 2196 3349 vindicarent

551 3391 739 3463 praeda
768 3396 862 3446 aut
888 3388 1168 3452 incendio,
1192 3386 1371 3442 donec
1399 3389 1601 3441 statuta
1627 3383 1716 3438 die
1747 3390 1873 3439 ante
1905 3383 2194 3438 ecclesiam

550 3495 736 3537 coram
788 3478 1047 3551 pontiﬁce
1095 3482 1151 3533 et
1189 3476 1389 3533 comite
1445 3474 1602 3529 ﬁeret
1657 3471 1956 3542 paciﬁcalis
2002 3471 2193 3528 decla-

548 3569 738 3626 matio.

617 3658 672 3713 9.
712 3659 883 3725 Quam
912 3660 1127 3726 gratum
1155 3667 1286 3710 vero
1316 3652 1423 3708 hoc
1460 3650 1752 3707 consilium
1789 3647 1935 3706 foret
1960 3650 2192 3705 Domino

548 3747 921 3812 dominorum,
954 3745 1077 3799 luce
1109 3742 1312 3798 clarius
1341 3740 1738 3797 demonstravit
1767 3744 2070 3794 conventus
2098 3739 2193 3808 qui

546 3836 625 3891 ibi
664 3840 782 3891 erat
818 3838 1155 3889 sanctorum.
1194 3832 1269 3885 Ea
1306 3830 1513 3899 quippe
1552 3828 1642 3883 die
1681 3827 1933 3897 probavit
1963 3826 2218 3895 Corbeia_

547 3923 739 3994 quanti
768 3926 953 3978 essent
982 3919 1127 3988 apud
1168 3920 1337 3974 Deum
1369 3917 1551 3973 meriti
1580 3922 1939 3986 patronorum
1968 3929 2194 3971 suorum

547 4010 824 4080 suﬁ‘ragia.
882 4010 1124 4076 Quorum
1173 4007 1231 4062 in
1282 4011 1439 4076 parte
1490 4005 1716 4061 semotis
1768 4003 2041 4073 reliquiis,
2098 4006 2193 4061 ubi

550 4098 806 4155 videlicet
844 4096 1051 4167 placuit
1085 4094 1271 4151 abbati
1310 4100 1367 4149 et
1404 4094 1707 4160 monachis,
1749 4099 2025 4163 quotquot
2061 4093 2194 4150 illuc

548 4188 762 4245 debiles
807 4190 1027 4243 oratum
1057 4188 1345 4251 venerunt,
1385 4183 1505 4239 sani
1544 4187 1600 4237 et
1636 4181 1940 4239 incolumes
1985 4182 2194 4253 absque

548 4290 701 4335 mora
730 4274 910 4332 eﬁ‘ecti
948 4277 1095 4330 sunt.
1137 4272 1338 4342 Sicque
1386 4271 1690 4341 composita
1738 4284 1872 4341 pace
1911 4271 2194 4327 redierunt

547 4368 616 4424 ad
645 4380 744 4422 sua
773 4365 1001 4437 quique.
1052 4361 1261 4419 Exinde
1308 4361 1692 4430 hujuscemodi
1738 4359 1879 4416 fama
1916 4360 1992 4415 ita
2029 4361 2192 4432 longe

2276 3213 2501 3268 deducit
2522 3212 2804 3268 dolorem?
2823 3241 2892 3257 --
2910 3213 3011 3267 Hic
3033 3218 3136 3280 est,
3151 3213 3331 3283 inquit
3350 3220 3571 3268 sanctus
3589 3213 3921 3277 Adalardus,

2277 3300 2493 3357 daemon
2540 3300 2654 3367 ille,
2688 3302 2846 3371 cujus
2881 3301 2999 3357 sola
3043 3301 3296 3357 voluntas
3337 3308 3419 3357 est
3448 3308 3652 3357 cuncta
3688 3303 3765 3358 ad
3810 3317 3924 3373 per-

2276 3387 2474 3442 niciem
2505 3387 2741 3455 trahere,
2781 3389 2986 3459 quique
3025 3389 3131 3445 hoc
3168 3390 3465 3445 sacrarium
3494 3391 3642 3461 ignis
3682 3382 3937 3460 pessumi

2276 3475 2431 3531 dedit
2458 3476 2737 3531 edacitati.
2785 3478 2920 3544 Quia
2947 3491 3078 3533 vero
3109 3485 3312 3548 prater
3352 3493 3503 3548 spem
3546 3493 3700 3535 nunc
3750 3482 3923 3536 cernit

2275 3566 2381 3621 sibi
2430 3568 2671 3634 evenire,
2708 3569 2947 3636 optimos
2981 3568 3240 3625 videlicet
3268 3569 3572 3625 cmnobitas
3602 3570 3675 3624 ad
3716 3578 3927 3627 restau-

2276 3654 2503 3710 randam
2559 3656 2883 3727 elegantius,
2925 3672 3089 3727 quam
3136 3659 3297 3727 prius
3353 3657 3516 3727 foret,
3552 3658 3787 3715 domum
3836 3661 3923 3716 Dei

2276 3744 2501 3800 omnino
2530 3751 2805 3816 satagere;
2840 3746 2967 3802 ideo
2997 3752 3203 3817 quanto
3232 3748 3386 3803 vides
3413 3748 3608 3804 dolore
3638 3763 3702 3805 se
3733 3749 3922 3814 afﬁcit,

2277 3838 2332 3888 et
2369 3848 2537 3902 super
2573 3834 2679 3890 hoc
2709 3834 2861 3891 dolet
2890 3837 3039 3905 quod
3071 3850 3167 3892 vos
3196 3836 3355 3893 lmtos
3385 3836 3571 3893 efﬁcit.
3610 3859 3637 3888 ι
3688 3840 3776 3895 Ad
3808 3841 3922 3896 hac

2276 3920 2567 3991 presbyter
2593 3922 2931 3992 stupefactus
2959 3929 3015 3980 et
3041 3925 3317 3995 stupendo
3346 3925 3791 3998 expergefactus,
3816 3944 3921 3986 non

2276 4014 2360 4066 est
2388 4009 2616 4068 effectus
2644 4013 2845 4069 surdus
2872 4014 3112 4081 auditor,
3134 4016 3233 4071 sed
3252 4016 3481 4072 visionis
3508 4032 3626 4074 suae
3644 4018 3923 4076 veridicos

2277 4099 2627 4168 praedicator.

2352 4188 2436 4244 12.
2477 4188 2675 4259 Sicque
2714 4189 2855 4258 istis,
2889 4197 2944 4246 et
2970 4192 3217 4250 anterius
3246 4193 3429 4260 dictis,
3462 4201 3517 4251 et
3557 4196 3747 4253 multis
3776 4212 3921 4268 saepe

2276 4276 2592 4346 patentibus
2641 4276 2813 4348 signis
2857 4279 3031 4335 visum
3088 4287 3173 4337 est
3227 4283 3412 4340 abbati
3464 4285 3747 4342 Richardo
3810 4286 3921 4342 feli-

2276 4365 2356 4419 cis
2402 4367 2702 4433 memoriae,
2735 4368 2884 4437 quod
2931 4370 3075 4424 Deus
3104 4370 3321 4427 volebat
3358 4378 3413 4428 et
3458 4372 3698 4430 volendo
3731 4389 3921 4431 mons-

546 4457 766 4525 lateque
805 4454 976 4523 coepit
1010 4451 1241 4522 vulgari.
1283 4455 1343 4505 ut
1380 4449 1612 4506 Corbeia
1659 4449 1855 4506 merito
1897 4441 2476 4521 ducereturDtrabat,
2536 4454 2870 4526 negligentia
2925 4472 3024 4513 sua
3075 4472 3186 4515 non
3241 4460 3483 4517 differre.
3525 4463 3683 4519 Unde
3744 4466 3922 4520 mimis

545 4546 719 4602 altera
756 4545 927 4600 Roma
963 4541 1253 4612 appellari.
1300 4542 1610 4596 Prtesentes
1638 4538 1879 4610 denique
1908 4545 1963 4595 et
1999 4541 2196 4596 absen-

549 4643 650 4704 tes,
681 4634 853 4690 vincti
891 4637 946 4690 et
975 4630 1302 4699 carcerales,
1343 4630 1598 4686 invocato
1637 4630 1860 4687 nomine
1889 4630 2198 4688 Corbeien-

626 4740 748 4811 (44)
790 4739 1027 4809 Corrigit
1068 4737 1208 4793 hanc
1254 4751 1443 4793 vocem
1476 4736 1808 4811 Dollandus,
1834 4738 1999 4811 quasi
2036 4752 2193 4794 erra-

547 4808 689 4869 verit
723 4808 997 4868 'Geraldus
1025 4822 1294 4864 summum
1333 4808 1650 4878 pontiﬁcem
1687 4809 2017 4879 appellando
2055 4811 2196 4865 vica-

548 4885 685 4940 rium
719 4884 890 4938 sancti
921 4881 1084 4947 Petri,
1117 4894 1240 4935 cum
1286 4880 1488 4936 Christi
1518 4880 1775 4946 vicarius,
1817 4886 1871 4935 et
1908 4894 2196 4936 successor

552 4954 729 5012 sancti
777 4953 925 5008 Petri
975 4952 1244 5008 dicendus
1272 4959 1437 5007 esset.
1478 4952 1674 5006 Verum
1724 4964 1834 5005 non
1882 4952 2057 5007 solum
2088 4954 2195 5008 Ge-

553 5025 761 5090 raldus,
793 5023 891 5079 sed
938 5023 1031 5078 alii
1079 5023 1242 5078 etiam
1290 5029 1545 5077 auctores
1591 5021 1785 5076 eodem
1815 5023 2081 5079 vocabulo
2113 5024 2196 5078 usi

554 5106 683 5153 sunt
712 5109 886 5165 usque
924 5095 993 5149 ad
1041 5094 1301 5150 saaculum
1333 5092 1883 5165 tertiumudecimum,
1917 5108 2027 5163 quo
2057 5110 2195 5164 papa

556 5169 747 5225 Christi
798 5163 1028 5222 bicurius
1088 5166 1353 5235 peculiari
1412 5163 1781 5233 appellatione
1838 5166 2020 5220 dictus
2072 5163 2191 5234 est;

553 5254 679 5296 nam
710 5246 870 5294 antea
909 5238 965 5293 id
1004 5250 1205 5293 nomen
1243 5237 1366 5291 aliis
1413 5237 1690 5305 episcopis
1727 5249 2016 5293 commune
2055 5245 2192 5293 erat.

552 5313 799 5382 Longum
845 5308 1354 5382 essetivariosghuc
1389 5306 1606 5382 referre
1652 5314 2196 5382 auctores;tan_tum

552 5378 770 5451 aliquos
797 5388 951 5437 noto.
994 5381 1192 5450 Papam
1220 5379 1493 5451 Yicarium
1542 5378 1689 5451 beati
1736 5380 1882 5451 Petri
1918 5378 2197 5451 appellant

553 5450 817 5509 Alcuinus
850 5454 906 5507 in
936 5452 1187 5521 epistolis
1215 5450 1250 5504 6
1278 5458 1334 5507 et
1360 5450 1452 5515 72,
1484 5450 1829 5521 Eginhardus
1878 5450 1945 5505 ad
1993 5465 2195 5507 annum

553 5522 681 5590 799,
712 5524 833 5578 Vita
862 5523 1122 5578 Ludovici
1171 5522 1252 5576 Pii
1281 5522 1349 5578 ad
1395 5535 1596 5576 annum
1626 5520 1751 5586 816,
1798 5523 1982 5591 Lupus
2027 5523 2199 5579 abbas

556 5592 925 5649 Ferrariensis
968 5592 1027 5648 in
1074 5591 1309 5662 epistola
1354 5592 1444 5659 84,
1492 5593 1809 5649 Anastasius
1844 5592 2093 5664 vulgatus
2138 5594 2196 5649 in

2276 4542 2472 4613 legatis
2507 4544 2760 4614 accipere
2806 4546 3250 4604 benedictionem
3289 4565 3319 4604 a
3363 4552 3573 4607 Joanne
3624 4566 3794 4623 papa,
3834 4553 3918 4623 qui

2277 4640 2408 4689 tunc
2457 4636 2720 4704 temporis
2756 4635 2992 4693 vicarius
3040 4639 3217 4694 sancti
3264 4641 3410 4695 Petri
3447 4641 3567 4712 (44)
3612 4642 3919 4700 habebatur

2278 4740 2555 4810 Stephano
2611 4755 2752 4810 papa
2800 4744 2846 4797 ll
2896 4748 2952 4798 et
2997 4744 3054 4798 in
3092 4745 3234 4811 aliis,
3283 4746 3580 4803 concilium
3630 4750 3916 4805 Ticinense

2278 4824 2379 4886 pro
2417 4812 2611 4886 Caroli
2626 4813 2770 4867 Calvi
2822 4813 3172 4883 imperatoria
3203 4816 3491 4886 dignitate,
3538 4819 3833 4877 Aimoinus
3867 4824 3915 4875 in

2278 4883 2536 4956 Historiae
2576 4885 2908 4956 Francorum
2939 4886 3035 4940 lib.
3067 4902 3144 4953 1v,
3177 4883 3299 4956 cap.
3340 4889 3359 4941 l
3392 4911 3406 4956 ;
3451 4883 3558 4946 Leo
3589 4892 3917 4949 Marsicanus

2278 4954 2335 5008 in
2369 4955 2625 5032 Chronici
2657 4957 2972 5032 Casinensis
2996 4956 3092 5032 lib.
3127 4954 3354 5032 nica—pp.
3393 4954 3457 5014 l2
3486 4969 3543 5018 et
3579 4962 3686 5032 15;
3737 4966 3919 5020 Ausci.

2279 5026 2756 5106 musnBeccensis
2782 5028 2838 5082 in
2888 5029 3121 5106 epistola
3151 5030 3242 5106 de_
3260 5026 3585 5106 fermentato
3615 5026 3683 5090 et"
3715 5051 3914 5106 azyma.

2280 5096 2492 5179 et‘alii;
2537 5098 2659 5179 imo.
2685 5099 2846 5153 etiam
2890 5096 3178 5179 pontiﬁces
3216 5103 3447 5179 Romani
3484 5119 3595 5160 non
3625 5096 3915 5162 aliud't‘erc

2278 5167 2757 5249 sibivocabplum
2805 5167 3131 5249 sumebant,
3172 5181 3239 5249 _ut
3294 5175 3553 5231 Nicolaus
3605 5192 3751 5247 papa
3802 5181 3821 5234 ι
3866 5181 3913 5234 in

2279 5240 2510 5321 epistola
2673 5241 2740 5321 ad
2796 5244 3047 5321 carptum
3096 5243 3512 5321 Calvum,‘ante
3561 5240 3831 5315 m'ed'ium,
3869 5258 3914 5303 et

2278 5309 2334 5364 in
2366 5309 2470 5365 ﬁnc
2501 5312 2750 5390 epistolae
2787 5314 2856 5369 ad
2886 5309 3218 5390 Bptlandum
3247 5309 3618 5390 Arelatensem
3650 5309 3917 5390 archiépi-

2277 5394 2543 5463 scopum;
2582 5383 2946 5463 .Adrianusull
2992 5386 3048 5463 in
3096 5388 3339 5463 epistola
3367 5390 3434 5445 ad
3485 5392 3680 5447 Patres
3724 5383 3915 5463 synodi

2276 5452 2733 5535 Duziacensis,‘e.t
2753 5457 2825 5535 _in
2858 5456 3058 5535 litteris
3085 5452 3154 5535 ad
3183 5460 3433 5535 Carolum
3473 5475 3657 5535 regem
3691 5452 3915 5534 ejusque

2277 5526 2610 5606 conjugem‘.“
2634 5526 2963 5606 adrianusl
3001 5530 3325 5606 vocabulum
3370 5532 3516 5606 istud
3537 5526 3810 5606 'explicat
3834 5526 3917 5588 'il

2279 5595 2514 5664 epistola
2541 5595 2612 5649 89
2642 5598 2863 5655 Co‘dicis
2890 5600 3151 5669 Carolini,
3184 5615 3308 5658 cum
3354 5603 3431 5658 ait
3472 5617 3533 5659 se
3578 5595 3741 5660 vicem
3780 5605 3923 5661 beati
