4056 6150
256 308 390 364 1069

1006 309 1348 366 MlRACULA
1385 309 1441 364 S.
1480 307 1816 365 ΔΒΑιωί
1854 306 2002 363 ABB.
2041 306 2497 391 CORBEIENSIS.
2536 336 2607 348 —
2643 306 2771 363 LIB.
2812 308 2854 361 Ι.

3462 309 3612 365 -1070

248 436 436 491 Roma
476 430 777 504 pontiﬁcali
806 432 1135 502 hierarchia,
1168 448 1278 492 non
1307 432 1484 491 solum
1530 436 1615 489 est
1652 429 2189 502 permis-Aaudire.
2220 434 2265 488 Ο
2286 445 2580 502 supernam
2609 431 3017 504 dignationem!
3061 432 3128 488 Et
3155 445 3226 489 ne
3252 432 3453 504 aliquis
3481 449 3615 494 con-

247 523 476 591 sus,sed
496 524 659 579 etiam
677 523 983 594 apostolica
997 524 1470 594 jussionejussus,
1485 521 1636 593 quod
1657 520 1895 577 libenter
1977 520 2210 577 donaret
2248 522 2485 589 cateris,
2519 521 2667 591 quod
2723 523 2866 577 Deus
2914 520 3266 592 singulariter
3320 522 3621 582 donaverat

248 611 472 670 fecisset
501 618 556 668 et
592 612 857 682 injussus.
906 614 972 668 Et
1020 613 1148 683 quia
1196 614 1385 669 aberat
1427 612 1723 682 episcopus
1765 611 1897 665 Am-

1977 615 2168 666 sancto
2198 610 2494 677 Adalardo,
2538 608 2682 666 facta
2710 616 2795 666 est
2822 610 2943 666 hac
2971 623 3083 667 non
3111 618 3239 667 ante
3266 625 3490 682 corpus,
3522 614 3620 670 sed

250 703 533 760 bianensis
588 702 778 769 Fulco,
831 715 995 772 quem
1034 717 1102 759 ex
1154 701 1383 758 fratrum
1439 700 1672 757 consilio
1730 699 1901 755 abbas
1979 704 2105 755 ante
2136 699 2402 756 tumulum
2432 700 2735 756 miseratio.
2782 700 3117 756 Nuntiantur
3170 701 3290 758 hac
3345 702 3530 759 abbati
3569 708 3626 760 et

253 792 382 848 huic
413 792 742 863 praviderat
770 792 1040 848 interesse
1070 793 1355 863 mysterio,
1387 790 1690 847 accersitur
1717 790 1899 858 Drogo
1980 788 2301 844 monachis:
2336 794 2568 859 augetur
2622 789 2815 845 latitia
2870 788 3204 857 festivitatis,
3243 788 3440 847 festina
3497 805 3626 862 pro-

253 880 635 948 Tervanensis,
676 880 847 937 totius
882 881 1045 937 bona
1083 879 1239 939 fama
1270 879 1586 936 testimonio
1626 876 1899 947 pradica-

254 969 401 1025 bilis.
436 971 569 1026 Cum
608 983 718 1039 quo
758 974 1047 1039 postquam
1086 969 1321 1025 ministri
1360 967 1675 1037 dupliciter,
1716 964 1904 1021 cordis

255 1058 470 1115 scilicet
501 1066 556 1114 et
593 1059 864 1127 corporis,
907 1058 1229 1114 habitudine
1269 1063 1622 1127 apparantur,
1654 1060 1903 1112 sanctum

256 1160 462 1216 corpus
487 1162 543 1201 v1
572 1146 701 1202 ldus
728 1146 982 1202 Octobris
1019 1147 1089 1202 de
1119 1146 1376 1217 sepulcro
1424 1145 1655 1212 levatur,
1688 1150 1745 1200 et
1783 1157 1903 1199 ma-

258 1235 423 1290 nibus
462 1235 716 1304 prasulis
779 1249 877 1290 seu
933 1234 1149 1290 abbatis
1213 1234 1632 1304 expectantibus
1686 1231 1909 1304 populis

256 1324 601 1381 adorandum
632 1324 932 1395 praebetur.
973 1324 1189 1392 Claudi,
1228 1324 1404 1392 surdi,
1445 1324 1602 1391 muti,
1633 1320 1813 1378 manci
1855 1322 1911 1375 et

259 1414 396 1470 caci
421 1412 710 1469 confestim
755 1418 1037 1469 sanantur.
1078 1415 1348 1469 Densatur
1385 1427 1595 1469 cuneus
1642 1409 1912 1467 acceden-

262 1503 436 1559 tium:
479 1515 589 1559 non
648 1507 733 1558 est
768 1516 1029 1558 numerus
1076 1502 1375 1559 oblationis
1412 1502 1676 1568 ﬁdelium,
1717 1503 1911 1569 utpote

264 1591 359 1648 ubi
390 1592 544 1662 prius
573 1592 729 1647 deest
757 1592 933 1659 locus,
966 1596 1022 1647 et
1050 1597 1286 1661 tempus,
1319 1606 1481 1662 quam
1518 1589 1753 1646 intentio
1784 1586 1915 1644 oﬁ‘e—

265 1683 522 1738 rentium.
555 1682 763 1738 Exinde
793 1696 925 1752 ergo
956 1682 1149 1737 titulus
1178 1680 1514 1738 confessoris
1542 1694 1666 1736 cum
1695 1678 1915 1735 caeteris

1983 877 2160 933 cessio
2199 877 2435 944 orditur,
2486 879 2709 934 sanctus
2752 878 3058 935 Adalardus
3102 885 3370 949 sequente
3417 881 3623 951 populo

1984 965 2391 1051 circumfertur,
2422 967 2640 1022 venitur
2677 968 2745 1023 ad
2802 968 3090 1036 tumulum,
3152 968 3229 1024 ibi
3268 974 3512 1037 cantant,
3558 972 3630 1026 Te

1984 1057 2149 1111 Deum
2177 1053 2453 1111 laudamus
2480 1056 2715 1125 hymnus
2753 1063 2963 1124 oratur,
3000 1057 3069 1113 de
3115 1071 3176 1113 re
3231 1065 3385 1129 gesta
3436 1058 3629 1129 paulu-

1960 1144 2097 1200 ‘lum
2128 1149 2437 1213 peroratur,
2469 1144 2659 1214 sicque
2688 1146 2888 1201 abitur.

1989 1252 2117 1307 CAP.
2150 1251 2260 1304 VII.
2324 1252 2402 1305 De
2435 1250 2596 1305 surdo
2652 1256 2702 1307 et
2739 1256 2898 1314 muto,
2957 1251 3197 1325 manibus
3232 1257 3282 1309 et
3312 1253 3534 1325 pedibus
3588 1258 3638 1310 et

2061 1326 2167 1377 toto
2198 1335 2415 1392 corpore
2446 1326 2733 1387 contracto,
2765 1327 2815 1378 et
2851 1338 3009 1395 super
3038 1324 3284 1380 tumulum
3312 1324 3526 1382 sanato.

2070 1409 2153 1465 l4.
2178 1411 2332 1466 Alter
2359 1411 2580 1481 quidam
2619 1419 2737 1469 erat
2776 1413 2835 1468 in
2886 1414 3240 1481 Normannia,
3290 1416 3513 1471 nomine
3551 1414 3641 1472 Gi-

1992 1499 2288 1568 slebertus,
2326 1513 2438 1555 non
2494 1500 2672 1557 solum
2728 1507 2923 1558 natura
2979 1504 3254 1574 corporis,
3309 1505 3407 1560 sed
3472 1504 3637 1560 etiam

1994 1589 2230 1645 humana
2268 1587 2447 1660 efﬁgie
2487 1604 2628 1660 pene
2667 1591 2987 1648 destitutus.
3028 1595 3158 1648 Erat
3214 1594 3359 1649 enim
3416 1599 3643 1650 contra-

1995 1682 2118 1732 ctus
2145 1681 2263 1734 toto
2317 1691 2572 1748 corpore,
2609 1694 2829 1747 curvus,
2888 1685 3190 1737 retrorsum
3244 1683 3445 1737 reﬂexa
3482 1680 3644 1748 facie,

266 1770 515 1827 Corbeia
546 1772 796 1841 patronis
833 1772 1173 1837 inscribitur,
1233 1785 1356 1827 cum
1395 1771 1597 1840 quibus
1639 1782 1813 1838 usque
1842 1766 1912 1822 ad
1932 1765 2197 1825 Bsurdus
2226 1767 2391 1821 etiam
2422 1772 2477 1823 et
2504 1773 2710 1835 mutus,
2740 1771 3035 1825 reservatis
3079 1770 3460 1826 tantummodo
3506 1783 3646 1826 ocu-

269 1867 597 1931 prasentem
627 1860 772 1916 diem
795 1861 1080 1917 Corbeiam
1103 1864 1291 1916 tuetur
1317 1866 1372 1916 et
1400 1872 1620 1929 semper
1648 1857 1915 1921 tuebitur.

270 1949 557 2006 Celebrata
577 1956 661 2006 est
688 1956 869 2005 autem
890 1950 1011 2007 hac
1041 1951 1215 2005 sancti
1247 1950 1499 2020 corporis
1520 1948 1754 2004 elevatio
1774 1959 1919 2002 anno

269 2039 339 2095 ab
368 2040 749 2096 lncarnatione
778 2040 993 2097 Domini
1021 2039 1313 2096 millesimo
1341 2038 1764 2109 quadragesimo
1790 2035 1920 2105 (45),

272 2128 578 2186 indictione
606 2145 727 2199 vni,
758 2130 1022 2187 Romanis
1048 2130 1323 2197 Conrado,
1355 2128 1581 2186 Francis
1616 2128 1923 2197 imperante

274 2219 561 2276 Rotberto.

275 2309 408 2365 CAP.
470 2310 557 2365 Vl.
596 2311 676 2364 De
720 2314 859 2365 muto
917 2313 966 2365 et
1017 2308 1178 2363 surdo
1230 2312 1353 2363 ante
1406 2306 1579 2363 sancti
1612 2301 1962 2376 confessoris-

827 2377 1121 2451 sepuicrum
1157 2384 1368 2433 sanato.

357 2468 441 2521 13.
481 2468 593 2523 Nec
622 2467 1066 2537 praetereundum
1097 2466 1512 2522 oblitteratione
1540 2464 1778 2536 qualiter
1806 2475 1931 2519 eum

276 2558 425 2612 Deus
463 2556 720 2627 dignatus
750 2562 835 2611 est
872 2556 1147 2626 posthac
1193 2555 1523 2629 gloriﬁcare,
1562 2556 1709 2610 sicut
1760 2548 1932 2608 didici

281 2645 351 2701 ab
385 2658 451 2701 eo
481 2646 603 2714 ipso
635 2645 729 2714 qui
768 2659 830 2700 ea
869 2646 1086 2716 gavisus
1133 2651 1219 2701 est
1275 2644 1697 2716 gloriﬁcatione.
1738 2640 1934 2712 Vigilia

283 2739 405 2791 erat
444 2733 783 2789 celebritatis
837 2733 1006 2801 illius,
1068 2748 1176 2804 qua
1232 2748 1332 2803 per
1382 2732 1695 2804 passionem
1751 2729 1935 2786 crucis

286 2823 461 2879 caelos
487 2822 738 2878 ascendit
766 2821 1004 2892 claviger
1032 2823 1327 2879 athereus.
1368 2822 1557 2879 Omnis
1593 2822 1681 2876 via
1726 2820 1784 2875 in
1822 2818 1934 2874 cir-

288 2912 441 2970 cuitu
471 2911 760 2968 videbatur
807 2912 993 2967 venire
1051 2912 1337 2968 Corbeiam
1375 2911 1530 2983 (tanti
1585 2910 1791 2967 fecerat
1828 2910 1936 2963 Pe-

291 3010 411 3060 trus
464 3002 712 3058 Corbeia
759 3015 874 3057 sua
932 3000 1205 3073 gloriam),
1245 3001 1415 3070 aliqui
1472 3006 1707 3067 oratum,
1766 2997 1939 3068 aliqui

1999 1854 2089 1922 lis,
2145 1856 2348 1925 quibus
2405 1856 2683 1913 miseriam
2738 1873 2892 1914 suam
2959 1864 3149 1928 posset
3175 1858 3386 1915 videre.
3428 1858 3652 1914 Delatus

2003 1949 2086 1999 est
2115 1958 2145 1998 a
2173 1945 2289 1999 suis
2316 1945 2626 2013 Corbeiam,
2659 1946 2737 2002 ibi
2776 1948 2872 2003 diu
2910 1947 3065 2004 stetit
3094 1947 3321 2004 fratrum
3351 1962 3476 2004 cum
3524 1946 3654 2003 reli-

2003 2032 2129 2102 quis
2157 2032 2514 2102 suscipiendo
2545 2034 2968 2107 eleemosynam.
3030 2037 3269 2093 Tandem
3327 2041 3454 2107 post
3507 2035 3654 2092 mul-

2004 2126 2121 2177 tum
2185 2122 2445 2191 temporis
2500 2136 2533 2177 a
2588 2130 2779 2180 sancto
2835 2124 3108 2181 Adalardo
3163 2125 3405 2182 monitus
3459 2130 3543 2181 est
3598 2125 3657 2180 in

2005 2209 2233 2274 somnis,
2294 2215 2355 2264 ut
2405 2212 2589 2265 statim
2643 2213 2866 2281 quando
2922 2219 3194 2285 surgeret,
3237 2214 3306 2270 ad
3343 2213 3657 2283 sepulcrum

2007 2311 2166 2353 suum
2195 2305 2410 2352 oratum
2438 2298 2565 2355 iret.
2619 2300 2895 2370 Evigilans
2951 2315 3083 2372 ergo
3140 2302 3222 2358 ire
3259 2303 3519 2371 volebat;
3560 2302 3661 2358 sed

2009 2387 2141 2443 licet
2176 2401 2208 2441 a
2232 2392 2422 2444 sancto
2454 2389 2565 2456 jam
2613 2390 2886 2455 visitatus,
2936 2391 3161 2447 minime
3200 2392 3281 2449 ire
3328 2392 3562 2448 valebat.
3595 2394 3663 2448 Et

2012 2476 2142 2545 quia
2177 2490 2325 2545 sape
2353 2476 2592 2533 videndo
2633 2478 2936 2535 instructus
2984 2485 3102 2536 erat
3138 2481 3311 2551 signis
3356 2481 3661 2538 monacho-

2013 2577 2155 2631 rum,
2188 2564 2371 2619 innuit
2417 2572 2479 2620 ut
2520 2580 2579 2621 se
2621 2568 2876 2637 juvarent
2904 2568 2990 2623 his
3019 2568 3114 2639 qui
3150 2575 3308 2625 erant
3348 2584 3556 2626 secum.
3596 2571 3665 2626 At
3729 2572 3735 2578 ’

2014 2651 2100 2707 illi
2140 2653 2539 2722 compatientes
2594 2656 2714 2725 ejus
2769 2656 3029 2725 miseria,
3088 2658 3339 2715 ferebant
3393 2674 3518 2716 eum
3568 2658 3669 2715 ubi

2017 2748 2242 2798 sanctus
2308 2743 2528 2812 jacebat
2584 2759 2708 2801 cum
2782 2746 3051 2817 reliquis,
3110 2762 3302 2805 versus
3374 2749 3664 2805 ecclesiam

2016 2832 2203 2887 Sancti
2273 2833 2501 2888 Joannis
2552 2835 2922 2906 evangelista.
2981 2836 3078 2892 Ille
3134 2845 3315 2893 autem
3371 2844 3507 2894 nutu
3565 2851 3663 2894 eos

2016 2922 2234 2988 avertit,
2276 2927 2332 2976 et
2368 2926 2558 2978 versu’s
2594 2925 2907 2993 sepulcrum
2963 2927 3045 2981 ire
3096 2927 3386 2993 convertit,
3428 2931 3491 2982 ut
3526 2926 3665 2983 nulli

2018 3009 2244 3065 dubium
2275 3015 2440 3077 esset,
2473 3026 2505 3066 a
2534 3026 2643 3081 quo
2680 3014 2933 3070 visitatus
2968 3014 3153 3071 fuerit.
3205 3016 3469 3072 Tulerunt
3516 3015 3666 3072 illico

291 3097 630 3158 mercatum,
696 3090 867 3160 aliqlﬂ
931 3090 1250 3157 ι’θιθνδῐυων
1293 3091 1421 3161 (lilia
1477 3090 1763 3146 combusta
1816 3091 2077 3157 eratCet
2105 3099 2483 3169 deposuerunt
2512 3114 2697 3157 coram
2734 3104 2965 3160 tumulo.
3014 3105 3096 3160 lbi
3154 3104 3433 3175 paulisper
3473 3105 3667 3175 jacuit,

291 3181 409 3249 illa,
460 3195 619 3251 quam
676 3194 846 3250 super
896 3180 1059 3237 talem
1115 3190 1326 3251 petram
1382 3179 1631 3235 Christus
1695 3177 1941 3233 fundavit

295 3270 606 3328 ecclesiam.
638 3271 790 3325 lnter
818 3284 960 3340 quos
1015 3270 1287 3327 adductus
1343 3273 1427 3325 est
1482 3268 1705 3339 quidam
1762 3282 1940 3337 puer,

294 3362 544 3429 Rogerus
582 3360 803 3415 nomine
860 3360 1017 3429 cujus
1074 3357 1337 3429 loquendi
1375 3363 1431 3413 et
1486 3355 1746 3412 audiendi
1784 3368 1942 3411 usum

294 3454 668 3506 reservaverat
695 3456 890 3503 natura
938 3449 1115 3504 sancti
1152 3446 1412 3503 Adalardi
1450 3445 1788 3523 _clementia.
1839 3446 1943 3499 Lu-

292 3540 485 3596 stratis
552 3544 813 3609 parentes
884 3537 1102 3593 cateris
1175 3536 1522 3592 orationibus
1585 3540 1941 3600 sanctorum,

293 3628 432 3684 hora
462 3628 637 3698 prima
660 3627 750 3683 die
779 3625 1091 3682 festivitatis
1117 3640 1317 3681 venere
1347 3625 1416 3680 ad
1453 3622 1745 3688 tumulum,
1777 3633 1942 3690 quem

295 3717 485 3773 cinere
540 3730 642 3773 suo
698 3722 922 3772 sanctus
976 3714 1283 3771 Adalardus
1356 3712 1562 3769 fecerat
1618 3709 1940 3781 gloriosum.

296 3810 427 3863 Erat
464 3812 645 3863 autem
676 3806 917 3862 tumulus
957 3805 1014 3860 in
1063 3803 1269 3874 templo
1326 3803 1470 3874 ignis
1527 3802 1748 3858 deserto
1788 3812 1944 3856 com-

296 3897 594 3965 bustione;
654 3910 859 3967 corpus
914 3908 1046 3951 vero
1085 3908 1208 3950 cum
1266 3894 1486 3949 cateris
1542 3889 1947 3948 honorabiliter

298 3987 536 4044 locatum
614 3987 671 4042 in
737 3985 971 4041 ecclesia
1036 3984 1220 4040 Sancti
1283 3982 1510 4039 Joannis
1573 3980 1944 4051 evangelista.

298 4079 470 4133 Orant
496 4076 779 4147 genitores
807 4088 909 4145 pro
939 4088 998 4129 se
1038 4080 1093 4129 et
1124 4086 1225 4143 pro
1256 4072 1391 4138 ﬁlio,
1438 4077 1687 4127 sanctum
1725 4071 1946 4125 Petrum

300 4179 469 4236 sape,
502 4164 707 4235 sapius
744 4170 993 4220 sanctum
1021 4162 1350 4219 Adalardum
1397 4160 1705 4218 invocando
1725 4177 1743 4214 ε
1775 4157 1949 4215 adfuit

302 4261 556 4325 uterque,
599 4254 709 4310 imo
766 4255 910 4309 Deus
964 4258 1194 4323 propter
1248 4258 1563 4321 utrumque.
1603 4251 1747 4306 Puer
1802 4249 1947 4304 enim

304 4350 629 4415 recuperata
665 4342 841 4398 salute
879 4343 1050 4412 capit
1095 4353 1192 4398 eos
1229 4341 1325 4411 qui
1371 4342 1603 4397 aderant
1638 4338 1845 4408 alloqui
1893 4342 1949 4393 et

2024 3189 2201 3243 oravit
2236 3193 2291 3243 et
2330 3189 2611 3245 exoravit:
2674 3191 2930 3247 virtutem
2977 3192 3171 3261 sensit,
3230 3194 3491 3261 surrexit,
3549 3207 3674 3265 gra-

2023 3275 2129 3331 tias
2157 3274 2421 3342 reddidit,
2453 3290 2621 3332 sanus
2649 3281 2901 3335 recessit.

2094 3382 2220 3437 CAP.
2260 3383 2395 3436 Vlll.
2427 3385 2505 3437 De
2532 3383 2955 3439 Ambianensium
2982 3386 3360 3456 indignatione,
3391 3391 3443 3443 et
3469 3388 3595 3444 muti
3624 3393 3673 3445 et

2611 3456 2761 3510 surdi
2789 3457 3077 3513 curatione.

2103 3538 2187 3595 l5.
2228 3539 2560 3596 Adoleverat
2598 3543 2762 3598 etiam
2808 3544 2954 3599 inter
2988 3546 3384 3603 Ambianenses
3430 3552 3486 3603 et
3531 3549 3672 3603 Cor-

2026 3627 2281 3684 beienses
2309 3642 2450 3685 nova
2478 3631 2730 3700 quadam
2758 3633 2975 3704 religio,
3009 3640 3064 3690 et
3102 3649 3171 3690 ex
3228 3635 3496 3707 religione
3524 3635 3674 3706 ‘pul-

2026 3716 2292 3772 lulaverat
2359 3720 2746 3788 consuetudo,
2814 3736 2938 3791 qua
3006 3723 3170 3778 etiam
3222 3724 3674 3794 reciprocabatur

2027 3806 2177 3863 omni
2206 3819 2375 3862 anno.
2410 3807 2628 3863 Octavis
2682 3809 2922 3879 denique
2959 3811 3328 3881 Rogationum
3381 3812 3450 3867 ab
3509 3812 3672 3868 utris-

2028 3908 2136 3965 que
2168 3894 2418 3965 partibus
2444 3898 2878 3954 conveniebatur
2905 3900 2962 3955 in
2994 3914 3199 3957 unum:
3249 3900 3438 3971 ibique
3487 3900 3673 3958 confe-

2030 3984 2295 4040 rebantur
2332 3998 2567 4055 corpora
2615 3992 2950 4045 sanctorum.
3002 3989 3365 4045 Solvebantur
3400 3990 3553 4059 lites,
3603 3990 3674 4047 ad

2028 4086 2219 4145 pacem
2249 4074 2650 4131 revocabantur
2676 4075 2986 4146 discordes,
3018 4078 3371 4136 mutabantur
3398 4093 3430 4135 a
3468 4078 3676 4150 populo

2029 4162 2226 4220 orandi
2253 4162 2421 4219 vices.
2464 4166 2694 4222 Decreta
2742 4167 3029 4238 utriusque
3076 4168 3186 4224 loci
3232 4169 3638 4225 renovabantur
3658 4211 3675 4236 ,

2032 4251 2238 4322 populo
2296 4253 2693 4322 perorabatur,
2752 4255 2944 4325 sicque
3006 4257 3309 4312 redibatur.
3340 4258 3446 4313 Sed
3476 4271 3681 4326 proce-

2029 4343 2194 4398 dente
2218 4347 2487 4411 tempore,
2520 4343 2689 4412 capit
2726 4343 3025 4413 aliquando
3063 4360 3153 4401 res
3200 4346 3320 4415 ipsa
3376 4360 3477 4402 usu
3535 4345 3679 4402 vile-

301 4414 451 4507 Petri
474 4450 732 4520 adeptum
764 4462 906 4505 esse.
938 4450 1003 4503 Et
1050 4448 1428 4520 quidem_per
1483 4461 1547 4502 ea
1601 4452 1850 4520 tempora
1890 4414 2192 4520 idDmano
2223 4447 2562 4520 indignetur,
2596 4449 2745 4519 quod
2775 4450 3003 4505 vicarius
3058 4414 3251 4507 Christi
3304 4455 3354 4507 et
3408 4465 3679 4507 successor

305 4516 998 4593 peculiare'nomenﬂerat
1056 4516 1412 4593 pontiﬁcibus
1470 4517 1750 4593 Romanis.
1808 4516 1941 4593 Epi-

303 4587 459 4664 scopi
490 4594 633 4649 enim
689 4592 880 4648 vicarii
935 4587 1137 4645 Christi
1195 4590 1395 4664 passim
1452 4588 1800 4664 dicebantur,
1838 4587 1948 4664 imo

304 4657 463 4735 reges
503 4665 664 4720 etiam
695 4671 750 4719 et
779 4664 1024 4735 abbates.
1060 4657 1215 4735 Apud
1248 4662 1596 4735 Hincmarum
1627 4659 1683 4735 in
1715 4657 1950 4735 epistola

305 4729 656 4792 ad'Carolum
689 4736 909 4805 pralixa
965 4729 1117 4789 libro
1147 4734 1221 4787 De
1279 4731 1786 4805 pradestinatione,
1830 4729 1951 4805 _epi-

305 4808 463 4877 scopi
494 4800 811 4862 Christi'Dei
839 4807 1007 4860 nostri
1036 4804 1241 4870 vicarii,
1281 4800 1337 4859 et
1374 4804 1430 4857 in
1468 4800 1950 4877 Admonitionibus

306 4880 377 4935 ad
410 4873 741 4934 Ludovicum
770 4877 1072 4933 Germania
1102 4889 1285 4946 regem
1325 4889 1445 4943 cap.
1495 4873 1531 4946 7
1579 4873 1947 4946 appellantng

308 4950 603 5007 Guntarius
666 4962 796 5005 vero
852 4941 1196 5003 Coloniensis
1240 4941 1469 5001 antistes
1498 4945 1553 4999 in
1611 4943 1845 5013 epistola
1882 4941 1951 4997 ad

310 5024 701 5076 lliucmarum:
743 5020 827 5075 Ad
874 5034 965 5073 vos
1002 5019 1229 5089 confugi,
1267 5018 1468 5087 inquit,
1528 5015 1613 5089 qui
1678 5014 1773 5068 Dei
1819 5013 1954 5089 _estis

309 5094 559 5148 uicarius.
601 5091 751 5147 ldcm
781 5091 1015 5161 elogium
1048 5085 1252 5145 saculo
1308 5085 1414 5161 xi1_
1438 5088 1732 5161 Guibertus
1767 5085 1956 5161 abbas

310 5163 719 5221 Gemblaccnsis
764 5157 958 5217 tribuit
1010 5162 1265 5230 Philippo
1322 5158 1637 5215 Coloniensi
1692 5157 1956 5230 episcopo

316 5250 426 5291 non
465 5235 634 5290 semel
665 5235 719 5289 in
758 5233 1009 5303 epistolis
1037 5228 1169 5287 mss.
1198 5228 1253 5286 in
1293 5244 1521 5303 quarum
1570 5228 1955 5303 unauhacle-

315 5309 464 5378 gitur
491 5299 1156 5378 inscriptioEEacolendo
1214 5301 1621 5378 Patﬁ,__vicario
1661 5299 1854 5356 Christi
1910 5302 1958 5353 et

317 5372 537 5451 bjficiali
565 5372 786 5451 catastis
810 5374 950 5451 aula:
988 5373 1254 5451 clavigeri,
1285 5372 1544 5451 Philippo,
1578 5380 1709 5451 e_tc.,
1742 5378 1795 5425 et
1825 5383 1958 5451 san-

317 5441 442 5505 c't'us
468 5449 779 5504 Bernardus
807 5447 863 5501 iu
892 5441 1144 5502 sermone
1207 5445 1228 5497 1
1272 5444 1341 5499 de
1394 5441 1728 5499 AScensione
1768 5441 1963 5511 prala-

2030 4518 2384 4601 apostolorum
2417 4518 2745 4601 nominatur.
2804 4524 2938 4601 Cum
2978 4534 3178 4578 nomen
3225 4522 3372 4601 istud
3398 4524 3677 4601 quondam

2029 4593 2154 4645 aliis
2183 4593 2808 4664 episcopiscommune,
2868 4596 3007 4649 citra
3061 4596 3428 4664 arrogantiam
3481 4596 3533 4650 ei
3587 4607 3678 4650 re-

2031 4665 2235 4734 servari
2268 4663 2528 4731 potuerit,
2589 4665 2669 4718 uti
2726 4671 2781 4719 et
2838 4679 2993 4734 papa
3048 4663 3373 4721 vocabulum
3429 4673 3675 4734 aptatum

2032 4740 2135 4788 est.
2167 4732 2247 4787 Ab
2285 4747 2351 4788 eo
2382 4741 2630 4802 tempore
2659 4732 2855 4790 summi
2896 4732 3183 4805 pontiﬁces
3220 4737 3406 4792 vicarii
3443 4732 3671 4803 Christi;

2033 4805 2278 4873 episcopi
2309 4805 2604 4873 aliquando
2634 4807 2820 4860 vicarii
2846 4807 3015 4861 sancti
3042 4809 3184 4862 Petri
3230 4809 3363 4863 dicti
3414 4816 3562 4874 sunt,
3615 4814 3676 4863 ut

2034 4882 2184 4945 patet
2212 4877 2267 4929 in
2300 4877 2443 4931 Petri
2476 4878 2746 4931 Blesensis
2773 4879 3005 4946 epistola
3051 4879 3168 4945 148,
3202 4887 3257 4935 et
3294 4880 3350 4934 in
3382 4881 3527 4935 Petri
3556 4879 3677 4935 Cel-

2034 4948 2203 5020 lensis
2241 4947 2337 5020 lib.
2400 4963 2515 5020 vm,
2557 4948 2790 5017 epistola
2826 4950 2879 5004 7.
2911 4954 2979 5005 At
3026 4951 3132 5007 hoc
3171 4951 3393 5020 quidem
3441 4951 3678 5006 vocabu-

2037 5018 2145 5093 lum
2177 5018 2454 5093 episcopis
2484 5020 2889 5093 tributumest,
2946 5035 3057 5077 non
3104 5018 3210 5078 tam
3250 5023 3555 5079 communis
3583 5036 3680 5093 ap-

2038 5089 2351 5159 pellationis
2381 5104 2543 5144 causa
2572 5105 2733 5161 quam
2764 5092 3010 5148 honoris.

2043 5232 2054 5243 .
2112 5160 2215 5232 (45)
2250 5164 2362 5215 lmo
2404 5163 2587 5243 potius
2615 5176 2759 5243 anno
2790 5165 3079 5243 millesimo
3126 5165 3391 5243 vicesimo
3441 5166 3636 5236 quinto
3664 5207 3677 5231 ,

2040 5234 2095 5315 in
2128 5247 2289 5300 quem
2321 5234 2654 5315 conveniunt
2692 5248 2884 5290 omnes
2933 5236 3341 5315 chronologica
3370 5234 3537 5302 nota,
3573 5250 3681 5292 non

2040 5306 2349 5378 incanum
2380 5306 2463 5378 _in
2520 5311 2669 5359 textu
2708 5320 3047 5378 expressum,
3090 5306 3489 5377 quo’Joannes
3546 5322 3683 5378 papa

2043 5375 2154 5448 XX,
2182 5375 2557 5448 Conraduset
2593 5375 2896 5433 Rotbertus
2942 5375 3213 5434 obierant.
3258 5381 3474 5435 Festum
3521 5375 3686 5448 hujus

2044 5446 2366 5518 elevationis
2420 5446 2741 5502 solemniter
2777 5449 3074 5518 quotannis
3128 5450 3375 5507 Corbeia
3432 5446 3684 5508 celebra-

319 5528 407 5577 tos
434 5533 686 5590 quosque
715 5518 917 5575 Christi
945 5513 1470 5590 vicariosgappellat.
1489 5515 1648 5590 _ilinc
1686 5513 1965 5590 colligitur
2048 5524 2138 5573 tur
2165 5516 2255 5573 die
2294 5517 2507 5573 decima
2534 5513 2810 5576 Octobris:

318 5583 483 5661 quam
521 5583 797 5647 iminerito
842 5588 1127 5647 Cervasius
1177 5583 1534 5642 Tilberiensis
1580 5583 1827 5655 pontiﬁci
1856 5584 1966 5639 Ro-
