4056 6150
473 279 600 334 1071

1517 283 1571 332 S.
1612 276 1902 332 GERALDI
1941 273 2220 329 ABBATIS
2257 273 2770 330 SILVE-MAJORIS

3716 268 3850 323 1072

465 419 646 472 scere,
686 410 742 462 et
798 405 1156 462 irreverentia
1223 405 1338 459 fleri
1393 418 1460 459 ex
1514 404 1680 458 multa
1738 399 2560 458 veneratione.Alntendebant
2590 413 2780 455 omnes
2807 401 2862 454 in
2893 415 3038 466 eum,
3080 403 3197 470 ipse
3226 407 3407 458 autem
3440 403 3496 456 in
3527 401 3848 456 neminem:

467 497 706 564 Uterque
745 496 791 550 si
825 496 1045 565 quidem
1085 507 1248 549 sexus
1287 493 1571 547 cachinnis
1601 496 1656 545 et
1685 491 1896 545 lusibus
1925 490 2110 543 inten-

467 583 621 649 dere,
655 584 829 639 ordiri
861 585 1109 649 choreas,
1172 588 1226 636 et
1265 582 1633 636 irreverenter
1669 594 1859 650 agere:
1922 584 1977 632 et
2031 577 2113 632 sic

469 687 608 741 pene
647 686 838 727 omnes
868 685 1099 740 corpora
1129 677 1441 725 sanctorum
1485 669 1782 739 negligere.
1825 665 2114 735 Displicuit

467 774 558 815 res
595 761 687 815 illa
719 760 898 825 bonis,
926 767 980 814 et
1011 759 1241 814 maxime
1273 757 1576 813 monachis.

545 849 624 903 16.
667 851 906 902 Prmerat
936 849 1105 903 abbas
1135 847 1444 902 Richardus
1473 847 1743 911 Corbeize,
1785 845 1955 900 abbas
2004 845 2111 899 uti-

465 953 571 1008 que
602 938 777 992 beataa
820 938 1140 993 memoria:
1200 935 1293 1006 qui
1351 951 1475 991 cum
1515 936 1644 990 talia
1683 935 1800 989 fieri
1858 939 2111 990 cerneret

463 1025 712 1094 pluribus
741 1026 919 1092 annis,
978 1025 1275 1095 aliquando
1335 1038 1454 1079 cum
1517 1024 1830 1093 processuri
1883 1029 2105 1088 essent,

459 1113 721 1169 fratribus
751 1116 1103 1170 convocatis:
1160 1135 1186 1163 ς(
1233 1115 1439 1180 Timeo,
1499 1114 1698 1182 inquit,
1759 1118 1979 1172 sanctos
2013 1112 2107 1180 qui

2197 487 2293 542 sed
2324 488 2503 542 stabat
2535 489 2848 556 percutiens
2876 499 3088 558 pectus,
3114 496 3168 544 et
3200 490 3524 546 exosculans
3554 489 3849 544 feretrum.

2195 576 2432 630 Tandem
2459 577 2700 644 respexit
2739 591 2861 632 eum
2893 577 3074 632 divina
3105 578 3416 645 clementia,
3460 585 3518 632 ut
3571 593 3672 647 per
3724 592 3849 631 eum

2194 672 2498 720 ostentaret
2552 667 2726 720 sancti
2787 665 3124 722 confessoris
3178 670 3262 722 sui
3323 668 3534 723 merita.
3598 670 3849 735 Cumque

2195 754 2474 823 paulisper
2501 754 2556 808 in
2587 769 2645 809 se
2684 755 2948 810 sensisset
2978 756 3229 811 virtutem
3283 757 3398 822 Dei,
3450 756 3540 810 diu
3587 756 3854 810 multum-

2193 857 2299 911 que
2331 843 2571 898 oscitans
2596 845 2764 912 coepit
2795 844 2849 898 in
2879 859 3066 900 vocem
3119 845 3300 900 inniti.
3343 845 3595 899 Movebat
3644 844 3854 899 multos

2193 931 2260 985 ad
2319 932 2598 1002 pietatem,
2652 933 2838 1003 plures
2893 935 3054 989 etiam
3123 949 3296 1005 usque
3352 934 3420 988 ad
3482 934 3850 1004 lacrymarum

2192 1022 2531 1078 effusionem.
2566 1023 2717 1078 Totis
2745 1030 2926 1078 autem
2964 1024 3172 1078 viribus
3220 1025 3274 1078 in
3333 1037 3523 1078 vocem
3585 1024 3814 1077 enitens
3837 1067 3852 1088 ,

2192 1112 2387 1165 iterum
2420 1125 2518 1180 per
2547 1125 2726 1178 nares,
2755 1126 2854 1180 per
2882 1126 2964 1177 os,
3008 1119 3063 1167 et
3114 1128 3213 1182 per
3255 1127 3417 1167 aures
3461 1114 3852 1181 expectoravit

459 1205 640 1260 solent
678 1203 810 1259 ferri
851 1203 1150 1260 offendere.
1195 1204 1404 1258 Videtis
1463 1203 1606 1258 enim
1663 1201 1894 1272 singulis
1950 1202 2108 1257 annis
2189 1201 2472 1270 sanguinis
2502 1201 2745 1267 ﬂuvium,
2777 1201 2873 1270 qui
2921 1208 3096 1258 totum
3139 1203 3392 1272 guttatim
3451 1203 3726 1271 respersit
3776 1203 3853 1257 fe—

459 1301 723 1362 quantum
755 1293 850 1348 fiat
877 1293 958 1348 eis
987 1293 1383 1348 irreverentiaa.
1426 1291 1531 1346 Sed
1571 1291 1617 1346 si
1656 1291 1813 1346 vobis
1849 1290 2103 1356 videtur,
2190 1295 2418 1344 retrum.
2463 1291 2529 1344 Et
2579 1291 2660 1344 sic
2717 1291 2913 1346 emissa
2967 1305 3122 1354 voce,
3181 1293 3364 1361 erupit
3417 1293 3475 1346 in
3534 1291 3646 1346 hoc
3697 1291 3850 1360 quod

459 1382 516 1436 in
556 1381 833 1437 cubilibus
885 1382 1000 1436 suis
1060 1382 1407 1451 requiescere
1446 1381 1715 1435 sinantur.
1757 1410 1827 1420 —
1853 1381 1974 1434 Non
2030 1380 2105 1433 ita
2191 1378 2342 1446 prius
2379 1378 2617 1445 volebat,
2650 1385 2704 1434 et
2733 1392 2843 1435 non
2885 1386 3101 1449 poterat
3147 1379 3431 1449 proferre:
3472 1399 3499 1429 «
3531 1382 3705 1445 Deus,
3757 1379 3854 1433 ad-

459 1477 701 1539 oportet,
735 1471 994 1540 inquiunt
1030 1469 1248 1537 fratres,
1291 1471 1418 1539 quia
1448 1469 1666 1525 venturi
1714 1483 1836 1523 cum
1883 1469 2017 1534 suis,
2058 1467 2104 1522 si
2183 1467 2308 1534 juva
2339 1479 2446 1530 ine,
2470 1467 2747 1536 inquiens,
2772 1474 2826 1523 et
2841 1473 2928 1535 tu,
2953 1473 3140 1523 sancte
3170 1468 3479 1523 Adalarde!
3517 1487 3541 1515 ι
3580 1469 3720 1522 Haec
3751 1467 3852 1521 fuit

459 1573 562 1615 nos
591 1559 751 1613 aliter
788 1559 1213 1626 occurrerimus,
1253 1559 1528 1628 superbiae
1585 1558 1926 1628 deputabunt
1980 1560 2104 1612 Am-
2188 1554 2362 1622 prima
2390 1569 2494 1610 vox
2523 1563 2847 1626 recuperata
2877 1557 3090 1612 salute:
3144 1558 3440 1626 statimque
3493 1570 3694 1612 omnes
3726 1571 3853 1611 cur-

457 1647 770 1703 bianenses.
791 1677 863 1686 —
884 1648 1022 1714 Fiat,
1055 1647 1235 1717 inquit
1263 1648 1452 1714 abbas,
1493 1647 1637 1702 sicut
1666 1648 1822 1702 vobis
1850 1645 2098 1704 videtur:
2187 1655 2332 1712 rere,
2364 1649 2419 1698 et
2455 1644 2574 1713 ipse
2605 1645 2774 1714 cmpit
2806 1647 2892 1700 vix
2939 1645 3246 1700 subsistens
3295 1645 3452 1715 quasi
3487 1645 3682 1700 ebrius
3735 1644 3851 1698 tali-

457 1735 554 1790 sed
585 1736 630 1790 si
661 1735 845 1803 vultis,
885 1741 1132 1790 sanctum
1171 1736 1498 1792 Adalardum
1551 1735 1780 1802 deferte,
1814 1735 1942 1805 quia
1982 1730 2170 1789 nul-B
2191 1731 2412 1802 pedare.
2456 1733 2561 1788 Sed
2589 1734 2855 1803 recipitur
2883 1739 2938 1789 et
2975 1735 3174 1790 leniter
3202 1748 3412 1790 sessum
3444 1735 3848 1804 componitur:

457 1824 545 1878 lus
564 1824 795 1880 aliorum
826 1825 1262 1880 circumferetur.
1291 1847 1316 1874 »
1341 1827 1425 1880 Fit
1464 1833 1640 1880 ratum
1669 1825 1817 1894 quod
1844 1827 2102 1893 jusserat;

459 1925 620 1967 nemo
678 1914 884 1983 quippe
942 1914 1322 1968 contradicere
1377 1919 1622 1983 poterat,
1682 1914 1792 1968 imo
1849 1915 1993 1968 Deus
2032 1914 2106 1968 ita

458 2001 843 2071 disposuerat:
896 2002 1087 2071 sicque
1135 2009 1358 2058 sanctus
1401 2002 1728 2069 Adalardus,
1770 2002 1927 2071 quasi
1965 2002 2109 2057 indi-

457 2092 619 2161 gnior
648 2092 887 2158 caeteris,
920 2092 1128 2160 excipit
1175 2092 1450 2161 injuriam,
1511 2105 1671 2160 quam
1729 2104 1829 2160 pro
1890 2092 2109 2147 caneris

451 2181 639 2248 jussus
695 2185 833 2235 erat.
907 2181 1098 2234 Exitur
1135 2180 1204 2234 ad
1272 2180 1721 2250 processionem:
1783 2179 2002 2235 venitur
2038 2179 2106 2234 ad

457 2275 716 2322 statutam
765 2268 1126 2323 indictionem
1183 2268 1314 2339 (46).
1370 2272 1679 2324 Occurrunt
1716 2268 2108 2324 Ambianenses

459 2372 578 2412 cum
610 2364 804 2412 sancto
845 2357 1108 2424 Firmino,
1150 2358 1515 2413 Corbeienses
1561 2372 1683 2412 cum
1731 2364 1922 2412 sancto
1967 2359 2108 2412 Ada-

458 2444 652 2502 lardo:
688 2453 857 2514 utque
907 2446 1066 2500 simul
1111 2447 1458 2515 perveniunt,
1492 2446 1822 2514 antiphonas
1851 2460 1917 2500 ex
1955 2460 2106 2501 more

457 2533 766 2603 imponunt.
799 2534 1116 2589 Subsistunt
1153 2549 1220 2589 ex
1249 2540 1480 2604 utraque
1521 2541 1696 2603 parte,
1730 2539 1784 2589 et
1813 2538 1974 2590 orant
2003 2535 2109 2590 de-

459 2623 571 2678 bita
602 2623 909 2693 religione:
943 2623 1040 2678 sed
1073 2639 1138 2699 ex
1178 2623 1328 2678 brevi
1379 2623 1684 2693 ignorantia
1726 2625 1950 2694 grandis
2000 2625 2107 2679 ali-

457 2712 679 2782 quando
709 2713 1015 2781 acquiritur
1038 2712 1233 2781 gratia.
1267 2713 1511 2767 Fuerunt
1541 2714 1685 2767 enim
1715 2711 1884 2782 aliqui
1918 2713 2108 2768 feren-

458 2808 542 2856 tes
571 2801 818 2872 indigne,
851 2801 1007 2871 quasi
1037 2801 1292 2857 monachi
1339 2807 1570 2857 cmteras
1619 2808 1933 2856 sanctorum
1984 2802 2105 2858 reli-

459 2889 663 2959 quias,
739 2890 915 2944 sancti
972 2891 1119 2945 Petri
1185 2889 1400 2945 scilicet
1465 2897 1520 2945 et
1571 2892 1747 2946 sancti
1804 2890 2054 2946 Gentiani
2088 2933 2102 2957 ,

459 2977 741 3046 dedignati
771 2976 1003 3031 fuissent
1032 2977 1164 3032 illuc
1212 2976 1448 3032 deferre.
1490 2979 1700 3032 Revera
1757 2982 1937 3032 tamen
1996 2992 2106 3033 non

2187 1819 2595 1891 interrogatur;
2629 1823 2884 1878 virtutem
2914 1822 2972 1877 in
3010 1837 3069 1876 se
3110 1821 3306 1877 factam
3339 1822 3679 1892 exponendo
3723 1835 3852 1877 eon-

2188 1909 2393 1965 ﬁtetur.
2425 1912 2665 1966 Laetatur
2690 1918 2922 1981 uterque
2961 1911 3216 1981 populus,
3255 1917 3309 1967 et
3354 1910 3605 1967 referunt
3653 1911 3850 1966 laudes

2189 2008 2422 2069 uterque
2451 2000 2590 2056 ordo
2622 2006 2679 2056 et
2718 2015 2902 2057 sexus.
2956 2000 3116 2056 Nulla
3163 2000 3368 2056 insidet
3415 2001 3722 2065 dubitatio,
3758 2000 3849 2055 ubi

2190 2095 2370 2144 tamen
2401 2087 2687 2144 manifesta
2718 2088 2859 2144 facta
2890 2095 2973 2143 est
3012 2089 3247 2144 curatio.
3287 2091 3417 2144 Erat
3443 2102 3580 2144 sane
3612 2089 3847 2144 maxima

2190 2178 2446 2232 materies
2475 2177 2758 2243 credendi,
2802 2189 3037 2247 persona
3083 2177 3342 2234 videlicet
3378 2177 3516 2247 ipsis
3555 2193 3685 2233 cum
3718 2179 3850 2247 qui—

2190 2266 2293 2321 bus
2349 2272 2575 2322 venerat
2627 2266 3087 2321 Ambianensibus
3142 2271 3295 2333 nota,
3363 2281 3487 2336 qua:
3550 2273 3847 2336 receperat

2189 2369 2342 2410 usum
2376 2354 2639 2425 loquendi
2671 2362 2726 2410 et
2763 2355 3042 2410 audiendi.
3085 2355 3204 2424 Ipse
3257 2369 3478 2425 quoque
3530 2355 3807 2411 Roculfus
3829 2399 3843 2423 ,

2189 2445 2346 2513 cujus
2397 2449 2515 2498 erat
2561 2443 2830 2510 minister,
2880 2443 3252 2500 testimonium
3302 2444 3633 2514 perhibebat
3671 2444 3848 2499 ﬁdeli-

2188 2538 2292 2588 ter.
2325 2535 2466 2588 Deus
2495 2532 2660 2588 etiam
2715 2535 2811 2602 qui
2867 2531 3072 2588 fecerat
3129 2534 3473 2601 miraculum,
3534 2535 3846 2604 reliquerat

2187 2621 2412 2676 evidens
2439 2621 2702 2676 credendi
2732 2621 2984 2691 signum:
3037 2628 3093 2677 et
3129 2622 3353 2693 sanguis
3407 2623 3503 2692 qui
3561 2637 3848 2692 resperse-

2189 2718 2274 2766 rat
2312 2710 2594 2778 feretrum,
2643 2711 2711 2765 ab
2751 2712 2992 2767 omnium
3038 2711 3301 2767 cordibus
3348 2711 3676 2782 extergebat
3726 2712 3848 2767 inli-

2190 2799 2432 2854 delitatis
2469 2812 2759 2854 venenum.

2267 2887 2349 2943 18.
2381 2888 2521 2956 Ipsis
2559 2889 2724 2943 etiam
2770 2888 3214 2944 Ambianensium
3243 2887 3464 2945 clericis
3491 2903 3662 2958 quam
3695 2898 3847 2945 certa

2195 2991 2284 3031 res
2311 2976 2476 3031 fuerit
2512 2977 2642 3031 hinc
2681 2977 3061 3047 perpenditur,
3095 2977 3240 3047 quod
3282 2978 3349 3032 ab
3397 2991 3508 3033 uno
3549 2992 3751 3034 eorum
3793 2981 3845 3034 in

463 3071 582 3119 erat
612 3065 872 3120 omissum
912 3065 1019 3120 alio
1051 3080 1117 3120 ex
1160 3066 1416 3129 consilio,
1456 3066 1583 3131 nisi,
1625 3071 1684 3121 ut
1723 3066 2103 3136 praescriptum
2127 3051 2606 3122 Geminentiorem
2670 3065 2851 3122 locum
2909 3067 3088 3122 statim
3146 3066 3482 3134 ascenditur,
3523 3074 3584 3122 et
3623 3067 3696 3123 de
3729 3069 3846 3138 ipsa

463 3160 566 3219 est,
601 3165 700 3220 pro
748 3152 1106 3206 irreverentia
1153 3167 1276 3221 quae
1307 3153 1472 3208 fiebat
1509 3153 1590 3207 eis
1635 3167 1665 3207 a
1724 3154 1947 3222 populo.
1999 3155 2104 3210 Sed

463 3241 618 3296 multi
649 3240 816 3295 multa
870 3241 1192 3310 loquuntur,
1225 3241 1352 3295 dum
1391 3241 1630 3310 qualiter
1675 3257 1734 3297 se
1774 3257 1863 3297 res
1909 3243 2105 3298 habeat

460 3347 490 3384 a
526 3329 712 3385 multis
740 3329 1004 3383 nescitur.
1037 3329 1284 3384 Monachi
1342 3329 1528 3398 itaque
1586 3337 1777 3386 sancto
1833 3331 2104 3387 Adalardo

463 3419 713 3474 cominus
747 3417 1008 3472 decenter
1037 3417 1238 3483 locato,
1298 3431 1362 3472 ea
1419 3431 1526 3487 qua
1583 3417 1788 3473 debent
1821 3419 2104 3489 diligentia

465 3509 728 3562 assistunt
759 3513 991 3576 patrono
1020 3496 1141 3562 suo.
1176 3506 1419 3576 Populus
1456 3507 1807 3563 Corbeiensis
1858 3524 1924 3563 ex
1955 3523 2105 3565 more

463 3599 595 3666 agit,
628 3603 876 3652 sanctum
919 3596 1214 3651 Firminum
1247 3597 1568 3652 muneribus
1606 3597 1796 3664 donat,
1857 3599 2105 3654 oratione

461 3687 619 3756 petit.
651 3689 883 3741 Sanctus
919 3686 1224 3740 Adalardus
1283 3685 1496 3754 positus
1551 3700 1581 3741 e
1637 3688 1862 3756 regione
1894 3701 2002 3743 non
2043 3702 2105 3743 ea

461 3774 914 3844 frequentabatur
961 3787 1067 3843 qua
1125 3774 1324 3844 dignus
1354 3781 1471 3829 erat
1501 3777 1873 3831 veneratione.
1934 3779 2104 3832 Nemo

459 3863 603 3932 apud
644 3877 767 3917 eum
807 3862 1018 3926 orabat,
1051 3876 1210 3916 nemo
1251 3862 1457 3932 aliquid
1498 3863 1565 3918 ab
1608 3877 1674 3920 eo
1732 3864 1988 3932 petebat:
2051 3872 2106 3919 et

460 3961 639 4008 tamen
671 3951 913 4006 nondum
947 3953 1151 4020 petitus
1172 3953 1282 4021 jam
1314 3953 1445 4008 dare
1485 3953 1833 4022 disponebat.

537 4040 620 4093 17.
661 4042 781 4095 Non
814 4041 940 4094 tulit
978 4041 1162 4109 itaque
1220 4041 1483 4096 Dominus
1539 4042 1903 4111 dejectionem
1960 4045 2103 4100 servi

459 4129 565 4196 sui,
597 4129 694 4184 sed
721 4142 820 4198 per
857 4129 1141 4197 cujusdam
1189 4129 1580 4184 revelationem
1628 4132 1810 4186 statim
1860 4133 2103 4189 ostendit

459 4217 828 4286 praesentibus
857 4217 1045 4286 quanti
1087 4223 1272 4271 essent
1327 4217 1473 4286 apud
1530 4233 1588 4273 se
1647 4219 1847 4274 meriti.
1891 4221 2105 4276 Exalta—

457 4309 534 4363 vit
561 4307 796 4362 electum
825 4320 1002 4373 suum,
1035 4314 1090 4361 et
1119 4306 1482 4376 magnificavit
1520 4322 1633 4376 prae
1672 4309 1946 4377 omnibus,
2005 4312 2098 4380 qui

456 4396 624 4451 delati
671 4395 887 4451 fuerant
950 4402 1075 4450 ante
1115 4410 1259 4452 eum.
1317 4396 1545 4462 Quidam
1602 4397 1747 4452 enim
1805 4399 2101 4455 Retbertus

462 4484 530 4556 [Ι.
589 4484 944 4556 Rotbertus],
1001 4485 1146 4540 sicut
1197 4486 1440 4541 monitus
1496 4493 1614 4541 erat
1654 4488 1710 4542 in
1750 4489 1980 4556 somnis,
2015 4504 2103 4545 ve-

455 4574 614 4629 niens
642 4588 764 4629 cum
793 4574 1238 4629 Ambianensium
1286 4574 1514 4643 populo,
1574 4576 1826 4632 minister
1882 4579 2099 4634 scilicet

453 4663 737 4734 cujusdam
801 4662 1011 4718 Roculfi
1079 4677 1146 4718 ex
1211 4670 1391 4718 castro
1456 4663 1726 4732 Aliniaco,
1785 4666 2099 4725 videntibus

449 4753 665 4809 cunctis
686 4754 840 4822 juxta
871 4750 1130 4807 feretrum
1161 4753 1329 4821 ccepit
1360 4766 1540 4820 orare,
1574 4760 1627 4808 et
1679 4769 1744 4810 eo
1792 4759 2058 4812 attentius
2080 4799 2094 4823 ,

450 4843 578 4913 quia
624 4841 866 4912 privatus
895 4846 1013 4896 erat
1071 4842 1294 4897 omnino
1343 4841 1531 4898 auditu
1581 4851 1636 4896 et
1673 4857 1827 4900 voce.
1883 4846 2098 4902 Suffun-

451 4932 686 4987 debatur
735 4930 1096 5000 lacrymarum
1153 4930 1348 4998 imbre,
1409 4931 1751 5001 exprimebat
1805 4935 2010 5003 gemitu
2042 4943 2096 4991 et

450 5021 649 5090 capitis
676 5026 812 5076 nutu
842 5018 989 5088 quod
1021 5019 1284 5088 nequibat
1319 5033 1474 5087 voce,
1506 5021 1661 5089 quasi
1709 5029 1956 5078 sanctum
1987 5025 2094 5080 sibi

450 5110 855 5180 colloquentem
917 5108 1151 5176 videret,
1184 5109 1258 5163 ita
1314 5116 1580 5179 appetens
1625 5110 1846 5181 loquaci
1900 5115 2088 5170 corde.

2189 3169 2247 3210 re
2287 3161 2342 3209 et
2371 3155 2440 3209 de
2471 3155 2689 3209 caeteris
2717 3154 3114 3226 aliquantisper
3133 3155 3203 3210 ad
3233 3154 3494 3225 populum
3519 3167 3844 3224 peroratur.

2188 3244 2448 3298 lnsonant
2503 3256 2666 3298 voces
2723 3243 2903 3314 digna:
2972 3243 3171 3310 laudis,
3217 3245 3526 3313 crescitque
3573 3245 3847 3301 tumultus

2187 3338 2354 3386 tantae
2413 3331 2784 3387 exultationis.
2849 3333 2932 3388 Fit
2988 3332 3391 3388 inaccessibilis
3442 3333 3596 3387 circa
3637 3347 3848 3404 corpus

2189 3417 2519 3489 frequentia,
2582 3418 2884 3476 funduntur
2935 3435 3148 3490 preces,
3209 3419 3512 3476 offeruntur
3570 3435 3843 3485 munera,

2188 3509 2490 3578 imponitur
2527 3510 2646 3565 laus
2697 3513 2764 3564 Te
2818 3512 2983 3565 Deum
3021 3509 3315 3574 laudamus,
3351 3517 3617 3579 personat
3657 3513 3720 3566 in
3781 3525 3845 3567 eo

2189 3603 2421 3666 uterque
2471 3599 2607 3654 ordo
2664 3606 2720 3653 et
2757 3613 2954 3654 sexus:
2997 3598 3188 3668 sicque
3226 3606 3449 3654 sanctos
3505 3601 3577 3654 ab
3637 3601 3843 3670 injuria

2187 3686 2426 3741 vindicat
2484 3695 2708 3742 sanctus
2743 3686 3066 3754 Adalardus,
3108 3701 3271 3756 quam
3310 3700 3409 3756 pro
3450 3688 3531 3742 eis
3582 3689 3844 3757 accipere

2187 3773 2365 3830 fuerat
2396 3775 2612 3831 missus.

2258 3865 2443 3920 Rebus
2499 3865 2683 3935 itaque
2731 3865 3053 3935 compositis
3108 3865 3338 3922 solvitur
3395 3872 3731 3934 conventus,
3793 3877 3844 3924 et

2187 3953 2404 4008 orditur
2439 3953 2759 4009 monachica
2799 3954 3100 4023 processio,
3164 3953 3400 4010 refertur
3435 3955 3504 4010 ad
3555 3957 3842 4025 propriam

2185 4042 2369 4098 sedem
2403 4063 2414 4097 :
2449 4050 2713 4111 sequente
2752 4044 2914 4098 etiam
2957 4043 3402 4098 Ambianensium
3459 4045 3696 4113 populo.
3739 4047 3842 4100 Re-

2185 4131 2462 4200 spondent
2527 4131 2702 4200 campi
2770 4132 2826 4186 in
2892 4132 3012 4200 ejus
3074 4131 3273 4187 laude:
3333 4135 3652 4188 occurritur
3709 4135 3761 4188 ei
3812 4149 3840 4188 a

2184 4220 2380 4274 vicinis
2407 4219 2572 4289 digna
2609 4221 2984 4275 veneratione.
3015 4219 3243 4286 Quidam
3273 4235 3402 4276 vero
3443 4235 3511 4276 ex
3549 4223 3842 4278 monachis

2187 4315 2498 4378 przeeuntes
2535 4308 2603 4363 ad
2644 4309 2952 4376 ecclesiam,
2996 4308 3134 4364 albis
3182 4315 3236 4364 et
3276 4311 3466 4378 cappis
3495 4310 3681 4366 induti
3717 4327 3838 4368 cum

2186 4397 2414 4467 reliquis
2467 4403 2782 4452 sanctorum
2839 4397 3162 4467 pignoribus
3201 4399 3451 4453 exierunt
3491 4400 3542 4453 ei
3594 4400 3836 4456 obviam.

2182 4489 2425 4556 Cumque
2483 4485 2642 4541 simul
2682 4485 2970 4541 ecclesiam
3027 4486 3400 4556 hymnizantes
3455 4489 3836 4556 repetissent,

2183 4582 2238 4630 et
2275 4589 2478 4644 corpus
2535 4576 2710 4630 sancti
2741 4574 2996 4629 Adalardi
3051 4589 3219 4644 super
3267 4575 3436 4629 altare
3470 4578 3836 4644 posuissent,

2183 4667 2380 4720 iterum
2420 4664 2512 4720 ille
2551 4665 2647 4734 qui
2677 4670 2899 4720 sanatus
2937 4663 3116 4719 fuerat
3153 4671 3280 4720 ante
3320 4678 3524 4734 corpus
3582 4667 3643 4721 in
3688 4673 3840 4738 pavi-

2181 4760 2366 4808 mento
2396 4767 2454 4808 se
2494 4760 2870 4822 prosternens,
2921 4753 3125 4822 gratias
3163 4751 3454 4820 referebat,
3507 4759 3837 4826 sanguinem

2180 4855 2371 4896 I'UI'SUS
2407 4856 2506 4911 per
2543 4855 2723 4907 aures,
2782 4855 2881 4910 per
2937 4855 2998 4896 OS
3038 4847 3092 4896 θῐ
3152 4856 3251 4912 per
3315 4855 3476 4896 nares
3545 4845 3836 4902 emittens.

2177 4933 2419 4987 Resonat
2457 4937 2572 4986 tota
2609 4929 2844 4986 ecclesia
2902 4931 3129 4986 vocibus
3184 4931 3507 5002 gavisoriis:
3574 4948 3746 4991 nemo
3785 4937 3835 4992 in

2178 5036 2241 5076 ea
2273 5026 2510 5076 cessata
2541 5018 2794 5074 laudibus
2825 5024 2881 5074 et
2927 5019 3164 5089 hymnis.
3216 5020 3327 5075 Nec
3375 5021 3658 5078 immerito
3683 5041 3700 5087 ;
3744 5025 3834 5080 tali

2177 5111 2322 5167 enim
2359 5111 2570 5166 honore
2609 5109 2809 5181 dignus
2841 5115 2943 5177 est,
2966 5110 3058 5179 qui
3081 5109 3341 5166 honorari
3364 5109 3675 5180 dignatura
3697 5115 3830 5170 Deo.

521 5282 626 5354 (46)
669 5284 846 5340 Locus
879 5281 1147 5337 hactenus
1175 5285 1401 5337 vocatur
1429 5280 1723 5349 Indictum,
1755 5280 1988 5348 Lendicl,
2022 5279 2205 5338 medio
2235 5281 2432 5337 itinere
2463 5281 2609 5337 inter
2645 5280 3030 5337 Ambianorum
3063 5279 3251 5334 urbem
3282 5279 3683 5336 etﬂorbeiam.
