4056 6150
229 299 365 356 1073

967 304 1310 360 MIRACULA
1349 303 1403 359 S.
1444 305 1780 379 ADALARDI
1817 307 1965 363 ABB.
2006 306 2462 366 CORBEIENSIS.
2500 337 2572 351 —
2608 310 2737 366 LIB.
2777 310 2846 365 ll.

3461 310 3599 367 1074

997 452 1324 538 LIBER
1392 452 1953 541 SECUNDUS
2017 456 2825 545 MIRACULORUM

1326 599 1629 684 Scriptus
1657 601 1736 667 ab
1764 621 2094 688 anonymo
2121 605 2348 668 seaculi
2381 606 2509 670 XII

682 724 1029 780 PROLOGUS
1064 726 1413 781 AUCTORIS.

304 831 359 886 1.-
395 831 637 887 Virtutes
690 834 742 885 et
794 829 1076 895 miracula,
1110 830 1311 899 quibus
1358 832 1413 886 in
1462 833 1719 901 prasenti
1749 845 1874 887 san-

226 907 347 959 ctos
403 916 534 958 suos
591 902 868 956 illustrare
937 901 1196 972 dignatur
1265 903 1605 972 operationis
1670 904 1871 959 divina

228 975 514 1044 potentia,
574 973 794 1043 quoties
850 980 1154 1042 apparent,
1215 972 1439 1044 dignum
1503 981 1586 1029 est
1634 976 1875 1043 posteris

227 1045 601 1101 transmittere
649 1044 957 1099 litterarum
1016 1044 1212 1100 notitia
1247 1064 1259 1099 :
1294 1051 1355 1099 ut
1410 1046 1580 1101 corda
1625 1047 1871 1115 ipsorum

226 1117 294 1171 ad
328 1116 654 1171 laudandam
694 1115 788 1169 Dei
827 1115 1083 1170 virtutem
1141 1116 1469 1183 excitentur,
1521 1122 1575 1171 et
1622 1117 1689 1171 ad
1721 1118 1874 1172 exhi-

226 1188 467 1244 dendum
506 1187 776 1242 honorem
827 1185 1078 1256 reliquiis
1107 1194 1421 1242 sanctorum
1460 1188 1632 1258 magis
1670 1202 1871 1244 accen-

226 1260 445 1314 dantur.
500 1258 654 1313 Unde
704 1258 934 1312 virtutes
981 1258 1195 1328 aliquas
1242 1258 1484 1314 breviter
1521 1259 1869 1329 adnotamus,

225 1344 364 1400 quas
410 1329 618 1385 nostris
664 1329 1006 1398 temporibus
1053 1340 1319 1398 patronus
1366 1338 1557 1386 noster
1584 1372 1599 1396 ,
1648 1338 1872 1387 sanctus

226 1401 442 1457 scilicet
473 1406 736 1469 operatus
765 1406 849 1472 est
885 1400 1208 1467 Adalardus,
1252 1401 1361 1456 imo
1393 1416 1493 1471 per
1522 1403 1699 1470 ipsum
1731 1416 1869 1472 ope-

228 1479 345 1527 rata
377 1479 461 1527 est
507 1472 690 1525 divina
746 1471 939 1526 virtus.
980 1473 1124 1538 Quas
1169 1472 1391 1541 quidem
1448 1473 1627 1528 oculis
1666 1471 1872 1529 nostris

225 1557 338 1600 non
370 1543 769 1612 perspeximus,
811 1542 907 1613 sed
947 1541 1189 1597 ﬁdelium
1221 1544 1460 1599 virorum
1492 1545 1586 1613 qui
1616 1545 1873 1600 viderunt

226 1622 283 1670 et
313 1620 616 1683 prasentes
648 1612 1033 1685 interfuerunt
1082 1614 1349 1669 relatione
1389 1612 1702 1680 didicimus,
1736 1630 1874 1685 quo-

227 1699 347 1741 rum
405 1684 679 1756 relationi
719 1684 879 1753 plena
926 1684 1063 1739 ﬁdes
1121 1690 1205 1740 est
1253 1685 1609 1751 exhibenda;
1664 1684 1870 1756 quippe

225 1770 368 1826 quos
396 1754 743 1811 commendat
784 1755 1047 1810 sanctitas
1096 1769 1306 1811 morum
1332 1799 1345 1822 ,
1406 1763 1461 1812 et
1511 1754 1697 1812 atatis
1717 1754 1870 1814 reve-

227 1827 427 1883 rentia.
458 1828 579 1881 Non
601 1827 745 1881 enim
778 1827 858 1881 eis
886 1826 1078 1881 salutis
1106 1829 1474 1892 commodum,
1528 1842 1629 1883 nec
1677 1837 1869 1885 sancto

227 1899 425 1970 gloria
483 1904 771 1970 cresceret
827 1902 1214 1970 augmentum.
1269 1899 1315 1953 si
1375 1899 1538 1955 modo
1580 1898 1871 1970 aliquibus

224 1968 570 2025 astrueretur
615 1968 953 2034 mendaciis,
1005 1983 1167 2039 quem
1215 1975 1431 2025 constat
1484 1968 1872 2027 multis'antea

223 2041 589 2114 gloriﬁcatum
635 2040 940 2114 miraculis,
986 2041 1138 2114 Sicut
1166 2047 1372 2114 autem
1420 2041 1488 2096 ab
1537 2041 1617 2096 eis
1654 2044 1940 2114 accepi-3

226 2110 370 2179 inus,
405 2112 478 2166 ita
508 2119 565 2167 et
593 2110 981 2181 prosequendo
1012 2110 1322 2167 referimus.

223 2202 358 2256 Car.
404 2202 445 2256 l.
488 2201 661 2257 Causa
709 2204 1066 2273 curisanctus
1109 2200 1418 2256 Adalardus
1467 2204 1769 2273 asportatus
1808 2201 1878 2257 sit

810 2272 867 2326 in
894 2270 1225 2326 Flandriam.

302 2359 355 2412 2.
402 2360 675 2415 Henricus
702 2359 872 2429 igitur
917 2372 1014 2413 rex
1060 2360 1416 2425 Francorum,
1449 2360 1544 2429 qui
1584 2360 1726 2429 patri
1776 2373 1877 2416 suo

224 2431 501 2486 Rotberto
556 2435 899 2485 successerat
947 2430 1003 2483 in
1050 2442 1300 2498 regnum,
1350 2443 1597 2486 sororem
1658 2431 1877 2486 nomine

221 2501 461 2558 Adelam
531 2499 723 2555 habuit
753 2542 768 2567 ,
837 2513 998 2570 quam
1062 2500 1479 2556 Flandrensium
1547 2501 1873 2567 marchioni,

226 2572 508 2628 Balduino
538 2570 752 2626 scilicet
781 2571 1009 2636 seniori,
1044 2571 1275 2641 nuptiali
1324 2572 1522 2640 copula
1569 2574 1875 2642 conjunxit,

225 2653 290 2700 et
318 2644 371 2699 ei
401 2642 688 2698 Corbeiam
722 2656 846 2711 qua
895 2655 1065 2713 regno
1103 2656 1204 2698 suo
1234 2642 1540 2712 adjaeebat,
1574 2658 1674 2713 pro
1706 2644 1878 2699 dotali

230 2728 465 2770 munere
495 2726 618 2768 cum
648 2713 771 2768 aliis
808 2714 1058 2782 pluribus
1095 2714 1388 2769 concessit.
1423 2716 1527 2770 Pro
1567 2715 1667 2770 hac
1696 2722 1877 2770 autem

230 2784 631 2855 conjunctione
677 2799 773 2839 rex
819 2792 873 2840 et
916 2798 1102 2840 comes
1136 2783 1315 2840 fadus
1343 2786 1490 2840 inter
1516 2801 1576 2841 se
1612 2787 1875 2853 inierunt,

231 2866 292 2913 et
326 2870 518 2927 magna
550 2856 694 2910 inter
722 2868 820 2911 eos
865 2857 1038 2926 viguit
1084 2857 1344 2922 amicitia,
1377 2858 1559 2927 quoad
1604 2857 1875 2912 vixerunt.

232 2871 292 2913 et
326 2871 518 2927 magna
550 2871 694 2910 inter
722 2871 820 2911 eos
865 2871 1038 2926 Viguit
1084 2871 1344 2922 amicula,
1419 2871 1559 2912 uoau
1604 2871 1875 2912 Vixerunt.

232 2928 345 2984 Sed
377 2927 525 2997 quia,
547 2927 691 2981 sicut
714 2940 744 2981 a
765 2926 1002 2996 quodam
1026 2926 1355 2996 philosopho
1377 2871 1604 2995 Eicitur,
1626 2929 1880 2983 Amicitia

232 3013 386 3068 sape
417 2997 835 3062 exharedatur;
870 3003 1160 3068 postquam
1190 3006 1441 3068 uterque,
1466 3013 1561 3053 rex
1590 3000 1805 3055 scilicet
1826 3006 1882 3054 et

236 3084 445 3135 comes,
460 3069 1209 3135 mortaliconcessitnatura,
1226 3070 1371 3124 inter
1383 3070 1525 3125 ﬁlios
1545 3084 1732 3125 eorum
1756 3071 1882 3125 Phi-

234 3142 448 3211 lippum
485 3140 942 3211 scilicetregem,
968 3149 1023 3196 et
1048 3141 1371 3196 Rotbertum
1411 3143 1668 3197 comitem
1702 3141 1881 3197 foedus

234 3210 457 3281 ruptum
489 3218 572 3267 est
617 3210 896 3267 amicitia.
928 3211 1215 3281 Philippus
1262 3219 1445 3267 autem
1491 3226 1590 3268 rex
1619 3221 1882 3282 reputans

236 3283 348 3339 sibi
397 3282 727 3338 detrimento
788 3296 947 3348 esse,
1016 3283 1166 3352 quod
1232 3296 1459 3352 regnum
1514 3298 1673 3339 suum
1724 3285 1880 3353 quasi

1884 728 2139 800 Aessent
2169 730 2394 797 paratis,
2428 743 2552 784 cum
2602 742 2798 800 magno
2839 729 3071 796 honore,
3103 735 3165 785 ut
3202 730 3455 798 decebat,
3494 732 3603 787 iter

1952 798 2283 867 arripientes
2313 808 2683 869 pervenerunt
2700 798 2769 855 in
2816 801 3147 867 Flandriam,
3181 800 3250 856 de
3298 802 3394 857 Dei
3443 803 3608 858 mise-

1953 870 2194 925 ricordia
2238 878 2293 925 et
2340 874 2516 927 sancti
2564 873 2761 927 merito
2824 885 2934 927 non
2991 872 3369 941 desperantes.
3438 875 3602 928 Fama

1956 947 2136 995 autem
2172 950 2455 1012 praeeunte
2487 956 2674 998 comes
2702 943 2808 998 sibi
2847 951 3095 997 sanctum
3116 957 3147 997 a
3176 942 3438 997 fratribus
3467 959 3609 1013 pra-

1952 1013 2279 1067 sentandum
2303 1014 2573 1077 audierat,
2615 1022 2671 1070 et
2703 1028 2768 1069 ne
2808 1013 2920 1069 illis
2948 1014 3182 1082 alicujus
3219 1013 3471 1069 ecclesia
3503 1029 3599 1083 pa-

1953 1088 2096 1137 teret
2116 1084 2375 1139 introitus
2411 1085 2794 1147 interdixerat,
2827 1085 3144 1140 existimans
3176 1084 3358 1140 taliter
3386 1085 3596 1141 nullum

1951 1154 2020 1208 ad
2051 1168 2110 1208 se
2137 1155 2206 1209 ab
2232 1155 2344 1209 illis
2373 1170 2534 1224 posse
2566 1156 2683 1211 ﬁeri
2712 1169 3013 1211 accessum.
3038 1156 3144 1212 Sed
3174 1171 3335 1211 secus
3352 1170 3416 1211 ac
3447 1164 3599 1211 ratus

1953 1225 2257 1306 reshabinta
2297 1234 2407 1306 est.
2457 1229 2591 1306 riam
2630 1228 2987 1306 tendentibus
3015 1226 3135 1306 illis.
3164 1227 3233 1282 ad
3265 1226 3443 1306 viilam
3476 1243 3601 1306 qua

1953 1295 2157 1351 dicitur
2183 1297 2384 1363 Curba,
2432 1298 2524 1352 ubi
2559 1299 2744 1353 Sancti
2794 1299 2939 1353 Petri
2966 1300 3092 1366 jure
3121 1298 3477 1353 hareditario
3498 1295 3604 1354 ha-

1953 1367 2114 1440 betur
2135 1369 2389 1435 ecclesia,
2409 1370 2697 1440 presbyter
2714 1371 3016 1425 secundum
3030 1370 3247 1424 comitis
3260 1374 3598 1439 praceptum

1952 1438 2225 1495 obseratis
2263 1440 2514 1495 ecclesia
2558 1438 2792 1506 foribus,
2853 1454 3132 1497 secessum
3183 1438 3481 1504 occultum,
3532 1454 3601 1496 ne

1954 1515 2141 1581 posset
2178 1511 2433 1575 inveniri,
2466 1512 2698 1581 petierat
2746 1525 2869 1567 cum
2921 1511 3184 1566 clavibus.
3237 1510 3473 1567 Tandem
3531 1511 3604 1566 ad

1952 1580 2241 1636 ecclesiam
2290 1580 2625 1651 pervenitur,
2676 1582 2856 1638 claves
2894 1583 3272 1651 requiruntur,
3318 1583 3603 1651 presbyter

1952 1653 2380 1724 circumquaque
2440 1654 2728 1722 quaritur,
2781 1653 2877 1709 sed
2937 1654 3317 1724 quarentibus
3372 1652 3604 1707 facultas

1953 1723 2266 1794 inveniendi
2292 1724 2615 1794 denegatur.
2636 1725 2840 1779 ‘Mirum
2870 1723 3024 1779 dictu
3049 1730 3061 1779 !
3096 1723 3311 1778 ﬁdelem
3328 1736 3600 1794 quarens

1951 1793 2279 1860 auditorem,
2321 1793 2458 1849 dum’
2480 1796 2664 1865 aliqua
2693 1809 2846 1851 mora
2888 1796 3043 1865 ﬁeret
3073 1793 3377 1863 quarendo
3408 1793 3599 1865 templi

1951 1864 2314 1936 sacerdotem,
2346 1866 2497 1921 illico
2528 1864 2725 1936 sponte
2762 1880 2861 1920 sua
2899 1864 3198 1936 confractis
3234 1864 3599 1936 seris,idissi—
3686 1886 3689 1889 ν

1951 1935 2213 1990 lientibus
2266 1935 2570 2007 repagulis;
2639 1943 2934 2006 patuerunt
3001 1935 3149 1991 fores
3214 1935 3486 2007 ecclesia,
3545 1941 3600 1990 et

1954 2014 2145 2061 sancto
2175 2006 2501 2077 cunctisque
2531 2022 2654 2063 eum
2705 2007 3094 2063 comitantibus
3117 2020 3177 2062 se
3217 2006 3431 2075 pervias
3460 2020 3600 2075 pra-

1956 2078 2146 2133 buere.
2179 2079 2299 2149 Non
2338 2079 2567 2149 magica,
2617 2092 2728 2134 non
2766 2092 2857 2133 ars
2885 2079 2963 2132 ibi
3001 2083 3227 2147 operata
3254 2082 3342 2149 _est
3380 2078 3601 2131 mecha-

1957 2150 2083 2203 nica
2115 2168 2127 2203 :
2160 2148 2257 2203 sed
2283 2149 2350 2203 ad
2382 2147 2786 2205 ostendendum
2822 2149 3000 2203 sancti
3036 2147 3292 2202 Adalardi
3318 2148 3596 2211 meritum,

1956 2220 2130 2273 virtus
2158 2220 2411 2287 apparuit
2439 2219 2682 2274 calestis
2711 2221 2766 2273 in
2814 2219 3101 2287 apertione
3127 2218 3425 2273 valvarum.
3458 2219 3602 2272 Ecce

1958 2290 2097 2344 alter
2124 2290 2181 2343 in
2215 2290 2322 2345 hoc
2352 2289 2495 2344 facto
2525 2292 2756 2354 Petrus;
2790 2296 3093 2357 sanctoque
3123 2289 3309 2354 Petro,
3342 2288 3431 2343 cui
3452 2301 3605 2343 com-

1957 2362 2139 2415 missa
2176 2368 2305 2415 sunt
2352 2361 2533 2416 claves
2589 2361 2743 2431 regni
2774 2359 3061 2425 calorum,
3104 2360 3169 2431 in
3211 2358 3307 2414 tali
3340 2357 3607 2414 miraculo

1959 2432 2379 2500 comparandus.
2430 2434 2630 2488 Sancto
2660 2429 2892 2486 etenim
2934 2432 3098 2486 Petro
3139 2429 3207 2485 de
3247 2443 3469 2485 carcere
3509 2443 3609 2497 per

1956 2502 2210 2572 angelum
2244 2503 2477 2559 liberato
2509 2511 2667 2572 porta
2700 2502 2843 2557 ultro
2875 2502 3051 2571 patuit
3078 2500 3258 2556 ferrea
3290 2521 3303 2556 :
3339 2501 3429 2555 isti
3458 2500 3610 2555 simi-

1958 2571 2087 2629 liter
2123 2573 2192 2628 de
2222 2587 2465 2640 carcere,
2508 2571 2565 2629 id
2597 2580 2701 2639 est,
2734 2573 2803 2629 de
2843 2574 3026 2627 carnis
3073 2571 3349 2642 ergastulo
3381 2585 3480 2640 per
3504 2583 3611 2625 an-

1957 2644 2140 2714 gelum
2170 2645 2387 2699 consilii
2414 2648 2524 2713 jam
2555 2644 2776 2710 educto,
2819 2649 3105 2699 cesserunt
3134 2644 3280 2698 ultro
3305 2642 3442 2697 dura
3472 2655 3606 2714 por-

1959 2713 2132 2771 tarum
2166 2715 2387 2771 robora.
2429 2719 2473 2771 0
2500 2715 2773 2784 stupenda
2810 2714 3059 2784 dignatio
3087 2721 3099 2769 ι
3142 2714 3373 2783 gratiam
3407 2713 3609 2767 meruit

1958 2800 1989 2841 a
2027 2786 2278 2850 Domino,
2319 2801 2442 2856 qua
2493 2786 2705 2841 ccelesti
2761 2798 3026 2841 concessa
3078 2784 3258 2856 fuerat
3305 2784 3604 2856 clavigero.

1956 2859 2087 2912 Jure
2135 2858 2298 2912 etiam
2337 2852 2399 2912 in
2459 2856 2637 2913 aliena
2695 2864 2839 2911 terra
2881 2856 3057 2925 patuit
3103 2854 3184 2909 illi
3238 2855 3414 2909 sancti
3464 2852 3607 2925 Petri

1960 2928 2213 2993 ecclesia,
2238 2928 2333 2997 qui
2365 2929 2509 2997 apud
2538 2928 2826 2983 Corbeiam
2847 2923 3148 2996 hospitium
3176 2926 3408 2997 sortitus
3431 2923 3608 2997 sancti

1959 3000 2107 3054 Petri
2138 2994 2449 3065 ecclesiam,
2490 3001 2646 3068 quasi
2696 3011 2795 3067 pro
2824 2994 3210 3068 contubernali
3266 2995 3495 3068 foedere,
3537 2994 3605 3068 ad

1960 3070 2292 3139 requirenda
2323 3071 2441 3139 ejus
2461 3066 2605 3125 bona
2643 3066 2971 3139 fungebatur
2992 3067 3286 3139 legatione.
3317 3066 3534 3139 Taliter_
3549 3066 3606 3120 in

1961 3135 2195 3196 ecclesia
2235 3135 2390 3210 prius
2446 3135 3007 3195 inaccessa'sanctus
3052 3135 3329 3203 defertur,
3371 3135 3609 3210 populius

1962 3207 2250 3281 utriusque
2280 3225 2443 3266 sexus
2491 3213 2586 3280 qui
2616 3217 2950 3266 convenerat
2991 3210 3346 3281 prosequitur
3374 3230 3387 3274 ;
3421 3207 3612 3281 laudes

1960 3298 2084 3338 cum
2123 3278 2276 3338 vocis
2305 3278 2603 3351 cordisque
2625 3278 3001 3337 exsultatione
3021 3294 3053 3334 a
3083 3279 3462 3351 monachis_et
3490 3278 3609 3351 _cle-

237 3353 573 3444 diminutum
598 3358 743 3409 esset
772 3394 789 3418 ,
836 3348 1157 3444 privatione.
1184 3348 1433 3444 Corbcia
1466 3396 1481 3420 ,
1532 3370 1694 3444 quam
1723 3348 1938 3444 patera
1962 3355 2094 3444 riLcis
2132 3348 2641 3444 divina.maj'estat_i
2671 3350 3244 3444 referuntur-,Lpopulis
3271 3348 3610 3417 applauden-

238 3429 383 3496 ejus,
432 3425 578 3480 sicut
622 3439 787 3493 supra
817 3421 1056 3480 diximus
1078 3467 1092 3491 ,
1141 3426 1199 3480 in
1246 3421 1594 3481 matrimonio
1651 3421 1938 3481 dederat“
1958 3426 2126 3491 tibus,
2158 3432 2215 3480 et
2250 3425 2454 3494 gratias
2474 3424 2705 3479 Domino
2736 3421 3123 3476 referentibus.

235 3497 421 3553 sorori
468 3511 582 3551 sua
614 3539 628 3563 ,
678 3496 852 3565 ipsam
917 3497 1203 3552 Corbeiam
1269 3511 1392 3552 cum
1459 3496 1629 3566 regali
1680 3510 1879 3566 pompa

238 3567 490 3633 intravit,
533 3572 589 3623 et
635 3567 742 3622 sibi
772 3566 917 3622 sicut
946 3568 1063 3637 regi
1105 3567 1322 3623 ﬁdelem
1369 3569 1724 3623 securitatem
1763 3568 1881 3637 opi-

237 3640 419 3696 danos
442 3640 628 3707 jurare
658 3639 859 3709 coegit.

311 3711 367 3765 3.
407 3710 562 3777 Quod
613 3708 901 3779 postquam
959 3709 1147 3764 comiti
1206 3708 1475 3765 Hotberto
1538 3716 1879 3778 compertum

238 3782 365 3847 fuit,
395 3781 651 3850 injuriam
698 3781 804 3836 sibi
850 3779 1047 3835 factam
1090 3779 1319 3836 moleste
1358 3781 1483 3835 tulit
1514 3800 1525 3835 :
1560 3794 1723 3850 quam
1752 3779 1883 3850 quia

236 3854 388 3909 sicut
425 3853 506 3907 ira
545 3852 836 3921 exigebat,
871 3851 937 3906 ad
977 3866 1223 3920 prasens
1265 3852 1322 3906 in
1370 3865 1554 3921 regem
1602 3851 1882 3906 vindicare

239 3938 357 3980 non
389 3923 587 3993 potuit,
620 3924 676 3977 in
722 3923 1113 3978 Corbeiensem
1142 3923 1429 3978 ecclesiam
1460 3936 1569 3979 non
1611 3922 1718 3978 tale
1749 3921 1881 3992 quid

239 3995 492 4051 meritam
550 3995 795 4050 retorsit.
853 3996 985 4049 Nam
1042 3996 1161 4061 ejus
1207 3994 1364 4048 villas
1417 4000 1473 4048 et
1529 3994 1737 4064 pradia
1785 4006 1885 4062 per

242 4076 447 4123 terram
478 4080 630 4120 suam
662 4065 770 4120 late
817 4064 1012 4120 diﬁ‘usa
1062 4065 1244 4119 Statim
1293 4065 1509 4128 invasit,
1541 4070 1596 4119 et
1627 4064 1886 4120 fratribus

242 4138 381 4193 inibi
409 4138 628 4193 Christo
658 4136 1022 4191 militantibus
1050 4150 1173 4206 qua
1204 4136 1656 4191 vestimentorum
1692 4148 1884 4191 eorum

243 4209 438 4264 usibus
468 4208 727 4277 deputata
774 4215 931 4262 erant
982 4206 1290 4277 denegavit.
1315 4207 1469 4262 Unde
1500 4207 1669 4263 Fulco
1692 4207 1883 4270 abbas,

244 4280 343 4351 qui
392 4287 523 4334 tunc
571 4281 836 4351 temporis
873 4278 1123 4351 ecclesia
1153 4278 1779 4351 Corbeiensipraerat,
1832 4285 1889 4333 et

243 4349 445 4406 fratres
474 4363 583 4405 non
630 4350 844 4405 modice
895 4350 1137 4408 turbati.
1186 4350 1583 4420 querimoniam
1624 4349 1889 4420 lacryma-

245 4365 445 4406 [ratres
474 4365 583 4405 non
630 4365 844 4405 medice
895 4365 1096 4405 turbati
1123 4390 1137 4408 .
1186 4365 1583 4476 querimoniam
1624 4365 1888 4420 iacryma-

245 4422 414 4478 bilem
444 4436 628 4477 coram
660 4422 807 4491 regis
850 4421 1143 4490 praesentia
1215 4422 1470 4486 uderunt,
1503 4427 1559 4475 et
1586 4435 1754 4489 super
1783 4420 1888 4475 hoc

243 4495 368 4563 ejus
396 4492 686 4548 consilium
719 4499 775 4547 et
816 4492 1078 4547 auxilium
1123 4492 1575 4563 imploraveruut.
1628 4492 1889 4563 Sedicum

244 4562 343 4619 aut
394 4563 838 4633 impossibilitate
887 4571 981 4618 aut
1026 4564 1239 4618 incuria
1266 4563 1411 4632 regis
1444 4562 1591 4617 nulla
1624 4564 1705 4615 eis
1734 4562 1890 4616 ﬁeret

250 4636 603 4705 recuperatio
650 4635 1015 4705 perditorum,
1040 4646 1430 4705 magnumque
1468 4633 1892 4705 _damnum_per-

248 4702 674 4777 pessi'fuissent,
707 4707 822 4761 suis
852 4704 1092 4761 carendo
1123 4702 1431 4777 redditibus
1459 4702 1573 4759 fere
1606 4718 1705 4773 per
1742 4703 1953 4777 bien-D

248 4774 423 4843 nium,
455 4777 587 4847 quid
644 4776 790 4833 facto
848 4790 988 4846 opus
1043 4781 1190 4832 esset
1231 4776 1557 4846 cogitantes,
1606 4788 1772 4847 super
1800 4774 1887 4828 his

246 4850 433 4904 animo
471 4848 735 4903 ﬂuctuare
783 4854 1089 4917 cmperunt.
1134 4847 1373 4902 Tandem
1412 4847 1467 4901 in
1501 4846 1731 4901 Domino
1760 4851 1889 4900 tan-

247 4934 413 4991 quam
446 4920 501 4974 in
536 4927 698 4989 portu
741 4920 1014 4991 jactantes
1052 4920 1348 4989 cogitatum
1380 4931 1558 4991 suum,
1592 4917 1887 4972 anchoram

252 4988 369 5047 sua
399 4991 594 5046 salutis
627 4991 681 5045 in
731 4991 853 5060 ipso
901 4988 1154 5045 fixerunt.
1195 4991 1327 5045 Nam
1376 4988 1478 5044 fuit
1509 5002 1697 5045 eorum
1736 5000 1889 5060 com-

252 5075 416 5118 mune
480 5059 771 5117 consilium
828 5062 896 5116 ad
963 5061 1203 5117 divinum
1261 5060 1557 5123 confugere
1604 5059 1888 5123 auxilium,

253 5098 381 5118 .......
481 5098 771 5117 υυυοιιιυιιι
828 5098 896 5116 αι.
963 5098 1203 5117 unum...
1261 5098 1424 5116 wn...
1465 5098 1557 5115 μιν
1604 5098 1865 5114 ..............

248 5098 611 5203 sanctumque
639 5132 829 5189 comiti
859 5139 1193 5201 prasentare
1222 5098 1574 5196 Adalardum,
1608 5137 1667 5186 ut
1706 5100 1893 5203 comes

253 5208 375 5274 ejus
430 5201 723 5274 prasentia
779 5204 971 5271 ﬂexus,
1004 5209 1059 5259 et
1110 5211 1303 5259 sancto
1355 5203 1517 5258 Petro
1547 5216 1704 5258 suum
1736 5201 1893 5257 resti-

256 5282 439 5332 tueret
466 5275 750 5331 allodium.

253 5365 386 5421 CAP.
426 5364 491 5419 ΙΙ.
533 5365 611 5419 De
640 5362 996 5433 asportatione
1040 5362 1208 5417 sancti
1236 5362 1291 5416 in
1320 5360 1651 5428 Flandriam,
1682 5364 1732 5416 et
1760 5359 1898 5433 quod

435 5436 492 5489 in
520 5432 745 5490 adventu
772 5435 886 5504 ejus
916 5438 1112 5504 aperta:
1144 5438 1265 5487 sunt
1294 5434 1436 5502 fores
1466 5432 1718 5487 ecclesia.

329 5522 383 5577 4.
424 5523 598 5594 Igitur
623 5523 860 5578 sanioris
887 5521 1103 5594 consilii
1142 5519 1402 5594 fratribus
1426 5521 1555 5594 qui
1590 5526 1782 5576 sancto
1812 5532 1902 5594 co-

259 5592 589 5651 mitarentur
616 5595 828 5663 electis,
853 5600 909 5650 et
938 5593 1193 5650 omnibus
1222 5607 1347 5664 qua
1375 5592 1562 5649 itineri
1594 5592 1903 5648 necessaria

2030 3514 2161 3568 CAP.
2186 3513 2277 3566 Ill.
2318 3513 2397 3567 De
2427 3525 2486 3565 eo
2517 3511 2655 3581 quod
2680 3524 2854 3581 comes
2882 3507 3111 3563 reddidit
3148 3508 3197 3562 ei
3224 3507 3398 3563 omnia
3425 3520 3540 3577 qua:

2634 3578 2944 3636 abstulerat.

2032 3670 2085 3725 5.
2120 3668 2503 3741 Sequentidie
2534 3668 2664 3725 inde
2694 3672 3029 3741 asportatur,
3062 3672 3118 3721 et
3145 3666 3215 3721 ad
3254 3664 3612 3741 quarendum

1964 3735 2225 3799 comitem
2256 3740 2596 3797 acceleratur
2641 3735 2773 3796 iter.
2821 3738 3160 3807 Ubicumque
3207 3743 3389 3793 autem
3436 3735 3613 3791 sancti

1964 3813 2291 3869 audiebatur
2344 3812 2633 3873 adventus,
2692 3826 2723 3866 a
2779 3810 2941 3880 longe
2998 3806 3097 3879 pro
3146 3809 3266 3880 jam
3332 3806 3614 3880 divulgato

1965 3884 2229 3940 miraculo
2268 3886 2549 3940 immensa
2589 3878 2959 3943 multitudinis
2989 3878 3322 3951 pepulerum
3371 3878 3422 3934 ei
3451 3878 3617 3933 ﬁebat

1965 3970 2248 4012 occursus.
2308 3956 2420 4010 Nec
2483 3953 2665 4027 solum
2719 3955 2831 4023 jam
2905 3951 2955 4007 ei
3021 3958 3218 4027 contra
3275 3954 3617 4027 praceptum

1968 4027 2184 4082 comitis
2229 4027 2424 4096 januas
2471 4020 2824 4081 ecclesiarum
2885 4023 3101 4093 aperire
3146 4021 3467 4096 certabant,
3517 4020 3617 4076 sed

1968 4100 2132 4155 etiam
2171 4092 2278 4153 tam
2326 4096 2717 4152 ecclesiastica
2765 4092 2931 4162 quam
2994 4092 3290 4150 saculares
3339 4105 3613 4162 persona,

1968 4176 2029 4226 ut
2060 4176 2283 4224 sanctus
2312 4169 2369 4223 in
2419 4168 2672 4223 ecclesiis
2718 4163 3035 4233 inferretur,
3085 4163 3457 4235 postulabant,
3488 4177 3616 4235 ima-

1968 4242 2052 4312 gis
2083 4240 2319 4312 divinam
2349 4253 2510 4309 quam
2559 4233 3105 4312 comitis_incurrere
3145 4237 3401 4312 timentes
3438 4233 3619 4289 olfen-

1968 4304 2103 4369 sam.
2171 4304 2473 4366 Audientes
2536 4316 2718 4364 autem
2778 4306 2976 4362 fratres
3040 4306 3295 4360 comitem
3360 4304 3415 4358 in
3476 4315 3616 4371 pago

1969 4383 2302 4438 Tornacensi
2350 4383 2498 4436 circa
2545 4379 2825 4453 Schelmas
2875 4374 3110 4448 (Schlin)
3148 4373 3431 4453 oppidum,
3465 4371 3615 4453 quod

1972 4454 2264 4510 obsidione
2321 4453 2554 4507 militum
2630 4442 2901 4514 cinxerat,
2965 4442 3416 4514 com'morantem,
3482 4442 3617 4497 illuc

1971 4526 2080 4581 iter
2109 4524 2487 4599 ﬂexerunt_,_et
2518 4535 2629 4591 quo
2659 4512 2942 4599 coeperant
2971 4512 3612 4599 tandemperveneru‘nt.

1970 4600 2140 4664 Quem
2170 4608 2294 4667 cum
2323 4587 2429 4649 sibi
2450 4587 2646 4667 comes
2665 4587 2883 4667 audiret
2910 4587 3137 4667 deferri,
3153 4589 3281 4667 _ejus
3301 4587 3616 4667 praesentia

1973 4656 2032 4722 se
2070 4665 2393 4738 subtrahere
2442 4663 2735 4738 festinavit.
2789 4664 2940 4738 Tunc
2989 4660 3269 4729 principes
3315 4657 3410 4738 qui
3458 4656 3617 4738 lateri

1973 4740 2093 4807 ejus
2139 4737 2391 4793 solebant
2417 4737 2696 4807 assistere,
2729 4741 2802 4807 et
2839 4734 2895 4787 in
2940 4728 3173 4807 quorum
3216 4728 3454 4807 consilio
3497 4728 3616 4795 ejus

1970 4802 2149 4866 omnis
2178 4808 2454 4878 pendebat
2484 4805 2777 4877 dispositio
2804 4816 3010 4878 ;_‘s_uper
3037 4802 3145 4856 hoc
3175 4804 3467 4878 caperunt
3492 4811 3616 4878 eum

1970 4868 2223 4951 arguere,
2275 4879 2525 4934 dicentes
2574 4868 2709 4947 quia
2739 4868 2927 4951 _nihil'
2955 4868 3313 4951 ei_prospere
3369 4868 3614 4951 cederet,

1972 4940 2221 5023 quamdiu
2262 4940 2900 5023 sanctorum'ecclesias
2955 4940 3072 5023 suis
3126 4940 3612 5023 rebus‘spolilare‘t.

1972 5010 2345 5079 Consulebant
2399 5026 2580 5076 autem
2636 5018 2718 5074 illi
2775 5024 2834 5073 ut
2879 5015 3070 5072 san'cto
3129 5028 3253 5069 cum
3308 5010 3617 5067 humilitate

1976 5099 2315 5160 occurreret,
2383 5099 2437 5147 et
2494 5087 2763 5160 quidquid
2794 5102 2947 5160 erga
2982 5091 3230 5160 sanctum
3285 5082 3614 5152 deliquerat,

1976 5156 2314 5223 emendaret}
2362 5156 2610 5236 Quorum
2648 5156 2926 5230 ‘prudenti
2974 5156 3225 5236 _consilio
3282 5167 3467 5236 comes
3520 5167 3619 5236 ac-

1977 5237 2211 5307 quievit,
2255 5242 2311 5290 et
2361 5226 2888 5307 humiliteri'sancto
2936 5230 3131 5307 obvius
3178 5226 3470 5307 processit.
3522 5226 3619 5279 Vi-

1979 5296 2142 5364 deres
2168 5296 2334 5362 alium
2372 5318 2558 5375 regem
2600 5302 2960 5375 Ninivitarum
2990 5300 3188 5375 de__suo
3218 5297 3360 5375 solio
3390 5296 3621 5375 descen-

1980 5380 2147 5444 disse,
2181 5367 2524 5448 pedibusque
2554 5374 2718 5448 nudis
2750 5386 2864 5443 pra
2902 5370 3208 5426 humilitate
3248 5367 3618 5448 incedentem,

1983 5438 2248 5506 honorem
2288 5438 2451 5503 suum"
2484 5438 2806 5516 deposuisse
2868 5462 2881 5497 :
2940 5455 3063 5498 cum
3098 5448 3264 5516 _ta_nta
3302 5438 3618 5516 devotione,

1982 5521 2214 5577 militum
2242 5520 2482 5589 stipante
2541 5510 2783 5589 caterva,
2809 5526 2994 5589 comes
3045 5511 3114 5574 al
3152 5510 3412 5589 feretrum
3443 5510 3620 5589 sancti

1986 5592 2238 5657 accessit,
2271 5581 2334 5646 et'
2353 5594 2572 5660 sumpto
2621 5587 2874 5643 manibus
2901 5584 3018 5641 suis
3061 5581 3384 5654 gestatoria,
3425 5581 3625 5638 militi-
