4096 6156
262 261 403 319 1077

1365 267 1636 326 CHARTA
1671 267 1759 324 DE
1796 264 2122 324 PRECIBUS
2157 267 2524 328 FACIENDIS.

3493 274 3631 335 1078

259 387 452 468 tiatum
486 385 699 468 fuisset
739 386 925 444 taliter
970 397 1218 468 sanctum
1263 392 1595 468 Adalardum
1645 407 1682 468 a
1712 393 2147 468 mena-Atanta
2194 394 2252 449 in
2280 409 2433 468 vase
2499 397 2752 467 corporis
2808 399 2927 468 ejus
2980 398 3243 455 Dominus
3279 401 3626 459 ostendebat.

257 458 381 515 chis
417 458 693 515 sublatum
742 473 884 525 esse,
934 461 1164 519 moleste
1218 463 1345 521 tulit
1393 480 1452 520 se
1519 465 1595 520 ita
1652 464 1897 519 delusam

256 545 403 603 esse.
432 531 633 587 Tamen
672 531 987 603 intelligens
1015 533 1122 589 hoc
1174 549 1294 592 esse
1345 536 1638 591 voluntatis
1677 535 1898 601 diviaze,

257 608 315 658 et
352 602 482 657 ideo
540 604 651 673 jam
700 615 811 658 non
863 602 1024 672 posse
1073 611 1266 662 contra
1314 608 1615 663 torrentem
1675 605 1901 661 brachia

256 674 511 739 tendere,
552 675 827 742 postulata
854 676 1014 730 venia
1053 678 1328 734 concessit
1376 678 1487 733 illis
1533 691 1655 734 cum
1694 677 1900 732 scrinio

255 747 433 819 sancti
485 744 824 819 confessoris
865 761 1111 803 remeare
1161 749 1230 803 ad
1281 750 1527 819 propria.
1560 749 1763 806 Taliter
1794 748 1896 814 illi,

294 816 414 871 uasi
467 816 820 891 de_1Egypto
877 820 1106 889 egressi,
1166 816 1425 890 ubi—jam
1481 821 1653 891 quasi
1695 820 1899 889 captivi

281 887 477 960 nerant
526 887 757 953 detenti,
810 887 1133 960 protegente
1167 906 1264 947 eos
1294 887 1536 948 celestis
1565 887 1903 947 defensionis

257 959 427 1033 nube,
462 971 532 1013 ne
553 966 846 1033 urerentur
875 975 905 1016 a
936 962 1052 1017 sole
1083 962 1478 1030 tribulationis,
1509 968 1895 1033 pervenerunt,

256 1029 399 1105 duce
423 1044 563 1105 novo
586 1032 768 1105 Moyse
786 1040 996 1105 nostro,
1022 1035 1081 1105 in
1101 1039 1299 1090 terram
1321 1036 1473 1105 pacis
1489 1029 1545 1090 et
1564 1035 1896 1090 securitatis.

334 1101 710 1176 Il._Cumque
743 1103 868 1176 jam;
892 1103 1020 1159 facti
1058 1103 1290 1161 fuissent
1322 1101 1570 1176 proximi
1618 1107 1898 1172 Corbeiae,

256 1174 660 1241 praemittentes
715 1174 939 1231 nuntios
995 1174 1392 1234 mandaverunt
1446 1178 1708 1233 fratribus
1762 1178 1897 1244 suis,

256 1250 317 1298 ut
377 1244 585 1301 scrinio
640 1246 816 1301 sancti
853 1246 1109 1303 Adalardi
1140 1257 1349 1305 mature
1389 1255 1747 1305 occurrerent
1776 1263 1899 1303 cum

255 1314 486 1391 brachio
536 1317 779 1391 ejusdem
829 1317 1180 1391 confessoris.
1222 1320 1374 1377 Illico
1405 1321 1663 1391 gaudium
1702 1334 1900 1376 novum

251 1387 438 1443 adhuc
476 1389 685 1461 recenti
714 1389 915 1459 gaudio
944 1391 1334 1459 superadditur
1367 1412 1379 1447 :
1410 1387 1649 1447 classica
1680 1392 1901 1461 pulsan-

252 1465 387 1531 tur:
430 1459 664 1531 ecclesia
715 1461 992 1529 tapetibus
1022 1470 1077 1517 et
1120 1462 1301 1531 palliis
1330 1459 1902 1529 adornatum—accen-

250 1530 333 1584 sis
378 1530 540 1602 etiam
591 1530 952 1587 luminaribus
999 1530 1248 1602 plurimis
1296 1535 1683 1590 illuminatur:
1735 1534 1900 1589 deni-

251 1615 363 1672 que
394 1599 539 1675 facto
572 1602 760 1675 populi
793 1599 1089 1670 conventu,
1122 1603 1314 1660 festiva
1346 1606 1627 1675 processio
1659 1606 1895 1671 orditur,

250 1678 307 1727 et
338 1686 460 1727 cum
488 1673 925 1746 brachioisancti
954 1675 1210 1731 Adalardi
1252 1673 1695 1746 praecedentibus
1723 1677 1900 1732 cereis

250 1750 308 1799 et
373 1744 631 1799 crucibus
686 1745 899 1800 obviam
960 1744 1300 1815 proceditur.
1359 1750 1510 1803 Tunc
1577 1748 1672 1803 ﬁlii
1729 1748 1897 1803 Israel

249 1816 410 1884 quasi
449 1829 627 1870 arcam
668 1817 881 1872 Domini
933 1816 1000 1872 de
1048 1819 1342 1874 Philistzeis
1389 1820 1668 1875 reductam
1715 1820 1900 1875 susci-

252 1888 489 1957 pientes,
552 1888 607 1941 in
668 1888 1023 1944 tabernaculo
1078 1890 1175 1945 Dei
1230 1889 1542 1946 referebant
1593 1910 1605 1945 :
1662 1896 1718 1945 et
1772 1904 1896 1946 cum

249 1958 418 2013 David
467 1960 524 2013 in
564 1972 699 2031 voce
749 1960 1130 2016 exsultationis
1167 1968 1223 2017 et
1260 1961 1625 2017 confessionis
1663 1962 1899 2031 psallen-

250 2037 336 2084 tes
388 2030 793 2098 prtecedebant,
824 2032 989 2086 variis
1026 2034 1358 2089 musicorum
1408 2030 1896 2089 instrumentorum

250 2101 551 2227 genfrtibus
597 2101 664 2157 ad
713 2103 1017 2174 augendam
1055 2103 1301 2159 laetitiam
1342 2105 1771 2175 circumquaque
1801 2118 1896 2161 so-

252 2186 360 2227 nan
394 2189 405 2226 l
453 2187 535 2227 us.

252 2174 535 2227 nantibus.

331 2243 414 2298 12.
465 2245 606 2299 Ecce
652 2250 831 2300 autem
870 2244 1092 2314 quidam
1123 2245 1352 2301 claudus
1391 2247 1461 2301 ad
1502 2250 1714 2316 portam
1753 2252 1897 2303 tem-

253 2314 358 2389 pli_
378 2316 615 2389 jacebat,
664 2315 740 2389 ita
788 2322 1023 2389 utroque
1063 2318 1203 2387 pede
1227 2314 1562 2382 contractus,
1598 2325 1658 2373 ut
1697 2318 1897 2389 plantae

253 2385 455 2456 pedum
513 2388 630 2457 ejus
689 2385 863 2457 (quod
924 2385 1161 2443 erat—in
1219 2388 1336 2443 visu
1403 2385 1712 2458 mirabile)‘
1749 2397 1897 2446 retro

252 2457 533 2513 haererent
578 2458 815 2512 natibus.
878 2461 1111 2514 Venerat
1159 2465 1338 2515 autem
1396 2461 1472 2515 ibi
1524 2457 1792 2529 reptando
1842 2461 1897 2515 in

194 2582 199 2585 _
250 2535 516 2599 quantum
578 2536 795 2597 poterat
851 2531 1103 2586 manibus
1158 2538 1213 2586 et
1250 2530 1502 2600 genibus,
1552 2546 1662 2587 non
1719 2532 1897 2587 solum

247 2608 310 2656 ut
364 2600 677 2656 alimoniam
728 2608 942 2670 peteret
987 2603 1056 2657 ab
1089 2603 1516 2667 introeuntibus,
1549 2603 1646 2657 sed
1677 2610 1737 2657 ut
1773 2618 1900 2658 san-

248 2677 399 2727 ctum
427 2672 759 2744 Adalardum
813 2680 1036 2744 rogaret
1080 2673 1196 2728 suis
1235 2673 1426 2729 adesse
1459 2674 1764 2729 doloribus.
1796 2675 1897 2741 Qui

248 2758 373 2798 cum
417 2742 675 2798 feretrum
724 2742 900 2815 sancti
942 2745 1290 2814 praecedente
1323 2744 1485 2815 longo
1527 2746 1898 2814 processionis

248 2815 445 2887 ordine
482 2815 715 2887 vidisset
758 2814 967 2881 inferri,
1019 2817 1074 2871 in
1129 2823 1390 2886 quantum
1428 2814 1567 2887 ipsa
1626 2817 1896 2886 aegritudo

250 2886 600 2955 patiebatur,
669 2885 905 2942 clamare
973 2887 1177 2956 erepit,
1247 2893 1306 2942 ut
1370 2885 1486 2942 sui
1521 2885 1894 2943 misereretur.

249 2960 482 3013 Sanctus
527 2971 655 3013 vero
700 2958 1025 3027 Adalardus,
1078 2973 1229 3014 more
1286 2959 1432 3013 beati
1486 2960 1652 3023 Petri,
1705 2974 1897 3015 aurum

1988 464 2095 519 Sed
2135 464 2246 543 hoc
2271 467 2329 522 in
2361 480 2486 524 vase
2515 464 2769 543 corporis
2807 464 2925 543 ejus
2958 471 3267 543 ostendere
3307 472 3507 541 potuit,
3534 475 3632 543 qui

1983 550 2084 618 per
2112 538 2386 618 “umnram
2443 540 2696 618 corporis
2741 541 2917 618 sancti
2956 538 3390 618 Petriaegrotos
3437 538 3632 602 sanare

1982 606 2168 662 valuit.
2230 610 2399 683 Tunc,
2444 606 2559 683 qui"
2584 618 2807 667 sanatus
2864 611 3043 667 fuerat
3105 606 3367 669 ferétrum
3433 628 3631 683 prose-

1983 686 2261 753 quens___et
2315 681 2565 751 bajulans
2628 685 2833 753 gratias
2887 684 3160 739 referebat
3217 681 3448 741 Domino
3504 686 3635 741 imi-

1982 756 2106 824 tans
2153 750 2306 824 illum
2354 750 2727 824 evangelicum
2776 755 3075 824 leprosum,
3108 756 3203 824 qui
3233 770 3486 811 reversus
3510 757 3635 812 lau-

1983 820 2523 896 dem‘deditnDeo‘?
2570 827 2701 881 Cum
2760 820 2914 882 tanto
2970 820 3172 896 gaudio
3227 826 3356 882 filiis
3402 828 3460 882 in
3508 828 3635 884 sinu

1984 892 2174 966 matris
2220 894 2470 951 ecclesiae
2519 898 2796 966 receptis,
2857 897 2925 953 de
2966 892 3225 953 thesauro
3275 899 3635 956 conscientia

1982 962 2328 1037 proferentes
2356 962 2683 1023 sacrificium
2706 962 2825 1037 spei
2858 976 2912 1023 et
2938 969 3089 1035 ﬁdei,
3113 982 3238 1037 quae
3282 970 3339 1023 in
3389 983 3480 1024 ara
3512 984 3634 1027 cor-

1983 1034 2069 1111 dis
2088 1037 2417 1093 accenderat
2436 1037 2617 1095 fervor
2637 1034 2940 1105 charitatis,
2965 1034 3223 1111 hymnum
3248 1043 3317 1095 Te
3337 1041 3499 1095 Deum
3519 1040 3634 1096 lau-

1982 1106 2166 1162 damus
2204 1116 2561 1165 cantaverunt
2600 1124 2783 1166 coram
2822 1106 3021 1168 altarid
3065 1112 3267 1168 divinae
3305 1113 3624 1181 majestatis.

1981 1251 2112 1305 Car.
2172 1251 2285 1305 VII.
2342 1252 2421 1306 De
2465 1251 2805 1334 repositione.
2831 1256 3133 1334 sanctarum
3176 1251 3524 1325 reliquiarum
3574 1254 3632 1309 in

2698 1338 2893 1379 εσηηῑθ
2901 1367 2913 1380 .

2058 1461 2141 1537 13.
2189 1462 2445 1537 Denique
2493 1464 2855 1521 ascendentes
2900 1465 3103 1536 gradus
3149 1465 3371 1536 pulpiti,
3424 1466 3519 1537 qui
3559 1466 3633 1523 de

1981 1533 2119 1589 valle
2151 1534 2479 1604 plorationis
2509 1550 2607 1605 per
2642 1538 2846 1606 gradus
2881 1533 3537 1595 virtutum—ascenderant
3573 1538 3633 1595 in

1980 1612 2220 1678 montem
2253 1606 2655 1673 exsultationis,
2692 1609 2916 1678 populis
2962 1609 3163 1664 intimis
3187 1610 3501 1678 jacentibus
3528 1622 3633 1665 nec

1919 1676 2292 1771 Βέἷίέἑῖἓῗῗέἷ
2302 1676 2707 1771 1109919993???
2737 1676 3635 1771 ΪΡᾸΞἾίῙΨΡδί,ξίὶίῖίὲῗὲείέῖέἓεῗΡέἮί

1983 1750 2369 1817 propinatione
2418 1748 2687 1805 salutiferi
2735 1752 3006 1806 sermonis
3045 1752 3124 1805 rei
3163 1758 3332 1821 gestae
3372 1750 3635 1819 tempori-

1981 1833 2088 1888 que
2131 1821 2388 1888 praesenti
2419 1821 2827 1889 respondentis.
2869 1823 2981 1877 Nec
3011 1821 3285 1877 siluerunt
3328 1821 3394 1875 ad
3436 1821 3637 1877 confir-

1980 1890 2275 1946 mationem
2314 1892 2397 1946 sui
2438 1893 2710 1947 sermonis
2757 1906 2881 1962 quae
2932 1894 2988 1947 in
3027 1893 3113 1947 via
3158 1893 3493 1948 accidissent
3531 1892 3633 1958 eis,

1980 1967 2183 2031 quanta
2241 1962 2454 2018 Domini
2510 1964 2686 2033 gratia
2732 1963 2789 2019 in
2839 1963 3098 2019 omnibus
3156 1963 3425 2019 adfuisset
3478 1963 3630 2029 illis,

1980 2033 2309 2102 quantisque
2368 2033 2472 2089 sibi
2529 2034 2791 2089 dilectum
2857 2034 3230 2091 confessorem
3297 2035 3636 2090 declarasset

1980 2104 2277 2159 miraculis.
2310 2105 2376 2159 Et
2419 2118 2488 2159 ne
2533 2104 2733 2174 aliquis
2771 2118 2959 2161 eorum
2991 2106 3194 2161 dubius
3219 2106 3481 2161 existeret
3508 2119 3633 2161 san-

1980 2181 2129 2230 ctum
2158 2175 2489 2230 Adalardum
2528 2190 2649 2231 esse
2679 2176 2932 2243 relatum,
2975 2178 3238 2245 reliquias
3286 2176 3529 2246 ejusdem
3561 2176 3633 2231 de

1980 2248 2317 2317 secretario,
2369 2247 2462 2300 ubi
2518 2252 2643 2302 ante
2692 2248 2951 2317 repositae
3002 2246 3253 2313 fuerant,
3308 2246 3633 2316 praesentari

1981 2316 2250 2372 fecerunt.
2282 2320 2425 2384 Quas
2451 2319 2673 2387 quidem
2712 2319 2768 2374 in
2809 2325 3109 2388 conspectu
3143 2318 3332 2388 populi
3362 2318 3634 2374 abstantis

1981 2389 2317 2455 extulerunt,
2358 2388 2638 2458 ipsasque,
2679 2396 2739 2444 ut
2787 2390 2939 2445 credi
2980 2392 3160 2454 decet,
3194 2391 3422 2459 antiquo
3462 2390 3632 2446 ebore

1982 2460 2301 2526 lucidiores,
2333 2461 2563 2529 visuque
2594 2474 2695 2530 pro
2725 2461 2809 2515 sui
2842 2463 3065 2516 raritate
3098 2461 3475 2526 delectabiles,
3499 2473 3633 2515 con-

1980 2532 2265 2599 spectibus
2303 2533 2546 2587 omnium
2577 2533 2871 2587 astantium
2903 2532 3210 2588 cernendas
3249 2532 3627 2601 praebuerunt.

1980 2605 2274 2672 Postquam
2314 2610 2495 2658 autem
2539 2604 2832 2672 praesentia
2860 2604 3037 2659 sancti
3067 2608 3277 2658 remota
3307 2610 3392 2659 est
3423 2602 3490 2657 ab
3520 2602 3636 2657 illis

1980 2675 2159 2729 omnis
2197 2674 2372 2729 nubes
2420 2674 2800 2741 dubitationis,
2843 2690 2967 2730 eum
3014 2674 3319 2730 honorifice
3366 2687 3633 2743 reposue-

1981 2753 2109 2817 runt
2154 2745 2211 2800 in
2259 2745 2454 2800 eodem
2484 2746 2749 2817 scrinio,
2808 2746 2956 2817 quod
3006 2746 3171 2816 paulo
3222 2752 3349 2801 ante
3398 2745 3631 2802 relatum

1980 2815 2156 2871 fuerat
2195 2830 2316 2871 cum
2355 2816 2575 2885 gaudio.

2060 2887 2141 2942 I4.
2182 2888 2298 2954 Quo
2338 2889 2442 2943 rite
2492 2890 2716 2957 peracto
2741 2930 2755 2953 ,
2820 2902 2981 2943 secus
3017 2891 3264 2943 sanctum
3305 2885 3629 2943 Gentianum

1982 2960 2225 3014 martvrii
2278 2972 2401 3014 rosa
2448 2959 2504 3013 in
2536 2960 2700 3014 domo
2734 2959 2829 3014 Dei
2869 2965 3187 3014 vernantem
3217 2958 3633 3014 collocaverunt

250 3028 660 3103 velargentum
684 3029 779 3103 _i|li
818 3044 927 3085 non
967 3029 1288 3103 dedit,__sed
1327 3030 1476 3100 quod
1514 3029 1711 3086 melius
1757 3032 2033 3103 erat,CS.
2060 3028 2397 3103 AAdalardum
2422 3074 2437 3095 ,
2487 3029 2756 3103 castitatis
2804 3031 2922 3086 lilio
2960 3036 3087 3086 ante
3120 3032 3285 3103 Deum
3317 3030 3625 3103 ﬂorentem.
3660 3042 3667 3050 ·

250 3100 434 3155 divina
492 3099 831 3156 concedente
878 3102 1072 3171 gratia,
1133 3101 1212 3156 illi
1261 3099 1473 3157 tribuit.
1522 3104 1654 3158 Nam
1703 3102 1899 3158 mirum

251 3172 309 3226 in
364 3171 585 3227 modum
636 3173 818 3227 statim
856 3172 1074 3229 videres
1121 3187 1320 3228 nervos
1374 3173 1527 3242 prius
1582 3180 1899 3229 contractos

248 3243 496 3304 extendi,
541 3248 721 3299 cutem
759 3244 1048 3313 disrumpi,
1086 3246 1405 3314 sanguinem
1454 3258 1694 3310 manare,
1728 3247 1899 3315 pedes

250 3329 525 3384 cruraque
562 3315 629 3370 ad
680 3315 980 3371 naturalem
1020 3316 1200 3371 locum
1250 3316 1474 3381 redire;
1525 3315 1677 3370 illum
1716 3322 1896 3371 autem

251 3400 367 3454 pra:
406 3386 591 3441 nimiis
636 3388 902 3456 angustiis
939 3386 1174 3457 fatigari,
1226 3389 1303 3442 ita
1348 3394 1408 3441 ut
1446 3401 1587 3456 pene
1617 3387 1899 3443 videretur

247 3457 507 3513 deficere.
567 3458 803 3514 Tandem
874 3458 930 3512 in
997 3460 1110 3514 suis
1174 3464 1393 3514 erectus
1458 3459 1722 3527 pedibus,
1783 3460 1894 3527 jam

248 3528 457 3584 nullius
502 3542 670 3599 egens
714 3529 1047 3585 adminiculo
1092 3529 1159 3584 ad
1206 3529 1465 3585 feretrum
1499 3530 1673 3584 sancti
1703 3543 1893 3584 acces-

246 3600 341 3656 sit.
374 3601 420 3656 Ο
455 3599 786 3656 laudandum
825 3601 921 3656 Dei
969 3600 1212 3656 donum!
1247 3616 1280 3656 ο
1321 3599 1730 3669 praedicandum
1760 3615 1892 3655 san-

246 3671 327 3729 cti
382 3672 677 3728 meritum!
739 3674 1041 3729 Praesentia
1099 3672 1352 3742 corporis
1391 3672 1509 3741 ejus
1561 3672 1781 3739 aberat,
1838 3674 1895 3727 et

1982 3101 2132 3157 Felix
2179 3101 2322 3165 aula,
2369 3117 2493 3171 quae
2534 3101 2701 3157 tantis
2751 3108 3092 3157 sustentatur
3138 3100 3445 3157 columnis!
3500 3100 3633 3156 felix

1980 3173 2234 3237 ecclesia,
2268 3187 2391 3241 quze
2422 3173 2589 3227 tantis
2641 3172 2978 3228 illuminatur
3025 3172 3302 3229 lucernis!
3347 3176 3408 3227 ut
3454 3176 3632 3226 tacea-
3704 3218 3707 3221 λ

1981 3258 2101 3299 mus
2130 3250 2383 3303 caeteros,
2425 3257 2659 3314 quorum
2703 3246 2998 3312 praesentia
3045 3243 3282 3300 feliciter
3311 3242 3429 3312 ipsa
3469 3242 3632 3298 ﬂoret

1980 3315 2223 3371 Ecclesia
2247 3356 2262 3381 ,
2306 3316 2429 3370 istis
2475 3316 2752 3371 tutoribus
2766 3315 3090 3385 protegitur
3120 3321 3317 3385 contra,
3341 3318 3628 3385 ventorum

1978 3387 2158 3451 ﬂatus,
2209 3394 2265 3441 et
2321 3393 2706 3455 tempestatum
2753 3384 2999 3441 fulmina.
3059 3387 3184 3441 Istis
3230 3384 3375 3440 enim
3427 3384 3630 3439 illumi-

1979 3458 2258 3521 nantibus,
2330 3454 2674 3526 repelluntur
2719 3456 2787 3511 ab
2844 3471 2909 3512 ea
2965 3457 3317 3512 tenebrarum
3364 3454 3630 3525 caligines

1979 3534 2034 3583 et
2073 3541 2368 3583 mimorum
2408 3528 2614 3583 nubila.
2667 3529 2807 3582 Istos
2853 3527 3039 3597 itaque
3087 3527 3442 3597 honoremus,
3490 3527 3630 3581 istos

1977 3600 2394 3725 :eneremurijn
2424 3600 2608 3667 terris,
2642 3605 2702 3654 ut
2731 3600 2907 3655 nostri
2936 3596 3209 3655 memores
3237 3611 3357 3654 esse
3388 3596 3625 3667 dignen-

2003 3685 2069 3725 ur
2105 3684 2162 3725 in
2202 3684 2286 3725 cce
2310 3684 2377 3725 IS.

1978 3676 2069 3726 tur
2105 3671 2162 3726 in
2202 3670 2377 3726 ctelis.

249 3806 3631 3850 Ἤ

1063 3936 1185 4062 S.
1277 3935 2026 4064 GERALDI
2112 3934 2831 4088 ABBATIS

1725 4147 2170 4235 CHARTA

462 4302 557 4366 De
589 4301 893 4387 precibus
922 4323 1040 4389 pro
1079 4301 1397 4369 fratribus
1437 4323 1572 4368 suae
1603 4302 2134 4388 congregationis
2164 4307 2233 4369 et
2261 4302 2403 4368 aliis
2432 4300 2552 4367 sibi
2583 4300 3052 4368 confoederatis
3080 4298 3418 4365 faciendis.

1546 4451 1767 4540 (Circa
1810 4473 2063 4519 annum
2114 4452 2341 4540 1091.)

403 4615 560 4695 (Dom
590 4614 859 4680 Mauram.
894 4612 1189 4670 Thesaurus
1216 4613 1495 4681 Anecdof.,
1531 4616 1663 4670 tom.
1693 4614 1737 4679 I,
1770 4612 1878 4669 col.
1908 4611 2014 4668 255
2045 4626 2112 4669 ex
2140 4612 2549 4685 Silvae-Majoris
2587 4609 2863 4671 chartario
2891 4625 2989 4669 seu
3020 4624 3085 4669 ex
3113 4610 3487 4683 Necrologio.)

327 4840 676 4908 Cognoscant
715 4851 924 4905 omnes,
966 4843 1074 4894 tam
1115 4842 1417 4908 praesentes
1446 4849 1608 4907 quam
1637 4835 2168 4897 subsecu-Dmissae
2218 4841 2275 4893 et
2318 4835 2518 4907 vigiliae
2569 4843 2924 4895 mortuorum.
2968 4836 3333 4895 communiter
3387 4837 3632 4894 celebra-

252 4928 391 4995 turi,
424 4929 554 4998 quia
587 4941 690 4999 ego
718 4928 982 4984 Geraldus
1010 4929 1222 4984 Sancta:
1260 4928 1445 4983 Maria:
1482 4924 1903 4996 Sylva-Majoris

251 5018 449 5083 abbas,
499 5019 748 5087 quamvis
792 5019 1071 5090 indignus,
1124 5017 1346 5073 utilitati
1384 5017 1630 5073 vivorum
1669 5021 1723 5071 et
1761 5028 1906 5069 mor-

256 5113 483 5161 tuorum
532 5105 848 5171 consulens,
899 5106 1175 5163 communi
1234 5106 1405 5160 totius
1459 5103 1906 5175 congregationis

255 5194 497 5250 consilio
535 5195 795 5262 stabilivi,
828 5200 902 5261 et,
944 5195 1091 5251 utin
1119 5201 1386 5251 aeternum
1431 5200 1669 5262 maneat,
1707 5191 1907 5249 litteris

254 5283 509 5339 mandari
548 5284 825 5355 praecepi,
875 5282 1024 5354 quod
1055 5284 1100 5339 si
1132 5285 1256 5352 quis
1286 5290 1489 5339 nostra:
1520 5281 1903 5353 congregatio-

254 5372 350 5429 nis
378 5373 680 5431 decesserit
727 5389 758 5430 a
795 5373 1024 5439 saeculo,
1073 5373 1468 5443 nobiscumque
1507 5373 1756 5443 sepultus
1783 5371 1909 5427 fue-

258 5463 355 5529 rit,
398 5477 573 5534 usque
612 5465 680 5520 ad
711 5477 911 5518 annum
963 5462 1119 5533 panis
1148 5468 1202 5518 et
1230 5462 1412 5517 vinum
1443 5463 1779 5533 pauperibus
1808 5474 1906 5531 pro

256 5567 330 5611 eo
369 5552 664 5620 tribuatur,
714 5558 771 5608 et
808 5566 980 5622 usque
1029 5550 1096 5605 ad
1146 5550 1369 5621 triginta
1397 5549 1517 5606 dies
1557 5551 1626 5605 ab
1656 5549 1908 5605 omnibus

1986 4928 2227 4997 buntur;
2276 4928 2349 4984 ita
2398 4928 2576 4984 autem
2624 4933 2685 4984 ut
2722 4927 2937 4998 priores
2964 4934 3175 4998 septem
3203 4928 3384 4984 missae
3414 4932 3469 4984 et
3496 4927 3634 4998 vigi-

1986 5017 2075 5074 liae
2104 5018 2446 5087 solemniter,
2470 5018 2702 5089 pulsatis
2726 5018 2900 5090 signis
2929 5018 3201 5085 omnibus,
3225 5017 3626 5088 persolvantur.

1989 5107 2344 5162 Sacerdotum
2403 5106 2778 5178 unusquisque
2824 5113 3034 5177 septem
3073 5107 3266 5162 missas
3303 5106 3626 5176 perorabit;

1989 5194 2083 5264 qui
2120 5195 2382 5251 sacerdos
2428 5209 2539 5252 non
2586 5200 2689 5264 est,
2730 5196 2835 5252 tria
2873 5196 3162 5266 psalteria;
3196 5195 3290 5266 qui
3322 5195 3388 5250 ad
3432 5194 3631 5265 psalte-

1989 5286 2129 5340 rium
2159 5286 2400 5341 nondum
2438 5288 2706 5357 pervenit,
2760 5302 2933 5358 usque
2979 5287 3048 5342 ad
3094 5285 3214 5341 dies
3252 5285 3474 5356 triginta
3512 5299 3635 5356 sep-

1991 5377 2097 5429 tem
2148 5374 2387 5444 psalmos
2435 5376 2683 5446 quotidie
2739 5376 3019 5444 cantabit;
3071 5374 3166 5446 qui
3213 5379 3394 5430 autem
3434 5374 3631 5442 nescit,

1989 5469 2200 5533 septem
2249 5464 2498 5534 quotidie
2555 5466 2847 5531 Miserere;
2907 5467 3001 5537 qui
3049 5478 3179 5521 vero
3219 5478 3320 5521 nec
3358 5463 3632 5532 Miserere,

1989 5552 2195 5622 septies
2231 5554 2486 5611 similiter
2530 5557 2689 5611 Pater
2742 5558 2934 5611 noster.
2984 5553 3138 5623 Quod
3194 5553 3241 5609 si
3298 5552 3438 5610 infra
3494 5553 3635 5610 duos
