4056 6150
463 203 597 257 1079

1648 203 1979 258 APPENDIX
2019 201 2105 254 AD
2143 199 2198 252 S.
2239 198 2624 253 GERALDUM.

3707 199 3846 253 10m

455 330 595 394 dies,
648 328 732 384 vel
777 335 1033 398 quatuor,
1085 328 1168 383 vel
1219 328 1378 384 etiam
1420 329 1672 399 amplius,
1723 329 1862 384 alter
1909 323 2470 392 deces—Asimiliter;
2523 324 2621 379 sed
2667 324 2840 394 signis
2894 335 3006 378 non
3073 322 3321 393 pulsatis,
3383 324 3626 393 psalmus
3675 326 3848 381 Verba

453 419 610 487 serit,
643 417 863 472 insimul
896 418 1142 486 utrisque
1175 418 1386 486 positis,
1421 418 1568 487 quod
1603 418 1696 473 uni
1731 416 1794 474 in
1830 416 2103 487 principio

458 508 756 572 minuetur,
805 507 960 561 ﬁnito
1007 507 1234 560 alterius
1281 505 1484 573 ofﬁcio,
1527 508 1870 563 restituetur.
1919 505 2106 560 Omnis

462 602 643 651 autem
674 595 1026 665 congregatio
1075 594 1266 662 primis
1301 601 1512 664 septem
1542 596 1738 651 diebus
1776 602 1902 650 ante
1933 594 2104 649 altare

462 693 590 753 post
637 683 932 753 capitulum
980 682 1220 750 psalmos
1268 689 1539 752 prostrata
1580 685 1840 740 cantabit.
1883 685 1938 738 Si
1977 696 2107 738 vero

468 774 524 828 in
557 773 712 837 cella,
747 786 870 840 quae
899 785 929 825 a
968 773 1300 826 monasterio
1340 772 1503 842 longe
1533 774 1623 840 sit,
1656 773 1855 843 aliquis
1885 772 2105 838 obierit,

473 868 645 918 totum
676 873 775 928 pro
797 873 863 914 eo
885 859 1034 928 quod
1071 874 1169 928 pro
1202 862 1459 929 praesenti
1492 863 1853 931 persolvatur,
1878 867 2109 930 excepto

470 950 617 1020 quod
651 948 805 1018 panis
835 953 889 1002 et
926 947 1110 1002 vinum
1149 949 1205 1002 in
1245 949 1384 1004 cella
1431 951 1524 1004 ubi
1565 950 1786 1016 obierit,
1829 965 2002 1020 usque
2041 951 2108 1006 ad

470 1050 692 1102 annum,
725 1037 868 1090 sicut
901 1036 1013 1105 jam
1045 1036 1251 1091 dictum
1291 1044 1394 1104 est,
1428 1039 1482 1093 in
1515 1038 1860 1109 eleemosyna
1898 1039 2110 1094 consti-

467 1130 672 1180 tuetur.

541 1216 617 1269 De
666 1213 1187 1284 congregationibus
1233 1220 1412 1270 autem
1451 1230 1574 1285 quae
1623 1217 1907 1272 nobiscum
1937 1217 2116 1272 socie-

466 1309 637 1358 tatem
684 1309 1036 1372 acceperunt,
1069 1303 1152 1358 vel
1192 1311 1500 1372 accepturae
1539 1313 1686 1371 sunt,
1721 1306 1765 1360 si
1805 1307 1929 1375 quis
1967 1305 2117 1360 obie-

471 1393 562 1459 rit,
613 1391 681 1446 ad
729 1405 941 1461 nosque
980 1393 1204 1447 nuntius
1257 1393 1586 1462 pervenerit,
1641 1400 1852 1464 septem
1900 1395 2111 1472 missas,

468 1480 808 1550 totidemque
851 1481 1065 1550 vigilias
1122 1483 1495 1552 persolvemus
1543 1485 1946 1549 communiter;
2005 1490 2118 1539 tres

2187 418 2312 483 post
2344 411 2679 482 capitulum;
2724 426 2834 481 quo
2865 412 2954 467 die
2985 411 3142 481 panis
3173 420 3227 467 et
3254 413 3366 468 vini
3399 415 3705 482 praabenda
3746 430 3849 484 pro

2187 517 2253 558 eo
2292 502 2532 557 dabitur.
2582 503 2686 557 Pro
2725 500 3018 556 abbatibus
3055 507 3237 556 autem
3285 503 3579 572 utriusque
3609 518 3854 574 congre-

2187 591 2443 661 gationis,
2486 596 2749 660 quantum
2797 604 2899 659 pro
2955 589 3122 645 fratre
3172 591 3418 660 ejusdem
3476 592 3586 647 loci
3646 592 3733 657 ﬁt,
3793 596 3846 647 in

2189 687 2452 738 aeternum
2493 681 2923 736 constituerunt.
2969 682 3083 735 Hoc
3122 680 3300 749 ipsum
3343 681 3401 735 ﬁt
3458 696 3560 750 pro
3611 697 3852 753 congre-

2190 771 2408 841 gatione
2447 769 2623 824 sancti
2661 769 2945 824 Benedicti
2977 769 3236 824 Nantolii.
3288 771 3405 825 Hoc
3445 771 3624 840 ipsum
3665 773 3852 842 agitur

2191 872 2292 928 pro
2333 859 2760 928 congregatione
2801 857 3151 923 Lucionensi,
3185 862 3239 912 et
3280 872 3380 926 pro
3419 859 3718 914 abbatibus
3760 862 3848 915 tri-

2192 947 2490 1012 cenarium,
2533 955 2587 1001 et
2624 953 2829 1001 sanctae
2859 946 3040 1001 Maria:
3087 945 3155 1000 de
3197 946 3513 1015 Pampilona
3551 950 3854 1003 canonico-

2193 1049 2334 1101 rum,
2367 1041 2422 1090 et
2453 1035 2626 1090 sancti
2659 1033 2940 1090 Michaelis
2976 1033 3045 1090 de
3075 1035 3292 1098 Eremo,
3314 1042 3368 1090 et
3398 1037 3585 1091 Sancti
3618 1039 3853 1092 Maurini

2195 1124 2263 1179 de
2283 1127 2529 1194 Agenno,
2553 1129 2608 1180 et
2637 1124 3029 1179 canonicorum
3057 1124 3233 1178 sancti
3265 1125 3494 1179 Romani
3525 1126 3597 1180 de
3629 1128 3853 1190 Blavia;

2195 1213 2449 1268 similiter
2503 1213 2714 1283 agimus
2767 1227 2866 1283 pro
2925 1212 3209 1268 monachis
3258 1220 3463 1269 sanctae
3516 1216 3708 1271 Maria:
3757 1217 3858 1270 Do-

2197 1301 2386 1367 lensis,
2442 1307 2498 1356 et
2554 1301 2731 1356 sancti
2777 1301 3052 1355 Vincentii
3109 1301 3508 1369 Laudunensis,
3561 1311 3620 1358 et
3678 1306 3856 1359 sancti

2198 1391 2345 1445 Petri
2375 1391 2742 1445 Ferrariensis
2779 1389 3052 1456 ecclesiae,
3093 1393 3148 1444 et
3197 1403 3297 1459 pro
3346 1391 3641 1446 abbatibus
3695 1393 3857 1448 trice-

2199 1479 2412 1535 narium
2443 1479 2831 1548 complebitur,
2873 1486 2981 1534 tam
3013 1479 3067 1533 in
3099 1479 3299 1547 missis,
3332 1494 3494 1549 quam
3529 1482 3589 1536 in
3627 1482 3855 1551 vigiliis,

466 1574 646 1624 autem
685 1569 898 1638 vigilias
927 1571 1132 1638 primas
1161 1586 1283 1625 cum
1323 1571 1656 1626 lectionibus
1693 1586 1908 1638 novem,
1944 1572 2118 1641 signis
2199 1575 2254 1624 et
2311 1568 2625 1622 scribentur
2678 1568 2735 1622 in
2799 1566 3214 1637 martyrologio,
3273 1574 3333 1622 ut
3387 1583 3612 1638 semper
3663 1579 3859 1640 agatur

467 1658 723 1713 omnibus
752 1658 1017 1726 pulsatis;
1053 1659 1293 1728 reliquas
1313 1674 1442 1714 vero
1473 1666 1709 1730 quatuor
1739 1675 1859 1714 cum
1892 1659 2070 1714 tribus
2097 1648 2174 1714 :B
2197 1657 2567 1712 anniversaria
2605 1656 3052 1712 commemoratio
3084 1670 3184 1725 pro
3215 1656 3296 1711 eis
3324 1676 3338 1722 ;
3381 1663 3436 1712 et
3481 1665 3697 1713 sancta:
3728 1661 3860 1714 Cru-

468 1748 542 1801 ita
582 1753 760 1800 tamen
795 1747 943 1816 quod
974 1747 1096 1817 ipso
1127 1749 1216 1804 die
1247 1763 1357 1818 quo
1397 1749 1623 1805 nuntius
1651 1749 1953 1815 advenerit,
1990 1755 2114 1818 post

469 1834 786 1904 capitulum,
838 1835 1009 1904 signis
1064 1837 1425 1902 sonantibus,
1495 1837 1735 1906 psalmus
1779 1837 1952 1893 Verba
1998 1853 2116 1892 mea

471 1939 571 1994 pro
611 1938 677 1980 eo
708 1929 994 1990 cantetur;
1029 1930 1084 1979 et
1122 1927 1215 1994 qui
1245 1927 1506 1982 sacerdos
1542 1926 1707 1982 fuerit
1739 1929 1958 1982 missam
1998 1941 2115 1982 ora-

470 2013 589 2079 bit;
643 2013 830 2067 czeteri
860 2026 990 2068 vero
1032 2013 1346 2082 psalterium
1383 2029 1589 2082 unum;
1635 2015 1729 2085 qui
1770 2016 1944 2070 nescit
1973 2015 2116 2085 psal-

471 2102 690 2167 terium,
741 2101 981 2170 psalmos
1027 2108 1276 2171 septem;
1319 2103 1413 2172 qui
1457 2118 1558 2159 nec
1605 2110 1815 2174 septem
1854 2103 2113 2174 psalmos,

472 2191 723 2245 Miserere
779 2191 1022 2259 septies;
1082 2192 1176 2260 qui
1230 2206 1360 2247 vero
1418 2206 1520 2247 nec
1575 2194 1850 2260 Miserere,
1911 2195 2118 2263 septies

471 2282 633 2334 Pater
659 2284 854 2333 noster.
897 2281 1364 2349 Congregationes
1391 2288 1571 2336 autem
1602 2289 1806 2337 nostrze
1837 2283 2118 2338 societatis

471 2368 559 2422 hae
597 2372 726 2422 sunt
766 2387 777 2422 :
831 2369 1186 2438 congregatio
1226 2369 1399 2424 sancti
1427 2369 1620 2425 Sicarii
1651 2370 1718 2424 de
1750 2372 2114 2438 Branstosma,

472 2457 648 2511 sancti
705 2456 968 2512 Florentii
1017 2457 1086 2512 de
1139 2457 1448 2525 Salmurio,
1505 2461 1857 2530 congregatio
1914 2466 2119 2516 sanctae

473 2545 624 2600 Fidis
661 2545 730 2599 de
758 2545 1017 2600 Conchis.

546 2635 662 2687 Hoc
719 2639 804 2687 est
858 2631 1038 2688 fmdus
1083 2633 1466 2690 indissolubile
1517 2635 1735 2705 Majoris
1780 2635 2116 2701 Monasterii,

475 2719 759 2790 Sylvaaque
790 2721 1008 2790 Majoris
1037 2721 1436 2789 coenobiorum,
1469 2722 1727 2779 videlicet
1766 2729 1826 2779 ut
1862 2723 2122 2778 fratribus

477 2808 762 2879 utriusque
821 2811 1139 2866 monasterii
1198 2818 1490 2882 utrumque
1529 2811 1828 2882 capitulum
1867 2819 1921 2867 et
1960 2826 2120 2868 omne

475 2897 820 2953 benefactum
859 2899 1144 2967 spirituale
1174 2905 1230 2955 et
1258 2901 1547 2970 corporale
1583 2901 1656 2956 sit
1693 2901 1969 2970 utrimque
2007 2915 2122 2956 om-

2198 1747 2278 1800 cis
2330 1745 2398 1800 de
2447 1743 2731 1814 Kimperlé,
2770 1750 2824 1799 et
2861 1745 3036 1799 sancti
3084 1744 3379 1800 Salvatoris
3417 1747 3656 1802 Karroﬁi
3687 1791 3703 1813 ,
3764 1749 3856 1802 sed

2198 1848 2299 1904 pro
2349 1832 2772 1888 Karrofensibns
2819 1832 2942 1901 plus
2989 1833 3205 1904 agitur;
3249 1834 3473 1904 triginta
3516 1835 3724 1891 diebus
3753 1838 3860 1891 sin-

2198 1923 2342 1994 gulis
2380 1922 2531 1977 boris
2579 1921 2818 1991 psalmus
2879 1924 3007 1976 Voce
3052 1937 3188 1988 mea,
3230 1923 3298 1977 ad
3350 1923 3592 1992 psalmos
3631 1924 3858 1981 familia-

2200 2027 2309 2078 res,
2360 2019 2414 2066 et
2464 2017 2590 2080 post
2627 2012 2944 2077 matutinos,
2988 2011 3156 2065 Verba
3189 2026 3324 2066 mea.
3371 2012 3638 2068 Similiter
3681 2017 3859 2084 agitur

2201 2113 2300 2168 pro
2340 2099 2765 2168 congregatione
2804 2099 2979 2154 sancti
3017 2099 3164 2154 Petri
3213 2099 3598 2169 Malliacensis,
3652 2110 3712 2157 et
3762 2118 3858 2173 pro

2201 2188 2491 2243 abbatibus
2533 2187 2971 2242 Malliacensibus
3019 2188 3242 2258 triginta
3291 2189 3485 2244 diebus
3555 2192 3856 2260 praebenda

2202 2277 2444 2343 dabitur,
2477 2280 2533 2332 et
2562 2289 2753 2331 omnes
2780 2274 2977 2330 fratres
3023 2277 3197 2346 ipsius
3237 2276 3343 2333 loci
3372 2278 3428 2332 in
3460 2282 3857 2351 martyrologio

2202 2371 2393 2421 nostro
2441 2365 2772 2420 scribantur.
2822 2367 2928 2420 Pro
2977 2366 3259 2421 monachis
3307 2367 3481 2423 sancti
3532 2370 3691 2424 Pauli
3733 2373 3860 2427 Cor-

2204 2455 2578 2521 meriacensis,
2621 2455 2783 2509 breve
2831 2460 3101 2524 accepto,
3151 2463 3280 2526 post
3331 2457 3638 2526 capitulum
3692 2459 3862 2530 signis

2203 2543 2555 2610 sonantibus,
2615 2541 2842 2598 facimus
2898 2543 3330 2612 absolutionem,
3391 2552 3447 2600 et
3507 2562 3612 2616 per
3650 2557 3860 2618 septem

2204 2632 2324 2687 dies
2352 2637 2562 2701 septem
2594 2629 2773 2686 ofﬁcia
2807 2631 2967 2700 plena
2997 2647 3118 2688 cum
3150 2632 3379 2689 totidem
3432 2635 3637 2700 missis,
3673 2646 3732 2691 et
3771 2651 3862 2706 per

2206 2720 2432 2790 triginta
2470 2719 2589 2774 dies
2633 2719 2800 2773 Verba
2837 2734 2955 2774 mea
2992 2727 3047 2775 et
3086 2723 3217 2774 Voce
3264 2737 3398 2776 mea.
3439 2723 3712 2778 Similiter

2205 2824 2327 2864 mus
2375 2822 2474 2878 pro
2522 2808 2950 2879 congregatione
3000 2810 3309 2876 Uscrcensi,
3355 2817 3410 2864 et
3449 2825 3550 2881 pro
3601 2811 3864 2867 fratribus

2207 2896 2536 2954 Gcnerensis
2564 2897 2902 2963 monasterii,
2947 2903 3001 2953 et
3048 2911 3148 2967 pro
3197 2899 3482 2954 monachis
3518 2903 3705 2956 sancti
3738 2903 3864 2956 Lau-

478 2987 642 3041 nibus
689 3000 998 3053 commune,
1049 2993 1105 3041 et
1151 2989 1330 3043 omnis
1368 3002 1467 3057 per
1513 2989 1695 3043 omnia
1724 2989 1982 3044 societas.
2018 2982 2422 3044 ProCnomari
2479 2986 2671 3052 Blesis,
2711 2993 2766 3042 et
2805 2986 2895 3042 die
2944 3000 3054 3055 quo
3110 2987 3274 3042 breve
3323 2989 3614 3044 recitatum
3683 2989 3866 3057 fuerit,

478 3073 740 3127 fratribus
787 3086 918 3128 vero
977 3073 1251 3128 defunctis
1307 3075 1474 3130 semel
1522 3076 1577 3130 in
1628 3090 1771 3132 anno
1827 3077 2125 3146 plenariam

479 3160 719 3231 vigiliam
758 3167 813 3216 et
868 3161 1088 3216 missam
1126 3161 1371 3218 festivam
1429 3163 1798 3230 celebramus,
1852 3171 1907 3221 et
1962 3165 2127 3221 breve

479 3257 730 3319 accepto,
773 3263 899 3305 mox
936 3249 1090 3306 ﬁnito
1130 3251 1392 3320 capitulo,
1444 3252 1613 3308 Verba
1661 3268 1806 3322 mea,
1857 3268 1979 3310 cum
2037 3269 2127 3323 ap-

481 3338 753 3409 pendiciis
791 3339 926 3405 suis,
977 3353 1078 3408 pro
1127 3339 1478 3396 absolutione
1521 3341 1748 3397 fratrum
1788 3343 1882 3412 qui
1912 3343 2128 3398 recitati

480 3426 705 3494 fuerint,
738 3427 969 3497 pulsatis
998 3429 1190 3499 signis,
1224 3429 1617 3499 persolvemus.

552 3518 751 3573 Notum
798 3518 870 3573 sit
917 3518 1190 3583 omnibus,
1233 3523 1342 3574 tam
1389 3520 1757 3589 praesentibus
1797 3535 1958 3592 quam
1988 3520 2129 3578 futu-

482 3607 577 3673 ris,
625 3606 773 3676 quod
822 3606 1057 3663 domnus
1101 3607 1218 3663 Odo
1249 3608 1418 3675 abbas
1455 3609 1639 3664 Sancti
1665 3609 1931 3664 Johannis
1959 3612 2133 3681 Ange-

485 3695 618 3750 riaci
646 3695 795 3750 venit
831 3696 887 3750 in
935 3695 1176 3766 capitulo
1215 3698 1427 3751 Sanctae
1466 3697 1648 3752 Maria:
1686 3697 2128 3768 Sylva-Maioris,

485 3790 541 3839 et
578 3783 812 3838 consilio
861 3782 1048 3837 domni
1093 3784 1310 3839 Geraldi
1357 3785 1591 3851 abbatis,
1643 3791 1698 3840 et
1747 3786 1988 3841 omnium
2027 3786 2133 3841 fra-

484 3880 651 3938 trum,
684 3884 784 3942 pro
815 3870 1090 3926 defunctis
1119 3870 1377 3928 fratribus
1405 3879 1713 3929 statuerunt
1753 3874 1984 3930 invicem
2010 3917 2025 3942 ,
2071 3882 2132 3930 ut

487 3959 606 4028 ipsa
645 3959 734 4013 die
782 3972 888 4026 qua
928 3959 1108 4014 brevis
1136 3959 1310 4028 ipsius
1335 3962 1566 4028 veniret,
1609 3961 1838 4030 pulsatis
1877 3963 2132 4018 omnibus

489 4049 679 4119 signis,
722 4047 1036 4117 plenissima
1073 4050 1256 4118 vigilia
1294 4057 1563 4116 oraretur,
1597 4053 1652 4106 in
1697 4053 1936 4107 crastino
1984 4054 2132 4109 simi-

488 4138 617 4194 liter
662 4135 826 4192 missa
880 4136 1217 4206 plenissime,
1276 4144 1332 4194 et
1389 4153 1561 4209 usque
1619 4140 1686 4195 ad
1742 4140 1862 4196 dies
1919 4148 2128 4211 septem

2213 3075 2508 3146 praebenda
2539 3075 2696 3145 panis
2725 3081 2781 3130 et
2807 3075 2940 3140 vini,
2983 3079 3037 3130 et
3084 3078 3258 3131 sancti
3308 3078 3455 3132 Petri
3485 3079 3866 3143 Carnotensis,

2212 3172 2267 3220 et
2311 3171 2518 3220 sanctae
2565 3164 2747 3219 Mariae
2783 3164 3139 3230 Guistrensis,
3173 3172 3228 3220 et
3274 3167 3448 3220 sancti
3497 3167 3772 3236 Stephani
3804 3169 3866 3223 de

2211 3251 2448 3320 Beania;
2499 3266 2599 3322 pro
2639 3251 2860 3307 clericis
2904 3252 3080 3307 sancti
3131 3253 3346 3308 Martini
3395 3253 3464 3308 de
3510 3255 3867 3311 Ruricicurte

2212 3346 2327 3396 tres
2354 3341 2569 3411 vigilias
2597 3347 2652 3395 et
2677 3346 2791 3395 tres
2829 3341 3021 3395 missas
3061 3361 3075 3405 ;
3113 3342 3286 3410 prima
3317 3350 3496 3397 tamen
3536 3343 3652 3408 die,
3689 3345 3870 3413 pulsa-

2213 3431 2285 3485 tis
2331 3429 2524 3500 signis,
2576 3429 2682 3484 hoc
2719 3429 2865 3484 idem
2918 3430 3130 3500 agimus
3178 3445 3279 3500 pro
3316 3431 3608 3487 sororibus
3658 3440 3868 3490 sancte

2213 3518 2394 3574 Mariae
2424 3519 2870 3583 Suessionensis;
2903 3517 3160 3574 similiter
3187 3519 3397 3591 agimus
3438 3534 3541 3590 pro
3582 3523 3870 3578 monachis

2213 3608 2387 3664 sancti
2445 3607 2590 3663 Petri
2643 3607 3119 3674 Solemniacensis,
3180 3622 3281 3677 pro
3347 3609 3636 3665 monachis
3693 3614 3866 3668 sancti

2213 3695 2427 3750 Martini
2474 3695 2543 3751 de
2585 3695 2820 3764 Campis,
2875 3703 3000 3764 post
3047 3696 3384 3766 capitulum,
3432 3697 3864 3768 absolutionem,

2214 3792 2270 3840 et
2325 3799 2486 3840 unam
2543 3784 2758 3854 plenam
2814 3785 3072 3855 vigiliam,
3133 3791 3188 3840 et
3243 3799 3404 3840 unam
3457 3787 3704 3842 missam.
3769 3792 3865 3845 Pro

2215 3873 2640 3945 congregatione
2675 3873 2924 3928 Exiensis
2971 3874 3212 3929 cmnobii
3255 3880 3466 3943 septem
3507 3877 3711 3932 missas
3749 3893 3864 3933 cum

2214 3963 2432 4034 vigiliis,
2465 3967 2520 4018 et
2550 3962 2848 4033 praebenda
2877 3962 2999 4032 ipso
3030 3962 3120 4018 die
3159 3977 3269 4033 quo
3310 3964 3492 4019 brevis
3522 3964 3583 4020 in
3623 3967 3863 4037 capitulo

2214 4052 2556 4108 recitabitur.
2609 4053 2727 4108 Hoc
2764 4051 2909 4107 idem
2956 4052 3016 4106 ﬁt
3064 4066 3163 4122 pro
3203 4053 3485 4109 canonicis
3531 4057 3716 4111 sancti
3755 4058 3863 4112 Ste—

2216 4141 2382 4212 phani
2410 4141 2750 4211 Agennensis
2777 4141 2946 4197 sedis.

1027 4488 1848 4632 APPENDIX
1941 4489 2142 4632 AD
2249 4489 2371 4631 S.
2460 4487 3333 4635 GERALDUM

1634 4815 2725 4904 COMMEMORATIONES

760 4988 804 5042 A
841 4986 1372 5042 SYLVE-MAJORIS
1407 4986 1747 5043 MONACHIS
1783 4987 1917 5042 PRO
1954 4987 2255 5043 ALIARUM
2294 4988 2757 5044 ECCLESIARUM
2794 4987 3088 5042 ALUMNIS
3127 4987 3308 5042 FIERI
3346 4986 3605 5042 SOLITIE

1165 5137 1457 5210 (Murum,
1493 5139 1768 5206 Thesaur.,
1799 5140 1999 5196 Anecd.
2039 5141 2080 5207 l,
2112 5138 2238 5208 257,
2271 5153 2338 5195 ex
2365 5138 2693 5208 Necrologio
2723 5136 3206 5209 Sylva-Majoris.)

566 5342 748 5400 Primo
784 5344 1045 5413 Januarii,
1077 5342 1303 5400 fratrum
1341 5350 1397 5399 et
1436 5344 1722 5414 parentum
1753 5338 2136 5397 defunctorum

499 5434 966 5491 commemoratio.

2299 5341 2345 5396 l.
2376 5340 2777 5398 Canonicorum
2806 5342 3018 5397 Sanctae
3048 5339 3238 5396 Crucis
3265 5335 3677 5396 Aurelianensis
3707 5338 3860 5394 missa

2222 5429 2383 5501 plena
2412 5435 2467 5486 et
2494 5429 2696 5502 vigilia.
2734 5429 2797 5484 16
2828 5427 3098 5486 Januarii.
