4056 6150
328 199 454 255 1081

845 207 1502 270 COMMEMORATIONES
1538 217 1885 272 SlLV.-MAJ.
1929 218 2088 278 mort.
2131 219 2263 273 PRO
2301 220 2406 274 AL.
2448 218 2715 276 ECCLES.
2759 221 3144 277 DEFUNCTIS.

3547 220 3683 277 1082

389 328 444 382 2.
477 330 877 386 Canonicorum
919 335 1094 389 sancti
1142 337 1436 407 1Emiliani,
1484 341 1648 397 missa
1697 342 1859 412 plena
1907 347 2035 405 etA
2123 345 2212 401 27.
2254 346 2384 400 ltem
2426 343 2649 400 fratrum
2680 346 2878 402 Gratia
2915 347 3030 413 Dei,
3062 347 3255 404 eodem
3287 349 3398 405 die.

320 418 525 488 vigilia.
554 418 625 471 26
651 421 913 475 Januarii.
1797 489 1804 495 ,

389 505 442 560 3.
485 508 732 562 Fratrum
780 512 930 565 Casa
976 511 1094 577 Dei,
1146 515 1310 571 missa
1349 517 1509 586 plena
1557 525 1612 574 et
1658 520 1863 591 vigilia,
1909 527 1964 577 et

321 596 672 651 tricenarium
713 597 954 667 plenum,
987 600 1218 671 singulis
1247 604 1443 660 diebus
1474 609 1769 677 prabenda
1807 612 1963 679 panis

320 692 375 739 et
403 685 534 749 vini,
570 700 692 740 cum
724 687 954 757 reliquis
984 690 1140 744 cibis.
1173 690 1208 744 3
1238 694 1540 751 Februarii.

389 772 443 827 4.
476 774 680 829 Eodem
749 776 837 830 die
904 780 1296 836 canonicorum
1361 785 1536 840 sancti
1601 788 1829 843 Joannis
1891 789 1960 845 de

321 860 652 916 Valentinas.
694 861 728 915 3
765 864 1068 921 Februarii.

387 948 441 1004 5.
485 952 732 1006 Fratrum
792 953 860 1007 de
908 956 1182 1023 Borcieto,
1236 958 1396 1014 missa
1444 961 1604 1030 plena
1652 970 1705 1019 et
1752 965 1956 1034 vigilia.

324 1037 386 1090 l3
425 1039 727 1094 Februarii.

2116 432 2205 486 28.
2274 434 2674 490 Canonicorum
2748 440 2952 492 sancta
3025 435 3206 491 Maria
3282 438 3678 495 Laudunensis.

2052 520 2114 573 l4
2151 521 2298 576 Julii.

2116 608 2204 661 29.
2247 611 2490 665 Fratrum
2557 611 2734 666 sancti
2798 612 3017 675 Severi,
3096 613 3274 668 tribus
3349 616 3682 684 pauperibus

2044 697 2340 765 prabenda
2373 698 2552 764 datur,
2586 713 2708 754 cum
2739 701 2956 755 cateris
2985 700 3143 755 cibis.
3184 701 3253 753 27
3281 702 3431 758 Julii.

2119 785 2207 842 30.
2265 788 2663 843 Canonicorum
2737 791 2912 844 sancti
2987 791 3247 859 Stephani
3321 793 3679 862 Agennensis,

2041 874 2204 930 missa
2245 875 2454 942 festive,
2489 883 2544 930 et
2573 877 2755 946 vigilia
2794 877 2973 946 plena.
3015 877 3050 930 4
3077 879 3326 946 Augusti.

2111 963 2200 1016 31.
2243 966 2375 1019 ltem
2416 965 2805 1020 canonicorum
2847 966 2915 1020 de
2946 967 3169 1031 Castris,
3202 966 3393 1021 eodem
3425 967 3536 1022 die.

2109 1051 2198 1108 32.
2241 1055 2489 1108 Fratrum
2520 1053 2693 1108 sancti
2731 1054 2994 1122 Stephani
3023 1055 3445 1110 Lemovicensis.
3487 1054 3550 1107 12
3578 1059 3679 1110 Au-

386 1127 442 1179 6.
477 1129 722 1183 Fratrum
753 1132 928 1186 sancti
968 1132 1128 1203 Eligii
1167 1135 1567 1206 Noviomensis,
1599 1141 1762 1196 missa
1799 1143 1958 1212 plena
2039 1144 2203 1214 gusti.

317 1222 372 1270 et
400 1216 620 1286 vigilia;
663 1219 960 1287 prabenda
999 1236 1121 1276 cum
1152 1223 1290 1279 cibis
1329 1226 1507 1282 danda
1542 1249 1553 1284 :
1597 1230 1830 1299 quilibet
1877 1248 1959 1288 sa-

317 1305 513 1360 cerdos
560 1307 709 1362 (licet
764 1323 926 1364 unam
983 1311 1223 1380 missam,
1275 1314 1367 1369 alii
1430 1323 1636 1387 septem
1697 1322 1955 1390 psalmos.

314 1394 471 1448 Feria
501 1410 556 1448 ιγ
595 1397 870 1453 Cinerum.

382 1483 438 1536 7.
480 1485 726 1539 Fratrum
765 1487 1204 1546 Pramonstrata
1250 1493 1522 1560 ecclesia,
1577 1498 1738 1552 missa
1788 1505 1843 1554 et
1880 1500 1959 1553 vi-

312 1571 462 1641 gilia.
495 1572 558 1624 21
592 1575 897 1631 Februarii.

2111 1231 2200 1286 33.
2267 1232 2452 1286 Sancti
2523 1231 2748 1287 Joannis
2821 1233 2954 1288 Novi
3031 1233 3347 1289 monasterii
3426 1234 3678 1288 Pictavis.

2045 1324 2223 1465 1632.“
2228 1327 2487 1465 ἑἓιιιῗιῐίινωιι
2520 1409 2588 1465 de
2619 1410 2948 1476 Cancellata,
2983 1410 3146 1466 missa
3191 1405 3383 1466 festive
3415 1417 3470 1467 et
3499 1413 3681 1482 vigilia

2042 1500 2221 1570 plena.
2264 1498 2334 1552 23
2367 1499 2617 1569 Augusti.

2109 1588 2198 1648 .35.
2233 1588 2633 1644 Canonicorum
2665 1588 2977 1644 Ausciensis
3006 1588 3277 1656 ecclesia,
3302 1588 3464 1643 missa
3492 1587 3684 1644 festive

384 1661 436 1716 8.
480 1663 879 1720 Canonicorum
927 1668 1420 1737 Catalaunensium,
1464 1673 1626 1728 missa
1685 1675 1844 1744 plena
1901 1669 2098 1733 etBet
2126 1677 2308 1749 vigilia
2349 1678 2530 1747 plena,
2562 1678 2756 1733 eodem
2792 1679 2902 1734 die.

311 1750 512 1820 vigilia.
546 1753 702 1806 Feria
732 1769 770 1807 ιι
804 1761 928 1823 post
955 1757 1293 1814 Dominicam
1324 1776 1342 1814 1
1371 1762 1829 1833 Quadragesima.

381 1839 432 1893 9.
469 1842 715 1896 Fratrum
756 1844 1145 1902 Auriliacensis
1185 1851 1524 1917 monasterii,
1557 1853 1721 1909 missa
1749 1853 1958 1912 festalis

312 1935 366 1983 et
398 1929 713 1998 prabenda.
745 1932 815 1984 27
846 1933 1150 1989 Februarii.

389 2017 469 2071 10.
522 2019 769 2075 Fratrum
807 2023 980 2076 sancti
1040 2025 1245 2092 Severi,
1295 2029 1685 2086 canonicorum
1739 2034 1955 2088 Casar—

308 2109 740 2176 augustensium,
784 2117 838 2165 et
881 2112 1345 2181 Lincolnensium,
1398 2123 1453 2172 et
1500 2117 1727 2175 fratrum
1778 2122 1954 2176 Sarla.

309 2195 564 2261 tensium,
599 2198 760 2253 missa
795 2199 955 2268 plena
985 2206 1039 2255 et
1068 2202 1272 2271 vigilia.
1318 2203 1382 2257 10
1409 2207 1606 2262 Martii.

384 2284 467 2337 11.
517 2287 765 2340 Fratrum
839 2289 1336 2358 Suessionensium,
1405 2295 1701 2362 prabenda
1775 2297 1952 2354 danda

305 2373 502 2428 eodem
533 2372 642 2426 die.

383 2459 467 2515 12.
509 2463 759 2517 Fratrum
806 2465 1228 2534 Figiacensium,
1279 2469 1442 2525 missa
1501 2472 1663 2540 plena
1710 2481 1764 2528 et
1809 2475 1952 2545 vigi-

303 2547 398 2612 lia,
443 2549 739 2616 prabenda
794 2557 1030 2620 quatuor
1095 2558 1448 2626 pauperibus.
1519 2561 1673 2616 Feria
1714 2577 1770 2615 iv
1826 2571 1952 2632 post

303 2638 528 2690 Latare.

381 2723 464 2780 13.
522 2726 871 2794 Aquiciensis
927 2733 1244 2788 monasterii
1297 2734 1556 2802 oﬂicium,
1607 2739 1771 2794 missa
1826 2755 1947 2795 cum

304 2811 614 2882 pulsatione
671 2815 977 2885 signorum,
1027 2819 1204 2876 tribus
1261 2824 1596 2892 pauperibus
1653 2827 1948 2896 prabenda

302 2899 483 2955 datur.
531 2901 595 2954 16
631 2904 831 2959 Martii.

379 2989 462 3046 l4.
503 2992 722 3060 Majoris
751 2995 1088 3051 Monasterii.
1138 2996 1200 3051 15
1232 3000 1455 3068 Aprilis.

378 3077 460 3133 15.
502 3081 962 3139 Commemoratio
1012 3093 1298 3155 parentum
1340 3095 1395 3144 et
1440 3089 1666 3147 fratrum
1706 3095 1760 3148 S.
1791 3098 1946 3151 Aste-

303 3166 370 3221 rii
400 3166 754 3226 confessoris.
792 3173 946 3228 Feria
977 3189 1013 3228 ιι
1054 3175 1374 3245 incipientis
1402 3180 1694 3247 passionis.

376 3253 456 3310 16.
499 3257 895 3315 Canonicorum
943 3264 1556 3334 Casaraugustensium,
1617 3271 1800 3336 missa,
1861 3272 1944 3326 vi-

299 3343 447 3412 gilia,
482 3346 656 3401 tribus
688 3350 1026 3418 pauperibus
1061 3354 1359 3421 prabenda
1397 3356 1579 3412 datur.
1619 3358 1690 3411 26
1718 3361 1940 3428 Aprilis.

2111 1767 2200 1822 36.
2245 1769 2376 1822 Item
2425 1765 2650 1822 fratrum
2705 1768 2879 1822 sancti
2938 1766 3117 1822 lsuadi
3175 1766 3243 1820 de
3303 1766 3590 1836 Bardanay
3629 1768 3684 1822 in

2039 1857 2252 1927 Anglia,
2286 1855 2478 1910 eodem
2509 1856 2619 1910 die.

2110 1943 2198 1996 37.
2260 1943 2660 1999 Canonicorum
2727 1943 2901 1998 sancti
2966 1942 3210 2012 Caprasii
3279 1941 3347 1997 de
3414 1945 3682 2012 Agenno,

2039 2034 2204 2088 missa
2233 2032 2395 2102 plena
2424 2039 2479 2087 et
2507 2032 2709 2102 vigilia,
2735 2038 2790 2087 et
2819 2032 2995 2087 tribus
3023 2031 3358 2101 pauperibus
3388 2032 3684 2100 prabenda

2037 2123 2217 2176 datur.
2266 2121 2329 2173 19
2365 2121 2721 2190 Septembris.

2105 2209 2196 2263 38.
2238 2209 2522 2264 Inchoatio
2571 2209 2850 2263 tricenarii
2892 2223 2990 2278 pro
3028 2208 3291 2264 fratribus
3329 2209 3503 2263 sancti
3543 2209 3676 2263 Dio-

2038 2297 2198 2367 nysii,
2240 2297 2474 2367 singulis
2510 2299 2669 2352 annis
2707 2297 2976 2352 reddendi
3015 2304 3206 2353 octavo
3253 2297 3370 2354 Kal.
3403 2297 3676 2353 Octobris.

2107 2386 2195 2441 39.
2239 2389 2485 2442 Fratrum
2516 2387 2585 2442 de
2614 2386 2914 2442 Belloloco.
2954 2385 3017 2438 10
3048 2386 3322 2442 Octobris.

2104 2472 2194 2528 40.
2236 2475 2636 2529 Canonicorum
2695 2474 3100 2544 Bajonensium,
3161 2474 3323 2529 missa
3377 2472 3568 2529 festive
3626 2480 3680 2528 et

2036 2561 2220 2631 vigilia
2259 2562 2439 2631 plena.
2481 2562 2542 2615 l5
2570 2563 2842 2619 Octobris.

2103 2650 2194 2707 41.
2235 2654 2483 2708 Fratrum
2542 2652 2610 2708 de
2669 2660 2854 2708 monte
2910 2652 3156 2718 Cassino,
3210 2651 3374 2706 missa
3422 2652 3586 2722 plena
3623 2659 3679 2707 et

2033 2741 2235 2811 vigilia.
2284 2742 2348 2794 19
2384 2742 2656 2798 Octobris.

2103 2831 2192 2886 42.
2253 2833 2500 2887 Fratrum
2567 2832 2743 2887 sancti
2809 2829 3023 2886 Martini
3086 2830 3440 2895 Guistrensis,
3511 2831 3675 2884 missa

2038 2918 2198 2987 plena
2227 2925 2281 2974 et
2309 2920 2513 2990 vigilia.
2545 2919 2579 2972 3
2608 2919 2949 2976 Novembris.

1965 2992 2007 3050 C
2100 3007 2190 3060 42.
2234 3010 2481 3063 Fratrum
2536 3008 2604 3064 de
2660 3010 2862 3079 Burge,
2919 3008 3083 3063 missa
3140 3007 3352 3074 festive,
3393 3012 3449 3062 et
3490 3007 3673 3077 vigilia

2031 3096 2212 3164 plena.
2244 3097 2279 3149 4
2308 3098 2648 3153 Novembris.

2099 3184 2188 3239 44.
2231 3186 2632 3241 Canonicorum
2688 3185 3044 3256 Aquensium,
3085 3186 3248 3240 missa
3287 3185 3448 3254 plena
3495 3191 3550 3240 et
3587 3185 3672 3240 vi-

2027 3273 2177 3343 gilia,
2211 3275 2406 3330 eodem
2439 3275 2549 3332 die.

2097 3363 2186 3418 45.
2243 3365 2489 3418 Fratrum
2547 3362 3090 3426 Solemniacensium,
3151 3361 3314 3417 missa
3369 3361 3559 3416 festive
3617 3370 3672 3416 et

376 3432 457 3487 17.
501 3435 746 3491 Fratrum
776 3439 1104 3495 Orbacensis
1132 3446 1468 3512 monasterii,
1502 3446 1665 3501 missa
1697 3448 1858 3516 plena
1889 3458 1942 3504 et
2024 3452 2208 3523 vigilia
2240 3453 2420 3521 plena,
2456 3458 2510 3507 et
2541 3451 2838 3521 prabenda
2878 3451 3054 3507 tribus
3091 3451 3444 3521 pauperibus,
3477 3451 3668 3507 eodem

298 3519 500 3589 vigilia.
539 3522 597 3575 ιι
631 3526 774 3581 Maii.

372 3609 455 3665 18.
499 3614 745 3670 Fratrum
775 3617 950 3672 sancti
980 3618 1259 3686 Martialis,
1295 3621 1593 3689 prabenda
1627 3624 1790 3678 datur
1818 3640 1940 3680 cum

297 3698 527 3768 reliquis
555 3703 712 3757 cibis.
748 3703 784 3756 3
810 3705 978 3760 Junii.

373 3787 455 3841 l9.
497 3791 744 3848 Fratrum
792 3795 1064 3851 Uticensis
1111 3797 1383 3866 ecclesia,
1434 3801 1731 3868 prabenda
1779 3804 1943 3860 datur

295 3889 417 3931 cum
449 3879 676 3949 reliquis
715 3883 844 3947 cibi,
879 3885 1072 3939 eodem
1112 3885 1222 3941 die.

365 3965 454 4020 20.
495 3969 741 4024 Fratrum
771 3973 1199 4030 Grandimontis.
1248 3975 1312 4028 18
1339 3977 1509 4032 Junii.

362 4055 452 4112 21.
493 4059 677 4114 Sancti
724 4061 871 4115 Petri
902 4061 970 4117 de
1017 4064 1272 4127 Corbeia,
1304 4066 1521 4122 missam
1572 4068 1807 4137 quilibet
1843 4085 1935 4126 sa-

273 4144 511 4211 cerdos,
568 4154 621 4201 et
677 4149 975 4217 prabenda
1036 4151 1200 4207 datur
1256 4154 1520 4210 tredecim
1577 4159 1933 4228 pauperibus.

291 4231 362 4285 20
394 4234 562 4289 Junii.

2027 3541 2135 3596 die.

2096 3630 2185 3686 46.
2227 3630 2684 3686 Commemoratio
2734 3628 2961 3684 fratrum
3011 3627 3472 3694 Cluniacensium,
3505 3626 3669 3681 missa

2026 3721 2186 3791 plena
2217 3726 2271 3776 et
2300 3720 2502 3790 vigilia,
2535 3719 2770 3788 quilibet
2807 3719 3067 3774 sacerdos
3104 3732 3267 3774 unam
3307 3717 3546 3782 missam,
3577 3715 3670 3770 alii

2024 3816 2232 3879 septem
2276 3809 2534 3879 psalmos.
2585 3809 2646 3861 12
2683 3808 3026 3864 Novembris.

2093 3899 2183 3953 47.
2227 3901 2474 3954 Fratrum
2504 3899 2678 3953 sancti
2709 3898 2958 3964 Faronis,
2992 3897 3157 3953 missa
3190 3895 3349 3966 plena
3380 3900 3435 3950 et
3463 3893 3668 3965 vigilia,

2023 3989 2510 4133 eoggandtlesancti
2560 4076 2823 4146 Stephani
2874 4075 3269 4132 canonicorum
3308 4075 3376 4131 de
3415 4073 3671 4129 Maurita-

2020 4181 2142 4232 nea,
2166 4167 2330 4222 missa
2355 4165 2547 4222 festive
2578 4173 2633 4221 et
2653 4166 2838 4236 vigilia
2867 4166 3049 4235 plena,
3073 4172 3128 4220 et
3160 4163 3457 4234 prabenda
3482 4163 3664 4227 datur,

2023 4257 2217 4313 eodem
2247 4256 2356 4312 die.

362 4322 451 4376 22.
491 4325 891 4383 Canonicorum
915 4331 1200 4386 Aturensis
1229 4333 1500 4400 ecclesia,
1523 4336 1688 4391 missa
1716 4337 1930 4406 festive,
1951 4339 2001 4398 D
2093 4344 2185 4397 49.
2225 4345 2627 4400 Canonicorum
2663 4343 2839 4398 sancti
2885 4341 3100 4398 Martini
3131 4341 3199 4397 de
3229 4344 3463 4406 Corona,
3497 4338 3662 4392 missa

291 4417 346 4466 et
373 4413 554 4484 vigilia
585 4416 766 4485 plena,
800 4418 994 4474 eodem
1026 4419 1136 4476 die.

360 4499 446 4556 23.
489 4503 673 4559 Sancti
718 4507 945 4562 Joannis
993 4508 1422 4579 Angeliacensis,
1467 4513 1630 4569 missa
1678 4515 1840 4584 plena
1880 4525 1935 4574 et

287 4590 490 4660 vigilia,
533 4594 884 4652 tricenarium
925 4596 1168 4666 plenum,
1210 4598 1435 4655 dabitur
1471 4603 1769 4670 prabenda
1809 4621 1931 4664 cum

287 4678 518 4749 reliquis
546 4682 704 4738 cibis.
736 4682 808 4736 25
834 4685 1003 4741 Junii.

357 4767 446 4825 24.
489 4771 734 4827 Fratrum
774 4776 950 4831 sancti
989 4775 1141 4831 Pauli
1179 4777 1367 4834 Roma
1397 4784 1453 4834 et
1481 4781 1656 4836 sancti
1686 4784 1833 4839 Petri
1863 4785 1932 4841 de

287 4857 472 4924 Papia,
504 4858 666 4914 missa
697 4859 889 4918 festive
921 4869 976 4918 et
1003 4863 1187 4933 vigilia
1219 4865 1400 4934 plena.
1433 4867 1468 4919 4
1493 4868 1642 4925 Julii.

356 4944 446 4999 25.
491 4948 737 5005 Fratrum
766 4952 1175 5023 Burdigalensis
1204 4958 1544 5012 monasterii.
1571 4959 1606 5010 7
1633 4959 1782 5017 Julii.

359 5034 447 5090 26.
489 5039 945 5099 Commemoratio
976 5041 1200 5099 fratrum
1231 5047 1382 5102 Casa
1413 5048 1530 5104 Dei.
1572 5048 1635 5102 12
1659 5051 1810 5107 Julii.

2019 4433 2180 4503 plena
2218 4440 2272 4488 et
2301 4433 2504 4503 vigilia.
2553 4432 2618 4486 13
2645 4432 2985 4488 Novembris.

2088 4520 2178 4578 50.
2238 4523 2641 4578 Canonicorum
2716 4522 2892 4577 sancti
2968 4520 3184 4575 Martini

2017 4611 2468 4755 θοὲῗῖῃιθῗέιῗινυιιι
2505 4700 2815 4756 Solaeensis
2851 4699 3122 4756 ecclesia.
3161 4699 3196 4753 4
3231 4697 3569 4754 Decembris.

2085 4787 2175 4841 52.
2217 4789 2617 4846 Canonicorum
2655 4790 2831 4845 sancti
2860 4788 3109 4857 Amandi,
3152 4788 3448 4860 prabenda
3477 4789 3658 4855 datur,

2015 4877 2463 5024 θοὲξδηρῗξῖὲυω
2496 4967 2671 5024 sancti
2702 4967 2956 5038 Remigii,
2988 4967 3152 5024 missa
3182 4968 3343 5038 plena
3373 4973 3428 5024 et
3451 4966 3654 5037 vigilia.

2017 5054 2082 5108 l4
2118 5057 2454 5114 Decembris.

3261 4518 3658 4584 Laudunensis.

1738 5307 2213 5363 muUWQIUUWw
