4056 6150
1544 468 1732 514 CIRCA
1793 470 2029 514 ANNUM
2094 469 2327 514 DOMINI
2390 469 2615 515 MLXXX

1607 654 2544 801 FOLCARDUS

1186 913 1490 971 COENOBII
1528 915 1940 972 SITHIVENSIS
1974 917 2153 971 APUD
2190 916 2579 987 ATREBATES
2615 915 2976 971 MONACHUS

1528 1132 1976 1253 NOTITIA
2049 1166 2636 1256 HISTORICA

1064 1313 1257 1384 (Cave,
1298 1314 1625 1385 Scriptorum
1661 1313 2127 1369 ecclesiasticarum
2165 1314 2406 1369 Historia
2443 1313 2723 1378 litteraria,
2759 1329 2887 1386 pag.
2926 1313 3084 1385 531.)

469 1434 790 1504 Folcardus,
825 1437 1067 1510 cqanobii
1106 1438 1429 1495 Sithivensis
1475 1440 1620 1508 apud
1650 1439 1937 1494 Atrebates
1992 1439 2311 1504 monachus,
2345 1439 2543 1495 claruit
2581 1453 2725 1496 anno
2770 1438 2927 1505 1060,
2959 1439 3165 1510 diuque
3194 1439 3462 1509 deinceps
3490 1438 3785 1510 vixit.7Vir

439 1515 683 1581 roAsorte
723 1509 914 1564 saeculi
954 1524 1064 1579 quo
1096 1511 1227 1565 vivit
1264 1523 1374 1566 non
1415 1511 1691 1577 indoctus,
1723 1510 1990 1566 Gulielmo
2026 1510 2323 1581 Anglorum
2356 1512 2688 1581 regi,quem
2731 1512 3129 1581 Conqueslorem
3164 1524 3442 1575 vocamus,
3475 1509 3781 1565 admodum

424 1578 708 1651 ’amiliaris,
742 1581 835 1649 qui
866 1578 1091 1636 subacta
1137 1583 1330 1651 Anglia
1378 1582 1554 1651 ipsum
1596 1584 1846 1637 Torneiaa
1888 1578 2209 1651 prmposuit,
2242 1583 2335 1637 ubi
2366 1578 2455 1636 xv]
2495 1578 2608 1637 fere
2638 1583 2798 1637 annis
2835 1578 3051 1637 abbatis
3078 1582 3225 1637 vices
3253 1581 3551 1651 supplevit.
3584 1583 3689 1636 Diu
3722 1582 3782 1636 in

398 1650 590 1723 Anglia
620 1660 867 1706 versatus
896 1659 951 1707 et
982 1654 1159 1708 donec
1197 1650 1336 1708 ortis
1363 1650 1514 1708 illum
1549 1656 1695 1709 inter
1723 1663 1776 1708 et
1807 1650 2126 1723 episcopum
2168 1654 2607 1709 Lincolniensem
2639 1653 3029 1717 simultatibus,
3061 1653 3130 1707 ad
3160 1650 3553 1708 monaSterium
3612 1667 3781 1708 suum

400 1721 709 1795 Sithivense
742 1725 991 1778 recessit.
1034 1727 1092 1779 1n
1124 1725 1336 1780 litteras
1364 1727 1512 1780 misit
1551 1727 1728 1795 primo
1758 1721 1979 1794 quidem
2000 1721 2120 1794 per
2148 1726 2555 1793 compendium,
2590 1725 2791 1781 deinde
2823 1725 3139 1794 reCOgnitos
3168 1733 3223 1780 et
3251 1732 3445 1780 auctos
3473 1726 3549 1779 De
3578 1725 3695 1779 vita
3724 1730 3783 1779 et

401 1793 682 1873 miraculis
709 1795 1281 1873 AS._Bertini__ab_batis
1328 1793 1869 1873 Sithivensislibros
1911 1793 2069 1873 duos,
2106 1811 2245 1873 quos
2294 1796 2693 1873 lioviniﬂabbati
2736 1811 2837 1853 suo
2868 1793 3174 1873 inscripsit.
3206 1798 3320 1873 Hos
3348 1810 3415 1873 ex
3444 1810 3580 1873 mss.
3618 1795 3782 1850 codi-

406 1863 566 1938 cibus
596 1865 912 1938 Bertiniano
944 1874 998 1921 et
1030 1867 1325 1922 Vedastino
1366 1868 1539 1923 edidit
1582 1867 1929 1923 Mabillonius
1964 1870 2100 1923 Saac.
2124 1863 2415 1923 "Benedict.
2448 1868 2539 1933 111,
2569 1875 2715 1938 part.
2758 1884 2795 1931 1,
2830 1882 2935 1937 pag
2993 1863 3128 1932 104;
3172 1868 3265 1936 qui
3297 1868 3459 1922 etiam
3494 1867 3698 1921 librum
3742 1882 3781 1922 ιι

411 1935 818 2009 Miraculorum,
862 1937 930 1992 ab
960 1945 1185 1993 auctore
1216 1952 1489 2009 anonymo
1520 1940 1666 1993 circa
1697 1939 1911 1993 initium
1960 1939 2145 1994 saeculi
2186 1955 2220 1994 x
2256 1941 2542 2008 scriptum,
2569 1935 3135 2008 subjecitfReceuset
3172 1935 3392 2008 quidem
3434 1939 3633 1993 Baleus
3678 1938 3786 2008 (De

400 2006 583 2079 script.
618 2013 764 2063 cent.
798 2024 857 2074 11,
895 2023 948 2077 p.
996 2008 1121 2079 164)
1184 2006 1504 2065 Folcardum
1556 2010 1843 2079 quemdam
1893 2006 2394 2074 Dorobornensem',
2443 2006 2691 2065 cmnobii
2721 2011 3133 2065 Cantuariensis
3188 2006 3541 2074 monachum,
3594 2006 3777 2064 virum

404 2077 806 2151 doctissimum,
838 2093 981 2134 anno
1024 2077 1156 2133 1060
1185 2082 1412 2147 clarum,
1445 2077 1605 2150 quem
1640 2082 1891 2137 eumdem
1940 2097 2061 2137 cum
2112 2090 2305 2137 nostro
2352 2082 2520 2137 fuisse
2565 2082 2957 2149 existimamus,
2990 2096 3264 2151 quemque
3302 2082 3524 2136 Aldredi
3568 2081 3783 2136 Ebora-

400 2150 644 2223 censium
677 2151 1103 2223 archiepiscopi,
1140 2154 1318 2223 magni
1349 2153 1434 2208 sui
1466 2155 1781 2208 Mecmnatis
1813 2156 1991 2222 jussu,
2023 2155 2097 2208 De
2126 2156 2232 2207 vita
2263 2159 2318 2207 et
2365 2154 2645 2208 miraculis
2687 2155 2915 2209 Joannis
2956 2150 3360 2222 archiepiscopi
3405 2153 3784 2207 Eboracensis

402 2218 575 2275 libros
605 2220 764 2287 duos,
800 2222 995 2294 cidem
1024 2218 1265 2280 Aldredo
1315 2233 1680 2294 nuncupatos,
1731 2218 1895 2294 atque
1943 2224 2049 2279 alia
2097 2225 2346 2293 quaedam
2395 2226 2703 2294 scripsisse.
2751 2226 2945 2280 Baleus
2992 2218 3176 2279 refert.
3231 2218 3391 2280 Certe
3440 2223 3778 2279 Folcardum

403 2297 651 2366 nostrum
700 2295 753 2348 8.
787 2293 1021 2366 Oswaldi
1054 2295 1454 2362 Wigorniensis
1500 2293 1769 2366 episcopi,
1807 2293 2149 2366 aliorumque
2196 2304 2509 2351 sanctorum
2556 2297 2764 2365 Anglize
2811 2296 3071 2352 historias
3101 2297 3342 2351 suaviter
3368 2296 3776 2364 composuisse,

407 2364 565 2436 testis
595 2369 678 2436 est
704 2364 1001 2436 Ordericus
1040 2367 1250 2430 Vitatis,
1284 2364 1549 2435 ejusdem'
1578 2364 1717 2436 pene
1767 2368 2032 2436 temporis
2061 2364 2320 2436 scriptor
2352 2369 2489 2423 llist.
2524 2364 2670 2422 Eccl.
2705 2368 2801 2423 lib.
2842 2384 2902 2433 11,
2934 2367 3001 2421 ad
3031 2381 3160 2421 ann.
3200 2366 3354 2432 1118,
3387 2367 3478 2421 ubi
3517 2367 3678 2435 plura
3709 2366 3781 2421 de

402 2434 890 2515 Eolcardonhabet.
924 2438 1071 2515 Vita;
1089 2434 1323 2515 Joannis
1345 2434 1748 2515 archiepiscopi
1786 2434 2153 2515 Eboracensis
2180 2434 2211 2493 a
2256 2438 2526 2515 fo_lcard_o
2558 2440 2780 2515 scripta:
2826 2439 3073 2515 meminit
3092 2438 3269 2515 etiam
3305 2445 3499 2493 auctor
3520 2434 3780 2493 incertus

400 2505 475 2580 De
505 2505 615 2559 vita
661 2507 725 2580 S_._
748 2508 977 2562 Joannis
1024 2510 1255 2565 Monast.
1288 2505 1766 2580 Anglic.,'tom.'l,
1799 2511 1892 2580 qui
1928 2512 2134 2579 pariter
2161 2524 2224 2565 ac
2255 2510 2448 2564 Baleus
2478 2505 2802 2566 Folcardum
2848 2510 3293 2566 Cantuariensem
3346 2517 3525 2573 vocat,
3569 2524 3784 2580 mona-

402 2574 840 2651 chumscilicet,
874 2592 985 2633 non
1035 2581 1181 2651 quod
1229 2574 1578 2637 Mabillonius
1606 2574 1961 2646 male'habet,
1994 2582 2442 2637 Cantuarieusem
2488 2582 2986 2651 archiepiscopum.
3021 2582 3193 2635 Vitam
3241 2583 3410 2650 ipsam
3432 2579 3631 2635 extulit
3673 2582 3784 2634 Ma-

402 2645 666 2723 billonius
717 2650 854 2705 Saec.
890 2645 1170 2723 Benedict.
1205 2654 1294 2718 Ill,
1330 2659 1471 2721 part.
1505 2665 1548 2718 ι,
1598 2666 1718 2723 pag.
1751 2652 1876 2707 433.
1928 2653 2147 2708 Librum
2182 2667 2311 2707 vero
2360 2645 2771 2719 Miraculorum,
2813 2645 2974 2723 quem
3024 2652 3184 2707 etiam
3235 2645 3501 2707 memorat
3558 2651 3779 2717 Baleus,

408 2720 655 2795 reperire
687 2734 797 2775 non
831 2722 1029 2791 potuit.
1067 2725 1139 2778 De
1170 2724 1293 2778 aliis
1323 2720 1458 2779 Vitae
1489 2720 1815 2779 Bertinianae
1847 2725 2231 2793 scriptoribus,
2263 2738 2537 2794 anonymo
2567 2725 2801 2795 quodam
2831 2720 3168 2793 antiquiore,
3194 2730 3247 2778 et
3278 2723 3550 2792 Folquino
3578 2723 3783 2778 abbate

398 2790 674 2865 bobiensi,
707 2790 965 2848 ActOrum
999 2795 1160 2850 etiam
1191 2796 1281 2851 SS.
1306 2796 1621 2861 Audomari,
1648 2796 1898 2865 Folquini
1939 2790 2487 2865 episcolii,Winnoci
2520 2790 2814 2851 et'Salvini
2854 2790 3216 2864 com'pilatore
3256 2790 3533 2864 anonymo
3565 2795 3771 2860 altero,

404 2860 646 2938 denique
678 2864 899 2938 Simone
931 2866 1128 2921 abbate
1151 2867 1467 2938 Sithivensi,
1493 2860 1728 2923 exeante
1758 2860 2065 2923 saculo'xn
2086 2860 2259 2935 claro,
2283 2868 2440 2938 plura
2472 2875 2525 2923 te
2547 2867 2771 2923 docebit
2792 2874 2847 2923 et
2874 2860 3221 2923 Mabillonius
3239 2867 3296 2921 in
3318 2860 3784 2923 Observationibm

398 2935 630 3002 prwviis,
662 2935 757 2989 ubi
786 2950 972 3005 supra,
1006 2952 1130 3007 pag.
1168 2937 1287 2991 104.

1406 3220 1775 3365 VITA
1877 3223 2000 3365 S.
2106 3224 2688 3365 BERTIN
2704 3226 2754 3365 Ι

1144 3470 1619 3557 ABBATIS
1678 3469 2346 3556 SITHIVENSIS
2402 3470 2515 3556 IN
2572 3470 3025 3557 MOBINIS

1730 3644 2026 3711 Auctore
2088 3644 2443 3709 FOLCARDO

1004 3814 1180 3886 (Apud
1219 3815 1470 3883 Manna,
1518 3817 1654 3872 Acta
1701 3814 1813 3872 SS.
1861 3812 1978 3869 ord.
2029 3813 2046 3867 ὲ

2142 3810 2339 3866 Bened.
2389 3812 2483 3880 ΙΙΙ,
2524 3816 2679 3882 parte
2718 3828 2778 3880 11,
2828 3826 2951 3884 pag.
3019 3811 3166 3884 101.)

1367 4066 2266 4158 OBSERVATIONES
2331 4066 2806 4152 PRIEVI/E

473 4235 522 4290 1.
574 4236 726 4293 Multi
772 4240 926 4307 gesta
962 4236 1018 4291 8.
1050 4235 1256 4293 Bertini
1302 4236 1517 4293 abbatis
1554 4237 1609 4292 in
1639 4236 1853 4291 litteras
1890 4229 2450 4300 retu-Asubprioris,
2484 4235 2598 4286 tum
2644 4231 3022 4288 humanissimi
3051 4234 3113 4288 Ι).
3144 4232 3372 4289 Gerardi
3400 4233 3472 4289 du
3509 4234 3614 4291 Val
3658 4252 3783 4294 cm.

401 4326 537 4383 lere.
598 4328 703 4383 Sex
756 4326 981 4383 omnino
1024 4326 1246 4383 invenio
1279 4326 1509 4398 hujusce
1547 4325 1853 4398 argumenti
1893 4325 2045 4381 lucu-
2126 4319 2352 4375 nobitae.
2404 4319 2504 4375 Hic
2534 4320 2755 4375 unicum
2795 4321 3119 4377 exhibemus
3163 4322 3511 4390 Folcardum,
3546 4325 3619 4381 de
3658 4326 3783 4383 aliis

401 4416 703 4473 brationes.
728 4417 907 4473 Prima
933 4421 1018 4473 est
1047 4417 1302 4488 anonymi
1334 4416 1638 4486 cujusdam,
1663 4429 1825 4486 quem
1856 4415 2046 4471 caateri

401 4510 594 4576 postea
640 4506 815 4562 secuti
872 4509 1019 4562 sunt.
1075 4505 1324 4562 Secunda
1380 4505 1635 4576 Folquini
1685 4505 1899 4561 abbatis
1944 4506 2048 4560 Lo-

402 4595 631 4663 biensis,
672 4594 766 4666 qui
813 4597 946 4651 Acta
984 4595 1076 4651 SS.
1128 4594 1445 4660 Audomari,
1504 4594 1731 4661 Bertini,
1792 4593 2047 4664 Folquini

400 4684 669 4755 episcopi,
702 4684 958 4741 Winnoci
1007 4688 1063 4739 et
1106 4682 1296 4740 Silvini
1349 4683 1591 4739 Waltero
1639 4682 1823 4738 abbati
1870 4683 2045 4739 Berti-

400 4774 589 4842 niano,
612 4786 758 4830 anno
786 4773 893 4828 996
923 4777 1141 4830 mortuo
1172 4773 1522 4843 nuncupavit.
1557 4772 1739 4828 Tertia
1768 4777 1824 4827 et
1852 4775 2046 4840 quarta

402 4870 683 4921 auctorem
747 4863 953 4919 habent
1008 4862 1364 4929 Folcardum,
1422 4861 1746 4917 Sithivensis
1806 4859 2047 4916 cmnobii

402 4954 749 5011 monachum.
780 4951 978 5021 Quinta
1009 4957 1065 5008 et
1102 4957 1254 5008 sexta
1287 4952 1514 5007 metrice
1547 4950 1866 5020 composita:
1896 4955 2044 5016 sunt,

402 5057 513 5099 una
559 5044 782 5114 quidem
834 5043 903 5098 ab
952 5054 1224 5113 anonymo
1277 5041 1535 5112 quodam,
1577 5040 1679 5095 alia
1732 5055 1761 5095 a
1804 5041 2044 5104 Simone,

403 5139 464 5189 ut
520 5138 733 5205 putant,
784 5132 982 5189 abbate
1038 5131 1332 5188 Sithivensi
1379 5131 1481 5186 sub
1520 5130 1681 5185 ﬁnem
1728 5128 1917 5184 saeculi
1946 5143 2044 5192 xu,

405 5238 718 5295 quanquam
765 5226 1005 5280 Joannes
1040 5221 1256 5293 Iperius
1284 5221 1352 5277 de
1382 5221 1601 5276 Simone
1631 5219 1827 5274 abbate
1857 5230 2045 5288 agens,

406 5314 525 5383 ejus
552 5314 655 5381 rei,
686 5314 743 5370 ni
770 5313 950 5381 lallor,
982 5312 1128 5369 haud
1158 5311 1424 5368 meminit.
1463 5311 1708 5378 Quatuor
1745 5314 2049 5377 postremas

407 5403 740 5473 scriptiones
768 5419 799 5461 e
828 5403 1163 5462 monasterio
1192 5400 1487 5459 Sithivensi
1515 5398 1847 5468 accepimus,
1881 5397 2049 5452 bene-

410 5492 537 5557 ﬂcio
576 5497 688 5548 tum
724 5494 828 5550 viri
876 5491 1275 5564 religiosissimi
1324 5492 1384 5545 D.
1410 5487 1637 5547 Joannis
1663 5488 1735 5543 Le
1762 5487 2045 5558 Pecqueur,

2128 4408 2450 4465 auctoribus
2480 4423 2655 4479 pauca
2694 4409 2919 4466 dicturi.

2199 4496 2255 4551 2.
2309 4500 2652 4569 Anonymum
2701 4500 2820 4554 Vita
2876 4497 3207 4555 Bertinianaa
3259 4499 3591 4570 scriptorem
3653 4518 3785 4574 per-

2129 4586 2413 4657 antiquum
2462 4585 2689 4643 laudant
2733 4593 2929 4645 auctor
2964 4588 3090 4644 libri
3130 4590 3205 4643 De
3235 4589 3406 4659 gestis
3433 4590 3489 4645 S.
3524 4591 3785 4648 Winnoei

2129 4675 2364 4743 abbatis,
2398 4676 2699 4733 Folcardus
2727 4684 2782 4733 et
2820 4677 2913 4733 alii
2948 4698 2961 4733 :
3006 4676 3332 4748 Folquinnm
3376 4678 3624 4735 Jacobus
3663 4681 3787 4736 lal-

2132 4765 2372 4821 brancus
2401 4767 2624 4836 passim,
2653 4768 2884 4823 maxime
2913 4768 2969 4822 in
3000 4767 3229 4824 scholiis
3257 4768 3326 4824 ad
3356 4781 3478 4839 cap.
3517 4768 3571 4837 1,
3602 4770 3706 4826 lib.
3730 4786 3787 4826 ιιι

2128 4857 2205 4911 De
2251 4855 2496 4924 Morinis,
2531 4856 2624 4912 ubi
2673 4858 2749 4912 ait
2800 4857 3134 4927 Folquinum
3182 4857 3238 4913 in
3267 4857 3419 4913 Actis
3465 4859 3561 4915 SS.
3592 4860 3787 4917 Audo-

2130 4944 2287 5012 mari,
2321 4945 2549 5011 Bertini,
2584 4950 2715 5014 etc.,
2748 4946 2917 5002 multa
2948 4947 3286 5016 praeteriisse
3315 4962 3441 5017 quae
3471 4947 3622 5019 apud
3649 4951 3790 5007 alios

2130 5035 2376 5104 reperire
2425 5041 2529 5100 est,
2580 5036 2709 5106 quia
2756 5036 3101 5093 solummodo
3148 5051 3211 5092 ea
3260 5038 3508 5093 inserere
3548 5040 3607 5094 in
3647 5042 3788 5095 votis

2130 5124 2323 5179 habuit
2369 5139 2493 5194 quae
2542 5124 2876 5182 lectionibus
2924 5126 3185 5183 Breviarii
3237 5135 3464 5198 possent
3508 5130 3783 5200 adaptari.

2132 5214 2287 5269 Hunc
2338 5220 2531 5283 putant
2569 5228 2690 5271 esse
2737 5215 3066 5286 Folquinum
3105 5216 3321 5273 levitam
3360 5225 3416 5273 et
3453 5218 3783 5274 monachum

2132 5301 2525 5369 Bertinianum,
2586 5304 2679 5374 qui
2739 5305 3049 5375 principum
3106 5320 3174 5362 ac
3231 5320 3421 5377 regum
3478 5307 3785 5378 diplomata

2130 5390 2346 5461 aliaque
2378 5391 2740 5449 instrumenta
2778 5393 2835 5450 in
2867 5408 3034 5450 unum
3074 5395 3279 5460 retulit,
3313 5401 3370 5450 et
3396 5396 3558 5450 annis
3596 5410 3782 5467 regum

2131 5492 2305 5537 annos
2344 5481 2644 5539 Dominicae
2693 5483 3095 5541 Incarnationis
3144 5484 3389 5555 aptavit;
3440 5498 3549 5555 qua
3578 5486 3635 5541 in
3668 5498 3726 5541 re
3753 5498 3780 5535 a
