4056 6150
403 236 539 293 1087

1518 231 1847 288 FOLCARDI
1887 231 2186 287 MONACHI
2224 230 2637 288 SITHIVENSIS

3633 218 3778 274 1088

396 364 689 419 Remorum
728 357 1149 430 archiepiscopo
1187 374 1257 415 vn
1287 360 1473 416 Nonas
1514 356 1647 413 Maii
1668 378 1685 421 ,-
1735 354 2264 416 TranslatioAvillaa
2293 355 2377 413 vel
2424 354 2531 413 loci
2581 354 2673 425 qui
2726 351 2904 410 Sithiu
2934 350 3243 415 dicebatur,
3284 359 3448 418 quam
3476 344 3777 402 ecclesiam

398 451 639 521 denique
676 450 733 504 in
763 448 979 504 thecam
1028 448 1409 519 pretiosiorem
1440 445 1645 501 saeculo
1675 460 1773 501 xm
1814 459 1911 515 per
1940 446 2040 499 Pe-

352 525 369 536 ’
399 546 543 595 trum
582 537 917 593 Morinorum
966 536 1285 605 episcopum
1332 550 1444 590 xvn
1482 532 1714 589 Kalend.
1772 532 2037 601 Augusti;

399 628 468 683 de
498 627 700 697 quibus
728 625 869 681 intra
898 624 1012 680 suis
1040 624 1198 679 locis.
1728 666 1733 669 .

464 718 521 770 7.
579 718 662 772 An
718 715 970 771 Bertinus
1035 712 1353 769 monasterii
1430 711 1758 767 Sithivensis
1835 711 2042 780 primus

399 806 569 861 abbas
614 803 798 870 fuerit,
843 802 1039 857 merito
1086 799 1328 856 dubitari
1368 804 1570 869 potest.
1622 800 1873 869 Scriptor
1902 798 2038 853 Vita:

399 897 453 952 8.
487 892 782 950 Audomari
813 890 1060 960 episcopi
1104 889 1522 956 Tarvennensis,
1556 888 1719 944 edita
1760 886 1965 944 saaculo
2004 902 2043 941 u

403 981 631 1050 Bened.,
664 980 897 1049 primum
936 978 1117 1035 locum
1156 978 1351 1034 tribuit
1401 977 1773 1043 Mummolino,
1823 976 2042 1032 Bertino

399 1068 720 1128 secundum.
797 1069 1036 1123 Joannes
1110 1068 1322 1137 lperius
1376 1081 1405 1122 e
1464 1066 1713 1137 catalogo
1786 1066 2042 1121 abbatum

399 1158 787 1216 Sithivensium
836 1157 1056 1227 penitus
1104 1156 1365 1227 expungit
1412 1156 1841 1222 Mummolinum,
1882 1168 2042 1224 quem

401 1248 622 1305 Bertino
645 1252 984 1316 postponunt
1013 1246 1409 1302 Sammarthani
1439 1245 1495 1300 in
1524 1244 1692 1301 Gallia
1713 1244 2040 1309 Christiana,

399 1342 453 1393 at
502 1336 777 1391 immerito
827 1341 997 1390 certe.
1031 1334 1312 1404 Siquidem
1345 1333 1730 1389 Mnmmolinus
1768 1334 1825 1388 Β.
1868 1332 2044 1403 Eligio

400 1424 668 1481 successit
704 1425 763 1479 in
792 1424 979 1480 sedem
1026 1423 1514 1494 Noviomagensem
1552 1436 1696 1478 anno
1725 1421 1851 1489 669,
1884 1422 2045 1491 eique

403 1512 623 1584 prtefuit
644 1528 744 1584 per
778 1512 962 1582 viginti
1004 1528 1103 1567 sea:
1149 1528 1335 1578 annos,
1368 1518 1604 1567 testante
1635 1518 1861 1567 auctore
1907 1510 2046 1565 Vitae

402 1604 456 1659 S.
497 1602 791 1658 Audomari
827 1622 840 1656 :
892 1600 1238 1671 proindeque
1307 1600 1470 1671 longe
1499 1607 1627 1656 ante
1668 1602 1721 1655 S.
1764 1599 2046 1655 Bertinum

2122 448 2181 502 Β.
2222 446 2476 502 Bertinus
2521 443 2767 501 fundavit
2822 442 2880 497 in
2935 442 3145 497 honore
3202 440 3263 494 B.
3303 436 3453 493 Petri
3507 432 3773 505 apostoli,

2123 536 2218 606 qui
2247 535 2427 591 adhuc
2484 548 2631 590 nunc
2689 538 2774 588 est
2811 536 2868 587 et
2912 532 3077 586 Pater
3124 534 3181 584 et
3226 530 3513 597 patronus.
3561 523 3775 579 Deinde

2123 626 2181 679 B.
2224 626 2301 680 P.-
2326 625 2549 681 Bertino
2581 635 2810 679 numero
2848 625 3164 675 sanctorum
3204 616 3459 681 adaucto,
3492 612 3625 683 quia
3655 612 3779 681 ipse

2127 714 2334 783 primus
2382 713 2643 768 fundator
2689 717 2881 766 noster
2910 708 3214 773 exstiterat,
3247 707 3315 761 ab
3346 718 3413 760 eo
3451 702 3782 758 denomina-

2125 807 2214 858 tus
2252 808 2335 857 est
2378 802 2534 858 locus
2562 800 2955 857 monasterium
2985 798 3039 853 S.
3082 795 3291 851 Bertini
3345 791 3662 848 Sithiensis.
3692 791 3781 860 [Et

2127 896 2186 947 ut
2235 891 2474 948 nominis
2526 889 2969 960 recompensatio
3037 887 3215 953 fieret,
3284 889 3608 941 constructa
3676 879 3783 935 fuit

2127 981 2360 1036 ecclesia
2393 983 2451 1036 Β.
2494 983 2657 1036 Petro
2688 979 2756 1034 ad
2803 976 3205 1034 occidentalem
3245 980 3457 1044 partem
3487 968 3683 1039 templi
3712 968 3783 1023 ad

2127 1071 2339 1141 plagam
2381 1069 2895 1141 septentrionalem,
2945 1081 2977 1122 a
3046 1079 3154 1136 qua
3222 1063 3401 1119 adhuc
3462 1060 3785 1116 nominatur

2127 1167 2285 1229 porta
2351 1161 2407 1214 S.
2460 1160 2608 1215 Petri
2649 1159 2875 1213 ibidem.
2926 1158 3093 1211 Beato
3150 1166 3281 1209 vero
3331 1150 3568 1207 Martino
3634 1146 3786 1202 facta

2126 1246 2229 1303 fuit
2266 1248 2500 1304 ecclesia
2534 1250 2688 1317 juxta
2719 1247 2868 1303 illam
2917 1259 3041 1314 quae
3088 1256 3235 1298 nunc
3282 1246 3367 1297 est
3412 1236 3791 1309 parrochialis

2128 1337 2363 1392 ecclesia
2417 1339 2472 1393 S.
2515 1336 2729 1392 Martini
2761 1336 2816 1390 in
2857 1334 3055 1390 insula.
3098 1334 3163 1387 Et
3192 1332 3339 1386 inter
3384 1329 3521 1385 duas
3560 1327 3665 1382 has
3685 1340 3786 1379 ec-

2128 1426 2325 1482 clesias
2351 1433 2666 1482 sanctorum
2692 1425 2840 1481 Petri
2869 1427 2926 1480 et
2963 1422 3179 1479 Martini
3224 1418 3427 1475 factum
3466 1422 3554 1473 est
3581 1413 3786 1484 hospi-

2129 1514 2236 1570 tale
2276 1530 2575 1585 pauperum
2606 1529 2704 1570 seu
2745 1513 2941 1569 domus
2986 1511 3391 1580 cleemosynaz;
3424 1508 3512 1562 via
3557 1518 3788 1575 quoque

2132 1609 2346 1674 patens,
2379 1619 2478 1674 per
2505 1618 2669 1674 quam
2698 1602 2768 1658 de
2824 1615 2933 1657 una
2976 1600 3212 1656 ecclesia
3241 1597 3310 1653 ad
3347 1596 3530 1664 aliam,
3588 1609 3655 1649 ac
3716 1593 3789 1647 de

402 1692 585 1746 vivere
651 1690 835 1745 desiit.
904 1690 1030 1745 Veri
1096 1690 1275 1745 simile
1334 1698 1417 1745 est
1481 1689 1890 1745 Mummolinum
1949 1687 2111 1757 perB
2132 1692 2391 1763 hospitali
2460 1692 2529 1748 ad
2587 1698 2876 1760 utramque
2932 1690 3155 1760 patebat
3202 1688 3504 1758 ingressus.
3558 1685 3789 1738 Demum

404 1791 579 1834 annos
606 1793 699 1833 XIV
727 1784 852 1833 ante
885 1778 1073 1833 initam
1113 1778 1300 1834 sedem
1349 1778 1720 1848 episcopalem
1760 1776 2066 1848 praefuisse,

404 1867 657 1922 abbatem
698 1868 870 1922 Veteri
897 1868 1240 1934 Monasterio,
1264 1866 1411 1937 quod
1434 1866 1838 1937 nomen-ipsius
1865 1866 2048 1921 hacte-

408 1969 510 2010 nus
549 1956 814 2023 retinuit;
856 1961 911 2010 et
941 1969 1126 2011 curam
1179 1956 1435 2011 habuisse
1474 1954 1696 2011 fabricae
1742 1956 1870 2011 novi
1923 1968 2045 2010 mo-

407 2043 635 2099 nasterii
709 2043 1070 2109 Sithivensis;
1123 2056 1232 2100 non
1310 2050 1490 2099 tamen
1548 2058 1614 2100 eo
1674 2043 1783 2099 loci
1841 2043 2049 2099 rexisse

408 2131 726 2199 monachos,
796 2133 900 2186 nisi
958 2132 1099 2187 forte
1141 2132 1210 2187 ad
1267 2133 1431 2188 breve
1487 2138 1723 2202 tempus,
1784 2145 1850 2187 eo
1899 2132 2048 2202 quod

406 2220 624 2277 vixdum
685 2218 930 2290 perfecto
984 2220 1240 2276 cmnobio
1299 2227 1488 2291 raptus
1535 2220 1608 2275 sit
1645 2220 1713 2276 ad
1756 2220 2053 2290 episcopa-

409 2313 560 2375 tum;
595 2322 721 2364 mox
768 2322 898 2364 vero
927 2308 1208 2365 Bertinum
1256 2307 1479 2365 fabricae
1525 2322 1834 2379 supremam
1877 2309 2053 2379 impo-

409 2400 584 2454 suisse
632 2410 872 2466 manum,
914 2404 970 2453 et
998 2398 1232 2455 coloniae
1261 2398 1654 2454 monachorum
1696 2398 2052 2468 praepositum

407 2487 596 2544 fuisse.

425 2614 439 2627 ρ
481 2575 534 2632 8.
594 2575 901 2633 Sithivense
959 2590 1058 2633 seu
1121 2576 1396 2633 Sithiense
1454 2576 1842 2633 monasterium
1909 2589 2054 2632 anno

413 2665 562 2722 circa
599 2664 706 2719 660
753 2664 1013 2721 aedificari
1066 2671 1305 2736 emptum
1352 2666 1409 2721 in
1459 2679 1599 2737 pago
1630 2666 1989 2732 Tarvennico,
2023 2679 2056 2721 a

413 2754 589 2824 prima
626 2754 710 2810 sui
744 2755 957 2825 origine
996 2754 1409 2824 amplissimum,
1451 2755 1719 2811 hactenus
1750 2756 1805 2811 S.
1848 2755 2055 2811 Bertini

412 2842 633 2899 nomine
682 2842 1015 2910 celebratur,
1055 2843 1328 2899 inclusum
1366 2844 1539 2899 muris
1573 2843 2052 2913 Audomaropolis,

411 2944 536 3001 qua:
592 2930 726 2986 urbs
771 2944 801 2985 a
839 2932 1158 2987 monasterii
1214 2931 1534 2987 celebritate
1580 2937 1721 2996 orta,
1780 2932 1848 2986 ab
1897 2932 2057 2986 annis

2129 1783 2257 1853 igne
2314 1781 2543 1837 fortuito
2603 1781 2946 1850 consumptis
3003 1778 3257 1834 ccclesiis
3306 1777 3595 1832 beatorum
3635 1771 3793 1827 Petri

2132 1871 2370 1942 apostoli
2409 1886 2474 1927 ac
2502 1871 2731 1937 Bertini,
2762 1876 3011 1940 tempore
3058 1868 3247 1925 domni
3294 1865 3559 1921 Roderici
3607 1862 3789 1917 abba-

2134 1962 2205 2018 tis
2266 1963 2375 2033 (qui
2420 1977 2558 2017 anno
2602 1960 2732 2015 1021
2771 1974 3003 2032 privasse
3048 1957 3228 2030 mpii)
3286 1956 3603 2012 ordinatum
3662 1952 3788 2013 fuit.

2132 2050 2281 2122 quod
2338 2050 2518 2106 adhuc
2583 2049 2748 2105 hodie
2803 2054 3072 2112 servatur,
3142 2046 3291 2116 quod
3348 2043 3539 2113 templi
3605 2039 3787 2097 nostri

2132 2140 2307 2209 majus
2359 2138 2551 2206 altare,
2613 2139 2721 2193 imo
2762 2137 3057 2206 ipsummet
3099 2134 3359 2203 templum
3398 2143 3622 2201 semper
3654 2142 3789 2184 con-

2131 2233 2381 2284 secratur
2434 2228 2490 2282 in
2548 2226 2760 2283 honore
2813 2227 2873 2281 Β.
2940 2224 3122 2280 Mariae
3181 2222 3441 2294 Virginis,
3490 2221 3785 2276 beatorum

2132 2325 2312 2387 apost.
2363 2318 2510 2373 Petri
2575 2324 2631 2373 et
2667 2314 2820 2371 Pauli
2876 2321 3042 2384 atque
3080 2315 3140 2369 Β.
3182 2313 3389 2369 Bertini
3444 2308 3789 2367 confessoris

2133 2406 2335 2463 Christi
2360 2425 2374 2472 ;
2408 2405 2711 2461 secundum
2730 2419 2860 2461 vero
2889 2404 3061 2459 altare
3099 2404 3156 2458 in
3177 2416 3287 2473 quo
3314 2400 3459 2458 solet
3486 2399 3601 2455 dici
3622 2399 3792 2453 missa

2136 2494 2511 2563 matutinalis,
2571 2508 2791 2564 semper
2856 2492 3249 2563 appropriatur
3303 2498 3360 2546 et
3423 2494 3791 2545 consecratur

2136 2584 2193 2640 in
2232 2584 2444 2640 honore
2473 2586 2527 2640 S.
2570 2581 2787 2639 Martini
2825 2580 3161 2638 Turonensis
3196 2577 3467 2650 epiSCOpi.
3507 2593 3539 2633 ι)
3581 2578 3787 2632 Hacte-

2137 2687 2242 2729 nus
2271 2672 2504 2742 lperius.

2215 2761 2299 2815 10.
2341 2760 2490 2816 Istud
2520 2759 2847 2815 asceterinm
2876 2765 3027 2813 tanta
3065 2755 3330 2827 religione
3360 2762 3416 2811 et
3442 2759 3651 2810 sanctae
3684 2754 3793 2808 Re-

2136 2849 2277 2919 gula:
2309 2848 2460 2904 cultu
2484 2862 2583 2917 per
2609 2848 2789 2903 varias
2808 2845 3133 2902 alternantis
3157 2845 3410 2901 humana:
3440 2841 3789 2898 conditionis

2142 2938 2293 2993 vices
2347 2935 2552 3004 ﬂoruit,
2598 2954 2626 2988 «
2668 2941 2728 2992 ut
2773 2936 2841 2991 de
2873 2934 3065 3006 viginti
3104 2933 3321 2990 duobus
3373 2932 3582 2988 sanctis
3637 2930 3793 2985 illius

412 3024 633 3075 centum
673 3018 935 3074 cathedra
980 3019 1282 3089 episcopali
1330 3020 1532 3077 donata
1581 3025 1685 3089 est,
1717 3021 1901 3076 excisa
1928 3008 2395 3083 Tar-Gecclesize
2451 3023 2736 3081 monachis
2776 3026 2887 3095 jam
2925 3023 3244 3080 solemnizet
3300 3020 3566 3087 Ecclesia,
3608 3018 3793 3088 inquit

412 3121 609 3164 veuna.
658 3108 867 3176 Duplex
916 3107 1031 3163 fere
1076 3122 1106 3164 a
1138 3110 1378 3166 ccenobii
1410 3110 1726 3180 primordiis
1755 3117 2058 3167 conventus

414 3196 808 3253 monachorum
861 3196 1027 3252 isthic
1082 3195 1205 3265 fuit,
1246 3212 1388 3254 unus
1434 3200 1654 3269 quidem
1701 3200 1758 3254 in
1813 3201 1868 3255 S.
1910 3201 2057 3256 Petri

414 3285 660 3353 basilica,
689 3292 950 3341 constans
979 3286 1263 3341 monachis
1291 3293 1511 3343 centum
1543 3294 1599 3344 et
1626 3288 2053 3359 quinquaginta;

413 3374 554 3431 alter
591 3373 649 3430 in
678 3374 733 3430 S.
775 3374 957 3430 Maria:
989 3375 1224 3432 ecclesia
1272 3377 1573 3433 coemeterii
1610 3376 1736 3434 loco
1767 3376 2053 3443 :editicata,

413 3464 623 3520 habens
653 3464 958 3520 ccenobitas
995 3464 1378 3536 quadraginta,
1411 3479 1553 3536 quos
1600 3466 1920 3538 Fridogisns
1964 3467 2059 3523 ab-

413 3553 512 3608 bas
539 3552 823 3609 satcularis
850 3552 1149 3610 saeculares
1196 3556 1497 3612 canonicos
1524 3554 1674 3612 fecit.
1706 3558 1765 3612 In
1815 3556 1919 3612 hac
1966 3556 2058 3612 de—

414 3655 561 3698 mum
607 3644 662 3699 8.
702 3643 886 3698 Mariae
937 3642 1163 3698 basilica
1200 3643 1363 3700 sedes
1392 3644 1723 3715 episcopalis
1753 3650 1958 3711 erecta,
1999 3646 2056 3701 in

414 3731 521 3787 alia
587 3737 766 3787 cretus
824 3732 1218 3789 monachorum
1294 3740 1629 3804 perseverat.
1713 3734 2056 3791 Procedente

416 3825 665 3890 tempore
695 3820 859 3875 isthic
907 3822 1092 3889 etiam,
1134 3827 1193 3877 ut
1240 3829 1295 3878 et
1341 3822 1473 3879 alibi
1525 3824 1749 3893 passim,
1794 3824 2050 3880 admissa:

414 3915 543 3965 sunt
598 3908 1064 3976 sanctimoniales,
1133 3925 1270 3981 quas
1327 3915 1615 3969 Conversus
1680 3913 2055 3983 appellabant,

413 3997 676 4067 Gregorio
736 4010 884 4053 nono
932 3999 1194 4068 pontiﬁce
1250 4015 1352 4070 per
1407 4003 1711 4058 Romanum
1767 4003 1821 4058 S.
1861 4002 2057 4073 Angeli

416 4084 709 4163 diaconum
747 4085 1083 4143 cardinalem
1122 4089 1387 4159 expulsaa.
1431 4108 1461 4141 «
1500 4092 1666 4146 Erant
1697 4096 1850 4159 tunc,
1878 4091 2059 4161 inquit

415 4174 647 4245 lperius,
697 4189 820 4245 cap.
868 4175 960 4244 46,
1001 4181 1156 4247 parte
1196 4193 1285 4246 xx,
1326 4178 1384 4233 in
1431 4178 1538 4235 hoc
1569 4182 1905 4237 monasterio
1936 4194 2056 4237 mo-

415 4264 589 4320 niales
618 4279 742 4335 quae
782 4264 1110 4322 dicebantur
1155 4280 1435 4324 conversa}
1465 4269 1568 4324 sub
1597 4269 1787 4325 habitu
1826 4269 2055 4339 religio-

2145 3115 2358 3185 Iperius
2386 3115 2443 3169 in
2473 3113 2731 3184 Prologo.
2770 3112 2972 3184 Viginti
3002 3113 3247 3182 quinque
3280 3116 3529 3165 numerat
3561 3108 3797 3165 Locrius

2139 3204 2196 3258 in
2227 3202 2502 3259 Chronico
2531 3202 2772 3272 Belgico,
2816 3201 3069 3257 nimirum
3110 3200 3390 3255 Bertinum
3435 3198 3697 3253 abbatem
3735 3205 3795 3251 et

2139 3292 2378 3348 coenobii
2426 3291 2794 3357 conditorem,
2835 3291 3253 3346 Ebertramnum
3308 3288 3565 3343 abbatem
3623 3287 3795 3341 Vero-

2138 3381 2513 3448 mandensem,
2570 3380 2907 3436 Walbertum
2957 3380 3213 3435 comitem
3242 3420 3259 3447 ,
3323 3380 3552 3447 ejusque
3617 3374 3794 3430 filium

2138 3471 2419 3527 Bertinum
2484 3483 2709 3540 parvum
2743 3511 2758 3536 ,
2827 3467 3251 3523 Mummolenum
3299 3466 3795 3536 Noviomagensem

2139 3560 2459 3630 episc0pum
2493 3601 2508 3625 ,
2571 3558 2899 3614 Wlnnocum
2946 3557 3201 3612 abbatem
3230 3553 3790 3612 Uvoromholtensem

2139 3662 2262 3704 cum
2291 3647 2625 3716 Quadanoco
2651 3688 2665 3714 ,
2705 3647 2981 3717 Ingenoco
3005 3688 3020 3714 ,
3075 3649 3131 3700 et
3159 3643 3387 3700 Madoco
3426 3644 3549 3713 ejus
3578 3642 3792 3706 sociis;

2138 3736 2596 3792 Erkenbodonem
2664 3735 3025 3791 Sithivensem
3080 3733 3332 3788 abbatem
3381 3737 3641 3802 quartum
3691 3731 3798 3786 hoc

2136 3824 2342 3881 saeculo
2398 3839 2543 3890 vm;
2604 3821 2946 3879 Humfridnm
3018 3836 3085 3878 ex
3150 3820 3419 3877 monacho
3480 3819 3793 3875 l’rumiensi

2138 3914 2392 3969 abbatem
2475 3913 2850 3968 Bertinianum
2882 3954 2897 3979 ,
2974 3917 3029 3967 et
3100 3910 3397 3966 Fulconem
3459 3911 3790 3965 Remensem

2138 4002 2616 4072 archiepiscopum
2657 4001 2849 4057 itidem
2896 4000 3170 4068 abbatem,
3202 3998 3557 4064 Wocardum,
3612 3999 3797 4053 Wine-

2140 4091 2361 4147 baldum
2394 4134 2409 4159 ,
2498 4090 2881 4162 Ragenardum
2948 4097 3003 4145 et
3073 4087 3413 4145 Gerwaldum
3490 4086 3795 4143 monachos

2140 4189 2407 4251 martyres
2463 4180 2668 4236 saaculo
2740 4194 2841 4246 1x;
2909 4177 3282 4234 Grimbaldum
3348 4177 3789 4232 Wintoniensem

2142 4271 2395 4326 abbatem
2425 4283 2549 4325 cum
2594 4269 2763 4325 sociis
2807 4270 3015 4324 Joanne
3054 4274 3109 4323 et
3145 4269 3365 4332 Assero,
3397 4280 3461 4321 ac
3490 4267 3796 4321 Gerardnm

415 4354 522 4421 nis,
555 4367 667 4410 non
716 4359 896 4410 tamen
944 4355 1048 4411 sub
1086 4355 1431 4425 professione
1460 4357 1699 4427 regulari
1738 4358 1883 4413 inter
1921 4337 2396 4415 duasDabbatem
2440 4358 2645 4414 smeulo
2682 4373 2753 4423 x;
2809 4357 3178 4423 Lambertum,
3231 4356 3506 4411 Simonem
3565 4363 3625 4411 et
3660 4357 3798 4411 Leo-

415 4449 605 4513 portas
634 4444 974 4511 monasterii,
1022 4445 1180 4515 juxta
1229 4444 1519 4501 ecclesiam
1548 4447 1603 4501 S.
1644 4446 1861 4501 Martini
1905 4459 2061 4502 com-

415 4538 712 4598 morantes,
773 4533 842 4588 de
898 4534 1247 4604 eleemosyna
1303 4536 1622 4591 monasterii
1679 4537 1943 4602 viventes,
2002 4538 2058 4592 in

412 4620 673 4690 hospitali
730 4622 1064 4691 pauperibus
1127 4624 1452 4690 servientes,
1513 4629 1694 4680 vestes
1749 4638 1936 4680 sacras
2006 4631 2063 4680 et

414 4718 735 4767 ornamenta
784 4712 1036 4769 ecclesia:
1065 4726 1189 4768 cum
1244 4726 1387 4783 opus
1419 4720 1566 4769 esset
1615 4715 1958 4770 consuebant
2005 4720 2062 4770 et

414 4800 732 4856 abluebant.
764 4802 830 4856 Et
871 4803 999 4872 quia
1029 4815 1140 4857 non
1178 4802 1381 4858 licebat
1418 4803 1743 4859 mulieribus
1780 4804 2062 4877 ingressus

415 4890 561 4945 intra
626 4892 1019 4946 monasterium
1076 4891 1467 4948 monachorum
1494 4934 1509 4958 ,
1566 4898 1788 4960 matres,
1838 4905 2062 4948 sorores

416 4987 472 5035 et
502 4978 843 5049 propinquas
880 4986 1097 5036 nostras
1134 4994 1257 5036 cum
1296 4981 1365 5037 ad
1412 4994 1515 5037 nos
1551 4982 1863 5049 veniebant,
1915 4983 2060 5037 reci-

418 5068 662 5138 piebant.
705 5085 735 5120 »

488 5153 543 5212 9.
585 5158 654 5213 Ut
691 5169 821 5213 vero
861 5156 1137 5229 intelligas
1183 5172 1247 5214 ea
1276 5174 1400 5230 quae
1439 5160 1507 5216 de
1537 5160 1704 5216 variis
1742 5161 2063 5217 monasterii

420 5244 744 5315 principalis
772 5245 1015 5303 basilicis
1049 5246 1329 5315 dicuntur,
1355 5250 1509 5319 juvat
1562 5248 1783 5317 Imperii
1830 5249 1995 5304 verba
2033 5264 2064 5305 e

420 5345 542 5401 cap.
584 5333 619 5387 3
646 5333 738 5389 hic
766 5340 1013 5392 attexere
1047 5355 1059 5391 :
1095 5354 1124 5388 «
1162 5337 1473 5393 Notandum
1514 5345 1598 5392 est
1628 5336 1779 5406 quod
1828 5336 2064 5392 ecclesia

421 5421 527 5476 ista
589 5421 823 5479 diversis
897 5426 1207 5483 successive
1282 5427 1628 5497 temporibus
1694 5425 2064 5481 diversimode

421 5508 701 5566 nominata
736 5511 860 5568 fuit.
890 5514 1073 5572 Primo
1103 5515 1250 5573 enim
1268 5516 1416 5573 dicta
1444 5514 1548 5572 fuit
1574 5514 1752 5571 Sithiu
1780 5527 1812 5569 a
1843 5514 2064 5572 nomine

2146 4462 2271 4504 nem
2302 4448 2531 4503 abbates
2558 4446 2897 4502 Sithivenses
2942 4458 3066 4501 cum
3106 4443 3364 4501 Joscione
3410 4451 3467 4499 et
3509 4444 3795 4499 Bernardo

2143 4536 2429 4593 monachis
2457 4536 2663 4591 saeculo
2695 4550 2792 4591 χιι.
3798 4551 3807 4559 -

2220 4626 2301 4681 ll.
2343 4628 2421 4681 Ex
2478 4625 2673 4681 eodem
2739 4623 3009 4680 asceterio
3059 4622 3385 4692 prodierunt
3432 4621 3796 4692 quamplures

2142 4714 2235 4770 alii
2285 4714 2380 4784 qui
2427 4714 2496 4770 ad
2552 4711 2752 4769 infulas
2790 4712 3136 4783 episcopales
3189 4710 3369 4765 evecti
3413 4716 3566 4764 sunt.
3626 4710 3795 4766 lsthic

2143 4806 2307 4859 etiam
2347 4802 2537 4858 saeculi
2576 4814 2831 4872 pompam
2863 4806 2919 4856 et
2965 4799 3263 4870 dignitates
3308 4797 3643 4854 abdicarunt
3690 4800 3790 4854 viri

2143 4899 2406 4963 spectata).
2436 4892 2764 4958 nobilitatis,
2805 4908 2833 4942 (ί
2870 4888 3206 4945 Gunthertus
3234 4886 3381 4943 clara
3417 4889 3618 4957 stirpe,
3642 4894 3796 4957 patre

2142 4983 2422 5047 Goberto,
2462 4987 2635 5036 matre
2686 4993 2818 5035 vero
2877 4976 3184 5034 Ebertruda
3240 4977 3585 5047 progenitus,
3632 4997 3660 5028 ι)
3704 4980 3793 5032 in-

2145 5071 2266 5141 quit
2302 5070 2550 5140 Iperius,
2593 5082 2713 5139 cap.
2762 5066 2845 5133 ll,
2868 5071 3023 5138 parte
3053 5081 3152 5132 III;
3200 5085 3227 5114 α
3266 5066 3559 5120 Honrocus
3585 5079 3792 5131 comes,

2143 5159 2401 5216 Adalardi
2432 5158 2647 5214 abbatis
2667 5164 2843 5227 pater,
2888 5176 2913 5206 »
2956 5169 3076 5225 cap.
3116 5152 3199 5220 l3,
3223 5160 3377 5224 parte
3407 5170 3565 5221 1n;«
3606 5156 3795 5225 Zoppo

2147 5250 2293 5321 regis
2357 5248 2537 5305 Caroli
2609 5246 2759 5302 Calvi
2822 5245 3080 5311 vicarius,
3123 5262 3152 5296 »
3205 5257 3326 5313 cap.
3375 5242 3469 5307 15,
3528 5251 3688 5312 parte
3728 5260 3791 5310 ις

2148 5356 2176 5391 ‹‹
2216 5334 2585 5408 Megenfridus
2650 5348 2789 5406 puer
2852 5333 3095 5399 nobilis,
3154 5346 3187 5386 a
3244 5337 3400 5401 patre
3447 5332 3794 5389 Ruodwaldo

2145 5426 2382 5492 oblatus,
2426 5446 2452 5475 »
2495 5438 2617 5495 cap.
2666 5424 2730 5477 l6
2752 5465 2766 5491 ,
2800 5429 2856 5478 et
2910 5422 3001 5477 alii
3034 5438 3051 5474 :
3084 5420 3286 5491 quibus
3311 5419 3551 5476 addendi
3577 5422 3793 5477 Childe-

2146 5516 2296 5573 ricus
2340 5527 2437 5570 rex
2500 5513 2725 5569 ultimus
2772 5510 3151 5581 Merovingicaa
3195 5508 3387 5578 stirpis
3426 5526 3453 5559 ‹‹
3496 5510 3552 5564 in
3608 5509 3789 5565 Sithiu
