4096 6156
338 311 476 369 1089

1730 316 1887 371 νιΤΑ
1922 315 1977 370 S.
2020 312 2312 368 BERTINI.

3572 319 3708 375 1090

329 438 666 495 monasterio
703 443 920 505 tonsus,
951 455 981 491 »
1022 443 1078 494 et
1121 437 1442 495 Guillelmus
1487 438 1839 496 Flandrensis
1875 452 1975 495 co-
1991 444 2045 503 Α
2066 438 2228 493 nachi
2259 438 2681 494 Cantuarienses
2735 453 2767 494 a
2817 439 3039 509 regibus
3078 439 3243 509 pulsi,
3276 442 3452 510 primo
3483 445 3706 515 quidem

331 542 466 595 mes,
501 528 596 598 qui
633 534 810 583 morte
862 528 1101 583 instante
1150 526 1461 598 religiosam
1507 533 1712 584 vestem
1759 528 1976 594 induit,

331 622 386 672 et
424 616 480 672 in
510 616 803 671 Sithivensi
843 615 1178 671 monasterio
1208 615 1458 685 sepultus
1486 622 1589 683 est,
1631 620 1772 672 teste
1799 616 1978 671 Orde-

330 705 449 761 rico
487 704 648 760 Vitali
704 705 760 759 in
802 705 942 759 Hist.
1001 703 1099 759 lib.
1160 718 1257 770 χιι,
1318 704 1584 778 ιὼὶεῄιιε
1639 705 1977 775 epitaphium

330 793 504 850 refert
531 793 599 849 ad
638 807 843 850 annum
876 793 1030 848 1127.

406 883 491 940 l2.
526 886 797 942 Praeterea
826 898 894 939 ex
923 883 1025 938 hac
1054 882 1274 938 abbatia
1303 878 1571 954 originem
1601 889 1974 953 sumpserunt,

327 986 449 1038 seu,
478 979 540 1028 ut
571 973 755 1029 verbis
792 971 1028 1042 lperiani
1068 972 1286 1043 Prologi
1335 972 1550 1043 loquar,
1586 990 1614 1025 «
1654 981 1783 1029 sunt
1820 973 1975 1029 deri-

326 1070 452 1116 vata
509 1061 929 1131 quatuordecim
984 1061 1217 1117 honesta
1253 1063 1605 1129 monasteria,
1664 1080 1694 1114 τ)
1741 1062 1880 1118 adeo
1918 1068 1980 1118 ut

328 1150 656 1206 Sithivensis
684 1149 931 1205 Ecclesia
971 1166 1000 1200 «
1040 1150 1233 1219 patriae
1279 1150 1467 1206 sedem
1497 1151 1725 1220 primam
1756 1151 1973 1207 obtine-

327 1247 416 1296 ret
445 1246 571 1310 post
608 1238 978 1294 cathedralem
1016 1238 1370 1295 Morinorum.
1426 1257 1455 1291 »
1514 1241 1590 1295 De
1628 1241 1977 1296 monasteriis

329 1328 798 1385 Woromholtensi
823 1369 838 1393 ,
913 1327 1170 1392 Bergensi
1198 1370 1212 1394 ,
1278 1327 1580 1383 Alciasensi
1605 1367 1618 1390 ,
1688 1328 1976 1384 Hunuliri-

328 1417 567 1473 cultensi
605 1423 661 1472 et
716 1415 839 1471 aliis
894 1430 924 1471 e
979 1416 1275 1472 seminario
1330 1416 1626 1472 Sitbivensi
1665 1415 1931 1487 profectis
1957 1461 1971 1485 ,

329 1505 453 1576 lege
479 1517 630 1575 saepe
658 1503 936 1559 laudatum
972 1504 1233 1572 lperium.

408 1594 491 1649 l3.
531 1596 651 1650 Non
690 1599 898 1649 tantum
934 1596 1251 1650 sanctorum
1305 1595 1657 1651 seminarium
1712 1594 1816 1651 fuit
1870 1596 1974 1653 iste

327 1686 508 1751 locus,
548 1684 645 1740 sed
695 1684 858 1738 etiam
904 1689 1219 1739 sanctorum
1270 1683 1480 1754 asylum
1533 1690 1589 1739 et
1634 1684 1972 1755 confugium.

2063 528 2119 581 in
2149 528 2203 581 8.
2236 527 2457 583 Thomte
2488 527 2673 583 odium
2703 528 2772 582 ab
2803 528 3040 583 Henrico
3093 530 3178 595 IV,
3230 529 3430 587 deinde
3486 548 3616 591 vero
3673 550 3704 592 a

2058 619 2267 673 Joanne
2306 630 2434 686 rege
2463 629 2608 671 anno
2645 614 2799 670 1207.
2831 619 2905 673 De
2946 617 3137 687 primis
3181 619 3294 689 agit
3338 622 3550 690 lperius
3579 638 3701 694 cap.

2059 704 2149 772 44,
2185 711 2337 775 parte
2367 721 2426 773 ιι,
2479 705 2548 760 de
2604 704 2728 760 aliis
2766 720 2887 775 cap.
2946 705 3036 772 46,
3098 711 3251 776 parte
3290 723 3386 774 xu,
3429 710 3523 765 ubi
3584 713 3703 767 haec

2058 795 2223 850 verba
2248 815 2261 849 :
2297 812 2325 845 «
2355 793 2563 861 Quibus
2594 795 3015 849 adventantibus
3062 797 3123 849 D.
3174 796 3344 852 abbas
3372 802 3428 853 et
3457 813 3701 856 conven-

2059 891 2148 938 tus
2185 884 2459 939 inobviam
2488 882 2569 937 eis
2598 897 2720 938 cum
2759 897 2944 951 cruce,
2994 884 3241 939 candelis
3290 893 3344 940 et
3374 886 3702 958 thymiama-

2059 971 2214 1026 teriis
2253 970 2737 1041 processionaliter
2782 971 3127 1027 incesserunt
3184 986 3356 1042 usque
3395 975 3461 1029 ad
3518 978 3701 1034 eccle-

2058 1061 2192 1116 siam
2223 1063 2277 1117 S.
2312 1061 2574 1131 Dionysii,
2616 1067 2672 1115 et
2719 1072 2815 1115 eos
2852 1060 2959 1115 huc
2998 1061 3053 1115 in
3098 1062 3490 1118 monasterium
3521 1066 3700 1123 addu-

2057 1156 2276 1205 xerunt.
2309 1150 2476 1204 Erant
2531 1148 2785 1204 monachi
2840 1150 3206 1220 septuaginta,
3266 1150 3563 1209 familiares
3600 1169 3701 1210 au-

2057 1244 2167 1295 tem
2196 1252 2371 1308 usque
2409 1237 2477 1292 ad
2517 1242 2771 1293 centum:
2835 1238 2928 1307 qui
2964 1251 3155 1294 omnes
3185 1238 3404 1294 insimul
3455 1256 3556 1311 per
3584 1243 3706 1299 dies

2058 1327 2351 1384 duodecim
2371 1326 2461 1381 hic
2486 1326 2630 1395 apud
2656 1339 2760 1382 nos
2781 1334 3117 1391 manserunt,
3170 1327 3348 1383 donec
3388 1343 3487 1399 per
3532 1331 3699 1387 abba-

2057 1418 2163 1474 tias
2200 1417 2629 1486 circumquaque
2668 1416 2783 1471 bini
2828 1415 2916 1471 vel
2954 1417 3097 1472 terni
3128 1430 3159 1470 a
3187 1430 3289 1473 suo
3331 1419 3516 1487 priore
3553 1420 3704 1477 missi

2056 1512 2203 1575 sunt,
2244 1507 2365 1577 ipso
2405 1506 2590 1576 priore
2628 1519 2749 1561 cum
2791 1506 3031 1562 sedecim
3071 1506 3357 1562 monachis
3387 1508 3510 1578 plus
3541 1524 3703 1579 quam

2058 1610 2157 1667 per
2192 1609 2391 1651 annum
2422 1596 2712 1651 nobiscum
2744 1596 3174 1662 remanentibus,
3208 1613 3238 1648 »
3270 1603 3377 1652 etc.
3411 1598 3702 1669 Egregium

2056 1701 2187 1743 sane
2225 1687 2551 1743 Christianae.
2580 1685 2865 1742 cbaritatis
2890 1691 2947 1741 et
2984 1686 3258 1755 religiosae
3311 1686 3705 1758 hospitalitatis

329 1776 477 1830 Istue
523 1786 584 1827 se
631 1785 890 1841 recepere
936 1772 1028 1827 SS.
1062 1771 1352 1828 Anselmus
1389 1778 1445 1829 et
1470 1774 1705 1830 Thomas
1732 1775 2405 1846 Cantua-Bexemplum!

328 1865 545 1919 rienses
571 1860 995 1931 archiepiscopi.
1026 1862 1263 1917 Admissi
1298 1863 1461 1918 etiam
1501 1877 1610 1919 non
1649 1864 1816 1919 semel
1858 1878 1975 1921 mo-

1417 2170 1996 2259 PROLOGUS
2078 2102 2632 2262 AUCTORIS.

1634 2367 1747 2433 (Ea:
1775 2364 2059 2436 αγιιὶςαὶοή
2089 2366 2393 2437 anonymo.)

410 2630 457 2685 1.
489 2630 719 2687 Domino
750 2632 1115 2707 omnipotenti
1162 2633 1436 2690 bonorum
1489 2646 1777 2689 numerum
1808 2632 1980 2702 largi-

330 2718 442 2774 tori
480 2718 814 2789 multiplices
845 2720 1035 2791 gratiae
1080 2720 1383 2791 laudesque
1430 2720 1626 2777 sedulo
1664 2724 1792 2776 sunt
1829 2718 1979 2776 refe-

329 2807 543 2876 rendae,
575 2809 669 2879 qui
699 2809 943 2865 omnium
990 2816 1362 2867 creaturarum
1401 2809 1694 2866 visibilium
1744 2814 1801 2865 et
1837 2808 1981 2865 invi-

329 2896 576 2954 sibilium
644 2898 899 2955 conditor
964 2905 1019 2956 et
1065 2900 1404 2970 gubernator
1459 2900 1721 2967 existens,
1784 2898 1978 2953 Filium

2062 2645 2220 2687 suum
2252 2631 2592 2703 unigenitum
2629 2635 2915 2691 Dominum
2946 2642 3191 2692 nostrum
3219 2637 3411 2693 Iesum
3432 2636 3706 2693 Christum

2064 2720 2133 2776 ad
2164 2720 2444 2777 docendas
2472 2722 2933 2793 redimendasque
2974 2725 3294 2796 omnigenas
3321 2730 3512 2795 gentes
3559 2725 3708 2782 misit

2064 2809 2132 2865 ad
2164 2818 2377 2880 terras;
2411 2817 2467 2867 et
2496 2816 2696 2868 caetera
2735 2817 2795 2868 ut
2831 2812 2888 2868 in
2930 2813 3047 2869 Vita
3093 2814 3148 2868 S.
3208 2813 3502 2871 Audomari
3542 2814 3703 2883 infra.

1611 3079 2066 3197 INCIPIT
2142 3081 2434 3197 VITA

371 3302 502 3355 Car.
544 3303 586 3356 l.
621 3304 685 3357 In
722 3317 823 3374 qua
856 3303 1128 3374 provincia
1162 3307 1317 3358 natus
1353 3306 1429 3356 est
1475 3304 1540 3356 Β.
1590 3301 1853 3367 Bertinus,
1902 3303 1951 3353 et
2003 3301 2046 3361 C
2068 3311 2189 3354 mus
2218 3301 2553 3369 patrocinari
2592 3302 2822 3358 meritis.
2858 3303 3063 3358 Horum
3109 3308 3355 3358 teneram
3384 3304 3548 3358 vitam
3588 3316 3709 3358 mo-

604 3392 742 3463 quod
768 3393 824 3447 in
849 3393 1074 3464 pueritia
1106 3392 1387 3449 monachus
1413 3392 1585 3464 factus
1623 3395 1718 3445 est.

409 3494 462 3549 2.
512 3496 709 3551 Beatus
745 3512 883 3566 puer
936 3499 1189 3553 Bertinus
1243 3510 1513 3568 generosa
1569 3494 1983 3565 prOgenitorum

334 3581 512 3653 stirpe
560 3590 715 3641 ortus
751 3585 989 3642 traditur
1042 3587 1098 3641 in
1155 3585 1491 3642 Constantia
1549 3583 1770 3649 finibus,
1822 3594 1982 3651 quam

331 3671 564 3728 Rhenus
619 3674 986 3731 subterﬂuens
1036 3676 1138 3730 sub
1195 3674 1441 3744 ejusdem
1478 3672 1646 3728 'urbis
1692 3683 1880 3726 muros
1926 3669 1983 3723 in

332 3763 605 3829 Apotamo
640 3762 763 3818 lacu
801 3761 972 3819 ferme
1012 3763 1190 3818 tribus
1227 3769 1510 3833 stagnatur
1547 3760 1827 3825 millibus;
1861 3772 1984 3836 qua:

334 3848 469 3905 hinc
534 3865 563 3906 e
624 3852 807 3908 vicino
872 3853 1196 3923 Bajoariam,
1256 3852 1408 3907 illinc
1466 3848 1856 3921 lturgundiam,
1916 3847 1984 3902 ab

334 3945 526 3996 austro
564 3948 744 3996 autem
773 3941 969 4011 Alpina
1006 3941 1238 4011 suspicit
1275 3942 1424 4012 juga.
1484 3939 1586 3994 Hie
1644 3940 1832 4008 itaque
1871 3937 1986 3993 suis

336 4029 539 4099 pignus
567 4030 860 4086 admodum
900 4030 1160 4086 dilectum
1202 4029 1652 4101 progenitoribus
1698 4026 1985 4083 nutrieba-

338 4124 431 4171 tur
459 4117 755 4189 diligenter
783 4117 1104 4187 infantulus,
1137 4119 1218 4174 uti
1249 4124 1433 4174 tantus
1478 4120 1536 4173 in
1585 4118 1817 4173 Domino
1859 4120 1986 4187 post

334 4205 574 4262 futurus.
606 4209 704 4264 Cui
742 4222 865 4264 cum
914 4208 981 4264 ad
1030 4208 1220 4263 mundi
1265 4208 1492 4279 gloriam
1542 4222 1571 4262 a
1615 4209 1728 4264 Deo
1767 4214 1987 4263 terrena

336 4296 646 4352 nobilitatis
692 4297 1082 4368 suﬁ'ragaretur
1136 4297 1393 4369 dignitas,
1454 4298 1522 4353 ab
1575 4298 1712 4368 ipsis
1742 4295 1985 4352 infantia:

336 4383 499 4439 cunis
555 4386 729 4454 major
783 4386 1063 4441 servitutis
1099 4386 1301 4441 Christi
1358 4386 1668 4442 coadolevit
1724 4386 1982 4442 Charitas.

339 4472 501 4540 Quod
530 4473 796 4530 exhibens
834 4488 961 4530 mox
990 4480 1051 4530 ut
1088 4475 1156 4530 ad
1187 4474 1242 4529 id
1283 4475 1463 4529 :etatis
1491 4474 1761 4544 pervenit,
1802 4476 1989 4544 pueri-

334 4562 434 4617 tia:
462 4576 576 4618 sua:
606 4563 875 4633 principia
906 4563 1218 4634 evangelica
1247 4562 1587 4633 perfectione
1622 4565 1732 4619 Deo
1763 4562 1984 4618 dicavit.

2068 3400 2268 3457 resque
2307 3390 2563 3444 Bertinus
2623 3404 2759 3458 puer
2814 3390 3038 3459 quidem
3098 3396 3280 3459 aztate,
3333 3405 3498 3447 sensu
3529 3396 3709 3447 autem

2066 3476 2273 3542 senior,
2316 3477 2519 3533 imitari
2550 3478 2755 3547 Spiritu
2802 3485 2994 3535 sancto
3033 3480 3336 3548 inspirante
3383 3480 3708 3545 contendit,

2067 3578 2230 3635 quem
2280 3571 2567 3636 postquam
2621 3581 2735 3622 sum
2791 3569 2982 3637 gratia:
3021 3568 3441 3624 charismatibus
3497 3568 3710 3624 manci-

2069 3654 2235 3723 pavit,
2269 3653 2414 3710 inter
2442 3655 2579 3710 tales
2611 3660 2903 3725 tantosque
2942 3658 3152 3723 Patres,
3202 3664 3263 3713 ut
3309 3672 3498 3713 eorum
3531 3672 3712 3713 exem-

2068 3741 2175 3811 plis
2230 3743 2615 3810 instrueretur,
2647 3744 2896 3800 adscivit.
2937 3746 3201 3802 Omnibus
3256 3747 3477 3802 tandem
3535 3745 3714 3815 perfe-

2069 3831 2338 3887 ctioribus
2374 3834 2484 3887 vita
2531 3840 2750 3889 auctum
2780 3834 2982 3890 muniis
3010 3836 3066 3890 in
3096 3836 3354 3905 pueritia,
3386 3835 3712 3891 inexhausto

2069 3920 2309 3976 ccelestis
2347 3920 2609 3977 desiderii
2646 3922 2833 3993 vigore
2868 3923 3160 3993 praeditum
3200 3925 3450 3995 provexit
3478 3924 3534 3978 in
3580 3923 3714 3980 ado-

2068 4008 2356 4065 lescentia.

2069 4116 2196 4171 CAP.
2236 4116 2303 4171 ll.
2357 4116 2506 4184 Quod
2556 4117 2727 4173 adhuc
2776 4117 3192 4176 adolescentulus
3230 4120 3299 4175 ad
3346 4121 3410 4176 S.
3449 4121 3715 4176 Audoma-

2698 4204 2813 4245 rum
2835 4192 3089 4261 pervenit.

2138 4292 2192 4349 3.
2224 4295 2365 4365 Ergo
2407 4308 2529 4350 cum
2562 4296 2675 4365 jam
2720 4296 2982 4351 Dominus
3027 4296 3253 4352 militem
3302 4311 3458 4352 suum
3506 4297 3713 4351 mundo

2069 4382 2411 4438 manifestius
2465 4383 2754 4453 propalare
2803 4384 3187 4453 disposuisset,
3220 4397 3289 4439 ne
3328 4383 3383 4437 in
3440 4382 3712 4440 absconso

2069 4470 2293 4526 lucerna
2323 4476 2491 4525 tantas
2531 4472 2797 4527 claritatis
2833 4471 3025 4527 lucens
3068 4477 3151 4527 tot
3197 4471 3507 4526 mortalium
3555 4472 3715 4542 spiri-

2069 4558 2237 4614 tualia
2266 4559 2593 4614 commercia
2641 4560 2906 4628 differret,
2958 4573 3212 4630 egressus
3258 4558 3475 4616 duobus
3504 4565 3715 4617 tantum

333 4651 667 4707 Parentibus
703 4652 848 4708 enim
879 4659 935 4708 et
972 4652 1165 4722 patria:
1194 4652 1482 4708 Dominum
1513 4656 1803 4706 secuturus
1831 4646 2369 4721 abre-Dcomitibus
2414 4648 2767 4705 Mummolino
2825 4654 2882 4706 et
2938 4649 3318 4716 Ebertramno,
3374 4662 3584 4720 magna:
3613 4650 3716 4705 sci-

340 4739 618 4795 nuntiavit
642 4760 654 4795 :
678 4748 733 4795 et
754 4746 814 4796 ut
834 4740 1195 4811 perfectionis
1222 4740 1298 4795 nil
1321 4740 1533 4796 Domini
1559 4753 1718 4795 servo
1746 4740 1984 4806 abesset,

331 4827 666 4883 monachum
697 4828 753 4884 in
783 4829 1110 4885 Luxoviensi
1149 4829 1404 4885 coenobio
1443 4828 1545 4884 sub
1586 4832 1740 4898 patre
1789 4829 1986 4883 Eusta-

330 4917 468 4973 chio
500 4916 779 4986 professus
816 4924 918 4973 est.
952 4919 1118 4988 Cujus
1152 4918 1262 4973 vita
1309 4923 1368 4973 et
1406 4917 1675 4974 doctrinae
1714 4917 1987 4973 institutio

332 5019 506 5076 quam
539 5006 845 5076 spiritualis
872 5007 1065 5078 gratia:
1116 5020 1343 5077 compos
1382 5005 1567 5073 fuerit,
1627 5005 1770 5061 scire
1828 5006 1990 5062 datur

331 5097 397 5151 in
436 5094 557 5164 ipsa
614 5095 939 5152 excellentia
990 5095 1174 5166 gregis
1229 5096 1318 5151 cui
1384 5094 1623 5165 praefuit,
1683 5095 1988 5164 praesertim

333 5196 491 5238 nunc
530 5198 651 5238 eum
709 5184 1143 5241 evidentioribus
1199 5184 1505 5239 sanctitatis
1561 5196 1748 5239 eorum
1807 5189 1990 5253 pateat

331 5272 536 5343 signis,
568 5286 708 5343 quos
746 5272 998 5343 pluribus
1027 5271 1194 5329 terris
1240 5286 1424 5328 coram
1460 5271 1691 5328 Domino
1720 5271 1836 5328 suis
1872 5271 1986 5328 sei-

416 5378 879 5448 (1)Cisterciense
926 5378 1207 5449 exemplar
1263 5380 1344 5435 sic
1381 5379 1573 5445 habet;
1615 5379 1991 5437 Morinensium

329 5451 474 5533 ﬁnes
509 5452 771 5533 peruenit,
830 5450 1015 5533 quibus
1071 5456 1192 5506 tunc
1216 5450 1758 5533 .ejusmcontpatriota
1802 5456 1850 5533 et
1911 5450 1992 5533 (ut

329 5466 474 5523 pnes
556 5466 771 5519 mam,
830 5466 1015 5523 quwus
1071 5466 1192 5506 tunc
1245 5466 1355 5520 ejus
1413 5466 1757 5520 compamoza
1802 5466 1850 5507 et
1911 5466 1992 5521 (ut

327 5466 1011 5594 [erturf‘conaanguineum
1052 5520 1290 5594 egregius
1338 5521 1529 5578 Christi
1560 5520 1758 5591 prwsut
1810 5523 1992 5594 Audo-

330 5592 527 5649 inarus
554 5592 709 5663 larga
747 5594 1038 5649 divinorum
1085 5593 1382 5662 dogmatum
1425 5594 1619 5664 ﬂuenta
1651 5592 1989 5662 propinabat.

2070 4735 2202 4791 licet
2238 4737 2547 4793 sanctitatis
2604 4740 2756 4804 viris,
2816 4739 3013 4794 tertius
3070 4738 3382 4808 adjunctus,
3440 4738 3719 4808 perfectus

2069 4830 2274 4881 sanctae
2304 4826 2585 4881 Trinitatis
2615 4826 2796 4882 cultor
2815 4827 2871 4881 in
2900 4825 3125 4882 Galliam
3154 4841 3328 4897 usque
3350 4828 3599 4897 pervenit
3625 4827 3714 4897 (1).

2070 4914 2332 4971 Videntes
2367 4916 2539 4986 igitur
2577 4915 2829 4985 praedicti
2858 4915 2962 4970 viri
2991 4916 3189 4984 sancti,
3222 4917 3476 4973 Bertinus
3505 4917 3720 4972 scilicet

2072 5009 2127 5058 et
2152 5005 2290 5061 socii
2321 5005 2459 5075 ejus,
2492 5004 2701 5060 ibidem
2746 5017 2978 5060 messem
3014 5005 3236 5076 quidem
3284 5006 3529 5074 multam,
3579 5019 3719 5076 ope-

2072 5093 2248 5149 rarios
2285 5098 2465 5150 autem
2505 5107 2731 5164 paucos,
2774 5102 3060 5164 cmperunt
3116 5095 3280 5166 longe
3338 5096 3556 5167 lateque
3594 5110 3720 5152 ver-

2071 5181 2200 5237 bum
2228 5181 2353 5238 vitaa
2402 5183 2675 5239 instanter
2710 5197 2812 5254 per
2848 5188 3018 5239 totam
3065 5183 3291 5239 Galliam
3339 5185 3719 5241 disseminare.

2070 5269 2435 5328 Adbaeserunt
2491 5277 2675 5328 autem
2732 5273 2816 5329 eis
2874 5272 3228 5344 quamplures
3292 5275 3395 5329 viri
3433 5274 3722 5345 religiosi,

2073 5379 2617 5451 Consanguinitatem
2646 5380 2805 5436 istam
2844 5380 3043 5450 probat
3081 5381 3321 5436 Joannes
3359 5381 3571 5451 lperius
3600 5395 3723 5451 cap.

2079 5448 2129 5514 l,
2173 5448 2325 5518 parte
2362 5466 2382 5505 1
2415 5458 2557 5517 etv,
2589 5452 2684 5507 ubi
2722 5448 3091 5507 Audomarum
3140 5459 3196 5506 et
3232 5448 3513 5508 Bertinum
3562 5467 3630 5509 ex
3666 5448 3723 5508 S.

2073 5521 2282 5594 Arnulli
2322 5524 2580 5594 prosapia
2637 5522 2992 5594 descendisse
3051 5521 3303 5578 affirmat.
3345 5525 3488 5594 Lege
3527 5524 3629 5579 hac
3658 5523 3728 5579 de

2075 5605 2158 5658 re,
2189 5593 2237 5648 si
2269 5593 2408 5648 tanti
2437 5600 2541 5661 est,
2575 5594 2942 5651 Malbrancum
2962 5593 3060 5650 lib.
3086 5609 3170 5663 ιιι,
3192 5594 3261 5650 de
3284 5593 3503 5665 Morin.,
3525 5610 3647 5665 cap.
3677 5594 3726 5650 1.
