4056 6150
480 309 605 366 1091

1623 304 1951 360 FOLCARDI
1989 302 2288 359 MONACHI
2326 294 2687 358 SITIVENSIS

3714 295 3840 353 1092

472 436 567 506 qui
593 433 661 490 ab
699 432 910 489 eisdem
947 447 977 487 a
1025 444 1186 487 mane
1235 444 1408 500 usque
1447 429 1516 485 ad
1554 442 1842 499 vesperum
1901 427 2334 492 aternaACAP.
2386 427 2472 482 IV.
2541 426 2721 492 Quare
2776 422 3032 495 aptiorem
3084 420 3253 478 locum
3318 425 3532 478 sanctus
3599 422 3682 478 vir
3752 425 3844 479 Dei

472 524 598 580 vita
629 521 846 593 pabulis
879 520 1305 586 reﬁciebantur;
1357 531 1461 574 nec
1500 517 1679 574 minus
1709 531 1930 588 quoque
1962 516 2121 586 pala-

474 612 575 668 tini
606 624 868 681 proceres
917 609 1226 664 intermissa
1273 606 1340 662 ad
1391 613 1606 676 tempus
1652 607 1821 678 regali
1861 608 2121 662 servitute

473 701 541 756 ad
573 714 671 756 eos
698 698 1070 763 conﬂuebant,
1123 710 1426 765 eorumque
1474 695 1775 751 modestam
1825 709 2120 751 conversa-

474 790 681 845 tionem
710 788 767 842 in
804 793 955 842 recte
988 784 1219 841 vivendo
1268 785 1337 841 ad
1386 784 1695 856 exemplum
1749 785 1855 841 sibi
1912 798 2122 854 propo-

474 878 914 1033 nern’i‘empore
972 962 1069 1019 illo
1129 962 1421 1018 Lotharius
1478 961 1624 1017 ﬁlius
1678 960 1938 1017 Ludovici
1976 960 2122 1030 regis

472 1053 627 1124 regni
689 1054 1024 1108 Francorum
1090 1051 1460 1108 monarchiam
1531 1050 1905 1122 gubernabat:
1964 1051 2122 1119 cujus

470 1155 633 1197 aures
664 1155 787 1197 cum
814 1142 925 1210 jam
956 1154 1182 1196 suorum
1231 1154 1522 1209 procerum
1570 1140 1838 1195 relatione
1877 1138 2121 1208 pulsaret

470 1237 789 1287 sanctorum
826 1230 1034 1286 Bertini
1073 1231 1462 1300 sociorumque
1492 1231 1612 1300 ejus
1640 1229 1851 1284 eximia
1881 1241 2120 1284 conver-

470 1321 699 1377 sationis
729 1320 926 1376 crebra
964 1320 1175 1390 opinio,
1234 1334 1362 1376 mox
1400 1334 1497 1376 eos
1552 1319 1668 1375 suis
1722 1325 1901 1373 astare
1954 1318 2118 1387 jussit

471 1410 887 1480 conspectibns.
926 1409 1136 1477 Quibus
1178 1408 1346 1464 illatis
1374 1423 1406 1463 a
1434 1422 1583 1479 rege,
1617 1408 1700 1463 vir
1735 1408 1952 1463 Domini
1980 1408 2115 1462 Ber-

469 1501 619 1555 tinus
657 1506 713 1555 et
743 1500 861 1569 ejus
897 1499 1037 1554 socii
1074 1497 1378 1554 honoriﬁce
1406 1504 1535 1553 sunt
1572 1498 1836 1566 suscepti,
1869 1502 1924 1551 et
1953 1495 2118 1564 longo

469 1594 718 1659 tempore
758 1590 902 1644 intra
928 1588 1075 1658 regis
1104 1588 1363 1658 palatium
1394 1601 1604 1643 summa
1651 1586 1937 1657 diligentia
1981 1586 2117 1642 sub-

470 1677 670 1747 rogati.
732 1678 863 1733 Post
919 1676 1144 1747 longum
1203 1682 1384 1733 autem
1442 1677 1708 1747 temporis
1772 1674 2119 1731 intervallum

2886 509 3171 582 quaerebat.

2274 604 2327 660 6.
2366 603 2452 675 (4)
2494 605 2711 659 Interea
2739 601 3044 657 decedente
3073 600 3308 656 Achario
3343 598 3427 671 (5)
3460 600 3731 671 episcopo
3761 616 3849 657 ur-

2204 693 2616 750 bislNovioma
2673 692 2742 747 ad
2782 691 3158 761 episcopatum
3199 689 3442 759 ejusdem
3482 690 3645 746 urbis
3680 705 3845 747 vene-

2203 783 2394 840 rabilis
2430 783 2514 837 vir
2542 780 2925 837 Mummolinus
2964 778 3307 849 provehitur,
3356 785 3414 834 et
3458 779 3846 835 Ebertramnns

2203 872 2460 929 coenobio
2499 873 2552 926 S.
2603 869 2850 936 Quintini
2879 882 2910 924 a
2941 867 3293 924 Mummolino
3333 867 3676 937 praﬁcitur:
3731 883 3846 924 san-

2203 968 2326 1018 ctus
2380 973 2509 1017 vero
2548 958 2802 1014 Bertinus
2852 958 2909 1013 in
2966 956 3090 1013 loco
3128 957 3235 1012 sibi
3291 972 3323 1012 a
3375 958 3609 1014 Domino
3649 958 3846 1015 collato

2202 1051 2362 1106 annis
2399 1048 2820 1119 quatuordecim
2867 1046 3076 1102 resedit
3129 1046 3216 1116 (6).
3265 1048 3332 1102 Et
3387 1049 3650 1117 quoniam
3694 1048 3847 1104 locus

2203 1140 2295 1196 ille
2361 1139 2714 1209 permodicus
2769 1137 3058 1206 minusque
3124 1135 3401 1205 spatiosus
3439 1143 3579 1205 erat,
3621 1142 3684 1194 nt
3720 1152 3846 1195 con-

2202 1229 2560 1286 structionem
2599 1227 2833 1296 alicujus
2869 1226 3049 1296 magni
3097 1232 3322 1295 caperet
3358 1234 3679 1297 apparatus,
3720 1242 3845 1283 san-

2205 1324 2329 1373 ctus
2354 1318 2437 1371 vir
2464 1317 2561 1371 Dei
2590 1316 2843 1371 Bertinus
2871 1314 3042 1384 coepit
3069 1328 3192 1370 cum
3228 1316 3346 1370 suis
3382 1315 3489 1370 sibi
3524 1316 3850 1379 coadunatis

2205 1406 2513 1462 adiﬁcandi
2572 1404 2813 1461 canobii
2869 1404 3155 1474 aptiorem.
3185 1419 3439 1474 quarere
3486 1406 3698 1462 locum.
3747 1406 3846 1462 Sed

2201 1496 2407 1551 dictum
2464 1494 2805 1550 Dominicum
2843 1494 3025 1549 animo
3085 1493 3406 1549 revolvens:
3472 1495 3607 1551 Sine
3644 1511 3730 1550 me
3784 1494 3851 1549 ιὶι

2194 1585 2414 1656 potestis
2441 1586 2618 1656 facere
2648 1583 2825 1655 (Joan.
2857 1598 2950 1650 xv,
2988 1581 3069 1652 5),
3109 1581 3360 1653 perfecto
3405 1583 3573 1654 hujus
3616 1585 3849 1640 consilio

2201 1675 2300 1730 Dei
2364 1671 2726 1744 providentia
2758 1678 2956 1728 cuncta
2995 1672 3311 1742 disponenti
3375 1687 3496 1728 sese
3554 1687 3623 1728 ex
3671 1674 3849 1729 animo

470 1765 873 1836 pramemorati
903 1766 1003 1819 viri
1035 1768 1091 1820 8.
1123 1766 1489 1822 Audomarum
1523 1773 1653 1821 tunc
1682 1759 2181 1821 TarvennensemB
2203 1764 2574 1830 committens,
2608 1763 2862 1833 protinus
2887 1762 3064 1817 navim
3117 1762 3441 1818 conscendit
3486 1763 3610 1818 sine
3655 1763 3853 1832 guber-

472 1855 796 1923 episcopum
840 1853 1024 1924 (cujus
1054 1855 1417 1923 compatriota
1446 1860 1501 1910 et
1532 1855 1973 1925 consanguineus
2003 1859 2120 1908 erat

471 1944 526 1998 8.
568 1941 848 2013 Bertinus)
893 1942 1150 1998 adierunt
1178 1948 1238 1997 ut
1267 1943 1315 1997 ei
1348 1943 1404 1997 in
1432 1943 1788 2012 pradicando
1817 1947 2003 1998 essent
2030 1956 2123 1998 co-

472 2031 653 2099 mites,
689 2038 961 2101 quatenus
1000 2032 1055 2087 in
1104 2037 1310 2087 aterna
1351 2032 1715 2088 retributione
1763 2047 1794 2087 a
1840 2034 1953 2088 Deo
2000 2045 2119 2087 me-

470 2127 727 2176 rerentur
787 2120 904 2176 ﬁeri
962 2120 1190 2190 aqualis
1253 2122 1446 2191 gloria
1504 2123 1822 2192 participes.
1890 2124 2122 2177 Sanctus

469 2223 601 2265 vero
638 2209 982 2265 Audomarus
1038 2210 1260 2265 eosdem
1320 2211 1416 2266 Dei
1472 2209 1706 2267 famulos
1751 2212 1995 2282 gratiﬁce
2035 2226 2122 2267 re-

471 2299 703 2369 cipiens,
736 2299 1104 2369 omnipotenti
1137 2300 1249 2354 Deo
1283 2300 1489 2369 gratias
1517 2300 1651 2371 egit,
1699 2301 1794 2370 qui
1845 2300 1984 2356 tales
2012 2301 2119 2356 sibi

470 2388 537 2443 ad
573 2387 987 2457 pradicandum
1043 2388 1395 2458 Evangelium
1435 2389 1717 2459 adjutores
1752 2390 1922 2444 misit.
1954 2391 2120 2444 Erant

471 2477 617 2532 enim
647 2477 704 2532 in
744 2477 850 2533 ﬁde
904 2475 1134 2546 perfecti
1182 2478 1472 2545 catholica,
1527 2486 1583 2534 et
1627 2480 1684 2534 in
1731 2479 2122 2534 ecclesiasticis

473 2566 784 2636 disciplinis
822 2573 987 2635 atque
1032 2566 1089 2620 in
1120 2567 1303 2622 divina
1361 2568 1644 2637 Scriptura
1699 2568 1922 2624 eruditi.
1983 2569 2123 2623 Sub-

472 2654 628 2709 ibant
656 2654 825 2725 igitur
852 2653 1092 2710 ofﬁcium
1131 2654 1423 2726 legationis
1460 2670 1575 2712 sua
1622 2655 1811 2713 labore
1858 2656 2125 2726 pradica-

477 2742 648 2799 tionis
677 2741 977 2798 continua.

2202 1861 2395 1910 natore
2434 1859 2489 1909 et
2520 1852 2725 1924 remige
2755 1867 2857 1922 per
2903 1852 3203 1921 spatiosum
3257 1857 3505 1923 stagnum
3535 1853 3628 1908 cui
3667 1853 3852 1909 adha-

2201 1949 2285 1999 ret
2351 1943 2675 2014 pradictum
2743 1941 3212 1998 monasteriolum.
3282 1943 3379 1997 Dei
3433 1948 3648 1998 tantum
3717 1951 3849 1999 nutu

2202 2032 2358 2088 navis
2386 2031 2668 2103 agebatur,
2711 2030 2891 2101 angeli
2947 2044 3168 2100 quoque
3225 2029 3533 2086 ministerio
3593 2044 3852 2087 cerneres

2203 2122 2443 2177 carinam
2500 2126 2693 2176 contra
2754 2120 2958 2175 ﬂuenta
3014 2118 3315 2189 praecipitis
3370 2119 3518 2175 ﬂuvii
3578 2120 3848 2192 impingi,
3919 2154 3933 2166 ε

2202 2222 2489 2279 quousque
2555 2215 2742 2278 aptum
2807 2209 3048 2264 tenendo
3106 2213 3325 2278 portum
3381 2209 3745 2275 consisteret,
3802 2217 3853 2266 et

2200 2298 2530 2354 venerabilis
2558 2299 2642 2353 vir
2674 2298 2930 2355 Bertinus
2966 2299 3114 2353 hunc
3151 2297 3480 2372 versiculum
3528 2312 3603 2353 ex
3658 2299 3852 2355 ordine

2202 2386 2477 2442 decantati
2517 2386 2765 2456 psalterii
2816 2394 3129 2456 promeret:
3191 2389 3318 2442 Haec
3371 2388 3581 2458 ramice
3627 2403 3751 2442 mea
3805 2389 3857 2442 is

2199 2474 2443 2531 saeculum
2472 2474 2673 2542 saeuit,
2704 2475 2787 2530 hic
2814 2474 3060 2531 habitabo
3089 2477 3331 2546 quoniam
3369 2474 3500 2544 elegi
3539 2491 3660 2530 eam
3693 2474 3853 2545 (Paul.

2203 2579 2382 2633 cxxxr,
2429 2563 2533 2630 l4).
2562 2566 2914 2635 Cognoscens
2952 2564 3121 2634 igitur
3156 2578 3188 2619 a
3236 2564 3466 2619 Domino
3512 2564 3625 2619 sibi
3676 2564 3855 2621 locum

2200 2653 2354 2708 illum
2412 2651 2689 2720 electum,
2748 2652 2866 2709 sine
2925 2666 3076 2709 mora
3135 2652 3310 2707 navim
3361 2651 3714 2722 relinquens,
3747 2669 3857 2710 mo-

2200 2742 2501 2798 nasterium
2567 2743 2788 2798 nomine
2845 2741 3020 2799 Sithiu
3077 2743 3133 2797 in
3199 2741 3393 2798 eodem
3450 2741 3578 2799 loco
3643 2744 3706 2799 in
3764 2745 3856 2800 Dei

2200 2832 2424 2887 nomine
2455 2837 2511 2887 et
2540 2822 2596 2888 in
2625 2832 2838 2888 honore
2884 2831 2939 2887 S.
2991 2832 3139 2887 Petri
3170 2831 3443 2887 adiﬁcare
3482 2833 3681 2902 coepit.
3712 2834 3855 2889 Con-

540 2919 595 2976 5.
632 2918 699 2990 (2)
740 2920 958 2975 Interea
993 2920 1215 2991 quidam
1254 2922 1337 2977 vir
1391 2921 1596 2978 nobilis
1634 2919 1789 2977 valde
1848 2919 2120 2991 pradives
2199 2920 2498 2977 ﬂuentibus
2555 2920 2800 2991 undique
2856 2920 3132 2992 religiosis
3192 2921 3325 2976 viris
3376 2922 3521 2976 intra
3571 2922 3853 2977 modicum

469 3021 656 3077 opum,
722 3007 1033 3064 Adroaldus
1088 3010 1330 3078 nomine,
1392 3010 1600 3065 nullum
1659 3010 1868 3065 habens
1906 3010 2151 3079 ﬁlium,.
2200 3015 2434 3080 tempus,
2494 3010 2902 3067 multitudinem
2953 3009 3367 3077 monachorum,
3427 3009 3698 3066 videlicet
3736 3026 3855 3067 cen-

469 3101 705 3151 tractare
735 3110 859 3151 cum
888 3099 949 3151 Β.
980 3097 1293 3154 Audomaro
1333 3104 1389 3154 et
1436 3099 1718 3168 pradictis
1766 3099 1862 3153 Dei
1900 3083 2312 3155 famulisCtum
2386 3100 2783 3171 quinquaginta
2861 3099 2946 3172 (7)
3025 3100 3371 3165 coadunavit,
3448 3114 3575 3155 cum
3652 3102 3855 3171 quibus

470 3184 660 3253 capit,
694 3183 936 3253 qualiter
974 3186 1383 3254 possessionum
1421 3201 1641 3241 suarum
1681 3186 1967 3242 ecclesiam
2006 3188 2118 3244 ha-
2198 3187 2384 3242 multis
2435 3188 2490 3242 in
2559 3188 2654 3243 Dei
2718 3188 2942 3243 servitio
3007 3188 3217 3243 vixerat
3281 3187 3459 3254 annis,
3522 3188 3855 3260 turbamque

467 3273 656 3330 redem
713 3271 940 3329 faceret.
994 3276 1164 3341 Quem
1217 3276 1278 3330 B.
1345 3275 1689 3330 Audomarus
1720 3318 1736 3343 ,
1810 3277 2114 3346 inspirante
2197 3276 2302 3332 sibi
2333 3291 2365 3333 a
2392 3277 2622 3333 Domino
2662 3278 2929 3333 creditam
2976 3277 3078 3332 sub
3118 3277 3371 3333 districto
3423 3291 3600 3333 sacra
3649 3280 3856 3350 regula

465 3362 640 3433 gratia
686 3361 923 3431 Spiritus
972 3363 1171 3430 sancti,
1226 3363 1479 3419 hortatus
1526 3370 1610 3419 est
1660 3370 1720 3419 ut
1777 3366 1831 3420 S.
1892 3367 2113 3423 Bertino
2190 3365 2323 3434 jugo
2346 3370 2529 3420 mente
2558 3365 2797 3421 sollicita
2818 3365 3046 3436 pervigil
3068 3362 3418 3422 custOdiebat
3439 3372 3653 3435 pastor,
3677 3368 3862 3425 sciens

464 3452 744 3521 sociisque
778 3452 897 3521 ejus
935 3452 1351 3522 pranominatis
1381 3468 1616 3524 quaque
1655 3453 1859 3510 habere
1898 3463 2116 3525 poterat
2197 3453 2346 3523 quod
2376 3454 2643 3523 scriptum
2675 3460 2759 3510 est
2798 3452 2875 3526 (S.
2923 3455 3122 3510 Bauer).
3174 3469 3286 3524 reg.
3338 3469 3388 3511 c.
3439 3454 3532 3525 2):
3585 3457 3691 3512 Cui
3742 3459 3861 3528 plus

465 3539 781 3608 conferret,
841 3546 1113 3611 quatenus
1168 3542 1375 3598 ibidem
1433 3543 1746 3599 coenobium
1785 3544 1842 3599 in
1902 3545 2114 3601 honore
2198 3543 2581 3610 committitur,
2650 3542 2774 3613 plus
2831 3544 2899 3598 ab
2955 3557 3022 3599 eo
3080 3545 3318 3615 exigitur
3371 3544 3518 3615 (Luc.
3577 3560 3684 3611 xu,
3744 3547 3857 3616 48).

463 3631 524 3686 B.
557 3630 706 3686 Petri
739 3631 1008 3701 principis
1044 3632 1420 3702 apostolorum
1470 3633 1866 3701 construendo,
1899 3634 2112 3689 turbam
2204 3631 2385 3687 Beatis
2414 3632 2561 3687 enim
2590 3632 2686 3687 Dei
2725 3630 2940 3687 famulis
2969 3632 3071 3687 sub
3109 3647 3209 3687 sua
3246 3646 3377 3688 cura
3415 3632 3861 3691 consistentibus

463 3720 859 3777 monachorum
935 3734 1048 3776 non
1122 3722 1394 3777 modicam
1470 3722 1866 3778 coadunarent.
1959 3725 2114 3791 Quod
2194 3721 2479 3776 Dominica
2517 3725 2682 3791 atque
2720 3720 3026 3791 apostolica
3056 3720 3412 3790 pradicando
3443 3722 3736 3792 mandata,
3766 3739 3857 3779 sua

461 3809 774 3866 Adroaldus
811 3816 1087 3880 prasente
1126 3811 1185 3865 Β.
1244 3811 1556 3866 Audomaro
1615 3812 1939 3881 cunctisque
1979 3826 2113 3882 pro-
2196 3809 2446 3879 quotidie
2503 3810 2754 3865 districta
2812 3810 3228 3866 conversatione
3285 3823 3349 3865 ac
3386 3810 3680 3880 religiosis
3724 3813 3859 3869 acti-

464 3899 685 3954 ceribus
749 3899 904 3955 urbis
969 3900 1266 3955 Tarvenna
1332 3914 1525 3971 magna
1581 3901 1768 3956 cordis
1831 3901 2112 3959 alacritate
2195 3898 2300 3954 bus
2357 3912 2611 3970 maguum
2675 3899 2817 3954 bene
2872 3898 3088 3954 vivendi
3147 3899 3433 3969 praebebat
3488 3902 3850 3972 exemplum,

464 3986 781 4056 complevit,
817 3985 1040 4041 tradens
1094 3988 1276 4043 villam
1331 4004 1446 4044 sua
1499 3990 1855 4060 proprietatis
1904 4004 2114 4047 nuncu-
2196 3987 2433 4058 implens
2473 3988 2623 4058 quod
2663 3988 2929 4058 scriptum
2986 3994 3107 4043 est:
3165 3989 3261 4044 Sic
3297 3987 3468 4044 luceat
3522 3988 3621 4044 ιω
3680 3996 3852 4046 uestra

467 4080 646 4145 patam
678 4074 873 4141 Sithiu,
906 4088 1052 4131 anno
1099 4077 1167 4131 ab
1198 4078 1580 4137 incarnatione
1615 4079 1829 4134 Domini
1885 4094 2115 4136 sexcen-
2196 4092 2376 4132 coram
2432 4076 2742 4146 hominibus,
2808 4082 2865 4132 ut
2921 4077 3129 4132 vide-ant
3168 4076 3304 4133 bona
3360 4092 3524 4148 opera
3574 4086 3754 4136 vestra
3809 4087 3855 4135 et

465 4164 664 4221 tesimo
693 4163 956 4233 vigesimo
1006 4171 1162 4221 sexto
1208 4164 1319 4237 (3),
1379 4180 1524 4222 anno
1581 4173 1763 4223 autem
1820 4168 2112 4227 undecimo
2203 4166 2489 4237 gloriﬁcent
2515 4169 2727 4223 Patrem
2753 4171 2975 4222 oestrum
3008 4164 3226 4236 (Matth.
3280 4181 3338 4235 v,
3392 4166 3498 4238 16),
3542 4181 3615 4224 ne
3664 4183 3856 4225 secun-

888 2833 1018 2887 CAP.
1051 2833 1124 2887 ΙΙΙ
1166 2832 1401 2889 Traditio
1429 2831 1710 2888 Adroaldi.

463 4253 618 4325 regni
648 4252 970 4322 Chlodovei,
1001 4252 1099 4308 ﬁlii
1137 4255 1452 4325 Dagoberti,
1482 4263 1675 4312 octavo
1704 4257 1833 4313 Idus
1869 4259 2114 4328 Septem-

461 4344 597 4399 bris.
640 4345 700 4399 ln
733 4342 1015 4399 territorio
1055 4343 1224 4414 igitur
1273 4346 1512 4415 quodam
1570 4346 1746 4417 ipsius
1799 4346 1943 4404 villa
1999 4362 2113 4405 mo-

462 4432 759 4489 nasterium
836 4432 1108 4488 adiﬁcare
1182 4440 1490 4504 coeperunt,
1567 4437 1661 4507 qui
1717 4435 1874 4493 locus
1937 4452 2111 4509 usque

461 4522 631 4578 hodie
662 4523 831 4576 Vetus
858 4526 1086 4577 vocatur
1114 4525 1529 4580 monasterium.

536 4645 623 4719 (2)
656 4645 939 4719 Deverbo
978 4660 1045 4719 ex
1076 4646 1715 4719 antiquioriAnonymo.

538 4716 962 4790 (3)AP_‘olquinus
997 4718 1056 4790 in
1103 4717 1332 4790 Chron.,
1384 4718 1481 4775 lib.
1532 4716 1585 4787 ιζ
1639 4734 1762 4790 cap.
1809 4720 1864 4788 2,
1914 4720 2109 4777 scribit

462 4787 607 4844 anno
644 4787 700 4840 11
745 4788 1030 4853 Ludovici,
1081 4789 1285 4844 Christi
1341 4789 1467 4856 645,
1520 4787 1727 4847 rectius
1782 4805 1927 4847 anno
1965 4792 2104 4859 648,

462 4866 555 4916 aut
592 4860 927 4928 insequenti,
967 4861 1055 4914 cui
1096 4860 1393 4917 Chlodovei
1428 4876 1604 4917 annus
1646 4862 1967 4918 undecimus
2005 4864 2106 4919 illi-

461 4938 642 5001 gatur.
675 4932 912 5000 Hujusce
953 4931 1032 4985 rei
1081 4930 1323 5000 diploma
1372 4934 1440 4988 ab
1479 4934 1756 4989 Adroaldo
1795 4933 2108 4990 confectum

460 5008 639 5058 exstat
686 5002 831 5071 apud
862 5002 1127 5067 Miraum,
1162 5018 1283 5072 cap.
1324 5003 1394 5070 3;
1454 5006 1647 5060 Donat.
1691 5013 1745 5061 et
1775 5006 1918 5074 apud
1948 5008 2109 5062 Joan-

461 5088 583 5129 nem
614 5073 851 5143 lperium
890 5074 944 5127 in
975 5074 1273 5136 Chronico.
1304 5076 1384 5131 uti
1433 5076 1490 5132 in
1543 5078 1661 5133 Vita
1714 5078 1769 5133 8.
1808 5073 2105 5133 Audomari

460 5145 528 5200 ad
568 5159 695 5200 ann.
730 5145 833 5199 657
865 5144 1289 5201 observavimus.

534 5215 621 5357 E4)
656 5218 733 5271 Ex
769 5216 1069 5286 antiquiori
1097 5221 1401 5288 Anonymo.

562 5288 623 5357 5)
650 5290 765 5344 Non
796 5288 1053 5353 Achario,
1089 5289 1185 5343 sed
1218 5290 1276 5343 Β.
1310 5289 1401 5357 Eli;

562 5288 623 5357 5)
650 5290 765 5344 Non
796 5288 1053 5353 Acbario,
1089 5289 1185 5343 sed
1218 5290 1276 5343 B.
1310 5289 1486 5360 Eligio
1518 5289 1573 5344 in
1601 5288 1788 5345 sedem
1818 5290 2105 5347 Novioma—

458 5372 626 5427 gense
663 5360 932 5416 successit
973 5360 1376 5429 Mummolinus,
1425 5366 1486 5417 ut
1534 5362 1591 5417 in
1638 5362 1758 5417 Vita
1806 5363 1862 5417 S.
1911 5362 2103 5420 Audo-

460 5430 597 5484 mari
625 5430 965 5486 adnotatum.

531 5499 621 5581 _(6)
689 5504 972 5581 Annorum
1036 5516 1323 5581 numerum
1341 5502 1539 5581 __haud_
1593 5502 1849 5581 exprimit
1895 5510 2107 5581 auctor

459 5572 705 5642 primus;
754 5572 874 5629 hac
920 5587 1049 5629 vero
1087 5573 1272 5630 addit:
1337 5577 1405 5631 Ut
1454 5576 1590 5632 enim
1644 5576 1800 5632 situm
1850 5574 1968 5645 ejus
2006 5574 2107 5633 loci

2200 4257 2330 4312 dum
2395 4255 2688 4325 apostolici
2753 4261 3091 4325 praceptum
3147 4254 3271 4311 aliis
3329 4256 3667 4326 pradicans,
3739 4259 3853 4329 ipse

2198 4344 2472 4415 reprobus
2525 4344 2886 4400 inveniretur.
2926 4346 3040 4400 Nec
3078 4344 3329 4413 deerant,
3387 4347 3729 4414 providente
3758 4350 3855 4404 Do-

2132 4407 2363 4501 I)mino,
2394 4434 2520 4489 vita
2550 4447 2741 4489 eorum
2780 4433 3114 4489 necessaria.
3145 4432 3351 4489 Afﬁnes
3379 4435 3537 4490 enim
3558 4443 3615 4491 et
3645 4439 3852 4508 quique

2193 4522 2409 4579 nobiles
2436 4522 2654 4578 Christo
2693 4522 2878 4578 devoti
2906 4524 3028 4593 ejus
3056 4521 3431 4579 admonitione
3471 4530 3529 4580 et
3566 4524 3852 4591 doctrina,

2191 4644 2465 4712 loquamur
2525 4644 2869 4701 nescientibus
2896 4686 2911 4712 ,
2977 4644 3096 4700 hinc
3158 4645 3293 4701 idem
3358 4645 3503 4701 locus
3550 4649 3609 4702 in
3668 4649 3851 4703 health

2191 4716 2322 4789 colle
2357 4717 2488 4789 situs
2532 4718 2757 4789 ﬂuuium,
2787 4716 3093 4789 Agnionamr
3124 4732 3241 4772 cum
3276 4718 3441 4789 aquis,
3469 4717 3811 4788 palustribus
3832 4765 3847 4783 ,

2190 4788 2337 4843 illinc
2381 4786 2566 4842 silvam
2621 4787 2787 4856 longis
2840 4788 3301 4859 supereminentem
3322 4786 3508 4844 'habet
3569 4792 3848 4847 tractibus.

2190 4861 2244 4915 S.
2314 4858 2549 4914 Thomas
2607 4859 3016 4914 Cantuariensis
3080 4859 3537 4930 archiepiscopus
3607 4866 3849 4930 patrium

2190 4930 2365 4986 solum
2427 4937 2640 4986 vertere
2705 4938 2948 4997 coactus,
3008 4930 3212 4986 dicitur
3277 4932 3491 4986 venisse
3550 4930 3625 4987 ad
3701 4938 3851 4989 Feles

2188 5003 2577 5076 monasterium,
2633 5002 2979 5076 eremitorium
3007 5003 3294 5076 unctulum
3325 5075 3330 5076 ί
3357 5002 3579 5076 gloriosi
3637 5010 3850 5076 confes-

2188 5074 2332 5146 soris,
2352 5074 2573 5146 Berlini,
2597 5074 2690 5129 ubi
2723 5088 2820 5143 per
2849 5080 2961 5129 tres
2990 5072 3110 5128 dies
3140 5074 3360 5129 latuerit
3385 5094 3400 5140 ;
3433 5081 3487 5129 et
3520 5075 3613 5131 die
3646 5072 3849 5146 quarto

2188 5146 2246 5199 in
2284 5145 2645 5217 Sithivensem
2684 5146 2954 5200 abbatiam
2992 5159 3050 5217 se
3082 5146 3378 5216 recepisse,
3421 5146 3571 5215 apud
3602 5145 3848 5217 [perium

2190 5230 2310 5285 cap.
2342 5215 2432 5280 44,
2466 5224 2622 5288 parte
2653 5232 2713 5271 11.
2755 5217 2909 5288 Nunc
2955 5216 3108 5271 vicus
3146 5215 3222 5271 8.
3252 5215 3647 5284 Μιιιηιηοιθηίξ
3685 5221 3847 5288 vulgo

2187 5287 2674 5413 Saiut-Mlummotin
2727 5287 3076 5358 appellatur,
3124 5301 3235 5343 uno
3288 5288 3486 5343 miliari
3541 5289 3612 5343 ab
3664 5287 3846 5346 Audo-

2189 5372 2415 5413 marono
2442 5374 2480 5413 ι.

2189 5372 2480 5427 maropou.

2260 5430 2328 5497 t7)
2376 5428 2664 5498 Exemplar
2721 5429 3108 5487 Cistertianum
3168 5429 3334 5486 habet
3397 5429 3653 5487 ducentos
3718 5432 3841 5502 fra-

2187 5506 2313 5557 ινεε.
