4056 6150
327 313 465 370 1093

1723 313 1881 368 VITA
1917 312 1973 368 S.
2016 311 2303 369 BERTINI.

3556 310 3691 370 1094

323 437 558 510 plurima
586 441 857 493 terrarum
903 434 1312 509 fundorumque
1350 436 1434 495 illi
1473 435 1835 495 conferebant
1865 435 2280 507 do—Acapellae
2327 435 2678 494 donationem
2725 439 2782 496 in
2832 440 2960 497 villa
3004 441 3319 497 Waurantis
3380 441 3549 512 dicta,
3607 442 3693 499 di-

324 528 498 595 naria,
530 526 675 582 sicut.
704 523 935 581 inferius
964 525 1194 594 patebit.

537 620 664 672 CAP.
697 616 760 671 V.
789 615 1024 670 Traditio
1055 616 1120 670 de
1149 614 1274 671 villa
1303 616 1368 671 de
1406 615 1752 671 Worinhoud.

393 706 449 761 7.
489 703 559 776 (8)
605 705 739 759 Post
794 702 1116 772 praedictam
1175 704 1337 759 etiam
1392 704 1725 760 venerabilis
1771 717 1974 760 memo-

324 797 422 852 riae
469 794 734 851 Adroaldi
780 793 1157 860 traditionem,
1190 808 1299 864 qua
1336 809 1394 850 se
1445 795 1504 849 in
1551 794 1799 865 ejusdem
1860 793 1971 850 loci

326 884 759 942 constructionis
805 882 1075 952 primitias
1123 884 1359 953 primum
1407 884 1677 949 exhibuit,
1747 882 1970 954 quidam

326 974 599 1045 praedives
636 974 966 1028 Heremarus
1011 987 1126 1028 sum
1184 973 1544 1042 proprietatis
1592 973 1774 1028 villam
1845 975 1973 1027 Wo-

325 1064 548 1120 riuhoud
585 1062 669 1134 (9)
713 1062 936 1129 dictam,
968 1063 1082 1118 Deo
1111 1069 1416 1133 sanctoque
1458 1064 1682 1119 Bertino
1714 1062 1968 1119 contulit.

327 1153 430 1221 Qui
488 1152 703 1208 scilicet
759 1151 954 1207 beatus
998 1152 1083 1207 vir
1130 1157 1407 1207 tantorum
1455 1152 1656 1208 divinae
1703 1151 1974 1222 largitatis

329 1243 705 1312 impensarum
735 1254 847 1296 non
884 1240 1153 1311 ingratus,
1186 1241 1457 1311 quidquid
1499 1241 1605 1296 sibi
1636 1255 1665 1296 a
1706 1242 1801 1295 Dei
1842 1254 1975 1296 eon-

327 1331 608 1389 ferebatur
636 1330 913 1398 fidelibus,
963 1344 1154 1386 eorum
1212 1330 1376 1385 saluti
1437 1344 1625 1386 revera
1679 1328 1976 1386 consulens

329 1420 586 1491 supernis
641 1418 873 1475 sancivit
927 1420 1139 1475 usibus.
1185 1420 1319 1474 Nam
1366 1419 1423 1474 in
1473 1418 1744 1490 praedicto
1801 1417 1973 1474 fundo

330 1516 579 1568 sanctum
626 1509 959 1565 Winnocum
1006 1523 1037 1564 a
1084 1522 1257 1579 puero
1309 1522 1408 1564 sua
1441 1508 1735 1579 disciplina
1762 1508 1974 1564 instru-

331 1605 478 1656 ctum
509 1611 632 1654 eum
662 1599 783 1667 ejus
822 1597 947 1654 aliis
992 1597 1463 1654 commilitonibus
1511 1597 1731 1666 direxit,
1774 1597 1977 1667 quibus

332 1694 394 1745 ut
420 1688 489 1744 ad
541 1701 842 1758 pauperum
895 1687 1270 1757 receptionem
1323 1686 1517 1743 cellam
1573 1686 1972 1756 ecclesiamque

256 1837 261 1843 ,
331 1777 389 1833 in
417 1777 630 1833 honore
659 1778 713 1832 8.
746 1776 964 1832 Martini
1013 1774 1351 1831 aedificarent
1385 1776 1551 1847 jussit
1585 1795 1597 1831 :
1631 1776 1779 1845 quod
1821 1789 1968 1845 prae-
1991 1778 2039 1835 B

333 1866 469 1923 dicti
498 1866 599 1921 viri
638 1866 926 1922 unanimes
954 1865 1011 1921 in
1058 1866 1291 1921 Domina
1341 1866 1569 1921 instanti
1600 1865 1789 1922 labore
1829 1879 1974 1921 com-

336 1955 623 2027 pleverunt
671 1960 917 2026 tempore
974 1954 1217 2010 modico.
1268 1956 1483 2010 Statuto
1534 1955 1697 2010 etiam
1744 1953 1973 2009 fratrum

335 2042 741 2111 conventiculo,
815 2057 975 2099 suum
1034 2044 1092 2099 in
1149 2044 1298 2099 omni
1346 2042 1654 2099 sanctitatis
1709 2042 1974 2099 exercitio

336 2134 591 2191 aemulum
648 2133 1000 2203 discipulum,
1058 2140 1308 2189 sanctum
1372 2132 1589 2189 scilicet
1644 2133 1973 2189 Winnacum

336 2222 608 2294 praefecit,
657 2224 787 2293 quia
833 2223 902 2278 de
934 2224 1053 2292 ejus
1108 2223 1218 2278 vita
1248 2227 1304 2278 et
1332 2223 1579 2279 moribus
1615 2235 1726 2278 non
1760 2221 1977 2277 dubita-

335 2312 451 2380 bat,
504 2326 665 2383 quem
713 2325 899 2367 secum
964 2311 1032 2365 ab
1098 2310 1327 2366 infantia
1386 2312 1489 2366 sub
1536 2312 1819 2367 Dominica
1858 2325 1975 2366 mo-

335 2402 560 2457 nasterii
610 2399 800 2455 schola
853 2400 1140 2454 nutrierat.
1200 2399 1404 2453 Taliter
1450 2412 1582 2470 ergo
1621 2401 1680 2453 Β.
1722 2400 1977 2455 Bertinus

337 2491 580 2546 omnium
620 2488 1000 2545 coenobiorum
1047 2488 1448 2543 Tarvennensis
1488 2488 1754 2543 territorii
1784 2495 1978 2544 auctor

337 2584 393 2634 et
422 2586 579 2647 pater
623 2578 853 2643 exstitit,
886 2582 1150 2645 tantoque
1198 2576 1444 2647 germine
1490 2577 1546 2631 in
1577 2582 1839 2647 provectu
1877 2579 1979 2633 Ee-

336 2666 524 2722 clesite
561 2665 764 2721 Christi
801 2664 1170 2721 fractificavit.
1192 2665 1421 2720 Omissis
1447 2666 1668 2721 tandem
1699 2666 1974 2732 omnibus,

339 2762 542 2825 quanta
596 2754 866 2809 industria
922 2762 1119 2810 cuncta
1185 2756 1497 2810 necessaria
1553 2754 1679 2811 loco
1737 2755 1979 2824 propriae

339 2843 696 2900 habitationis
725 2844 935 2900 curavit
966 2844 1280 2915 providere,
1321 2845 1681 2914 subsequenti
1732 2846 1982 2900 narrabi-

341 2939 432 2989 tur
450 2932 615 2989 serie.

543 3024 672 3079 CAP.
714 3022 801 3077 VI.
843 3019 1080 3089 Qualiter
1107 3022 1451 3077 cmmeterium
1481 3022 1777 3094 acquisivit.

2051 533 2232 582 stante
2263 540 2294 580 a
2331 526 2505 582 Silhiu
2569 528 2824 585 cmnobio
2862 528 2977 586 fere
3024 537 3263 601 quatuor
3303 530 3629 587 milliaribus
3660 545 3692 585 a

2052 614 2255 670 domno
2288 614 2512 671 Bertino
2569 616 2870 673 secundum
2920 619 3101 689 ipsius
3147 620 3295 675 beati
3341 619 3444 675 viri
3490 620 3546 675 in
3584 620 3693 676 hoe

2054 704 2340 774 privilegio
2370 711 2617 776 rogatum
2640 706 2838 762 exinde
2868 707 3211 777 deportatus,
3243 708 3299 763 in
3322 708 3695 778 suprascripta

2053 792 2301 862 basilica,
2334 799 2460 848 ante
2489 794 2659 850 altare
2688 802 2892 852 sanctae
2931 797 3027 852 Dei
3065 798 3360 853 Genitricis
3387 804 3471 853 est
3500 798 3693 853 huma-

2054 888 2161 947 tus,
2203 896 2268 938 ac
2313 882 2577 952 deinceps
2620 884 2740 953 ipsa
2786 884 3012 940 basilica
3069 886 3271 941 domno
3324 887 3547 942 Bertino
3595 885 3698 942 fuit

2054 969 2294 1025 subdita.

2130 1056 2214 1114 10.
2255 1060 2461 1130 Largus
2490 1060 2658 1131 igitur
2684 1061 2954 1119 bonarum
2977 1076 3205 1132 operum
3235 1063 3540 1120 retributor
3568 1077 3699 1121 con-

2055 1154 2145 1211 tra
2195 1147 2499 1205 diabolicas
2540 1152 2929 1220 persuasiones
2985 1152 3313 1209 indefessam
3369 1155 3454 1209 sui
3507 1154 3700 1209 militis

2054 1237 2261 1292 Bertini
2318 1240 2596 1308 aspiciens
2633 1255 2869 1312 pugnam
2924 1240 3092 1312 [oculi
3134 1243 3269 1297 enim
3317 1243 3526 1298 Domini
3555 1242 3701 1313 aspi-

2055 1327 2211 1381 ciunt
2254 1342 2413 1399 super
2452 1328 2645 1398 justas,
2703 1340 2751 1384 et
2804 1344 2960 1385 aures
3014 1330 3125 1400 ejus
3180 1331 3236 1385 in
3286 1345 3471 1402 preces
3522 1345 3699 1387 eorum

2056 1413 2218 1486 (Psal.
2249 1431 2405 1484 xxiii,
2463 1416 2605 1488 16)],
2656 1431 3018 1489 magnamque
3068 1419 3187 1488 ejus
3234 1419 3302 1474 de
3352 1418 3546 1475 ovibus
3591 1419 3698 1475 sibi

2057 1505 2285 1561 creditis
2313 1506 2535 1562 intuens
2580 1522 2789 1575 curam,
2837 1507 3087 1564 almificis
3134 1522 3258 1566 eum
3287 1509 3462 1581 signis
3491 1523 3554 1564 ac
3592 1510 3701 1565 vir-

2058 1594 2270 1650 tutibus
2332 1595 2679 1667 gloriﬁcavit,
2738 1597 2806 1653 de
2864 1598 3087 1668 quibus,
3159 1597 3377 1655 favente
3441 1599 3695 1666 Domino,

2057 1697 2231 1753 pauca
2258 1683 2620 1754 subsequenti
2649 1685 2992 1742 narrabimus
3020 1700 3295 1743 sermone.

2362 1775 2490 1829 CAP.
2524 1775 2634 1830 VII.
2681 1775 2916 1831 Traditio
2958 1775 3215 1831 Walberli
3246 1773 3393 1846 (10).

2132 1859 2215 1914 ll.
2258 1862 2382 1917 Fuit
2419 1861 2587 1932 igitur
2625 1864 2846 1933 quidam
2893 1865 2977 1919 vir
3014 1864 3229 1925 nobilis,
3277 1862 3618 1919 honoriﬁcus
3646 1871 3701 1920 et

2057 1963 2243 2007 comes
2271 1951 2574 2007 secundum
2613 1966 2804 2009 vanam
2844 1953 3010 2024 hujus
3034 1954 3222 2010 saeculi
3255 1953 3576 2025 dignitatem
3601 1967 3701 2011 na-

2057 2041 2203 2096 mine
2260 2041 2596 2110 Walbertus,
2656 2056 2797 2099 uxor
2832 2056 2963 2099 vero
3002 2045 3122 2114 ejus
3174 2043 3545 2115 Regentrudis
3599 2041 3703 2100 fuit

2057 2135 2391 2199 nuncupata.
2451 2131 2591 2185 lluic
2646 2145 2776 2187 vero
2822 2131 3143 2188 Waulberto
3200 2140 3257 2188 et
3307 2132 3529 2203 conjugi
3583 2145 3699 2188 suae

2059 2224 2217 2286 pater
2263 2217 2672 2287 confessionum
2726 2219 2832 2287 (ll)
2892 2221 3088 2276 beatus
3135 2219 3238 2276 fuit
3282 2222 3557 2287 Bertinus,
3599 2234 3702 2276 nec

2058 2319 2171 2362 non
2219 2314 2273 2362 et
2322 2313 2606 2378 compater
2660 2308 2763 2363 fuit
2811 2310 3113 2365 secundum
3152 2310 3341 2365 saeculi
3371 2310 3702 2365 laudabilem

2059 2395 2224 2450 ritum
2273 2396 2420 2452 inter
2476 2396 2817 2453 Christianos
2880 2397 2949 2452 ad
3006 2398 3391 2469 conjungenda
3444 2397 3704 2455 fraternae

2060 2484 2347 2539 charitatis
2393 2484 2601 2542 foedera
2663 2492 3066 2542 conservatum.
3116 2489 3314 2543 Beatus
3360 2488 3530 2559 igitur
3575 2490 3706 2543 Ber—

2062 2575 2210 2628 tinus
2267 2575 2517 2644 utrisque
2573 2576 2797 2631 verbum
2858 2590 3006 2645 saepe
3054 2576 3393 2646 praedicabat
3434 2577 3703 2632 divinum.

2061 2664 2407 2732 Quapropter
2436 2664 2561 2732 pius
2588 2664 2671 2719 vir
2708 2663 3008 2734 praedictus
3036 2666 3350 2721 Walbertus
3379 2666 3447 2721 ab
3477 2667 3536 2721 Β.
3578 2666 3709 2720 Ber-

2064 2754 2235 2808 tinum
2276 2767 2424 2823 saepe
2480 2753 2667 2809 venire
2713 2753 2947 2819 solebat,
2983 2760 3042 2809 ut
3085 2769 3116 2809 a
3164 2755 3328 2810 beato
3367 2757 3484 2812 viro
3524 2754 3708 2811 divina

2067 2847 2342 2912 praecepta
2381 2841 2616 2911 audiret,
2668 2850 2721 2898 et
2763 2850 2824 2898 ut
2864 2857 2895 2898 a
2924 2856 3083 2898 sacro
3123 2846 3243 2913 ejus
3272 2858 3368 2900 ore
3407 2852 3535 2915 post
3563 2858 3709 2900 com-

2066 2932 2492 2987 municationem
2544 2930 2798 3000 corporis
2855 2938 2910 2987 et
2963 2933 3247 3003 sanguinis
3300 2934 3505 2989 Christi
3557 2947 3708 2989 more

2068 3020 2492 3076 benediceretur
2528 3019 2715 3075 solito.
2738 3021 2978 3087 Quadam
3008 3022 3177 3092 igitur
3205 3023 3295 3078 die
3325 3024 3393 3078 ad
3426 3022 3707 3078 basilicam

413 3111 468 3166 8.
499 3111 764 3167 Omnibus
820 3110 989 3181 igitur
1052 3111 1356 3166 commodis
1413 3111 1658 3179 ejusdem
1724 3108 1833 3166 loci
1897 3109 2269 3168 suiCsauctze
2299 3110 2396 3164 Dei
2434 3110 2720 3179 genitricis
2747 3123 3072 3180 semperque
3104 3111 3342 3182 Virginis
3370 3112 3573 3179 Mariae,
3614 3113 3708 3168 ubi

343 3200 604 3257 fratribus
632 3199 972 3270 perquisitis,
1008 3201 1381 3255 coemeterium
1414 3214 1607 3269 parare
1638 3213 1749 3257 non
1779 3199 1980 3269 patuit,

346 3291 424 3347 uti
455 3292 511 3346 in
543 3289 761 3359 palude.
803 3292 979 3359 Super
1007 3303 1114 3358 qua
1145 3303 1205 3344 re
1234 3289 1319 3344 sui
1346 3290 1401 3343 in
1431 3288 1687 3344 omnibus
1715 3289 1985 3359 adjutoris

342 3379 532 3435 dilecti
572 3378 667 3433 Dei
713 3378 975 3434 antistitis
1027 3377 1324 3433 Audomari
1380 3378 1671 3436 consilium
1723 3383 1779 3432 et
1824 3392 1985 3447 opem

344 3482 457 3525 non
486 3468 700 3523 distulit
729 3481 998 3537 quaarere.
1048 3467 1150 3533 Qui
1200 3466 1500 3537 praeclarus
1539 3464 1785 3536 pontifex
1822 3466 1987 3522 solita

344 3558 627 3615 charitatis
672 3556 847 3613 adfuit
894 3557 1257 3625 exhibitione,
1307 3558 1535 3626 ejusque
1576 3556 1810 3613 consilio
1841 3569 1988 3611 com-

345 3649 621 3704 municato
682 3654 736 3703 et
791 3647 1001 3713 labore,
1071 3646 1219 3702 fossa
1273 3647 1522 3702 ambiens
1587 3645 1982 3710 caemeterium,

345 3737 522 3794 eidem
554 3736 811 3794 coenobio
832 3736 1177 3793 consecravit
1201 3736 1257 3790 in
1288 3735 1543 3805 praedicti
1575 3734 1735 3791 collis
1755 3736 1981 3802 vertice,

345 3832 661 3884 constructa
692 3827 745 3881 in
778 3827 898 3895 ejus
926 3825 1110 3880 medio
1141 3824 1369 3880 basilica
1398 3824 1453 3879 in
1478 3825 1834 3881 veneratione
1863 3836 1989 3879 san-

284 3952 287 3955 -
346 3922 450 3973 ctae
474 3917 571 3971 Dei
594 3915 880 3987 genitricis
915 3913 1118 3969 Mariae.
1157 3915 1326 3981 Quam
1374 3914 1649 3968 communi
1690 3912 1988 3983 perfectam

347 4018 516 4074 Opere
543 4006 598 4060 S.
640 4004 862 4059 Bertino
884 4004 1112 4072 ejusque
1144 4002 1439 4059 coenobitis
1467 4002 1745 4058 concessit
1773 4002 1988 4073 integre

345 4106 491 4150 anno
540 4092 946 4150 sexcentesimo
994 4092 1331 4163 sexagesimo
1369 4091 1771 4147 Incarnationis
1807 4091 1991 4147 Domi-

346 4183 508 4250 nicae,
549 4181 903 4238 donationem
941 4195 1094 4237 suam
1142 4180 1474 4237 confirmans
1510 4179 1653 4236 facta
1692 4194 1793 4250 per
1830 4180 1990 4250 privi-

346 4270 476 4343 legii
533 4270 961 4340 descriptionem
1012 4270 1332 4337 traditione,
1374 4271 1432 4325 in
1469 4284 1577 4340 qua
1636 4284 1696 4325 se
1743 4270 1991 4340 ejusdem

346 4360 494 4417 beati
536 4360 716 4416 Patris
764 4363 1202 4429 cunctarumque
1249 4357 1478 4415 fratrum
1517 4359 1620 4414 sub
1647 4360 1768 4427 ejus
1806 4366 1990 4428 patro-

2068 3199 2231 3253 etiam
2279 3199 2339 3253 B.
2390 3199 2644 3253 Bertinus
2689 3200 2742 3254 S.
2800 3199 3170 3256 Audomarum
3200 3200 3475 3271 sepelivit,
3507 3215 3707 3272 supra-

2068 3287 2251 3343 dictus
2322 3288 2635 3343 Walbertus
2707 3289 2953 3355 veniens,
3030 3290 3346 3359 ibidemque
3405 3292 3711 3348 arationem

2068 3377 2372 3446 complens,
2413 3376 2596 3446 aliqua
2642 3391 2765 3432 eum
2815 3378 3144 3433 necessitate
3183 3380 3367 3435 subito
3395 3381 3712 3437 retrahente

2068 3466 2137 3521 ab
2162 3467 2384 3521 beatum
2432 3465 2672 3535 neglexit
2719 3466 2906 3522 venire
2954 3467 3257 3537 Bertinum,
3298 3469 3397 3524 sed
3439 3470 3510 3525 ad
3558 3485 3711 3527 suam

2069 3554 2348 3624 propriam
2409 3554 2628 3609 incaute
2682 3562 3022 3611 remeaverat
3078 3557 3319 3613 domum.
3372 3560 3523 3614 Tunc
3578 3574 3712 3615 suus

2069 3643 2375 3714 discipulus
2404 3644 2625 3699 nomine
2671 3644 2825 3700 Dodo
2874 3645 3037 3701 beata
3068 3647 3337 3703 nuntiavit
3373 3649 3596 3705 Bertino
3627 3648 3711 3704 di-

2069 3734 2250 3788 cendo
2275 3752 2287 3787 :
2315 3749 2344 3784 ‹‹
2368 3732 2533 3787 Valde
2554 3733 2884 3789 venerabilis
2901 3735 3084 3803 Pater,
3098 3735 3341 3792 admiror
3359 3738 3508 3808 quod
3529 3745 3711 3794 vester

2070 3820 2250 3877 fidelis
2277 3822 2335 3876 in
2355 3821 2573 3877 Christo
2602 3823 2810 3879 amicus
2831 3823 3144 3880 Walbertus
3171 3826 3229 3880 in
3258 3827 3511 3895 proximo
3551 3828 3713 3885 nobis

2070 3910 2237 3967 hodie
2266 3911 2374 3966 iter
2401 3911 2609 3966 iaciens
2636 3911 2754 3968 sine
2784 3918 2981 3970 vestrae
3010 3913 3418 3973 benedictionis
3445 3918 3711 3986 petitione

2072 3999 2145 4055 nd
2175 4013 2327 4055 suam
2364 4000 2670 4057 insolenter
2697 4003 2941 4072 perrexit
2971 4005 3215 4061 domum.
3248 4022 3279 4062 ι)
3311 4008 3462 4064 Tunc
3489 4015 3715 4065 sanctus

2071 4088 2274 4144 Christi
2304 4088 2588 4146 confessor
2624 4091 2880 4148 Bertinus
2915 4094 3245 4164 praphetico
3278 4096 3479 4167 spiritu
3518 4097 3716 4168 plenus

2073 4178 2342 4247 praedicto
2389 4179 2463 4234 ait
2519 4179 2793 4251 discipulo
2827 4201 2840 4237 :
2877 4197 2907 4238 «
2936 4185 3264 4255 Antequam,
3314 4186 3411 4253 fili,
3461 4186 3530 4243 ad
3559 4201 3713 4244 suam

2073 4267 2387 4323 Walbertus
2421 4270 2705 4338 perveniat
2733 4270 2976 4339 domum,
3023 4273 3092 4328 ad
3132 4287 3294 4343 quam
3334 4288 3481 4330 nunc
3509 4289 3714 4345 prope-

2073 4357 2248 4414 rando
2276 4371 2336 4412 se
2356 4356 2533 4413 credit
2563 4358 2673 4412 cito
2704 4371 2825 4412 esse
2855 4365 3164 4425 venturum,
3207 4360 3362 4416 valde
3399 4363 3712 4430 paenitebit,

348 4450 496 4505 cinia
560 4451 671 4505 Deo
740 4448 1098 4504 servientium
1162 4448 1507 4504 orationibus
1562 4447 1984 4515 commendavit,
2009 4437 2223 4517 unod
2253 4445 2420 4501 hodie
2439 4446 2558 4501 sine
2584 4453 2790 4502 nostrae
2817 4446 3224 4504 benedictionis
3251 4463 3478 4506 munere
3507 4451 3576 4507 de
3607 4451 3715 4508 hoc

348 4539 616 4609 petiitque
645 4543 705 4593 ut
752 4538 810 4593 in
859 4537 1053 4594 eodem
1101 4537 1441 4604 cmmeterio,
1483 4550 1549 4592 eo
1597 4538 1770 4593 totius
1806 4539 1990 4594 carnis

346 4629 489 4685 viam
544 4628 815 4698 ingresso,
879 4640 1083 4697 corpus
1138 4626 1384 4682 exanime
1458 4624 1768 4682 humarent.
1826 4628 1994 4697 Cujus

348 4716 620 4787 privilegii
678 4715 959 4786 exemplar
1012 4715 1104 4771 hic
1169 4714 1474 4771 inscribere
1533 4715 1862 4783 curavimus,
1913 4715 1995 4772 uti

349 4810 481 4862 tunc
512 4806 779 4875 temporis
806 4820 836 4860 a
866 4803 1094 4875 praefato
1140 4804 1343 4861 Christi
1400 4804 1636 4874 praesule
1681 4803 1993 4862 Audomaro

348 4892 553 4951 factum
582 4894 915 4964 accepimus.

483 4982 775 5055 Exemplar
813 4982 1009 5037 charta:
1038 4982 1101 5038 S.
1134 4982 1426 5037 Audomari
1454 4981 1519 5037 de
1554 4982 1863 5038 coemelerio.

350 5073 450 5145 (Ex
502 5072 846 5129 Cliartulario
905 5071 1180 5142 Falquini,
1230 5074 1285 5126 S.
1335 5071 1542 5126 Bertini
1605 5072 1882 5129 monachi.
1925 5102 1993 5114 —

504 5162 630 5217 Vide
668 5161 985 5231 Palrologia:
1023 5166 1147 5217 tom.
1181 5162 1401 5217 CXXX
1413 5162 1502 5226 Vl,
1534 5160 1635 5217 col.
1675 5160 1851 5230 1189.)

421 5251 476 5307 9.
518 5252 692 5322 Igitur
738 5251 1044 5307 decedente
1088 5250 1291 5306 domno
1346 5249 1660 5306 Audomara
1708 5252 1991 5321 episcopo,

349 5340 633 5412 trigesimo
683 5341 878 5419 quinto
928 5353 1072 5395 anno
1130 5344 1255 5409 post
1315 5339 1569 5408 praedicti
1608 5341 1910 5396 cmmeterii
1939 5347 1994 5398 et

424 5463 511 5606 $8)
545 5465 709 5520 Deest
735 5465 844 5521 hoc
875 5462 1175 5534 capitulum
1207 5462 1261 5517 in
1291 5463 1521 5533 antiquo
1543 5465 1849 5536 Anonymo.

455 5534 515 5606 9)
561 5535 868 5593 Worimholt
897 5536 1102 5592 dicitur
1127 5536 1184 5591 in
1223 5535 1341 5591 Vita
1370 5536 1425 5590 S.
1460 5535 1716 5593 Winnoci
1745 5535 1849 5593 infr

353 5534 868 5661 ³ῃὲ9)7ἶξ;ονὶηι1ιοιι
897 5536 1102 5592 dicitur
1127 5536 1184 5591 in
1223 5535 1341 5591 Vita
1370 5536 1425 5590 S.
1460 5534 1721 5593 Winnoci
1745 5535 1886 5593 infra
1925 5536 1993 5593 ad

2076 4535 2318 4605 perrexit
2346 4534 2490 4590 loco.
2515 4550 2546 4591 »
2571 4535 2727 4603 Quod
2747 4536 3049 4592 secundum
3071 4537 3220 4593 beati
3246 4538 3347 4595 viri
3370 4540 3716 4609 praescientis

2073 4624 2298 4679 verbum
2343 4622 2570 4679 effectus
2618 4626 2871 4695 probavit
2900 4626 3000 4681 rei.
3041 4627 3247 4683 Eodem
3287 4629 3433 4684 enim
3471 4630 3561 4685 die
3590 4636 3717 4700 post

2073 4713 2209 4769 solis
2246 4726 2501 4769 occasum
2533 4716 2758 4770 nuntius
2804 4730 2835 4770 a
2864 4715 3145 4773 Walberto
3202 4716 3468 4774 velociter
3522 4732 3718 4774 secun-

2075 4803 2203 4859 dum
2243 4804 2452 4859 domini
2498 4805 2584 4860 sui
2633 4810 2971 4875 praeceptum
3018 4806 3317 4876 equitando
3372 4807 3442 4862 ab
3498 4807 3717 4863 beatum

2073 4894 2224 4949 venit
2267 4894 2566 4958 Bertinum,
2608 4887 2902 4964 statimque
2945 4901 3234 4965 postquam
3283 4896 3352 4951 ad
3401 4897 3576 4952 sancti
3616 4896 3718 4951 viri

2077 4983 2424 5052 praesentiam
2455 4982 2623 5050 venit,
2657 4984 2775 5053 ejus
2804 4985 3127 5053 provolutus
3179 4984 3444 5055 vestigiis,
3487 4986 3719 5041 tremula

2075 5072 2145 5128 ad
2172 5086 2295 5127 eum
2326 5073 2401 5127 ait
2430 5086 2563 5128 voce
2589 5087 2601 5121 :
2639 5075 2938 5142 «Domine,
2960 5080 3143 5130 vester
3163 5074 3462 5130 benevolus
3490 5075 3547 5130 in
3568 5075 3720 5130 Chri-

2074 5167 2163 5217 sto
2194 5162 2403 5217 amicus
2449 5161 2763 5217 Walbertus
2816 5164 2982 5219 modo
3034 5164 3089 5218 in
3139 5164 3379 5219 confinio
3434 5164 3629 5221 martis
3667 5170 3721 5220 et

2076 5251 2203 5307 vita:
2234 5252 2448 5321 positus
2495 5265 2591 5308 vos
2632 5253 2690 5308 in
2737 5253 2835 5308 Dei
2875 5253 3119 5323 postulat
3148 5254 3391 5320 nomine,
3423 5260 3483 5309 ut
3512 5267 3613 5325 pro
3651 5268 3718 5311 eo

2077 5342 2379 5397 secundum
2423 5341 2640 5397 solitam
2688 5349 2886 5398 vestra:
2940 5342 3226 5399 charitatis
3273 5344 3533 5414 pietatem
3562 5345 3721 5401 mise-

2152 5465 2274 5540 (ιο)
2311 5466 2587 5540 Verbatim
2616 5482 2686 5523 ex
2711 5469 2941 5539 antiqua
2968 5472 3274 5540 Ananymo.

2159 5538 2728 5612 (l_l)_Confessa_rium
2784 5538 3028 5597 vacant:
3070 5538 3180 5612 quo
3233 5542 3302 5598 de
3348 5555 3574 5598 munere
3620 5556 3719 5599 seu

2078 5607 2262 5666 offlCio
2290 5609 2413 5681 lege
2443 5608 2824 5681 praefationem
2862 5612 2992 5669 huic
3014 5607 3219 5670 saeculo
3248 5613 3548 5685 praetium.
