4056 6150
440 324 575 380 1095

1553 323 1879 378 FOLCARDI
1918 321 2216 378 MONACHI
2256 323 2666 381 SlTHIVENSlS

3669 329 3800 384 1096

432 451 706 508 ricordem
745 451 1119 521 deprecemini
1167 449 1476 514 Dominum,
1531 455 1590 502 ut
1637 461 1737 516 per
1775 452 1985 502 vestras
2014 447 2498 508 inAhaareditatis
2551 466 2666 507 suae
2726 459 2957 522 partem,
3017 454 3196 509 villam
3263 453 3477 509 scilicet
3543 455 3720 510 Arkas
3745 463 3798 510 et

430 547 733 610 conspectu
780 541 973 595 aeterni
1029 539 1194 609 Regis
1231 536 1504 607 gloriosas
1543 549 1738 604 preces
1775 535 1843 590 de
1874 537 2075 591 morti-

429 629 547 686 fero
583 629 830 698 periculo
872 628 1018 698 quod
1050 627 1155 681 sibi
1186 639 1363 694 nuper
1401 624 1622 694 accipit,
1658 623 1902 679 solamen
1934 627 2074 679 reci-

433 719 564 787 piat.
610 720 900 788 Postquam
931 716 1076 771 enim
1126 716 1179 769 in
1222 714 1324 769 hac
1356 713 1445 769 die
1475 714 1595 768 sine
1635 719 1810 767 vestra
1841 713 2072 767 benedi-

434 810 617 863 ctione
649 808 716 862 ad
747 820 896 862 suam
927 805 1118 860 volens
1148 817 1448 875 prOperare
1479 804 1698 860 domum
1732 809 2070 872 perrexerat,

433 898 617 953 subito
665 897 720 950 in
760 895 941 950 medio
980 895 1083 949 via:
1121 893 1300 963 spatio
1340 893 1408 948 de
1440 907 1540 949 suo
1572 892 1626 946 in
1668 906 1778 962 quo
1809 892 2074 948 velociter

435 984 714 1054 equitabat
762 997 905 1052 equo
956 982 1224 1052 dejectus,
1277 995 1445 1052 super
1493 987 1768 1050 petrosam
1821 981 2074 1035 incautus

433 1073 643 1129 corruit
682 1060 904 1138 terram,
953 1072 1250 1141 multisque
1298 1072 1354 1126 in
1394 1072 1512 1140 ejus
1550 1083 1784 1139 corpore
1815 1071 2075 1125 membris

434 1161 662 1229 collisis,
712 1160 1029 1231 femoreque
1079 1163 1216 1230 ejus,
1269 1160 1582 1215 beatissime
1622 1161 1802 1224 Pater,
1854 1159 2072 1227 penitus

430 1251 732 1320 confracto,
767 1257 997 1308 mortem
1041 1251 1146 1307 sibi
1195 1249 1469 1306 subditam
1522 1248 1715 1303 adesse
1757 1253 1931 1317 putat,
1963 1247 2071 1303 nisi

426 1341 600 1408 illum,
635 1348 694 1396 ut
741 1342 939 1408 credit,
973 1356 1073 1411 per
1114 1348 1324 1396 vestras
1359 1353 1548 1394 sacras
1584 1339 1866 1393 orationes
1895 1337 2071 1406 pietas

422 1429 622 1486 liberet
651 1430 854 1486 divina.
916 1432 1029 1486 Scit
1087 1431 1230 1486 enim
1270 1429 1419 1499 quod
1469 1429 1575 1484 hoc
1614 1427 1720 1483 sibi
1764 1426 2066 1497 periculum

421 1535 521 1589 per
570 1535 722 1576 suam
787 1521 1021 1591 contigit
1069 1520 1478 1591 negligentiam,
1526 1518 1653 1588 quia
1702 1518 1821 1572 sine
1869 1523 2065 1573 vestrae

419 1610 827 1666 benedictionis
876 1610 1139 1666 tutamine
1191 1624 1290 1679 per
1335 1608 1512 1664 hostis
1559 1607 1743 1662 callidi
1785 1607 2061 1674 astutiam,

413 1699 597 1768 aliqua
644 1714 702 1755 se
743 1700 1070 1756 necessitate
1124 1698 1440 1754 retrahente
1470 1696 1538 1750 de
1579 1696 1684 1750 hoc
1731 1695 1897 1750 hodie
1938 1694 2062 1751 loco

2157 536 2333 592 multa
2363 537 2469 593 alia
2498 540 2644 594 sicut
2671 541 2970 610 antiquitas
2991 543 3207 608 asserit,
3240 542 3448 612 praedia
3478 545 3539 597 B.
3574 545 3796 598 Bertino

2157 626 2402 693 tradidit,
2456 635 2511 682 et
2557 628 2746 684 usibus
2773 628 3002 686 fratrum
3052 631 3107 685 in
3159 631 3334 688 Sithiu
3370 633 3592 687 Christo
3623 631 3799 687 famu-

2155 714 2382 769 lantium
2432 723 2698 786 perpetuo
2748 717 3040 789 delegavit.
3081 719 3284 789 Sicque
3322 721 3586 789 paulatim
3637 723 3800 776 rebus

2155 804 2514 859 saecularibus
2570 811 2913 872 renuntians,
2965 809 3224 878 omnique
3263 810 3448 865 studio
3481 811 3802 865 coelestibus

2155 892 2394 958 inhians,
2420 896 2642 964 jamque
2691 898 2992 952 monachus
3041 898 3157 953 ﬁeri
3197 899 3538 964 desiderans,
3574 902 3631 954 S.
3665 901 3802 955 Ber-

2156 981 2258 1036 tini
2299 983 2521 1038 hortatu
2553 991 2607 1039 et
2654 985 2888 1041 consilio
2938 985 3131 1053 fretus,
3165 988 3220 1042 in
3251 989 3494 1044 Luxovio
3528 987 3655 1059 (l3)
3699 988 3798 1043 ha-

2155 1068 2328 1125 bitum
2359 1071 2644 1140 religionis
2669 1075 2954 1143 suscipere
2983 1075 3329 1131 irrevocabili
3360 1078 3602 1146 spondet
3633 1077 3799 1132 devo-

2155 1157 2326 1214 tione.

2367 1249 2497 1304 CAP.
2532 1251 2665 1304 Vlll.
2695 1251 2929 1306 Traditio
2960 1251 3024 1306 de
3052 1252 3418 1322 Hunulfricurt
3447 1253 3577 1319 (14).

2231 1335 2312 1389 12.
2347 1337 2440 1391 Vir
2467 1338 2690 1408 quidam
2748 1339 2987 1410 inclytus
3025 1343 3246 1397 nomine
3297 1341 3630 1398 Amalfridus
3679 1351 3796 1398 tra-

2150 1423 2293 1478 didit
2323 1425 2525 1480 domno
2583 1427 2804 1482 Bertino
2843 1429 3236 1484 monasterium
3282 1431 3430 1498 quod
3485 1431 3606 1499 ipse
3652 1444 3796 1486 con-

2148 1519 2424 1568 struxerat
2471 1515 2527 1570 in
2577 1516 2916 1586 proprietate
2964 1532 3081 1584 sua,
3133 1520 3355 1574 nomine
3404 1519 3792 1589 Hunutfricurt,

2147 1601 2203 1655 in
2262 1616 2415 1672 pago.
2458 1606 2838 1661 Cameracensi
2897 1620 3064 1676 super
3122 1607 3286 1664 ﬂuvio
3332 1607 3519 1673 Scald,
3584 1609 3678 1664 ubi
3741 1618 3794 1663 et

2145 1690 2256 1745 ﬁlia
2285 1692 2460 1761 ipsius
2492 1693 2723 1749 illustris
2775 1695 2898 1762 viri,
2951 1697 3189 1751 Auriana
3237 1697 3479 1764 nomine,
3510 1698 3793 1753 abbatissa

413 1788 675 1856 perrexit.
715 1789 952 1855 Idcirco,
984 1801 1082 1843 vos
1111 1787 1166 1842 in
1193 1787 1288 1842 Dei
1319 1785 1538 1841 nomine
1560 1783 1628 1839 de
1661 1783 1924 1853 praedicta
1954 1798 2056 1839 ne-
2079 1785 2126 1841 B
2148 1781 2646 1837 sanctimonialium
2695 1784 2899 1839 rectrix
2937 1799 3058 1840 esse
3096 1785 3313 1840 videtur
3360 1800 3426 1842 eo
3481 1792 3677 1842 tenore
3734 1796 3795 1841 ut

413 1876 673 1946 gligentia
719 1878 932 1932 veniam
973 1876 1213 1946 petendo
1255 1881 1513 1944 precatur
1561 1877 1620 1926 ut
1651 1878 1842 1941 potum
1873 1877 2062 1927 vestro.

410 1979 570 2022 sacro
625 1980 722 2022 ore
771 1966 1123 2022 benedictum
1172 1964 1454 2033 sacrisque
1503 1960 1754 2016 manibus
1783 1960 2053 2030 signatum

410 2053 476 2108 ad
510 2067 634 2109 eum
663 2061 955 2125 antequam
977 2055 1243 2110 moriatur
1272 2050 1644 2106 transmittere
1667 2048 1987 2118 dignemini.
2025 2070 2049 2098 ››

408 2141 559 2196 Tunc
590 2142 919 2197 venerabilis
957 2156 1127 2197 senex
1166 2155 1296 2196 casu
1325 2138 1504 2194 ﬁdelis
1532 2137 1693 2192 amici
1724 2144 2050 2203 commotus,

405 2240 507 2283 suo
538 2229 924 2285 incunctanter
967 2230 1132 2299 jussit
1161 2227 1439 2296 discipulo
1470 2240 1536 2281 ex
1575 2225 1882 2293 oenophoro
1927 2222 2047 2294 (12)

409 2318 558 2387 quod
598 2319 654 2373 in
685 2320 929 2375 sacrario
979 2318 1218 2388 positum
1267 2315 1464 2382 fuerat,
1505 2315 1690 2370 vinum
1729 2313 2048 2382 propinare,

405 2413 464 2461 ut
493 2407 561 2462 ad
611 2414 971 2478 aegrotantem
1019 2407 1307 2463 celerrime
1355 2406 1669 2459 mitteretur
1697 2402 1949 2456 amicum.
1984 2406 2052 2456 At

399 2497 619 2563 juvenis
639 2496 834 2552 leviter
853 2503 1044 2552 sancto
1066 2493 1355 2566 respondit
1375 2493 1561 2548 abbati
1586 2512 1598 2547 :
1630 2505 1659 2545 (ί
1681 2493 1794 2556 Est,
1820 2495 1878 2545 ut
1899 2503 2046 2556 reor,

407 2585 722 2642 beatissime
770 2588 950 2653 Pater,
1010 2586 1250 2655 spatium
1308 2583 1513 2637 mensis
1568 2579 1790 2650 integri,
1830 2586 1925 2634 aut
1981 2592 2048 2635 eo

402 2675 638 2743 amplius
685 2689 795 2744 quo
840 2689 942 2730 nec
991 2675 1047 2729 in
1088 2688 1153 2729 eo
1205 2674 1273 2729 de
1320 2687 1430 2742 quo
1486 2671 1626 2726 dicis
1671 2669 1892 2725 vasculo
1941 2681 2048 2723 una

403 2762 586 2832 phiala
619 2762 786 2819 fuerit
814 2763 944 2819 vini.
973 2781 1000 2815 »
1025 2763 1162 2818 Huic
1182 2767 1405 2818 sanctus
1442 2760 1645 2816 Christi
1677 2757 1964 2815 confessor
1992 2763 2048 2812 et

403 2851 510 2906 ﬁde
542 2850 786 2921 perfecta
817 2857 873 2908 et
901 2852 1168 2908 cbaritate
1199 2850 1394 2920 plenus
1421 2863 1522 2905 suo
1563 2848 1702 2904 dixit
1731 2846 2042 2916 discipulo:

405 2960 430 2989 α
471 2941 639 3007 Vade,
673 2941 770 3007 ﬁli,
804 2943 860 2996 in
894 2941 990 2996 Dei
1021 2940 1242 2997 nomine
1273 2940 1340 2994 ad
1382 2939 1516 2994 illud
1549 2938 1617 2993 de
1647 2950 1757 3006 quo
1789 2937 1930 2991 dicis
1959 2951 2048 2990 va-

397 3029 648 3097 sculum;
689 3030 954 3086 Dominus
991 3029 1136 3085 enim
1183 3034 1374 3084 noster
1411 3028 1500 3083 cui
1539 3027 1721 3082 omnia
1760 3025 2044 3096 possibilia

2140 1867 2247 1924 hoc
2277 1870 2397 1938 ipse
2446 1870 2576 1926 dum
2628 1871 2927 1940 adviveret,
2970 1887 3069 1942 per
3106 1876 3408 1944 precariam
3440 1875 3693 1941 haberet,
3737 1884 3792 1931 et

2141 1962 2266 2025 post
2315 1973 2474 2014 suum
2513 1960 2724 2015 obitum
2770 1975 2835 2015 ac
2885 1961 3011 2016 ﬁlia:
3060 1964 3178 2031 ejus
3223 1963 3497 2031 Aurianae,
3530 1965 3792 2034 supradi-

2137 2051 2259 2100 ctus
2289 2046 2459 2102 abbas
2489 2048 2742 2103 Bertinus
2779 2064 2877 2105 seu
2906 2064 3258 2106 successores
3276 2052 3362 2106 sui
3392 2052 3498 2108 hoc
3518 2053 3787 2119 habeant,

2137 2139 2361 2189 teneant
2388 2148 2452 2190 ac
2502 2136 2822 2204 possideant
2856 2157 2868 2191 :
2911 2144 2966 2193 et
2995 2153 3380 2208 quemcunque
3419 2142 3786 2210 praepositum

2135 2223 2211 2278 ibi
2255 2237 2580 2292 praeponere
2631 2226 2927 2294 voluerint,
2983 2227 3262 2283 licentiam
3318 2229 3577 2296 habeant,
3637 2230 3763 2285 sicu

2135 2313 2298 2367 etiam
2336 2315 2618 2384 exemplar
2645 2316 2795 2370 illius
2825 2317 3141 2373 traditionis
3168 2317 3313 2387 apud
3354 2332 3456 2374 nos
3509 2319 3786 2374 hactenus

2133 2410 2514 2458 conservatum
2553 2410 2806 2473 testatur,
2855 2414 3038 2462 actum
3075 2421 3220 2463 anno
3268 2409 3336 2463 ab
3391 2411 3783 2465 lncarnatione

2131 2491 2348 2546 Domini
2399 2493 2799 2550 sexcentesimo
2885 2496 3290 2566 septuagesimo
3346 2498 3582 2567 septimo
3640 2497 3781 2568 (15),

2131 2579 2434 2635 indictione
2463 2587 2637 2636 sexta.

2129 2669 2259 2722 CAP.
2300 2669 2388 2724 IX.
2423 2670 2574 2736 Quod
2616 2669 2843 2740 plurima
2889 2673 3059 2740 signo,
3108 2671 3225 2728 licet
3271 2688 3366 2729 nos
3413 2674 3633 2743 lateant,
3682 2691 3784 2746 per

2590 2772 2704 2813 eum
2741 2760 2864 2829 fecit
2902 2761 3149 2814 Dominus
3179 2761 3308 2832 (l6).

2206 2843 2290 2898 l3.
2340 2847 2615 2902 Praeterea
2663 2861 2762 2916 per
2799 2854 3048 2904 sanctum
3095 2851 3270 2906 virum
3322 2852 3458 2907 mira
3511 2853 3782 2910 divinitas

2130 2933 2261 3004 egit,
2314 2937 2560 3004 quamvis
2619 2938 2816 3005 partim
2874 2938 2994 3008 ipse
3052 2939 3266 2995 celandi
3322 2941 3529 3009 studio,
3575 2945 3779 3011 partim

2131 3029 2261 3077 tunc
2309 3025 2662 3093 praesentium
2712 3027 3045 3098 negligentia
3075 3029 3400 3086 occuluerit.
3447 3030 3556 3085 Sed
3587 3032 3779 3087 omni-

396 3122 547 3184 sunt,
579 3118 674 3185 qui
722 3119 881 3172 adest
929 3118 985 3171 in
1030 3116 1537 3186 opportunitatibus
1576 3120 1758 3186 (prope
1795 3121 1870 3169 est
1909 3110 2231 3174 animabus
2260 3112 2540 3168 miraculis
2588 3114 2744 3170 labor
2781 3117 2838 3170 in
2888 3117 2987 3171 Dei
3044 3119 3268 3174 servitio
3325 3118 3652 3174 indeﬁciens
3693 3130 3780 3176 est

399 3207 650 3260 Dominus
692 3205 1054 3260 invocantibus
1099 3221 1212 3259 eum
1255 3204 1422 3275 [Psal.
1457 3219 1632 3270 cxuv,
1673 3203 1800 3274 18]),
1851 3211 2040 3258 nostro

397 3295 688 3366 mgrotanti
719 3296 919 3362 amico,
963 3295 1154 3361 credo,
1188 3292 1527 3360 salutiferum
1567 3293 1718 3347 dabit
1758 3300 1966 3362 potum.
2012 3314 2038 3343 ››

392 3385 543 3439 Tunc
577 3385 795 3454 juvenis
843 3385 1019 3439 sancti
1067 3384 1170 3439 viri
1221 3388 1498 3452 praecepta
1528 3388 1769 3448 secutus,
1803 3382 1856 3436 in
1891 3397 2038 3451 pree-

393 3472 601 3529 dictum
641 3473 902 3528 intrando
951 3473 1272 3538 sacrarium,
1322 3471 1458 3526 illud
1507 3485 1600 3525 vas
1638 3470 1706 3525 de
1737 3483 1846 3538 quo
1878 3469 2039 3538 paulo

393 3567 519 3617 ante
549 3568 743 3618 sancto
776 3561 916 3616 dixit
961 3561 1168 3627 abbati,
1200 3560 1350 3630 quod
1391 3573 1492 3614 nec
1524 3573 1633 3614 una
1660 3558 1716 3612 in
1749 3571 1815 3613 eo
1845 3558 2038 3613 fuisset

393 3651 503 3705 vini
545 3651 747 3721 phiala,
781 3651 963 3706 divina
994 3650 1261 3720 largiente
1299 3648 1493 3719 gratia,
1527 3648 1630 3701 hac
1659 3648 1776 3702 vice
1815 3647 2034 3715 plenum

394 3742 604 3811 optimo
647 3741 856 3796 invenit
884 3741 1032 3807 vino,
1065 3741 1222 3809 cujus
1251 3738 1518 3793 mirabilis
1548 3737 1688 3793 odor
1717 3737 2036 3806 praedictam

393 3830 766 3899 compleverat
809 3830 1052 3885 domum.
1098 3829 1248 3883 Tunc
1294 3834 1518 3882 sanctus
1563 3825 1766 3880 Christi
1815 3824 2036 3880 confes-

391 3933 487 3975 sor
534 3920 790 3974 Bertinus
836 3919 1131 3972 immensas
1169 3915 1534 3985 omnipotenti
1572 3914 1804 3969 Domino
1833 3913 2037 3982 gratias

392 4021 581 4077 agens,
609 4007 877 4060 Walberti
907 4007 984 4061 ait
1014 4020 1186 4074 puero
1221 4025 1232 4059 :
1271 4025 1296 4054 α
1327 4007 1402 4058 De
1423 4005 1530 4059 hoc
1558 4004 1684 4058 vino
1715 4001 1923 4072 aliquid
1955 4008 2038 4057 te-

391 4110 514 4152 cum
561 4095 834 4165 portando
882 4095 950 4150 ad
1001 4101 1152 4149 tuum
1200 4094 1358 4149 velox
1397 4106 1619 4148 recurre
1658 4091 1958 4148 dominum.
2004 4111 2029 4140 ι»

389 4187 541 4241 Tunc
569 4184 663 4240 ille
713 4185 769 4238 in
819 4185 1009 4240 eadem
1062 4190 1224 4238 nocte
1262 4183 1527 4237 immenso
1559 4181 1804 4251 repletus
1833 4179 2032 4252 gaudio

389 4275 458 4330 ad
489 4289 648 4330 suum
689 4288 941 4330 reversus
989 4279 1073 4328 est
1120 4272 1422 4338 dominum,
1466 4278 1750 4339 totumque
1801 4271 1851 4324 ei
1883 4269 2032 4338 quod

391 4363 592 4420 factum
641 4363 818 4419 fuerat
857 4361 1132 4418 narrando
1163 4361 1506 4427 miraculum,
1555 4358 1897 4414 salutiferam
1927 4358 2034 4412 sibi

2128 3201 2524 3271 prmferendus,
2577 3210 2632 3259 et
2679 3218 2811 3259 cura
2859 3207 3089 3277 pervigil
3129 3207 3431 3263 animarum
3477 3209 3586 3263 sibi
3625 3223 3780 3265 com-

2126 3289 2432 3346 missarum.
2465 3293 2622 3348 Omni
2654 3295 2840 3363 itaque
2872 3300 3119 3364 tempore
3158 3297 3283 3351 vita:
3321 3311 3435 3352 sua:
3466 3297 3522 3352 in
3556 3312 3779 3368 praepa-

2125 3378 2338 3434 ratione
2365 3379 2476 3436 loci
2523 3381 2630 3435 sibi
2669 3396 2700 3436 a
2731 3384 2841 3437 Deo
2873 3384 3061 3438 traditi
3095 3384 3330 3451 sudavit,
3381 3387 3538 3455 cujus
3587 3386 3776 3442 labori

2121 3466 2260 3522 adeo
2309 3467 2492 3523 divina
2540 3471 2715 3540 gratia
2771 3469 2967 3534 adfuit,
3009 3477 3069 3527 ut
3107 3487 3208 3528 suo
3271 3480 3518 3542 tempore
3571 3475 3776 3543 priscis

2123 3556 2470 3611 monasteriis
2518 3558 2668 3628 regia
2716 3557 2997 3615 affluentia
3043 3563 3397 3628 constructis,
3440 3567 3495 3617 et
3535 3576 3775 3631 numero

2123 3643 2409 3713 pignerum
2437 3653 2773 3715 sanctorum,
2816 3653 2871 3703 et
2909 3663 3093 3703 rerum
3137 3650 3472 3704 abundantia
3512 3665 3773 3720 coaequa—

2119 3739 2290 3788 retur.
2353 3736 2584 3790 Sanctus
2658 3737 2828 3807 igitur
2883 3738 3088 3793 Christi
3144 3738 3429 3794 confessor
3484 3741 3770 3806 Bertinus,

2119 3826 2407 3890 postquam
2472 3823 2776 3879 Adrealdus
2832 3824 2889 3879 in
2947 3826 3125 3882 Sithiu
3188 3827 3370 3882 locum
3434 3827 3767 3895 tradiderat,

2119 3910 2631 3981 quinquagesimum
2687 3914 2981 3982 septimum
3046 3929 3247 3970 annum
3335 3916 3619 3985 regiminis
3681 3918 3767 3972 sui

2117 4013 2305 4069 agens,
2348 4001 2522 4056 virum
2569 4003 2937 4058 venerabilem
2991 4019 3149 4060 suum
3207 4007 3536 4062 monachum
3600 4008 3764 4078 Rigo-

2118 4087 2333 4144 bertum
2389 4091 2632 4159 nomine,
2692 4106 3070 4148 successorem
3119 4093 3224 4148 sibi
3283 4095 3598 4162 ordinavit;
3644 4097 3762 4165 ipse

2115 4190 2246 4233 vero
2305 4178 2554 4247 privatim
2593 4193 2760 4250 agens
2818 4181 3090 4250 reliquum
3126 4184 3252 4238 vitae
3299 4197 3434 4249 suae,
3487 4185 3544 4239 in
3577 4185 3764 4240 divina

2115 4280 2175 4320 se
2234 4267 2469 4322 contulit
2555 4268 3044 4338 contemplatione.
3128 4271 3512 4327 .tEdiﬁcaverat
3593 4275 3762 4330 etiam

2115 4355 2416 4411 oratorium
2459 4357 2758 4427 quoddam,
2809 4359 2989 4414 adhuc
3037 4360 3248 4416 vivente
3299 4375 3399 4416 suo
3433 4362 3764 4432 praedilecto

394 4460 580 4523 potum
612 4453 680 4508 de
712 4453 978 4522 praedicto
1005 4451 1392 4521 propinaverat
1412 4449 1557 4504 vino.
1584 4450 1877 4518 Postquam
1899 4440 2425 4503 veroDAudomaro
2482 4447 2578 4502 Dei
2634 4448 2898 4514 antistite,
2961 4451 3109 4518 quod
3166 4451 3234 4505 ab
3291 4453 3544 4506 orientali
3599 4453 3763 4524 plaga

390 4543 459 4596 de
490 4541 684 4598 eodem
724 4541 1017 4596 benedicto
1067 4540 1282 4594 biberat
1329 4544 1484 4608 potu,
1537 4537 1592 4591 in
1632 4536 1824 4591 eadem
1872 4537 2028 4602 hora,

391 4629 574 4685 divina
622 4629 876 4685 medente
915 4642 1077 4684 manu
1125 4641 1291 4683 sanus
1348 4625 1574 4681 etfectus
1631 4630 1734 4692 est,
1794 4625 2034 4680 immen-

390 4734 590 4789 sasque
639 4719 1006 4788 omnipotenti
1058 4719 1170 4772 Deo
1209 4716 1403 4771 salutis
1440 4728 1554 4770 suae
1584 4713 1797 4769 auctori
1829 4715 2033 4784 gratias

389 4808 655 4874 referens,
689 4807 987 4877 cordisque
1021 4805 1445 4874 compunctione
1485 4803 1750 4872 repletus,
1783 4816 2032 4872 magnam

459 4952 564 5021 (l2)
601 4952 661 5006 Id
691 4955 788 5019 est,
822 4964 948 5005 vase
977 4950 1225 5005 vinaceo.

458 5017 570 5093 (13)
605 5017 1052 5078 Hinc‘inferunt
1122 5019 1372 5093 nonnulli
1454 5018 1792 5093 Walbertum
1847 5017 2032 5093 _hunc

386 5090 498 5151 non
527 5090 690 5150 alium
733 5108 852 5149 esse
883 5107 1044 5163 quam
1075 5094 1130 5147 S.
1174 5092 1511 5146 Walbertum
1551 5090 1804 5163 abbatem
1825 5090 2035 5163 LLuxo-

390 5169 630 5222 viensem
668 5187 680 5221 :
724 5166 873 5236 quod
901 5160 1214 5234 ‘rejecimus
1253 5164 1308 5218 in
1357 5163 1520 5232 hujus
1565 5161 1758 5232 Elogio
1814 5160 2030 5216 Saeculo

391 5240 439 5293 11
469 5239 536 5294 ad
567 5251 694 5293 ann.
736 5236 862 5290 664.

466 5310 566 5380 (l4)
597 5312 760 5364 Deest
789 5310 845 5363 in
875 5307 1102 5376 antiquo
1132 5309 1438 5380 Anonymo.

2115 4535 2303 4604 templi
2341 4537 2395 4591 S.
2428 4536 2575 4591 Petri
2605 4545 2982 4593 constructum
3013 4539 3269 4595 dedicare
3300 4539 3431 4596 fecit
3459 4541 3528 4596 ab
3560 4544 3762 4598 eodem

2114 4624 2373 4694 pontiﬁce
2422 4625 2478 4680 in
2525 4628 2880 4683 veneratione
2920 4635 3125 4684 sanctae
3172 4629 3267 4684 Dei
3313 4630 3602 4700 genitricis
3650 4634 3763 4688 Ma-

2113 4713 2232 4780 riae,
2288 4727 2398 4782 quo
2458 4715 2800 4784 potissimum
2851 4724 3185 4784 pernoctans
3240 4717 3296 4772 in
3346 4720 3606 4786 precibus
3639 4721 3763 4776 dies

2113 4814 2225 4857 non
2273 4802 2454 4856 minus
2502 4801 2811 4858 indefessus
2848 4803 3051 4859 Christi
3101 4805 3258 4860 miles
3295 4806 3591 4876 supplebat
3615 4810 3764 4878 jeju-

2111 4942 2438 5020 {l-Inalﬁ‘idus
2480 4944 2648 5020 regali
2688 4944 2958 5014 privilegio
2987 4947 3288 5020 conﬁrmari
3327 4948 3469 5018 fecit,
3511 4952 3656 5020 quod
3686 4954 3765 5006 sic

2111 5014 2290 5086 incipit
2324 5037 2334 5070 :
2370 5017 2582 5082 Quoties
2626 5021 2770 5070 recta
2824 5014 3125 5086 postulatio,
3159 5024 3266 5072 etc.
3299 5014 3488 5073 Datum
3521 5014 3760 5078 Kalend.

2111 5085 2456 5160 Aprilunno
2487 5102 2577 5160 x1v
2606 5090 2757 5156 regni
2784 5085 2970 5154 nestri,
3003 5091 3277 5144 Barzsiaco
3303 5090 3529 5160 pata—tio.
3553 5095 3762 5147 Deinde

2111 5158 2407 5226 Amat/ride
2445 5159 2785 5228 Aurianaque
2831 5160 3106 5229 defunctis,
3160 5158 3410 5215 moniutes
3458 5163 3531 5216 ibi
3577 5179 3763 5219 succe-

2113 5229 2254 5294 dere,
2288 5231 2350 5285 S.
2382 5230 2585 5284 Bertini
2627 5245 2954 5285 successores
2997 5230 3344 5298 inhibuerunt,
3393 5238 3441 5287 et
3472 5238 3761 5290 monachos

2108 5299 2184 5353 ibi
2227 5305 2537 5356 statuerunt.
2598 5301 2864 5367 Quomodo
2917 5316 3037 5356 vero
3083 5304 3153 5357 sit
3181 5301 3431 5369 alienata,
3465 5310 3513 5358 et
3557 5306 3626 5359 ab
3659 5308 3764 5360 hac

465 5369 566 5448 (15')
598 5381 824 5436 Rectius
871 5369 1084 5449 lperius
1118 5399 1130 5433 :
1172 5369 1360 5434 Actum
1418 5375 1768 5449 Viromandis,
1799 5374 2033 5449 quando
2103 5369 2402 5449 obedientia
2448 5377 2630 5449 nostra
2659 5374 2962 5449 recesserit,
2993 5373 3188 5443 scripta
3216 5381 3550 5449 _nostranon
3582 5379 3760 5432 conti-

389 5440 510 5520 fecit
540 5440 858 5506 Februarius
888 5440 999 5506 dies
1047 5450 1099 5515 8,
1131 5451 1400 5505 undecimo
1428 5448 1577 5517 regni
1614 5440 1843 5501 domini'
1863 5440 2033 5520 nostri

397 5521 712 5596 Theoderici
755 5522 1114 5596 gloriosissimi
1166 5523 1326 5591 regis,
1385 5520 1441 5575 id
1492 5515 1591 5574 'est
1645 5529 1790 5572 anno
1865 5515 2034 5596 Cﬁhri-_~

389 5593 460 5648 sti
508 5592 635 5646 684.
691 5587 856 5648 Addit
911 5595 1124 5662 lperius
1170 5587 1316 5662 ca'p.’
1361 5607 1400 5658 1,
1477 5595 1630 5660 parte
1688 5602 1778 5643 xxv
1822 5607 1834 5642 :
1877 5587 2026 5654 Quod

2107 5447 2248 5496 nent.
2290 5444 2432 5512 Lege
2466 5445 2636 5498 Vitam
2665 5447 2720 5499 S.
2751 5446 3121 5499 Austreberta:
3161 5444 3229 5499 ad
3260 5459 3387 5500 ann.
3420 5445 3550 5500 704.

2187 5512 2292 5584 (16)
2324 5515 2398 5569 De
2435 5515 2604 5570 verbo
2637 5529 2705 5570 ex
2733 5516 2959 5584 antiquo
2988 5519 3293 5585 Anonymo.
