4056 6150
216 263 351 319 1097

1332 269 1674 325 MIRACULA
1713 269 1767 323 S.
1812 265 2102 324 BERTINI.
2143 297 2215 310 —
2252 267 2378 325 LIB.
2420 267 2462 324 Ι.

3449 277 3584 334 1098

209 391 337 445 niis.
413 391 754 445 Venerabilis
827 391 994 460 igitur
1065 392 1234 447 abbas
1307 394 1638 463 Rigobertus
1711 391 2131 457 vicesAlimite,
2183 399 2334 448 tanto
2383 393 2670 449 confestim
2718 394 2978 452 divinitus
3009 397 3190 467 ﬁgitur
3219 402 3485 470 pondere,
3525 416 3585 462 ut

209 478 561 535 excubiarum
613 480 732 547 ejus
768 479 823 534 in
864 494 1080 550 gregem
1130 481 1342 536 Domini
1383 482 1650 536 industria
1702 496 1853 536 exse-

208 582 406 638 quens,
468 568 711 636 ejusdem
771 569 946 622 Patris
1005 571 1159 636 jussu
1227 570 1614 625 monasterium
1661 569 1770 638 (l7)
1799 571 1853 624 in

207 658 422 713 honore
470 659 530 712 B.
581 657 793 711 Martini
845 658 1034 726 paucis
1072 659 1413 728 temporibus
1451 672 1647 729 magno
1687 672 1855 728 opere

208 746 519 802 adificavit.
563 747 690 800 Erat
746 747 888 800 enim
930 761 1156 802 summa
1214 748 1526 802 devotionis
1589 749 1643 802 in
1711 749 1855 803 hunc

208 834 585 891 confessorem
644 835 879 900 Domini,
941 838 1169 905 ejusque
1225 839 1505 892 memoria
1562 837 1852 907 plurimum

205 925 511 980 inserviens
550 929 604 978 et
641 923 944 979 dilectioni.

205 1016 335 1070 Car.
393 1015 455 1068 Χ.
517 1012 754 1080 Qualiter
798 1014 879 1068 air
923 1015 1020 1068 Dei
1057 1019 1282 1070 tentatus
1325 1015 1424 1085 [ait
1471 1032 1504 1070 a
1543 1015 1754 1070 diabolo
1801 1017 1856 1070 in

349 1105 520 1175 specie
557 1103 808 1166 mulieris,
847 1108 895 1158 et
918 1118 1016 1174 per
1053 1105 1110 1160 S.
1143 1105 1426 1159 Martinam
1453 1106 1709 1160 visitatus.

287 1192 370 1248 l4.
414 1194 608 1248 Fertur
635 1192 907 1263 siquidem
938 1208 967 1248 a
1007 1193 1321 1248 senioribus
1349 1195 1572 1258 nostris,
1605 1195 1853 1250 eumdem

205 1282 380 1337 virum
439 1282 534 1336 Dei
597 1281 832 1352 quodam
890 1283 1128 1338 Sabbato
1183 1283 1447 1352 sanguine
1494 1284 1784 1347 minutum,
1825 1298 1855 1337 a

204 1371 447 1442 maligno
493 1370 690 1440 spiritu
748 1371 850 1426 sub
904 1371 1091 1442 specie
1149 1372 1348 1442 puella
1397 1373 1564 1443 regia
1605 1387 1855 1442 persona

205 1465 496 1526 tentatum,
540 1473 642 1515 nec
701 1461 932 1530 primum
991 1461 1151 1517 dolos
1212 1467 1482 1518 tantarum
1542 1463 1855 1532 percepisse

206 1549 551 1605 insidiarum.
603 1549 708 1605 Sed
758 1565 878 1606 cum
915 1553 1047 1620 jam,
1083 1551 1343 1606 fratribus
1381 1567 1502 1606 eum
1534 1553 1601 1608 ad
1634 1553 1858 1608 manda-

203 1645 319 1694 tum
377 1639 590 1694 Domini
650 1638 787 1709 (18),
846 1639 992 1710 quod
1059 1640 1203 1709 apud
1271 1641 1571 1696 monachos
1626 1641 1858 1712 singulis

200 1728 456 1783 Sabbatis
519 1742 586 1783 ex
652 1742 803 1784 more.
859 1729 1188 1796 celebratur,
1240 1731 1638 1800 operientibus,
1692 1722 1922 1788 vellctB

200 1817 379 1886 abire,
433 1817 636 1887 illaque
691 1832 812 1874 eum
862 1819 1101 1876 retinere
1142 1825 1399 1887 tentaret,
1434 1820 1666 1890 loquens
1698 1822 1854 1890 quasi

199 1905 272 1961 de
332 1907 648 1962 monasterii
717 1909 1027 1963 necessaria
1092 1909 1370 1972 utilitate,
1438 1909 1610 1980 magis
1673 1917 1852 1964 autem

201 1995 471 2054 anhelans
538 2002 598 2052 ut
661 1997 706 2052 si
774 2005 960 2066 posset
1027 1999 1300 2067 captivum
1361 1999 1587 2054 duceret
1639 2013 1851 2055 servum

198 2087 420 2141 Domini
494 2101 590 2142 sua
665 2088 810 2157 turpi
887 2089 1307 2155 commistione;
1385 2090 1684 2158 pradictus
1757 2091 1851 2144 Dei

195 2174 450 2244 pontifex
505 2177 560 2232 S.
629 2177 892 2232 Martinus
941 2179 989 2232 ei
1042 2180 1315 2248 apparuit,
1357 2177 1577 2234 fratrem
1620 2187 1674 2234 et
1720 2179 1853 2233 ami-

192 2279 324 2320 cum
373 2264 521 2320 dulci
568 2265 904 2335 compellans
951 2265 1152 2331 affatu,
1212 2267 1523 2321 insidiantis
1562 2268 1614 2322 in
1655 2267 1851 2336 pellice

193 2352 408 2408 inimici
461 2354 834 2409 cavillationes
892 2354 1160 2424 dolosque
1218 2356 1454 2421 retexit,
1523 2356 1670 2424 quod
1728 2370 1851 2411 mox

191 2442 346 2498 idem
380 2443 487 2497 tiro
529 2444 741 2498 Domini
772 2458 802 2498 a
832 2458 890 2498 se
921 2444 1102 2498 crucis
1139 2444 1297 2515 signo
1327 2444 1510 2515 abegit
1540 2467 1552 2507 ;
1587 2461 1852 2516 surgens-

192 2547 310 2603 que
372 2530 570 2586 fratres
622 2547 680 2586 se
728 2532 793 2586 ad
844 2533 1156 2587 mandatum
1216 2533 1428 2588 Domini
1487 2536 1848 2603 postulantes,

189 2624 369 2678 Deum
440 2621 668 2676 laudans
732 2637 899 2692 super
963 2623 1081 2691 ejus
1155 2628 1303 2677 tanta
1369 2623 1571 2692 pietate
1639 2627 1846 2694 petivit.

189 2713 369 2767 Tanta
442 2711 696 2766 nimirum
772 2710 839 2764 de
914 2713 1033 2779 ejus
1105 2711 1394 2767 sanctitate
1469 2713 1657 2768 latitia
1735 2721 1851 2770 erat

1939 481 2080 562 ultra
2137 480 2268 562 ferri
2316 495 2424 537 non
2476 491 2682 552 posset,
2737 492 2924 540 coacta
2972 489 3132 542 etiam
3181 489 3249 543 ad
3301 489 3581 549 ferendum

1939 559 2291 638 pr‘asentium
2358 571 2725 627 multitudine.
2785 574 2983 643 Sicque
3048 590 3181 631 anus
3249 590 3580 651 praceptum

1939 659 2084 726 quod
2135 660 2202 714 ad
2269 662 2626 716 reverentiam
2693 665 2868 718 sancti
2937 665 3177 721 excoluit
3241 669 3369 724 dum
3428 672 3580 736 vixit,

1939 746 2253 803 defunctum
2305 762 2508 817 corpus
2555 751 2621 804 ad
2670 757 2855 806 votum
2899 752 3132 809 viventis
3174 757 3368 813 anima
3410 767 3586 816 trans-

1937 836 2092 907 gredi
2133 851 2242 892 non
2275 839 2472 908 potuit.

1939 945 2066 999 CAP.
2119 945 2206 1000 XI.
2260 945 2409 1012 Quod
2459 944 2724 1016 Erle/‘rido
2771 952 2888 1018 post
2940 950 3266 1018 Rigobertum
3304 957 3584 1012 canobium

2469 1052 2617 1090 suum
2645 1040 2895 1093 commisit
2921 1038 3052 1109 (20).

2017 1143 2097 1197 15.
2151 1145 2280 1198 Post
2328 1158 2624 1212 paucorum
2671 1158 2936 1201 annorum
2968 1147 3223 1204 sudorem
3257 1152 3589 1224 Rigobertus

1941 1230 2228 1301 impetrata
2276 1232 2350 1302 pii
2407 1233 2768 1302 praceptoris
2814 1234 2896 1289 sui
2948 1235 3318 1308 indulgentia,
3369 1248 3424 1296 et
3471 1243 3586 1312 ipse

1939 1337 1997 1376 se
2056 1322 2109 1376 in
2168 1322 2337 1376 otium
2397 1322 2681 1392 spirituale
2739 1323 3002 1391 contulit,
3063 1326 3474 1400 perfectumque
3529 1348 3588 1387 se

1940 1411 2075 1465 tanti
2129 1410 2304 1466 Patris
2352 1410 2680 1481 discipulum
2734 1411 2982 1468 doctrina
3042 1416 3160 1484 ejus
3215 1422 3270 1472 et
3325 1420 3590 1490 exemplis

1940 1500 2265 1556 instructum
2322 1500 2424 1555 hac
2482 1500 2566 1555 sui
2621 1501 2921 1557 mutatione
2979 1503 3239 1560 ostendit.
3281 1506 3380 1573 Qui
3434 1522 3590 1579 egre-

1938 1591 2062 1660 gius
2126 1592 2287 1646 Pater
2353 1588 2679 1645 Erlefridum
2751 1605 2906 1646 suum
2979 1606 3008 1646 a
3075 1608 3248 1662 puero
3323 1597 3586 1652 nutritqu

1939 1679 2189 1735 abbatem
2239 1693 2610 1735 successorem
2652 1679 2943 1746 ordinavit,
2996 1683 3090 1751 qui
3129 1682 3285 1739 alteri
3317 1698 3426 1740 non
3459 1686 3592 1741 infe-

1939 1769 2070 1835 rior,
2105 1783 2134 1824 a
2165 1775 2390 1840 paterna
2422 1768 2767 1824 institutione
2798 1783 2906 1824 non
2939 1769 3310 1840 degeneravit.

2247 1895 2376 1949 CAP.
2415 1895 2530 1948 XII.
2570 1896 2646 1947 De
2683 1894 2907 1948 transitu
2954 1897 3019 1949 B.
3059 1896 3280 1952 Bertim'.

2012 2001 2095 2056 l6.
2183 2000 2466 2070 Condigna
2549 1999 2724 2054 sancti
2797 1999 2900 2054 viri
2978 1999 3260 2057 laboribus
3341 2004 3590 2060 Christus

1936 2090 2241 2159 rependere
2300 2089 2524 2158 pramia
2561 2089 2771 2153 volens,
2823 2095 3075 2144 vocatum
3114 2091 3181 2145 ad
3239 2106 3296 2146 se
3356 2095 3589 2148 transire,

1935 2177 2066 2233 fecit
2131 2179 2351 2248 plenum
2420 2177 2632 2231 dierum
2700 2175 3178 2246 perfectorumque
3245 2181 3585 2236 meritorum.

1937 2269 2103 2333 Quem
2165 2265 2425 2336 prafatus
2481 2265 2650 2318 abbas
2705 2263 3006 2319 Erlefridus
3061 2267 3349 2336 omnisque
3414 2277 3589 2326 catus

1935 2356 2326 2411 monachorum
2403 2368 2524 2409 cum
2601 2353 2811 2408 honore
2886 2355 3167 2420 maximo,
3245 2365 3304 2411 ut
3378 2366 3584 2414 tantum

1934 2445 2164 2500 decebat
2212 2447 2446 2510 Patrem,
2497 2443 2777 2498 conditum
2826 2443 3162 2512 sepelierunt
3219 2445 3272 2500 in
3331 2449 3586 2503 canobio

1936 2536 2200 2604 proprio,
2251 2533 2398 2602 quod
2459 2539 2834 2587 constructum
2883 2539 2999 2586 erat
3048 2535 3102 2586 in
3151 2534 3362 2590 honore
3411 2540 3585 2593 sancti

1934 2623 2188 2693 prasulis
2233 2623 2432 2677 Christi
2476 2622 2712 2675 Martini.
2758 2622 2995 2676 Transiit
3049 2628 3229 2677 autem
3289 2624 3429 2680 idem
3496 2629 3586 2681 Dei

1932 2713 2135 2768 athleta
2203 2725 2347 2766 nona
2413 2710 2797 2780 Septembris,
2875 2724 3020 2766 anno
3087 2712 3352 2768 incarnati
3425 2716 3586 2770 Verbi

195 2797 492 2864 calicolis,
554 2805 614 2853 ut
679 2812 787 2854 non
847 2800 1012 2854 modo
1079 2813 1176 2855 eos
1235 2801 1631 2857 intercessores
1703 2804 1847 2872 apud
1931 2801 2332 2857 sexcentesimo
2387 2799 2506 2869 (21)
2563 2799 2916 2869 nonagesimo
2966 2806 3181 2869 octavo,
3234 2803 3411 2857 atatis
3460 2819 3591 2858 vero

193 2889 367 2943 Deum
417 2894 723 2943 mereretur
770 2889 823 2942 in
881 2889 1117 2957 superis,
1177 2889 1274 2944 sed
1323 2890 1484 2944 etiam
1543 2897 1603 2945 ut
1658 2893 1851 2947 salutis
1932 2891 2233 2946 centesimo
2277 2888 2627 2951 duodecimo,
2688 2886 3026 2942 Childeberti
3077 2902 3208 2942 vero
3258 2890 3590 2946 Francorum

194 2978 320 3046 ejus
375 2977 642 3048 obsequio
690 2976 954 3033 inservire
1011 2978 1434 3047 prasentialiter
1480 2989 1735 3048 parerent
1794 2982 1846 3035 in
1877 2981 2078 3050 _regis
2124 2977 2576 3048 quintodecimo,
2628 2989 2774 3030 anno
2825 2990 2892 3030 ex
2940 2990 3050 3044 quo
3101 2977 3352 3032 eumdem
3413 2979 3590 3034 locum

192 3045 385 3132 terris,
427 3081 495 3122 ne
530 3045 802 3122 _videlicet
850 3045 1058 3122 tantum
1109 3045 1569 3124 remunerationis
1623 3079 1677 3125 et
1734 3045 2252 3140 glo-Cconstruere
2302 3066 2470 3135 capit
2507 3065 2963 3135 quinquagesimo
3011 3079 3181 3120 nono.
3233 3067 3439 3122 Eodem
3489 3083 3590 3123 au-

190 3155 297 3210 ria
345 3170 458 3211 sua
498 3155 843 3212 coharedem
891 3156 1204 3211 amitterent
1251 3156 1305 3211 in
1347 3157 1525 3212 calis.
1573 3160 1843 3215 Conside-
1929 3166 2036 3216 tem
2117 3165 2364 3227 tempore
2430 3154 2762 3210 venerabilis
2835 3167 2933 3208 rex
3005 3153 3394 3210 Childebertus
3468 3171 3588 3212 cum

191 3260 326 3300 rans
365 3260 495 3317 ergo
527 3247 649 3316 pius
679 3247 839 3302 Pater
867 3247 1090 3301 omnino
1131 3247 1414 3302 monachis
1444 3262 1551 3303 non
1584 3249 1843 3318 expedire
1927 3254 2218 3320 regnasset
2273 3245 2432 3300 annis
2487 3241 2787 3307 sexdecim,
2848 3243 3103 3312 migravit
3159 3244 3226 3297 ad
3279 3245 3588 3308 Dominum,

189 3349 330 3390 sexu
396 3335 630 3392 femineo
697 3336 892 3407 quovis
956 3336 1120 3391 modo
1187 3337 1620 3403 communicari,
1691 3340 1844 3408 peni-

188 3432 286 3481 tus
339 3425 569 3481 exclusit
617 3425 718 3481 sub
767 3425 1110 3480 anathemate
1155 3425 1275 3496 (l9)
1328 3425 1630 3496 ingressum
1690 3427 1844 3482 femi-

189 3530 385 3572 narum
441 3516 509 3572 de
571 3516 736 3572 aditis
793 3515 1036 3585 ejusdem
1107 3515 1365 3571 canobii.
1433 3517 1587 3583 Quod
1650 3524 1841 3573 nostro

189 3612 441 3675 tempore
487 3620 518 3660 a
576 3605 806 3675 quadam
865 3604 1119 3674 religiosa
1167 3611 1436 3659 servatum
1478 3605 1725 3670 muliere,
1782 3613 1841 3662 ut

186 3694 406 3751 scilicet
451 3695 684 3750 ulterius
729 3693 904 3750 nollet
960 3695 1040 3748 ire
1087 3707 1247 3762 quam
1300 3693 1475 3762 ipsum
1523 3694 1695 3748 virum
1745 3695 1838 3750 Dei

187 3785 466 3840 didicerat
495 3785 874 3848 constituisse;
907 3797 970 3839 ea
1001 3796 1220 3852 quoque
1250 3788 1464 3838 mortua
1496 3796 1697 3852 corpus
1725 3799 1840 3840 ser-

186 3873 335 3929 vavit
385 3875 652 3930 examine.
701 3875 832 3929 Nam
872 3886 988 3928 eam
1030 3873 1085 3926 in
1133 3872 1336 3927 feretro
1372 3873 1603 3941 positam
1653 3872 1840 3930 feren-

188 3970 298 4030 tes,
321 3977 443 4020 cum
474 3965 529 4019 in
561 3964 681 4034 ipso
711 3965 830 4034 ejus
858 3963 1096 4032 antiqua
1126 3961 1471 4018 adventionis
1502 3964 1841 4032 pervenisset

188 4097 3473 4124 ____—______________________________..

1926 3337 2280 3409 regnavitque
2334 3333 2678 3402 Dagobertus
2726 3345 2863 3398 puer
2915 3331 3059 3383 tilius
3117 3333 3236 3398 ejus
3293 3339 3419 3399 post
3468 3349 3587 3388 eum

1923 3429 2084 3484 annis
2121 3425 2387 3495 quinque.
2439 3422 2548 3476 Sub
2601 3422 2761 3488 cujus
2790 3426 3037 3487 tempore
3087 3420 3390 3488 pradictus
3420 3422 3590 3476 abbas

1930 3515 2235 3573 Erlefridus
2282 3511 2560 3566 basilicam
2610 3509 2664 3562 S.
2707 3508 2920 3562 Martini
2969 3522 3134 3577 supra
3177 3511 3232 3564 S.
3283 3511 3341 3564 P.
3380 3511 3582 3578 Bertin;

1925 3605 2201 3663 cumulum
2257 3599 2507 3669 ampliori
2570 3610 2738 3667 opere
2805 3595 3141 3651 readitlcare
3199 3598 3387 3667 capit,
3443 3613 3584 3654 eou-

1925 3700 2136 3753 ctructa
2173 3689 2543 3746 venerationis
2589 3700 2681 3742 ara
2730 3685 2797 3741 ad
2855 3693 3020 3754 caput
3058 3687 3272 3753 tumuli,
3315 3688 3407 3743 ubi
3459 3689 3578 3759 plu-

1923 3788 2058 3842 rima
2099 3797 2198 3853 per
2229 3781 2370 3836 beati
2402 3779 2503 3833 viri
2534 3777 2727 3832 merita
2760 3777 3021 3831 Dominus
3050 3777 3264 3847 peregit
3293 3777 3576 3849 miracula,

1923 3891 1952 3932 e
2000 3884 2234 3944 quorum
2273 3866 2686 3933 numerositate,
2720 3865 2949 3920 Domino
2980 3862 3214 3931 favente,
3251 3867 3576 3934 paucissima

1922 3973 2261 4036 promemus.

1050 4226 1370 4310 LIBER
1437 4225 1840 4310 PRIMUS
1905 4217 2715 4309 MIRACULORUM

1314 4381 1417 4446 Ab
1451 4381 1678 4446 eodem
1712 4386 1984 4448 auctore
2021 4378 2438 4463 compositus.

492 4589 624 4645 Car.
667 4591 707 4646 l.
751 4590 828 4644 De
861 4589 1122 4660 piscatore
1158 4590 1346 4642 sanato
1382 4582 1528 4655 (22).

258 4678 394 4733 Tres
440 4679 541 4734 viri
580 4680 635 4735 in
675 4681 996 4751 piscationis
1024 4684 1139 4734 arte
1167 4677 1331 4748 periti
1363 4682 1526 4731 nocte
1555 4671 1835 4728 Dominica

183 4766 242 4822 in
297 4767 566 4826 Rhodano
615 4769 836 4826 flumine
886 4772 1040 4840 juxta
1089 4769 1233 4824 beati
1291 4764 1533 4821 Mauricii
1582 4762 1836 4832 martyris

183 4858 578 4913 monasterium
643 4860 800 4931 (servi
859 4860 1003 4915 enim
1061 4863 1216 4914 erant
1271 4855 1420 4911 illius
1474 4851 1608 4922 loci)
1661 4851 1835 4906 navim

181 4946 570 5016 ascendentes,
603 4949 740 5006 retia
777 4950 844 5006 ad
877 4948 1175 5020 capiendos
1212 4945 1577 5004 extenderunt
1614 4942 1832 5012 pisces:

426 5055 945 5134 ldestecclesiam
969 5060 1048 5134 _S.
1099 5054 1312 5134 Martini
1345 5067 1481 5134 qua.
1503 5064 1647 5134 nunc
1678 5063 1836 5134 paro-

183 5123 386 5180 chialis
434 5133 536 5183 est.
579 5129 673 5185 Sic
719 5131 781 5186 S.
832 5132 977 5185 Petri
1023 5127 1415 5188 monasterium,
1466 5123 1521 5177 id
1573 5129 1650 5176 est
1694 5123 1838 5175 basi-

181 5196 478 5274 lica,_i_nfra
510 5213 659 5255 num.
695 5201 796 5256 l4:
832 5216 954 5272 qua
982 5201 1220 5274 basilica
1235 5196 1470 5274 amplius
1497 5207 1606 5248 non
1638 5197 1832 5274 exstat.

255 5262 365 5342 (113‘)
413 5271 488 5324 Ex
537 5281 814 5342 pracepto
851 5262 1064 5342 regula
1103 5273 1157 5326 S.
1192 5262 1473 5324 Benedicti
1502 5279 1624 5334 cap.
1663 5263 1732 5317 35
1779 5262 1834 5318 id

179 5338 356 5413 ofﬁcii
395 5338 630 5398 miniStri
663 5338 865 5399 mensa
900 5338 1021 5398 aliis
1052 5342 1404 5413 prastabant.

259 5409 363 5480 (19)
414 5413 578 5468 Istius
628 5415 906 5471 interdicti
948 5404 1078 5470 usus
1111 5409 1493 5483 perseverabat
1515 5407 1704 5483 adhuc
1733 5404 1834 5483 sub

177 5474 557 5539 ﬁnem'saculi
591 5488 736 5542 tertii
769 5487 987 5553 decimi,
1021 5494 1080 5540 ut
1112 5474 1259 5555 patet
1289 5496 1355 5537 ex
1387 5481 1565 5555 lperio
1597 5492 1716 5547 cap.
1741 5474 1834 5544 52,

177 5560 340 5623 parte
375 5569 450 5609 tv.
497 5557 717 5614 Confer.
765 5559 861 5615 lib.
904 5575 941 5613 ιι
977 5550 1188 5622 Mirac,
1223 5569 1342 5623 cap.
1392 5550 1474 5604 12.

405 5661 641 5720 Ρλτιιοι..
681 5666 924 5722 CXLVII.

1852 4581 2048 4644 Ddein
2101 4578 2320 4635 insolita
2359 4588 2546 4632 eorum
2600 4572 2738 4628 retia
2787 4571 2842 4625 in
2893 4569 3083 4625 eadem
3141 4574 3304 4622 nocte
3353 4566 3570 4621 intravit

1918 4668 2232 4732 multitudo,
2277 4667 2350 4721 ita
2399 4665 2562 4720 etiam
2611 4667 2671 4717 ut
2717 4674 2820 4716 nec
2859 4659 2968 4714 illis
3016 4671 3114 4726 per
3152 4655 3362 4726 prolixa
3401 4668 3568 4709 anno—

1917 4773 2035 4816 rum
2082 4758 2278 4828 spatia,
2321 4755 2522 4825 quibus
2564 4753 2619 4807 in
2670 4749 2936 4820 pradicto
2967 4745 3188 4801 ﬂumine
3219 4744 3356 4799 retia
3385 4750 3571 4798 exten-

1917 4851 2049 4906 dere
2131 4846 2429 4910 solebant,
2523 4841 2662 4896 tales
2744 4836 3116 4908 magnitudine
3200 4843 3565 4904 apparuerunt

1919 4938 2119 5009 pisces,
2169 4950 2270 4991 nec
2319 4939 2520 4988 tantam
2568 4934 2693 4984 ante
2743 4928 2971 4998 piscium
3022 4922 3424 4980 multitudinem
3465 4934 3570 4975 una

1989 5043 2098 5116 (20)
2130 5045 2205 5097 Ex
2243 5041 2470 5116 antiquo
2501 5041 2806 5116 Anonymo.
2988 5103 3019 5116 η
3045 5102 3058 5116 ⁸
3100 5101 3111 5116 _
3150 5115 3155 5116 γ
3201 5102 3238 5116 Δ.

1989 5101 2094 5185 (21$
2139 5117 2326 5168 Annus
2373 5101 2598 5185 quintus
2621 5101 2875 5185 decimus
2903 5101 3240 5185 Childcberti
3273 5101 3418 5185 regis
3446 5112 3572 5185 con:

1916 5171 2216 5241 venit'cum
2257 5171 2404 5237 anno
2432 5181 2633 5255 Christi
2682 5176 2817 5255 709_,
2869 5189 2988 5255 cum
3036 5177 3146 5255 jam
3186 5171 3356 5239 elapsi
3389 5177 3570 5255 essent

1917 5259 2044 5312 anni
2077 5269 2267 5310 novem
2303 5267 2468 5322 supra
2499 5249 2896 5322 quinquaginta
2920 5247 3223 5322 ab_origine
3257 5247 3571 5322 monasterii

1916 5329 2259 5383 Sithivensis.
2290 5317 2604 5396 Quanquam
2640 5317 2938 5396 l4‘_olquin_us
2977 5317 3198 5396 Bertino
3228 5325 3403 5367 annos
3432 5317 3572 5396 regi-

1915 5382 2078 5454 minis
2108 5382 2370 5453 duntaxat
2408 5382 2479 5447 54'
2517 5392 2709 5447 tribuit
2749 5382 2803 5445 in
2843 5390 3070 5451 Chron,
3113 5385 3210 5440 lib.
3245 5399 3284 5451 1,
3325 5397 3446 5454 cap.
3478 5382 3568 5448 21,

1916 5485 1983 5525 an
2017 5470 2225 5524 librarii
2267 5480 2475 5523 errore.

1989 5541 2093 5611 (12)
2122 5543 2197 5595 Ex
2227 5539 2452 5607 antiquo
2482 5538 2784 5602 Anonymo.

3273 5632 3344 5686 3'5
