4056 6150
518 279 654 336 1099

1632 268 1961 327 FOLCARDI
2000 264 2300 322 MONACHI
2339 264 2750 321 SITHIVENSIS

3756 258 3887 313 ιιοῡ

510 401 783 474 coeperint
837 404 1021 456 nocte.
1081 397 1221 453 Hinc
1276 396 1386 451 laeti
1434 395 1749 466 navigantes
1794 392 1862 448 ad
1912 392 2502 461 portum,Aretroque
2551 389 2865 459 pendebant
2911 387 3100 443 altare.
3133 389 3199 441 At
3235 384 3367 441 dum
3405 400 3667 458 egressus
3694 385 3891 454 carpis-

512 504 676 563 quem
722 487 874 545 soliti
921 491 1078 543 erant
1125 489 1250 556 post
1295 485 1654 554 piscationem
1682 482 1911 547 intrare,
1951 478 2152 549 nequi-

510 584 708 638 verunt
753 592 814 634 se
861 577 931 633 de
980 575 1242 646 praedicta
1288 586 1505 629 movere
1553 569 1822 627 navicula.
1862 570 1980 625 Duo
2011 567 2157 624 enim

514 685 583 728 ex
620 669 757 741 ipsis
795 667 994 738 pedum
1025 670 1079 721 et
1109 677 1367 720 manuum
1397 661 1581 719 officio
1628 661 1826 732 privati
1878 664 1996 715 toto
2044 656 2159 712 fue-

514 764 645 819 runt
690 770 924 828 corpore
972 754 1219 811 contriti.
1270 753 1487 809 Tertius
1528 758 1711 807 autem
1742 749 1926 807 ofﬁcio
1958 747 2157 818 pedum

513 851 758 920 privatus
794 843 994 901 surdus
1042 840 1270 898 effectus
1317 848 1439 910 est;
1490 855 1658 911 super
1705 852 1804 896 eos
1849 839 1991 894 enim
2034 849 2160 906 pro-

516 945 641 1009 pter
670 936 852 992 noctis
880 931 1181 989 Dominica:
1203 931 1646 987 Resurrectionis
1667 927 2157 999 transgressionem

514 1028 650 1083 ultio
697 1022 1016 1095 supervenit
1062 1020 1264 1077 divina.
1315 1020 1456 1076 Hinc
1510 1020 1603 1076 ille
1661 1019 1756 1089 qui
1802 1018 2047 1073 auditum
2106 1021 2161 1071 et

513 1113 829 1171 ambulandi
880 1110 1063 1166 amisit
1115 1123 1294 1176 usum,
1354 1108 1571 1165 duobus
1626 1107 1855 1163 nitendo
1902 1105 2157 1167 fustibus,

513 1210 678 1275 atque
733 1202 966 1258 aliorum
1023 1197 1400 1256 comitantium
1455 1197 1713 1269 suffragio
1766 1195 1972 1264 fultus,
2041 1193 2162 1250 loca

512 1300 701 1350 sancta
739 1291 1009 1348 orationis
1038 1303 1202 1345 causa
1232 1288 1467 1344 circuire
1505 1287 1769 1353 decrevit,
1801 1291 1863 1340 ut
1909 1285 2161 1340 amissam

513 1382 767 1453 corporis
823 1380 1113 1435 sanitatem
1178 1391 1278 1447 per
1333 1376 1574 1447 gloriosa
1611 1382 1927 1431 sanctorum
1967 1374 2161 1429 merita

513 1473 763 1544 recipere
810 1474 1138 1526 mereretur.
1186 1469 1317 1523 Post
1362 1466 1707 1523 intervallum
1747 1465 1914 1537 igitur
1952 1471 2164 1533 tempo-

515 1576 673 1629 rum,
722 1559 911 1615 multis
956 1558 1025 1614 ab
1074 1571 1139 1614 eo
1188 1557 1494 1628 peragratis
1547 1556 1725 1623 locis,
1783 1555 1852 1611 ad
1908 1553 2161 1625 praedicti

514 1650 851 1709 confessoris
914 1646 1117 1703 Christi
1183 1647 1391 1702 Bertini
1456 1645 1512 1701 in
1578 1645 1753 1703 Silhiu
1826 1643 2161 1700 monasterio

2238 483 2323 534 set
2364 493 2617 549 quaerere
2652 478 2860 534 aditum
2907 481 3104 548 portae,
3136 475 3333 531 mirum
3372 476 3429 530 in
3472 475 3705 532 modum
3736 474 3887 537 vidit,

2238 568 2383 625 sicut
2427 573 2618 639 postea
2658 566 2935 635 narravit,
2986 565 3419 637 quamplurimas
3464 564 3577 620 sibi
3612 562 3894 620 terribiles

2240 659 2499 714 assistere
2538 657 2811 714 inimicos.
2855 658 2989 712 Nam
3035 659 3279 712 tentatus
3305 670 3337 711 a
3373 654 3624 721 diabolo,
3669 653 3892 723 per-mis

2240 763 2334 804 sus
2383 749 2605 819 quidem
2653 753 2738 805 est
2773 747 2966 803 avidus
3010 760 3204 816 rapere
3244 745 3506 815 prtedam,
3540 744 3642 800 sed
3676 743 3895 813 penitus

2241 837 2456 895 auferre
2499 853 2611 894 non
2659 843 2744 895 est
2791 839 3110 908 permissus.
3170 835 3325 891 Unde
3369 834 3606 906 contigit
3636 839 3727 899 ut,
3772 833 3893 888 dum

2242 928 2419 998 portis
2474 929 2789 998 patentibus
2850 928 3072 984 minime
3127 927 3339 995 pateret
3396 924 3503 979 sibi
3571 937 3893 994 regressus,

2241 1023 2524 1075 revertens
2572 1033 2669 1088 per
2714 1017 2953 1074 medium
3004 1016 3395 1072 monasterium
3445 1014 3556 1070 iter
3600 1012 3899 1083 arriperet,

2243 1107 2586 1178 insulamque
2653 1111 2867 1177 peteret
2920 1120 3045 1178 qua;
3104 1105 3251 1160 intra
3315 1103 3573 1175 paludem
3648 1102 3896 1171 ejusdem

2244 1197 2562 1254 monasterii
2604 1195 2710 1252 sita
2754 1200 2858 1261 est,
2898 1202 2960 1251 ut
3006 1196 3085 1251 ibi
3122 1193 3268 1264 apud
3320 1192 3614 1264 quemdam
3666 1191 3784 1247 sibi
3821 1205 3904 1246 co~

2244 1288 2455 1360 gnitum
2510 1291 2808 1357 reponeret
2854 1285 3004 1356 quod
3043 1283 3230 1341 furtim
3267 1298 3299 1339 a
3345 1283 3517 1338 sacris
3567 1280 3899 1336 abstulerat.

2244 1379 2460 1434 Interea
2507 1376 2767 1433 custodes
2805 1374 3057 1431 ecclesiae
3104 1388 3213 1429 una
3260 1387 3382 1428 cum
3436 1371 3718 1427 fratribus
3772 1368 3903 1425 refe

2245 1467 2479 1524 ctorium
2509 1470 2806 1533 exeuntes,
2851 1464 2981 1521 dum
3011 1463 3357 1535 prospiciunt
3387 1475 3681 1518 sacrorum
3714 1460 3904 1515 damna

2244 1570 2520 1624 vasorum,
2576 1570 2703 1613 mox
2750 1554 3182 1612 coadunatorum
3226 1566 3532 1609 concursus
3590 1549 3786 1606 factus
3830 1558 3903 1605 est

2247 1647 2662 1712 monachorum,
2695 1649 2751 1701 et
2797 1645 2854 1700 in
2901 1647 3111 1699 tantum
3149 1648 3278 1698 sunt
3324 1647 3506 1697 mente
3538 1639 3906 1703 consternati,

474 1756 481 1765 ‘
516 1742 756 1813 positum
793 1737 1107 1795 venerabile
1136 1736 1286 1793 venit
1322 1735 1656 1808 sepulcrum.
1709 1737 1775 1791 Et
1811 1748 1934 1791 cum
1964 1732 2309 1793 fratresBut
2338 1735 2469 1807 quid
2500 1734 2751 1791 dicerent
2781 1732 2869 1789 vel
2899 1731 3032 1804 quid
3062 1737 3309 1803 agerent,
3344 1744 3453 1801 quo
3491 1744 3558 1785 se
3596 1735 3905 1794 verterent,

514 1831 573 1886 in
621 1827 888 1900 praedicto
936 1826 1060 1882 loco
1109 1830 1512 1882 commorantes
1539 1830 1701 1880 nocte
1730 1822 2029 1879 Dominicae
2057 1824 2165 1878 Re-

515 1917 879 1976 snrrectionis
929 1916 985 1971 in
1037 1915 1228 1971 eadem
1259 1914 1515 1982 ecclesia,
1546 1913 1601 1969 in
1641 1928 1748 1984 qua
1786 1926 1990 1985 corpus
2016 1912 2163 1969 beati

517 2011 709 2079 pausat
746 2006 977 2073 Bertini,
1029 2009 1331 2061 nocturnas
1379 2009 1665 2059 cantarent
1711 2002 1962 2074 vigilias,
2023 2016 2167 2072 pra:-

516 2098 699 2153 dictus
752 2097 836 2151 vir
900 2095 1163 2150 immensa
1221 2094 1549 2164 aegritudine
1607 2098 1897 2163 correptus
1952 2107 1984 2147 a
2049 2091 2164 2147 suis

517 2187 685 2243 sociis
724 2185 782 2240 in
831 2183 1119 2240 ecclesiam
1165 2183 1436 2239 deductus
1465 2190 1567 2238 est.
1599 2184 1666 2238 Et
1694 2196 1816 2238 cum
1847 2181 2013 2252 longo
2043 2195 2163 2251 spa-

517 2274 597 2330 tio
644 2286 767 2330 cum
819 2271 1075 2343 lacrymis
1113 2270 1324 2327 orando
1379 2284 1533 2327 suam
1589 2272 1879 2326 sanitatem
1916 2283 2016 2340 per
2053 2283 2168 2325 me-

518 2364 625 2419 rita
688 2362 865 2418 sancti
922 2361 1099 2417 Patris
1156 2360 1362 2416 Bertini
1410 2375 1441 2416 a
1498 2360 1728 2417 Domino
1794 2358 2163 2431 postulasset,

519 2451 741 2524 quando
788 2451 956 2507 lectio
1004 2449 1284 2522 Evangelii
1331 2464 1485 2507 more
1533 2451 1699 2507 solito
1755 2450 1985 2505 recitata
2042 2446 2163 2519 fuit,

517 2541 656 2597 vidit
694 2542 841 2597 circa
887 2554 946 2596 se
996 2540 1181 2596 lucere
1228 2539 1398 2595 multa
1444 2539 1752 2608 luminaria,
1795 2537 2165 2610 paulatimque

521 2647 553 2688 a
598 2645 659 2687 se
704 2631 952 2686 sentiens
988 2628 1358 2685 infirmitatem
1406 2628 1687 2695 recedere,
1720 2628 1910 2686 auditu
1940 2637 2165 2701 recepto

521 2721 833 2794 pedumque
862 2724 1189 2789 recuperato
1220 2717 1423 2786 officio,
1464 2718 1649 2775 subito
1679 2718 1859 2775 divina
1900 2720 2165 2792 largiente

520 2810 696 2883 gratia
760 2810 817 2865 in
894 2808 1288 2879 przedictorum
1347 2808 1644 2878 praesentia
1709 2807 1936 2865 fratrum
2001 2822 2168 2864 sanus

522 2898 749 2957 effectus
785 2903 889 2954 est.
920 2899 988 2953 Et
1017 2902 1142 2968 post
1175 2898 1418 2969 synaxim
1448 2897 1814 2968 omnipotenti
1852 2899 2083 2955 Domino
2114 2903 2169 2954 et

2244 1839 2358 1882 non
2404 1824 2778 1895 reperissent;
2819 1822 2916 1879 sed
2965 1822 3080 1878 suis
3124 1821 3232 1877 hoc
3270 1820 3625 1891 exigentibus
3667 1819 3910 1889 peccatis

2247 1914 2494 1972 evenisse
2550 1912 2904 1970 concorditer
2960 1911 3288 1967 clamabant.
3346 1910 3675 1965 Misericors
3734 1915 3908 1963 autem

2246 2005 2508 2062 Dominus
2553 2003 2765 2059 meritis
2802 2003 2856 2058 S.
2898 2000 3106 2057 Bertini
3144 1998 3478 2057 confessoris
3516 2000 3608 2054 sui
3661 2011 3785 2053 non
3823 1996 3909 2051 diu

2248 2099 2331 2151 est
2379 2107 2572 2164 passus
2613 2092 2819 2163 jugiter
2869 2090 2978 2146 sibi
3033 2089 3384 2146 servientium
3422 2088 3646 2145 animos
3691 2086 3907 2158 pericli-

2245 2184 2371 2241 tari.
2429 2185 2537 2240 Fur
2592 2182 2739 2239 enim
2790 2179 2982 2237 infelix
3031 2182 3142 2251 jam
3199 2184 3536 2236 memoratus
3591 2178 3733 2233 dum
3781 2178 3905 2232 hinc

2248 2287 2454 2330 cuneos
2483 2273 2852 2341 inimicorum,
2885 2270 3031 2327 unde
3068 2284 3331 2342 aquarum
3378 2282 3443 2325 ac
3481 2268 3719 2339 paludis
3750 2268 3909 2338 impe-

2249 2363 2490 2419 dimenta
2547 2367 2800 2419 cerneret
2866 2360 3050 2432 (nam.
3116 2366 3177 2416 ut
3240 2358 3623 2415 nescientibus
3694 2357 3907 2427 loquar,

2248 2453 2404 2509 locus
2434 2452 2527 2508 ille
2558 2451 2684 2507 talis
2729 2454 2815 2507 est
2856 2456 2916 2506 ut
2963 2464 3064 2520 per
3099 2448 3249 2505 mille
3279 2463 3472 2519 passus
3498 2453 3559 2503 et
3597 2447 3788 2504 multo
3812 2462 3913 2502 am-

2248 2541 2394 2611 plius
2457 2540 2563 2596 nisi
2616 2539 2833 2610 navigio
2893 2551 3005 2595 non
3052 2538 3252 2594 habeat
3299 2538 3634 2608 ingressum,
3681 2543 3911 2607 excepta

2248 2644 2355 2685 una
2406 2620 2565 2700 porta
2604 2630 2673 2684 ab
2714 2628 3034 2696 Occidente,
3066 2642 3167 2698 per
3196 2640 3359 2698 quam
3397 2626 3619 2697 pedites
3661 2634 3722 2681 et
3762 2625 3910 2696 equi-

2250 2726 2334 2776 tes
2363 2718 2715 2790 plaustraque
2754 2718 3020 2774 ducentes
3067 2717 3300 2773 liberum
3347 2716 3532 2771 solent
3578 2716 3798 2771 habere
3838 2718 3907 2770 in-

2249 2810 2555 2881 gressum);
2604 2809 2851 2865 consitos
2907 2807 3063 2878 quasi
3121 2821 3220 2877 per
3276 2805 3585 2876 praecipitia
3634 2806 3906 2874 parietum

2251 2906 2416 2970 atque
2455 2903 2724 2955 tectorum
2758 2898 2928 2968 ccepit
2961 2897 3092 2953 dare
3122 2897 3314 2952 saltus.
3349 2895 3504 2963 Quod
3554 2909 3690 2951 cum
3742 2896 3908 2951 vidis-

523 2990 583 3044 B.
632 2989 855 3044 Bertino
910 2987 1115 3057 gratias
1169 3000 1356 3053 agens,
1408 2987 1524 3043 suis
1577 2986 1879 3057 gradiendo
1938 2987 2172 3057 pedibus
2254 2995 2379 3045 sent
2433 2987 2637 3045 ibidem
2705 2988 3007 3058 degentes,
3065 2986 3280 3043 sublata
3337 2998 3568 3057 prorsus
3616 2986 3907 3057 ambagine

523 3077 685 3134 laetus
713 3082 770 3133 et
796 3090 964 3132 sanus
992 3077 1270 3146 propriam
1299 3075 1584 3147 repedavit
1621 3076 1689 3132 ad
1720 3076 1961 3134 domum.

808 3166 938 3220 CAP.
978 3166 1046 3220 Il.
1085 3167 1165 3220 De
1202 3165 1427 3235 quodam
1461 3164 1719 3235 sacrilego
1754 3165 1881 3235 (23).

595 3254 823 3324 Quidam
853 3254 1019 3310 homo
1049 3268 1117 3310 ex
1154 3258 1308 3325 parte
1338 3254 1500 3310 nobis
1528 3252 1862 3325 incognitus,
1899 3254 1997 3311 sed
2027 3254 2175 3310 sicut

527 3350 718 3417 postea
766 3343 1021 3414 probavit
1057 3350 1324 3411 eventus,
1375 3343 1614 3414 maligno
1662 3344 1860 3414 spiritu
1908 3343 2172 3414 repletus,

526 3448 651 3493 cum
706 3433 989 3503 cujusdam
1051 3432 1336 3505 religionis
1391 3447 1451 3488 se
1517 3447 1638 3489 esse
1692 3432 2023 3499 simulasset,
2076 3446 2176 3503 per

526 3529 640 3581 tres
685 3525 981 3581 continuos
1027 3522 1148 3578 dies
1189 3522 1346 3592 quasi
1403 3522 1597 3579 orandi
1653 3523 1828 3594 gratia
1885 3522 2173 3579 ecclesiam

528 3612 780 3685 praedicti
840 3613 1019 3669 Patris
1081 3612 1257 3669 nostri
1321 3612 1529 3668 Bertini
1599 3613 1918 3684 ingressus,
1978 3613 2175 3669 multo-

527 3704 633 3761 ties
687 3716 746 3759 se
802 3701 969 3758 humo
1031 3702 1327 3772 prostravit
1381 3702 1537 3771 quasi
1605 3710 1938 3772 compuncto
2004 3702 2172 3758 corde

526 3791 783 3849 tunderet
822 3804 1057 3862 preces;
1106 3790 1203 3846 sed
1252 3790 1470 3861 quoties
1516 3790 1669 3858 exiit,
1711 3806 1862 3848 seras
1898 3791 2173 3847 valvarum

528 3882 824 3953 diligenter
879 3879 1287 3947 consideravit,
1338 3880 1487 3936 aliud
1536 3885 1717 3936 tamen
1776 3881 1831 3937 in
1879 3880 2173 3952 praesentia

528 3969 819 4027 custodum
880 3969 1111 4039 ﬁngens.
1169 3971 1303 4025 Nam
1358 3969 1656 4040 aliquando
1712 3985 1772 4026 se
1828 3970 2170 4037 incurvavit,

530 4058 687 4129 quasi
733 4057 811 4113 ibi
860 4057 1158 4114 dissolutas
1204 4058 1462 4128 religaret
1500 4059 1768 4131 corrigias
1810 4080 1823 4115 :
1875 4058 2172 4130 aliquando

527 4162 658 4205 vero
714 4161 898 4204 casum
953 4147 1216 4203 simulans
1266 4147 1619 4217 manicarum,
1661 4150 1717 4204 in
1774 4149 1966 4206 eodem
2024 4151 2171 4205 exitu

527 4241 783 4294 curvatus
810 4236 1052 4308 collegit.
1085 4237 1355 4307 Expertus
1383 4241 1563 4293 tamen
1594 4242 1769 4295 totum
1799 4239 1947 4309 quod
1976 4239 2170 4308 voluit,

2190 3060 2234 3119 (Τί
2259 3078 2428 3134 totius
2465 3078 2854 3144 dubitationis,
2909 3078 3056 3133 hunc
3087 3091 3207 3133 esse
3236 3090 3410 3141 reum,
3442 3074 3595 3130 hunc
3624 3075 3907 3130 clamitant

2255 3169 2397 3224 sacri
2454 3166 2629 3224 furem
2680 3167 2954 3225 exstitisse
3006 3166 3286 3233 thesauri;
3345 3171 3402 3221 et
3455 3164 3586 3221 ideo
3648 3165 3845 3221 taliter
3884 3179 3911 3219 ι

2257 3257 2532 3314 daemonio
2562 3257 2776 3329 agitari.
2809 3259 2942 3314 Cum
2980 3263 3161 3313 autem
3191 3256 3561 3312 detinuissent
3590 3270 3753 3323 eum,
3785 3270 3913 3327 quo-

2256 3348 2395 3404 libet
2432 3348 2656 3419 ingenio
2714 3348 3086 3418 interrogatus
3132 3351 3238 3415 est,
3277 3344 3410 3416 quid
3467 3345 3580 3400 sibi
3636 3347 3910 3401 evenisset

2255 3437 2339 3494 vel
2390 3451 2560 3507 quare
2608 3436 2979 3493 dementasset
3026 3457 3037 3493 :
3090 3443 3147 3493 et
3193 3435 3375 3491 statim
3425 3435 3698 3506 exposuit
3754 3436 3914 3492 totius

2255 3527 2335 3583 rei
2382 3526 2692 3582 veritatem.
2741 3526 2878 3593 Quid
2928 3526 3128 3596 plura?
3182 3524 3468 3595 praevaluit
3524 3531 3737 3582 contra
3800 3539 3912 3582 eum

2255 3616 2542 3672 arbitrium
2576 3617 2716 3686 ejus,
2748 3616 2895 3671 unde
2942 3616 3141 3671 missus
3185 3620 3269 3671 est
3295 3615 3352 3670 in
3383 3616 3646 3670 Nervium
3701 3616 3827 3685 24},
3865 3616 3914 3670 in

2255 3702 2380 3761 loco
2420 3703 2650 3771 famoso,
2699 3704 2926 3761 castello
2957 3704 3219 3761 videlicet
3252 3705 3658 3774 Menapiorum.
3696 3705 3914 3762 Conde-

2257 3794 2359 3850 luit
2396 3797 2576 3850 autem
2625 3808 2793 3865 super
2838 3808 2905 3850 eo
2952 3794 3284 3850 unanimitas
3328 3795 3439 3864 jam
3479 3794 3657 3851 dictae
3689 3809 3918 3866 congre.

2256 3883 2513 3954 gationis,
2565 3884 2942 3954 miseruntque
2989 3884 3058 3939 ad
3107 3883 3362 3940 comitem
3400 3884 3660 3954 ejusdem
3694 3884 3829 3949 loci,
3866 3891 3913 3939 et

2256 3973 2532 4028 redditum
2585 3979 2670 4029 est
2708 3974 2758 4029 ei
2807 3973 3041 4029 liberum
3087 3974 3258 4029 exire.
3317 3972 3423 4029 Sed
3480 3974 3617 4043 quia
3680 3976 3742 4030 in
3799 3974 3913 4030 aliis

2254 4062 2673 4132 quampluribus
2720 4068 2904 4118 tentus
2952 4066 3069 4119 erat
3113 4063 3364 4134 ﬂagitiis,
3415 4068 3475 4118 ut
3523 4068 3731 4133 postea
3773 4078 3913 4120 cum-

2256 4158 2471 4222 pertum
2501 4157 2605 4220 est,
2640 4151 2765 4208 ideo
2796 4152 2936 4208 forte
2983 4152 3357 4223 permodicum
3403 4152 3609 4209 habuit
3639 4156 3913 4224 pmniten-

2257 4242 2346 4298 tiae
2395 4246 2610 4312 tempus
2651 4262 2664 4297 :
2716 4242 3077 4313 septimanam
3116 4243 3260 4299 enim
3301 4245 3695 4300 tantummodo
3735 4260 3913 4316 super-

527 4326 737 4385 notavit
781 4326 974 4383 horam
1016 4339 1124 4397 qua
1176 4323 1376 4382 fratres
1423 4332 1548 4396 post
1585 4333 1791 4383 sextam
1831 4342 1993 4384 causa
2032 4327 2408 4406 refe-_vixit.
2458 4333 2501 4387 Ο
2546 4345 2707 4404 quam
2756 4332 2920 4388 breve
2971 4337 3055 4387 est
3107 4332 3395 4401 praesentis
3424 4332 3554 4389 vitae
3593 4334 3904 4406 tempusad

526 4417 731 4474 ctionis
786 4416 856 4472 ad
913 4396 1106 4487 panem
1164 4415 1579 4486 percipiendum
1635 4422 1888 4487 peterent
1943 4396 2724 4491 refecto~Dcomparationem
2773 4396 3133 4477 aeternitatis!
3189 4424 3482 4478 Hortamur
3532 4437 3677 4494 ergo
3720 4396 3907 4481 omnes

528 4507 692 4563 rium.
768 4506 968 4577 Sicque
1051 4520 1342 4577 aggressus
1422 4506 1601 4562 cultro
1677 4512 1898 4578 arrepto
1974 4509 2175 4578 pressit

527 4595 735 4667 lignum
765 4609 865 4666 per
887 4597 1176 4666 juncturas
1212 4594 1506 4661 valvarum,
1540 4608 1650 4665 quo
1680 4597 1853 4652 ambae
1893 4597 1949 4652 in
1998 4602 2177 4654 trans-

527 4696 744 4741 versum
790 4684 1233 4755 stringebantur,
1283 4697 1406 4739 cum
1454 4683 1676 4740 aliunde
1722 4683 1904 4741 ferreo
1954 4686 2174 4755 pessulo

525 4775 798 4831 firmatum
856 4786 967 4831 non
1024 4779 1208 4841 esset,
1255 4775 1331 4830 ita
1376 4778 1438 4830 ut
1485 4774 1664 4845 capite
1710 4775 1884 4831 vectis
1930 4777 2173 4846 ejusdem

526 4878 742 4921 sursum
804 4863 1015 4920 elevato
1079 4863 1287 4919 aditum
1353 4864 1629 4934 praeberet
1692 4865 1955 4922 intrandi.
2024 4867 2175 4923 Tunc

531 4954 701 5010 miser
745 4951 859 5019 ille,
894 4953 993 5009 sed
1041 4966 1154 5009 non
1183 4953 1532 5022 miserabilis,
1565 4953 1787 5010 malitia:
1816 4969 1931 5011 suae
1970 4956 2176 5025 pande-

533 5042 628 5099 bat
677 5040 951 5098 ell‘ectum.
998 5042 1132 5097 Nam
1178 5042 1460 5113 ingressus
1505 5041 1717 5099 furatus
1775 5049 1859 5099 est
1909 5059 2033 5100 vasa
2090 5059 2176 5102 ar-

529 5137 726 5204 gentea
752 5172 768 5199 ,
836 5145 960 5202 quae
1015 5131 1119 5187 sub
1175 5131 1398 5188 coronis
1456 5145 1521 5188 ac
1585 5132 1928 5203 lampadibus
1991 5148 2174 5192 coram

619 5255 690 5310 23

619 5254 716 5398 23;
753 5257 832 5312 Ex
859 5255 1089 5327 antiquo
1117 5258 1424 5328 Anonymo.

619 5327 690 5381 24
768 5329 1074 5384 Turnacum
1127 5331 1371 5398 Tournay
1393 5372 1408 5396 ,

718 5399 730 5410 .
768 5329 1074 5410 Turnacum
1127 5331 1408 5410 Tournag,
1439 5328 1536 5410 _ad
1574 5329 1811 5385 Scaldim
1846 5329 2067 5410 fluvium
2117 5332 2174 5388 in

526 5398 769 5457 confinio
816 5400 1119 5456 Hannoniaa
1166 5406 1223 5457 et
1265 5398 1524 5471 Ap'tesiae,
1575 5415 1737 5471 quam
1775 5400 1953 5457 urbem
1989 5405 2172 5461 Mena-

523 5472 752 5553 piorum.
776 5480 937 5553 vocat
982 5472 1291 5553 Philippus
1314 5474 1477 5553 Bonae
1516 5472 1928 5553 Spei_abbas_iii
1953 5475 2079 5553 _Vi_t_a
2115 5477 2170 5531 S.

526 5541 754 5596 Amandi
794 5543 1060 5612 episcOpi.
1094 5541 1361 5600 E’t‘Julius
1397 5541 1599 5611 Cazsar,
1640 5545 1716 5600 De
1764 5544 1911 5601 bello
1944 5545 2171 5615 Gallico,

2257 4510 2351 4581 qui
2398 4510 2517 4565 hate
2565 4509 2879 4577 audierunt,
2912 4511 3165 4566 omittere
3195 4511 3356 4577 mala,
3392 4514 3723 4583 sectarique
3754 4514 3905 4570 bona.

2255 4601 2385 4656 CAP.
2436 4600 2527 4654 Ill.
2576 4600 2656 4654 De
2692 4599 2917 4670 quodam
2951 4600 3189 4671 fugitivo,
3219 4600 3424 4655 nomine
3451 4601 3745 4671 Benjamin
3786 4603 3902 4673 (25‘).

2328 4687 2510 4744 Multis
2552 4686 2723 4758 igitur
2751 4687 3095 4744 saecularium
3125 4688 3407 4745 hominum
3437 4689 3624 4746 turbis
3656 4693 3735 4747 ad
3770 4705 3907 4761 saepe

2259 4779 2465 4835 dictum
2512 4778 2902 4834 monasterium
2940 4778 3011 4834 ob
3065 4792 3306 4836 amorem
3344 4779 3441 4835 Dei
3469 4782 3906 4843 confluentibus.

2258 4872 2315 4924 et
2354 4867 2672 4923 monasticae
2717 4866 3006 4938 religionis
3052 4867 3335 4925 desiderio
3379 4868 3747 4941 ardentibus,
3778 4874 3910 4928 inter

2257 4960 2491 5013 caeteros
2546 4956 2827 5026 Benjamin
2884 4963 3253 5027 nuncupatus,
3309 4959 3533 5029 generis
3602 4961 3908 5017 secundum

2257 5045 2521 5103 szeculum
2553 5044 2844 5101 nobilitate
2887 5046 3124 5115 pollens,
3160 5046 3452 5117 plurimum
3483 5062 3554 5104 ex
3586 5049 3915 5107 haereditate

2262 5135 2486 5206 propria
2526 5134 2861 5191 monasterio
2900 5134 3212 5206 conferens,
3252 5136 3459 5193 aditum
3491 5139 3665 5208 petiit
3695 5152 3914 5198 conver-

2258 5258 2356 5342 εει).
2380 5275 2468 5342 ,ιῃ
2510 5273 2631 5342 capi.
2671 5259 2973 5342 4,_‘lib.__m
3012 5267 3068 5317 et
3109 5260 3207 5342 lib.
3252 5277 3327 5342 xv,
3359 5276 3483 5342 cap.
3515 5261 3604 5342 3ᾷΔ
3630 5265 3911 5342 Menapios

2257 5331 2798 5472 gigriiiréitsa‘aggungit.
2855 5333 2996 5388 Ilinc
3025 5334 3353 5405 corrigenda
3384 5331 3604 5391 ferrarii
3637 5331 3907 5395 sententia

2333 5446 2810 5545 (ééjuEtx-antiquo
2838 5478 3141 5547 Anonymo.
