4056 6150
183 226 314 282 1101

1290 229 1630 286 MIRACULA
1667 229 1722 283 S.
1764 229 2053 285 BERTINI.
2093 259 2164 272 —
2201 232 2326 288 LIB.
2369 233 2412 290 1.

3415 241 3548 295 1102

176 353 375 421 sionis,
425 351 819 423 laudabilique,
868 358 929 409 ut
966 351 1104 409 facie
1151 359 1313 410 tenus
1352 353 1662 418 videbatur,
1695 354 1890 412 sim-A
1911 355 2230 422 nativitatis,
2261 357 2434 423 stetit,
2468 371 2707 428 casuque
2744 357 3034 415 subitaneo
3080 361 3136 416 in
3175 366 3375 419 terram
3416 381 3547 436 pro-

177 442 426 512 plicitate
483 445 659 499 totum
716 457 777 498 se
823 442 1059 499 contulit
1108 444 1464 500 monasterio.
1522 445 1822 513 Susceptus

176 532 364 602 itaque
395 531 486 587 hic
515 536 679 602 atque
709 531 856 588 inter
884 531 1083 586 fratres
1111 531 1417 588 collocatus
1444 537 1529 587 est
1567 537 1818 588 czeteros.

177 621 286 677 Sed
335 634 446 677 non
495 627 620 690 post
668 621 896 676 multum
955 621 1220 690 temporis
1275 621 1470 692 sagitta
1528 635 1822 690 percussus

173 711 472 777 diabolica,
507 711 677 781 erepit
704 725 803 766 sua
833 710 970 766 mala
1001 725 1168 781 opera
1199 709 1516 777 defendere,
1549 724 1613 765 ac
1652 711 1820 766 nimio

175 803 443 858 instinctu
476 801 684 857 inimici
725 801 902 867 illudi,
936 801 1344 871 mortiferisque
1375 801 1823 871 persuasionibus

175 905 507 948 consensum
557 891 826 961 praebere.
876 893 1119 960 Cumque
1167 905 1197 946 a
1245 889 1510 947 fratribus
1560 891 1822 961 spiritali-

174 982 282 1038 bus
326 981 630 1052 smpissime
682 979 1077 1050 corriperetur,
1110 995 1221 1037 non
1261 981 1428 1037 modo
1468 994 1580 1037 non
1629 996 1819 1037 emen-

173 1071 338 1126 datus
384 1077 488 1138 est,
527 1085 713 1126 verum
753 1083 953 1126 exosos
998 1084 1096 1126 eos
1141 1070 1352 1137 habuit,
1385 1085 1526 1141 quos
1556 1071 1627 1127 ob
1667 1085 1820 1126 suam

174 1161 590 1233 perversitatem
648 1161 940 1232 plurimum
990 1161 1310 1218 contristari
1355 1161 1663 1231 conspexit.
1721 1161 1819 1215 Din

175 1253 363 1322 itaque
425 1251 479 1306 in
544 1251 648 1306 hac
705 1251 1061 1320 perversitate
1118 1250 1405 1318 toleratus,
1475 1250 1694 1306 tandem
1751 1251 1820 1306 de

174 1339 516 1396 monasterio
561 1345 645 1395 est
687 1353 959 1410 egressus.
1013 1331 1186 1411 Igitur
1223 1339 1615 1396 monasterium
1655 1339 1822 1395 relin-

175 1443 355 1500 quens
393 1429 561 1499 cmpit
591 1429 823 1485 lustrare
862 1429 1058 1486 domos
1095 1430 1553 1500 propinquorum,
1587 1433 1643 1485 et
1671 1444 1820 1499 qum-

175 1533 302 1575 rere
351 1520 443 1590 qui
504 1518 582 1574 illi
640 1532 824 1574 secum
866 1517 1150 1575 habitandi
1197 1532 1479 1575 assensum
1523 1519 1816 1588 praeberet,

173 1623 413 1679 nequam
441 1608 656 1664 scilicet
693 1609 812 1678 ejus
840 1609 1102 1678 operibus
1137 1609 1558 1665 consentiendo.
1592 1611 1659 1664 At
1696 1623 1817 1664 cum

1908 444 2037 499 ruit.
2095 446 2262 511 Quem
2321 445 2518 502 fratres
2582 447 2846 502 citissime
2903 457 3259 506 accnrrcntes
3313 467 3344 508 a
3402 461 3545 511 terra

1904 530 2254 601 levaverunt,
2333 549 2565 605 eumque
2640 536 2810 592 aciem
2886 537 3170 594 oculorum
3247 540 3546 600 clarissime

1906 621 2324 689 protendentem
2364 625 2612 680 videntes
2663 626 2915 695 protinus
2964 629 3269 698 rogitavere
3310 631 3549 700 qualiter

1902 709 2008 764 sibi
2048 724 2078 765 a
2116 712 2346 768 Domino
2394 711 2536 768 foret
2583 714 2731 768 salus
2769 714 2894 770 data
2922 716 3169 772 visionis.
3203 719 3428 776 Dicebat
3453 736 3550 777 au-

1903 803 2011 854 tem
2041 801 2122 855 eis
2151 803 2320 871 quod,
2354 818 2475 858 cum
2508 818 2640 873 pura
2675 805 2874 859 mentis
2913 806 3220 863 intentione
3261 811 3545 867 Dominum

1903 895 2177 957 exoraret,
2214 891 2350 947 duas
2395 891 2602 947 faculas
2650 907 2716 948 ex
2763 894 3020 964 sepulcro
3068 897 3122 951 8.
3167 899 3370 953 Bertini
3411 901 3547 955 vidit

1897 979 2130 1046 jactatas
2159 981 2336 1036 oculis
2379 982 2495 1036 suis
2540 982 2899 1038 clarissimum
2941 984 3125 1040 lumen
3171 986 3544 1056 infundentes,

1902 1068 2093 1138 sicque
2135 1067 2317 1125 lumen
2349 1070 2633 1126 oculorum
2665 1069 2780 1127 fore
2820 1080 3152 1143 reparatum.
3184 1077 3334 1132 Tunc
3365 1079 3548 1133 omni-

1903 1157 2006 1212 bus
2061 1157 2260 1214 claruit
2315 1161 2462 1230 quod
2521 1176 2620 1231 per
2677 1161 2868 1217 merita
2926 1165 2984 1220 Β.
3044 1166 3250 1221 Bertini
3301 1167 3550 1237 pristina).

1902 1247 2154 1304 redditus
2199 1250 2272 1305 sit
2317 1251 2584 1306 sanitati:
2637 1252 2930 1323 statimque
2976 1253 3095 1311 sine
3138 1270 3290 1312 mora
3329 1272 3452 1313 eum
3494 1259 3548 1313 in

1904 1336 2144 1405 priorem
2210 1353 2536 1396 revocavere
2612 1342 2812 1408 locum,
2884 1345 3213 1414 propensius
3286 1349 3548 1418 majorem

1902 1425 2168 1482 honorem
2225 1443 2386 1499 quam
2444 1431 2499 1485 in
2557 1432 2749 1502 primis
2811 1432 2984 1488 initiis
3038 1435 3163 1491 vita:
3229 1439 3548 1494 monastica:

1901 1517 2307 1573 venerationem
2346 1519 2693 1576 adhibentes.
2736 1521 2832 1577 Ille
2861 1537 2990 1579 vero
3021 1539 3124 1580 nec
3150 1525 3205 1580 in
3237 1527 3420 1596 priore
3453 1529 3549 1584 de-

1898 1607 2140 1676 jectione
2172 1608 2449 1678 delapsus,
2491 1624 2593 1666 nec
2634 1615 2924 1680 prtesentis
2971 1613 3200 1670 honoris
3238 1617 3457 1674 cumulo
3492 1620 3547 1673 in

170 1697 384 1755 nullum
423 1697 714 1769 reperiret,
755 1711 1056 1768 omnesque
1104 1712 1228 1754 eum
1272 1704 1500 1768 propter
1546 1691 1966 1756 remissio-Bse
1997 1696 2259 1765 elevatus,
2292 1699 2613 1757 rectissima:
2644 1702 2784 1772 pede
2824 1702 2948 1759 fidei
2982 1718 3080 1774 per
3108 1706 3356 1761 semitam
3387 1707 3548 1762 bona:

170 1802 302 1844 nem
349 1788 620 1858 propositi
658 1787 743 1844 sui
775 1803 1000 1846 exosum
1040 1788 1343 1855 haberent;
1397 1790 1565 1860 cmpit
1603 1790 1819 1846 demum

165 1876 525 1948 frequentare
589 1877 752 1946 furta,
821 1879 1169 1949 cmnosisque
1244 1879 1470 1936 nimium
1545 1879 1820 1951 inquinari

166 1968 402 2037 stupris,
464 1974 520 2024 et
574 1968 681 2024 alia
737 1967 971 2024 nefanda
1029 1983 1288 2026 exercere
1353 1968 1618 2026 facinora.
1688 1973 1818 2026 Cum

165 2055 304 2112 talia
333 2072 464 2129 ergo
493 2057 705 2115 solibus
751 2058 1136 2129 insequeretur
1163 2059 1521 2129 quotidianis,
1563 2060 1817 2130 omnipo-

165 2145 344 2202 tentis
386 2146 677 2204 clementia
724 2149 936 2204 Domini
976 2163 1100 2218 quae
1147 2148 1394 2220 ingratos
1431 2161 1680 2219 quosque
1722 2163 1820 2219 per

161 2233 385 2306 ﬂagella
421 2244 580 2294 vocat
609 2237 677 2294 ad
709 2252 956 2310 regnum,
989 2237 1120 2294 fecit
1146 2253 1270 2310 eum
1309 2253 1376 2294 ex
1413 2239 1584 2294 nimio
1623 2239 1819 2308 capitis

161 2326 368 2382 dolore
414 2325 596 2382 lumen
646 2328 897 2382 amittere
949 2309 1260 2397 corporale.
1311 2328 1410 2383 Vix
1455 2335 1635 2384 autem
1694 2335 1818 2396 post

160 2414 486 2494 tam_diram
525 2415 708 2470 carnis
751 2413 1126 2482 afﬂictionem,
1160 2416 1401 2471 obtinuit
1429 2430 1460 2470 a
1491 2417 1818 2486 pr0pinquis

157 2505 285 2560 suis
315 2510 396 2571 ut,
429 2517 760 2575 quocunque
799 2504 909 2560 illis
945 2504 1224 2561 videretur
1262 2505 1448 2573 modo,
1480 2505 1734 2561 solatium
1765 2507 1814 2562 ei

161 2592 604 2664 propinquitatis
633 2594 854 2664 aliquod
887 2594 1286 2664 impenderent.
1336 2597 1635 2666 Susceptus
1682 2609 1814 2666 ergo

160 2688 256 2739 est
294 2683 363 2737 ab
402 2682 532 2748 illis,
567 2682 664 2738 sed
685 2683 893 2754 jugiter
921 2684 1215 2740 verborum
1247 2685 1597 2741 contumeliis
1625 2685 1816 2740 verbe-

161 2778 343 2828 ratus.
393 2773 626 2842 Propter
672 2771 904 2828 salutem
953 2773 1098 2828 enim
1147 2789 1300 2830 suam
1347 2775 1664 2831 misericors
1704 2775 1815 2830 Do-

159 2862 351 2917 minus
395 2860 580 2917 lumen
637 2862 687 2917 ei
744 2861 971 2918 abstulit
1019 2863 1326 2932 oculorum,
1369 2871 1424 2920 et
1469 2864 1664 2920 solatia
1704 2877 1814 2920 non

160 2951 297 3006 sivit
341 2949 534 3007 adesse
573 2951 1030 3022 propinquorum.
1071 2953 1312 3022 Quadam
1360 2953 1529 3025 igitur
1558 2955 1647 3010 die
1692 2968 1812 3010 cum

1906 1787 2245 1854 operationis
2280 1803 2346 1843 ex
2384 1789 2514 1846 hinc
2545 1792 2742 1861 agebat
2771 1791 2968 1848 itinera
3006 1793 3230 1860 Christi,
3271 1810 3334 1851 ac
3364 1797 3413 1850 ei
3445 1796 3550 1852 fre-

1905 1881 2140 1943 quenter
2186 1877 2516 1933 concinebat
2559 1899 2570 1934 :
2622 1880 2891 1936 Exaltabo
2940 1887 3007 1949 te,
3040 1885 3275 1952 Domine,
3309 1886 3551 1956 quoniam

1901 1965 2173 2036 suscepisti
2220 1982 2320 2032 me,
2364 1984 2459 2022 nec
2507 1968 2743 2025 dilatasti
2793 1971 3027 2027 inimicos
3065 1988 3204 2028 meos
3251 1989 3409 2046 super
3448 1990 3547 2029 me.

1902 2054 2122 2109 Domine
2149 2057 2290 2111 Deus
2326 2072 2488 2126 meus,
2521 2057 2743 2114 clamavi
2775 2061 2844 2115 ad
2881 2065 2950 2128 te,
2983 2067 3031 2117 et
3068 2065 3274 2119 sanasti
3303 2079 3401 2120 me.
3433 2066 3549 2119 Do-

1901 2143 2056 2210 mine,
2080 2145 2310 2200 eduxiin
2331 2146 2398 2200 ab
2419 2147 2620 2216 inferno
2642 2151 2870 2204 animam
2893 2166 3056 2206 meam
3081 2152 3242 2222 (Psal.
3269 2169 3450 2219 xxxrx,
3472 2155 3548 2222 2.)

1902 2232 2101 2302 Sicque
2149 2234 2408 2302 paulatim
2457 2238 2759 2293 crescendo
2810 2240 3060 2308 pervenit
3089 2241 3156 2296 ad
3198 2241 3545 2309 charitatem,

1902 2336 2026 2391 qua:
2065 2321 2308 2392 perfecta
2344 2324 2490 2380 foras
2527 2325 2696 2382 mittit
2735 2328 2986 2383 timorem
3029 2328 3079 2400 (Ι
3112 2332 3270 2385 Joan.
3316 2347 3391 2396 1v,
3440 2330 3544 2395 18).

1900 2410 2072 2480 Igitur
2101 2419 2225 2481 post
2255 2413 2360 2468 hoc
2407 2413 2463 2468 in
2502 2421 2690 2470 sancta
2721 2419 3138 2474 conversatione
3179 2419 3365 2489 plures
3393 2420 3550 2474 duxit

1900 2513 2094 2566 annos,
2129 2503 2343 2570 positus
2388 2505 2624 2574 gratuita
2655 2505 3034 2562 misericordia
3064 2507 3278 2564 Domini
3320 2509 3544 2574 Christi,

1900 2589 1994 2658 qui
2025 2594 2110 2644 est
2137 2590 2463 2647 benedictus
2492 2593 2546 2648 in
2577 2593 2800 2649 saecula.

1899 2697 2027 2752 Car.
2062 2698 2148 2752 ιν.
2183 2699 2259 2752 De
2304 2700 2528 2770 quodam
2571 2702 2850 2827 ptfniggp
2892 2717 2925 2757 a
2962 2702 3180 2758 vinculis
3225 2705 3413 2776 ferreis
3451 2722 3546 2761 so-

2597 2788 2627 2826 u
2653 2788 2682 2827 o
2745 2785 2758 2798 δ
2852 2815 2864 2827 .

2597 2785 2682 2827 uto
2717 2785 2864 2829 (ΖΟ).

2576 2773 2682 2827 luto
2717 2773 2864 2844 (26).
3227 2773 3234 2776 ⁷

1969 2857 2198 2925 Quidam
2257 2859 2338 2914 vir
2392 2860 2526 2916 civis
2585 2862 3014 2930 Aurelianensis,
3073 2863 3242 2920 Adam
3301 2868 3542 2932 nomine,

1898 2945 1968 3001 de
2023 2947 2146 3003 vico
2202 2949 2472 3005 Pruniaco
2529 2948 2820 3022 (Prunay),
2880 2953 2952 3007 ob
3011 2950 3373 3009 fratricidium
3419 2954 3540 3026 (27)

161 3039 328 3096 valde
387 3039 720 3096 contumelia
783 3040 1058 3111 frequenti
1114 3049 1343 3099 mmstus
1396 3042 1560 3112 foret,
1625 3043 1810 3100 divino
1837 3029 1881 3092 G
1894 3037 2052 3106 jussu
2099 3037 2348 3107 episcopi
2406 3038 2557 3094 urbis
2606 3040 3015 3097 Aurelianensis
3061 3040 3256 3098 ferreis
3313 3044 3546 3099 nexibus

160 3127 486 3198 compulsus
533 3127 817 3192 instinctu,
867 3129 1124 3186 ducatum
1161 3132 1267 3187 sibi
1306 3132 1374 3187 ad
1421 3132 1809 3188 monasterium

163 3218 233 3273 B.
264 3217 468 3273 Bertini
518 3217 754 3288 praeberi
802 3219 1033 3290 rogavit.
1091 3220 1246 3287 Quod
1279 3235 1401 3276 cum
1448 3219 1650 3277 factum
1679 3219 1812 3276 fuis-

160 3312 275 3374 set,
308 3320 491 3363 coram
521 3307 770 3364 ecclesiae
795 3308 980 3378 januis
1011 3315 1319 3379 prostratus
1349 3309 1599 3380 quotidie
1628 3311 1808 3367 Domi-

159 3409 295 3453 num
327 3397 396 3453 de
435 3397 732 3468 praeteritis
761 3398 1113 3469 negligentiis
1149 3400 1366 3469 placare
1403 3400 1634 3467 studuit,
1677 3401 1808 3456 insi-

157 3493 318 3544 stens
356 3487 584 3558 jejuniis
621 3493 677 3544 et
725 3489 1069 3544 orationibus
1128 3490 1492 3560 Iacrymisque
1548 3490 1803 3557 assiduis,

159 3576 646 3649 psalmodiansque
695 3577 960 3634 dicebat:
1003 3581 1118 3648 Ego
1167 3584 1338 3634 autem
1383 3594 1496 3634 sum
1535 3580 1720 3635 vermis
1757 3584 1805 3634 et

155 3679 267 3719 non
321 3664 492 3732 homo,
551 3664 885 3738 opprobrium
949 3666 1206 3722 hominum
1262 3671 1311 3722 et
1367 3667 1587 3736 abjectio
1639 3667 1806 3738 plebis

163 3752 341 3824 (Psal.
381 3769 514 3821 xm,
545 3755 607 3826 7)
647 3775 660 3811 :
712 3761 767 3811 tu
813 3761 1004 3823 autem,
1059 3757 1295 3824 Domine,
1343 3761 1612 3829 susceptor
1664 3773 1805 3812 meus

157 3857 239 3910 es,
289 3841 458 3912 gloria
506 3859 642 3910 mea,
684 3845 950 3901 exaltabis
989 3850 1144 3917 caput
1181 3861 1348 3902 meum
1390 3845 1562 3918 (Psal.
1603 3863 1683 3914 ιιι,
1715 3847 1801 3918 4).

154 3934 229 3986 At
292 3933 452 3989 Pater
515 3934 834 3990 monasterii
900 3937 1022 4004 ejus
1078 3934 1270 3990 videns
1331 3935 1715 4002 humilitatem,
1773 3951 1803 3990 a

157 4022 392 4078 Domino
423 4037 523 4080 cor
560 4025 680 4094 ejus
727 4025 998 4081 intellexit
1034 4025 1332 4094 visitatum,
1374 4032 1429 4082 et
1473 4026 1541 4082 ad
1592 4032 1803 4097 portam

156 4122 287 4164 eum
333 4109 623 4168 collocavit
676 4111 977 4182 praebendo
1013 4113 1214 4170 victum
1255 4113 1658 4185 quotidianum.
1706 4113 1803 4168 Ille

154 4204 363 4268 autem,
402 4199 547 4255 sicut
597 4202 707 4270 jam
747 4200 956 4257 dictum
1003 4207 1106 4270 est,
1140 4203 1196 4258 in
1247 4201 1570 4273 paenitentia
1611 4215 1802 4273 perse-

154 4302 374 4356 verans,
414 4291 653 4346 animum
710 4297 770 4346 ut
820 4305 1006 4347 arcum
1069 4292 1262 4348 habuit
1316 4298 1616 4358 extentum,
1670 4306 1804 4362 qua-

1894 3133 2139 3182 vcntrem
2206 3127 2540 3199 brachiaque
2607 3131 2962 3198 constrictus,
3023 3146 3145 3186 cum
3204 3147 3302 3202 per
3361 3133 3544 3203 plures

1892 3229 2070 3272 annos
2105 3223 2421 3274 sanctorum
2460 3218 2582 3274 loca
2629 3220 2922 3288 visitando,
2965 3227 3133 3278 tanta:
3173 3222 3538 3278 incommodi-

1892 3307 2020 3362 tatis
2067 3306 2263 3362 molem
2313 3308 2631 3372 sustineret,
2676 3309 2894 3363 tandem
2934 3323 2962 3363 a
3004 3311 3063 3364 B.
3095 3311 3257 3366 Petro
3287 3311 3539 3380 apostolo

1892 3397 2048 3465 cujus
2095 3395 2282 3451 limina
2328 3398 2516 3452 Roma:
2565 3395 2971 3466 frequentabat,
3012 3397 3244 3453 duorum
3302 3413 3536 3454 nexuum

1888 3485 2220 3540 solutionem
2271 3484 2524 3554 adeptus,
2570 3499 2668 3554 per
2695 3485 2984 3551 visionem,
3037 3493 3096 3541 ut
3137 3488 3252 3556 ipse
3302 3489 3538 3544 testaba-

1889 3581 1998 3636 tur,
2049 3573 2362 3629 admonitus
2419 3580 2502 3629 est
2560 3579 2620 3628 ut
2667 3574 2979 3629 ccenobium
3037 3575 3238 3630 Christi
3305 3577 3534 3633 militum

1886 3663 2182 3719 Audomari
2230 3671 2395 3732 atque
2444 3663 2649 3718 Bertini
2701 3677 2799 3733 per
2836 3663 3000 3734 longa
3043 3670 3311 3720 terrarum
3359 3667 3533 3736 spatia

1887 3753 2250 3823 exquirendo,
2282 3767 2472 3808 eorum
2491 3768 2550 3809 se
2574 3755 2896 3823 patrociniis
2916 3754 3113 3811 devote
3145 3755 3532 3820 committeret,

1885 3843 1986 3910 Qui
2013 3843 2236 3899 monitis
2264 3843 2383 3912 ejus
2413 3857 2632 3913 parens,
2660 3858 2757 3913 per
2781 3843 3028 3900 diutinos
3051 3843 3328 3901 anfractus
3354 3846 3532 3901 locum

1887 3931 2228 4002 designatum
2268 3932 2425 3996 adiit,
2474 3939 2530 3989 et
2576 3939 2739 3989 nocte
2786 3940 2992 3990 octavae
3031 3935 3410 4005 apostolorum
3449 3951 3534 3990 se-

1885 4022 2068 4077 cundo
2125 4023 2308 4078 Nonas
2359 4022 2510 4088 Julii,
2561 4024 2618 4078 in
2677 4023 2904 4079 basilica
2962 4026 3016 4079 S.
3071 4025 3217 4080 Petri
3273 4024 3534 4080 fratribus

1886 4117 2186 4167 nocturnas
2233 4111 2424 4168 laudes
2477 4113 2910 4182 celebrantibus,
2945 4115 3284 4184 primamque
3333 4115 3531 4171 lectio-

1886 4215 2009 4256 nem
2077 4201 2284 4257 lectore
2351 4203 2765 4272 pronuntiante,
2834 4203 3067 4260 horrore
3135 4218 3245 4260 non
3315 4205 3532 4260 modico

1891 4290 2254 4347 circumfusus
2301 4293 2553 4361 protinus
2591 4292 2816 4358 cecidit,
2848 4294 3141 4362 statimque
3188 4293 3400 4348 ferreus
3439 4307 3533 4347 ne-

157 4384 324 4434 tenus
357 4380 662 4448 saepissime
709 4380 930 4436 humum
979 4380 1236 4453 lacrymis
1273 4382 1458 4453 rigans
1501 4383 1868 4442 merereturD
1891 4397 1992 4436 xus
2043 4379 2375 4447 confractus,
2409 4380 2737 4452 longiusque
2777 4396 2806 4436 e
2837 4381 3064 4436 brachio
3103 4381 3398 4451 propulsus
3427 4387 3530 4436 est.

154 4466 351 4523 audire
391 4483 406 4522 :
457 4469 736 4524 Dimissum
783 4475 860 4524 est
903 4475 1170 4541 peccatum
1199 4476 1359 4527 tuum.
1401 4471 1638 4538 Quadam
1671 4483 1803 4540 ergo

155 4555 250 4612 die
289 4570 409 4612 cum
440 4557 661 4627 synaxis
698 4557 851 4614 horae
889 4559 1068 4615 tertia:
1098 4573 1128 4614 a
1167 4557 1429 4614 fratribus
1467 4565 1801 4624 cantaretur,

157 4651 494 4702 memoratus
539 4645 710 4703 frater
748 4650 900 4719 juxta
939 4647 1110 4704 altare
1141 4647 1290 4719 quod
1321 4649 1376 4703 in
1410 4647 1589 4704 media
1618 4648 1803 4704 eccle-

154 4736 238 4792 sia
295 4736 461 4792 situm
508 4743 612 4806 est,
653 4736 748 4793 ubi
804 4743 1142 4794 venerantur
1196 4737 1448 4809 reliquie:
1505 4737 1803 4794 Dominicae

263 4877 359 4951 26)
401 4879 479 4934 Ex
516 4879 744 4950 antiquo
781 4883 1088 4951 Anonymo.

264 4949 360 5021 27)
402 4951 493 5006 Sic
533 4949 733 5021 passim
773 4949 1068 5008 homicidia
1099 4951 1324 5008 luebant
1361 4950 1510 5006 illius
1541 4951 1806 5020 temporis

159 5020 452 5093 homines;
513 5020 606 5078 alii
651 5036 783 5079 vero
840 5024 970 5079 dato
1026 5023 1226 5093 pretio,
1287 5023 1434 5092 quod
1487 5022 1807 5092 Wergildum

158 5092 549 5162 appellabant;
609 5095 704 5150 alii
759 5092 1082 5150 verberibus
1119 5101 1176 5150 et
1222 5095 1590 5150 membrorum
1647 5094 1809 5150 muti-

160 5163 393 5221 latloue.
437 5166 539 5232 Qui
578 5166 646 5221 ad
687 5167 977 5223 ecclesiam
1017 5165 1427 5236 confugiebant,
1477 5173 1572 5222 aut
1616 5165 1809 5235 depre-

157 5243 382 5308 catores
427 5237 738 5303 mittebant,
800 5239 971 5294 levius
1029 5239 1416 5308 puniebantur,
1467 5243 1561 5294 aut
1616 5238 1809 5292 terreis

157 5307 544 5380 nexibus,aut
575 5309 821 5380 pecunia”:
863 5307 1049 5364 multa.
1083 5309 1428 5379 Egiuhardus
1464 5309 1519 5364 in
1550 5310 1711 5379 epist.
1749 5309 1808 5361 18

157 5379 230 5434 ad
271 5379 651 5436 Marchradnm
683 5381 800 5436 vice
840 5380 1119 5437 dominum
1161 5380 1508 5449 deprecatur,
1545 5388 1606 5436 ut
1636 5381 1810 5435 Willi-

158 5463 340 5522 ranno
370 5457 426 5522 et
471 5451 721 5517 Otberto,
771 5453 865 5522 qui
913 5452 980 5507 ad
1032 5451 1216 5506 limina
1265 5451 1355 5506 SS.
1409 5453 1708 5508 Marcellini
1756 5458 1812 5508 et

159 5521 313 5578 Petri
361 5520 634 5592 fugerant,
668 5520 820 5579 liceat
866 5523 1069 5578 solvere
1108 5523 1467 5591 Wcrcgeldum
1507 5538 1606 5594 pro
1640 5524 1811 5592 fratre

1884 4471 2054 4536 Quem
2083 4469 2311 4524 vocibus
2349 4469 2792 4539 lacrymabilibus
2828 4470 2941 4524 Deo
2982 4477 3036 4524 et
3073 4475 3266 4524 sancto
3308 4470 3530 4523 Bertino

1885 4558 2094 4629 gratias
2139 4557 2464 4613 referentem
2517 4557 2715 4615 fratres
2744 4573 2775 4614 a
2805 4564 2953 4614 terra
2993 4558 3326 4623 levaverunt,
3368 4557 3530 4613 simul

1885 4648 2048 4702 etiam
2088 4648 2193 4716 ipsi
2231 4647 2444 4703 auctori
2483 4649 2594 4704 Deo
2625 4655 2680 4704 et
2719 4654 2953 4718 patrono
2991 4659 3092 4703 suo
3122 4647 3344 4703 Bertino
3375 4647 3534 4703 debi-

1886 4740 1970 4792 tas
1997 4741 2180 4807 grates
2207 4735 2508 4807 laudesque
2538 4735 2859 4793 referentes.

1885 4895 2000 4947 suo,
2043 4879 2137 4948 qui
2177 4879 2463 4950 quemdam
2512 4879 2722 4935 socium
2771 4893 2928 4934 suum
2975 4877 3274 4943 occiderat,
3307 4882 3356 4934 el
3394 4883 3447 4934 ut
3485 4879 3531 4933 ei

1886 4951 2115 5006 membra
2141 4949 2511 5022 perdonentur.
2547 4953 2609 5006 Et
2639 4952 2800 5020 epist.
2834 4949 2904 5002 25
2935 4964 3034 5020 pro
3073 4951 3181 5005 alio
3212 4952 3305 5022 qui
3337 4949 3529 5006 eodem

1887 5039 1946 5078 se
1995 5021 2282 5093 receperat
2334 5023 2632 5079 homicidio
2674 5027 3010 5091 perpetrato,
3043 5028 3097 5076 ut
3136 5021 3337 5076 indulta
3380 5037 3532 5093 mem-

1889 5094 2097 5150 brorum
2129 5091 2426 5163 integritate
2464 5094 2828 5164 rerberumque
2867 5109 3043 5164 paena,
3085 5093 3239 5148 liceat
3286 5093 3364 5147 illi
3392 5091 3533 5146 solu-

1891 5167 2028 5238 tione
2066 5167 2299 5237 pecunia:
2345 5180 2649 5238 componere
2696 5172 2850 5235 atque
2897 5165 3354 5238 entendarchuod
3393 5165 3532 5219 mala

1890 5233 2152 5292 voluntate
2181 5233 2470 5293 commisitf
2499 5239 2575 5292 Ex
2614 5233 2815 5306 quibus
2846 5243 2995 5306 patet
3038 5250 3147 5291 non
3180 5233 3403 5290 fortuita
3433 5248 3531 5290 so-

1894 5310 2026 5375 lum,
2066 5309 2163 5364 sed
2212 5310 2516 5364 voluntaria
2566 5309 2898 5375 homicidia;
2950 5322 3059 5362 non
3111 5320 3268 5376 pmna
3315 5306 3531 5375 capitis,

1891 5381 1988 5436 sed
2037 5380 2335 5437 levioribus
2383 5381 2562 5452 pinnis
2612 5379 2820 5452 expiari
2871 5386 2982 5433 tum
3022 5378 3204 5452 solita,
3242 5385 3535 5452 et__p(enas

1893 5452 2122 5508 diminui
2155 5452 2225 5509 ob
2256 5448 2569 5523 confugium
2609 5448 2826 5523 iujloca
2865 5455 3072 5505 sancta.
3105 5450 3246 5518 Lege
3277 5448 3533 5504 Miracula

1891 5525 1946 5579 S.
1980 5524 2155 5579 Bertae
2187 5521 2326 5578 infra
2366 5521 2591 5578 ad‘aun.
2625 5521 2750 5575 725.
