4096 6156
552 268 686 324 1103

723 394 851 447 CAP.
885 391 947 446 V.
983 391 1062 446 De
1090 389 1331 462 quadam‘
1350 386 1527 460 puella
1559 393 1828 444 contracta
1863 388 2010 461 (28).

616 479 802 536 Puella
821 479 1073 550 quaedam
1095 479 1164 533 de
1186 477 1386 532 familia
1408 477 1582 547 ipsius
1601 478 1800 545 sancti,
1823 478 1892 534 de
1914 478 2194 533 territorio

546 577 864 639 nuncupato
910 565 1294 636 Mellingasele,
1335 581 1364 620 a
1408 567 1670 636 primaevo
1717 572 1965 636 tempore
2012 566 2196 622 ofﬁcio

546 659 862 715 ambulandi
911 658 1132 727 penitus
1170 657 1398 726 privata,
1447 657 1522 710 ita
1566 663 1625 719 ut
1677 657 1766 712 vix
1802 657 2054 711 manibus
2102 670 2194 711 re-

550 748 731 819 pendo
789 747 964 817 spatia
1023 747 1332 801 necessaria
1388 746 1494 800 sibi
1553 747 1806 800 manibus
1863 752 2193 816 permearet,

549 846 742 896 octavo
775 836 1044 894 Kalendas
1081 836 1210 891 Julii
1251 837 1711 892 concurrentibus
1746 836 1950 892 nostris
1983 835 2198 904 provin-

547 929 778 985 cialibus
827 941 979 983 more
1028 926 1270 997 regionis
1308 926 1375 980 ad
1433 925 1779 981 festivitatem
1827 926 2054 981 Joannis
2101 927 2198 979 Ba-

548 1018 750 1088 ptistae,
793 1017 911 1086 ipsa
951 1029 1172 1086 quoque
1210 1014 1544 1070 adminiculo
1585 1015 2018 1070 necessariorum
2062 1013 2196 1069 fulta

545 1106 814 1163 interfuit.
867 1107 932 1161 Et
982 1119 1104 1160 cum
1159 1105 1371 1176 signum
1430 1093 1757 1174 vespertinae
1814 1104 2034 1174 synaxis
2083 1104 2194 1172 jam

551 1198 773 1253 tertium
821 1201 1066 1261 sonaret,
1115 1196 1234 1264 ipsa
1275 1193 1467 1263 procul
1516 1194 1584 1248 ab
1636 1193 1876 1248 Ecclesia
1908 1206 2195 1262 quousque

548 1287 867 1343 feminarum
900 1299 1156 1340 accessus
1186 1283 1368 1338 licitus
1399 1289 1501 1349 est,
1534 1298 1654 1338 sese
1686 1283 1741 1338 in
1781 1270 1980 1338 terram
2019 1282 2192 1347 dedit,

547 1381 603 1431 et
631 1373 1064 1443 omnipotentem
1096 1373 1381 1427 Dominum
1409 1387 1508 1441 per
1531 1372 1676 1427 beati
1699 1372 1798 1426 viri
1831 1371 2194 1441 patrocinium

549 1465 840 1536 propitiari
869 1465 974 1519 sibi
1007 1464 1427 1533 deprecabatur.
1461 1463 1763 1532 Statimque
1804 1462 2033 1518 horrore
2065 1476 2197 1519 con-

548 1568 732 1621 cusso,
766 1553 1022 1608 omnibus
1050 1553 1219 1622 cmpit
1249 1553 1508 1608 membris
1540 1552 1802 1619 distendi,
1833 1552 2194 1622 protinusque

549 1651 738 1713 erepta
778 1641 976 1712 pedum
1027 1643 1237 1711 recepit
1288 1641 1489 1707 officia,
1540 1641 1788 1696 Creatori
1843 1656 1942 1696 suo
1991 1643 2197 1711 gratias

1663 266 1991 322 FOLCARDI
2031 266 2330 322 MONACHI
2369 265 2786 322 SITHIVENSIS

2210 388 2348 448 Ade
2398 390 2732 444 monasterio
2772 387 3055 458 expellens
3102 387 3254 442 abire
3303 387 3571 456 permisit.
3615 390 3677 442 In
3727 389 3782 443 8.
3827 393 3934 442 Au-

3795 265 3934 318 1104

2279 478 2488 534 domari
2533 477 2634 549 (31)
2675 492 2896 548 quoque
2947 477 3300 541 monasterio,
3343 477 3436 532 ubi
3484 477 3820 548 regulariter
3858 480 3932 532 vi-

2278 575 2468 623 ventes
2505 567 2734 624 aderant
2773 566 3134 638 quadraginta
3180 565 3456 634 monachi,
3497 566 3727 638 triginta
3767 580 3931 622 cano-

2279 657 2434 712 nicos
2474 657 2674 712 ibidem
2707 657 2773 712 ad
2813 656 3161 711 serviendum
3198 655 3478 725 deputavit
3518 657 3574 710 in
3617 655 3931 711 ministerio

2278 745 2498 801 Christi.
2551 749 2617 801 At
2663 745 2910 815 posthaec
2953 746 3121 801 totius
3157 745 3391 801 abbatis:
3433 745 3713 800 circuiens
3751 745 3929 810 villas,

2279 843 2333 891 et
2371 837 2498 905 quia
2539 836 2742 905 duplex
2780 836 3028 891 exstabat
3077 835 3464 891 monachorum
3503 848 3795 899 numerus,
3833 835 3931 890 du-

2280 925 2421 995 plam
2463 926 2542 981 eis
2590 926 2897 996 portionem
2929 924 3176 980 villarum
3210 931 3294 980 est
3333 925 3600 996 largitus;
3643 927 3933 982 canonicis

2279 1020 2458 1069 autem
2507 1016 2634 1084 quia
2683 1017 2973 1084 pauciores
3021 1020 3178 1070 erant
3227 1029 3455 1070 numero
3494 1015 3694 1085 simpla
3737 1022 3934 1071 contra

2280 1103 2579 1159 monachos
2617 1110 2699 1159 est
2729 1104 2854 1159 data
2885 1104 3067 1174 portio
3102 1125 3114 1159 ;
3159 1104 3278 1174 ipse
3309 1119 3372 1159 ea
3403 1119 3524 1174 qua:
3555 1105 3664 1159 sibi
3699 1107 3932 1160 maxime

2280 1191 2621 1261 placuerant,
2681 1192 2747 1246 ad
2809 1207 2924 1247 suae
2987 1193 3365 1262 perversitatis
3414 1207 3572 1249 usum
3604 1195 3930 1249 reservavit.

2279 1283 2344 1337 Et
2364 1283 2491 1351 quia
2517 1282 2816 1338 canonicus
2845 1288 2981 1348 erat,
3009 1297 3130 1338 cum
3153 1284 3437 1338 canonicis
3467 1284 3518 1338 in
3552 1286 3608 1339 8.
3629 1284 3931 1338 Audomari

2280 1373 2612 1428 monasterio
2651 1372 2990 1428 saeculariter
3027 1373 3258 1428 vivebat.
3299 1373 3434 1440 Quid
3478 1375 3601 1443 plus
3637 1373 3812 1443 hujus
3841 1375 3932 1427 ab-

2279 1462 2421 1516 batis
2461 1461 2688 1516 referam
2729 1463 3045 1528 versutiam,
3078 1477 3200 1518 cum
3239 1462 3418 1518 veraci
3467 1476 3687 1532 possem
3729 1462 3929 1519 famine

2279 1549 2463 1606 dicere
2503 1551 2649 1606 hunc
2698 1550 2932 1620 primum
2974 1551 3082 1606 loci
3143 1551 3306 1620 hujus
3362 1566 3546 1607 casum
3606 1553 3928 1607 exstitisse?

2280 1639 2368 1694 hic
2407 1639 2567 1694 etiam
2617 1640 2916 1695 secundum
2956 1641 3252 1696 veridicam
3290 1642 3548 1696 Veritatis
3578 1655 3772 1696 vocem
3806 1657 3926 1696 cum

546 1745 733 1802 agens,
767 1731 860 1800 qui
891 1733 1008 1786 ea’m
1040 1732 1252 1786 meritis
1289 1731 1465 1786 sancti
1498 1733 1714 1802 patroni
1743 1730 1828 1786 sui
1860 1731 2066 1786 Bertini
2097 1731 2191 1787 diu
2212 1729 2368 1786 Balii
2400 1731 2762 1797 laborassent,
2796 1731 2852 1786 in
2901 1731 3120 1787 labores
3148 1745 3335 1787 eorum
3369 1731 3650 1796 introivit;
3698 1747 3805 1788 nec
3833 1747 3927 1788 so-

546 1827 750 1890 optatae
782 1820 1024 1875 reddidit
1049 1821 1267 1874 sanitati
1298 1820 1431 1891 ('29).

679 1909 808 1964 CAP.
844 1909 931 1964 Vl.
965 1908 1114 1974 Quod
1144 1909 1475 1991 Fridogis-us,
1499 1908 1742 1991 septimis
1770 1908 2054 1976 monachis,

1089 1986 1366 2034 canonicos
1404 1986 1646 2035 instituit.

617 2067 783 2125 Multa
821 2068 1043 2139 quidem
1087 2075 1141 2124 et
1171 2069 1274 2124 alia
1307 2069 1460 2139 signa
1501 2069 1629 2124 fecit
1675 2071 1833 2125 Iesus
1864 2084 1962 2140 per
1998 2069 2193 2124 merita

545 2156 884 2213 confessoris
938 2157 1023 2212 sui
1072 2157 1300 2225 Bertini,
1353 2173 1475 2228 quae
1527 2171 1636 2212 non
1695 2164 1824 2213 sunt
1873 2157 2079 2227 scripta
2136 2157 2192 2212 in

542 2247 686 2304 libro
735 2247 862 2304 hoc.
912 2249 1089 2315 Quare
1139 2252 1318 2303 autem
1371 2249 1740 2318 prmtermissa
1789 2254 1916 2303 sunt
1964 2248 2046 2303 vel
2096 2261 2194 2303 ne-

541 2337 742 2408 glecta,
776 2338 1112 2408 ignoramus,
1147 2337 1253 2392 nisi
1298 2335 1440 2393 forte
1492 2343 1720 2408 propter
1749 2337 2013 2393 incuriam
2047 2337 2190 2392 scri-

543 2433 783 2498 ptorum,
824 2427 909 2482 vel
960 2432 1189 2496 propter
1236 2428 1500 2482 maximas
1547 2428 1963 2498 persecutiones
2009 2432 2063 2482 et
2110 2428 2192 2482 in-

540 2516 925 2572 convenientia
973 2531 1096 2584 qua:
1145 2521 1276 2571 tunc
1324 2517 1590 2586 temporis
1636 2523 1824 2572 sancta
1872 2523 2045 2571 mater
2089 2517 2191 2572 Ec-

541 2604 729 2670 clesia,
771 2610 826 2659 et
866 2605 1095 2659 maxime
1144 2605 1198 2659 in
1249 2604 1356 2660 isto
1397 2605 1519 2660 loco
1569 2620 1724 2676 passa
1756 2611 1857 2660 est.
1911 2608 1951 2660 E
1990 2605 2190 2676 quibus

540 2693 796 2750 omnibus
835 2707 1001 2748 unum
1034 2693 1210 2749 solum
1253 2694 1656 2750 incommodum
1699 2709 1795 2749 seu
1829 2693 2189 2749 infortunium

538 2784 607 2840 ad
639 2791 986 2854 posterorum
1027 2783 1343 2840 memoriam
1393 2784 1483 2839 hic
1521 2784 1776 2839 duximus
1813 2784 2185 2840 inserendum.

536 2873 786 2929 Glorioso
835 2873 1003 2943 igitur
1059 2873 1392 2944 imperatore
1450 2873 1726 2930 Ludovico
1775 2875 1953 2929 Caroli
2013 2873 2186 2943 Magni

535 2970 700 3033 atque
749 2964 1098 3033 imperatoris
1156 2963 1267 3019 tilio
1315 2970 1601 3034 regnante,
1635 2979 1756 3018 cum
1809 2969 2036 3018 eatenus
2083 2963 2188 3018 hoc

2278 1819 2384 1875 lum
2421 1820 2685 1887 introivit,
2719 1821 2815 1875 sed
2849 1819 3008 1875 etiam
3044 1835 3166 1890 quae
3199 1820 3598 1886 laboraverant,
3632 1821 3930 1877 temeraria

2276 1910 2705 1980 praesumptione
2745 1910 3033 1965 destruxit.
3089 1910 3187 1964 Hic
3238 1911 3399 1965 etiam
3447 1908 3710 1966 fraternae
3751 1911 3928 1965 chari-

2275 2003 2405 2054 tatis
2436 1999 2721 2069 utriusque
2753 1999 3072 2055 monasterii
3103 1998 3418 2055 destructor
3447 2001 3682 2066 exstitit,
3715 1999 3843 2055 dum
3875 2007 3928 2054 et

2275 2089 2530 2144 monachi
2562 2089 2666 2144 sibi
2693 2090 2900 2157 justum
2931 2094 2987 2144 et
3011 2088 3079 2143 ab
3108 2089 3350 2158 antiquis
3379 2089 3633 2144 Patribus
3661 2089 3927 2143 traditum

2276 2179 2598 2234 reverentiae
2673 2180 2939 2234 honorem
3015 2179 3340 2243 vindicant,
3417 2179 3925 2248 canonicorumque

2274 2268 2673 2337 subjectionem
2712 2267 2817 2322 sibi
2863 2267 3135 2323 veraciter
3175 2266 3514 2333 defendunt;
3567 2272 3626 2322 et
3672 2267 3924 2322 canonici

2273 2357 2341 2412 ab
2400 2358 2520 2426 ipso
2568 2357 2766 2412 abbate
2814 2357 3084 2412 canonico
3135 2355 3312 2411 fallaci
3369 2357 3677 2412 assertione
3728 2357 3928 2426 princi-

2275 2452 2459 2516 patum
2490 2446 2558 2502 ad
2583 2461 2642 2502 se
2674 2447 3133 2502 monasteriorum
3167 2446 3442 2516 pertinere
3464 2445 3681 2501 dicunt.
3707 2447 3817 2500 Pro
3844 2445 3927 2500 his

2273 2535 2529 2590 omnibus
2567 2541 2622 2590 et
2661 2535 2891 2605 reliquis
2921 2535 3230 2605 tyrannidis
3267 2549 3379 2590 suae
3411 2535 3630 2590 actibus
3657 2533 3928 2590 hactenus

2273 2625 2684 2694 blasphematur
2720 2625 2788 2680 ab
2833 2625 3108 2692 omnibus,
3152 2639 3256 2680 nec
3294 2625 3519 2680 dubium
3569 2623 3928 2694 blasphema-

2271 2715 2422 2770 bitur
2450 2721 2504 2770 et
2532 2729 2562 2769 a
2592 2714 3040 2770 succedentibus.

2323 2823 2452 2876 CAP.
2490 2823 2597 2876 Vll.
2631 2824 2709 2876 De
2737 2821 3054 2891 subjectione
3083 2823 3449 2875 canonicorum
3480 2821 3545 2876 S.
3577 2820 3882 2876 Audoman'

2895 2894 3014 2947 huic
3041 2893 3292 2947 ecclesiae.

2342 2982 2555 3037 Mortuo
2593 2996 2723 3038 vero
2763 2981 2913 3037 dicto
2952 2981 3241 3052 Fridogiso
3279 2987 3477 3051 quarto
3517 2980 3750 3037 decimo
3791 2982 3926 3052 regi-

540 3052 826 3120 antiquum
868 3056 924 3104 et
953 3057 1084 3106 tunc
1123 3050 1307 3121 regale
1347 3052 1659 3107 cmuobium
1691 3067 1758 3106 ex
1787 3057 2033 3121 tempore
2064 3051 2186 3106 bea-

2278 3069 2430 3124 minis
2477 3085 2573 3126 seu
2614 3071 2798 3140 potius
2846 3050 3152 3140 tyrannidis
3197 3050 3312 3126 suae
3360 3083 3527 3136 anno,
3557 3073 3845 3127 successit
3863 3050 3924 3124 in

538 3139 736 3194 tissimi
785 3139 992 3193 Bertini
1045 3139 1289 3207 ejusdem
1350 3138 1658 3195 fundatoris
1713 3141 1978 3209 przecipui
2032 3154 2187 3196 sacra

538 3226 826 3283 monastici
867 3226 1080 3282 ordinis
1128 3227 1395 3297 religione
1445 3227 1735 3282 admodum
1777 3228 2184 3294 nobilitaretur,

537 3325 703 3387 atque
769 3317 1071 3372 secundum
1147 3317 1396 3373 instituta
1465 3331 1736 3374 canonum
1804 3317 2030 3374 fratrum
2096 3319 2187 3374 ad-

538 3408 765 3478 optione
812 3407 985 3478 ipsius
1028 3408 1268 3477 regimen
1317 3407 1814 3472 commendaretur,
1856 3409 2088 3479 contigit
2127 3415 2188 3464 ut

453 3499 462 3504 '
537 3496 760 3566 quidam
808 3495 1128 3566 Fridogisus
1179 3495 1284 3566 (30)
1331 3510 1532 3567 genere
1582 3496 1788 3567 Anglus
1826 3502 1882 3552 et
1920 3497 2088 3552 abbas
2127 3499 2180 3552 S.

538 3585 754 3640 Martini
805 3585 1039 3641 Turonis
1086 3599 1230 3642 anno
1288 3586 1448 3641 Verbi
1508 3586 1775 3641 incarnati
1835 3586 2184 3656 octingente-

539 3677 678 3731 simo
719 3675 1006 3745 vigesimo,
1046 3680 1102 3730 et
1150 3673 1362 3745 praafati
1419 3676 1566 3745 regis
1615 3675 1875 3730 Ludovici
1925 3676 2180 3745 septimo,

535 3764 809 3820 abbatiam
857 3764 1148 3819 Sithiensis
1195 3764 1436 3820 cmnobii
1476 3764 1624 3834 regia
1663 3764 1962 3820 donatione
2012 3765 2184 3820 susci-

538 3859 695 3923 peret
722 3853 1154 3924 gubernandam.
1184 3854 1285 3920 Qui
1316 3854 1370 3908 in
1403 3853 1561 3908 initio
1589 3854 1896 3923 tyrannidis
1925 3869 2039 3910 suae
2059 3868 2182 3909 cum

537 3950 793 3998 cerneret
823 3943 1094 3997 abbatiam
1125 3943 1431 3998 universam
1458 3949 1541 3998 tot
1571 3943 1962 4000 monachorum
1993 3944 2184 3998 usibus

535 4031 860 4101 delegatam,
906 4038 1098 4100 utputa
1151 4039 1367 4086 centum
1410 4037 1466 4087 et
1517 4032 1741 4102 triginta
1789 4032 2182 4088 monachorum

537 4119 684 4174 inter
710 4124 942 4188 utraque
973 4121 1303 4174 monasteria
1335 4122 1389 4174 S.
1414 4121 1619 4175 Bertini
1651 4121 1865 4176 scilicet
1895 4122 2181 4190 sanctique

538 4207 832 4264 Audomari
881 4208 1217 4279 degentium,
1262 4208 1507 4278 nihilque
1563 4223 1783 4264 suarum
1842 4209 2182 4278 voluptatum

538 4297 728 4354 usibus
765 4304 1206 4370 sequestratum;
1264 4299 1505 4354 aVaritiae
1541 4297 1726 4368 jaculo
1774 4305 2031 4365 emeatus,
2068 4313 2185 4354 mo-

2270 3159 2512 3228 regimen
2545 3161 2782 3216 emnobii
2825 3162 2978 3232 Hugo
3008 3159 3339 3215 venerabilis
3376 3159 3520 3214 filius
3548 3160 3746 3216 Caroli
3789 3160 3926 3230 regis

2270 3250 2449 3319 magni
2498 3256 2553 3305 et
2601 3249 2769 3306 frater
2817 3251 3078 3306 Ludovici
3129 3250 3380 3305 Caesaris.
3422 3251 3522 3316 Qui
3575 3251 3745 3321 Hugo
3786 3264 3923 3305 anno

2271 3337 2539 3392 incarnati
2573 3339 2734 3394 Verbi
2766 3339 3226 3409 octingentesimo
3266 3339 3692 3409 quadragesimo
3730 3349 3920 3409 quarto

2269 3427 2572 3482 condolens
2619 3427 3007 3484 infelicissimae
3066 3435 3121 3483 et
3173 3429 3494 3484 miserrimae
3551 3427 3827 3484 divisioni
3873 3436 3922 3483 et

2269 3515 2579 3572 discissioni
2611 3517 2940 3572 venerabilis
2987 3517 3280 3572 Sithiensis
3309 3517 3549 3572 cmnobii
3581 3517 3656 3571 ab
3696 3516 3921 3572 infando

2268 3607 2554 3677 Fridogiso
2601 3605 2779 3673 factae,
2814 3621 2843 3660 a
2874 3607 3077 3662 domno
3119 3607 3379 3663 Folovino
3407 3614 3539 3662 tunc
3579 3608 3920 3664 Morinorum

2267 3696 2567 3751 venerabili
2624 3697 2869 3751 antistite
2926 3697 3188 3752 unitatem
3240 3697 3622 3753 coenobiorum
3687 3699 3918 3766 pristino

2268 3799 2418 3840 more
2466 3784 2750 3840 reformari
2793 3787 3148 3856 impetravit:
3191 3787 3338 3856 quod
3388 3794 3442 3841 et
3490 3785 3792 3856 privilegio
3839 3787 3918 3841 fir-

2267 3875 2400 3929 mari
2432 3873 2580 3930 fecit.
2621 3876 2793 3944 Hujus
2822 3881 3001 3930 autem
3035 3875 3304 3946 privilegii
3336 3876 3441 3930 hoc
3471 3881 3554 3930 est
3595 3877 3915 3946 exemplar:

2486 3964 2778 4035 Exemplar
2805 3964 3000 4020 charta:
3028 3965 3091 4021 S.
3119 3963 3360 4036 Folquini
3389 3965 3453 4019 de
3481 3964 3686 4020 eodem.

2337 4055 2448 4124 Ego
2499 4054 2801 4123 Folquinus
2837 4055 2932 4110 Dei
2979 4055 3153 4125 gratia
3210 4055 3543 4110 Morinorum
3592 4055 3914 4124 episcopus.

2266 4143 2520 4199 omnibus
2567 4143 2822 4199 fidelibus
2877 4151 2986 4199 tam
3043 4143 3242 4199 futuris
3297 4158 3458 4214 quam
3517 4145 3912 4213 praesentibus.

2265 4231 2478 4303 Reliqua
2541 4233 2656 4287 vide
2711 4233 2764 4286 in
2838 4232 3170 4289 Chartulario
3245 4232 3530 4305 Folqtu’ni,
3596 4232 3916 4302 Patrolog'ic

2263 4325 2385 4374 tom.
2426 4321 2694 4388 CXXXVI,
2735 4320 2835 4376 col.
2887 4321 3038 4377 I223.

535 4388 835 4444 nachorum
883 4388 1231 4459 impudenter
1261 4395 1435 4444 tentat
1463 4389 1623 4444 vitam
1664 4388 1969 4454 destruere,
2003 4395 2061 4443 ut
2091 4384 2186 4443 res

2278 4411 2394 4465 ΞΑΡ.
2445 4410 2578 4465 Vlll.
2648 4384 2725 4464 De
2789 4409 3132 4466 translatione
3194 4412 3302 4466 sive
3365 4409 3623 4466 relatione
3682 4412 3751 4467 S.
3815 4415 3912 4466 .4:-

535 4491 725 4533 eorum
773 4479 964 4534 usibus
997 4494 1027 4534 a
1075 4478 1328 4534 fidelibus
1378 4477 1608 4533 traditas
1655 4492 1768 4533 suae
1810 4477 2045 4533 lasciviae
2086 4492 2179 4547 po-

535 4564 731 4622 tuisset
760 4565 976 4623 facilius
997 4567 1329 4638 mancipare.
1359 4566 1514 4634 Quod
1535 4565 1807 4622 diabolica
1828 4567 2179 4636 suggestione

532 4663 714 4712 mente
755 4663 1105 4727 conceptum,
1140 4655 1373 4712 nefanda
1411 4662 1495 4711 est
1523 4656 1592 4710 ab
1633 4656 1727 4710 illo
1768 4656 2178 4725 perpetratione

531 4751 834 4815 peractum.
862 4747 994 4801 Nam
1025 4747 1080 4800 in
1112 4746 1399 4815 capitaneo
1431 4743 1804 4814 apostolorum
1836 4759 1931 4799 seu
1962 4747 2016 4800 8.
2042 4746 2177 4800 Ber-

531 4835 632 4890 tini
662 4835 808 4902 loco,
842 4835 935 4890 ubi
965 4835 1243 4905 octoginta
1274 4839 1329 4889 et
1367 4841 1478 4889 tres
1509 4834 1761 4889 monachi
1794 4833 2178 4890 deserviehant

531 4923 782 4986 Domino.
832 4923 1113 4994 sexaginta
1161 4937 1260 4992 pro
1309 4923 1545 4977 humana
1592 4923 1778 4992 potius
1825 4921 1984 4978 laude
2015 4937 2175 4992 quam

531 5028 632 5084 pro
679 5013 775 5070 Dei
823 5027 1010 5069 amore
1057 5013 1322 5081 retinuit;
1382 5013 1628 5082 reliquos
1666 5012 2022 5068 districtioris
2050 5014 2177 5067 vitae

527 5103 695 5170 viros,
727 5116 869 5173 quos
897 5116 1010 5158 suae
1061 5102 1407 5172 perversitati
1450 5102 1658 5171 putavit
1690 5115 1799 5156 non
1838 5101 2174 5166 consentire,

601 5207 706 5282 (28)
749 5209 826 5264 Ex
855 5209 1083 5282 antiquo
1112 5211 1419 5282 Anonymo.

617 5279 703 5349 29)
742 5282 843 5336 llic
873 5281 1077 5336 desinit
1106 5281 1280 5349 antiq.
1313 5283 1648 5349 Anonymus.

610 5279 688 5333 ⁷29
742 5282 843 5336 llic
873 5281 1077 5336 desinit
1106 5281 1280 5349 antiq.
1313 5283 1648 5349 Anonymus.

598 5279 706 5421 ξιιοζ
748 5354 847 5407 llic
895 5359 979 5407 est
1025 5351 1346 5421 Fridogisus
1394 5353 1489 5420 qui
1539 5352 1594 5405 in
1644 5349 1892 5420 catalogo
1946 5348 2171 5406 fratrum

526 5423 964 5493 conscriptorum
1008 5423 1324 5479 monasterii
1377 5425 1432 5478 S.
1473 5422 1608 5477 Galli
1665 5421 1809 5490 apud
1857 5422 2171 5477 Goldastum

526 5501 858 5549 memoratur
877 5510 999 5551 cum
1031 5495 1154 5550 aliis
1184 5493 1471 5549 monachis
1500 5493 1568 5548 de
1599 5493 1911 5548 monasterio
1937 5495 1999 5548 S.
2027 5496 2173 5548 Mar-

526 5563 621 5616 tini
670 5567 909 5620 Turonis.
962 5568 1174 5636 Ergone
1223 5572 1335 5620 tum
1379 5566 1502 5620 istic
1550 5571 1707 5620 erant
1756 5565 2006 5620 monachi
2049 5580 2168 5620 cum

2973 4483 3197 4537 domari.

2332 4570 2442 4624 Sub
2480 4570 2582 4625 hac
2634 4576 2958 4640 tempestate
3010 4571 3320 4627 invenimus
3360 4571 3433 4626 ita
3480 4571 3816 4626 adnotatum
3864 4571 3908 4625 in

2261 4658 2852 4715 decemnovennalibus
2906 4674 3172 4716 annorum
3223 4661 3520 4716 Dominicaz
3576 4662 3910 4723 Nativitatis,

2261 4749 2410 4817 quod
2460 4756 2542 4803 est
2591 4749 3048 4820 octingentesimo
3088 4749 3506 4819 quadragesimo
3545 4751 3743 4815 tertio,
3779 4749 3911 4805 indi-

2261 4838 2443 4894 ctione
2491 4844 2663 4904 sexta,
2707 4838 2854 4908 quod
2909 4845 3196 4909 postquam
3247 4840 3400 4910 Hugo
3440 4838 3612 4893 abbas
3647 4841 3764 4908 jam
3812 4854 3909 4894 me-

2260 4935 2522 4995 moratus,
2556 4935 2782 4998 excepta
2823 4943 2984 4983 causa
3017 4943 3179 4998 quam
3218 4927 3419 4994 refero,
3451 4929 3534 4982 vir
3573 4943 3680 4998 per
3718 4937 3908 4984 cuncta

2259 5017 2569 5085 laudabilis,
2604 5018 2784 5073 locum
2816 5017 2961 5072 hunc
2991 5033 3090 5073 sua
3119 5019 3516 5074 constitutione
3558 5017 3913 5074 laudabiliter

2257 5107 2540 5175 stabilivit,
2583 5121 2688 5177 qua
2737 5112 2792 5162 et
2837 5108 3136 5163 canonicos
3181 5109 3234 5162 S.
3284 5107 3579 5162 Audomari
3628 5108 3910 5163 monachis

2259 5214 2586 5270 canonicis?
2640 5214 2740 5270 Hic
2798 5215 3007 5284 primus
3063 5215 3231 5270 abbas
3287 5213 3569 5270 saecularis
3625 5215 3907 5270 Sithiven-

2257 5287 2758 5410 sium,”canonicus
2802 5285 3094 5354 saecularis,
3154 5287 3333 5356 inquit
3391 5287 3634 5340 Joannes
3700 5287 3909 5355 lperius

2257 5371 2378 5410 can.
2487 5398 2500 5410 .

2257 5371 2378 5426 cap.
2419 5371 2500 5410 11.

2329 5428 2430 5498 (31)
2481 5429 2716 5484 Primum
2775 5431 2830 5485 S.
2882 5430 3084 5496 Mariae,
3135 5441 3246 5499 quo
3293 5429 3362 5484 de
3419 5429 3767 5484 monasterio
3821 5441 3908 5484 seu

2256 5499 2489 5555 ecclesia
2524 5501 2640 5570 lege
2674 5503 2808 5557 Vitae
2840 5515 2959 5570 cap.
2993 5502 3048 5556 6.
