4096 6156
183 361 310 418 1105

1290 359 1637 416 MIRACULA
1673 362 1730 416 S.
1772 360 2063 416 BERTINI.
2103 388 2176 401 -—
2210 360 2338 415 LIB.
2380 360 2423 414 Ι.

3422 359 3556 417 1106

176 492 228 547 8.
292 485 499 545 Bertini
564 483 729 541 etiam
794 496 898 553 per
961 482 1393 554 descriptionem
1459 484 2058 555 capitularemAtione
2088 484 2261 555 ipsius
2308 486 2553 556 regimen
2600 484 3102 552 commendaretur,
3141 485 3359 543 cuidam
3390 499 3558 545 cano-

173 582 313 650 juste
360 574 694 647 subjugavit,
752 573 1193 644 monachumque
1249 575 1318 630 ab
1372 573 1625 631 inferiori
1699 589 1822 632 mo-
1905 576 2032 631 nico
2067 588 2271 646 genere
2308 575 2504 646 Anglo,
2536 575 2825 647 Fridogiso
2864 575 3108 644 nomine,
3157 583 3219 632 ut
3254 577 3365 646 jam
3406 590 3555 647 pra:-

179 668 414 725 nasterio
452 665 521 721 ad
569 665 625 720 S.
663 662 960 719 Audomari
1008 663 1314 719 custodiam
1375 668 1455 732 (ut
1509 678 1676 736 supra
1732 664 1823 721 di-

179 765 318 816 ctum
348 757 452 829 est)
483 754 794 826 deputavit;
817 752 1093 821 diabolica
1122 753 1319 825 sagitta
1345 754 1645 825 jacultatus
1678 755 1821 827 (sic),

178 848 343 920 ctepit
400 845 715 923 excogitare
743 843 983 913 qualiter
1010 844 1065 898 S.
1087 843 1383 899 Audomari
1414 857 1637 915 corpus,
1669 846 1826 916 cujus

178 953 279 1009 ope
316 943 373 994 et
409 935 615 993 auxilio
654 948 762 990 una
792 947 916 990 cum
955 932 1133 989 sodali
1162 947 1263 990 suo
1310 934 1535 991 Bertino
1588 936 1826 991 Tarven-

179 1029 331 1085 nicus
378 1027 718 1098 gubernatur
762 1022 1024 1094 populus,
1082 1023 1408 1079 Vermandis
1436 1025 1503 1080 ad
1544 1026 1600 1080 S.
1653 1024 1824 1092 Quin-

178 1118 274 1173 tini
312 1115 729 1178 monasterium,
770 1113 1031 1182 quoniam
1060 1111 1168 1167 hoc
1226 1113 1406 1182 ipsum
1459 1113 1823 1184 gubernabat,

179 1211 361 1278 posset
391 1204 609 1261 deferre
647 1201 997 1273 quantocius.
1039 1203 1287 1257 Metuens
1336 1207 1517 1259 tamen
1564 1203 1826 1257 animosi—

177 1300 338 1351 tatem
378 1293 578 1364 plebis,
640 1297 973 1362 congregata
1028 1291 1513 1347 Vermandensium
1572 1291 1825 1347 multitu-

176 1383 323 1449 dine,
365 1387 539 1439 tentat
576 1381 628 1437 vi
668 1381 1010 1449 abstrahere,
1050 1380 1096 1435 si
1154 1380 1337 1436 forsan
1396 1380 1759 1450 impediretur
1795 1395 1825 1436 a

178 1472 356 1543 plebe.
386 1471 635 1528 Accessit
676 1470 920 1538 interim,
967 1474 1024 1525 et
1069 1470 1340 1526 monacho
1389 1469 1627 1540 quodam
1673 1472 1825 1527 Moro

175 1561 395 1617 nomine
426 1566 648 1617 extante
677 1558 931 1625 custode,
980 1572 1199 1615 sacrum
1247 1559 1423 1615 sancti
1460 1559 1716 1630 praesulis
1761 1574 1826 1616 ac

176 1650 391 1720 patroni
431 1649 608 1706 nostri
649 1662 854 1718 corpus
899 1661 1144 1714 sumens,
1200 1647 1383 1703 villam
1440 1663 1617 1719 usque
1670 1651 1824 1705 Lies-

173 1739 447 1809 gensburtz
485 1738 707 1809 (Iperio,
747 1735 988 1807 Lisburg}
1032 1738 1253 1795 nomine
1300 1753 1422 1794 cum
1471 1753 1570 1794 sua
1616 1739 1824 1809 depor-

1908 664 2114 720 dictum
2146 668 2252 731 est,
2279 663 2336 719 in
2366 664 2692 720 beneﬁcium
2724 663 2863 735 proh
2895 664 3093 721 dolor!
3146 666 3354 733 datum,
3403 679 3435 721 a
3473 670 3557 722 to-

1906 753 2017 808 tius
2062 757 2267 808 sanctae
2314 752 2601 823 religionis
2649 753 2890 809 candore
2942 767 3307 820 marcescere,
3357 754 3414 810 in
3464 768 3559 810 ex-

1907 846 2054 897 teras
2083 855 2277 898 manus
2306 841 2586 909 devenire,
2619 848 2676 899 et
2721 843 2985 899 minorari
3024 858 3056 899 a
3112 858 3210 899 sua
3266 844 3436 913 coepit
3472 844 3559 899 in-

1907 932 2183 1003 tegritate.
2261 932 2506 1003 Denique
2552 946 2839 988 numerum
2898 932 3296 989 monachorum
3351 933 3554 989 ibidem

1907 1022 2287 1090 militantium,
2357 1023 2450 1092 qui
2517 1022 2799 1093 octoginta
2856 1027 2970 1078 tres
3032 1027 3209 1089 erant,
3278 1022 3556 1090 dimiuuit,

1907 1112 2066 1168 villas
2096 1117 2152 1167 et
2180 1110 2448 1168 fertiliora
2497 1112 2705 1182 praedia
2733 1112 2905 1168 victui
2944 1112 3337 1169 monachorum
3378 1111 3557 1182 depu-

1909 1207 2019 1257 tata
2051 1201 2106 1256 in
2139 1200 2440 1257 dominium
2472 1202 2578 1257 sibi
2618 1202 2934 1271 usurpavit;
2987 1203 3379 1258 monasterium
3427 1215 3558 1257 vero

1909 1293 1963 1347 S.
1996 1291 2291 1348 Audomari
2323 1291 2471 1361 quod
2511 1305 2634 1346 cum
2682 1292 3018 1349 monasterio
3065 1293 3119 1347 S.
3160 1291 3368 1348 Bertini
3412 1291 3557 1347 idem

1908 1385 2046 1449 erat,
2087 1381 2309 1451 penitus
2365 1381 2582 1449 evertit,
2640 1381 2899 1452 quoniam
2950 1380 3313 1452 quadraginta
3370 1394 3560 1438 mona-

1908 1471 2029 1527 chis
2057 1470 2373 1539 eliminatis,
2414 1471 2640 1543 triginta
2670 1472 2969 1529 canonicos
3006 1470 3132 1528 loco
3180 1484 3373 1527 eorum
3420 1471 3561 1526 sub-

1907 1561 2110 1628 stituit,
2141 1562 2471 1631 tertiamque
2504 1567 2714 1631 partem
2743 1561 2986 1617 omnium
3025 1561 3298 1618 bonorum
3326 1560 3397 1616 ad
3443 1574 3562 1617 mo-

1909 1651 2209 1706 nasterium
2269 1653 2323 1707 S.
2384 1650 2588 1706 Bertini
2646 1651 3063 1721 pertinentium,
3122 1664 3312 1706 eorum
3367 1649 3560 1706 usibus

1908 1740 2209 1809 deputavit.
2239 1740 2376 1807 Quid
2418 1740 2585 1811 igitur
2611 1741 2714 1797 iste
2745 1740 2893 1797 aliud
2938 1755 3101 1811 quam
3148 1740 3314 1811 hujus
3360 1753 3558 1797 mona-

174 1829 305 1885 tavit
342 1828 715 1885 multitudine.
758 1827 855 1882 Dei
894 1831 1075 1882 autem
1125 1827 1472 1896 providentia
1521 1824 2054 1898 operante,Bsterii
2088 1824 2359 1899 ﬂagellum
2391 1827 2538 1884 fuit?
2575 1829 2669 1899 qui
2700 1830 2865 1885 etiam
2905 1844 2935 1884 a
2986 1831 3045 1884 B.
3086 1829 3308 1885 Bertino
3358 1829 3413 1884 in
3461 1843 3563 1885 nu-

174 1920 358 1977 triduo
399 1919 456 1974 in
495 1917 720 1989 praefata
749 1916 876 1972 villa
917 1921 1236 1972 manserunt
1282 1931 1405 1973 cum
1457 1922 1672 1974 sacrato
1703 1931 1826 1974 cor-

174 2024 328 2081 pore.
358 2007 516 2076 Quod
546 2021 669 2063 cum
700 2011 892 2063 sancto
934 2005 1156 2076 praesuli
1196 2005 1466 2077 Folquino
1515 2006 1823 2063 nuntiatum

173 2104 339 2165 esset,
388 2112 514 2154 cum
572 2097 803 2152 maxima
850 2094 1201 2151 multitudine
1261 2095 1450 2166 populi
1511 2111 1611 2166 per
1649 2101 1822 2153 totum

173 2189 415 2248 triduum
454 2186 771 2258 congregati
829 2186 1141 2256 insequitur
1197 2185 1522 2257 praedictum
1571 2186 1822 2243 abbatem

172 2293 293 2334 cum
323 2277 440 2334 suis
478 2291 652 2347 usque
681 2276 751 2331 ad
789 2276 969 2331 villam
1009 2268 1266 2345 superius
1313 2275 1648 2332 nominatam
1699 2291 1822 2333 cum

172 2368 321 2425 omni
349 2366 723 2423 festinatione.
755 2367 823 2421 At
860 2365 1273 2436 illi-gestientes
1322 2379 1525 2435 corpus
1573 2372 1822 2422 sanctum

171 2457 465 2513 sustollere
501 2445 822 2527 fugamque
876 2455 1041 2520 inire,
1100 2454 1250 2510 nulla
1307 2455 1415 2510 hoc
1471 2454 1823 2510 multitudine

168 2561 397 2616 prorsus
425 2545 679 2602 valebant
706 2559 737 2600 a
777 2551 924 2601 terra
957 2544 1157 2600 levare.
1200 2546 1350 2600 Tunc
1397 2545 1604 2615 absque
1653 2550 1827 2601 retar-

169 2636 395 2691 datione
457 2635 625 2691 ullius
656 2642 659 2645 '
690 2634 965 2691 commodi
1022 2633 1335 2691 accelerant
1389 2633 1569 2706 fugam
1627 2635 1821 2691 relicto

170 2739 405 2795 corpore
445 2726 657 2792 sancti;
710 2726 905 2780 beatus
953 2729 1133 2779 autem
1192 2723 1492 2793 Folquinus
1540 2724 1677 2780 dans
1714 2724 1825 2779 illis

172 2815 353 2871 locum
383 2813 651 2885 fugiendi,
683 2815 966 2884 accipiens
995 2814 1312 2870 thesaurum
1347 2812 1470 2884 (32)
1506 2812 1639 2870 illud
1674 2814 1822 2869 omni

169 2919 305 2961 auro
371 2904 850 2974 pretiosissimum,
887 2905 1122 2975 repetito
1170 2903 1309 2959 calle
1366 2906 1488 2958 cam
1534 2908 1651 2960 tota
1698 2905 1819 2974 ple-

171 2995 319 3050 bium
352 2993 703 3049 multitudine
743 2993 1079 3063 reportavit;
1115 2998 1169 3048 et
1216 3006 1534 3062 prmcavens
1571 2993 1627 3049 in
1677 2992 1820 3049 futu-

170 3098 288 3140 rum
321 3097 391 3139 ne
430 3083 588 3153 parili
621 3083 785 3138 modo
825 3087 920 3139 aut
957 3082 1065 3139 alio
1105 3082 1300 3153 quovis
1347 3083 1569 3153 ingenio
1617 3097 1820 3154 corpus

167 3171 479 3228 auferretur
541 3177 828 3233 sanctum.
898 3172 1033 3228 illud
1094 3172 1148 3226 in
1208 3171 1384 3227 insula
1441 3172 1616 3228 Sitltiu
1666 3174 1822 3243 juxta

167 3276 377 3332 corpus
402 3262 462 3316 B.
493 3263 702 3317 Bertini
728 3262 830 3317 sub
872 3268 1017 3318 terra
1057 3260 1391 3319 recondidit.

165 3354 299 3409 Car.
334 3354 424 3408 IX.
467 3351 707 3421 Qualiter
754 3367 944 3424 corpus
993 3352 1187 3424 Patris
1215 3354 1383 3409 nostri
1428 3352 1633 3407 Bertini
1678 3368 1711 3407 a
1760 3353 1818 3409 S.

534 3423 790 3494 Folquino
814 3422 986 3495 primo
1018 3422 1333 3479 translatum
1363 3429 1460 3480 est.

237 3514 467 3584 Legitur
494 3514 549 3568 in
579 3513 744 3583 hujus
781 3512 891 3568 loci
932 3512 1170 3568 archivis
1207 3512 1446 3582 publicis
1490 3512 1639 3581 quod
1689 3527 1823 3568 san-

162 3609 290 3657 ctus
322 3602 628 3673 Folquinus
655 3607 861 3659 nostra:
890 3602 1041 3657 sedis
1089 3602 1383 3673 episcopus
1425 3602 1608 3673 (cujus
1656 3602 1817 3659 etiam

163 3706 374 3761 corpus
401 3692 612 3762 magnis
636 3691 854 3747 celebre
902 3692 1199 3746 virtutibus
1228 3691 1284 3745 in
1316 3692 1419 3745 hac
1448 3691 1686 3761 quiescit
1734 3704 1821 3745 ec-

162 3780 339 3835 clesia
382 3779 502 3850 (33)
560 3784 842 3851 grassante
894 3781 1020 3852 igne
1070 3786 1126 3835 et
1163 3778 1309 3835 ferro
1366 3781 1638 3835 Danorum
1694 3779 1819 3833 bar-

162 3870 323 3924 barie
353 3883 454 3939 per
481 3869 603 3923 loca
640 3870 933 3936 maritima,
969 3868 1132 3938 paulo
1171 3873 1297 3923 ante
1327 3868 1468 3923 hanc
1497 3868 1819 3923 vastationis

159 3959 314 4014 diem
346 3972 549 4028 corpus
576 3960 630 4014 S.
666 3958 871 4013 Bertini
901 3962 1052 4013 certa
1090 3958 1181 4013 die
1220 3958 1322 4012 sub
1370 3963 1516 4013 terra
1556 3956 1817 4012 recondi-

159 4048 335 4103 derit.
366 4048 521 4115 Quod
563 4047 783 4117 quando
831 4047 1098 4117 quibusve
1137 4061 1205 4101 ex
1250 4047 1431 4102 causis
1468 4045 1681 4113 fecerit,
1730 4046 1815 4100 vel

158 4137 413 4207 quandiu
462 4138 564 4193 sub
595 4142 742 4194 terra
793 4143 899 4192 tam
939 4151 1094 4191 sacra
1144 4136 1387 4191 membra
1426 4135 1705 4200 latuerint,
1747 4136 1814 4191 ad

160 4227 385 4283 laudem
415 4227 510 4282 Dei
543 4232 596 4283 et
626 4227 892 4283 honorem
922 4226 1087 4296 hujus
1115 4226 1290 4282 sancti
1338 4227 1632 4296 perpaucis
1676 4235 1813 4297 ape-

158 4318 393 4372 riamus.
424 4316 676 4373 Glorioso
716 4315 883 4386 igitur
928 4315 1260 4384 imperatore
1312 4315 1587 4372 Ludovico
1634 4315 1815 4372 Caroli

154 4407 349 4476 magni
382 4420 538 4475 teque
568 4405 916 4475 imperatoris
943 4404 1057 4460 ﬁlio
1088 4410 1373 4474 regnante,
1424 4419 1548 4460 cum
1588 4410 1816 4460 eatenus

1908 1932 2060 1974 mero
2100 1918 2358 1973 abbatum
2408 1918 2605 1975 merito
2660 1918 2987 1975 undecimus
3037 1920 3259 1987 extitit;
3317 1918 3447 1990 quia
3505 1919 3561 1975 in

1907 2021 1975 2064 eo
2006 2007 2154 2078 quod
2195 2022 2260 2064 ea
2293 2022 2417 2078 qua:
2446 2022 2477 2062 a
2509 2008 2698 2064 decem
2739 2007 3249 2079 praedecessoribus
3276 2008 3393 2065 suis
3421 2008 3562 2065 bene

1907 2097 2160 2153 ordinata
2216 2095 2434 2153 fuerant
2497 2098 2693 2153 evertit
2758 2098 3008 2170 decalogi
3071 2102 3247 2155 metas
3302 2098 3559 2154 excessit.

1906 2187 2138 2242 Tantilla
2167 2201 2297 2244 vero
2327 2187 2449 2243 haec
2502 2187 2708 2243 nostris
2755 2189 3002 2259 tetigisse
3035 2187 3291 2251 sufﬁciat,
3350 2191 3409 2243 ut
3444 2187 3562 2258 qui-

1906 2276 2011 2331 bus
2052 2276 2297 2347 peccatis
2347 2291 2378 2332 a
2434 2277 2753 2333 sanctuario
2792 2278 2890 2333 Dei
2946 2277 3155 2333 exortis
3210 2281 3361 2333 tanta
3417 2275 3558 2332 mala

1908 2370 2398 2432 consurrexerunt,
2439 2379 2503 2420 ac
2540 2366 2744 2435 quibus
2780 2366 3105 2436 urgentibus
3153 2367 3335 2421 causis
3380 2365 3558 2421 sancti

1906 2467 2110 2524 corpus
2138 2453 2430 2524 margarita
2478 2454 2765 2510 recondita
2815 2454 2907 2521 sit,
2949 2453 3292 2510 manifestius
3349 2458 3555 2525 pateat.

2145 2544 2276 2599 CAP.
2309 2545 2375 2599 Χ.
2406 2545 2484 2599 De
2512 2543 2766 2599 divisione
2791 2544 2941 2614 regni
2967 2545 3310 2600 Francorum.

1976 2635 2312 2705 lmperatore
2342 2633 2573 2704 praefato
2604 2634 2909 2691 decedente
2956 2648 2987 2690 a
3024 2634 3253 2700 saeculo,
3292 2633 3389 2690 ﬁlii
3437 2635 3558 2705 ejus

1906 2725 2218 2793 Lotharius,
2250 2725 2562 2782 Ludovicus
2609 2730 2665 2781 et
2718 2725 2967 2791 Carolus,
3007 2725 3208 2796 singuli
3267 2731 3554 2796 paternum

1904 2816 2192 2886 imperium
2233 2814 2474 2871 aemulati
2504 2829 2631 2871 mox
2667 2815 2735 2871 ab
2766 2816 2997 2871 invicem
3038 2815 3334 2871 dissentire
3372 2802 3558 2886 coepe-

1904 2908 2053 2960 runt.
2104 2904 2345 2961 Tandem
2375 2918 2510 2975 pace
2548 2903 2713 2972 facta,
2771 2906 3106 2961 Francorum
3158 2918 3388 2977 regnum
3445 2905 3552 2960 sibi

1903 2996 2228 3062 diviserunt,
2262 3000 2504 3065 tuncque
2543 3001 2747 3051 nostra:
2777 3005 2964 3065 partes
3010 2994 3311 3051 orientales
3355 2994 3553 3052 Carolo

1901 3085 2017 3156 regi
2084 3090 2388 3141 cesserunt.
2455 3086 2622 3155 Cujus
2687 3085 2840 3155 pacis
2903 3085 3134 3141 obtentu
3207 3098 3553 3156 nequaquam

1842 3156 2042 3232 Cmala
2071 3175 2396 3242 desierunt;
2430 3174 2529 3232 sed
2562 3174 2690 3230 dum
2721 3173 2954 3245 singulis
2983 3189 3084 3245 per
3133 3173 3349 3245 singula
3387 3188 3555 3244 regna

1903 3264 2226 3334 principari,
2284 3279 2456 3336 seque
2512 3263 2814 3320 secundum
2868 3268 3149 3333 paternam
3194 3261 3555 3334 magniﬁcen-

1902 3355 2033 3410 tiam
2091 3354 2368 3425 protelare
2418 3354 2668 3424 cupiunt,
2727 3367 2848 3408 sese
2886 3366 3094 3422 suaque
3150 3351 3555 3408 confundentes

1901 3443 2189 3514 dejiciunt.
2878 3508 2881 3511 η

1900 3534 2033 3589 CAP.
2096 3532 2185 3586 XI.
2228 3527 2584 3600 Qualiter_S.
2643 3525 2930 3600 Folquinus
2957 3542 3171 3600 corpus
3227 3529 3292 3585 S.
3351 3529 3555 3584 Bertini

2414 3598 2510 3655 sub
2539 3604 2682 3655 terra
2718 3598 3032 3655 recondidit.

1972 3693 2253 3763 Regnante
2311 3688 2506 3746 eodem
2563 3687 2782 3750 Carolo,
2843 3688 3010 3744 tertio
3066 3688 3349 3758 regiminis
3400 3689 3549 3745 Ada-

1901 3779 2039 3836 lardi
2085 3781 2185 3850 (34)
2243 3780 2457 3835 abbatis
2503 3793 2669 3845 anno,
2712 3778 2974 3849 praefatus
3029 3778 3232 3849 praesul
3288 3780 3550 3835 emeritos

1898 3869 2075 3925 sancti
2133 3869 2339 3923 Bertini
2397 3873 2549 3923 artus
2602 3881 2746 3924 anno
2804 3869 3103 3924 Dominica:
3149 3867 3552 3926 lncarnationis

1899 3959 2359 4030 octingentesimo
2463 3958 2885 4028 quadragesimo
2976 3963 3172 4025 sexto,
3261 3958 3549 4015 secretiori

1898 4064 2058 4120 quam
2114 4050 2269 4120 prius
2313 4046 2492 4104 fuerat
2529 4047 2655 4104 loco
2709 4049 2847 4104 mire
2905 4049 3271 4118 compositum
3325 4047 3545 4103 locavit.

1897 4141 2065 4210 Cujus
2114 4140 2277 4195 etiam
2316 4143 2557 4194 sanctam
2608 4137 3023 4194 translationem
3079 4137 3359 4194 distinctis
3412 4142 3550 4192 tem-

1896 4244 2090 4300 porum
2120 4229 2317 4285 diebus
2354 4242 2385 4283 a
2421 4232 2621 4284 cuncto
2651 4227 2858 4297 populo
2896 4228 3153 4284 dioecesis
3189 4241 3303 4283 suas
3342 4227 3549 4296 magni-

1896 4319 2148 4375 ﬁcentius
2178 4317 2560 4373 celebrandam
2592 4316 2845 4381 sancivit,
2897 4320 2958 4370 ut
3005 4314 3274 4384 quidquid
3331 4314 3387 4368 in
3427 4314 3547 4383 ejus

1896 4413 2082 4464 sancta
2138 4406 2509 4477 depositione,
2559 4418 2745 4461 mense
2794 4403 3102 4473 Septembri
3150 4408 3538 4471 concurrente,

151 4496 271 4551 hoc
301 4497 586 4565 antiquum
614 4501 669 4550 et
698 4501 829 4550 tunc
866 4494 1048 4564 regale
1097 4494 1406 4549 cmnobium
1456 4509 1521 4549 ex
1560 4489 2128 4569 temporeDurgente
2184 4495 2380 4550 messis
2435 4494 2784 4560 necessitate,
2844 4492 3024 4548 minus
3079 4491 3243 4562 digne
3299 4490 3546 4548 celebra-

149 4584 468 4640 beatissimi
506 4584 714 4640 Bertini
746 4583 991 4652 ejusdem
1021 4581 1333 4639 fundatoris
1362 4584 1628 4653 pracipui
1658 4598 1814 4639 sacra

148 4675 459 4731 monastici
488 4673 701 4730 ordinis
736 4673 1006 4744 religione
1053 4673 1346 4728 admodum
1385 4672 1810 4738 nobilitaretur,

145 4768 330 4833 atque
375 4763 678 4818 secundum
731 4762 979 4818 instituta
1038 4775 1309 4817 canonum
1362 4760 1589 4816 fratrum
1645 4761 1812 4830 adop-

227 4869 352 4941 (32)
395 4869 484 4925 Sic
513 4869 812 4925 thesaurum
842 4874 1039 4924 neutro
1091 4882 1292 4940 genere
1340 4881 1450 4923 non
1500 4880 1623 4941 raro
1653 4882 1812 4941 usur-

141 4938 295 5013 pant
324 4938 583 5013 auctores
618 4941 815 4996 mediae
862 4942 1064 5013 aetatis.
1100 4938 1376 4996 “Alcuinus
1422 4939 1587 5009 epist.
1637 4938 1707 4994 49
1756 4945 1811 4996 et

183 5015 339 5083 pigr.
376 5012 493 5077 ll5,
525 5013 778 5067 lhesaura
806 5012 1053 5070 adhibet.

301 5082 355 5153 3)
412 5084 560 5139 Obiit
617 5083 920 5152 Folquinus
947 5099 1084 5138 anno
1122 5083 1330 5138 Domini
1358 5080 1484 5146 855,
1523 5082 1661 5150 regis
1701 5083 1811 5136 Ca-

133 5153 255 5210 roli
289 5169 384 5220 xv,
424 5154 687 5210 Adelardi
734 5154 940 5210 abbatis
982 5170 1094 5225 xxv,
1139 5153 1387 5225 episcopii
1431 5167 1554 5207 vero
1600 5153 1683 5207 sui
1719 5168 1806 5220 xL,

132 5226 220 5282 ad
255 5225 535 5280 dexteram
572 5228 638 5281 B.
681 5227 883 5282 Bertini
910 5224 1210 5281 tumulatur.
1263 5227 1807 5295 Conservamusicap.

126 5312 276 5369 pam
337 5296 450 5366 ejus
480 5312 636 5369 unam
662 5296 1097 5368 processionalem
1124 5338 1139 5362 ,
1196 5297 1424 5359 mitram,
1484 5294 1808 5369 chirothecas

128 5366 320 5438 atque
378 5366 675 5435 sandalia,
731 5369 898 5424 stolas
962 5382 1161 5438 quoque
1216 5373 1341 5422 tres.
1410 5369 1541 5422 Haec
1596 5366 1807 5438 Iperius

127 5437 276 5508 cap.
318 5437 401 5505 l3,
452 5441 545 5508 qui
595 5454 663 5495 ex
718 5454 900 5496 rerum
958 5437 1183 5494 istarum
1243 5442 1499 5493 contactu
1548 5437 1807 5492 mulieres

124 5518 350 5582 partus
406 5511 652 5580 periculo
701 5511 950 5581 quotidie
993 5509 1215 5582 liberari
1262 5508 1514 5582 afﬁrmat.
1562 5508 1805 5582 Elevatio

122 5579 413 5652 corporis
434 5584 570 5657 ‘ejus
598 5579 745 5638 anno
782 5582 910 5648 928,
950 5582 1089 5638 Idib.
1132 5581 1423 5638 Novembr.
1469 5579 1611 5637 facta
1639 5579 1802 5657 dici-

120 5662 235 5711 tur
265 5666 397 5723 cap.
427 5661 519 5722 22,
545 5661 702 5725 parte
731 5669 795 5709 11.

1897 4593 2040 4652 rent,
2099 4586 2203 4641 hac
2259 4588 2448 4640 sancta
2494 4583 2873 4639 translationis
2927 4581 3274 4637 solemnitate
3314 4581 3543 4639 liberius

1896 4677 2176 4735 exsolvere
2242 4678 2487 4746 possent.
2557 4675 2729 4729 Tanto
2794 4672 2964 4743 igitur
3007 4671 3268 4727 thesauro
3335 4672 3542 4729 abditis

1894 4767 2033 4823 locis
2061 4765 2359 4836 assignato,
2400 4776 2512 4819 non
2560 4761 2732 4817 multo
2784 4767 2911 4832 post
2945 4759 3214 4830 temporis
3250 4760 3541 4819 intervallo

1973 4874 2069 4943 {34)
2135 4874 2235 4929 Hic
2300 4871 2607 4929 Adalardus
2668 4869 2811 4940 ﬁlius
2881 4870 3143 4926 Henricus
3206 4868 3408 4943 cornitis
3476 4870 3542 4943 de

1892 4941 2081 5001 militia
2137 4944 2317 5002 Caroli
2372 4945 2577 5013 Magni,
2616 4943 2827 5014 juvenis
2873 4958 2907 4997 a
2934 4946 3089 5014 patre
3134 4956 3250 5008 suo,
3299 4942 3431 5007 Deo,
3471 4941 3534 4997 S.

1891 5021 2045 5074 Petro
2108 5023 2361 5088 santoque
2425 5015 2641 5088 Bertinq
2703 5013 2948 5088 oblatus:
2973 5018 3050 5069 est
3103 5014 3161 5068 in
3213 5015 3536 5088 monasterio

1891 5089 2097 5144 Sithiu:
2155 5088 2249 5143 sed
2276 5082 2496 5158 'postea
2557 5084 2652 5158 sub
2706 5084 2986 5158 Fridogiso
3051 5083 3333 5158 canonicus
3395 5082 3539 5158 apud

1890 5158 2158 5238 ecclesiam
2213 5160 2278 5238 _S.
2308 5154 2628 5238 ξᾼιιάοιηειῄ
2682 5160 2763 5238 est
2816 5154 3063 5238 effectus;
3091 5154 3326 5238 ‘deinde‘
3346 5154 3536 5238 'major

1891 5232 2043 5285 annis
2101 5233 2221 5300 post
2280 5228 2471 5283 obitum
2540 5227 2773 5296 Hugonis
2835 5223 3061 5297 suscepit
3087 5225 3223 5280 hanc
3270 5223 3537 5281 abbatiam

1890 5316 2026 5357 anno
2057 5300 2261 5356 Domini
2297 5299 2424 5363 844,
2466 5313 2534 5355 ex
2586 5298 2767 5367 lperio
2832 5312 2953 5367 cap.
3000 5296 3085 5361 13,
3141 5298 3298 5364 jussu
3352 5296 3533 5353 Caroli

1890 5341 2035 5444 ἷέξίὲ
2057 5341 2331 5439 ῐῦἷὲὁῖιιξ
2346 5341 2986 5440 Ξιῐιήὄέδὸῗὲῖιηόέὲίο
3002 5341 3531 5438 ’ἱιὶιςέιῖιῖ“]ιιᾶἶὸἶὲξ

1887 5443 2124 5499 Conradi
2156 5443 2288 5499 ﬁlio.
2320 5442 2496 5499 iusius
2532 5440 2712 5496 Caroli
2751 5439 3055 5495 avunculo:
3100 5452 3165 5494 ac
3210 5443 3334 5499 post
3378 5439 3531 5495 bien-

1888 5452 2124 5499 Conradi
2156 5452 2288 5508 uno,
2320 5452 2496 5511 ipsius
2532 5452 2712 5496 uarou
2751 5452 3055 5495 avunculo:
3100 5452 3165 5494 ac
3207 5452 3334 5508 pOSt
3380 5452 3533 5495 men-

1888 5516 2038 5570 nium
2114 5514 2422 5578 restitutus,
2480 5526 2510 5567 e
2564 5512 2702 5567 vivis
2757 5511 2995 5567 excessit
3049 5523 3195 5566 anno
3250 5508 3378 5575 864,
3438 5512 3527 5567 cui

1885 5585 2155 5642 successit
2220 5587 2273 5640 S.
2342 5582 2645 5640 Hunfridus
2710 5583 3044 5639 Morinorum
3109 5580 3406 5652 episcopus
3459 5597 3527 5639 ex

1888 5657 2157 5715 monacho
2186 5654 2511 5712 Prumiensi.
