4056 6150
592 355 724 409 1107

1698 354 2027 409 FOLCARDI
2067 351 2363 407 MONACHI
2404 353 2817 408 SITHIVENSIS

3819 355 3930 410 1108

585 495 778 537 omnes
806 480 966 536 istius
1004 479 1194 550 patriae
1242 477 1512 543 nationes,
1575 475 1705 533 hinc
1761 477 2039 549 surgentis
2096 477 2566 548 gra-AAugusti,
2618 477 2876 545 instabat,
2937 483 2993 533 et
3049 478 3338 550 presbyter
3382 476 3626 534 futurum
3683 479 3937 536 celebran-

585 571 821 627 vissimaa
859 569 1016 624 famis
1071 566 1318 638 angustia
1365 567 1724 634 consternati,
1783 564 1937 622 illin’c
1994 566 2229 622 subitam

586 659 993 716 Nortmannicze
1060 656 1394 712 incursionis
1454 656 1659 711 rabiem
1725 657 1998 727 suspecti,
2057 656 2236 712 omnis

590 764 730 820 pene
771 747 1031 804 nobilitas
1087 747 1247 801 istius
1304 753 1488 811 terrai,
1550 754 1753 814 praeter
1810 760 2034 816 paucos,
2096 760 2235 815 quos

587 855 751 910 epum
791 854 854 894 ac
903 837 1196 893 fundorum
1247 837 1407 906 copia
1445 844 1500 892 et
1538 836 1887 892 castellorum
1927 836 2010 892 vel
2059 837 2236 892 muni-

590 930 798 984 tionum
856 927 1054 982 ﬂducia
1113 926 1446 992 detinuerat,
1508 933 1634 996 post
1689 926 1945 982 dominos
1981 941 2112 983 suos
2148 927 2233 982 vel

586 1031 934 1088 quocumque
993 1017 1165 1071 tutius
1213 1016 1294 1071 eis
1331 1015 1623 1071 videbatur
1660 1016 2038 1072 discedebant.
2088 1018 2235 1072 Prm-

587 1115 735 1163 terea
793 1107 1047 1162 residuos
1115 1106 1169 1160 in
1228 1119 1390 1161 manu
1455 1104 1632 1172 famis,
1701 1112 1980 1177 utcunque
2041 1111 2236 1162 exutos

584 1196 852 1268 periculo,
888 1196 1104 1253 demum
1147 1196 1338 1252 rabida
1395 1198 1666 1251 Danorum
1727 1191 2029 1251 crudeliter
2066 1196 2234 1251 lania-

583 1296 705 1342 tura
756 1286 954 1342 invasit
1000 1286 1333 1341 insectatio:
1390 1286 1485 1355 qui
1535 1291 1825 1354 postquam
1864 1285 2071 1340 rabiem
2119 1301 2232 1342 suae

583 1376 921 1447 tyrrannidis
958 1375 1202 1430 exacturi
1242 1374 1351 1430 huc
1402 1373 1680 1429 hostiliter
1726 1375 2062 1444 irruperunt,
2113 1374 2234 1430 nul-

582 1466 694 1520 lum
734 1464 823 1520 hic
872 1463 1122 1532 fratrum,
1165 1469 1367 1533 prater
1422 1469 1660 1534 quatuor
1715 1462 1944 1533 palmam
2009 1463 2099 1534 (de
2153 1463 2234 1519 his

581 1555 678 1610 lib.
713 1570 774 1621 ii,
827 1569 948 1623 cap.
1009 1552 1053 1623 l)
1113 1553 1361 1624 martyrii
1419 1552 1821 1622 praestolantes,
1883 1553 2228 1609 invenerunt.

580 1643 720 1711 Quid
755 1643 923 1714 igitur
951 1643 998 1697 si
1031 1649 1160 1698 tunc
1191 1641 1404 1713 praefati
1443 1643 1618 1697 sancti
1659 1655 1862 1712 corpus
1909 1642 2233 1698 eminentio-

584 1733 737 1787 ribus
786 1731 868 1787 vel
929 1732 1096 1787 certis
1154 1731 1392 1787 locatum
1440 1731 1580 1787 locis
1617 1731 1802 1786 debite
1853 1737 2227 1799 veneraretur,

2319 565 2558 636 dumque
2597 567 2764 638 digno
2817 580 2968 623 more
3015 581 3080 645 ac
3125 567 3289 624 solita
3336 568 3758 624 consuetudinis
3807 584 3936 626 reve-

2318 657 2494 712 rentia
2524 656 2821 712 indicebat.
2871 657 3132 714 Eumdem
3181 657 3365 728 itaque
3414 656 3614 714 festum
3653 658 3938 716 translatio-

2317 746 2405 800 nis
2478 745 2621 802 diem
2698 747 2950 816 quaedam
3025 746 3224 802 mulier
3279 753 3622 817 postponens
3687 748 3937 818 neglexit.

2317 849 2566 905 npusque
2605 837 2800 892 servile
2858 849 3031 906 usque
3071 836 3139 890 ad
3202 835 3434 892 mediam
3490 835 3637 892 diem
3699 851 3938 908 peragere

2315 925 2561 981 studuit:
2597 933 2723 996 post
2749 933 2950 992 vestes,
2982 925 3088 981 sibi
3121 925 3388 981 munditie
3437 926 3712 997 parandas
3740 926 3941 982 abluere

2315 1013 2629 1083 festinavit;
2671 1015 2768 1071 sed
2816 1014 2965 1071 aliud
3024 1028 3186 1085 quam
3242 1019 3359 1071 rata
3415 1022 3556 1082 erat,
3599 1015 3791 1072 eadem
3828 1016 3943 1072 hora

2315 1104 2421 1159 sibi
2479 1104 2731 1175 contigit.
2787 1105 2921 1160 Nam
2976 1104 3162 1160 subito
3220 1104 3454 1174 primum
3511 1105 3698 1161 rubra:
3759 1105 3947 1162 eiecta:

2314 1198 2461 1260 sunt,
2539 1199 2654 1249 tum
2728 1193 2946 1250 infectae
3020 1207 3218 1250 cruore
3297 1194 3620 1266 sanguinem
3699 1195 3946 1252 distillare

2315 1289 2623 1354 coeperunt.
2663 1285 2836 1340 Instat
2863 1283 2958 1339 illa
2997 1283 3168 1340 lotum
3223 1291 3404 1340 vestes
3457 1299 3727 1356 superare
3784 1301 3946 1341 accre-

2313 1379 2556 1430 scentem
2587 1375 2771 1430 nitens
2799 1374 3159 1446 sanguinem;
3200 1374 3297 1430 sed
3337 1388 3448 1445 quo
3479 1376 3656 1445 magis
3685 1374 3947 1438 abluebat,

2315 1477 2381 1520 eo
2419 1464 2592 1535 magis
2628 1463 2747 1534 ipse
2793 1463 3018 1535 sanguis
3066 1465 3409 1521 incremento
3455 1464 3796 1520 abundabat.
3839 1466 3948 1519 Nam

2315 1552 2371 1609 in
2410 1553 2601 1624 primis
2629 1553 2880 1624 guttatim
2919 1552 3161 1619 stillavit,
3214 1558 3426 1623 postea,
3477 1555 3557 1609 uti
3609 1568 3715 1624 per
3761 1553 3951 1610 stillici-

2315 1642 2461 1698 dium
2493 1654 2634 1712 aqua
2664 1641 2931 1698 distillare
2961 1642 3123 1710 solet,
3147 1642 3323 1699 ﬂuxit.
3352 1643 3491 1711 Quid
3521 1649 3764 1714 ageret?
3792 1643 3952 1698 stabat

2314 1730 2639 1802 stupefacta,
2673 1745 2950 1803 superque
2988 1736 3142 1788 tanto
3194 1733 3460 1789 miraculo
3516 1733 3786 1789 attonita.
3843 1734 3954 1788 Pro-

583 1821 1052 1891 exportandumne
1137 1821 1341 1890 putatis
1406 1822 1461 1876 in
1527 1820 1703 1876 valida
1771 1835 1932 1876 manu
2007 1821 2463 1892 DominiBtinus
2492 1820 2633 1877 fama
2670 1821 2812 1893 signi
2852 1821 3018 1890 volat,
3049 1829 3388 1878 concurrunt
3434 1822 3626 1888 vicini,
3662 1830 3953 1893 praesentes

584 1911 936 1979 eriperetur?
971 1912 1050 1964 An
1104 1923 1214 1965 non
1264 1917 1394 1964 tunc
1442 1909 1613 1965 multo
1661 1909 2029 1965 necessarium
2070 1918 2225 1978 erat,

583 2000 728 2069 quod
757 2002 866 2070 jam
918 1999 1101 2054 dictus
1151 2000 1412 2055 sacerdos
1475 1999 1571 2054 Dei
1629 2005 1903 2056 tantorum
1966 2000 2230 2056 malorum

583 2089 865 2159 praesagiis
912 2088 968 2142 in
1009 2088 1400 2143 conservandis
1445 2089 1651 2144 sanctis
1700 2089 2023 2158 pignoribus
2069 2090 2230 2158 paulo

579 2185 706 2232 ante
738 2177 1035 2232 effecerat?
1064 2178 1309 2232 Necdum
1359 2177 1539 2232 locum
1590 2177 1736 2232 hunc
1787 2178 1970 2247 aliqua
2020 2179 2230 2234 castelli

578 2267 662 2322 vel
691 2267 819 2321 valli
850 2265 1180 2322 defendebat
1219 2267 1488 2322 munitio:
1533 2274 1587 2322 et
1634 2267 1782 2334 ideo,
1825 2267 1997 2338 magis
2049 2275 2229 2324 autem

578 2363 934 2426 peccatorum
974 2355 1116 2410 mole
1174 2363 1428 2427 urgente,
1499 2356 1606 2411 huc
1663 2356 1941 2426 perfacilis
1979 2358 2231 2415 inimico-

579 2459 695 2499 rum
738 2444 937 2513 irrupit
986 2444 1249 2499 incursio.
1299 2446 1411 2500 Nec
1463 2444 1627 2500 modo
1680 2445 1870 2512 semel,
1912 2460 2096 2501 verum
2145 2447 2231 2502 his

581 2539 777 2602 terque
835 2533 1141 2588 Sithienses
1202 2533 1338 2588 ﬁnes
1395 2534 1686 2604 proﬂigare
1743 2547 1851 2590 non
1904 2541 2225 2603 cessarunt,

579 2623 756 2678 donec
789 2622 1039 2692 praedicti
1071 2623 1248 2677 sancti
1279 2624 1490 2678 meritis
1519 2623 1901 2694 multipliciter
1945 2625 2118 2680 attriti
2171 2626 2227 2681 in

576 2711 824 2782 vaginam
899 2725 1050 2766 suam
1128 2711 1394 2782 compulsi
1487 2718 1616 2767 sunt
1709 2713 1946 2784 regredi.
2041 2716 2227 2772 Tantis

575 2799 774 2854 divina:
815 2799 1041 2855 ultionis
1079 2800 1328 2855 cladibus
1378 2799 1516 2856 hanc
1557 2807 1754 2857 terram
1795 2801 1965 2859 ferme
2005 2809 2223 2860 centum

573 2889 733 2944 annis
791 2889 1211 2958 occupantibus,
1272 2889 1454 2945 denuo
1512 2891 1668 2959 quasi
1725 2891 1960 2961 quodam
2018 2892 2223 2950 diluvio

575 2977 806 3032 diluitur
830 2978 918 3032 his
957 2978 1186 3033 decocta
1237 2978 1703 3035 tribulationibus.
1747 2982 2039 3036 Tantorum
2091 2997 2221 3054 ergo

574 3065 840 3119 malorum
907 3066 1167 3121 sacerdos
1232 3068 1326 3121 Dei
1384 3067 1688 3137 Folquinus
1752 3070 1928 3125 sancti
1986 3072 2223 3140 Spiritus

573 3153 942 3209 illustratione
1002 3156 1382 3224 praemonitus,
1443 3156 1572 3212 dum
1625 3157 1850 3226 advixit,
1911 3151 2286 3218 venerabileC

572 3242 628 3296 S.
663 3241 866 3296 Bertini
901 3257 1102 3313 corpus
1131 3243 1320 3313 ignoto
1360 3243 1484 3300 loco
1516 3251 1571 3300 et
1622 3246 1715 3301 ubi
1773 3248 1953 3303 minus
2007 3256 2225 3318 putare-

574 3337 683 3397 tur,
725 3330 987 3396 occuluit,
1032 3331 1085 3387 id
1136 3331 1302 3387 nullis
1340 3341 1543 3401 praeter
1591 3348 1795 3404 paucos
1845 3338 2222 3408 cognoscenti-

572 3419 711 3474 bus:
756 3434 820 3475 ac
875 3434 942 3475 ne
991 3421 1168 3490 palam
1208 3435 1431 3491 quoquo
1481 3423 1644 3478 modo
1694 3424 2064 3497 detegeretur,
2105 3443 2226 3499 gra-

569 3509 728 3564 vibus
803 3509 1026 3565 eosdem
1111 3510 1654 3568 interminationibus
1727 3528 1791 3570 ac
1864 3519 2223 3573 sacramentis

501 3585 510 3595 ’
572 3599 922 3667 constrinxit,
990 3599 1402 3672 solemuemque
1458 3602 1602 3657 diem
1670 3603 1816 3660 hunc
1875 3606 2034 3662 nobis
2101 3622 2220 3663 esse

571 3689 821 3756 sancivit,
855 3689 948 3758 qui
981 3696 1064 3745 est
1095 3691 1330 3759 septimo
1370 3691 1586 3747 decimo
1636 3692 1907 3750 Kalendas
1951 3698 2217 3767 Augusti:

572 3778 663 3831 ubi
696 3791 868 3846 usque
899 3777 966 3831 ad
1007 3777 1126 3832 haec
1177 3784 1362 3834 nostra
1409 3781 1702 3838 novissima
1750 3787 2017 3854 tempora,
2073 3787 2222 3841 scili-

572 3873 660 3920 cet
689 3866 944 3921 ducentis
972 3867 1368 3938 quinquaginta
1397 3871 1555 3925 anuis
1587 3869 1717 3942 (35),
1749 3872 1892 3929 altor
1940 3879 1994 3930 et
2034 3882 2222 3945 pastor

573 3962 762 4009 noster
786 3955 963 4010 latuit.

679 4097 807 4151 Car.
842 4097 953 4151 Xll.
987 4096 1304 4153 Miraculum
1333 4101 1388 4154 in
1425 4101 1770 4160 translatione
1799 4107 1863 4163 S.
1912 4107 2113 4163 Bertini

1281 4190 1498 4258 factum.

2314 1912 2600 1977 mirantur,
2622 1916 2677 1966 et
2698 1911 2919 1982 quidam
2951 1926 3017 1966 ex
3038 1910 3147 1967 illis
3167 1924 3352 1967 verum
3403 1911 3638 1982 protulit
3672 1912 3951 1982 inquiens:

2314 2003 2534 2056 Festum
2565 2001 2708 2056 diem
2741 2000 2889 2056 hunc
2918 2000 3150 2067 solvisti,
3182 2006 3408 2072 operata
3457 2015 3520 2056 es
3568 2016 3700 2058 cum
3751 2001 3952 2056 minime

2316 2089 2414 2144 tibi
2470 2089 2717 2145 licuisset
2782 2090 3022 2160 operari.
3081 2089 3436 2147 Acceleratur
3488 2090 3560 2146 ad
3621 2091 3907 2146 ecclesiam
3941 2133 3954 2156 ,

2312 2179 2470 2234 venia
2535 2179 2778 2250 petitur,
2847 2179 3168 2250 pmnitentia
3234 2179 3518 2248 indicitur,
3591 2193 3769 2236 cruor
3805 2180 3948 2234 ﬂuere

2313 2267 2537 2324 desiuit.

2311 2377 2440 2433 CAP.
2482 2377 2620 2432 Xlll.
2670 2378 2748 2433 De
2803 2376 3032 2448 quadam
3087 2360 3301 2432 muliere
3353 2377 3543 2448 festum
3600 2376 3948 2433 translationis

2961 2481 3065 2521 non
3094 2465 3309 2521 cole-nte.

2380 2573 2564 2628 Altera
2593 2569 2775 2628 autem
2813 2572 3010 2629 mulier
3057 2572 3253 2629 eodem
3305 2573 3415 2641 die,
3465 2587 3653 2629 vanno
3695 2587 3945 2629 annonam

2307 2663 2576 2733 purgavit,
2612 2666 2895 2733 purgatam
2927 2661 3132 2718 molere
3170 2663 3379 2718 volens.
3411 2664 3618 2718 Verum
3671 2669 3944 2734 antequam

2309 2751 2364 2807 id
2396 2751 2583 2822 operis
2627 2752 3043 2823 aggrederetur,
3101 2766 3133 2808 a
3188 2751 3470 2809 nonnullis
3527 2753 3686 2822 quod
3747 2754 3944 2808 minime

2308 2842 2625 2898 observaret
2674 2841 2870 2897 festum
2925 2841 3069 2898 diem
3126 2841 3664 2912 reprehendebatur.
3727 2844 3944 2909 Quorum

2306 2931 2488 2986 verbis
2515 2931 2727 2986 irritata
2757 2930 2930 2987 fertur
2968 2931 3356 3001 respondisse:
3398 2932 3544 2998 Quot
3591 2941 3751 2998 sunt,
3803 2943 3942 3004 quot-

2306 3034 2413 3090 que
2452 3026 2810 3076 numerantur
2865 3020 2992 3074 anni
3049 3020 3215 3087 soles,
3275 3026 3356 3076 tot
3411 3021 3591 3076 nostri
3655 3023 3945 3093 presbyteri

2306 3108 2480 3165 codex
2510 3109 2806 3179 inscriptas
2835 3109 3002 3164 habet
3029 3107 3370 3165 festivitates.
3413 3109 3579 3176 Dixit,
3636 3118 3696 3166 et
3743 3114 3944 3168 omnium

2307 3198 2512 3254 molere
2543 3197 2735 3254 voluit.
2767 3199 2827 3253 ln
2862 3198 3037 3268 primo
3070 3197 3229 3254 mola:
3268 3204 3449 3254 rotatu
3497 3199 3717 3270 lignum
3776 3203 3943 3272 palma

2305 3288 2603 3360 digitisque
2651 3288 2922 3355 adhaesit,
2992 3294 3105 3344 tum
3161 3287 3447 3344 brachium
3496 3303 3734 3360 quoque
3795 3299 3945 3347 totum

2305 3376 2551 3449 diriguit.
2585 3379 2704 3432 Mox
2734 3378 2898 3432 etiam
2937 3376 3081 3434 mola
3111 3376 3409 3433 immobilis
3451 3378 3638 3445 stetit,
3674 3380 3948 3436 adhaerens

2305 3467 2488 3522 manui
2546 3467 2752 3538 lignum
2791 3466 2860 3522 ad
2905 3481 3037 3533 sese
3074 3467 3279 3534 traxit;
3328 3473 3526 3524 conata
3573 3475 3667 3525 est
3708 3471 3948 3535 avellere,

2303 3557 2401 3612 sed
2435 3571 2543 3612 non
2585 3557 2783 3628 potuit.
2825 3556 3065 3613 Tandem
3121 3556 3327 3614 rubore
3385 3555 3648 3615 confessa
3700 3576 3948 3616 verecun-

2303 3647 2468 3714 diam,
2502 3648 2747 3703 dextram
2778 3647 2930 3718 ligno
2951 3647 3323 3703 adhaerentem
3345 3648 3616 3714 ostendit,
3654 3664 3947 3722 noxamque

2304 3737 2470 3794 errati
2530 3737 2800 3793 confitens
2836 3737 3123 3793 ecclesiam
3175 3736 3330 3792 adiit.
3393 3737 3611 3793 Monitu
3654 3743 3950 3796 sacer-detis

2304 3827 2608 3884 orationem
2676 3832 2978 3897 praesentes
3041 3825 3317 3893 fundunt,
3350 3826 3683 3897 lignumque
3718 3831 3943 3890 cecidit,

2302 3918 2422 3986 ipsa
2460 3917 2584 3972 laeta
2642 3916 2863 3972 domum
2913 3915 3114 3973 rediit:
3175 3915 3262 3972 cui
3311 3930 3487 3987 usque
3547 3920 3742 3976 omnis
3797 3919 3948 3976 festas

2302 4007 2423 4064 dies
2452 4005 2636 4062 timori
2665 4004 2787 4061 fuit.

2477 4132 2606 4186 CAP.
2640 4131 2773 4186 XIV.
2814 4132 2894 4186 De
2915 4130 3170 4200 sanguine
3199 4144 3270 4184 ea:
3303 4131 3462 4202 spicis
3499 4139 3786 4188 manante.

2372 4238 2491 4293 Alio
2523 4251 2746 4308 quoque
2788 4243 3033 4307 tempore
3065 4237 3260 4294 eodem
3309 4237 3663 4295 celebritatis
3710 4256 3829 4296 suae
3872 4240 3941 4292 die

645 4313 769 4367 Dies
833 4311 1005 4368 festus
1072 4313 1446 4371 translationis
1513 4318 1765 4388 corporis
1821 4320 1965 4377 beati
2042 4326 2219 4381 Patris
2299 4328 2482 4398 spicas
2537 4327 2752 4383 avulsas
2807 4329 3073 4398 sanguine
3133 4326 3426 4383 afﬂuenter
3481 4328 3712 4396 imbuit,
3776 4331 3940 4398 sicque

572 4403 799 4469 Bertini,
842 4417 965 4472 qua:
1015 4403 1326 4459 celebratur
1380 4407 1613 4475 septimo
1671 4409 1885 4466 decimo
1944 4413 2216 4471 Kalendas
2299 4417 2551 4472 humanis
2580 4417 2769 4473 usibus
2799 4417 3022 4474 inutiles
3050 4417 3312 4473 reddidit.

569 4557 2955 4589 _______________—________

2961 4578 3072 4598 -κ

1315 4686 1640 4773 LIBER
1710 4650 2268 4782 SECUNDUS
2332 4698 3177 4800 MIRACULORUM.

990 4837 1092 4904 Ab
1125 4840 1250 4904 alio
1289 4845 1561 4909 auctore
1591 4865 1909 4935 anonymo
1942 4853 2224 4938 scriptus
2259 4854 2524 4920 circiter
2557 4856 2808 4923 initium
2839 4856 3063 4923 saeculi
3096 4857 3184 4940 X,
3222 4875 3365 4942 cap.
3408 4856 3518 4920 10.

1886 4993 2238 5051 PREFATIO
2275 4998 2625 5054 AUCTORIS.

645 5200 740 5255 llis
779 5198 964 5271 itaque
995 5214 1026 5256 a
1064 5203 1536 5267 reverendissimis
1581 5210 1834 5268 Patribus
1882 5216 2086 5272 nostris
2131 5218 2217 5274 sui

572 5290 837 5358 temporis
894 5290 1138 5347 omnium
1196 5293 1464 5351 bonorum
1523 5299 1829 5356 studiorum
1872 5317 1980 5358 non
2038 5305 2214 5362 solum

569 5379 1056 5448 appetentissimis,
1118 5397 1304 5439 verum
1356 5386 1519 5441 etiam
1574 5393 1749 5445 status
1801 5392 1886 5448 sui
1943 5393 2051 5450 loci
2109 5403 2215 5454 tam

647 5483 773 5567 (35)
802 5487 1002 5542 Eadem
1033 5503 1304 5567 annorum
1339 5508 1546 5550 summa
1598 5495 1800 5567 legitur
1845 5501 1900 5556 in
1950 5503 2216 5563 relatione

570 5556 887 5649 Eqv:olilisLa
919 5574 1035 5649 quo
1054 5569 1275 5649 auctor
1292 5565 1393 5621 ista
1441 5556 1717 5649 mutuatus
1747 5577 1849 5649 est.
1883 5556 2216 5649 Quamquam

570 5627 862 5698 legendum
936 5627 1169 5688 ducentis
1241 5636 1416 5691 decem
1506 5641 1703 5696 annis:
1795 5627 2087 5715 siquid-ein1
2097 5627 2212 5706 “5.

2301 5217 2573 5275 columnis
2621 5218 2990 5288 solidissimis,
3037 5234 3198 5292 quam
3244 5218 3548 5276 luminibus
3596 5219 3948 5292 praeclarissi-

2300 5308 2403 5362 mis
2432 5321 2542 5365 non
2573 5308 2752 5366 minus
2779 5311 3050 5367 veraciter
3087 5325 3247 5382 quam
3285 5309 3528 5366 fideliter
3556 5309 3632 5367 de
3665 5311 3942 5367 virtume

2299 5397 2598 5455 beatissimi
2637 5401 2856 5470 patroni
2912 5401 3089 5457 nostri
3136 5399 3456 5471 praelibatis,
3510 5399 3763 5470 plurima
3815 5405 3947 5468 pori'

2298 5505 2504 5562 Bertini
2535 5521 2737 5577 corpus
2767 5512 2971 5564 tectum
2999 5513 3084 5564 est
3120 5521 3264 5565 anno
3305 5505 3413 5561 846
3459 5520 3532 5563 ex
3578 5505 3760 5564 dictis
3809 5513 3948 5561 rete-

2299 5585 2446 5634 ctum
2475 5592 2620 5636 anno
2666 5578 2820 5646 1056,
2853 5578 3013 5636 infra.
