4056 6150
222 310 357 365 1109

1324 315 1669 371 MIRACULA
1707 317 1761 371 S.
1804 316 2095 374 BERTINI.
2136 350 2209 360 —
2245 322 2370 377 LIB.
2413 323 2479 377 Π.

3454 331 3589 390 1110

213 437 457 529 modum,
497 449 613 529 non
658 435 827 507 (quod
867 436 1009 494 absit
1038 437 1069 529 tl
1122 439 1309 529 in0pia
1366 439 1716 511 dictatorum,
1770 440 2121 506 velAdimur
2165 446 2519 515 notiﬁcanda,
2570 462 2682 506 non
2718 454 2962 509 ventosae
2999 453 3280 523 jactantiae
3323 459 3584 529 vanitate,

213 526 433 584 deiectu
506 526 839 597 scriptorum
882 570 897 594 ,
973 527 1070 584 sed
1146 527 1466 585 multimoda
1539 530 1857 604 insurgente

210 617 544 674 adversitate
618 621 927 688 temporum
1001 623 1217 675 exstant
1298 619 1607 677 intermissa
1682 622 1856 679 relatu

212 706 550 777 dignissima.
609 708 849 775 Quorum
899 721 929 762 e
976 709 1368 765 numerositate
1425 719 1617 780 pauca,
1667 725 1731 768 ac
1787 726 1857 768 ne

210 794 355 853 forte
409 795 725 853 frivolitatis
761 796 846 852 vel
904 797 1120 853 mendae
1163 802 1421 855 notemur
1465 813 1629 869 noxa,
1679 800 1857 858 solum

212 900 276 941 ea
326 900 449 956 quae
497 890 591 942 aut
628 886 734 957 ipsi
780 875 1058 952 vidimus,'
1088 892 1182 943 aut
1228 889 1296 943 ab
1344 888 1560 945 idoneis
1607 891 1858 960 personis

210 975 325 1032 visa
368 975 744 1047 cognovimus,
796 989 907 1033 non
957 978 1198 1048 prOpriae
1248 980 1573 1035 temeritatis
1610 980 1693 1035 fisi
1751 995 1854 1036 au-

213 1064 391 1135 dacia,
449 1065 547 1122 sed
600 1066 784 1136 potius
834 1065 982 1123 illius
1036 1065 1162 1123 freti
1228 1067 1428 1125 fiducia
1483 1069 1578 1139 qui
1643 1069 1857 1141 linguas

215 1154 503 1213 infantium
552 1154 684 1213 facit
732 1156 985 1224 disertas,
1037 1171 1350 1229 quanquam
1405 1159 1586 1215 minus
1642 1159 1857 1231 elegan-

214 1251 318 1313 ter,
358 1244 668 1303 subinferre
706 1245 1003 1318 satagimus
1030 1247 1331 1303 humiliter.
1381 1250 1447 1305 Et
1474 1248 1605 1305 licet
1633 1248 1856 1321 ingenio

212 1336 377 1406 tardi,
409 1350 663 1395 sermone
702 1337 963 1409 imperiti,
1014 1337 1134 1395 haec
1174 1338 1631 1411 qualitercunque
1669 1354 1856 1411 aggre-

1938 533 2035 589 sed
2091 534 2357 606 simplicis
2419 536 2585 593 animi
2651 538 2965 609 devotione,
3033 555 3099 598 ac
3162 536 3588 618 praesumptibili

1938 622 2266 693 humilitate,
2285 625 2552 683 malentes
2579 627 2784 698 potius,
2816 629 2863 685 si
2899 630 2994 701 qui
3024 632 3208 689 aemuli
3234 634 3354 693 fieri
3373 636 3585 705 volunt,

1942 719 2129 782 patere
2173 715 2450 772 morsibus
2498 715 2965 788 degannientium,
3014 736 3177 792 quam
3215 725 3480 782 miracula
3516 726 3584 783 ad

1939 802 2155 859 laudem
2194 808 2250 860 et
2293 804 2527 876 gloriam
2585 806 2826 863 nominis
2875 809 2971 865 Dei
3027 809 3193 868 electi
3239 814 3324 870 sui
3373 814 3587 872 meritis

1939 892 2100 948 nobis
2172 894 2541 964 praesentibus
2604 895 2901 955 celebriter
2968 904 3284 971 perpetrata
3342 903 3588 976 segniter

1939 982 2212 1049 reticere,
2289 990 2346 1039 et
2418 998 2449 1039 a
2522 985 2787 1043 memoria
2858 986 3071 1045 aboleri
3146 991 3581 1050 succedentium.

1937 1071 2114 1139 Unde,
2167 1086 2478 1143 quanquam
2533 1074 2706 1131 simus
2749 1075 2989 1146 inertes,
3039 1092 3186 1136 nunc
3232 1080 3389 1137 cordi
3426 1082 3585 1139 adest

1939 1162 2220 1232 proposita
2266 1162 2551 1233 inchoare,
2600 1170 2656 1222 et
2694 1165 2951 1225 inchoata
3000 1183 3209 1229 summa
3244 1185 3370 1229 cum
3407 1171 3579 1229 devo-

1937 1251 2087 1308 tione
2119 1264 2219 1323 pro
2250 1265 2412 1323 posse
2442 1252 2629 1312 edere.

1302 1512 1857 1599 INCIPIUNT
1912 1512 2483 1602 MIRACULA

548 1675 680 1731 CAP.
722 1676 763 1731 l.
806 1677 882 1730 De
920 1676 1144 1732 adventu
1166 1691 1514 1748 paganorum.

1933 1682 2149 1746 verunt,
2216 1679 2337 1736 haec
2392 1684 2520 1737 sunt
2570 1701 2583 1737 :
2639 1684 2942 1741 Worardus
2999 1685 3120 1756 [al.,
3183 1688 3472 1760 Woradus]
3524 1696 3581 1747 et

282 1764 641 1834 Temporibus
692 1765 832 1823 divae
880 1767 1159 1823 memoria:
1188 1767 1369 1823 Caroli
1399 1764 1509 1839 (36)
1540 1766 1638 1822 ﬁlii
1678 1758 2290 1823 Ludo-BWinebaldus
2345 1769 2691 1839 sacerdotes,
2758 1774 3075 1832 Gerwaldus
3139 1781 3196 1832 et
3257 1758 3581 1848 Raynardus

212 1852 340 1921 vici,
384 1853 536 1923 prius
582 1853 749 1926 regis,
800 1862 991 1926 postea
1040 1856 1410 1926 imperatoris,
1444 1872 1566 1913 cum
1596 1870 1738 1911 saeva
1778 1861 1857 1927 ty-

212 1941 472 1998 rannides
536 1956 873 2015 paganorum
938 1952 1292 2016 emergeret,
1360 1945 1568 2001 famosa
1633 1945 1856 2001 ﬂumina

207 2031 475 2102 Sequanae
504 2046 567 2089 ac
596 2034 807 2105 Ligeris
829 2034 1109 2103 advolans,
1143 2041 1198 2091 et
1228 2049 1327 2105 per
1354 2040 1523 2092 totam
1552 2035 1854 2107 grassando

206 2122 536 2191 Neustriam,
566 2121 715 2181 ferro
745 2124 982 2196 igneque
1011 2138 1123 2182 non
1158 2129 1369 2182 tantum
1398 2125 1855 2197 circumjacentes

208 2214 495 2282 terminos,
542 2230 731 2272 verum
780 2217 944 2272 etiam
993 2217 1292 2273 Armoricae
1350 2231 1597 2288 magnam
1644 2223 1852 2286 partem

207 2308 580 2372 consumeret,
631 2310 757 2375 post
806 2318 918 2361 non
965 2305 1262 2361 multorum
1310 2305 1530 2361 tandem
1579 2319 1849 2361 annorum

205 2397 420 2449 rotatus
458 2393 656 2464 partim
712 2393 998 2464 ingeniose
1046 2394 1247 2460 adacti,
1303 2394 1719 2465 praesertimque
1768 2409 1853 2450 re-

201 2487 399 2552 spectu
430 2482 799 2539 miserationis
828 2483 1027 2539 divinae
1057 2482 1287 2553 repulsi,
1311 2484 1674 2540 abscedentes
1695 2498 1853 2554 repa-

198 2567 526 2639 triaverunt,
547 2577 918 2642 protestantes
937 2573 1088 2630 nullo
1109 2574 1273 2630 modo
1294 2588 1523 2644 usquam
1540 2588 1600 2631 se
1620 2574 1854 2645 amplius

1936 1855 2176 1913 diaconi.
2210 1859 2452 1925 Quorum
2480 1861 2806 1930 Worardus,
2845 1863 2942 1935 qui
2971 1865 3040 1920 ab
3070 1864 3208 1936 ipsis
3245 1881 3387 1938 pene
3413 1881 3579 1925 cuna-

1936 1944 2082 2002 bulis
2127 1947 2229 2003 sub
2280 1962 2471 2005 norma
2517 1950 2838 2009 monasticae
2883 1954 3172 2025 religionis
3209 1956 3495 2025 educatus,
3524 1965 3579 2015 et

1932 2035 2102 2092 veluti
2132 2042 2264 2094 tunc
2287 2039 2399 2109 jam
2438 2038 2775 2111 decrepitus,
2806 2042 2884 2099 ita
2912 2049 2968 2100 et
2991 2044 3048 2101 in
3076 2046 3281 2103 Christi
3320 2048 3579 2105 tirocinio

1932 2126 2195 2183 emeritus
2240 2128 2399 2184 miles
2445 2135 2582 2196 erat,
2631 2130 2769 2186 diris
2819 2133 3178 2203 colaphorum
3228 2137 3580 2194 tunsionibus

1933 2212 2075 2269 ictus
2122 2214 2481 2286 nuditateque
2529 2218 2783 2275 triduana
2830 2226 2886 2276 et
2923 2222 3046 2293 algu
3084 2222 3199 2280 fere
3227 2224 3379 2282 letho
3417 2232 3580 2284 tenus

1933 2303 2255 2375 proﬂigatus
2302 2306 2549 2375 exstitit;
2611 2307 2969 2367 Winebaldus
3031 2317 3213 2370 autem
3278 2315 3410 2375 licet
3475 2332 3576 2388 pro

1930 2392 2232 2450 afﬂictione
2257 2394 2425 2451 nimia
2454 2395 2539 2452 sui
2568 2397 2822 2466 corporis
2860 2413 3108 2457 maerore
3138 2408 3453 2461 attenuatus
3474 2419 3576 2476 pro

1931 2484 2029 2538 Dei
2080 2483 2302 2540 nomine
2343 2483 2557 2553 fuisset,
2608 2486 2830 2543 acribus
2874 2490 3198 2549 verberibus
3243 2499 3573 2562 maceratus,

1932 2580 2097 2643 atque
2143 2573 2307 2629 etiam
2355 2588 2457 2645 per
2502 2589 2665 2632 nares
2710 2575 2987 2635 infusione
3030 2581 3241 2639 viscera
3278 2583 3573 2653 distentus,

193 2661 352 2718 illius
382 2662 538 2733 regni
584 2662 720 2719 ﬁnes
757 2663 1006 2719 vastandi
1046 2663 1275 2721 laesione
1305 2664 1663 2734 repetituros.
1694 2663 1851 2733 Quod
1928 2662 2220 2719 semivivus
2266 2668 2351 2719 est
2387 2662 2632 2721 relictus.
2669 2667 2985 2726 Gerwaldus
3020 2670 3231 2741 itidem,
3264 2688 3575 2747 quanquam

193 2759 386 2809 tamen
433 2766 546 2809 non
594 2752 766 2810 multo
811 2758 937 2823 post
987 2755 1159 2810 amica
1207 2754 1313 2809 sibi
1360 2753 1552 2810 fraude
1599 2755 1848 2822 inﬁciati,
1930 2753 2141 2821 senior,
2174 2752 2431 2824 quoniam
2479 2756 2726 2827 vegetior
2771 2763 2826 2813 et
2870 2756 3070 2816 fortior
3114 2761 3239 2819 aliis
3264 2763 3574 2833 videbatur,

194 2857 357 2900 more
387 2842 584 2899 canino
616 2843 709 2914 qui
740 2848 946 2912 quanto
976 2843 1099 2913 plus
1127 2843 1465 2911 alliciuntur,
1496 2849 1650 2902 tanto
1678 2844 1850 2917 magis
1928 2841 2061 2898 licet
2109 2843 2342 2900 diversis
2387 2844 2671 2915 multoque
2718 2848 3064 2918 gravioribus
3109 2859 3333 2909 vexatus
3381 2853 3575 2913 fuisset

193 2936 589 3003 insequuntur,
640 2933 875 3003 pecunia
929 2934 1093 3001 avidi,
1154 2934 1345 3005 rapina
1402 2934 1608 3003 usitati,
1663 2935 1849 3005 praeda
1928 2931 2292 2989 ludibriorum
2321 2946 2545 2990 suorum
2570 2935 2942 3006 irrisionibus,
2973 2946 3225 2998 servante
3245 2955 3369 2999 eum
3394 2948 3573 3001 tamen

190 3022 458 3091 famelici,
506 3023 883 3094 sanguineque
922 3024 1332 3080 mentiebantur
1380 3024 1670 3081 sitibundi.
1711 3027 1843 3081 Nam
1874 3023 2178 3097 _Domino,
2211 3024 2315 3079 etsi
2348 3038 2458 3081 non
2489 3024 2737 3094 pristinae
2785 3029 3027 3097 sanitati,
3077 3030 3271 3089 saltem
3315 3039 3401 3090 est
3446 3034 3573 3093 vitae

192 3126 347 3171 anno
391 3090 810 3169 Incarna'tionis
844 3113 1059 3169 Domini
1107 3113 1311 3170 Christi
1368 3115 1844 3186 octingentissimo
1867 3090 2263 3169 Cconcessus:
2305 3128 2369 3170 ac
2397 3114 2479 3171 sic
2509 3128 2621 3171 non
2650 3121 2780 3172 sunt
2816 3116 3051 3176 fraudati
3090 3122 3377 3193 martyrio,
3422 3126 3572 3195 quod

194 3201 540 3273 sexagesimo
588 3201 882 3257 immodica
921 3203 1118 3259 iterato
1157 3203 1462 3260 coadunata
1502 3217 1685 3271 manu,
1728 3204 1849 3276 plu-
1927 3202 2208 3259 inbianter
2271 3208 2388 3261 toto
2453 3205 2789 3276 appetebant
2830 3213 2980 3266 voto.
3048 3212 3284 3279 Quartus
3339 3214 3575 3284 proinde

198 3292 343 3349 rima
372 3290 545 3348 classe
574 3291 681 3347 iter
712 3298 901 3348 notum
936 3296 1272 3361 repetentes,
1305 3307 1369 3349 ac
1416 3299 1535 3351 toto
1581 3294 1706 3350 nisu
1735 3294 1847 3351 alto
1929 3306 2117 3349 eorum
2149 3293 2244 3364 qui
2291 3299 2346 3349 et
2386 3293 2576 3364 junior
2604 3310 2668 3352 ac
2696 3298 3073 3355 succulentior
3112 3301 3200 3372 (ut
3233 3303 3574 3372 praetulimus

196 3381 340 3438 mari
367 3381 720 3449 veliﬁcantes,
753 3381 1060 3452 spumantia
1089 3382 1340 3438 certatim
1369 3383 1655 3440 sulcabant
1684 3383 1845 3452 freta,
1929 3380 2252 3452 Raynardus
2315 3383 2537 3438 nomine
2568 3424 2583 3449 ,
2651 3384 2817 3441 variis
2879 3388 3306 3445 contritionibus
3369 3390 3575 3449 fractus

200 3472 584 3544 pertinacique
615 3486 777 3528 cursu
827 3470 1213 3542 applicuerunt
1241 3473 1297 3529 in
1336 3473 1537 3530 finibus
1564 3475 1846 3545 Menapio-
1928 3470 2148 3541 illisque
2197 3471 2623 3529 abscedentibus
2669 3479 2725 3531 et
2761 3489 2948 3532 secum
2978 3476 3182 3536 ducere
3220 3481 3569 3551 conantibus,

196 3576 345 3629 rum,
383 3562 438 3618 in
468 3561 589 3618 sinu
621 3563 715 3633 qui
745 3568 973 3618 vocatur
1008 3560 1122 3633 (37)
1150 3564 1313 3619 Iserm
1363 3570 1557 3633 portus
1600 3584 1612 3620 :
1666 3571 1722 3621 et
1769 3565 1846 3620 ibi
1930 3576 2052 3618 cum
2090 3561 2299 3617 viribus
2326 3562 2528 3633 quibus
2573 3564 2755 3633 potuit
2785 3579 2854 3621 ne
2884 3581 3007 3622 cum
3038 3568 3119 3624 eis
3148 3570 3256 3627 iret
3285 3571 3572 3630 obnitere-

199 3652 556 3723 prosilientes
601 3652 863 3723 nulloque
912 3667 942 3707 a
986 3652 1210 3723 publico
1250 3654 1439 3723 pervio
1488 3652 1843 3721 divertentes,
1928 3656 2038 3719 tur,
2088 3651 2298 3722 eligens
2346 3653 2531 3722 potius
2576 3653 2633 3709 in
2681 3654 2883 3711 Christi
2932 3657 3172 3714 nominis
3200 3660 3570 3729 confessione,

195 3741 474 3798 incendiis
502 3756 721 3813 quoque
751 3756 815 3797 ac
845 3741 1092 3798 caedibus
1129 3742 1278 3797 illius
1307 3756 1437 3813 ergo
1468 3743 1843 3814 indulgentes,
1927 3740 1973 3795 si
2012 3739 2067 3795 id
2116 3753 2341 3810 quoquo
2370 3740 2535 3796 modo
2567 3743 2635 3798 ab
2665 3742 2909 3800 inimicis
2938 3749 3255 3818 extorqueri
3285 3750 3570 3820 quivisset,

198 3834 264 3887 ut
291 3830 359 3886 ad
388 3828 808 3887 famosissimum
856 3832 1039 3887 locum
1088 3832 1427 3902 pausationis
1472 3831 1674 3888 Christi
1706 3846 1848 3889 con-
1927 3828 2187 3899 martyrio
2234 3828 2312 3884 ibi
2360 3830 2593 3886 animam
2649 3833 2761 3888 Deo
2811 3835 3217 3905 commendare,
3268 3844 3323 3895 et
3369 3854 3574 3911 corpus

196 3919 468 3977 fessorum
502 3921 793 3977 Audomari
825 3927 991 3992 atque
1021 3921 1229 3978 Bertini
1249 3920 1434 3977 furtim
1458 3928 1842 3993 properarent,
1926 3918 2172 3989 paternis
2199 3920 2532 3976 coemeteriis
2568 3920 2934 3991 concinerari,
2975 3938 3287 3998 nomenque
3317 3927 3574 3987 fraternis

194 4010 456 4067 aviditate
505 4011 794 4067 thesauros
840 4010 1197 4069 ecclesiarum
1237 4010 1475 4068 latenter
1500 4011 1844 4082 subripiendi

197 4115 265 4156 ac
333 4115 430 4170 spe
495 4114 684 4157 servos
746 4100 841 4157 Dei
908 4101 1208 4171 improviso
1272 4101 1410 4157 inibi
1476 4102 1843 4173 comprehen-

197 4190 389 4256 dendi,
440 4189 699 4246 brevibus
745 4191 990 4246 noctium
1031 4191 1321 4256 meatibus,
1356 4190 1570 4248 scilicet
1607 4192 1844 4248 Sabbato

200 4279 562 4335 hebdomadis
607 4281 961 4336 Pentecostes
998 4279 1136 4337 hora
1179 4269 1425 4337 secunda
1475 4286 1845 4351 pervenerunt

1927 4006 2165 4078 dyplicis
2211 4007 2460 4075 inscribi,
2511 4022 2673 4079 quam
2719 4010 3086 4070 ludibriorum
3135 4030 3358 4073 suorum
3409 4032 3575 4075 exse-

1925 4095 2326 4152 crabillissimis
2367 4096 2651 4167 spurcitiis
2698 4098 2907 4169 pollui;
2960 4101 3097 4158 diris
3142 4108 3323 4162 tamen
3363 4111 3422 4162 ut
3456 4114 3576 4164 erat

1926 4185 2158 4241 nexibus
2192 4186 2427 4253 vinctus,
2470 4186 2859 4245 miserabiliter
2895 4195 3210 4260 protractus
3238 4199 3323 4250 est
3359 4196 3427 4251 ad
3464 4196 3572 4252 vil-

1925 4275 2029 4331 lam
2070 4275 2311 4345 propriae
2355 4275 2710 4332 humanitatis
2756 4278 2825 4333 de
2863 4284 3037 4335 matre
3085 4281 3439 4350 profusionis,
3480 4284 3571 4340 di-

196 4368 269 4425 ad
309 4369 489 4426 locum
528 4382 638 4439 quo
686 4368 1006 4425 tendebant.
1056 4369 1161 4426 Sed
1211 4370 1525 4440 provisione
1548 4371 1756 4441 jugiter
1785 4370 1895 4441 in_
1926 4371 2158 4421 stantem
2190 4379 2220 4420 a
2250 4366 2585 4422 monasterio
2614 4366 2779 4424 tertio
2817 4366 3073 4424 milliario
3103 4369 3171 4425 ad
3200 4370 3570 4440 aquilonalem

194 4472 257 4514 se
314 4436 706 4515 confidentium
754 4459 984 4515 tutantis
1047 4458 1165 4523 Dei,
1211 4436 1400 4514 nullos
1457 4436 1906 4515 ex'fratribusD
1928 4454 2137 4525 plagam
2186 4453 2389 4509 dictam
2423 4455 2668 4511 Miramo.
2709 4455 2952 4525 Stipatus
3000 4456 3187 4527 itaque
3218 4436 3569 4519 multitudine

195 4548 403 4604 ibidem
450 4555 817 4618 repererunt;
850 4562 1036 4604 verum
1081 4548 1291 4605 monitu
1334 4548 1583 4619 jubentis
1627 4548 1843 4605 Domini

196 4637 665 4707 obtemperantes,
701 4650 812 4707 quo
841 4636 977 4693 dicit
1015 4657 1027 4692 :
1080 4637 1143 4695 Si
1172 4653 1262 4692 vos
1288 4637 1545 4709 persecuti
1571 4637 1763 4707 fuerint
1790 4638 1845 4692 in

196 4742 303 4782 una
332 4727 559 4794 civitate,
598 4726 759 4797 fugite
786 4728 841 4782 in
870 4726 1031 4782 aliam
1073 4725 1289 4798 (Matth.
1323 4743 1375 4793 χ,
1407 4726 1530 4798 23),
1560 4726 1843 4783 subduxe-

196 4822 329 4873 runt
355 4831 414 4873 se
445 4816 512 4872 ad
554 4821 791 4887 tempus,
823 4824 1106 4873 servantes
1134 4816 1393 4873 secundis
1431 4823 1486 4872 et
1523 4816 1843 4873 melioribus

195 4907 365 4964 rebus
425 4912 628 4978 prazter
682 4911 921 4977 quatuor
977 4907 1071 4977 qui
1127 4907 1465 4964 devoverunt
1511 4922 1569 4963 se
1621 4908 1686 4977 (si
1731 4910 1842 4962 Deo

197 4994 518 5067 placuisset)
566 4996 643 5051 ibi
700 4996 960 5066 martyrio
1028 4996 1213 5066 potius
1259 4995 1398 5052 velle
1455 4996 1615 5052 vitam
1685 4995 1842 5052 finire

195 5099 359 5155 quam
389 5085 719 5141 desolationi
756 5085 841 5141 sui
880 5085 987 5142 loci
1019 5085 1388 5155 supervivere.
1438 5085 1592 5152 Quod
1618 5085 1747 5156 quia
1777 5100 1844 5142 ex

196 5181 353 5245 parte
382 5174 543 5231 aliter
588 5176 732 5231 Deus
770 5174 887 5230 fieri
926 5175 1218 5245 disposuit,
1258 5174 1617 5246 subsequenti
1646 5182 1843 5232 eventu

197 5265 395 5335 patuit.
443 5265 675 5320 Nomina
723 5270 903 5319 autem
953 5263 1172 5319 illorum
1220 5265 1315 5335 qui
1358 5279 1417 5321 se
1449 5265 1632 5321 taliter
1670 5265 1841 5321 devo-

271 5369 377 5440 (36)
426 5371 487 5427 Id
536 5378 621 5428 est
667 5372 847 5428 Caroli
885 5371 1052 5438 Calvi,
1100 5371 1194 5441 qui
1240 5385 1385 5443 anno
1433 5371 1541 5426 740
1576 5374 1845 5429 successit

196 5443 252 5498 in
314 5444 528 5513 paterni
585 5445 739 5514 regni
793 5443 1124 5514 portionem,
1178 5456 1325 5500 anno
1381 5443 1487 5497 875
1542 5444 1843 5514 imperator

198 5514 488 5586 salutatus.
521 5517 579 5572 ln
609 5514 885 5572 Chronico
913 5515 1306 5572 Nortmannico
1336 5516 1489 5572 edito
1511 5518 1655 5586 apud
1678 5517 1843 5573 Ches-

198 5585 350 5642 nium
399 5592 549 5643 torno
596 5589 641 5643 ll
690 5588 831 5644 Hist.
863 5589 1055 5645 Franc.
1100 5587 1361 5644 dicuntur
1396 5585 1719 5645 Nortmanni
1758 5589 1843 5646 bis

1924 4543 2235 4614 iniquorum
2293 4557 2357 4599 ac
2415 4548 2523 4598 tam
2583 4557 2681 4613 pro
2740 4544 2973 4615 plurima
3026 4546 3342 4605 vallantium
3406 4565 3569 4622 quam

1925 4632 2196 4688 densitate
2245 4632 2444 4699 noctis,
2497 4633 2625 4703 quia
2672 4632 2729 4689 in
2776 4634 2899 4704 ipso
2938 4636 3265 4706 crepusculo
3313 4652 3413 4708 per
3450 4654 3567 4697 eam

1925 4722 2299 4788 transierunt,
2350 4721 2605 4777 nesciens
2652 4722 2745 4777 ubi
2784 4727 2967 4790 esset,
3025 4723 3234 4781 dictum
3290 4732 3375 4783 est
3428 4729 3480 4784 ei
3538 4744 3569 4786 a

1925 4810 2264 4882 concaptivis
2309 4809 2457 4866 notis
2498 4830 2510 4867 :
2563 4812 2704 4867 Ecce
2743 4826 2772 4867 e
2819 4811 3044 4883 regione
3084 4819 3260 4883 portae
3290 4816 3567 4887 quondam

1924 4901 2224 4958 nativitatis
2271 4904 2379 4957 tuae
2430 4900 2589 4957 imus.
2639 4900 2795 4969 Quod
2843 4916 2967 4958 cum
3004 4902 3351 4973 advertisset,
3383 4906 3567 4964 subito

1924 4995 1980 5049 in
2030 4998 2231 5048 terram
2282 4991 2511 5047 corruit.
2561 4992 2805 5063 Cumque
2843 4993 3049 5050 aversis
3076 4992 3203 5050 telis
3229 4995 3298 5050 ab
3327 4995 3568 5053 inimicis

1925 5081 2255 5139 ducentibus
2297 5080 2580 5137 tundendo
2619 5087 2912 5154 cogeretur
2957 5086 3016 5138 ut
3058 5089 3328 5155 surgeret,
3379 5092 3433 5141 et
3472 5083 3565 5142 ille

1926 5175 2327 5245 protestaretur
2370 5185 2429 5226 se
2478 5171 2629 5228 nullo
2681 5176 2841 5243 pacto
2879 5171 3038 5239 velle,
3080 5172 3178 5229 sed
3221 5175 3393 5245 magis
3428 5174 3566 5233 inibi

1925 5278 2026 5335 pro
2078 5261 2296 5317 Christo
2343 5267 2626 5330 oppetere,
2660 5262 2871 5318 crebris
2909 5261 3221 5319 lancearum
3252 5264 3567 5334 punctioni-

1923 5367 2685 5440 Sithivenseumonasterium
2750 5368 3082 5440 diripuisse,
3150 5368 3405 5428 nimirum
3470 5386 3565 5429 an-

1925 5454 1997 5497 no
2027 5437 2134 5492 845
2163 5444 2217 5493 et
2245 5436 2371 5492 881.

2016 5510 2106 5577 37)
2136 5512 2295 5585 laena
2324 5515 2516 5579 portus
2549 5510 2733 5585 iperio
2761 5525 2885 5585 cap.
2923 5510 2987 5565 l4
3024 5511 3189 5585 modo
3226 5514 3558 5585 Neoportus,

1924 5580 2086 5654 vulgo
2123 5580 2399 5654 Nieuport,
2432 5581 2695 5652 oppidum
2723 5583 2793 5640 ad
2831 5580 2996 5641 lsera:
3022 5584 3185 5641 ostia.
