4056 6150
512 286 641 341 1111

1627 287 1956 342 FOLCARDI
1995 285 2295 341 MONACHI
2334 283 2746 340 SlTHIVENSlS

3751 277 3881 332 111'2

500 414 603 468 bus
654 410 934 482 perfossus
981 425 1088 467 una
1127 426 1250 467 cum
1297 411 1580 482 sanguinis
1618 411 1883 467 effusione
1913 409 2612 480 animamAmirabilisque
2679 407 2903 464 fabrica
2968 405 3301 462 studuerunt
3367 403 3662 470 adiﬂoare,
3732 405 3881 474 cujus

501 499 693 555 efﬂans
730 500 950 556 Christo
984 499 1192 554 libavit.

671 591 803 646 CAP.
842 592 908 644 ll.
941 589 1180 657 Qualiter
1209 591 1349 644 Dani
1375 592 1556 646 Danos
1583 591 1980 662 suspenderunt.

576 682 688 736 Nec
737 681 900 735 etiam
958 693 1086 735 reor
1139 679 1412 734 silendum
1471 680 1550 735 rei
1609 687 1900 745 eventum,
1963 679 2149 735 divino

501 769 714 838 judicio
761 767 971 824 meritis
1020 769 1077 822 Β.
1132 769 1334 822 Bertini
1383 769 1438 822 in
1490 768 1607 838 ipsa
1645 769 1979 839 egressionis
2016 769 2152 824 hora

510 863 806 927 peractum.
895 855 1129 910 Donaria
1205 857 1349 910 enim
1422 856 1715 912 immodica
1790 857 2153 926 conjicientes

507 945 758 1016 argenti,
813 959 981 1014 super
1029 944 1200 999 altare
1231 945 1480 1000 ecclesia
1521 947 1732 1016 requiei
1764 948 1882 1015 ejus
1911 946 2154 1001 cumula-

508 1041 720 1102 verunt,
754 1042 809 1089 et
839 1034 932 1088 uni
962 1047 1028 1088 ex
1051 1034 1162 1102 jam
1193 1034 1358 1090 dictis
1386 1034 1646 1090 fratribus
1683 1050 1751 1090 ne
1781 1037 1848 1090 ab
1877 1036 2153 1104 aliquibus

508 1131 794 1193 raperetur
839 1122 1157 1178 servandam
1209 1123 1616 1194 delegaveruut.
1668 1125 1781 1179 Illis
1829 1133 2008 1180 autem
2055 1141 2150 1180 cu-

511 1214 710 1268 neatim
757 1211 1130 1282 globatimque
1179 1213 1328 1268 exire
1388 1227 1740 1282 praprOpere
1788 1215 2148 1280 certantibus,

510 1304 830 1358 restiterunt
877 1300 1113 1356 latenter
1150 1300 1372 1369 quidam
1417 1301 1667 1368 illorum,
1725 1309 1930 1358 temere
1979 1318 2150 1372 pecu-

509 1392 654 1446 niam
703 1389 1028 1445 involantes.
1075 1390 1230 1456 Quod
1281 1405 1403 1444 cum
1449 1392 1782 1459 primoribus
1819 1393 2152 1447 innotuisset

504 1481 614 1549 jam
672 1480 928 1549 egressis,
981 1478 1346 1533 subsistentes
1384 1479 1748 1535 insonuerunt
1787 1481 1934 1536 tubis
1971 1481 2027 1535 in
2059 1481 2150 1535 in-

512 1569 750 1624 terstitio
782 1569 946 1623 duum
979 1569 1458 1635 monasteriorum,
1482 1569 1846 1625 subsistentes
1869 1578 1924 1625 et
1953 1571 2154 1626 coadu-

2234 497 2522 569 longitudo
2571 497 2931 553 consistentis
2960 496 3016 551 in
3056 502 3202 550 terra
3241 493 3496 564 aquabat
3538 492 3878 549 altitudinem

2234 587 2488 643 culminis
2554 587 2810 643 ecclesia
2871 586 2959 642 cui
3025 583 3511 655 superponendum
3571 589 3710 638 erat.
3774 585 3880 639 Nec

2235 676 2452 742 mirum,
2514 677 2803 746 tristegum
2862 676 3006 731 enim
3068 674 3157 745 (ut
3211 672 3509 742 vulgariter
3569 671 3877 742 loquamur)

2235 765 2396 820 trium
2455 765 2733 835 tripodum
2795 764 3086 820 ordinibus
3139 761 3340 817 factum
3398 759 3598 826 fuerat,
3659 769 3881 830 excepta

2234 867 2443 908 summa
2475 853 2794 909 claxendice
2847 852 2974 925 (38).
3027 854 3217 922 Itaque
3248 850 3502 906 ecclesia
3530 850 3880 918 superposito

2235 949 2291 998 et
2333 948 2541 1010 erecto,
2592 957 2692 1013 per
2737 941 3092 1013 singulasque
3139 940 3496 1010 compagines
3526 941 3726 1008 juncto
3766 953 3883 993 cum

2237 1032 2419 1088 tholus
2497 1030 2730 1101 pomifer
2771 1033 2823 1086 in
2855 1032 3007 1088 edito
3050 1045 3156 1086 una
3205 1044 3327 1086 cum
3369 1027 3691 1098 triumphali
3730 1029 3884 1098 signo

2235 1122 2417 1177 crucis
2455 1122 2764 1192 erigeretur
2791 1135 2855 1175 ac
2903 1121 2958 1175 in
3007 1134 3143 1192 gyro
3174 1119 3421 1189 ejusdem
3452 1117 3662 1186 stipitis
3691 1132 3884 1186 super-

2237 1211 2372 1265 rima
2404 1219 2546 1278 rota,
2580 1210 2673 1266 ubi
2706 1210 2938 1266 hastula
2982 1215 3038 1264 et
3087 1209 3345 1264 tabulata
3386 1207 3630 1278 prafata
3662 1206 3891 1262 claxen-

2235 1299 2376 1354 dicis
2419 1299 2748 1370 superinniti
2795 1313 2859 1354 ac
2906 1297 3108 1368 configi
3148 1298 3489 1363 debuerant,
3543 1297 3889 1353 numerando

2234 1388 2608 1458 c0pularetur,
2653 1403 2792 1444 unus
2829 1389 3097 1444 artificum
3166 1387 3386 1444 nomine
3444 1389 3684 1449 Bertus.
3747 1393 3893 1441 stans

2233 1493 2402 1547 super
2447 1479 2642 1534 eodem
2691 1480 2842 1534 circo
2892 1479 3125 1547 arripuit
3154 1477 3430 1543 malleum,
3464 1485 3517 1532 et
3557 1476 3722 1546 quasi
3764 1491 3890 1546 gra-

2236 1567 2572 1622 tulabundus
2619 1582 2720 1638 pro
2758 1568 3199 1637 appropinquata
3238 1580 3379 1636 pene
3418 1566 3892 1622 consummatione

514 1666 708 1712 nantes
763 1671 822 1712 se
879 1656 1006 1722 sibi,
1055 1656 1412 1726 quoadusque
1472 1659 1549 1712 rei
1603 1667 1729 1712 sunt
1787 1660 2037 1728 requisiti
2105 1650 2342 1714 etBtarn
2385 1657 2507 1711 miri
2547 1658 2754 1726 operis,
2795 1657 2962 1712 ictum
2994 1655 3161 1711 veluti
3186 1657 3459 1725 jactanter
3486 1655 3713 1725 longius
3742 1654 3898 1710 colli-

513 1746 718 1801 inventi
748 1760 1042 1814 coramque
1075 1747 1297 1801 deducti
1321 1767 1332 1800 :
1368 1747 1556 1816 eisque
1577 1749 1844 1803 convictis
1863 1756 1917 1803 et
1937 1749 2154 1818 judicio

511 1835 903 1905 sacrilegorum
936 1835 1333 1900 condemnatis,
1366 1837 1618 1905 suspensi
1657 1846 1785 1891 sunt
1831 1838 1886 1891 in
1931 1838 2156 1892 australi

513 1932 668 1994 parte
701 1925 854 1993 juxta
904 1924 1186 1978 introitum
1241 1933 1414 1992 porta
1465 1927 1802 1992 monasterii,
1854 1927 2154 1981 evidentis-

511 2014 648 2068 sime
693 2013 1072 2084 promulgante
1111 2013 1364 2078 Domino,
1392 2014 1605 2082 judicio
1638 2016 1797 2069 etiam
1831 2015 2154 2082 infidelium,

514 2116 675 2171 pana
724 2103 874 2156 brevi
928 2101 1076 2170 quali
1126 2101 1372 2156 cruciatu
1422 2102 1699 2171 plectendi
1729 2112 1857 2158 sunt
1889 2111 2155 2174 perpetuo

511 2192 613 2246 sub
654 2197 928 2260 pratentu
958 2191 1426 2257 Christianitatis,
1475 2191 1578 2245 nisi
1628 2192 1960 2262 recipiscant
1988 2194 2159 2248 sacri-

513 2280 640 2350 legi.
701 2280 893 2346 Unde,
945 2279 1289 2346 charissimi,
1341 2280 1814 2336 elucubratissima
1873 2281 2158 2352 diligentia

513 2369 907 2424 advertendum
969 2368 1128 2423 nobis
1175 2376 1258 2424 est
1306 2383 1468 2436 quam
1533 2369 1834 2425 clementer
1898 2371 2158 2426 Dominus

513 2459 795 2513 trahentes
822 2459 976 2527 quasi
1006 2459 1227 2528 longum
1258 2457 1440 2512 funem
1472 2460 1890 2528 irrumpibiliter
1932 2469 2156 2530 peccata

519 2554 726 2612 nostra,
785 2547 1098 2616 improvisa,
1155 2548 1264 2602 imo
1331 2547 1504 2601 invisa
1570 2547 1807 2603 hostium
1876 2550 2156 2604 invasione

516 2635 808 2706 dignanter
859 2635 1177 2706 castigando
1225 2649 1327 2690 nos
1374 2634 1696 2706 redarguit:
1732 2638 1959 2707 parique
1990 2638 2154 2694 modo

515 2726 859 2780 exactissima
916 2725 1410 2794 circumspectione
1477 2726 1938 2782 considerandum
2005 2728 2152 2796 quod

511 2815 946 2871 misericorditer
997 2821 1052 2868 et
1097 2814 1277 2869 locum
1320 2822 1451 2870 tunc
1500 2816 1754 2882 servavit,
1787 2823 1841 2870 et
1873 2815 2151 2872 habitato-

507 2904 660 2959 ribus
705 2904 943 2974 gratuita
992 2903 1213 2972 pietatis
1252 2903 1605 2958 miseratione
1645 2905 1912 2973 pepercit.
1947 2905 2154 2958 Meritis

2239 1761 2374 1815 gens
2432 1746 2650 1800 incaute
2702 1747 2858 1815 jecit.
2916 1745 3022 1800 Sed
3089 1745 3268 1800 eheu!
3329 1745 3610 1800 resilieute
3665 1752 3793 1798 rota
3843 1751 3892 1797 et

2239 1836 2542 1904 quatiente,
2585 1835 2845 1890 vacillans
2891 1834 3234 1904 pedibusque
3281 1834 3582 1899 lubricans,
3631 1832 3708 1888 de
3749 1841 3890 1886 tanta

2237 1925 2528 1980 altitudine
2559 1939 2808 1994 praceps
2829 1931 2974 1980 terra
2994 1931 3156 1979 tenus
3174 1923 3340 1978 venit.
3366 1924 3493 1989 Sed,
3518 1923 3721 1978 mirum
3744 1923 3888 1976 dictu

2240 2013 2654 2084 mirabiliusque
2687 2013 2918 2068 miratu!
2953 2013 3093 2068 adeo
3125 2012 3325 2068 nullam
3358 2012 3641 2068 lasionem
3677 2026 3885 2080 passus,

2239 2103 2344 2156 nisi
2395 2101 2542 2170 quod
2589 2109 2756 2157 tanta
2794 2101 3102 2156 altitudinis
3149 2100 3588 2171 pracipitatione
3633 2107 3884 2154 conster-

2239 2199 2400 2246 natus
2457 2190 2578 2256 fuit,
2647 2197 2918 2262 quatenus
2971 2191 3283 2262 ambiguum
3341 2190 3457 2245 fieri
3508 2188 3592 2244 fas
3652 2203 3765 2244 non
3820 2191 3884 2243 sit

2238 2285 2619 2349 supportatum
2671 2295 2791 2336 esse
2848 2294 2993 2335 cum-
3027 2279 3130 2334 alis
3184 2279 3629 2344 subventionum,
3693 2278 3883 2333 beatis-

2237 2369 2361 2424 simi
2424 2370 2600 2425 Patris
2657 2369 2746 2425 cui
2810 2369 3036 2425 servivit"
3096 2369 3320 2424 Bertini.
3388 2367 3884 2438 Astipulationique

2240 2460 2375 2514 tanti
2411 2459 2658 2514 miraculi
2691 2459 3019 2529 apponimus
3056 2473 3215 2528 quam
3269 2458 3478 2512 risibile
3509 2463 3565 2512 et
3598 2457 3883 2526 plausibile

2239 2562 2562 2618 responsum
2619 2549 3058 2615 accurrentibus,
3101 2554 3156 2604 et
3184 2563 3379 2619 aquam
3429 2547 3533 2602 sibi
3587 2548 3760 2618 quasi
3791 2531 3883 2618 pro

2238 2635 2638 2692 refocillatione
2696 2637 3092 2706 offerentibus,
3159 2638 3279 2694 sine
3336 2637 3548 2694 doloris
3612 2638 3884 2692 anxietate

2237 2725 2488 2794 protulit,
2540 2725 2755 2782 scilicet
2805 2728 3064 2796 quoniam
3113 2728 3167 2782 in
3221 2741 3386 2797 opere
3438 2741 3540 2782 suo
3583 2741 3810 2797 semper
3838 2735 3885 2781 et

2236 2815 2426 2870 labore
2482 2816 2762 2884 jucundus
2818 2825 2956 2884 erat,
3014 2831 3114 2886 pro
3171 2823 3324 2873 certo
3361 2816 3544 2872 aiebat
3593 2830 3698 2871 eos
3727 2817 3884 2881 scire,

2235 2903 2382 2973 quod
2433 2904 2578 2958 sitim
2630 2905 2971 2976 restinguere
3009 2907 3194 2976 potius
3222 2907 3493 2977 gaudebat
3519 2907 3738 2977 jugiter
3765 2907 3886 2960 vino

504 3007 724 3061 quoque
775 2998 1130 3061 patronorum
1179 2991 1286 3047 loci
1336 2991 1559 3062 dignum
1599 2992 1966 3059 annumerari,
2000 2994 2147 3062 quod
2171 2980 2392 3060 Cquam
2422 3006 2584 3061 aqua,
2633 3006 2734 3048 nec
2785 2993 2970 3049 oblato
3011 2999 3142 3049 tunc
3172 3009 3332 3065 egere
3372 2994 3609 3065 lympha
3647 2994 3881 3063 liquore.

501 3082 696 3136 eodem
730 3087 976 3148 tempore
1027 3079 1284 3147 captivati
1324 3081 1380 3134 in
1419 3080 1569 3136 brevi
1608 3081 1814 3136 reversi
1851 3089 1981 3136 sunt
2011 3097 2147 3153 gau-

500 3169 694 3224 dentes
724 3168 964 3223 universi
996 3176 1050 3223 et.
1083 3167 1218 3222 lati.

497 3259 628 3313 CAP.
661 3258 750 3312 III.
784 3254 1023 3324 Qualiter
1050 3255 1263 3326 quidam
1303 3256 1484 3326 opifex
1511 3272 1544 3311 a
1582 3259 1877 3313 summitate
1913 3257 2149 3314 ecclesia

823 3328 878 3382 in
909 3325 1103 3382 terram
1139 3341 1295 3381 ruens
1326 3325 1459 3382 nihil
1487 3326 1611 3382 mali
1640 3330 1816 3384 sentit.

571 3420 700 3474 Post
774 3417 1112 3473 discriminis
1187 3414 1400 3486 prafati
1483 3417 1869 3474 liberationem
1952 3419 2149 3476 fratres

500 3506 747 3577 ejusdem
814 3506 1054 3562 coenobii
1122 3506 1536 3574 convenientes,
1607 3507 1971 3579 lacrymisque
2038 3523 2148 3566 non

502 3599 683 3652 minus
745 3596 931 3667 gaudii
997 3610 1159 3666 quam
1225 3597 1478 3652 maroris
1540 3596 1706 3664 illiti,
1775 3605 1900 3667 post
1969 3606 2149 3656 tamen

503 3686 928 3756 animaquiores
984 3684 1151 3753 facti,
1212 3693 1500 3755 caperunt
1555 3687 1994 3755 pracordialiter
2045 3695 2152 3745 tra-

505 3784 654 3830 ctare
730 3775 967 3845 qualiter
1039 3777 1254 3830 Domini
1328 3776 1588 3832 offensam
1657 3777 1979 3846 placabilem
2045 3781 2149 3836 sibi

505 3865 814 3933 potuisscnt
851 3863 1053 3931 facere,
1098 3880 1331 3935 seseque
1370 3866 1419 3920 ei
1460 3865 1758 3936 placabiles
1795 3868 2049 3924 reddere.
2090 3872 2149 3925 In

503 3957 880 4022 argumentum
929 3954 1090 4008 etiam
1131 3954 1292 4023 hujus
1340 3955 1458 4019 rei,
1508 3955 1675 4010 veluti
1735 3958 2003 4012 mansueti
2053 3958 2149 4013 filii

501 4041 933 4096 admonitionem
984 4043 1156 4111 patris
1204 4044 1279 4112 pii
1327 4044 1574 4112 generali
1633 4053 1794 4114 pacto
1851 4061 2151 4103 consense-

501 4137 648 4192 runt,
698 4131 1059 4202 gratiosiores
1105 4147 1164 4186 se
1221 4147 1390 4202 super
1437 4133 1538 4189 hac
1586 4135 1984 4205 castigatione,
2037 4138 2147 4193 imo

501 4220 905 4276 emendatiores
935 4220 1051 4276 fieri
1084 4220 1238 4276 velle.
1280 4221 1479 4277 Solerti
1519 4237 1738 4293 quoque
1770 4225 1987 4294 priores
2015 4243 2147 4283 cura

2229 3084 2483 3136 Actutum
2516 3082 2657 3137 enim
2700 3084 2854 3152 quasi
2895 3085 3030 3138 tanti
3065 3084 3326 3153 opinione
3366 3083 3657 3140 infortunii
3691 3083 3886 3138 fratres

2231 3186 2354 3227 cum
2409 3178 2610 3228 catera
2657 3173 2859 3229 familia
2919 3175 3121 3230 mistim
3177 3175 3676 3246 manipulatimque
3746 3178 3884 3232 sicut

2231 3261 2298 3316 ad
2349 3264 2638 3333 exsequias
2681 3263 2828 3318 illius
2873 3263 3010 3334 lapsi
3049 3271 3421 3331 accurrentes,
3471 3280 3597 3320 cum
3653 3281 3883 3337 compe-

2232 3352 2434 3406 rissent
2472 3359 2618 3408 stare
2670 3353 3022 3423 incolumem,
3064 3355 3339 3412 duxerunt
3393 3370 3514 3411 eum
3575 3357 3881 3427 gaudentes

2232 3440 2286 3495 in
2337 3441 2646 3508 ecclesiam,
2680 3443 2839 3499 fletus
2886 3445 3073 3500 tristes
3111 3446 3166 3500 in
3205 3444 3418 3502 latitia
3449 3445 3729 3517 lacrvmas
3759 3463 3881 3518 per-

2231 3535 2526 3597 mutantes,
2559 3546 2849 3603 campanas
2895 3533 3061 3590 solito
3109 3534 3323 3605 prolixo
3370 3535 3634 3607 clangore
3667 3537 3884 3607 grandi-

2232 3632 2395 3674 sonas
2459 3620 2853 3691 increpitantes
2919 3625 3154 3693 pariter,
3230 3625 3500 3695 simulque
3561 3625 3884 3682 solemuitrr

2232 3708 2368 3764 odas
2405 3711 2634 3766 Domino
2672 3713 2882 3768 auctori
2913 3720 2967 3768 et
2996 3715 3055 3768 Β.
3099 3713 3320 3770 Bertino
3359 3715 3605 3783 ejusdem
3636 3717 3880 3772 miraculi

2232 3799 2550 3854 subveutori
2601 3801 2886 3870 psallendo
2933 3802 3194 3858 ferentes.
3243 3804 3492 3859 Artiﬁces
3523 3819 3758 3876 quoque
3791 3807 3882 3860 hac

2231 3887 2432 3942 virtute
2489 3889 2688 3944 nedum
2743 3891 2990 3947 dicamus
3043 3894 3286 3960 animati,
3329 3895 3460 3963 quin
3511 3895 3684 3950 etiam
3728 3897 3879 3951 robo-

2233 3977 2467 4033 ratiores
2496 3984 2550 4033 et
2579 3979 2904 4036 audaciores
2943 3981 3144 4048 eﬁ‘ecti,
3176 3983 3491 4039 inchoatum
3533 3997 3685 4054 Opus
3715 3986 3879 4056 expli-

2233 4075 2468 4122 cuerunt
2499 4076 2816 4124 constantes
2845 4078 2900 4126 et
2930 4071 3064 4127 lati.
3949 4071 3954 4074 ”

2230 4157 2358 4211 CAP.
2391 4158 2477 4212 IV.
2518 4160 2594 4212 De
2623 4158 2847 4228 quodam
2875 4160 2984 4214 cive
3023 4161 3350 4216 Viiidunensi
3377 4162 3700 4218 naturaliter
3727 4164 3879 4218 surdo

2460 4248 2510 4298 et
2538 4249 2674 4300 muto
2705 4245 2775 4300 ad
2801 4245 3092 4317 sepulcrum
3121 4249 3182 4303 S.
3214 4248 3418 4302 Bertini
3443 4256 3662 4304 sanato.

506 4325 627 4366 cum
684 4311 998 4409 δθξηοςίυυδ
1054 4311 1486 4409 οφῐξδωυθνυηῐ)
1547 4313 1749 4381 finibus
1805 4313 2215 4409 ροιίδδξῐηυῐηῖ)
2303 4332 2644 4389 Succedente
2693 4311 2914 4405 quoque
2962 4344 3209 4408 tempore
3249 4337 3452 4392 accidit
3479 4343 3541 4393 ut
3571 4339 3806 4409 quidam
3833 4345 3878 4394 et

507 4401 964 4470 occupationibus
1018 4401 1321 4470 quivissent
1386 4401 1629 4470 priorum
1695 4403 2146 4474 negligentiarum

506 4489 932 4545 redhibitionem
983 4489 1235 4545 reddere.
1297 4490 1496 4559 Sicque
1553 4493 1918 4548 communiter
1957 4499 2151 4550 tracta-

508 4585 621 4632 tum
674 4583 776 4644 est,
828 4584 888 4632 ut
936 4584 1080 4633 tecta
1120 4578 1473 4633 ecclesiarum
1505 4586 1772 4636 vetustate
1803 4590 2147 4653 consumpta,

511 4673 945 4738 caterarumque
1003 4666 1345 4723 officinarum
1403 4668 1767 4738 perstillantia
1818 4685 1927 4728 non
1972 4674 2148 4730 solum

513 4758 862 4823 resarrirent,
921 4771 1105 4812 verum
1163 4758 1281 4812 sine
1340 4758 1745 4814 intermissione
1791 4761 1876 4816 vel
1925 4762 2153 4820 alterius

511 4847 716 4918 negotii
781 4846 1204 4915 interpositione
1272 4847 1509 4916 pleniter
1572 4856 1919 4905 renovarent.
1995 4854 2150 4920 Quod

507 4938 652 4993 sicut
693 4950 902 4991 summa
945 4935 1239 4991 devotione
1286 4935 1624 5004 inchoatum,
1656 4937 1730 4993 ita
1761 4947 1952 4996 nostro
1983 4955 2152 5012 opere

505 5028 661 5083 ocius
690 5040 852 5096 quam
889 5025 1203 5095 putabatur,
1250 5027 1359 5082 Deo
1391 5026 1643 5082 effectum
1675 5029 2150 5100 subministrante,

505 5117 732 5186 pulchre
805 5115 1296 5184 strenuissimeque
1363 5123 1446 5170 est
1512 5116 1837 5186 perfectum.
1907 5121 2152 5176 Ecclesia

503 5220 725 5276 quoque
774 5205 988 5276 requiei
1037 5207 1091 5260 S.
1153 5204 1360 5260 Bertini
1410 5204 1696 5261 celerrime
1746 5207 1957 5263 exstitit
2014 5210 2152 5266 miro

505 5309 672 5365 opere
723 5295 947 5365 plumbo
993 5299 1280 5364 cooperta.
1331 5293 1436 5350 Sed
1486 5300 1540 5350 et
1590 5295 1780 5351 turrile
1821 5297 1994 5367 ipsius
2024 5299 2154 5356 licet

508 5387 724 5440 noviter
771 5391 916 5440 esset
953 5385 1384 5455 superpositum,
1419 5385 1548 5455 quia
1581 5385 1807 5456 antiquo
1853 5401 2005 5443 more
2036 5394 2154 5445 erat

511 5472 734 5540 factum,
793 5475 1189 5545 deposuerunt,
1245 5481 1300 5530 et
1351 5474 1498 5531 aliud
1557 5475 1710 5531 mira
1764 5477 2155 5547 magnitudinis

594 5579 714 5651 (38)
750 5581 807 5636 Id
847 5586 930 5636 est
966 5593 1176 5637 summo
1207 5582 1520 5650 campanili,
1553 5582 1714 5652 vulgo
1745 5581 1792 5636 le
1821 5582 2043 5641 clocher.

2231 4421 2453 4477 natione
2487 4429 2541 4477 et
2581 4425 2800 4480 nomine
2841 4425 3081 4496 ignotus,
3112 4441 3214 4482 nec
3255 4427 3469 4493 mirum,
3501 4428 3633 4497 quia
3666 4431 3878 4500 gemino

2233 4511 2618 4568 miserabiliter
2665 4515 2858 4570 morbo
2906 4514 3085 4571 fuerat
3131 4517 3485 4578 constrictus,
3533 4517 3764 4587 (auditu
3804 4530 3880 4574 et-

2233 4601 2376 4655 enim
2425 4615 2454 4656 a
2506 4603 2778 4672 primava
2829 4603 3166 4672 profusionis
3210 4606 3346 4662 hora
3394 4607 3606 4662 exstitit
3659 4623 3878 4668 vacuus.

2233 4696 2289 4746 et
2333 4691 2552 4762 loquela
2591 4693 2848 4763 privatus)
2891 4696 3103 4752 veniret
3151 4697 3554 4768 peregrinando
3584 4697 3660 4752 ad
3701 4713 3881 4754 mona-

2231 4782 2458 4837 sterium
2500 4781 2711 4852 prafati
2758 4785 2952 4838 Patris.
3002 4785 3102 4854 Qui
3160 4801 3281 4842 cum
3334 4787 3410 4841 ibi
3458 4787 3701 4843 multum
3747 4797 3877 4843 tem-

2235 4872 2387 4940 poris
2442 4879 2749 4942 perageret,
2803 4880 2973 4943 utque
3026 4876 3367 4944 pratulimus
3422 4877 3552 4946 quia
3608 4876 3720 4934 fari
3779 4894 3878 4932 non

2235 4961 2452 5028 potuit,
2504 4961 2809 5030 pulsatibus
2855 4964 3266 5020 taratarantium
3314 4965 3642 5022 tabellarum
3688 4970 3877 5038 stipem

2235 5050 2594 5119 mendicaret,
2629 5051 2892 5122 nulloque
2923 5067 2983 5109 se
3029 5053 3233 5110 alicubi
3279 5055 3598 5122 diverteret,
3654 5061 3878 5128 ejusque

2235 5141 2512 5197 continua
2564 5143 2888 5197 constantia
2929 5143 3217 5214 jugitatem
3255 5144 3730 5216 ecclesiarumque
3782 5147 3880 5201 fre-

2237 5231 2515 5300 quentiam
2571 5231 2916 5288 Christicola
2973 5233 3082 5288 loci
3139 5235 3530 5300 detractantes,
3591 5235 3878 5291 conferen-

2236 5323 2428 5390 tesque
2459 5333 2569 5376 non
2616 5321 2735 5376 sine
2786 5327 2922 5377 nutu
2971 5324 3066 5378 Dei
3097 5323 3258 5379 talem
3288 5323 3715 5393 significantiam
3747 5326 3875 5382 ﬁeri.

2236 5416 2523 5480 coeperunt
2552 5425 2675 5467 eum
2714 5412 3004 5468 humanius
3033 5413 3292 5484 colligere
3332 5420 3387 5468 et
3425 5413 3480 5468 in
3529 5414 3875 5471 xenodocbio

2237 5498 2574 5568 quotidiana
2621 5502 2957 5571 receptionis
3001 5516 3296 5574 pauperum
3337 5501 3596 5574 delegato
3637 5505 3878 5560 mansio-
