4056 6150
337 318 475 374 1113

1441 315 1786 371 MIRACULA
1823 314 1879 370 S.
1921 314 2212 372 BERTINI.
2255 347 2326 358 ——
2364 317 2491 373 LIB.
2534 318 2600 373 ll.

3573 310 3708 368 1114

331 458 457 500 nem
486 439 567 499 illi
597 441 910 514 designare.
951 441 1032 498 lbi
1062 446 1244 497 autem
1283 453 1424 510 pene
1451 453 1653 496 annum
1680 439 2254 502 conversa-Aaffatus
2283 456 2315 498 a
2346 441 2758 512 primatioribus
2804 445 2865 497 ut
2907 454 3092 497 secum
3123 440 3250 507 iret,
3290 437 3701 509 appellaretur;

332 540 442 600 tus,
475 540 602 603 post
630 531 992 600 bebdomada:
1023 531 1321 586 Dominicae
1351 529 1796 586 Resurrectionis
1823 542 1982 584 com-

335 623 657 694 pletionem,
691 620 907 676 decimo
939 621 1051 688 die,
1083 620 1139 675 id
1169 626 1254 675 est
1283 626 1478 690 quarta
1507 617 1663 684 feria,
1698 619 1985 674 monachis

333 713 645 783 vespertina
675 710 865 766 debita
911 710 969 764 in
1017 708 1251 765 ecclesia
1300 708 1742 778 persolventibus
1772 714 1828 763 et
1855 720 1986 762 can-

335 811 456 859 tore
495 800 794 856 inchoante
841 798 1198 868 antiphonam
1235 797 1303 852 ad
1354 812 1572 854 crucem
1618 797 1983 862 salutandam,

337 892 410 947 ita
451 890 807 959 incipientem
843 908 855 942 :
891 889 993 955 Ite,
1022 889 1255 942 nuntiate
1299 886 1554 958 fratribus
1600 887 1745 950 meis,
1778 898 1985 955 puero-

337 995 445 1050 que
493 980 897 1048 subsequenter
949 977 1340 1046 pronuntiante
1395 990 1610 1032 versum
1665 996 1676 1030 :
1730 976 1896 1030 Dicite
1932 975 1989 1029 in

339 1067 658 1132 nationibus,
689 1065 909 1122 caeteris
959 1065 1121 1120 etiam
1169 1073 1327 1120 sueto
1377 1079 1528 1120 more
1559 1065 1739 1134 ipsum
1770 1063 1986 1118 tractim

339 1172 403 1212 ac
450 1156 721 1211 submisse
771 1154 1252 1224 persequentibus,
1303 1153 1359 1208 in
1398 1154 1516 1223 ipsa
1573 1153 1728 1222 quasi
1781 1152 1988 1208 silentii

340 1245 476 1301 hora
505 1245 674 1314 erepit
714 1245 825 1313 jam
874 1242 1058 1298 dictus
1100 1242 1302 1298 surdus
1330 1256 1395 1297 ac
1442 1249 1624 1297 mutus
1664 1241 1988 1297 blaterando

342 1333 542 1389 imitari
591 1332 806 1388 auditas
865 1330 1211 1400 psallentium
1281 1345 1462 1386 voces.
1533 1333 1752 1386 Fratres
1806 1331 1991 1399 itaque

342 1421 410 1477 ad
450 1429 559 1476 tam
615 1420 895 1476 insolitum
946 1419 1393 1487 horrendumque
1448 1433 1644 1475 sonum
1703 1417 1988 1488 pavefacti.

2065 531 2264 586 nedum
2297 531 2564 594 dicamus,
2605 531 2738 598 ivit;
2788 545 2974 587 verum
3013 530 3178 587 etiam
3221 529 3428 585 monita
3463 525 3707 583 salubria

2065 620 2328 676 adversus
2371 620 2562 676 audire
2601 620 3010 684 dissimulavit,
3079 632 3314 690 pergens
3359 617 3428 672 ad
3478 614 3708 686 paucula

2069 723 2267 779 pecora
2326 724 2450 778 qua:
2495 709 2826 764 videbantur
2872 723 2993 765 esse
3032 709 3118 764 sui
3161 708 3302 776 juris
3341 703 3708 776 procuranda.

2067 799 2162 854 Cui
2198 799 2511 868 priusquam
2557 799 2898 867 pervenisset
2942 797 3011 852 ad
3061 810 3382 867 pascuarum
3429 795 3574 860 loca,
3627 806 3713 847 ac-

2069 888 2236 944 cessit
2283 902 2456 959 angor
2484 887 2650 944 animi
2691 901 2813 942 cum
2863 889 3060 956 timore
3090 885 3425 943 intolerabili
3456 891 3512 939 et
3548 882 3714 939 nimia

2069 977 2490 1046 horripilatione
2515 993 2528 1032 :
2551 985 2738 1046 atque,
2771 983 2831 1030 ut
2867 977 2937 1031 ab
2975 977 3096 1044 ipso
3137 980 3262 1045 post
3290 974 3606 1034 didicimus,
3637 970 3717 1025 vi-

2071 1067 2303 1122 debatur
2348 1067 2400 1122 ei
2448 1066 2602 1136 quasi
2655 1073 2826 1121 totum
2877 1064 3154 1135 perfusum
3214 1079 3274 1120 se
3323 1062 3490 1119 fuisse
3531 1061 3716 1116 calore

2071 1153 2332 1211 ferventis
2378 1169 2535 1225 aqua:
2578 1174 2590 1210 :
2634 1160 2689 1209 et
2735 1155 2902 1210 veluti
2949 1154 3154 1224 ignotis
3214 1152 3529 1222 loquamur,
3589 1149 3718 1219 quia

2071 1245 2211 1300 situs
2257 1244 2502 1314 ejusdem
2560 1242 2713 1299 fundi
2772 1242 2866 1299 ubi
2923 1243 3028 1298 hoc
3067 1242 3320 1311 provenit
3351 1239 3476 1295 talis
3513 1245 3617 1304 est,
3659 1243 3719 1292 ut

2074 1333 2188 1388 illic
2225 1333 2486 1388 viantium
2525 1333 2812 1388 obtutibus
2857 1332 3124 1387 clarescat
3171 1337 3497 1400 prospectus
3547 1327 3721 1384 eccle-

2074 1422 2275 1478 siarum
2306 1422 2508 1478 Christi
2538 1420 2915 1478 confessorum
2953 1419 3248 1476 Audomari
3279 1426 3443 1488 atque
3476 1415 3717 1482 Bertini;

342 1511 710 1566 διιδδῐίιθΐυῐὶῐ
779 1516 1089 1564 δηηιιθηῐθδ
1161 1521 1451 1564 (1300001ηο
1547 1522 1846 1578 pauperum
1935 1515 1995 1561 ut
2076 1512 2242 1567 miser
2272 1511 2363 1566 ille
2393 1511 2524 1567 licet
2572 1511 2644 1566 ob
2693 1511 2951 1566 duritiam
3001 1510 3085 1565 sui
3115 1523 3214 1563 seu
3251 1508 3596 1575 subsequens
3625 1503 3724 1558 mi-

344 1600 649 1670 inquireret
687 1613 928 1655 causam.
987 1599 1239 1665 Quicum
1270 1598 1436 1654 solito
1477 1599 1528 1654 ei
1567 1605 1856 1662 annueret,
1891 1610 1994 1651 nec
2078 1600 2320 1656 raculum
2380 1600 2603 1655 minime
2662 1598 3008 1664 miserabilis,
3072 1598 3225 1653 nisus
3279 1609 3346 1652 eo
3412 1606 3720 1663 quanquam

345 1690 658 1760 proliceret,
718 1687 1016 1744 irascibilis
1080 1694 1139 1742 ut
1194 1695 1312 1742 erat
1345 1728 1359 1751 ,
1410 1687 1580 1757 coepit
1633 1700 1754 1741 eum
1815 1685 1997 1740 verbis
2077 1703 2202 1745 sero
2232 1704 2291 1745 se
2337 1689 2632 1756 divertere,
2683 1697 2956 1758 quatenus
3014 1686 3233 1742 illorum
3275 1685 3532 1755 precibus
3573 1684 3726 1752 juva-

345 1780 654 1848 increpare.
686 1780 754 1833 At
793 1777 885 1832 ille
916 1777 1035 1846 ipsa
1060 1776 1251 1832 eadem
1279 1776 1465 1841 verba,
1501 1774 1627 1844 quia
1659 1774 1808 1830 aliud
1839 1774 1994 1844 loqui
2017 1773 2253 1847 Breiur,
2297 1794 2405 1837 non
2439 1781 2638 1850 ροιυίι,
2670 1781 2768 1835 seu
2798 1793 2935 1849 pene
2966 1778 3233 1833 exanimis
3260 1785 3388 1831 anie
3427 1777 3482 1830 in
3522 1781 3724 1829 ini-ram

347 1869 599 1935 nescivit,
640 1866 924 1922 blissando
955 1866 1295 1935 respondere
1326 1865 1592 1919 tentabat.
1635 1866 1785 1919 Tunc
1805 1862 2003 1918 fratres

349 1958 602 2028 protinus
631 1955 1006 2026 intelligentes
1036 1955 1086 2009 ei
1116 1970 1145 2009 a
1176 1954 1406 2010 Domino
1439 1952 1651 2008 meritis
1694 1954 1754 2006 Β.
1795 1952 2003 2015 Bertini

349 2059 672 2103 concessum
733 2059 854 2100 esse
917 2043 1163 2100 auditum
1221 2050 1276 2099 et
1332 2042 1540 2109 fatum,
1592 2039 2004 2112 hymnicanoris

351 2135 657 2206 psallentiis
702 2148 826 2190 cum
880 2133 1158 2204 signorum
1211 2132 1519 2202 pulsatibus
1568 2133 1679 2186 Deo
1718 2137 1902 2200 grates
1939 2143 2003 2184 ac

352 2225 593 2280 saltatori
633 2225 752 2293 ejus
781 2223 916 2278 totis
963 2221 1277 2277 referebant
1306 2220 1536 2275 viribus.
1578 2219 1860 2288 Hujusque
1889 2217 2004 2271 vir-

353 2316 485 2369 tutis
531 2313 819 2369 exhilarati
887 2311 1156 2380 tripudio,
1217 2311 1345 2379 quia
1393 2309 1448 2363 in
1499 2308 1693 2377 primis
1744 2305 2007 2376 auspiciis

352 2403 564 2458 florida:
599 2399 904 2470 juventutis
934 2407 1071 2463 erat,
1106 2399 1374 2452 miserunt
1421 2410 1545 2451 eum
1593 2395 1662 2450 ad
1701 2393 2002 2450 canonico-

352 2506 474 2547 rum
533 2489 800 2555 scholam,
861 2488 1166 2542 litterarum
1231 2485 1431 2540 studiis
1487 2483 1752 2554 quantulo
1819 2489 2007 2552 posset

356 2578 735 2644 imbuendum,
768 2576 1143 2645 continuoque
1175 2576 1268 2630 ubi
1306 2573 1580 2629 diurnalia
1611 2572 1851 2642 capitula
1881 2586 2004 2627 cum

355 2667 815 2738 vespertinalibus
855 2664 1078 2735 psalmis
1127 2664 1342 2729 didicit,
1385 2676 1595 2718 comam
1644 2662 1751 2716 sibi
1809 2661 2006 2730 capitis

2086 1870 2320 1938 proruit,
2351 1884 2696 1939 nequaquam
2729 1876 2791 1924 ut
2819 1869 3071 1938 passione
3109 1865 3468 1922 scotomatica
3524 1862 3725 1935 (verti-

2083 1960 2301 2031 ginosa)
2353 1960 2516 2026 ictus,
2557 1959 2653 2014 sed
2698 1973 2797 2028 pro
2836 1959 3032 2014 animm
3081 1957 3230 2013 illius
3263 1957 3350 2028 (ut
3402 1961 3592 2024 postea
3622 1953 3729 2010 cla-

2084 2049 2220 2118 ruit)
2273 2049 2592 2114 salvatione,
2636 2048 2745 2103 imo
2794 2047 2966 2118 magis
3023 2047 3261 2102 nominis
3299 2045 3393 2101 Dei
3441 2043 3604 2100 laude
3649 2043 3730 2112 ip-

2083 2138 2308 2205 siusque
2376 2137 2742 2206 dispositione
2812 2136 3076 2191 luminum
3145 2133 3554 2190 delectabilium
3608 2132 3728 2186 visu

2086 2226 2346 2294 privatus,
2380 2240 2445 2280 ac
2475 2225 2679 2280 bimatu
2709 2225 2792 2279 vel
2825 2239 2891 2280 eo
2930 2224 3167 2292 amplius
3213 2223 3270 2276 in
3315 2222 3480 2290 hujus
3508 2221 3730 2276 caecita-

2084 2314 2156 2369 tis
2204 2315 2504 2383 permansit
2558 2315 2878 2368 amaricatu.
2933 2313 3033 2379 Qui
3082 2326 3204 2367 cum
3259 2311 3438 2366 adhuc
3486 2307 3730 2378 torporis

2085 2409 2302 2473 teperet
2339 2403 2573 2469 desidia,
2606 2402 2762 2472 quasi
2794 2400 3042 2457 funditus
3079 2402 3148 2457 de
3195 2415 3310 2456 suae
3356 2398 3606 2454 sanitatis
3636 2411 3730 2452 re-

2085 2493 2414 2550 formatione
2454 2491 2729 2557 diftidens,
2773 2491 2992 2546 hortatu
3043 2490 3260 2546 tandem
3309 2501 3553 2553 suorum,
3604 2487 3733 2542 bea-

2087 2583 2282 2639 tissimi
2314 2583 2490 2637 Patris
2540 2581 2746 2637 Bertini
2799 2581 3043 2651 perrexit
3085 2579 3307 2634 visitare
3357 2577 3564 2642 limina,
3604 2574 3732 2630 affe-

2086 2687 2216 2728 rens
2271 2687 2395 2742 quae
2461 2672 2713 2728 obtinere
2762 2672 2963 2741 potuit,
3015 2670 3244 2725 maxime
3301 2681 3461 2724 cerea
3508 2678 3734 2721 munera

355 2759 633 2828 deponere
667 2755 943 2825 poposcit.
976 2756 1044 2808 At
1074 2767 1184 2808 non
1211 2753 1376 2822 longo
1411 2759 1533 2821 post
1565 2750 1772 2806 tadere
1812 2750 2002 2818 cmpit,

2092 2776 2197 2832 quo
2246 2763 2292 2817 si
2340 2763 2450 2816 Deo
2499 2767 2554 2816 et
2599 2760 3026 2816 clementissimo
3060 2760 3170 2827 jam
3229 2757 3379 2813 dicto
3419 2755 3564 2811 Patri
3622 2754 3736 2824 pla-

359 2845 746 2918 Ρΐοῖθδδυδίιυθ
805 2851 890 2898 εδι
938 2843 1094 2898 σοι’άί
1151 2842 1256 2896 Sibi
1295 2839 1414 2896 fore
1471 2842 1697 2895 Romam
1755 2837 2004 2908 Ρθιθηάί,
2091 2853 2335 2915 cuisset,
2403 2851 2522 2919 ejus
2578 2849 2791 2905 meritis
2857 2845 3106 2916 recipere
3163 2850 3469 2901 mereretur
3533 2843 3732 2897 amissa

356 2942 691 3005 acceptaque
724 2932 968 2998 licentia,
995 2931 1180 3001 junxit
1207 2946 1267 2985 se
1287 2929 1595 2985 Saxonibus
1639 2926 2009 2983 ultramarinis
2089 2947 2376 3010 canini-nm
2419 2939 2635 2996 orbium
2701 2939 2927 3004 inmina,
2983 2935 3264 3006 spondens
3309 2948 3375 2989 ac
3405 2933 3736 2988 conﬂi-mann

359 3029 584 3082 Romam
617 3021 951 3093 Ρθῐθυῐίδιιδ·
993 3022 1238 3089 Cumque
1270 3033 1376 3074 una
1406 3032 1528 3073 cum
1569 3017 1680 3073 illis
1727 3016 2063 3099 Penenis‘_
2090 3029 2359 3099 quidquid
2390 3043 2558 3098 super
2587 3041 2653 3083 eo
2693 3027 2892 3082 divinae
2936 3025 3125 3094 pietati
3167 3023 3430 3093 placeret,
3464 3021 3736 3089 reliquum

358 3120 442 3168 set
472 3090 632 3167 ultra
661 3111 963 3180 Lingonum
999 3109 1295 3175 civitatem,
1329 3105 1790 3162 consociaverunt
1826 3121 1886 3161 se
1925 3090 2066 3160 eisC
2091 3090 2216 3174 {inn
2245 3090 2395 3173 ’θυαε
2451 3090 2687 3187 έρειίωη
2738 3116 2815 3170 ini
2863 3090 3127 3184 peingeie
3167 3090 3335 3167 neue,
3395 3115 3561 3177 Quam
3619 3109 3739 3177 eius

361 3202 750 3256 Viridunenses
807 3198 1180 3268 negotiatores
1224 3195 1471 3251 eamdem
1519 3195 1658 3250 viam
1717 3195 2007 3250 tendentes
2089 3206 2335 3261 iniimnm
2418 3204 2606 3261 cordis
2682 3204 3032 3260 devotionem
3124 3198 3738 3266 constantissimamque

360 3306 532 3361 usque
578 3289 645 3344 ad
703 3287 1153 3344 ἀίνπίοδῐίοιιθω
1210 3286 1312 3341 Vim
1359 3285 1613 3341 ducemis
1669 3285 2003 3354 Hispaniam-
2089 3293 2492 3350 confessionem
2540 3292 2843 3363 inspiciens
2889 3290 3232 3346 occultorum
3279 3287 3534 3356 cognitor
3569 3287 3734 3352 Deus,

359 3381 550 3449 Ibique
578 3387 708 3434 tunc
737 3377 979 3432 innotuit
1006 3375 1155 3445 quod
1197 3380 1356 3430 antea
1385 3373 1489 3429 fuit
1524 3375 1794 3444 ignotum.
1835 3374 2007 3428 civem
2090 3383 2305 3440 meritis
2344 3391 2400 3438 et
2438 3383 2700 3453 precibus
2737 3379 3149 3436 clementissimi
3189 3377 3366 3432 Patris
3402 3373 3647 3430 reddidit
3675 3373 3742 3427 il-

360 3468 616 3523 νίάθιίοθῐ
648 3467 827 3536 ipsum
857 3479 978 3520 esse
1020 3464 1475 3530 Viridunensem;
1521 3463 1651 3532 qum
1681 3463 1758 3517 ibi
1788 3461 2011 3532 δὲηονίῐ
2091 3473 2201 3527 lum
2232 3473 2370 3528 visui
2417 3479 2472 3527 et
2517 3472 2689 3526 visum
2720 3471 2847 3536 sibi,
2883 3476 3030 3524 tanta
3067 3466 3277 3522 scilicet
3329 3462 3739 3534 perspicuitatis

363 3573 511 3624 suos,
552 3557 681 3611 licet
737 3552 1038 3609 difﬁciliter
1087 3552 1156 3606 ab
1206 3551 1287 3606 eis
1341 3557 1528 3620 posset
1583 3551 1702 3619 ipse
1750 3549 2008 3620 cognosci

2093 3560 2363 3626 claritate,
2410 3567 2488 3626 ut,
2522 3559 2780 3629 quoniam
2817 3574 2846 3612 a
2876 3556 3113 3626 pueritia
3161 3556 3216 3609 in
3256 3554 3422 3608 domo
3454 3552 3736 3621 cujusdam

366 3655 592 3718 ρτοιηετ
667 3645 999 3713 insperatam
1094 3639 1539 3696 reformationem
1641 3639 2010 3708 ingenitorum
2095 3648 2424 3704 nobilissimi
2455 3649 2697 3716 ejusdem
2731 3646 2974 3716 regionis
3001 3644 3100 3698 viri
3132 3642 3320 3698 adulto
3343 3649 3502 3696 tenus
3531 3639 3739 3694 educa-

2094 3744 2183 3793 tus
2213 3745 2267 3792 et
2296 3738 2438 3792 altus
2469 3737 2589 3803 fuit,
2621 3742 2785 3805 atque
2832 3736 2887 3789 in
2927 3733 3173 3805 genzecio
3205 3731 3378 3801 ipsius
3408 3728 3597 3795 nendi,
3647 3743 3741 3783 cu-

1641 3639 2010 3708 ingenitorum

366 3736 702 3792 morborum.
745 3736 854 3788 lter
915 3739 1096 3786 tamen
1153 3736 1392 3799 ereptum
1449 3734 1672 3783 strenue
1721 3741 2009 3797 peragens,

365 3825 605 3893 indeque
644 3821 885 3887 rediens,
917 3820 1036 3874 sine
1067 3817 1375 3874 divertendi
1411 3816 1476 3871 ad
1519 3816 1741 3885 propria
1788 3815 2014 3870 deside-

369 3915 450 3970 rio
482 3913 746 3968 directum
779 3911 959 3966 locum
998 3907 1300 3962 sanationis
1328 3921 1441 3961 sure
1474 3906 1682 3973 revisit,
1715 3919 1779 3959 ac
1818 3906 1928 3960 Deo
1959 3911 2014 3959 et

370 4001 672 4073 reparatori
710 4015 812 4056 suo
842 3999 1046 4070 gratias
1093 3997 1300 4052 retulit.
1342 3997 1552 4050 Nomen
1593 3995 1754 4049 etiam
1805 3994 1860 4048 in
1912 3994 2013 4048 ba-

373 4095 572 4163 ptismo
597 4091 702 4146 sibi
736 4089 968 4144 inditum
999 4086 1147 4157 quod
1181 4086 1334 4155 prius
1363 4084 1591 4139 nescivit
1617 4097 1777 4152 quam
1807 4097 1837 4137 a
1867 4083 2017 4138 notis

373 4183 588 4248 didicit,
623 4188 751 4235 tunc
780 4177 1115 4242 notiticavit;
1153 4172 1530 4230 Ermenfridus
1588 4173 1733 4228 enim
1787 4173 2015 4228 vocaba-

376 4277 464 4327 tur
495 4291 508 4326 :
541 4272 731 4340 sicque
762 4269 877 4324 suis
923 4264 1369 4322 benefactoribus
1415 4262 1746 4329 valedicens,
1780 4260 2018 4318 refertus

375 4360 821 4416 benedictionum
853 4356 1008 4426 copia
1043 4355 1201 4410 laetus
1232 4353 1490 4408 remeavit
1518 4351 1586 4406 ad
1627 4351 1872 4420 propria.

375 4452 506 4505 er.
549 4450 612 4504 V.
653 4450 730 4503 De
772 4445 997 4519 quodam
1038 4458 1135 4514 per
1182 4442 1439 4497 biennium
1472 4445 1758 4507 excwcafo,
1794 4439 2016 4510 pristino

941 4531 1120 4587 lumini
1167 4530 1423 4586 restituto.

450 4627 600 4682 Sicut
640 4623 892 4682 nonnulli
939 4635 1053 4677 suae
1102 4617 1452 4689 negligentia:
1500 4623 1747 4685 tempore
1798 4613 2024 4684 pericli-

383 4725 589 4785 tantur,
631 4717 705 4770 ita
753 4713 952 4768 divinae
989 4706 1419 4778 dispensationis
1455 4704 1816 4760 saluberrima
1855 4702 2027 4758 casti-

383 4810 603 4880 gatione
659 4808 739 4870 (ut
795 4804 852 4858 in
909 4798 1168 4870 praesenti
1227 4802 1424 4852 eventu
1480 4794 1771 4864 perspicue
1829 4790 2023 4862 claret)

386 4897 539 4953 multi
569 4895 864 4951 salvantur.
904 4888 1132 4957 Quidam
1181 4886 1325 4942 enim
1374 4884 1454 4939 vir
1501 4883 1732 4938 coloniae
1783 4880 2026 4950 ejusdem

389 4985 671 5050 Ecclesiae,
703 4985 772 5038 de
821 4978 1029 5049 oppido
1067 4977 1118 5032 ei
1158 4974 1506 5046 appendente
1564 4977 1879 5040 nuncupato
1931 4970 2028 5026 Ci-

386 5077 583 5141 miaco,
633 5070 908 5129 Letfridus
972 5067 1212 5131 nomine,
1274 5065 1329 5119 in
1376 5061 1802 5119 Christianitatis
1859 5060 2028 5115 devo-

387 5167 538 5222 tione
578 5168 658 5230 (ut
704 5161 785 5217 rei
840 5156 1200 5228 congruentia
1259 5159 1382 5224 post
1443 5152 1758 5215 declaravit)
1813 5149 2030 5206 caeteris

387 5249 938 5321 communicipalibus
966 5246 1082 5301 suis
1113 5244 1294 5299 minus
1325 5241 1577 5298 curiosus
1615 5239 1842 5296 exstitit.
1875 5239 2032 5294 Ideo-

389 5359 496 5415 que
530 5349 585 5398 et
631 5338 832 5396 accidit
885 5340 966 5402 ut,
1015 5333 1142 5388 dum
1192 5345 1354 5401 quam
1403 5331 1492 5386 die
1560 5329 1837 5386 Dominica
1887 5329 2032 5383 cich

389 5433 540 5488 illius
595 5444 747 5486 more
786 5425 952 5483 solito
1002 5421 1068 5477 ad
1122 5419 1412 5477 ecclesiam
1463 5433 1574 5476 non
1615 5419 1792 5474 minus
1842 5417 2031 5472 intima

391 5524 590 5578 mentis
619 5518 912 5576 devotione
940 5511 1281 5577 anhelarent,
1315 5523 1477 5579 quam
1514 5509 1796 5579 gressibus
1834 5506 2031 5576 pedum

393 5616 776 5682 preperarent,
807 5613 863 5663 et
891 5607 1010 5675 ipse
1042 5609 1101 5658 ut
1125 5600 1289 5657 solito
1319 5599 1632 5656 mulcimine
1671 5595 2033 5666 blandiloquii

2093 3827 2251 3881 sandi
2285 3826 2363 3896 (id
2392 3831 2488 3892 est,
2531 3824 2890 3894 consuendi),
2932 3821 3174 3888 texendi,
3207 3820 3466 3888 omnique
3504 3817 3738 3873 artificio

2095 3916 2380 3971 muliebris
2408 3915 2594 3984 cperis
2622 3913 2871 3979 edoctus,
2905 3910 3174 3982 quidquid
3213 3909 3268 3964 in
3300 3907 3564 3978 priedicta
3594 3914 3745 3976 post-

2097 4007 2317 4062 modum
2356 4005 2589 4060 ecclesia
2622 4004 2888 4073 pallorum
2929 4002 3114 4057 ornari
3136 3999 3326 4054 habuit
3353 4004 3408 4054 et
3437 3996 3739 4060 emendari,

2096 4109 2193 4150 seu
2241 4093 2739 4150 ecclesiasticarum
2789 4092 3019 4147 vestium
3077 4088 3266 4154 lavari,
3328 4088 3446 4156 ipse
3503 4085 3742 4141 sollicita

2099 4185 2405 4239 intentione
2461 4188 2804 4251 procuraret,
2853 4179 3177 4236 anhelanter
3213 4177 3466 4246 aspirans
3511 4181 3566 4229 et
3613 4188 3743 4242 sup-

2099 4273 2320 4343 pliciter
2349 4273 2671 4341 implorans,
2695 4283 2805 4340 quo
2826 4269 2974 4324 velut
2997 4270 3116 4337 ipse
3143 4263 3478 4322 elaborando
3510 4261 3744 4317 desudat

2105 4377 2340 4432 quaeque
2388 4361 2680 4416 emendare
2729 4357 3037 4413 necessaria
3086 4362 3141 4409 et
3186 4353 3484 4409 emundare
3525 4350 3741 4414 lurida;

2106 4452 2188 4505 sic
2240 4451 2438 4504 divinae
2483 4447 2851 4504 miserationis
2898 4443 3186 4501 clementia
3244 4438 3743 4509 delinquentiarum

2106 4553 2327 4594 suarum
2383 4538 2624 4593 omnium
2663 4537 2920 4607 dignetur
2964 4533 3113 4588 ablui
3161 4530 3592 4601 inquinamenta,
3633 4539 3744 4596 quo

2108 4634 2385 4683 mereatur
2439 4627 2508 4682 ad
2564 4627 2820 4682 Auctoris
2873 4638 2988 4680 sua:
3045 4619 3452 4678 reformationis
3510 4616 3747 4673 feliciter

2110 4716 2396 4787 pervenire
2424 4715 2724 4772 vocamina.

2286 4808 2414 4861 CAP.
2457 4807 2544 4860 Vl.
2586 4805 2735 4872 Quod
2764 4803 2901 4858 Dani
2929 4803 3102 4856 altera
3139 4799 3246 4854 vice
3280 4797 3564 4852 redierunt.

2182 4897 2256 4950 Ea
2286 4896 2448 4951 etiam
2497 4898 2818 4963 tempestate
2847 4905 2954 4962 qua
2985 4887 3454 4960 praegravantibus
3496 4899 3560 4939 ac
3613 4896 3752 4953 prae-

2112 4985 2546 5055 pouderantibus
2593 4981 2950 5046 multimodis,
2982 4993 3092 5034 non
3123 4979 3285 5034 modo
3315 4976 3489 5031 solius
3516 4971 3754 5043 vulgaris

2113 5075 2324 5144 populi,
2374 5075 2482 5128 imo
2532 5072 2774 5127 omnium
2821 5069 3146 5140 dignitatum
3194 5073 3250 5122 et
3297 5065 3550 5121 ordinum
3581 5061 3754 5116 deliu-

2113 5163 2374 5234 quentiis,
2416 5175 2527 5217 non
2583 5167 2788 5215 tantum
2831 5157 3074 5213 Francia:
3122 5156 3278 5221 lines,
3317 5153 3414 5209 sed
3473 5151 3634 5206 etiam
3676 5156 3757 5203 to-

2113 5255 2224 5308 tius
2289 5251 2444 5321 regni
2511 5247 2834 5320 principalia
2893 5259 3129 5316 quieque
3189 5243 3308 5300 loca
3363 5239 3753 5307 Armoricaque

2116 5342 2395 5412 provincia
2426 5340 2635 5396 diutina
2660 5337 2834 5410 (quod
2866 5349 3012 5391 nunc
3040 5345 3360 5390 enumerare
3392 5330 3612 5400 longum
3643 5325 3752 5397 est)

2114 5431 2397 5501 sacrilega:
2463 5431 2735 5483 Danorum
2792 5424 2973 5496 gentis
3036 5421 3398 5493 oppressione
3455 5416 3758 5474 crudeliter

2117 5521 2245 5576 licet
2287 5521 2434 5589 juste
2473 5517 2861 5573 invaderentur
2911 5513 2979 5569 ab
3028 5512 3121 5568 illa
3167 5511 3363 5576 classe,
3413 5508 3756 5578 plurimaque

2118 5624 2220 5679 pro
2247 5609 2332 5664 sui
2366 5605 2756 5662 numerositate
2796 5602 2991 5676 (veluti
3041 5599 3381 5672 epitheticd'is
3431 5593 3746 5667 loquamur)
