4056 6150
395 287 530 342 1115

1510 283 1836 341 FOLCARDI
1878 281 2175 338 MONACHI
2216 279 2629 336 SITHIVENSIS

3627 281 3769 336 1116

385 429 613 488 magnus
649 413 926 472 exercitus
969 413 1038 469 ab
1080 412 1336 469 omnibus
1365 411 1654 468 dicebatur
1685 431 1699 467 :
1732 422 1878 468 anno
1933 405 2431 476 ad-Acompuncti
2477 404 2555 476 se}
2617 408 2805 460 mutua
2850 402 3203 462 confessione
3260 407 3767 477 rebaptizaverunt,

388 510 583 563 ventus
628 505 713 560 sui
761 504 818 559 in
875 516 1101 574 regnum
1156 501 1506 569 duodecimo,
1548 502 1618 558 ab
1678 501 1827 557 omni
1873 499 2032 571 plaga

391 594 486 652 ubi
526 593 740 650 diffusis
776 597 894 649 erat
939 592 1209 648 adunatus
1255 592 1310 647 in
1359 591 1484 649 loco
1532 591 1647 662 qui,
1689 592 1761 648 ob
1801 603 2033 646 concur-

393 698 512 740 sum
552 683 844 754 insignium
895 681 1032 736 inibi
1083 695 1344 751 aquarum
1393 681 1737 738 Confluentia
1782 687 2029 747 vocatur,

391 776 643 833 ascendit
680 776 878 831 ﬂumen
909 775 1114 831 dictum
1155 775 1376 839 lseram,
1410 772 1766 842 pervenitque
1796 775 1851 826 et
1879 771 2034 842 equi-

395 871 510 923 tatu
543 872 598 922 et
626 865 841 936 navigio
871 865 1152 934 subusque
1190 849 1507 920 Noviomam
1551 861 1792 933 (Noyo-n)
1845 861 2034 918 civita-

395 953 758 1022 tem,faciens
785 953 863 1009 ibi
893 952 1253 1009 munitionem
1298 952 1446 1008 circa
1489 950 1670 1007 villam
1713 966 1780 1008 ex
1807 951 2032 1008 australi

395 1044 574 1116 plaga,
605 1049 798 1100 natura
836 1043 1120 1108 munitam,
1151 1041 1366 1098 scilicet
1411 1055 1552 1112 aqua
1596 1049 1653 1096 et
1680 1041 1834 1109 silva,
1877 1056 2033 1099 voca-

391 1139 502 1190 tam
559 1133 907 1205 Chyrisiacus
949 1132 1063 1204 (aL,
1123 1131 1479 1202 Kyrisiacus],
1537 1131 1831 1188 intendens
1885 1133 1930 1188 si
1978 1133 2034 1188 in

395 1223 545 1280 brevi
578 1224 832 1293 nequiret
860 1227 1010 1278 arcta
1058 1228 1113 1278 et
1159 1221 1369 1278 diutina
1417 1220 1707 1278 obsidione
1737 1222 2031 1290 civitatem,

391 1313 520 1384 quia
571 1327 736 1384 parva
780 1312 1088 1380 videbatur,
1120 1325 1318 1382 capere
1371 1324 1553 1382 posse.
1611 1311 1718 1368 Sed
1767 1326 1889 1368 cum
1945 1313 2039 1368 he-

393 1402 768 1473 misphaerium
797 1402 934 1458 nihil
973 1403 1049 1458 ibi
1083 1401 1446 1472 praevalentes
1483 1407 1948 1470 consummarent,
1981 1409 2038 1459 et

393 1491 613 1563 (nedum
661 1492 927 1559 dicamus)
983 1491 1191 1563 aliquid
1242 1491 1592 1562 proficerent,
1631 1505 1818 1548 verum
1865 1493 2038 1564 magis

392 1579 534 1638 fame
564 1594 629 1638 ac
655 1582 746 1639 siti
774 1581 1034 1653 omnique
1065 1580 1293 1652 penuria
1314 1582 1510 1638 arctati
1543 1595 1684 1652 pene
1713 1581 2034 1652 deficerent,

396 1671 708 1727 consultum
769 1671 857 1744 (ut
909 1678 1162 1728 eventum
1210 1672 1556 1740 subsequens
1607 1670 1885 1744 patefecit)
1945 1673 2039 1728 ha-

2112 510 2178 552 ac
2209 495 2400 552 humili
2431 495 2788 566 perceptione
2839 495 3086 566 mysterii
3116 496 3367 566 corporis
3395 504 3452 553 et
3479 501 3771 570 sanguinis

2111 600 2171 641 se
2201 587 2538 654 munierunt,
2579 584 2774 640 dantes
2830 585 3063 640 invicem
3113 585 3335 642 dextras
3373 601 3475 657 pro
3505 587 3769 644 libertate

2113 681 2168 732 et
2219 675 2326 732 loci
2375 676 2610 731 tuitione
2647 689 2706 731 se
2744 673 2884 731 velle
2933 680 3027 730 aut
3074 675 3293 745 agiliter
3330 685 3620 748 oppetere,
3670 687 3768 735 aut

2111 769 2335 821 strenue
2365 763 2682 831 defendere,
2733 777 3060 834 murumque
3107 766 3363 834 protinus
3411 767 3639 836 optimis
3692 779 3771 837 tu;

2113 868 2231 910 mos
2277 853 2582 910 incolarum
2628 853 2874 924 regionis
2903 853 3005 923 est)
3055 853 3221 909 armis
3282 857 3575 926 praeparati
3634 871 3775 912 con~

2114 943 2466 1010 scendentes,
2501 957 2608 998 una
2638 957 2761 998 cum
2793 942 2947 1012 prius
2975 943 3299 1013 praeparatis
3323 944 3541 1000 bellicis
3569 945 3776 1001 instru-

2121 1033 2322 1088 mentis
2370 1033 2737 1088 munitissime
2791 1046 2972 1088 arcem
3019 1033 3344 1088 vestierunt.
3394 1034 3509 1090 Tali
3579 1049 3774 1091 eorum

2116 1122 2426 1178 constantia
2457 1121 2621 1193 paulo
2659 1128 2787 1177 ante
2835 1129 3158 1192 arrogantes
3202 1121 3410 1178 inimici
3458 1132 3770 1194 comperta,

2119 1225 2220 1267 nec
2249 1225 2360 1268 non
2392 1217 2446 1268 et
2477 1218 2633 1282 parte
2661 1210 3003 1268 inclusorum
3033 1211 3296 1268 audacter
3323 1212 3431 1268 sibi
3462 1213 3663 1269 obvios
3692 1215 3774 1269 ire

2118 1308 2272 1357 extra
2300 1302 2664 1357 munitionem
2711 1301 2846 1370 visa,
2887 1301 3000 1357 Deo
3047 1301 3175 1357 illos
3211 1303 3612 1372 quammaxime
3664 1308 3778 1358 ter-

2118 1391 2386 1459 rificante,
2454 1391 2820 1447 animositatis
2883 1391 3143 1461 superbia
3200 1390 3448 1458 mollita,
3501 1392 3778 1462 jactanlia

2119 1493 2328 1549 pressa,
2369 1478 2597 1535 audacia
2655 1480 2882 1535 remissa
2939 1493 3003 1534 ac
3052 1477 3346 1549 liquefacta
3393 1480 3619 1535 minime
3681 1494 3778 1534 au-

2118 1568 2314 1625 dentes
2340 1568 2565 1641 aggredi
2612 1575 2814 1638 cmpta,
2848 1567 3190 1624 diverterunt
3235 1583 3294 1624 se
3333 1569 3401 1624 ad
3435 1583 3643 1640 pecora
3676 1583 3778 1640 per

2117 1672 2279 1728 agros
2311 1658 2591 1729 pascentia
2620 1658 2908 1729 capienda,
2949 1658 3108 1714 ocius
3161 1658 3429 1730 repedare
3478 1660 3780 1728 cupientes

395 1759 653 1830 buerunt,
703 1739 880 1816 ut‘in
935 1774 1163 1830 regnum
1219 1739 1497 1830 quondam
1563 1739 1810 1817 Lotharii
1865 1739 2032 1831 irent,

2121 1747 2204 1803 vel
2242 1761 2366 1803 cum
2422 1747 2634 1804 tantilla
2693 1747 2916 1817 praeda;
2959 1747 3166 1804 residui
3213 1761 3342 1804 vero
3389 1749 3640 1804 virorum
3680 1762 3781 1804 no-

396 1853 698 1904 tractantes
752 1863 854 1918 per
907 1848 1177 1904 maritima
1233 1851 1496 1916 transire,
1555 1856 1612 1906 et
1675 1850 1897 1906 castella
1962 1851 2038 1906 ibi

398 1951 594 1993 recens
620 1936 762 1994 facta
801 1937 1074 2004 obtinere,
1110 1938 1428 2009 incolasque
1461 1952 1670 2006 omnes,
1714 1939 1818 1995 nisi
1859 1955 1916 1996 se
1947 1940 2044 1996 de-

398 2025 617 2094 derent,
650 2026 1002 2084 mortiﬁcare.
1034 2030 1151 2096 Quo
1183 2034 1468 2098 comperto
1499 2043 1625 2098 pars
1639 2030 1898 2099 juvenum
1946 2031 2040 2101 qui

393 2115 500 2172 sibi
531 2117 749 2173 caeteris
776 2117 1035 2188 agiliores
1074 2117 1506 2188 audacioresque
1538 2119 1654 2174 fleri
1690 2119 2038 2187 videbantur,

397 2219 626 2263 numero
657 2207 943 2279 quingenti
975 2208 1390 2279 quinquaginta,
1425 2208 1740 2280 selegerunt
1768 2224 1827 2266 se
1850 2210 2038 2266 insciis

393 2294 518 2351 aliis
564 2295 902 2366 abripientes
953 2296 1090 2351 clam
1142 2301 1310 2353 noctu
1361 2299 1518 2367 quasi
1555 2297 1721 2354 solito
1769 2300 1822 2354 in
1877 2299 2037 2354 aliam

399 2388 608 2455 partem
674 2385 992 2457 pergendo,
1055 2390 1387 2456 arreptoque
1425 2386 1624 2442 itinere
1652 2387 2038 2445 insuhsistibili

394 2487 559 2530 cursu
598 2474 848 2530 directim
880 2474 1181 2530 tendebant
1208 2474 1277 2530 ad
1317 2476 1767 2532 munitiunculam
1800 2491 2040 2548 paupere

398 2563 559 2632 (proh
591 2563 810 2633 dolor!)
841 2569 1061 2634 sumptu
1101 2577 1380 2634 parvoque
1419 2565 1549 2621 licet
1578 2571 1804 2623 strenuo
1837 2567 2041 2624 incola-

398 2665 517 2707 rum
565 2652 828 2708 comitatu
870 2651 1066 2708 factam
1119 2653 1174 2708 in
1230 2667 1368 2725 pago
1415 2656 1766 2724 Tarvanensi,
1809 2658 1862 2712 in
1914 2657 2038 2714 loco

398 2740 492 2810 qui
523 2747 750 2798 vocatur
792 2741 986 2809 Sil/tiu,
1020 2743 1166 2798 circa
1224 2745 1612 2800 monasterium
1663 2745 1847 2802 eximii
1898 2762 2041 2818 prae-

395 2829 532 2886 sulis
580 2830 898 2899 Audomari,
948 2831 1110 2900 fuste,
1143 2832 1302 2904 gleba
1351 2841 1406 2889 et
1452 2836 1661 2905 cespite
1699 2836 1842 2892 sicut
1871 2839 2039 2894 artifi-

396 2919 742 2987 ciosissime,
801 2922 876 2976 ita
944 2923 1107 2978 etiam
1175 2923 1480 2980 firmissime
1527 2931 1918 2995 constructam,
1955 2930 2038 2998 ja-

400 3013 616 3064 ctanter
661 3009 718 3063 in
783 3009 867 3064 via
908 3009 1265 3079 proludentes
1322 3012 1498 3081 primo
1548 3012 1754 3083 impetu
1787 3029 1904 3071 eam
1955 3017 2038 3072 in-

2125 1847 2362 1894 strorum
2414 1838 2516 1894 hac
2571 1837 2854 1894 invasione
2893 1839 3175 1907 commoti,
3226 1838 3653 1909 praesertimque
3709 1838 3778 1895 de

2125 1927 2220 1983 Dei
2258 1926 2462 1983 auxilio
2500 1931 2935 1998 testatorumque
2986 1928 3265 1998 pr0prium
3313 1927 3634 1984 interventu
3668 1927 3774 1994 fisi,

2123 2022 2353 2088 repente
2400 2022 2702 2088 eruperunt
2749 2017 2817 2073 de
2866 2017 3192 2085 munitione,
3232 2017 3609 2088 irrumpentes
3648 2024 3776 2087 post

2122 2121 2238 2174 eos,
2280 2107 2496 2176 equites
2525 2106 2747 2177 quidem
2797 2121 2897 2177 per
2925 2106 3250 2177 compendia
3291 2105 3773 2177 praaanticipando

2120 2197 2246 2253 illos
2291 2197 2349 2252 in
2401 2195 2626 2267 planitie
2684 2196 2887 2253 montis
2951 2196 3097 2252 unde
3153 2201 3279 2252 ante
3337 2195 3770 2262 descenderant,

2121 2285 2248 2356 quia
2295 2285 2484 2342 lentim
2515 2299 2717 2355 pecora
2760 2285 3060 2352 minabant,
3102 2286 3368 2342 habentes
3407 2287 3772 2356 comtemptni

2121 2377 2249 2431 talia
2289 2389 2385 2431 eos
2413 2375 2617 2431 audere
2649 2397 2663 2443 ;
2717 2376 2933 2445 pedites
2971 2381 3152 2431 autem
3201 2381 3326 2445 post
3372 2381 3590 2446 tergum
3631 2376 3776 2432 inse-

2121 2471 2373 2536 quentes,
2430 2471 2701 2534 ponentcs
2748 2463 2937 2520 hostes
2984 2465 3041 2519 in
3087 2465 3291 2520 medio.
3323 2467 3515 2535 Itaque
3555 2478 3779 2535 compe-

2122 2555 2328 2610 rientes
2357 2559 2587 2608 cunctos
2627 2567 2685 2608 se
2717 2553 2962 2623 undique
3009 2567 3173 2608 secus
3221 2552 3401 2624 fugam
3450 2554 3772 2617 molientes,

2121 2641 2543 2714 desperabiliter
2596 2647 2865 2712 ruperunt
2915 2642 2984 2698 ad
3032 2643 3352 2698 orientalem
3401 2642 3620 2713 plagam
3677 2658 3776 2713 per

2119 2732 2402 2788 sinistrum
2431 2745 2605 2788 cornu
2653 2731 2990 2798 vallantium,
3025 2731 3318 2788 tendentes
3363 2732 3430 2787 ad
3473 2732 3771 2802 quemdam

2121 2835 2421 2891 quercuum
2452 2820 2654 2887 lucum,
2689 2827 2946 2890 putantes
2993 2836 3052 2876 se
3099 2821 3177 2876 ibi
3223 2820 3425 2876 frustra
3452 2828 3549 2876 aut
3581 2821 3775 2877 defen-

2119 2907 2250 2964 dere
2281 2913 2374 2964 aut
2405 2907 2642 2980 effugere
2682 2923 2864 2980 posse.
2897 2910 3079 2965 Nostri
3119 2910 3302 2980 itaque
3332 2924 3428 2966 eos
3457 2910 3774 2966 occidendo

2121 2998 2476 3068 insequentes
2551 2999 2715 3071 (hora
2771 2999 2915 3054 enim
2967 2998 3068 3055 fuit
3129 2999 3238 3056 diei
3297 3013 3488 3068 nona,
3545 3001 3775 3070 quando

395 3095 635 3167 fringere
666 3095 824 3164 velle,
874 3112 938 3153 ac
988 3112 1089 3168 pro
1135 3099 1402 3156 tenuitate
1441 3116 1538 3156 seu
1569 3103 1842 3172 paucitate
1872 3105 2034 3162 inha-

2125 3088 2348 3144 exibant
2413 3089 2481 3144 de
2549 3089 2804 3161 castello)
2875 3095 3167 3160 antequam
3233 3100 3769 3160 pervesperasceret.

397 3185 688 3240 bitantium
726 3184 885 3242 facile
933 3187 1054 3257 capi
1105 3201 1286 3257 posse.
1344 3189 1653 3247 Auxiliante
1711 3199 1890 3250 tamen
1929 3195 2038 3251 illis

398 3276 508 3331 Deo
539 3280 593 3330 et
624 3275 948 3345 patrociniis
997 3285 1333 3344 sanctorum,
1394 3281 1488 3348 qui
1540 3282 1901 3351 requietionis
1960 3285 2038 3340 ibi

395 3363 679 3435 elegerunt
735 3364 839 3419 sibi
887 3363 1088 3432 locum,
1131 3379 1282 3422 more
1319 3367 1484 3424 solito
1522 3368 2034 3441 intervenientibus,

398 3452 719 3524 indignante
776 3453 995 3510 Christo
1045 3461 1483 3526 praesumptuosa
1548 3459 1765 3516 illorum
1827 3463 2040 3532 jactan-

396 3542 470 3597 tia
518 3557 675 3598 versa
751 3549 836 3599 est
890 3544 1141 3600 cominus
1196 3546 1254 3601 in
1311 3546 1527 3618 dignam
1592 3550 1909 3620 vindictam,
1969 3554 2036 3609 ad

397 3646 557 3701 quam
621 3632 1071 3704 promulgandam
1112 3633 1376 3691 calamum
1436 3651 1582 3694 nunc
1637 3642 1898 3698 vertimus
1945 3658 2039 3700 no-

396 3727 566 3776 strum
578 3760 591 3773 .

469 3809 598 3864 Car.
641 3809 754 3864 Vll.
795 3812 860 3866 In
889 3825 987 3881 quo
1019 3816 1246 3882 tempore
1291 3821 1555 3884 venerunt,
1588 3822 1637 3872 et
1669 3818 1804 3888 quod
1843 3820 1971 3875 nihil

1016 3900 1414 3970 pravaluerunt.

467 3986 598 4040 Nam
631 3992 757 4054 post
807 3993 1055 4044 sanctum
1098 3990 1379 4046 Paschalis
1429 3996 1855 4053 resurrectionis
1893 3999 2038 4055 diem

396 4074 728 4129 transcursis
757 4077 1172 4144 quatuordecim
1205 4079 1418 4148 diebus,
1453 4082 1542 4138 die
1571 4085 1855 4144 Dominico
1902 4087 2038 4144 hora

398 4175 505 4233 qua
553 4163 850 4219 cardinalis
895 4165 1075 4222 missae
1133 4176 1434 4226 conventus
1479 4173 1694 4242 publice
1751 4177 2034 4247 agebatur,

395 4260 770 4324 apparuerunt
800 4257 1051 4325 protinus
1080 4257 1290 4328 praefati
1323 4261 1602 4320 invasores
1637 4265 2038 4326 descendentes

399 4357 497 4413 per
541 4343 736 4399 clivum
789 4346 991 4402 montis
1037 4349 1399 4416 prominentis
1450 4353 1612 4418 villae,
1665 4371 1787 4425 quae
1836 4360 2038 4414 Locus-

2123 3194 2338 3236 omnem
2388 3179 2536 3236 illam
2575 3181 2885 3251 plurimam,
2929 3188 2989 3237 ut
3025 3181 3130 3250 ipsi
3171 3181 3473 3251 jactabant,
3523 3181 3775 3238 selecto-

2123 3284 2242 3325 rum
2308 3278 2672 3341 pugnatorum
2730 3271 2826 3326 Dei
2875 3270 3022 3327 hello
3081 3278 3576 3342 consumpserant,
3644 3271 3772 3327 licet

2122 3372 2233 3415 non
2263 3360 2380 3414 sine
2429 3367 2619 3416 nostro
2669 3361 2889 3427 damno,
2942 3362 3147 3430 majore
3201 3368 3380 3417 tamen
3427 3374 3553 3416 suo.
3604 3363 3772 3417 Facta

2122 3455 2206 3504 est
2259 3456 2440 3504 autem
2489 3448 2672 3505 credes
2722 3449 2841 3505 haec
2886 3450 2942 3504 in
2992 3449 3116 3506 loco
3167 3448 3386 3506 nomine
3418 3449 3772 3519 Windigamo

2128 3537 2240 3609 [al.,
2294 3538 2792 3610 Windingahamo].
2832 3540 3032 3594 Omnes
3079 3540 3223 3594 cnim
3273 3539 3351 3594 ibi
3396 3539 3570 3594 occisi
3618 3547 3770 3596 sunt.

2124 3633 2327 3697 praeter
2355 3627 2504 3696 quod
2535 3633 2670 3697 quot
2700 3628 2768 3682 dc
2800 3629 3005 3683 nostris
3033 3629 3254 3693 mortui,
3288 3632 3372 3683 tot
3400 3635 3532 3683 sunt
3561 3643 3628 3684 ex
3665 3630 3773 3684 illis

2121 3716 2246 3787 fuga
2276 3717 2468 3786 elapsi,
2502 3730 2696 3773 novem
2741 3725 2922 3773 autem
2971 3717 3349 3773 tantummodo
3389 3732 3455 3772 ex
3494 3719 3647 3773 omni
3681 3719 3772 3773 illa

2123 3804 2357 3874 plurima
2405 3813 2710 3872 evaserant,
2743 3813 2794 3861 et
2828 3821 2894 3861 ex
2939 3807 3075 3876 ipsis
3105 3805 3267 3860 etiam
3306 3822 3334 3860 a
3384 3809 3772 3876 persequenti-

2123 3894 2225 3950 bus
2255 3909 2351 3951 cos
2379 3895 2436 3950 in
2467 3895 2553 3950 via
2595 3896 2797 3951 mortui
2835 3901 2963 3951 sunt
2993 3895 3237 3966 quinque
3268 3897 3494 3965 reperti,
3529 3904 3775 3966 quatuor

2123 3991 2332 4042 tantum
2380 3985 2795 4054 protendentes,
2856 3993 2915 4039 ut
2981 3984 3329 4055 postmodum
3387 3985 3456 4039 ab
3525 3985 3607 4040 eis
3677 3988 3770 4055 qui

2122 4081 2253 4129 tunc
2309 4073 2610 4130 interfuere
2684 4076 2949 4131 exercitui
3011 4075 3323 4142 didicimus,
3395 4085 3771 4144 pervenerunt

2120 4163 2188 4217 ad
2245 4163 2448 4230 socios,
2498 4164 2823 4220 temeritatis
2873 4164 3154 4220 audaciam
3204 4164 3599 4234 vituperantes,
3655 4172 3772 4220 tan-

2121 4266 2282 4321 quam
2331 4253 2734 4322 praesumptiva:
2783 4254 2862 4309 rei
2901 4258 3152 4310 eventum
3218 4253 3581 4309 elucubratim
3646 4269 3770 4324 per—

2120 4347 2447 4398 scrutantes.
2488 4343 2562 4398 De
2616 4343 2825 4399 exuviis
2871 4357 3091 4414 quoque
3133 4350 3244 4398 tres
3273 4343 3573 4398 divisiones
3625 4343 3774 4399 fecc~

397 4431 646 4489 ecclesia:
684 4431 805 4504 (39)
839 4440 1084 4504 vocatur,
1121 4451 1219 4507 pro
1259 4453 1324 4494 eo
1373 4442 1521 4510 quod
1553 4421 1853 4502 beatissimi
1902 4421 2270 4504 mar-Drunt,
2305 4446 2464 4488 unam
2515 4432 2777 4488 Ecclesiis
2815 4433 3206 4499 concedentes,
3248 4432 3409 4488 aliam
3446 4435 3770 4489 oratoribus

396 4528 546 4592 tyres
577 4523 878 4580 Fuscianus
909 4530 964 4580 et
990 4527 1302 4583 Victoricus
1331 4529 1386 4584 in
1419 4529 1736 4604 fronticipio
1780 4537 2035 4594 Christia-

396 4610 585 4666 nitatis
613 4611 918 4669 incolarum
949 4621 1111 4671 terra:
1151 4617 1462 4686 primariam
1493 4619 1744 4678 feruntur
1781 4625 1858 4680 ibi
1908 4641 2036 4683 con-

399 4699 666 4757 struxisse
718 4701 1028 4772 ecclesiam,
1063 4706 1365 4776 respiciens
1407 4716 1597 4765 contra
1646 4716 2036 4773 monasterium

395 4803 462 4844 ex
493 4795 648 4860 parte
697 4791 1045 4849 occidentali.
1080 4795 1235 4862 Quod
1284 4803 1579 4856 cernentes
1627 4802 1894 4872 excubiae,
1946 4821 2038 4862 au-

393 4883 776 4950 tumantesque
834 4881 984 4950 quod
1051 4882 1285 4953 plurima
1351 4887 1524 4943 totius
1580 4890 2032 4962 subsequeretur,

390 4966 560 5024 veluti
591 4969 744 5038 prius
774 4971 993 5027 essendi
1040 4970 1179 5029 fama
1212 4977 1546 5045 percrebuit,
1579 4981 1874 5050 exercitus,
1910 4999 2037 5054 pro-

392 5057 541 5114 tinus
579 5059 784 5130 populo
825 5060 880 5116 in
928 5061 1162 5119 ecclesia
1211 5066 1536 5123 consistenti
1588 5068 2032 5130 notiﬁcaverunt.

392 5145 476 5201 llli
504 5162 634 5204 vero
658 5163 767 5206 non
799 5149 938 5207 adeo
978 5151 1072 5208 tali
1105 5154 1299 5210 nuntio
1332 5157 1690 5225 consternati,
1723 5159 1834 5216 imo
1865 5165 2037 5234 magis

394 5237 818 5309 animmquiores
862 5239 1031 5309 facti,
1093 5244 1205 5299 Deo
1243 5250 1298 5299 et
1347 5247 1671 5315 patrociniis
1719 5256 2034 5308 sanctorum

391 5339 609 5383 causam
664 5330 748 5384 sui
816 5332 1356 5401 commendaverunt,
1424 5341 1480 5390 et
1527 5339 1908 5406 compunctive
1952 5341 2032 5412 [[2,

465 5431 842 5518 $39)_‘lperi-us
896 5452 1051 5518 cap:
1077 5439 1165 5506 20,
1211 5447 1363 5509 parte
1417 5457 1474 5496 ιιι
1510 5460 1522 5496 :
1556 5442 1784 5498 Sanctus
1819 5461 2032 5518 campus

394 5500 678 5586 {iulg-diﬁc?
741 5500 1281 5586 Helechvelt,_itu'nc
1340 5527 1460 5568 vero
1526 5521 1767 5586 corrupto
1831 5500 2036 5575 ηοηῖἱὴὲ

398 5571 668 5631 Hellefaut
713 5579 1029 5636 nominatur.
1059 5571 1196 5638 'Hoc
1243 5582 1444 5640 factum
1494 5571 1691 5642 refert'
1717 5586 1786 5643 ad
1832 5571 2034 5648 annum

2119 4527 2174 4576 et
2214 4521 2548 4592 pauperibus
2594 4521 2808 4589 dantes,
2859 4522 3074 4578 tertiam
3119 4536 3275 4591 aequa
3321 4521 3475 4577 lance
3530 4523 3774 4578 nobilio-

2118 4624 2208 4666 res
2291 4625 2415 4667 cum
2481 4610 2837 4668 inferioribus
2900 4612 3348 4682 compartientes.
3416 4612 3480 4664 Et
3542 4612 3769 4668 merito.

2119 4703 2436 4758 Scrutemur
2500 4703 2645 4758 enim
2726 4702 3041 4757 humanitus
3109 4701 3260 4757 verbi
3325 4700 3500 4772 gratia
3562 4702 3774 4770 quibus

2119 4792 2290 4863 magis
2339 4791 2647 4850 addicenda
2685 4793 2756 4848 sit
2795 4791 3109 4863 hujusmodi
3150 4791 3399 4857 victoria,
3445 4792 3772 4847 oratoribus

2117 4895 2186 4937 an
2217 4881 2595 4950 bellatoribus,
2629 4888 2735 4938 etc.

2189 4974 2320 5027 CAP.
2361 4973 2496 5028 Vlll.
2538 4972 2688 5040 Quod
2725 4973 2788 5028 S.
2829 4971 3164 5027 Audomarus
3194 4969 3401 5026 cuidam
3431 4969 3694 5024 monacho

2802 5061 3070 5132 apparuit.

2189 5153 2480 5216 Praiterca,
2515 5149 2711 5205 fratres
2747 5150 2935 5206 dilecti
2983 5156 3038 5206 et
3081 5146 3483 5205 commilitones
3533 5147 3764 5212 Christi,

2119 5240 2320 5310 quibus
2359 5239 2608 5296 cordium
2648 5239 2790 5294 votis
2837 5239 2919 5294 vel
2969 5237 3186 5293 laudem
3229 5235 3535 5307 psallentiis
3573 5236 3767 5292 idonei

2118 5346 2237 5388 esse
2295 5330 2598 5401 poterimus
2652 5329 2881 5400 agendis
2928 5329 3040 5384 Deo
3087 5327 3277 5398 gratiis
3325 5339 3426 5395 pro
3475 5325 3770 5396 inopinata

2117 5439 2241 5496 891.
2284 5439 2455 5565 Dilstat
2484 5438 2574 5495 hic
2620 5437 2772 5494 vicus
2817 5436 3035 5494 duobus
3081 5433 3405 5492 milliaribus
3453 5433 3522 5488 ab
3581 5435 3767 5490 Audo-

2118 5525 2343 5565 marono
2369 5526 2404 5565 1.

2118 5525 2404 5583 maropou.
