4056 6150
398 273 533 328 1117

1493 271 1834 327 MIRACULA
1871 269 1926 323 S.
1969 269 2258 325 BERTINI.
2301 301 2369 311 —
2406 271 2532 326 LIB.
2573 272 2640 326 11.

3620 264 3758 326 1118

389 397 678 470 ereptione
707 395 846 452 tanti
877 395 1232 463 discriminis,
1274 410 1448 468 quave
1478 395 1788 453 temeritate
1827 392 2290 464 possu-Arisne,
2337 392 2528 464 frater,
2581 408 2804 466 sopore,
2853 409 2922 452 an
2970 394 3204 468 vigilas?
3238 396 3340 466 Qui
3388 411 3511 455 cum
3559 396 3611 455 ei
3657 407 3759 468 pro

390 502 510 544 mus
547 485 734 543 dicere
791 483 942 555 quod
999 485 1307 541 istiusmodi
1364 500 1530 541 ausus
1593 491 1740 540 esset
1795 489 2032 553 captus,

389 576 496 632 nisi
526 587 722 646 magno
774 572 892 628 zelo
931 573 1307 630 misericordis
1353 573 1448 629 Dei
1478 572 1673 629 fuisset
1700 571 2036 628 instinctus?

389 665 675 722 horribilis
730 663 876 719 enim
943 661 1046 718 fuit
1101 663 1274 729 dictu,
1326 663 1651 719 horribilior
1701 668 1757 718 et
1804 667 2030 730 captu;

390 756 519 826 quia
557 767 700 826 pene
731 751 993 809 nobilitas
1042 759 1206 809 terra
1254 752 1404 809 illius
1446 768 1514 809 ex
1551 752 1724 809 multo
1749 752 1861 821 jam
1892 756 2038 806 tem-

393 859 528 916 pore
575 843 648 900 ob
703 855 946 898 amorem
995 841 1080 898 vel
1128 842 1467 898 dominatum
1523 842 1630 898 sibi
1685 840 2035 897 dominorum

392 935 687 991 charorum
761 932 1105 988 abscesserat
1178 931 1477 988 nativitatis
1567 931 1720 1002 paria
1820 930 2031 995 relicta,

394 1030 598 1096 prater
648 1036 854 1093 paucos
899 1021 994 1092 qui
1051 1022 1126 1076 ita
1183 1021 1554 1078 hareditarils
1601 1021 1820 1091 praditi
1878 1027 2036 1076 erant

393 1110 762 1184 patrimoniis,
835 1116 895 1165 ut
942 1123 1054 1165 non
1111 1115 1258 1166 esset
1309 1109 1392 1166 eis
1428 1123 1655 1166 necesse
1712 1108 1873 1164 subdi
1929 1108 2035 1164 nisi

392 1200 774 1259 sanctionibus
820 1199 1077 1270 publicis.
1121 1201 1326 1256 Horum
1359 1213 1487 1270 pars
1515 1213 1638 1255 cum
1678 1198 2037 1255 nobilissimis

392 1306 456 1348 ac
485 1289 761 1362 religiosis
806 1287 956 1344 illius
1001 1287 1110 1344 loci
1157 1288 1442 1344 monachis
1481 1287 1752 1359 simulque
1783 1289 1894 1344 Deo
1933 1288 2036 1344 de-

393 1379 692 1436 votissimis
739 1392 804 1433 ac
856 1376 1254 1432 strenuissimis
1319 1377 1626 1443 canonicis,
1691 1389 1834 1448 quos
1889 1390 2038 1433 nun-

391 1483 554 1540 quam
603 1466 1007 1539 persecutionis
1062 1465 1172 1522 ulla
1223 1465 1506 1523 tribulatio
1558 1471 1838 1522 exterrere
1888 1481 2040 1536 pra-

391 1557 580 1626 valuit,
630 1557 814 1613 locum
851 1555 1123 1626 pr0positi
1161 1556 1246 1611 sui
1306 1555 1729 1626 derelinquendi
1757 1561 2034 1612 sustenta-

394 1650 546 1716 bant,
605 1647 921 1719 pariterque
967 1644 1355 1702 confortabant
1391 1646 1747 1717 reliquiarum
1777 1646 2036 1702 remissos

2118 487 2226 539 tam
2256 484 2479 541 insolita
2525 485 2838 542 visitatione
2885 499 3138 558 persona
3178 491 3421 544 tremens
3447 501 3552 544 nec
3580 487 3636 544 in
3676 492 3761 542 to—

2118 576 2233 628 tum
2281 588 2340 630 se
2371 573 2611 631 dormire
2645 575 3041 646 respondisset,
3073 589 3177 632 nec
3207 588 3308 646 pro
3339 576 3502 632 insita
3531 590 3759 648 genera-

2119 661 2248 716 liter
2284 664 2536 734 angustia
2579 663 2734 734 (quia
2782 665 2948 720 timor
2986 664 3406 721 somnolentiam
3436 664 3577 722 solet
3608 665 3760 736 inge-

2120 747 2268 820 rere)
2314 763 2476 820 posse
2514 766 2574 807 se
2613 751 2908 817 contineri,
2948 764 3058 821 quo
3097 752 3266 808 nimio
3316 752 3505 808 labore
3533 750 3675 808 fessa
3704 756 3760 808 et

2118 838 2392 896 anxietate
2440 839 2561 896 laxa
2599 855 2709 898 non
2752 840 3090 897 refocillaret
3122 841 3386 908 membra,
3418 848 3608 898 exerto
3640 841 3760 896 bra-

2118 928 2246 984 chio
2275 943 2491 986 manum
2521 931 2677 1000 quasi
2707 945 2896 986 versus
2924 929 3074 986 illum
3107 931 3397 1001 porrigens
3425 929 3755 985 subintulit:

2123 1016 2461 1087 Vigilandum
2507 1020 2691 1089 potius
2737 1019 2895 1075 vobis
2937 1025 3021 1074 est
3072 1024 3128 1074 et
3173 1019 3356 1074 animo
3400 1024 3457 1074 et
3500 1031 3757 1088 corpore,

2119 1107 2454 1177 monitisque
2495 1108 2632 1164 meis
2677 1109 2954 1165 salubrius
2982 1121 3330 1179 summopere
3369 1106 3758 1175 insudandum,

2119 1211 2282 1268 quam
2321 1199 2475 1270 segni
2502 1198 2722 1272 pigritia
2762 1199 3089 1256 tricandum.
3125 1199 3281 1256 Unde
3310 1213 3494 1270 surge,
3543 1203 3600 1254 et
3637 1197 3763 1254 reli-

2119 1287 2266 1356 quiis
2294 1288 2485 1358 populi
2534 1303 2601 1345 ex
2637 1303 2759 1345 asse
2807 1289 2992 1346 devoti
3038 1288 3355 1346 salvationis
3403 1302 3518 1344 sua
3559 1293 3761 1344 tenore

2120 1377 2320 1434 obnixe
2352 1383 2668 1459 contestarej
2693 1385 2984 1450 quatenus,
3011 1381 3168 1450 juxta
3197 1378 3347 1450 quod
3395 1378 3503 1434 sibi
3542 1377 3762 1434 videtur

2121 1467 2418 1536 pravalere
2463 1482 2646 1539 posse,
2689 1483 2799 1526 non
2847 1475 3068 1526 cessent
3117 1483 3300 1525 arcem
3348 1469 3438 1525 die
3485 1474 3762 1537 nocteque

2121 1555 2356 1611 firmare.
2405 1556 2508 1624 Qui
2566 1571 2690 1612 eum
2738 1558 2934 1627 partim
2999 1557 3200 1630 gaudio
3249 1556 3506 1624 refertus,
3563 1556 3760 1625 partim

2119 1645 2348 1701 visionis
2394 1653 2606 1702 terrore
2655 1646 2989 1718 pavefactus,
3041 1655 3166 1719 post
3213 1647 3524 1704 consultum
3577 1653 3760 1701 tamen

391 1737 504 1795 fere
561 1737 774 1793 animos
828 1740 884 1792 et
940 1734 1250 1792 invalidam.
1295 1735 1544 1806 plebeam
1609 1749 1848 1792 manum.
1917 1729 2094 1792 HocB
2117 1749 2286 1805 super
2331 1748 2399 1792 eo
2456 1735 2610 1805 prius
2637 1736 2958 1794 idonearum
2990 1749 3349 1807 personarum
3398 1733 3604 1806 populo
3634 1747 3764 1790 con-

392 1826 698 1900 prasertim
737 1825 796 1881 in
843 1823 1132 1880 tutissima
1170 1823 1289 1895 spei
1335 1824 1633 1880 anchoram
1681 1825 2034 1896 prasumpti-

392 1916 632 1988 bilisque
679 1915 737 1972 in
773 1914 1060 1971 Dominum
1094 1913 1350 1981 ﬁducia;
1387 1914 1478 1984 (ac
1509 1914 1636 1984 quia
1669 1928 1769 1985 pro
1807 1915 1916 1970 vita
1947 1929 2036 1970 res

393 2005 537 2078 erat)
572 2003 899 2061 necessaria
955 2002 1200 2058 audacia
1259 2002 1639 2058 indubitanter
1694 2009 2036 2059 assumentes

393 2094 540 2166 quod
598 2093 866 2150 anteactis
921 2091 1284 2163 temporibus,
1347 2091 1603 2148 Folconis
1639 2092 1898 2148 videlicet
1943 2106 2037 2163 ge-

395 2182 734 2241 nerosissimi
791 2181 1037 2252 ejusdem
1095 2181 1205 2238 loci
1264 2187 1396 2238 tunc
1443 2181 1680 2248 abbatis,
1731 2187 1858 2252 post
1903 2194 2034 2237 vero

393 2280 597 2330 sancta
629 2273 818 2328 matris
847 2273 1108 2328 Romana
1145 2269 1265 2342 (40)
1299 2270 1562 2327 Ecclesia
1592 2271 2036 2328 reverendissimi

391 2361 818 2432 archiepisc0pi,
859 2359 1058 2416 incolis
1106 2364 1270 2415 terra
1311 2359 1490 2416 adhuc
1521 2360 1669 2416 omni
1699 2361 2036 2418 abundantia

393 2450 613 2508 refertis
641 2457 697 2507 et
727 2451 934 2521 absque
967 2451 1052 2505 sui
1082 2449 1446 2506 diminutione
1468 2450 1821 2522 integerrime
1850 2451 2037 2523 vigen-

393 2541 562 2608 tibus,
611 2540 850 2596 ambitus
889 2539 1100 2596 castelli
1140 2553 1263 2594 cum
1303 2553 1576 2596 consensu
1607 2541 1796 2611 populi
1827 2549 1883 2598 et
1912 2556 2040 2613 pro-

392 2645 578 2688 cerum
637 2629 1007 2695 condictatus,
1073 2634 1440 2694 mensuratus,
1479 2644 1544 2685 ac
1595 2644 1696 2700 per
1737 2637 2038 2702 potestates

393 2726 449 2777 et
504 2719 808 2776 ministeria
855 2719 923 2774 ad
972 2718 1368 2789 perficiendum
1402 2718 1750 2788 distributus,
1783 2727 2038 2792 receptus

393 2824 460 2865 ex
489 2808 782 2865 immodica
813 2815 966 2879 parte
991 2810 1103 2878 jam
1143 2815 1375 2878 captus,
1407 2808 1504 2863 sed
1536 2809 1674 2879 proh
1706 2809 1901 2867 dolor!
1929 2817 2036 2866 tam

394 2897 864 2969 prapedientibus
919 2897 1164 2967 peccatis
1210 2897 1698 2966 inconsummatus,
1735 2913 1896 2970 quam
1935 2914 2037 2971 pro

2117 1829 2334 1892 vocato,
2395 1824 2677 1895 prafatam
2727 1826 2993 1882 visionem
3051 1825 3228 1882 Patris
3292 1823 3588 1892 monentis,
3637 1823 3761 1880 affe-

2119 1921 2310 1970 ctuose
2341 1915 2637 1982 hortantis,
2671 1915 2918 1971 studiose
2959 1915 3207 1985 jubentis
3253 1920 3478 1971 strenue
3520 1913 3762 1969 intimas-

2117 2010 2222 2070 set,
2251 2005 2639 2074 compunctivo
2669 2004 2838 2060 corde
2876 2005 3148 2071 latantes,
3199 2003 3454 2076 lacrymis
3483 2001 3764 2074 gaudiosis

2119 2093 2332 2160 ﬂentes,
2365 2107 2556 2149 omnes
2586 2093 2919 2149 unanimiter
2947 2093 3088 2150 calo
3119 2094 3306 2164 pansis
3331 2092 3593 2162 utrinque
3620 2091 3764 2148 votis

2117 2181 2454 2237 succlamare
2493 2188 2784 2252 caperunt
2821 2183 3074 2238 dicentes
3107 2202 3119 2238 :
3152 2182 3364 2238 Gratias
3392 2179 3761 2251 omnipotenti

2117 2272 2230 2327 Deo
2279 2269 2588 2338 referimus,
2640 2272 2735 2342 qui
2793 2285 2896 2328 nos
2944 2271 3170 2327 salutari
3224 2271 3538 2327 visitatione
3585 2269 3763 2325 Patris

2118 2360 2296 2417 nostri
2325 2360 2687 2431 providendo,
2720 2361 3018 2427 monendo,
3051 2360 3503 2429 consolandoque
3533 2357 3762 2412 reticere

2119 2456 2174 2506 et
2204 2447 2504 2506 confortari
2557 2449 2814 2521 dignatus
2872 2457 2975 2505 est.
3031 2450 3235 2506 Monita
3273 2447 3514 2504 salubria
3550 2445 3761 2502 viribus

2120 2539 2322 2610 quibus
2374 2547 2600 2611 possent
2659 2539 3062 2596 studiosissime
3111 2538 3410 2610 adimplere
3441 2535 3581 2592 velle
3633 2547 3758 2605 pro-

2120 2629 2420 2692 mittentes.
2499 2644 2772 2700 quamque
2856 2629 3276 2700 promissionem
3363 2623 3761 2682 instantissimo

2120 2719 2374 2788 protinus
2411 2718 2814 2774 inchoaverunt
2863 2725 3070 2788 captu,
3123 2731 3188 2772 ac
3225 2729 3389 2786 quam
3439 2712 3764 2786 pervicacis-

2119 2809 2260 2865 simo
2291 2808 2540 2879 quibant,
2573 2808 2840 2878 perficere
2869 2807 3192 2878 satagebant
3233 2806 3452 2871 etl'ectu,
3485 2805 3760 2874 digneque

2119 2912 2230 2955 non
2260 2898 2425 2955 modo
2473 2898 2542 2954 de
2576 2899 2686 2968 jam
2734 2897 2905 2964 dicto,
2939 2896 3037 2954 sed
3078 2902 3154 2965 et,
3187 2895 3334 2967 quod
3375 2896 3550 2963 majus
3589 2891 3760 2948 multo

392 2988 512 3058 gyri
555 2986 916 3057 amplitudine
969 2986 1323 3043 excusatione
1371 2985 1579 3043 nefaria
1625 2994 1790 3060 atque
1829 2989 2036 3047 infelici
2076 3003 2184 3060 “ac
2241 2987 2606 3058 periculosius
2661 2985 2785 3053 fuit,
2853 2985 3212 3056 subsequenti
3279 2981 3596 3040 discrimine
3653 2986 3762 3036 tam

394 3076 497 3133 fuit
529 3077 828 3147 impeditus
875 3082 931 3132 et
981 3076 1349 3132 intermissus.
1383 3080 1649 3135 Processu
1678 3058 1859 3136 autem
1901 3087 2039 3136 tem-
2060 3058 2408 3135 cclementis
2436 3077 2531 3133 Dei
2565 3077 2878 3147 provisione
2908 3076 3082 3146 adjuti
3121 3074 3310 3144 piique
3336 3072 3514 3128 Patris
3541 3071 3764 3128 hortatu

399 3169 568 3238 poris,
609 3165 869 3222 videlicet
897 3179 1041 3222 anno
1089 3167 1280 3238 gratia
1311 3167 1770 3239 octingentesimo
1800 3183 2038 3241 nonage-

397 3256 536 3311 simo
567 3255 764 3326 primo,
813 3269 937 3310 cum
976 3261 1091 3310 tota
1132 3257 1243 3325 jam
1275 3262 1420 3312 terra
1449 3257 1674 3313 incensa
1703 3265 1759 3314 et
1787 3258 2038 3331 depopu-

398 3344 507 3400 lata
535 3352 591 3400 et
620 3344 852 3415 plurima
883 3343 1164 3400 hominum
1203 3343 1318 3401 fere
1366 3353 1691 3418 consumpta
1731 3347 1870 3404 fame
1899 3356 2037 3405 atte-

397 3443 582 3502 nuata,
631 3434 1090 3505 dispersioneque
1137 3433 1279 3506 fuga
1331 3435 1649 3506 propulsata
1713 3438 2033 3507 exstitisset,

397 3529 652 3594 respectu
683 3523 902 3580 tandem
934 3523 1222 3579 clementis
1253 3539 1528 3594 superque
1552 3541 1754 3595 paucas
1775 3528 2037 3598 reliquias

395 3613 707 3670 miserantis
735 3613 854 3678 Dei,
902 3613 1201 3669 ostendens
1246 3613 1396 3684 quod
1451 3628 1560 3670 non
1597 3619 1653 3671 in
1685 3617 2036 3674 multitudine

397 3702 586 3774 populi
625 3701 774 3757 salus
805 3702 924 3772 ejus
971 3702 1245 3769 consistit,
1277 3702 1374 3758 sed
1407 3703 1590 3774 potius
1619 3706 1676 3760 in
1715 3707 2038 3764 misericor-

395 3792 504 3848 diis
551 3797 606 3848 et
654 3791 1103 3848 miserationibus
1148 3791 1283 3859 suis,
1335 3793 1629 3864 prepalans
1685 3797 1848 3851 etiam
1887 3799 2036 3868 quod

397 3879 839 3950 competentibus
876 3886 1324 3935 necestuosorum
1371 3880 1786 3955 (indigentium)
1820 3885 2037 3940 vicissi-

398 3969 681 4025 tudinibus
719 3969 976 4040 dignatus
1025 3970 1282 4038 precibus
1330 3970 1633 4026 electorum
1681 3987 1906 4030 suorum
1937 3990 2038 4045 pro

397 4058 504 4114 sibi
550 4058 747 4114 votivis
792 4058 1191 4127 supplicatibus
1244 4060 1492 4128 prabere
1536 4060 1827 4132 effectum;
1867 4065 2040 4122 voluit

397 4150 457 4204 Β.
489 4147 857 4204 Audomarum
916 4147 1409 4205 exorabilissimum
1463 4152 1764 4209 antistitem
1823 4155 2038 4212 cuidam

400 4239 669 4296 monacho
700 4238 942 4294 canobii
975 4240 1030 4294 S.
1059 4239 1287 4308 Bertini,
1311 4241 1516 4298 adituo
1545 4243 1760 4300 scilicet
1788 4246 2040 4304 ecclesia

402 4327 612 4400 prafati
646 4327 918 4398 prasulis,
965 4329 1336 4384 memorabilis
1380 4345 1630 4400 persona
1669 4335 1786 4391 viro
1817 4339 2038 4393 nomine

2119 3169 2364 3233 animati,
2398 3169 2508 3224 imo
2557 3167 2626 3223 de
2656 3173 2882 3237 experta
2921 3168 3140 3222 Patrum
3178 3165 3562 3220 intestatorum
3601 3160 3766 3217 solita

2120 3264 2175 3314 et
2205 3257 2433 3328 provida
2463 3255 2783 3313 defensione
2829 3253 3042 3321 salvati,
3094 3254 3291 3310 merito
3339 3251 3539 3308 exhinc
3578 3247 3767 3320 profu-

2119 3348 2236 3404 sius
2264 3347 2553 3403 Dominum
2584 3352 2640 3401 et
2669 3345 2927 3415 proprios
2973 3349 3320 3414 protectores
3357 3340 3494 3396 inibi
3525 3338 3766 3394 devotis-

2119 3437 2254 3492 sime
2279 3437 2485 3507 jugiter
2512 3434 2830 3490 collaudant
2857 3438 2912 3490 et
2943 3433 3077 3488 lati.

2118 3546 2248 3599 CAP.
2304 3545 2387 3599 IX.
2421 3543 2570 3610 Quod
2607 3541 2841 3612 sequenti
2873 3540 2958 3595 die
2982 3539 3256 3612 ,Dominico
3295 3538 3496 3612 uenerit
3533 3534 3764 3612 reliquus

2191 3608 2453 3670 exercitus
2477 3608 2804 3685 paganorum
2850 3611 3092 3685 ampliori
3129 3609 3473 3675 multitudine,
3513 3608 3606 3662 sed
3649 3621 3761 3662 me-

2190 3687 2305 3742 ritis
2335 3687 2397 3742 S.
2438 3682 2642 3741 Hertim‘
2668 3683 2796 3739 nihil
2822 3682 3228 3755 pravatuerunt.

2190 3795 2303 3848 Nec
2357 3794 2519 3848 etiam
2550 3793 2712 3862 longa
2745 3797 2872 3861 post
2910 3789 3228 3861 pradictam
3277 3786 3517 3844 hostium
3556 3783 3764 3842 cadem

2123 3884 2525 3939 intercurrente
2566 3895 2738 3949 mora,
2774 3895 2953 3951 neque
2984 3879 3128 3934 enim
3160 3876 3477 3948 patiturille
3506 3874 3767 3946 antiquus

2122 3971 2417 4027 Leviathan
2461 3970 2872 4041 inexplebiliter
2918 3968 3169 4024 esuriens
3197 3982 3262 4022 ac
3301 3966 3497 4022 sitiens
3526 3966 3765 4020 humano

2122 4062 2311 4132 generi
2350 4061 2531 4116 moliri
2577 4060 2826 4126 insidias,
2859 4058 3063 4115 habere
3101 4057 3343 4113 membra
3373 4069 3470 4110 sua
3502 4068 3682 4110 moras
3710 4053 3765 4108 in

2124 4150 2508 4222 persecutione
2529 4163 2593 4206 ac
2610 4150 2836 4206 lasione
2859 4149 3092 4218 piorum.
3109 4147 3387 4217 Siquidem
3407 4144 3626 4201 invidia
3647 4157 3768 4198 suc-

2133 4254 2336 4296 census
2366 4240 2538 4296 livore
2567 4238 2826 4309 quoniam
2880 4244 3104 4292 nostros
3160 4234 3368 4289 recenti
3425 4232 3693 4287 beneﬂcio
3735 4247 3764 4284 »
3867 4299 3872 4307 ι

2123 4344 2187 4385 ac
2216 4343 2422 4385 summa
2454 4329 2748 4384 devotione
2781 4325 2958 4381 doluit
2995 4323 3229 4379 fervere.
3269 4323 3381 4376 Nec
3411 4321 3607 4375 mirum
3637 4319 3765 4389 quia

401 4417 628 4474 Herrico
658 4431 925 4487 apparere
955 4417 1010 4472 in
1041 4417 1272 4474 visione.
1304 4420 1426 4486 Qui,
1458 4427 1517 4476 ut
1545 4423 1664 4492 ipse
1694 4395 2189 4492 postmodumDeo
2219 4427 2466 4490 tempore
2506 4420 2735 4474 maxime
2775 4421 2927 4472 tanto
2978 4413 3173 4470 assidit
3227 4410 3500 4476 infestior,
3551 4415 3758 4480 quanto

403 4506 806 4563 delectabiliter
879 4505 1066 4561 multis
1137 4505 1491 4564 audientibus
1542 4511 1748 4568 referre
1805 4515 2038 4583 solebat,
2125 4523 2374 4580 quosque
2405 4509 2460 4564 in
2503 4507 2787 4578 proposito
2817 4503 3116 4561 voluntatis
3145 4501 3240 4556 Dei
3280 4499 3617 4570 persenserit
3645 4497 3764 4552 ﬁeri

403 4609 650 4666 procera:
681 4600 800 4651 erat
829 4599 1076 4660 statura.
1107 4596 1434 4654 veneranda
1473 4600 1715 4668 canitiei,
1748 4602 1958 4660 habens
1986 4605 2043 4661 in
2124 4599 2403 4654 fortiores.
2436 4598 2677 4668 Ideoque
2703 4593 3144 4652 occumbentium
3177 4594 3442 4660 cognatos
3470 4586 3552 4643 vel
3583 4585 3767 4642 socios

402 4684 584 4741 fronte
613 4685 867 4756 stigmata
921 4684 1152 4740 nitorem
1203 4685 1588 4755 pulcherrima
1628 4690 1864 4748 calvitiei
1895 4695 2046 4751 diva-
2125 4687 2574 4757 contribulesque
2623 4701 2686 4741 ac
2732 4682 3046 4754 complures
3093 4679 3226 4737 totis
3269 4691 3384 4734 sua
3422 4673 3768 4732 crudelitatis

403 4775 654 4842 ricantia,
705 4773 843 4830 facie
892 4782 1154 4830 venustus
1191 4783 1245 4832 et
1274 4777 1485 4847 gracili,
1527 4793 1660 4837 naso
1691 4783 2047 4842 mediocriter
2125 4779 2335 4834 Viribus
2401 4775 2632 4833 furendo
2699 4773 3122 4838 excandescere.
3185 4765 3451 4837 οοωυυιίῐ
3512 4765 3568 4821 in
3627 4763 3764 4819 iram

405 4864 570 4936 longo
601 4870 656 4920 et
695 4877 885 4934 parum
913 4863 1150 4933 adunco,
1184 4865 1434 4922 manibus
1471 4882 1594 4925 cum
1625 4870 1812 4942 digitis
1840 4875 2046 4947 longis-

404 4953 558 5010 simis
596 4952 964 5023 putcherrima
1022 4955 1287 5010 maeroris
1345 4957 1612 5015 tenuitate
1660 4963 2046 5022 translucenti-

406 5043 529 5111 bus,
579 5041 750 5097 infula
796 5042 1098 5113 episcopali
1136 5044 1386 5111 vestitus,
1437 5061 1600 5117 quem
1636 5049 1742 5107 sibi
1775 5059 2047 5123 protesta-

407 5131 568 5186 batur
596 5129 744 5186 dulci
766 5128 967 5186 famine
995 5131 1304 5189 subinferre
1335 5133 1411 5190 ita
1439 5137 1770 5207 appellando
1805 5163 1816 5198 :
1852 5147 2048 5202 Grava-

483 5273 802 5357 (dQZ'Forte
831 5276 1109 5357 Rem-ana,
1143 5277 1197 5333 id
1225 5284 1309 5357 est
1327 5281 1624 5357 _Rer_nensis
1653 5286 1933 5356 Ecclesia,
1959 5293 2046 5348 cui

411 5353 535 5416 post
565 5347 914 5419 Hincmarum
947 5347 1113 5404 Fulco
1144 5349 1366 5418 prafuit
1393 5353 1462 5408 ab
1501 5369 1646 5412 anno
1684 5357 1792 5411 882
1819 5361 1888 5416 ad
1918 5347 2044 5419 900.

407 5417 692 5501 Notandus
739 5418 834 5502 hic!
866 5418 1048 5502 locus,
1074 5417 1212 5502 ‘quo
1259 5423 1523 5502 discimus
1551 5428 1845 5486 Fulconem
1880 5417 2050 5491 Sithil

407 5491 590 5568 vensis
627 5491 944 5568 monasterii
969 5491 1253 5568 _abb_atem
1302 5493 1469 5568 fuisse
1503 5517 1516 5553 :
1549 5502 1709 5568 cujus
1769 5505 1848 5558 rei
1899 5507 2049 5562 nulla

410 5561 617 5618 mentio
646 5561 791 5632 apud
842 5561 1238 5620 Frodoardum.
1287 5567 1426 5624 Audi
1475 5561 1712 5640 lperium
1763 5589 1884 5646 cap.
1926 5561 2045 5636 18’:

2126 4868 2588 4937 savissimamque
2644 4877 2870 4920 suorum
2921 4863 2993 4932 (si
3023 4863 3166 4916 Deus
3198 4852 3563 4929 permisisset)
3595 4850 3769 4907 vindi-

2129 4963 2292 5014 ctam.
2345 4955 2566 5012 Pondus
2604 4954 2751 5010 enim
2795 4951 3037 5008 hostium
3086 4949 3258 5005 totius
3314 4944 3468 5016 regni
3528 4940 3767 4999 adunari

2129 5047 2401 5119 suggessit
2461 5045 2516 5100 in
2571 5044 2724 5099 brevi
2763 5041 3100 5097 arctissimas
3156 5038 3213 5093 in
3269 5033 3548 5106 angustias
3608 5031 3772 5088 unius

2129 5136 2303 5193 fundi.
2344 5136 2477 5190 Nam
2526 5139 2746 5204 peracta
2796 5136 2921 5202 post
2969 5127 3247 5200 prafatam
3294 5131 3530 5195 stragem
3560 5120 3773 5178 revolu-

2131 5281 2193 5336 S.
2227 5278 2410 5341 Falco,
2441 5277 2591 5346 hujus
2640 5274 2740 5330 loci
2769 5273 2934 5330 abbas
2968 5272 3458 5346 decimusoctauus,
3490 5265 3770 5346 squameus

2131 5351 2362 5406 ecclesia
2395 5336 2467 5406 ’S.
2501 5336 2824 5413 'Audomari,
2871 5350 3003 5416 post,
3036 5341 3337 5399 Hitduinum
3383 5344 3458 5394 est
3497 5338 3581 5393 hic
3608 5336 3773 5416 abbus

2130 5423 2461 5491 subrogatus,
2491 5432 2648 5491 anno
2667 5413 2886 5491 scilicet
2910 5415 3264 5491 877_mort_uo
3293 5417 3420 5482 post
3449 5413 3772 5491 annosocto

2133 5479 2416 5568 regiminis
2442 5479 2701 5558 Rodulfo,
2735 5489 2932 5546 iterum
2953 5486 3124 5544 abbas
3151 5479 3362 5545 electus
3390 5495 3536 5540 anno
3573 5479 3700 5535 893.
3776 5498 3781 5503 ’
