4096 6156
398 246 496 300 119

1509 245 1838 301 FOLCARDI
1875 245 2176 303 MONACHI
2213 248 2622 304 SlTHlVENSIS

3601 239 3716 296 1120

391 371 564 440 tione,
596 373 653 430 ni
683 373 862 442 fallor,
896 373 1130 445 proximi
1160 371 1428 430 Dominici
1459 371 1569 427 diei
1599 371 1734 428 hora
1765 371 2027 440 secunda,
2050 374 2102 434 Α
2119 373 2241 442 bus,
2265 389 2421 444 reque
2442 376 2625 445 ignem
2646 378 2707 428 ut
2734 371 2974 442 idipsum
2998 370 3080 427 eis
3106 370 3352 427 facerent
3371 367 3718 435 inferentibus,

394 461 595 518 nebula
661 477 761 533 pro
819 469 1012 518 natura
1070 461 1178 518 loci
1235 460 1574 516 manicanter
1633 459 1842 532 (mane)
1906 465 2032 516 nata

2117 465 2550 520 excandescente
2624 463 2886 518 stramine
2961 461 3209 531 plerique
3276 473 3462 516 eorum
3527 457 3719 514 nstulati

394 551 576 607 adhuc
605 566 786 608 aerem
831 551 1158 618 maculante,
1208 554 1581 620 apparuerunt
1631 549 1847 619 pedites
1894 550 2033 605 inae-
2116 559 2263 619 sunt,
2322 554 2410 609 vix
2448 552 2696 623 subrepti
2762 551 2956 607 mortis
3011 547 3351 606 discrimine.
3419 550 3525 603 Deo
3569 553 3720 602 autem

395 641 687 697 stimabilis
718 641 964 712 plurimae
1008 639 1130 710 (41)
1175 639 1367 695 eodem
1404 639 1544 695 clivo
1577 653 1686 709 quo
1718 646 1772 695 et
1797 640 2037 695 anterio-

398 745 488 786 res
525 731 884 799 descendere,
929 745 1204 800 cursuque
1244 731 1462 786 concito
1495 728 1776 785 castellum
1807 730 2038 785 tenden-

401 824 484 876 tes
522 821 742 876 minime
793 821 1145 886 introierunt,
1195 819 1618 889 subsequendos
1663 827 1789 874 ante
1815 821 2036 889 januam

401 911 691 966 exterioris
731 910 991 966 introitus
1017 901 1417 980 praestolantes.
1452 909 1678 979 Equites
1716 923 1844 965 vero
1883 908 2038 978 quasi

402 1014 566 1056 arena
613 1001 896 1055 innumera
954 999 1324 1056 multitudinis
1362 998 1707 1054 diverterunt
1745 998 1812 1054 ad
1860 999 2039 1055 locum

403 1090 690 1161 quemdam
748 1090 1089 1157 certaminis,
1150 1089 1227 1144 nil
1294 1104 1455 1145 secus
1511 1103 1673 1160 quam
1711 1088 1874 1144 sicuti
1914 1103 2043 1159 pro-

401 1184 594 1250 spectu
625 1193 780 1236 novae
823 1180 1050 1236 visionis
1097 1179 1291 1235 dolore
1338 1192 1562 1234 suorum
1610 1178 1917 1234 occisorum
1959 1194 2044 1234 re-

403 1267 785 1335 crudescente,
818 1281 970 1324 more
1018 1266 1368 1338 elephantum
1399 1267 1493 1336 qui
1524 1267 1806 1336 sanguinis
1833 1267 2043 1323 visione

403 1356 713 1412 excitantur
741 1357 797 1412 in
847 1357 980 1412 iram
1029 1356 1096 1411 ad
1147 1357 1547 1426 praeliandum;
1581 1357 1656 1412 ita
1687 1356 1776 1411 isti
1807 1371 2044 1412 exacue-

405 1450 531 1501 runt
587 1445 655 1501 ad
711 1459 934 1501 suorum
983 1445 1228 1501 severius
1284 1452 1338 1501 et
1395 1445 1675 1502 crudelius
1725 1446 2042 1517 sanguinem

405 1535 813 1592 vindicandum.
854 1537 919 1591 Et
968 1549 1089 1591 cum
1137 1535 1456 1605 aliquandiu
1499 1535 1739 1592 dolendo
1787 1536 1863 1591 ibi
1911 1535 2049 1591 deli-

403 1625 681 1689 berarent,
734 1625 924 1694 nilque
971 1623 1121 1680 aliud
1157 1625 1515 1694 proficerent,
1548 1625 1653 1681 nisi
1687 1627 1834 1696 quod
1864 1625 2046 1680 tabida

2119 643 2382 713 propitio,
2434 643 2570 698 nulli
2617 657 2684 697 ex
2733 643 2937 698 nostris
2985 641 3145 696 vitam
3195 639 3412 710 prolixo
3449 639 3723 693 scammatis

2125 730 2468 804 (conflictus)
2510 732 2688 802 spatio
2743 744 3075 802 magnopere
3125 728 3587 799 periclitabantur,
3637 726 3723 780 nisi

2122 826 2330 876 tantum
2361 836 2501 877 unus
2540 822 2708 876 frater
2743 819 2864 891 (44)
2898 818 3184 874 monastici
3216 817 3431 874 ordinis
3459 817 3562 871 ictu
3589 815 3723 885 sagit-

2121 915 2192 967 tae
2231 911 2376 966 inter
2414 911 2523 967 duo
2552 911 2794 966 tabulata
2827 908 3226 980 propugnaculi
3268 907 3362 962 ubi
3399 906 3587 970 stabat,
3616 917 3722 972 per-

2123 1014 2318 1056 cussus
2347 1007 2431 1056 est
2468 1001 2571 1056 sub
2618 1000 2842 1070 inguina
2875 1019 2887 1054 :
2922 999 3017 1068 qui
3057 1005 3112 1052 et
3158 998 3278 1067 ipse
3327 993 3608 1051 convaluit.
3635 994 3723 1048 Ve-

2126 1096 2429 1146 rumtamen
2477 1089 2542 1145 ad
2584 1089 2879 1144 vindictam
2936 1088 3117 1142 minus
3173 1085 3341 1140 armis
3392 1083 3618 1148 excitati,
3653 1097 3726 1136 ac-

2127 1181 2252 1236 ideo
2285 1181 2467 1235 minus
2493 1180 2637 1235 cauti
2677 1178 3012 1249 plagiatiqne
3042 1177 3125 1232 sui
3165 1174 3374 1241 famuli,
3415 1173 3568 1228 alium
3596 1185 3725 1240 aeque

2127 1270 2371 1340 ejusdem
2402 1269 2616 1325 ordinis
2646 1267 2869 1323 fratrem
2901 1266 3151 1337 permisit
3181 1263 3486 1320 retribuere
3515 1260 3728 1316 hostibus

2129 1360 2346 1430 dignam
2376 1359 2784 1428 repensionem.

2262 1470 2391 1522 CAP.
2424 1467 2488 1522 X.
2529 1467 2606 1519 De
2634 1462 2884 1519 monacho
2915 1461 3311 1588 quitfyrannum
3337 1457 3619 1528 sagittando

2849 1548 2958 1588 occ:
3000 1550 3014 1586 ε
3044 1573 3058 1585 .
3365 1577 3370 1582 .

2849 1535 3058 1588 occidit.
3365 1577 3370 1582 .

2201 1629 2324 1683 Fuit
2375 1641 2608 1698 namque
2658 1629 2924 1696 tyrannus
2970 1622 3193 1692 quidam
3243 1621 3416 1691 partis
3461 1618 3728 1675 contrario-

407 1719 462 1770 et
527 1713 747 1784 putrida
820 1727 1056 1783 corpora
1131 1716 1540 1784 conspicerent,
1605 1715 1749 1771 facto
1818 1705 2251 1785 praepetiBrum
2291 1718 2508 1773 cazteris
2545 1716 2820 1780 omnibus,
2855 1719 2914 1768 ut
2953 1712 3264 1778 videbatur,
3305 1709 3544 1780 asperior
3580 1713 3629 1762 et
3651 1720 3727 1762 ro-

406 1817 571 1859 cursu
610 1807 866 1872 tanquam
914 1803 1091 1872 primo
1146 1803 1352 1872 impetu
1403 1804 1855 1860 munitinnculam
1922 1819 2050 1874 cap-
2132 1809 2366 1873 bustior,
2400 1821 2463 1862 ac
2494 1807 2550 1861 in
2579 1812 2696 1860 arte
2744 1802 3023 1874 pugnandi
3075 1799 3478 1871 argumentosis
3521 1796 3732 1853 factioni-

409 1892 518 1947 turi
573 1896 942 1960 pervenerunt
996 1890 1062 1945 ad
1126 1891 1330 1958 socios,
1392 1906 1610 1961 unaque
1677 1893 1869 1948 rabido
1927 1907 2048 1948 cum
2134 1899 2236 1953 bus
2280 1897 2532 1962 astutior,
2588 1894 2681 1964 qui
2725 1908 2826 1949 nec
2863 1893 2931 1948 ad
2966 1897 3231 1961 punctum
3280 1886 3510 1944 cessavit
3552 1882 3731 1939 fortiter

408 1979 626 2036 fremitu
683 1981 1071 2050 irrumpentcs,
1142 1981 1420 2050 peditibus
1469 1981 1750 2037 decrettim
1803 1987 1884 2038 est
1932 1982 2051 2037 dira
2135 2001 2400 2057 pugnare,
2431 1985 2679 2055 aliosque
2709 1983 2865 2053 quasi
2922 1982 3043 2036 sine
3091 1993 3248 2035 mora
3287 1975 3481 2032 moenia
3516 1979 3730 2042 capturos

411 2069 821 2140 impugnatione
877 2069 1206 2125 castellanos
1274 2070 1591 2125 incendere.
1652 2072 1877 2140 Equites
1933 2071 2052 2140 qni-
2137 2077 2418 2147 instigare.
2459 2077 2536 2130 Ex
2575 2080 2763 2130 nostra
2811 2085 3033 2142 quoque
3073 2074 3254 2140 parte,
3304 2075 3596 2136 quanquam
3652 2072 3730 2129 pro

409 2158 530 2214 dem
577 2160 689 2214 Deo
737 2157 1013 2212 tribuente
1064 2159 1437 2228 properabant
1477 2159 1544 2214 ad
1577 2158 1757 2213 100nm
1792 2158 2055 2213 naturali-
2137 2166 2331 2220 crebra
2361 2165 2598 2220 hostium
2646 2161 2955 2233 ingestione
3003 2157 3258 2214 tenacius
3296 2156 3554 2211 instarent
3580 2147 3732 2206 defen-

411 2255 494 2302 ter
535 2247 850 2314 munitum,
879 2246 1094 2302 scilicet
1149 2248 1200 2302 S.
1266 2247 1471 2302 Bertini
1541 2248 1770 2316 piissimi
1830 2261 2053 2303 suorum
2137 2256 2280 2310 sioui
2301 2268 2462 2324 quam
2501 2251 2824 2323 objectioni,
2857 2250 3068 2305 artibus
3097 2255 3283 2303 tamen
3313 2245 3609 2312 viribusque
3641 2238 3733 2308 qui-

412 2337 746 2408 protectoris
775 2351 840 2392 ac
890 2337 1285 2407 promptissimi
1334 2337 1583 2392 maximis
1631 2337 1684 2392 in
1716 2338 2058 2393 necessitati-
2139 2346 2242 2401 bus
2281 2351 2537 2415 poterant
2575 2349 2632 2398 et
2677 2341 2859 2396 habile
2907 2340 3028 2405 fuit,
3080 2346 3310 2392 strenue
3356 2343 3514 2404 atque
3556 2327 3734 2401 agiliter

411 2427 514 2482 bus
562 2426 876 2482 liberatoris
922 2426 1284 2481 monaslicum
1343 2425 1454 2496 (42)
1495 2427 1904 2481 mODESleI‘iUm-
1962 2428 2060 2482 Ta-
2139 2429 2490 2500 resistebant,
2541 2445 2732 2488 omnes
2778 2428 3143 2484 intentissime
3193 2423 3519 2482 omnimodis
3559 2423 3734 2474 certau-

413 2516 484 2571 lia
515 2529 735 2584 quoque
765 2529 868 2570 nec
897 2515 1016 2569 sine
1054 2515 1151 2570 Dei
1183 2514 1596 2583 dispensatione
1636 2515 1913 2571 exstitisse
1944 2531 2060 2572 cre-
2140 2530 2244 2590 tes,
2294 2524 2341 2578 si
2406 2536 2517 2592 quo
2576 2521 2739 2576 modo
2797 2517 3211 2573 infestissimum
3275 2515 3426 2570 illum
3483 2510 3736 2582 quivissent

414 2605 612 2671 dimns,
645 2603 806 2658 sicuti
839 2603 1093 2672 protinus
1123 2604 1412 2672 perspicue
1445 2603 1656 2673 experti
1681 2619 1868 2660 sumus
1898 2613 2055 2673 nutu,

2140 2612 2410 2682 impedire
2447 2610 2748 2666 inimicum.
2799 2607 2902 2663 Sed
2934 2620 3046 2662 non
3094 2604 3201 2660 fuit
3249 2604 3348 2659 ulli
3386 2614 3560 2658 eorum
3590 2597 3735 2652 tribu-

416 2699 475 2750 ut
510 2694 602 2750 ubi
641 2695 816 2764 major
865 2693 1040 2749 fienda
1091 2699 1211 2749 erat
1238 2695 1543 2749 communis
1590 2695 1820 2750 victoria
1851 2701 1906 2750 et
1935 2709 2059 2764 per-
2141 2707 2276 2768 tum,
2321 2715 2418 2770 pro
2451 2713 2516 2754 eo
2556 2699 2702 2769 quod
2734 2696 2907 2752 voluit
2938 2696 3063 2750 illos
3091 2695 3241 2749 Deus
3280 2691 3594 2760 intelligere,
3623 2685 3735 2740 etin

416 2783 668 2849 ficienda,
727 2782 946 2838 ctelitns
992 2782 1180 2838 auxilii
1231 2782 1401 2839 divini
1480 2782 1661 2853 copia,
1714 2783 2061 2840 numerosior
2142 2789 2382 2845 confinio
2420 2789 2547 2844 vita:
2609 2788 2911 2856 mortisque
2961 2783 3287 2840 constitutis
3339 2779 3644 2851 significare,
3684 2784 3735 2826 ex

418 2874 492 2928 ibi
541 2878 970 2943 congregaretur
1016 2872 1254 2928 hostium
1304 2873 1565 2942 plurima.
1624 2874 1918 2929 Venientes
1965 2887 2060 2928 au-
2141 2894 2247 2948 qna
2279 2886 2433 2948 parte
2464 2877 2800 2933 imminentis
2829 2875 3072 2930 levamen
3101 2871 3336 2942 periculi
3356 2869 3656 2926 deliberaret
3674 2861 3737 2915 eis

418 2972 526 3019 tem
556 2963 738 3017 statim
779 2962 971 3018 eodem
1022 2969 1320 3028 momentO,
1373 2964 1702 3018 remiserunt
1740 2977 1914 3032 eqUOS
1963 2978 2062 3032 per
2143 2970 2443 3024 clementer
2481 2969 2869 3023 transmittere.
2909 2969 2984 3020 Ac
3023 2964 3149 3018 ideo
3188 2963 3454 3026 decrevit,
3491 2964 3546 3013 ut
3573 2960 3736 3024 praetu-

420 3051 772 3121 pabulatores
829 3050 884 3103 ill
944 3063 1144 3119 pascua
1202 3050 1268 3105 ad
1327 3050 1573 3107 Villal'llm
1644 3052 1785 3117 loca,
1852 3033 2326 3126 taliQUeClimns,
2377 3057 2662 3114 monastici
2714 3056 2932 3111 habitus
2977 3055 3236 3123 juvenem
3286 3063 3466 3106 arcum
3509 3045 3732 3114 arripere.

418 3138 602 3195 studio
632 3137 1075 3194 acceleraverunt
1143 3138 1455 3194 mansiones
1530 3140 1824 3207 aedificare,
1891 3140 2060 3196 veluti

423 3235 546 3299 post
588 3227 1005 3283 munitiunculz—e
1055 3227 1436 3284 infractionem
1487 3244 1587 3298 pro
1635 3229 1890 3286 firmitate
1951 3230 2058 3286 loci

419 3331 879 3390 gromnarumque
949 3315 1072 3388 (43)
1126 3317 1538 3387 opportunitate
1596 3318 1761 3389 longo
1813 3325 2060 3389 tempore

423 3407 556 3463 inibi
586 3407 756 3463 velint
793 3407 1118 3462 consistere.
1172 3407 1394 3462 Interim
1447 3408 1662 3478 pedites
1709 3423 1774 3464 ex
1816 3415 2060 3479 tempore

420 3497 681 3553 introitus
721 3501 886 3552 totam
937 3497 1080 3551 diem
1135 3510 1256 3551 cum
1297 3497 1622 3567 agilioribus
1663 3499 1946 3576 equitibus
1993 3499 2060 3555 ad

422 3585 633 3642 castelli
684 3585 1043 3642 munitionem
1097 3601 1338 3657 pugnare
1387 3601 1497 3642 non
1545 3593 1845 3652 cessantes,
1889 3588 2060 3643 (liver-

422 3677 498 3730 sis
537 3681 592 3730 et
621 3675 860 3731 insolitis
905 3674 1260 3730 artiﬁciorum
1293 3676 1590 3745 generibus
1629 3691 1728 3745 per
1763 3677 1911 3732 vices
1940 3692 2063 3732 suc-

423 3765 730 3820 cessionum
788 3764 1048 3834 globatim
1109 3768 1163 3817 et
1210 3766 1482 3820 cuneatim
1553 3766 1858 3821 contrarios
1895 3766 2064 3822 laces-

423 3853 594 3909 sendo
643 3853 917 3922 respirare
963 3852 1047 3906 vel
1082 3853 1148 3906 ad
1205 3853 1478 3909 modicum
1530 3867 1638 3910 non
1692 3855 2061 3924 patiebantur.

423 3941 701 4010 Siquidem
753 3940 937 4010 ignita
995 3940 1277 3995 ustensilia
1309 3946 1362 3996 et
1401 3941 1572 3997 frusta
1601 3943 1888 3998 candentis
1934 3943 2064 3999 ferri

427 4044 577 4084 more
602 4028 885 4099 grandinis
915 4026 1200 4083 fundibilis
1257 4031 1312 4083 in
1371 4044 1466 4086 eos
1505 4032 1792 4099 jacientes,
1845 4033 2067 4102 sagitta-

428 4133 544 4174 rum
574 4130 794 4188 quoque
827 4117 1031 4172 imbres
1061 4117 1115 4171 in
1159 4131 1258 4173 eos
1290 4117 1479 4187 pluere
1543 4132 1650 4174 non
1706 4120 2069 4176 intermitten-

2141 3162 2451 3218 quanquam
2485 3147 2736 3203 illicitum
2767 3145 2851 3202 vel
2881 3143 3123 3200 inhabile
3161 3143 3237 3197 sit
3266 3142 3394 3196 huic
3423 3135 3588 3194 ordini
3612 3143 3730 3186 arma

2142 3243 2417 3304 tractare;
2450 3238 2852 3305 intendensque
2881 3234 3030 3288 illum
3053 3230 3309 3302 diligenti
3339 3221 3732 3284 consideratione

2136 3328 2380 3396 jactante
2399 3325 2818 3396 prosiliendum,
2842 3323 2910 3378 de
2930 3321 3167 3392 propriis
3187 3320 3397 3374 viribus
3412 3317 3533 3371 licet
3549 3310 3732 3396 dubius,

2143 3395 2239 3472 Sed
2271 3417 2366 3472 Dei
2399 3395 2576 3470 tamen
2599 3414 2803 3470 auxilio
2825 3413 3046 3468 minime
3067 3409 3378 3480 ambiguus,
3409 3408 3597 3461 inserta
3613 3395 3734 3453 arcui

2143 3506 2339 3575 sagitta
2397 3504 2697 3574 implorans
2747 3502 2838 3557 Dei
2877 3500 3136 3556 auxilium
3188 3506 3343 3553 tensa
3389 3491 3580 3550 chorda
3607 3485 3736 3575 traxit

2145 3572 2380 3661 fortiter,
2413 3572 2706 3649 acdivinae
2749 3590 3095 3660 impnlsionis
3145 3589 3370 3643 datione
3405 3581 3570 3638 inﬁxit
3602 3572 3735 3630 fronti

2140 3684 2250 3752 jam
2280 3683 2413 3738 dicti
2446 3683 2659 3753 tyranni
2690 3681 2940 3736 viriliter.
2976 3681 3090 3735 Hoc
3119 3683 3304 3732 autem
3335 3679 3561 3736 mortuo,
3591 3677 3736 3722 cessa-

2144 3779 2342 3828 verunt
2404 3771 2497 3826 alii
2563 3773 2630 3826 ab
2697 3768 3127 3840 impugnationis
3184 3764 3439 3830 tumultu,
3506 3759 3737 3814 mittentes

2148 3866 2400 3934 protinus
2429 3861 2522 3931 qui
2571 3868 2824 3917 eventum
2863 3854 2943 3914 rei
2981 3857 3298 3913 senioribus
3336 3864 3517 3910 eorum
3552 3843 3736 3934 nuntia-

2147 3932 2290 4018 rent,
2327 3949 2590 4007 morando
2631 3950 2686 4004 in
2725 3949 2866 4004 atrio
2905 3950 3016 4017 jam
3053 3945 3187 4000 dicti
3229 3939 3559 4000 monasterii,
3595 3932 3736 3989 curia-

2147 4041 2292 4096 libus
2340 4040 2607 4096 tamenin
2649 4037 2882 4094 ecclesia
2910 4034 3209 4091 beatissimi
3260 4033 3406 4088 Petri
3452 4030 3504 4083 in
3541 4019 3734 4080 concilio

2149 4130 2520 4186 residentibus
2561 4149 2573 4183 :
2617 4128 2766 4198 quod
2815 4126 3014 4182 factum
3054 4138 3174 4180 cum
3218 4137 3249 4177 a
3280 4117 3628 4177 referentibus
3651 4108 3738 4165 illis

429 4216 529 4273 105.
588 4206 865 4276 ΐηιιηδίίυθ
922 4205 1026 4260 alia
1085 4220 1210 4275 qua?
1268 4220 1589 4263 enumerare
1650 4214 1704 4262 θῐ
1751 4206 1961 4264 fastidii
2014 4214 2068 4265 θῐ
2150 4225 2604 4291 conquereretur,
2640 4231 2846 4287 eosque
2885 4217 2991 4271 hoc
3020 4213 3436 4284 aliquantisper,
3477 4210 3736 4291 nontamen

425 4295 649 4352 difﬁcile
681 4296 758 4362 fit,
790 4295 1120 4351 offendicula
1153 4295 1480 4362 molientes;
1506 4297 1572 4350 ad
1606 4302 1936 4365 postremum
1965 4298 2131 4381 fos-h
2151 4285 2480 4381 maghopere
2527 4285 2795 4379 gravarei,
2857 4305 3171 4372 “mnusque
3233 4317 3298 4357 ae
3353 4297 3587 4354 securius
3632 4285 3735 4381 quid

425 4402 514 4443 sas
542 4388 686 4443 circa
717 4386 1075 4442 munitionem
1117 4387 1270 4441 mira:
1323 4392 1376 4441 et
1425 4386 1734 4442 altitudinis
1783 4393 1837 4442 et
1875 4377 2132 4458 ampli-“
2151 4377 2492 4469 me'veeperi
2530 4377 2800 4468 ﬁgendum
2842 4403 2988 4450 esset
3025 4393 3416 4458 deliberarent,
3457 4389 3507 4442 in
3555 4380 3635 4438 tali
3675 4377 3739 4430 in-

425 4477 636 4534 tudinis
681 4476 853 4532 factas
911 4477 1242 4543 munientes,
1305 4491 1405 4531 ceu
1465 4476 1716 4531 vimineis
1769 4479 2071 4547 parietibus

426 4566 688 4622 stramine
761 4570 817 4621 et
890 4565 1188 4635 omnigeno
1264 4565 1559 4620 siccamine
1635 4566 2069 4635 compleverunt,

427 4663 691 4713 conantes
738 4655 995 4711 incendio
1044 4654 1361 4724 profligare,
1409 4654 1610 4724 quibus
1638 4654 1867 4710 aliorum
1908 4657 2074 4712 artifi-

427 4745 530 4802 ciis
581 4749 1026 4815 argumentorum
1085 4757 1195 4798 non
1250 4743 1531 4813 potuerint
1596 4743 1914 4812 praevalere.
1966 4745 2071 4801 Sed

426 4834 824 4904 aliquantisper
845 4832 925 4887 eis
955 4847 1014 4887 se
1045 4832 1522 4899 subtrahentibus,
1556 4833 1730 4887 nostri
1762 4833 1816 4888 in
1849 4833 2071 4890 eosdem

429 4924 747 4980 straminum
780 4935 1008 4992 aggeres
1030 4921 1416 4990 lignorumque
1443 4928 1643 4986 strues,
1665 4922 1778 4976 Deo
1810 4921 2069 4989 donante,

434 5026 808 5084 prosperoque
857 5012 938 5067 eis
987 5010 1133 5066 venti
1193 5009 1414 5066 turbine
1463 5011 1627 5066 ﬂante
1687 5011 1864 5082 ignem
1915 5018 2072 5068 caute

434 5103 807 5170 immittentes,
842 5102 1060 5171 illisque
1082 5100 1460 5156 nescientibus
1489 5100 1778 5170 minusque
1808 5103 2075 5171 speranti-

506 5244 627 5315 (41)
660 5244 868 5315 Eadem
893 5256 1026 5298 voce
1057 5249 1166 5315 non
1205 5239 1373 5296 semel
1405 5254 1536 5295 usus
1565 5246 1648 5315 est
1677 5246 1891 5307 auctor,
1932 5242 2072 5299 infra

433 5313 610 5384 capp.
631 5315 696 5368 lO
733 5323 789 5369 et
819 5313 875 5366 11
909 5335 922 5381 ;
955 5328 1121 5383 supra
1152 5313 1280 5368 item
1313 5325 1422 5366 non
1451 5313 1641 5367 semel.

509 5385 631 5455 (42)
682 5387 820 5440 Nota
869 5385 1228 5450 vocabulum;
1271 5397 1380 5439 non
1434 5391 1590 5438 erant
1643 5392 1753 5438 tum
1809 5385 2074 5454 temporis

437 5457 765 5516 monasteria
793 5457 1186 5524 monachorum
1217 5463 1272 5510 et
1301 5456 1712 5523 canonicorum.

511 5526 632 5598 (43)
674 5529 922 5582 Gromna:
953 5542 1048 5581 seu
1081 5541 1327 5597 gronnae,
1381 5526 1500 5580 loca
1548 5525 1809 5595 palustria
1857 5532 1911 5581 et
1950 5527 2071 5584 her-

2154 4490 2392 4546 terstitio
2424 4487 2668 4544 cucurrit
2714 4485 2913 4554 aliquis
2963 4498 3028 4539 ex
3065 4484 3166 4548 eis,
3200 4488 3255 4536 et
3284 4477 3533 4548 deposuit
3560 4479 3737 4554 crucem

2153 4587 2302 4634 retro
2369 4579 2540 4634 altare
2605 4579 2663 4632 B.
2707 4552 2910 4630 Bertini
2969 4579 3242 4637 stantem;
3305 4573 3643 4649 reversusque
3686 4552 3738 4649 ad

2153 4669 2355 4733 socios,
2404 4669 2712 4722 irreverens
2749 4677 2933 4719 coram
2972 4662 3054 4716 eis
3091 4660 3260 4728 coepit
3306 4670 3420 4712 eam
3458 4648 3738 4739 defabricari

2153 4758 2297 4828 stylo
2354 4756 2553 4821 ferreo,
2612 4756 2706 4825 qui
2767 4753 2849 4809 sol
2906 4758 3151 4816 vocatur,
3212 4747 3356 4803 unde
3411 4743 3543 4799 solet
3591 4739 3738 4830 escutl

2154 4827 2296 4918 ignis
2333 4846 2508 4901 silice.
2541 4844 2728 4899 Nnntii
2777 4849 2958 4897 autem
3007 4838 3220 4910 praefati
3259 4841 3423 4892 tanta;
3451 4827 3740 4919 morositatis

2154 4938 2332 5006 spatio
2373 4937 2428 4991 in
2459 4936 2594 4990 iram
2635 4932 2874 4998 accensi,
2908 4931 3237 5000 procacibus
3257 4923 3511 4983 conviciis
3537 4925 3738 5006 aggressi

2154 5004 2282 5083 sunt
2332 5041 2429 5082 eos
2475 5026 2762 5094 increpare
2832 5022 3025 5076 durius
3080 5019 3329 5075 dicentes
3381 5036 3392 5070 :
3441 5004 3736 5100 Calumniosa

2155 5117 2382 5174 multum
2423 5130 2512 5170 res
2541 5114 2643 5169 fuit
2680 5119 2736 5168 et
2783 5111 3008 5181 indigna
3056 5123 3220 5178 quam
3259 5105 3436 5178 agitis.
3479 5102 3586 5156 Non
3620 5101 3734 5149 enim

2154 5263 2286 5339 δοξὲ
2307 5282 2338 5339 Ξ.
2365 5257 2559 5339 "1.3"."
2597 5271 2701 5339 .ms-
2734 5254 2936 5339 ιεξείιιιτ
2963 5266 3450 5339 amentiam“-.-
3481 5304 3655 5339 mea

2227 5307 2348 5403 (14’)
2365 5307 2709 5403 "efﬁngis:
2735 5307 2904 5403 nisi.
2961 5307 3072 5380 tum
3131 5323 3450 5403 dicebantur
3481 5307 3732 5403 ῗςξςεξςξωίξξ

2153 5383 2447 5486 canonici;
2492 5383 2637 5456 unde
2656 5399 2746 5455 hic
2773 5399 2942 5469 frater
2970 5395 3245 5452 monastici
3271 5390 3484 5451 ordinis,
3504 5383 3732 5438 discrimi-

2153 5490 2239 5530 ms
2268 5489 2420 5543 ergo.
