4096 6156
323 275 451 331 1121

1423 271 1768 329 MIRACULA
1808 273 1859 328 S.
1904 271 2192 328 BERTINI.
2234 301 2306 314 --
2343 272 2467 328 LIB.
2511 273 2576 328 ΙΙ.

3549 275 3688 332 1122

318 401 387 456 de
426 399 668 455 vindicta
696 398 1006 454 occisorum
1057 402 1371 453 nostrorum
1422 396 1803 468 indignamini,
1862 393 2228 466 necAfugam
2279 409 2439 466 quam
2490 396 2744 451 hortante
2810 397 2878 453 ad
2938 412 3196 470 pugnam.
3254 401 3412 467 Quod
3470 402 3705 459 audiens

319 491 387 546 de
418 490 581 546 nobis
617 487 958 544 certantibus
995 489 1305 558 partimque
1352 501 1452 558 pro
1491 488 1655 543 nobis
1699 487 1968 543 deﬁcien-

323 581 470 636 tibus
516 578 940 644 succensemini,
1004 592 1103 633 nec
1170 592 1339 648 super
1394 577 1606 633 castelli
1675 577 1968 646 captione,

322 685 446 740 quae
522 668 658 723 nihil
734 668 1015 732 tardaret,
1096 667 1272 723 solum
1347 667 1392 721 si
1471 667 1769 732 libuisset,
1847 665 1974 720 illos

324 760 590 830 impetere
644 757 915 812 studetis:
979 758 1207 826 insuper
1253 771 1473 827 quoque
1522 770 1624 812 nec
1673 755 1744 811 de
1787 754 1974 825 praeda

323 849 572 903 inhabita
611 847 917 912 advertitis,
946 846 1202 916 quoniam
1244 847 1288 900 si
1321 845 1375 900 hi
1417 852 1626 900 tantum
1665 845 1976 900 habuerunt

323 938 557 1007 spatium
591 936 791 1000 noctis,
816 935 998 990 omnia
1029 918 1125 988 sua
1148 942 1242 988 aut
1263 933 1555 1000 infodient,
1579 935 1747 988 autin
1771 935 1972 1003 puteis,

325 1042 419 1083 seu
445 1025 649 1081 abditis
669 1025 979 1095 quibusque
1006 1023 1145 1079 locis
1164 1023 1527 1090 abscondent;
1553 1024 1680 1093 quia
1701 1025 1896 1079 timent
1917 1036 1976 1077 se

327 1130 428 1186 pro
460 1122 612 1170 certo
646 1115 699 1169 in
741 1113 1078 1169 deditionem
1108 1112 1191 1167 vel
1225 1112 1277 1166 in
1311 1119 1541 1168 mortem
1573 1116 1674 1168 ire.
1699 1115 1875 1181 Atque
1897 1111 1975 1165 illi

330 1207 383 1261 in
424 1205 559 1259 iram
597 1202 738 1258 versi
770 1201 1052 1258 furibunte
1085 1207 1428 1268 exarserunt,
1461 1201 1726 1257 continuo
1767 1199 1834 1255 de
1865 1214 1978 1255 ses-

327 1295 543 1350 sionum
577 1293 716 1348 locis
753 1291 1093 1356 exsilientes,
1125 1292 1350 1360 suisque
1381 1291 1489 1346 diis
1526 1295 1649 1346 vota
1680 1289 1975 1352 solventes,

328 1383 543 1439 scilicet
573 1383 620 1438 si
651 1381 1012 1437 munitionem
1043 1379 1138 1436 illo
1167 1381 1383 1449 vesperi
1416 1394 1614 1450 capere
1645 1380 1974 1449 potuissent,

329 1473 537 1528 nemini
577 1470 805 1526 masculi
835 1485 999 1526 sexus
1044 1484 1218 1539 usque
1260 1469 1314 1524 in
1348 1483 1502 1524 mane
1534 1482 1780 1540 parcere.
1814 1469 1980 1537 Cujus

331 1561 590 1618 fastuosae
615 1560 929 1631 jactanctiaa
960 1559 1351 1629 superbissima
1380 1559 1546 1614 verba
1575 1557 1979 1626 horrendaeque

332 1651 659 1708 temeritatis
695 1650 929 1705 minacia
979 1649 1211 1720 prolata,
1271 1648 1409 1704 nulli
1447 1647 1528 1703 fas
1567 1655 1650 1703 est
1702 1648 1819 1702 ﬁeri
1859 1660 1978 1701 am-

2058 486 2238 543 omnis
2268 486 2500 555 plurima
2553 487 2630 558 [i.,
2693 486 2911 558 turma],
2962 489 3279 560 ubicunque
3326 490 3544 548 fuerant
3590 494 3703 550 sive

2047 576 2202 632 circa
2258 576 2541 632 castellum
2599 591 2695 632 seu
2747 577 2801 632 in
2871 577 3240 635 tabernaculis
3278 581 3362 636 vel
3419 582 3474 636 in
3515 583 3706 652 paucis

2057 667 2364 733 constituti,
2399 674 2531 722 noto
2572 666 2832 738 plangore
2875 667 3014 739 fugze
3076 669 3361 739 pavefacti,
3423 673 3703 743 magisque

2059 755 2239 810 divina
2279 757 2480 810 virtute
2512 756 2820 822 conterriti,
2854 771 2956 812 nec
2987 757 3242 813 dominos
3265 801 3279 825 ,
3331 772 3435 814 nec
3479 761 3700 824 socios,

2060 860 2161 902 nec
2193 851 2355 902 notos
2387 852 2720 915 repetentes,
2772 847 3046 916 praecipiti
3094 847 3218 917 fuga
3267 848 3596 920 ubicumque
3634 853 3708 904 vi-

2059 950 2178 991 sum
2211 935 2376 990 fuerit
2405 950 2514 1005 quo
2547 936 2704 990 ocius
2746 944 2839 990 aut
2869 935 3078 1007 fugere,
3111 944 3205 991 aut
3235 938 3578 994 abscondere
3610 953 3708 1010 po-

2060 1027 2296 1081 tuissent
2326 1025 2643 1081 tendebant.
2678 1025 2963 1096 Principes
2992 1034 3170 1081 autem
3214 1026 3425 1096 prmfati
3473 1043 3595 1083 cum
3629 1030 3710 1084 eis

2061 1129 2200 1184 quos
2228 1129 2412 1169 secum
2445 1114 2648 1169 habere
2697 1121 2955 1184 poterant
3008 1129 3066 1170 se
3117 1115 3444 1183 adunantes,
3506 1124 3561 1172 et
3617 1126 3708 1173 re-

2059 1204 2222 1274 gione
2262 1204 2582 1258 munitionis
2611 1219 2711 1274 per
2749 1211 2962 1274 portam
2997 1205 3258 1260 introitus
3283 1205 3367 1260 sui
3421 1206 3572 1262 exire
3619 1221 3711 1262 vc-

2063 1291 2259 1347 lociter
2287 1292 2630 1357 anhelantes,
2686 1293 2884 1348 nedum
2946 1293 3191 1348 dicamus
3243 1294 3392 1363 quod
3451 1294 3547 1351 illo
3585 1310 3714 1366 pro-

2063 1381 2441 1450 pinquas.=ent,
2477 1395 2578 1436 nec
2607 1381 2811 1436 vultum
2853 1381 2983 1436 illuc
3022 1382 3296 1437 divertere
3345 1382 3427 1438 vel
3469 1386 3714 1454 quamvis

2065 1477 2174 1525 tum
2229 1477 2682 1539 vesperascerct,
2757 1471 2846 1525 illa
2914 1477 3077 1526 nocte
3137 1470 3276 1526 infra
3335 1486 3429 1527 sex
3462 1474 3713 1530 milliaria

2063 1565 2270 1615 restare
2302 1559 2598 1626 audebant,
2658 1560 2754 1615 sed
2815 1561 3067 1615 directim
3109 1560 3412 1617 tendebant
3467 1564 3713 1633 adusque

2064 1664 2243 1704 arcem
2304 1651 2578 1719 quondam
2647 1650 3077 1720 opinatissimam
3119 1652 3425 1721 Menapum,
3485 1654 3716 1708 Domino

331 1743 555 1820 biguum
618 1742 926 1796 interventu
983 1741 1042 1794 B.
1103 1740 1248 1794 Petri
1306 1737 1544 1809 apostoli
1610 1739 1977 1807 precibusque
2000 1735 2190 1794 Billos
2229 1739 2445 1794 Christo
2490 1740 2633 1794 sicut
2673 1753 2804 1794 suos
2835 1739 3270 1795 misericorditer
3299 1741 3606 1806 liberando,
3641 1741 3714 1797 ita

333 1830 662 1888 exaudibilis
699 1829 900 1885 Christi
958 1827 1294 1885 confessoris
1345 1828 1574 1895 Bertini,
1636 1827 1692 1882 in
1749 1839 1983 1896 quorum

335 1922 491 1993 quasi
532 1921 586 1976 in
628 1934 817 1976 eorum
857 1918 1244 1974 contumeliam
1286 1917 1539 1974 ecclesiis
1587 1917 1706 1972 haec
1758 1914 1983 1970 fuerunt

336 2011 478 2066 facta
510 2016 563 2066 et
593 2009 760 2074 dicta,
793 2009 858 2063 ad
893 2022 1054 2063 aures
1087 2007 1310 2077 pietatis
1331 2007 1423 2062 Dei
1448 2019 1616 2076 super
1644 2005 1732 2060 his
1761 2003 1984 2074 indigne

336 2099 566 2156 ferentis
595 2098 760 2155 fuisse
809 2097 1137 2168 suppliciter
1176 2095 1408 2166 prolata.
1469 2098 1723 2150 Actutum
1782 2094 1983 2148 etenim

332 2189 443 2258 jam
483 2188 625 2243 fatus
660 2187 896 2244 violator
943 2184 1213 2242 salutiferi
1262 2185 1425 2256 signi,
1476 2189 1536 2240 ut
1575 2182 1874 2249 credimus,
1917 2181 1984 2237 ad

338 2277 751 2347 impeditionem
792 2281 898 2331 tam
949 2275 1192 2331 crudelis
1236 2275 1428 2342 edicti,
1479 2287 1777 2344 percussus
1816 2271 1987 2342 proti-

340 2381 443 2422 nus
472 2372 554 2422 est
585 2365 740 2435 plaga
779 2364 1092 2420 insanabili.
1125 2365 1257 2419 Nam
1308 2377 1372 2419 os
1418 2363 1500 2417 eis
1545 2362 1730 2417 subito
1769 2369 1990 2416 contra-

339 2463 487 2511 ctum
554 2463 637 2511 est
702 2469 824 2509 cum
884 2469 1018 2509 aure
1069 2453 1315 2522 adusque
1346 2452 1688 2521 occipitium,
1729 2450 1988 2520 oculique

338 2544 698 2600 subversione
729 2542 944 2608 retorti,
987 2547 1041 2597 et
1087 2555 1347 2611 spumans
1386 2547 1441 2596 et
1480 2547 1722 2596 tremens
1778 2539 1989 2595 voluta-

338 2634 502 2689 batur
530 2647 631 2702 per
658 2637 882 2686 terram.
923 2630 1078 2697 Quod
1127 2636 1418 2685 cernentes
1465 2629 1630 2699 paulo
1673 2635 1799 2685 ante
1838 2641 1992 2684 arro-

339 2728 536 2792 ganter
565 2720 858 2776 saevientes
895 2725 1181 2789 coeperunt
1230 2719 1552 2790 angustiari,
1601 2719 1828 2788 pallere,
1872 2724 1989 2774 tre-

342 2825 514 2877 mere,
575 2822 978 2880 percussosque
1032 2807 1527 2877 commanipulares
1574 2807 1809 2864 dilectos
1840 2807 1992 2877 prius

345 2913 477 2959 tunc
505 2901 654 2956 velut
692 2898 1089 2954 abominabiles
1119 2897 1409 2964 exsecrati,
1442 2897 1618 2953 solum
1649 2898 1754 2953 sibi
1783 2898 1992 2968 asylum

351 2989 583 3062 perfugii
624 2993 964 3060 reputantes,
1005 2988 1053 3043 si
1099 2988 1237 3042 viam
1280 2987 1434 3058 prius
1469 2994 1682 3043 ventam
1741 2994 1993 3057 repetere

2067 1828 2280 1883 alienos
2317 1842 2346 1882 a
2405 1843 2463 1883 se
2504 1829 2686 1898 dignis
2733 1829 3101 1883 calamitatum
3149 1830 3488 1886 cruciatibus
3521 1846 3718 1901 percu-

2068 1916 2280 1983 tiendo,
2313 1915 2685 1987 divinitusque
2726 1917 3008 1983 terrendo,
3063 1917 3224 1988 longe
3275 1919 3588 1988 perditione
3627 1926 3716 1976 te-

2067 2020 2282 2075 uusque
2339 2005 2737 2076 propulsaudo.
2799 2005 3086 2061 Relatione
3146 2008 3289 2062 enim
3339 2022 3528 2064 eorum
3576 2009 3719 2065 ﬁde-

2069 2095 2200 2151 lium
2240 2095 2334 2164 qui
2375 2095 2568 2164 praelio
2625 2093 2993 2150 interfuerunt
3032 2095 3326 2152 didicimus
3381 2099 3529 2168 quod
3590 2114 3720 2169 per-

2067 2185 2352 2240 venientes
2399 2184 2466 2238 ad
2518 2184 2697 2239 locum
2741 2199 2851 2254 quo
2886 2185 3205 2251 tendebant,
3268 2187 3321 2240 in
3375 2200 3486 2242 uno
3544 2189 3721 2257 praelii

2070 2288 2369 2345 congressu
2421 2273 2713 2330 duodecim
2781 2274 3052 2330 nobilium
3093 2281 3455 2345 pugnatorum
3505 2277 3574 2332 de
3613 2278 3724 2332 illis

2071 2363 2346 2435 proﬂigati
2410 2367 2575 2430 sunt,
2642 2364 2756 2419 Deo
2821 2361 2930 2418 illis
2969 2362 3260 2434 dignanter
3324 2364 3380 2419 in
3437 2365 3723 2422 numerum

2072 2452 2411 2508 occisionum
2471 2457 2527 2507 et
2591 2450 3007 2522 sacrilegiorum
3078 2452 3324 2508 meritam
3403 2455 3722 2522 pensionem

2072 2547 2550 2610 recompensante.

2072 2633 2203 2688 CAP.
2249 2631 2335 2684 XI.
2378 2629 2619 2697 Qualiter
2645 2628 2884 2685 labarum
2929 2627 3231 2701 (vexillum)
3263 2645 3591 2702 paganorum
3621 2647 3726 2704 po-

2178 2721 2338 2774 situm
2365 2719 2463 2787 fuit
2492 2719 2881 2781 nitidissimum,
2915 2724 2964 2773 et
2993 2718 3251 2774 inventum
3281 2722 3615 2778 teterrimum.

2145 2807 2416 2862 Antelatis
2472 2808 2633 2862 etiam
2695 2807 2918 2878 dignum
2979 2807 3199 2862 cmlitus
3255 2809 3632 2864 transmissum
3672 2818 3728 2865 et

2075 2896 2270 2953 eodem
2302 2897 2358 2951 in
2391 2902 2640 2966 tempore
2670 2896 2865 2951 visum.
2899 2897 3030 2951 Post
3059 2897 3304 2952 exterius
3323 2897 3520 2953 atrium
3553 2905 3728 2968 porta

2077 2987 2403 3044 caanobialis
2430 2986 2751 3043 monasterii
2790 3000 2902 3042 non
2961 2986 3122 3056 longe
3181 2988 3472 3042 retroactis
3510 2994 3728 3058 tempo-
3807 3038 3809 3040 .

353 3080 772 3137 concederetur.
800 3079 912 3134 Tali
945 3079 1130 3148 itaque
1164 3078 1260 3133 Dei
1309 3078 1548 3133 vindicta
1595 3077 1688 3132 alii
1739 3077 1854 3144 icti,
1906 3071 2235 3135 aliiCribus
2291 3093 2322 3133 a
2381 3077 2643 3148 religioso
2700 3077 2938 3147 quodam
2998 3073 3243 3146 ejusdem
3301 3076 3409 3132 loci
3461 3077 3733 3134 monacho

354 3169 556 3233 territi,

355 3259 658 3331 parietibus
714 3257 1070 3313 ecclesiarum
1148 3256 1353 3322 innixa,
1430 3270 1553 3324 qua:
1629 3255 1765 3310 inibi
1840 3255 2002 3309 missa

356 3348 578 3419 byssino
645 3345 942 3417 splendore
1008 3344 1299 3400 candentia
1374 3343 1744 3413 recipientes,
1823 3343 2002 3399 mirati

354 3444 484 3494 sunt
543 3437 702 3507 piceo
761 3435 947 3490 colore
986 3434 1293 3504 nigrantia;
1354 3432 1543 3502 sicque
1585 3433 1778 3502 rapido
1838 3447 2003 3488 cursu

357 3542 455 3598 per
484 3525 692 3582 medias
729 3523 1045 3594 praecipites
1072 3521 1380 3577 vacillando
1422 3527 1797 3590 proruperunt
1827 3520 2004 3575 eccle-

356 3617 485 3681 sias,
528 3629 638 3671 non
679 3615 806 3669 vino
837 3613 998 3675 ebrii,
1031 3611 1128 3666 sed
1161 3610 1536 3680 indignatione
1568 3610 1665 3664 Dei
1697 3614 1753 3663 et
1782 3608 2006 3665 offensis

357 3710 668 3760 sanctorum
738 3699 1114 3758 consternati:
1180 3698 1506 3767 tardumque
1573 3697 1655 3752 eis
1719 3697 2008 3752 videbatur

358 3792 677 3850 monasterii
710 3797 898 3861 portas
926 3789 1220 3858 attingere,
1253 3788 1326 3842 ita
1359 3792 1418 3841 ut
1455 3785 1641 3854 potius
1688 3785 2009 3841 laztarentur

360 3889 492 3938 tunc
522 3881 590 3938 de
621 3882 791 3947 exitu,
826 3892 988 3948 quam
1021 3876 1183 3947 paulo
1213 3882 1338 3930 ante
1369 3889 1537 3944 super
1566 3873 1660 3929 diu
1692 3875 2007 3932 desiderato

360 3973 611 4030 introitu.
655 3969 872 4041 Egressi
919 3981 1050 4023 vero
1089 3972 1144 4021 et
1191 3964 1590 4035 aliquantisper
1637 3978 1777 4034 pene
1820 3964 2009 4034 elapso

362 4063 562 4135 spiritu
600 4065 903 4128 resumpto,
956 4056 1302 4112 residuorum
1348 4053 1625 4110 recordati
1672 4059 1800 4109 sunt
1847 4054 2009 4110 debi-

363 4153 516 4208 lium.
547 4152 660 4205 Nec
691 4155 869 4204 tamen
900 4147 1046 4202 ullus
1075 4159 1263 4202 eorum
1305 4157 1470 4200 ausus
1516 4150 1601 4199 est
1647 4157 1749 4214 pro
1798 4144 1879 4199 eis
1917 4159 2011 4199 re-

363 4241 524 4308 verti,
556 4238 654 4294 sed
694 4243 953 4293 vocantes
991 4235 1058 4290 ad
1098 4249 1157 4290 se
1195 4232 1484 4304 quemdam
1531 4239 1816 4288 strenuum
1857 4234 2012 4303 juve-

365 4345 489 4388 nem
527 4328 806 4400 quoudam
863 4327 1238 4397 captivitatum
1286 4326 1354 4381 de
1389 4324 1607 4381 colonia
1655 4327 1709 4381 S.
1764 4325 2010 4393 Wlmari,

635 3182 988 3238 prmpropere
1076 3166 1430 3236 arripuerunt
1505 3166 1729 3235 propria
1804 3165 2000 3220 vexilla

2085 3182 2278 3223 nemus
2324 3167 2598 3237 quoddam
2648 3165 2969 3236 frugiferum
3012 3166 3382 3236 pulcherrime
3431 3166 3732 3237 plantatum

2086 3257 2223 3314 fuit:
2255 3259 2413 3327 cujus
2442 3258 2497 3312 in
2538 3255 2722 3312 medio
2760 3256 2916 3326 quasi
2956 3255 3116 3310 collis
3171 3257 3429 3311 tumbalis
3485 3257 3734 3323 exstitit,

2086 3347 2296 3402 habens
2334 3347 2389 3400 in
2429 3345 2742 3401 summitate
2781 3345 2865 3398 sui
2923 3344 3124 3413 pirum,
3167 3346 3324 3413 cujus
3375 3345 3494 3414 pira
3551 3346 3736 3400 nimiae

2086 3433 2476 3505 grossitudinis
2531 3431 2948 3500 dulcissimique
3005 3432 3220 3500 saporis
3272 3440 3464 3500 erant;
3528 3431 3738 3489 refere-

2087 3524 2360 3592 baturque
2391 3536 2420 3574 a
2450 3520 2766 3575 senioribus
2795 3534 2862 3575 ex
2901 3519 3188 3589 plantariis
3225 3519 3393 3577 fuisse
3439 3521 3741 3578 beatissimi

2089 3611 2264 3666 Patris
2329 3609 2558 3664 Bertini.
2627 3608 2992 3676 Quamobrem
3058 3611 3278 3665 Patrum
3352 3611 3586 3666 sancivit
3659 3611 3741 3665 in-

2089 3700 2321 3766 dustria,
2362 3697 2559 3753 fratres
2597 3697 2746 3753 omni
2801 3710 2946 3753 anno
3012 3697 3334 3754 solemniter
3387 3699 3618 3755 vestitos
3655 3713 3742 3754 se-

2091 3789 2269 3846 cunda
2299 3787 2435 3843 feria
2464 3788 2690 3844 Pascha:
2722 3801 2846 3843 cum
2877 3787 3126 3858 reliquiis
3154 3794 3210 3844 et
3240 3789 3552 3859 psaltentiis
3581 3790 3745 3858 (sicut

2092 3894 2211 3936 mos
2239 3885 2323 3935 est
2353 3883 2521 3934 totam
2553 3877 2699 3932 illam
2729 3877 3128 3933 hebdomadam
3179 3893 3279 3949 per
3325 3879 3570 3936 diversas
3616 3879 3747 3936 offi-

2093 3970 2245 4025 ciuas
2300 3967 2534 4039 facere),
2577 3967 2722 4023 idem
2761 3967 3064 4037 pomarium
3113 3968 3358 4036 visitare,
3398 3975 3454 4024 et
3509 3970 3564 4024 in
3624 3970 3746 4041 ipso

2094 4058 2395 4115 monticulo
2445 4056 2718 4126 completa
2776 4056 3026 4113 oratione
3079 4056 3147 4112 ad
3204 4057 3426 4127 publica
3481 4057 3750 4114 solemnia

2096 4148 2317 4205 reverti.
2382 4146 2538 4215 Quod
2605 4159 2798 4202 nemus
2863 4147 2991 4216 quia
3048 4146 3194 4203 inter
3249 4147 3360 4203 duo
3418 4150 3750 4204 monasteria

2097 4245 2234 4304 erat,
2304 4251 2372 4293 ne
2438 4235 2579 4292 forte
2637 4235 2869 4290 latibulo
2934 4236 3173 4291 inimicis
3229 4243 3414 4303 esset,
3454 4237 3750 4293 Christiani

2099 4327 2374 4397 extirpare
2431 4326 2813 4382 decreverunt.
2871 4325 3166 4379 Venientes
3230 4325 3436 4394 itaque,
3499 4330 3559 4380 ut
3616 4341 3756 4396 pra:-

367 4421 462 4492 qui
501 4419 569 4475 ab
608 4418 770 4473 initio
800 4415 930 4472 huic
977 4413 1120 4470 iacto
1180 4415 1462 4480 intererat,
1519 4419 1906 4483 praeceperunt
1961 4405 2338 4482 eiDtulimus,
2389 4415 2607 4485 pagani,
2663 4413 2720 4469 in
2776 4411 3000 4467 antefati
3042 4412 3201 4468 collis
3257 4414 3541 4470 cacumine
3599 4417 3754 4485 prin-

367 4515 428 4567 ut
455 4507 785 4580 quantocius
841 4511 1079 4561 tentaret
1134 4503 1338 4569 redire,
1396 4517 1459 4557 ac
1515 4503 1562 4558 si
1619 4503 1723 4557 vivi
1782 4501 2014 4558 fuissent

367 4613 466 4656 eos
495 4598 816 4654 adduceret.
858 4595 954 4662 Qui
989 4607 1240 4650 reversus
1285 4592 1531 4661 injuncta
1579 4591 1865 4660 perlicere,
1923 4607 2014 4647 re-

370 4689 516 4760 perit
545 4693 606 4744 ut
633 4692 760 4742 ante
796 4683 1031 4741 errando
1063 4683 1171 4738 huc
1211 4681 1452 4751 illucque
1500 4693 1597 4736 eos
1645 4681 2014 4750 palpitantes,

370 4793 434 4834 ac
473 4781 817 4834 contractum
866 4780 925 4829 ut
976 4773 1130 4842 prius
1173 4772 1448 4840 jacentem
1501 4768 1614 4825 fere
1655 4771 2016 4837 examimem,

372 4868 467 4939 qui
499 4873 554 4922 et
581 4865 740 4930 inibi,
783 4862 911 4934 quia
959 4860 1149 4932 egredi
1201 4859 1468 4930 nequivit,
1528 4860 1811 4926 remansit,
1854 4858 2023 4929 pluri-

374 4958 588 5027 misque
619 4955 815 5012 diebus
869 4951 1258 5008 miserabiliter
1314 4949 1603 5005 tabescens
1658 4949 2024 5020 eleemosynis

375 5046 646 5102 bonorum
694 5041 975 5097 hominum
1035 5040 1187 5107 vixit,
1242 5038 1642 5108 latratibusque
1698 5039 1900 5108 quibus
1937 5051 2026 5092 va-

375 5134 480 5190 luit
508 5131 771 5188 miracula
798 5131 894 5186 Dei
933 5130 1046 5185 illic
1095 5128 1286 5184 effecta
1335 5128 1660 5184 testificatus
1707 5126 1829 5183 fuit.
1882 5129 2027 5182 Prte-

377 5223 522 5279 fatus
567 5235 699 5277 vero
746 5219 966 5290 juvenis
1011 5219 1135 5274 data
1174 5220 1267 5274 uni
1301 5233 1367 5273 ex
1406 5218 1570 5274 cazcis
1608 5231 1792 5284 manu,
1835 5216 2025 5286 sicque

378 5327 522 5368 unus
560 5317 686 5382 post
742 5323 910 5366 unum
949 5308 1054 5363 sibi
1112 5307 1406 5376 haerentes,
1470 5308 1735 5379 protracti
1792 5313 1921 5362 sunt
1957 5307 2026 5363 ad

381 5408 657 5459 caeteros:
691 5400 786 5471 qui
818 5399 981 5456 etiam
1021 5397 1241 5454 interim
1279 5399 1515 5454 horrore
1574 5397 1769 5454 mortis
1826 5397 2028 5468 trepidi

381 5493 642 5563 clangore
672 5488 950 5561 frequenti
979 5487 1267 5558 increpare
1315 5485 1579 5556 citabant,
1633 5487 2030 5544 stridentibus-

382 5596 492 5656 que
520 5580 672 5637 tubis
700 5579 885 5636 sonitu
916 5577 1088 5649 magis
1133 5577 1495 5648 significante,
1528 5578 1638 5634 imo
1668 5576 2032 5648 compellente

2099 4504 2275 4574 cipale
2321 4503 2601 4570 vexillum,
2653 4502 2802 4572 quod
2861 4501 3109 4556 labarum
3148 4503 3330 4558 vocari
3385 4501 3580 4574 fertur,
3639 4505 3752 4562 alto

2099 4592 2278 4662 stipiti
2311 4606 2410 4662 pro
2451 4599 2665 4647 terrore
2719 4589 3036 4659 inﬁxerunt,
3095 4605 3206 4660 quo
3263 4592 3478 4648 eminus
3538 4596 3756 4665 prospi-

2101 4680 2376 4738 cientibus
2406 4686 2673 4736 terrorem
2707 4681 3000 4735 incuteret.
3053 4679 3158 4734 Sed
3190 4685 3246 4735 et
3284 4681 3510 4752 regione
3560 4683 3757 4740 eodem

2103 4772 2158 4828 in
2190 4771 2315 4827 loco
2355 4771 2674 4826 misericors
2712 4771 2975 4825 Dominus
3022 4769 3430 4827 evidentissime
3475 4772 3758 4830 declarare

2103 4861 2276 4917 voluit
2305 4861 2453 4930 quod
2504 4861 2623 4930 ipse
2664 4859 2729 4914 de
2766 4858 2893 4914 cwlo
2934 4860 3164 4930 respicit
3208 4875 3367 4932 super
3410 4860 3550 4933 ﬁlios
3586 4863 3758 4919 homi-

2104 4967 2244 5018 num,
2278 4955 2332 5005 ut
2369 4950 2541 5005 videat
2581 4951 2629 5004 si
2678 4955 2754 5004 est
2799 4947 3089 5018 intelligens
3147 4955 3236 5006 aut
3293 4953 3565 5023 requirens
3600 4955 3760 5009 Deum

2113 5037 2286 5111 (Psal.
2319 5053 2440 5105 xm,
2482 5038 2558 5108 2).
2591 5039 2725 5092 Nam
2770 5037 3016 5094 labarum
3075 5039 3362 5109 praefatum
3420 5041 3569 5111 quod
3623 5043 3766 5098 niti-

2109 5129 2391 5184 dissimum
2420 5126 2599 5182 fuerat
2635 5127 2713 5182 ibi
2761 5128 3022 5198 positum,
3054 5129 3341 5199 abreptum
3388 5131 3539 5197 inde,
3588 5137 3762 5188 teter-

2110 5219 2308 5274 rimum
2373 5216 2619 5272 evulsum
2679 5222 2800 5273 est:
2861 5232 2925 5273 ac
2989 5218 3046 5273 in
3104 5225 3352 5289 tempore
3409 5221 3766 5292 incoeptionis

2111 5306 2441 5363 mirabilium
2482 5305 2859 5377 praefatorum,
2914 5306 3180 5364 nebulosa
3221 5307 3397 5380 caligo
3438 5314 3612 5366 totum
3653 5313 3766 5382 jam

2115 5398 2321 5454 dictum
2361 5398 2497 5453 texit
2526 5399 2769 5454 nemoris
2798 5397 3002 5465 locum,
3043 5397 3118 5454 ita
3158 5404 3216 5453 ut
3254 5412 3356 5454 nec
3405 5401 3650 5457 montani
3698 5402 3767 5458 ab

2111 5486 2451 5558 junioribus,
2526 5501 2630 5543 nec
2703 5485 2996 5543 inferiores
3069 5502 3100 5543 a
3155 5488 3540 5559 superioribus
3593 5491 3770 5548 videri

2118 5583 2367 5648 possent.
2402 5574 2667 5635 Columna
2698 5589 2921 5648 quoque
2959 5577 3138 5634 nubea
3185 5578 3242 5634 in
3291 5579 3473 5636 medio
3522 5579 3775 5652 caliginis
