4106 6178
415 266 552 324 1123

1537 238 1857 319 FOLCALDI
1899 256 2196 313 nomen]
2236 255 2646 314 srrmvENSIs

3645 257 3785 315 1124

407 391 626 448 coalitus
690 389 928 463 pendula
993 404 1160 461 super
1225 389 1400 460 ipsum
1460 385 1656 442 collem
1714 383 2002 440 videbatur
2033 379 2299 450 ,Aquem
2330 381 2531 438 medici
2576 380 2835 437 variolam
2876 380 2987 452 (49)
3021 387 3240 449 vocant,
3290 383 3456 440 morti
3500 382 3789 440 videretur

404 480 670 538 simulans
697 480 906 552 speciei
935 495 1051 537 suae
1077 479 1264 536 colore
1305 475 1557 547 pluvialis
1606 473 1765 529 iridis
1810 471 2048 527 varieta-

404 575 537 639 tem,
600 585 898 642 coazquans
952 584 1052 626 sua
1116 568 1278 624 etiam
1343 564 1703 636 amplitudine
1777 559 2049 632 suppositi

405 661 567 717 collis
621 661 1005 716 latitudinem:
1066 672 1168 714 nec
1206 663 1366 712 antea
1420 669 1480 711 se
1542 654 1783 710 ﬁdelium
1840 654 2050 707 intente

402 765 522 807 eam
596 749 1075 807 considerantibus
1147 745 1408 803 subduxit
1480 744 1767 800 obtutibus
1799 784 1814 809 ,
1884 755 2048 812 quam

405 840 586 897 omnis
640 841 734 895 illa
794 838 1031 895 hostium
1089 837 1324 908 plurima
1385 835 1480 906 [i.,
1551 831 1742 902 turma]
1806 830 2053 886 funditus

405 931 696 986 discessit:
793 928 1200 985 evidentissime
1290 925 1583 982 visibiliter
1673 921 2050 992 omnipotente

405 1024 764 1083 monstrante,
797 1019 906 1074 imo
938 1022 1271 1088 provocante
1302 1013 1738 1071 misericorditer
1783 1023 1886 1066 nos
1916 1011 2046 1075 Deo,

404 1116 464 1165 ut
489 1110 620 1164 illuc
646 1108 851 1180 iugiter
873 1107 1021 1164 omni
1053 1107 1252 1162 mentis
1276 1105 1582 1161 intentione
1612 1107 1836 1171 totaque
1867 1099 2052 1155 cordis

407 1195 703 1252 devotione
766 1197 1064 1252 debeamus
1115 1195 1307 1251 oculos
1362 1201 1470 1248 tam
1530 1191 1832 1248 exteriores
1887 1202 2049 1258 quam

405 1285 702 1342 interiores
736 1285 792 1341 in
833 1286 1090 1342 omnibus
1119 1282 1541 1340 necessitatibus
1586 1281 1774 1352 ﬁgere,
1807 1291 1917 1349 quo
1947 1291 2050 1334 nos

405 1376 789 1446 pretiosissimi
853 1376 975 1432 Filii
1041 1376 1125 1430 sui
1179 1373 1463 1445 sanguinis
1519 1370 1899 1440 redemptione
1956 1369 2047 1424 di-

402 1469 600 1536 gnatus
629 1470 714 1520 est
745 1465 995 1530 invitare,
1027 1464 1122 1533 qui
1179 1477 1302 1518 cum
1359 1476 1426 1517 eo
1480 1461 1632 1528 vivit,
1669 1459 1938 1530 gloriatur
1995 1463 2051 1514 et

403 1560 596 1625 regnat
632 1555 796 1620 Deus,
839 1554 894 1609 in
925 1554 1135 1608 unitate
1165 1552 1402 1622 Spiritus
1437 1550 1634 1616 sancti,
1682 1563 1781 1619 per
1829 1548 2050 1603 immor-

401 1643 531 1699 talia
568 1642 772 1699 saecula
800 1642 1149 1710 saeculorum,
1181 1645 1369 1697 Amen.

652 1730 773 1802 (45)
808 1733 936 1786 CAP.
968 1733 1082 1786 XII.
1113 1734 1189 1785 De
1218 1731 1456 1798 ingressu
1483 1729 1813 1799 feminarum.

475 1822 608 1876 Cum
637 1819 985 1877 venerandus
1023 1823 1182 1876 Pater
1230 1825 1419 1876 uoster
1459 1818 1715 1874 Bertinus
1761 1821 2048 1887 postquam

407 1923 436 1964 a
467 1909 689 1965 diabolo
741 1910 798 1964 in
848 1909 1033 1980 specie
1091 1908 1336 1964 mulieris
1387 1911 1631 1962 tentatus
1686 1910 1851 1972 esset,
1910 1910 1967 1960 et
2017 1918 2049 1960 a

403 2000 458 2052 S.
492 1999 723 2055 Martino
771 1998 1022 2054 visitatus
1071 2004 1126 2052 et
1182 1997 1467 2063 liberatus,
1521 1994 1881 2051 considerans
1935 2007 2052 2048 om-

405 2088 538 2144 nino
568 2087 854 2144 monachis
898 2101 1011 2143 non
1059 2086 1318 2156 expedire
1373 2099 1506 2141 sexu
1563 2083 1799 2140 femineo
1857 2083 2051 2154 quovis

403 2177 567 2233 modo
641 2177 1074 2244 communicari,
1150 2177 1252 2232 sub
1325 2175 1670 2230 anathemate
1743 2173 2046 2245 ingressum

401 2266 724 2323 feminarum
754 2266 823 2323 de
853 2266 1020 2322 aditis
1043 2267 1287 2336 ejusdem
1319 2264 1559 2321 cmnobii
1606 2263 1826 2334 penitus
1863 2263 2050 2320 exclu-

399 2357 490 2412 sit.
550 2356 706 2424 Quod
762 2357 831 2411 ab
888 2357 1063 2426 ipsius
1117 2357 1177 2411 B.
1235 2354 1443 2411 Bertini
1497 2360 1744 2424 tempore
1800 2354 1941 2409 bene
1979 2353 2047 2408 ab

401 2445 658 2501 omnibus
687 2446 1036 2501 observatum
1066 2449 1171 2512 est,
1213 2458 1387 2514 usque
1435 2443 1503 2499 ad
1555 2443 1690 2498 illud
1729 2449 1945 2513 tempus
1991 2443 2046 2497 in

401 2549 511 2604 quo
567 2534 734 2590 Adala
799 2533 1140 2590 nobilissima
1197 2535 1400 2603 conjux
1453 2531 1662 2588 Arnulﬁ
1720 2531 1939 2588 comitis
1993 2536 2049 2587 et

402 2623 619 2679 abbatis
651 2622 775 2695 (46)
807 2623 969 2678 istius
999 2623 1108 2679 loci
1138 2636 1262 2678 cum
1289 2623 1594 2692 saepissime
1631 2622 1842 2693 magnis
1890 2620 2050 2677 inﬁr-

401 2712 685 2768 mitatibus
722 2716 868 2768 esset
924 2717 1232 2784 aggravata,
1290 2712 1606 2768 desiderare
1659 2711 1828 2782 coepit
1874 2717 1935 2767 ut
1989 2710 2044 2766 in

398 2801 505 2858 hoc
544 2803 880 2859 monasterio
910 2802 959 2858 ei
999 2803 1278 2858 licentiam
1308 2802 1563 2858 monachi
1591 2801 1788 2858 darent
1817 2802 2043 2869 intrare,

399 2898 461 2948 ut
489 2906 673 2949 coram
703 2892 863 2949 altari
893 2892 1068 2948 sancti
1125 2892 1333 2949 Bertini
1391 2906 1492 2962 pro
1549 2891 1726 2948 salute
1782 2891 2046 2962 depreca-

399 2988 521 3039 tura
565 2983 759 3039 liceret
796 2996 856 3038 se
887 2988 1262 3051 prosternere.
1322 2983 1495 3051 Hujus
1533 2981 1700 3052 igitur
1756 2983 1837 3036 rei
1880 2995 2042 3037 causa

2133 481 2254 524 esse
2284 470 2586 540 proximus,
2615 469 2762 526 ulnis
2790 469 3034 541 propriis
3060 470 3358 528 sustollens
3409 476 3535 529 ante
3565 475 3624 530 8.
3657 475 3787 529 Ber-

2132 557 2234 612 tini
2273 558 2444 615 altare
2484 559 2818 630 deportavit,
2877 561 3315 632 monachumque
3355 561 3680 619 effecturum
3738 564 3785 618 si

2132 648 2252 715 ejus
2308 648 2397 718 pia
2431 650 2714 719 juvaretur
2761 650 3183 719 intercessione,
3231 652 3554 723 spopondit.
3613 654 3783 720 Quem

2133 750 2259 793 mox
2297 738 2459 794 saluti
2508 740 2820 796 restitutum
2877 754 2940 796 ac
2994 741 3371 811 Omnipotenti
3427 741 3691 796 famulum
3731 749 3787 796 et

2133 828 2186 882 S.
2219 827 2442 884 Bertino
2481 829 2683 885 obtulit
2729 829 3058 886 monachum
3101 830 3500 901 perpetualiter
3535 845 3788 902 perman-

2133 931 2318 973 surum
2352 917 2497 989 (50).

2132 1025 2262 1080 CAP.
2306 1026 2439 1080 XIV.
2472 1024 2709 1093 Qualiter
2753 1025 2837 1082 hic
2882 1025 3024 1082 locus
3067 1028 3262 1084 meritis
3309 1032 3612 1084 sanctorum
3645 1029 3784 1085 Vin-

2203 1098 2378 1172 centii,
2409 1098 2702 1172 Audomari
2748 1104 2797 1155 et
2843 1100 3047 1156 Bertini
3083 1106 3289 1172 ereptus
3334 1105 3411 1156 est
3441 1100 3512 1156 ab
3553 1102 3788 1156 incendii

2203 1168 2520 1224 discrimine.

2201 1275 2580 1332 Veridicorum
2636 1277 2880 1334 virorum
2949 1278 3043 1348 qui
3117 1277 3525 1347 interfuerunt,
3593 1278 3790 1335 sedula

2133 1371 2474 1436 compertum
2532 1372 2617 1423 est
2671 1367 2978 1436 relatione,
3037 1369 3317 1439 quomodo
3374 1374 3625 1440 tempore
3683 1370 3788 1424 viri

2129 1455 2458 1511 venerabilis
2495 1455 2683 1512 domni
2721 1457 2948 1514 Odberti
3003 1458 3238 1525 abbatis,
3279 1458 3435 1516 locus
3490 1459 3790 1515 Sithiensis

2131 1545 2372 1602 emnobii
2427 1547 2640 1602 meritis
2695 1547 2749 1602 S.
2808 1548 3083 1604 Vincentii
3146 1548 3349 1604 Christi
3414 1548 3671 1620 martyris
3729 1555 3785 1604 et

2129 1640 2444 1691 sanctorum
2519 1635 2897 1693 confessorum
2969 1638 3267 1694 Audomari
3340 1644 3504 1709 atque
3570 1639 3784 1694 Bertini

2072 1721 2333 1780 Bdudum
2364 1725 2629 1781 divinitus
2667 1731 2892 1797 ereptus
2919 1727 2993 1783 sit
3039 1727 3107 1782 ab
3145 1727 3388 1783 incendii
3436 1729 3784 1785 discrimine.

2129 1814 2284 1880 Quod
2324 1814 2451 1884 quia
2505 1813 2723 1870 videtur
2778 1815 2917 1871 adeo
2973 1816 3310 1872 audientium
3371 1817 3599 1873 utilitati
3648 1831 3789 1873 con-

2130 1917 2347 1972 gruere,
2398 1903 2530 1959 licet
2559 1904 2748 1960 tandiu
2805 1905 3040 1961 celatum
3095 1905 3168 1961 sit
3222 1907 3556 1976 scriptorum
3612 1908 3788 1978 negli-

2130 1994 2316 2061 gentia
2344 1993 2593 2060 incuriae,
2625 1998 2808 2049 tamen
2847 1994 3071 2065 dignum
3128 1995 3353 2051 ducitur
3407 1995 3594 2052 ofﬁcio
3651 1997 3786 2068 styli

2131 2082 2502 2138 commendari
2563 2083 2866 2139 memorim.
2937 2083 3095 2139 Nulla
3161 2085 3286 2140 istic
3340 2086 3648 2154 antiquitus
3716 2087 3785 2142 de

2131 2170 2361 2242 praefato
2399 2171 2602 2227 Christi
2643 2177 2882 2243 martyre
2921 2173 3221 2229 custoditio
3260 2174 3522 2245 agebatur
3572 2175 3787 2231 solem-

2131 2261 2340 2330 nitatis,
2372 2261 2478 2317 nisi
2509 2261 2687 2317 tribus
2724 2262 3057 2319 lectionibus
3094 2263 3435 2335 totidemque
3481 2279 3786 2336 responso-

2131 2351 2270 2407 riis:
2312 2356 2369 2406 at
2405 2350 2500 2406 ubi
2549 2352 2773 2422 propria
2813 2351 2989 2422 ipsius
3041 2366 3071 2408 a
3130 2353 3456 2424 quibusdam
3514 2353 3786 2410 fratribus

2128 2440 2238 2496 huc
2267 2439 2429 2496 allata
2459 2439 2730 2497 devenere
2752 2443 3124 2512 responsoria,
3151 2443 3425 2513 extemplo
3455 2457 3487 2498 a
3516 2444 3786 2498 fratribus

2129 2544 2319 2586 eorum
2372 2530 2557 2586 suavis
2611 2521 2941 2588 mulcedinis
2999 2537 3259 2604 percepta
3312 2533 3642 2600 harmonia,
3703 2534 3783 2589 uti

2128 2627 2259 2676 sunt
2314 2620 2608 2677 admodum
2665 2621 3034 2689 delectabilia,
3095 2622 3182 2679 his
3235 2622 3466 2680 fratrum
3516 2625 3786 2693 juventus

2130 2710 2420 2779 plurimum
2455 2715 2540 2766 est
2577 2710 2871 2779 delectata,
2910 2717 3076 2782 atque
3130 2711 3328 2769 futurae
3386 2727 3455 2769 ex
3491 2716 3626 2768 tunc
3684 2711 3784 2769 ob-

2127 2801 2412 2856 servanda
2471 2800 2779 2857 celebritati
2835 2802 3069 2872 adplene
3124 2803 3413 2860 instructa.
3479 2803 3618 2859 Exin
3676 2803 3781 2859 de-

2128 2890 2331 2959 positio
2362 2890 2666 2960 supradicti
2703 2892 2879 2947 sancti
2926 2892 3158 2963 singulis
3194 2893 3354 2949 annis
3401 2900 3612 2964 praeter
3647 2893 3785 2949 soli-

2129 2983 2242 3034 tum
2281 2979 2574 3036 duodecim
2624 2980 2956 3038 lectionibus
2999 2982 3289 3039 decentius
3332 2983 3441 3040 coli
3485 2989 3778 3054 cmperat,

405 3070 688 3127 advocatis
759 3070 1167 3126 venerabilibus
1241 3070 1519 3140 episcopis
1591 3069 1859 3127 Wicfrido
1932 3054 2106 3141 (47)[G
2127 3082 2192 3124 ac
2228 3069 2457 3126 fratrum
2504 3069 2726 3126 devotio
2783 3071 2955 3143 magis
3007 3073 3290 3144 magisque
3345 3086 3474 3145 erga
3523 3078 3780 3129 sanctum

397 3158 797 3218 Tarvennensis
843 3159 1103 3215 Ecclesize
1142 3159 1405 3230 episc0po
1463 3164 1519 3216 et
1564 3160 1822 3217 Folberto
1845 3161 2042 3217 Came-

397 3249 662 3318 racensis,
695 3247 992 3305 denudavit
1029 3248 1111 3305 eis
1165 3248 1501 3305 desiderium
1557 3264 1759 3319 suum;
1813 3257 2040 3321 accepta

395 3340 559 3396 etiam
597 3353 628 3394 a
657 3338 943 3396 monachis
1001 3338 1225 3394 licentia
1261 3351 1407 3396 anno
1461 3339 1770 3396 Nativitatis
1824 3339 2039 3396 Domini

399 3429 820 3501 nongentesimo
884 3429 1166 3500 trigesimo
1223 3434 1456 3497 octavo,
1523 3443 1779 3500 annoque
1843 3429 2038 3500 quinto

400 3518 660 3576 Ludovici
720 3517 886 3590 regis,
945 3517 1083 3574 feria
1135 3516 1380 3574 secunda
1443 3518 1666 3574 Pascha:
1722 3518 2040 3576 introduxe-

394 3615 524 3666 runt
552 3623 670 3667 eam
700 3607 914 3680 praefati
945 3608 1192 3680 episcopi
1221 3609 1278 3664 in
1310 3607 1505 3665 eodem
1535 3609 1892 3678 monasterio,
1923 3622 2035 3666 non

392 3700 512 3756 sine
564 3704 805 3756 tremore
870 3699 1144 3766 maxime;
1217 3699 1478 3769 quoniam
1541 3698 1650 3756 hoc
1713 3698 1807 3755 illa
1861 3699 2037 3770 prima

389 3789 572 3846 facere
628 3793 1074 3861 praesumpserat,
1134 3789 1282 3858 quod
1321 3795 1482 3846 antea
1534 3790 1848 3861 reginarum
1886 3789 2035 3845 nulla

392 3879 788 3951 concupiscere
847 3879 933 3936 vel
998 3879 1257 3935 audebat.
1323 3880 1523 3950 Sicque
1585 3880 1922 3948 introducta,
1980 3885 2036 3936 et

389 3975 516 4026 ante
580 3969 751 4025 altare
801 3970 862 4024 B.
920 3969 1128 4025 Bertini
1182 3974 1476 4038 prostrata,
1531 3969 1728 4027 devote
1783 3969 2033 4029 oratione

379 4058 511 4115 fusa
542 4058 757 4129 plenam
797 4059 1050 4129 corporis
1104 4059 1424 4129 sospitatem
1480 4062 1712 4132 recepit.
1770 4060 2033 4117 intrando

388 4155 569 4206 autem
630 4147 864 4219 plurima
920 4147 1049 4204 huic
1104 4147 1228 4204 loco
1287 4153 1607 4205 ornamenta
1635 4149 1748 4220 (48)
1775 4151 2031 4220 contulit,

391 4245 448 4297 et
485 4238 730 4312 quandiu
758 4237 911 4307 vixit,
945 4251 1223 4310 nunquam
1253 4238 1462 4296 donare
1498 4240 1748 4297 cessavit.

438 4332 572 4388 CAP.
604 4329 746 4386 XIII.
776 4329 855 4384 De
881 4326 974 4385 illo
1002 4329 1091 4401 qui
1118 4330 1181 4386 S.
1213 4329 1426 4386 Bertino
1453 4328 1617 4403 ﬁlium
1641 4345 1791 4387 suum
1818 4331 1972 4388 morti

939 4419 1239 4490 proximum
1266 4418 1468 4476 obtulit.

455 4510 662 4568 Eodem
699 4513 950 4579 tempore
1005 4508 1276 4566 Rodulfus
1326 4510 1502 4579 ipsius
1557 4511 1767 4568 castelli
1825 4517 2031 4584 praeter

383 4601 649 4668 urbanus,
678 4598 850 4654 ﬁlium
878 4611 1038 4654 suum
1079 4599 1298 4655 nomine
1327 4599 1629 4656 Walterum
1673 4612 1794 4658 cum
1835 4603 2029 4660 morbo

416 4780 428 4793 .
458 4706 582 4781 (45)
613 4707 744 4776 Qua:
771 4711 1099 4778 sequuntur,
1131 4705 1359 4762 alterius
1403 4705 1661 4764 videntur
1688 4721 1808 4764 esse
1839 4716 2029 4768 aucto-

381 4794 481 4838 1'18.

459 4850 566 4924 (46)
617 4851 669 4925 Is
714 4849 1041 4925 Sithivensis
1088 4850 1416 4925 monasterii
1449 4849 1750 4925 collapsam
1787 4851 2036 4925 discipli-

382 4921 505 4980 nam
573 4921 862 4979 reformari
928 4923 1139 4994 curavit
1190 4936 1336 4979 anno
1390 4922 1518 4992 944,
1577 4921 1678 4994 per
1731 4925 1787 4980 S.
1844 4921 2035 4982 Gerar-

383 4994 534 5062 dum,
569 5009 636 5052 ex
666 4995 846 5066 lperio
877 5008 1038 5066 capp.
1079 4992 1150 5048 23
1188 5001 1244 5050 et
1279 4995 1369 5051 24.

452 5068 566 5139 (47)
633 5065 999 5124 Fr’odoardu’s’
1049 5066 1107 5122 in
1162 5067 1437 5139 Chronico
1497 5065 1567 5122 ad
1622 5080 1826 5124 annum
1881 5068 2025 5125 935:

381 5138 638 5210 Artaldus
675 5139 1097 5210 archiepiscopus
1135 5138 1457 5210 Wicfredum
1507 5140 1780 5210 quemdam
1830 5141 2028 5198 Mona-

382 5211 531 5266 chum
600 5209 823 5282 (nempe
849 5209 1224 5268 ’Sithiveusem
1251 5209 1410 5282 teste
1475 5209 1656 5280 lperio
1722 5225 1846 5282 cap.
1909 5212 1982 5267 22
2014 5255 2029 5281 ,

383 5287 537 5352 parte
576 5281 632 5353 ιι)
667 5281 1005 5339 Tarwanensi
1041 5283 1250 5356 ordinat
1279 5281 1548 5356 Ecclesia,
1573 5281 1870 5354 prtesulem,
1921 5299 2031 5356 quo

384 5365 453 5409 ex
491 5359 718 5428 auctore
755 5355 1020 5412 discimus
1057 5354 1379 5428 Wicfredum
1416 5354 2030 5428 Morinensemgepisco-

381 5437 525 5550 pum.
548 5425 759 5495 synodo
789 5427 1100 5484 Trevirensi
1157 5423 1474 5483 interfuisse
1521 5439 1667 5483 anno
1704 5423 2026 5499 948.'Lege

409 5507 622 5550 neruum
651 5511 775 5550 can.
803 5497 895 5550 23.
927 5505 1082 5550 narte
1120 5514 1182 5550 ιι.

407 5494 624 5570 perium
651 5511 775 5570 cap.
803 5497 895 5568 23,
927 5505 1082 5570 parte
1120 5514 1182 5556 ιι.

455 5564 570 5638 (48)
605 5567 665 5622 in
711 5564 799 5624 his
843 5564 1098 5627 cortinam
1143 5569 1290 5627 mirae
1337 5569 1709 5642 magnitudinis
1754 5572 2028 5644 operisque

2122 3158 2220 3213 Dei
2249 3159 2499 3229 quotidie
2531 3160 2836 3216 crescebat.
2874 3160 3032 3228 Quod
3069 3175 3192 3217 eum
3241 3162 3552 3232 aliquorum
3598 3174 3776 3217 anno-

2124 3262 2242 3304 rum
2283 3249 2441 3305 ﬁeret
2489 3249 2873 3318 revolutione,
2925 3265 3027 3307 nec
3073 3251 3272 3307 fratres
3302 3252 3639 3308 desisterent
3705 3253 3777 3307 ab

2121 3337 2436 3408 hujusmodi
2493 3344 2682 3394 sancta
2745 3340 3061 3408 devotione,
3130 3341 3364 3412 contigit
3437 3355 3549 3398 uno
3623 3355 3776 3398 anno

2121 3427 2284 3498 paulo
2314 3433 2441 3497 post
2469 3432 2744 3484 transacta
2782 3428 3047 3485 decenter
3101 3429 3349 3500 ejusdem
3401 3429 3609 3487 celebri
3668 3431 3778 3487 de-

2120 3518 2434 3588 positione,
2493 3518 2708 3574 scilicet
2763 3519 2819 3575 in
2889 3519 3008 3589 ipsa
3055 3520 3111 3575 S.
3167 3521 3417 3592 Gregorii
3475 3519 3778 3578 festivitate

2119 3621 2243 3677 quae
2274 3611 2492 3664 constat
2521 3607 2980 3678 quadragesimali
3023 3615 3273 3679 tempore
3297 3653 3312 3677 ,
3363 3623 3618 3682 magnam
3669 3611 3778 3668 de—

2117 3709 2264 3752 mum
2299 3696 2462 3752 unius
2488 3695 2879 3754 advocatorum
2927 3697 3168 3755 claustro
3218 3703 3384 3770 atque
3432 3702 3800 3766 monasterio.

2116 3787 2430 3858 contiguam
2461 3801 2526 3842 ex
2556 3786 2852 3844 immortuo
2903 3789 3051 3844 cerei
3099 3786 3268 3860 fungo
3314 3804 3639 3846 succensam
3690 3805 3781 3848 ar-

2116 3873 2269 3932 dere.
2300 3876 2432 3943 Quaa
2473 3881 2535 3931 ut
2583 3881 2701 3932 erat
2747 3877 2947 3946 valida,
2997 3878 3296 3935 horribiles
3343 3879 3586 3935 ﬂammas
3631 3893 3778 3936 evo-

2115 3978 2290 4034 mens,
2351 3965 2761 4038 elaustrumque
2792 3967 2885 4024 illa
2929 3974 3083 4039 parte
3143 3983 3251 4040 qua
3306 3975 3558 4037 steterat,
3618 3968 3777 4025 fumo

2115 4054 2353 4126 igneque
2383 4055 2591 4124 velans,
2633 4056 2892 4112 omnibus
2947 4058 3267 4114 monasterii
3325 4057 3566 4114 ofﬁcinis
3620 4060 3779 4115 exei-

2117 4145 2266 4202 dium
2297 4146 2628 4214 minabatur,
2659 4145 2966 4219 fratresque
3018 4150 3130 4219 jam
3187 4149 3256 4206 de
3316 4148 3452 4205 tanti
3508 4148 3619 4206 loci
3680 4149 3777 4206 de-

2116 4236 2322 4306 sperati
2360 4235 2690 4293 liberatione
2720 4237 2899 4294 solum
2958 4239 3028 4295 ad
3089 4238 3458 4296 extrahendos
3512 4238 3775 4296 ecclesia:

2117 4325 2408 4382 thesauros
2446 4331 2502 4381 et
2558 4340 2794 4397 quaeque
2845 4327 3253 4399 suppellectilia
3309 4328 3771 4399 occupabantur:

2117 4429 2240 4472 cum
2278 4415 2519 4486 propitia
2555 4417 2652 4472 Dei
2690 4417 3037 4486 providentia
3092 4423 3206 4474 tres
3262 4418 3532 4475 columba:
3593 4419 3780 4475 instar

2110 4504 2253 4562 nivis
2281 4504 2554 4574 candidae,
2605 4505 2824 4562 caelitus
2877 4507 2965 4578 (ut
3012 4507 3202 4576 credo,
3262 4512 3433 4578 utque
3491 4511 3621 4578 post
3683 4524 3778 4566 res

2112 4594 2350 4667 edocuit)
2382 4594 2604 4666 elapsae,
2627 4597 3033 4667 campanarium
3075 4597 3253 4669 palam
3290 4597 3478 4653 multis
3507 4597 3778 4655 videntur

2110 4701 2513 4776 prcec'ipuiiqute
2555 4702 2737 4776 adhuc
2773 4703 2954 4776 durat,
2991 4705 3171 4776 inquit
3208 4705 3420 4776 lperius
3477 4719 3601 4774 cap.
3672 4705 3770 4761 28.

2190 4772 2310 4916 (49;
2345 4773 2518 4844 Vulgo
2547 4772 2602 4829 la
2625 4775 2785 4845 petite
2811 4775 3004 4832 uérole.
3038 4772 3200 4832 Bbam
3230 4772 3511 4848 appellant
3542 4772 3773 4832 medici.

2190 4844 2282 4915 (50
2360 4845 2462 4900 llic
2505 4846 2870 4916 supplendum
2927 4847 2984 4903 id
3040 4848 3188 4916 quod
3246 4849 3381 4904 dicit
3436 4849 3655 4916 lperius
3714 4849 3772 4904 in

2188 4844 2308 4916 (50)
2360 4845 2462 4900 llic
2505 4844 2870 4918 supplendum
2927 4847 2984 4903 id
3040 4848 3188 4918 quod
3246 4844 3381 4904 dicit
3436 4849 3655 4918 lperius
3714 4849 3772 4904 in

2113 4916 2319 4990 Chron.
2379 4930 2499 4986 cap.
2533 4916 2642 4990 2'7,
2694 4924 2848 4988 parte
2896 4934 2974 4975 n:
3019 4916 3200 4976 Abbas
3236 4916 3574 4990 Ragenotdus
3607 4921 3772 4990 jussu

2113 4987 2315 5062 comitis
2374 4985 2601 5062 Arnulﬁ,
2655 4985 3036 5062 cognomento
3103 4985 3338 5058 Vetulif
3363 4985 3626 5062 reliquias
3657 4993 3769 5048 SS.

2111 5059 2404 5132 Audomari
2432 5064 2481 5114 et
2521 5061 2722 5116 Bertini
2746 5059 2907 5118 trans
2954 5064 3182 5118 Rhenum
3237 5063 3379 5119 ultra
3415 5059 3770 5132 Neomagum,

2111 5132 2199 5188 ubi
2229 5137 2348 5189 tunc
2383 5131 2668 5201 imperator
2712 5133 2997 5201 residebat,
3048 5134 3248 5203 detulit,
3300 5139 3356 5190 ut
3411 5139 3585 5190 terras
3630 5131 3773 5189 sua:

2111 5205 2216 5278 sibi
2251 5203 2594 5278 vindicarent.
2635 5205 2700 5259 In
2747 5221 2851 5278 qua
2897 5206 3258 5278 deportatione
3303 5204 3631 5278 miraculum
3668 5221 3771 5261 ac-

2114 5276 2239 5333 cidit
2267 5275 2320 5329 in
2374 5272 2522 5330 Tiale
2562 5272 2847 5343 porlufde
2891 5272 3104 5334 custode
3139 5277 3370 5335 ecclesiis
3404 5276 3549 5333 illius
3596 5277 3772 5332 dictos

2116 5351 2326 5419 sanctos
2400 5344 2788 5419 blasphemante
2810 5391 2825 5416 ,
2901 5355 2952 5406 et
3024 5351 3100 5406 eis
3172 5352 3458 5419 ingressum
3529 5347 3773 5404 ecclesia

2105 5416 2434 5494 prohibente,
2562 5421 2745 5494 a‘peo
2795 5435 3040 5494 percusso
3070 5427 3120 5478 et
3147 5416 3373 5478 mortuo.
3405 5419 3581 5494 Aliam
3613 5420 3774 5494 dela-

2110 5488 2316 5564 tionem
2344 5501 2491 5564 anno
2527 5488 2662 5546 1087
2692 5488 2890 5564 factam
2939 5493 2996 5550 in
3034 5493 3216 5550 villam
3257 5490 3586 5549 Ostreselam
3637 5491 3769 5564 lege

2108 5561 2254 5637 apud
2285 5560 2537 5619 eumdem
2567 5575 2690 5633 cap.
2722 5562 2814 5632 39,
2847 5570 3003 5635 parte
3032 5578 3097 5621 ιι.
