4106 6178
357 242 493 299 1125

1457 243 1799 300 BIIRACULA
1839 243 1893 299 S.
1935 241 2228 297 BERTINI.
2270 270 2342 282 --
2380 242 2507 299 LIB.
2551 243 2615 298 ll.

3602 245 3740 306 1126

351 372 437 420 ter
473 363 932 429 circumvolitare,
984 370 1039 419 et
1077 378 1223 419 nunc
1281 364 1394 431 hic,
1451 379 1598 422 nunc
1656 366 1771 422 illic
1828 363 2383 436 superAaliquando
2427 364 2735 421 districtius
2779 365 3048 421 feriantur
3092 368 3462 438 correctione,
3501 382 3733 443 meaque

354 454 649 523 pinnacula
704 453 986 509 sessiones
1032 452 1327 510 alternare.
1381 454 1536 522 Quod
1586 453 1842 512 nonnulli
1880 468 2007 511 cer-

359 549 575 612 nentes,
616 558 647 599 a
692 543 925 599 Domino
965 541 1093 598 talia
1141 541 1284 599 efﬁci
1331 544 1738 610 existimabant,
1778 543 2009 600 talibus-

351 648 460 705 que
492 632 715 689 indiciis
745 632 927 688 locum
957 631 1122 687 istum
1150 645 1182 687 a
1220 638 1373 689 tanto
1414 633 1656 690 incendii
1686 632 2006 691 discrimine

353 731 624 779 servatum
689 721 756 777 iri
823 726 1047 776 orantes
1113 722 1468 791 exoptabant.
1547 725 1791 794 Cumque
1865 721 2005 778 adeo

354 813 550 882 ingens
579 815 747 879 esset,
780 810 859 865 uti
899 808 1168 880 principis
1218 809 1297 880 [[2,
1331 812 1594 882 principi,
1634 812 1690 868 id
1727 816 1804 867 est
1845 811 2004 882 prin-

353 901 559 972 cipali;
603 910 696 956 aut
733 899 1004 970 principis
1055 901 1110 955 S.
1144 899 1309 969 Petri]
1360 902 1500 958 adeo
1540 902 1780 958 claustro
1821 900 2004 957 immi-

349 997 529 1058 neret,
569 996 630 1047 ut
676 991 767 1047 vix
818 989 1043 1060 aliquod
1092 990 1435 1047 intervallum
1486 992 1845 1059 interfuisset,
1886 996 2006 1047 tan-

354 1090 579 1151 tumque
628 1078 873 1135 incendii
912 1093 981 1134 ex
1017 1078 1121 1134 hac
1165 1087 1510 1150 grassaretur
1556 1088 1617 1136 ut
1663 1080 1826 1152 longe
1876 1080 2005 1137 hinc

354 1171 613 1227 distantia
654 1169 883 1247 domata
929 1167 1127 1224 exinde
1174 1168 1585 1237 invaderentur,
1617 1183 1810 1240 magna
1839 1169 2003 1225 etiam

356 1274 482 1332 pars
527 1257 704 1329 ipsius
751 1256 964 1313 castelli
1011 1262 1450 1326 consumeretur,
1481 1259 1595 1315 Deo
1638 1258 1844 1330 gratias
1890 1271 2001 1313 non

351 1349 528 1404 solum
579 1346 758 1403 omnis
804 1345 897 1401 hic
944 1344 1102 1402 locus
1146 1360 1177 1401 a
1227 1350 1378 1403 tanto
1432 1346 1665 1417 periculi
1709 1346 2003 1418 dispendio

354 1442 598 1508 ereptus,
647 1450 835 1492 verum
887 1435 1051 1491 etiam
1107 1436 1354 1506 ejusdem
1413 1436 1719 1508 ereptionis
1776 1435 2004 1493 manife-

354 1526 511 1582 stiori
586 1524 921 1581 revelatione
1006 1538 1120 1581 non
1202 1525 1375 1581 multo
1459 1530 1585 1596 post
1664 1524 2004 1597 glorificatus

353 1622 457 1671 est.
514 1614 707 1671 Adhuc
762 1619 942 1670 autem
1003 1613 1295 1671 duraverat
1351 1614 1488 1671 illud
1545 1616 1748 1671 avitum
1796 1616 1851 1671 S.
1894 1617 2000 1672 Pe-

2091 467 2159 510 ex
2206 458 2361 524 parte
2409 468 2633 527 magnas
2676 453 2973 526 gratiarum
3010 455 3261 513 actiones
3289 460 3506 516 cunctis
3533 474 3602 517 nc
3633 475 3735 518 ne-

2088 542 2264 615 gligas
2314 542 2571 610 reddere,
2631 543 2780 614 quod
2838 548 3045 600 tantum
3106 544 3419 603 devotionis
3482 548 3733 606 affectum

2089 632 2237 688 circa
2265 647 2351 688 me
2379 647 2594 704 gerere,
2627 633 2888 704 quodque
2918 634 3024 689 mei
3062 635 3260 692 natalis
3296 637 3732 694 observationem

2090 725 2199 776 tam
2242 721 2505 777 decenter
2547 728 2766 792 tamque
2814 721 3097 778 humiliter
3135 725 3495 782 instituerunt
3529 726 3732 782 colere.

2089 810 2186 865 His
2216 810 2381 866 dictis
2416 812 2722 868 somniator
2766 812 3060 883 evigilavit,
3094 818 3150 868 et
3196 813 3243 868 is
3281 816 3376 884 qui
3423 815 3733 884 videbatur,

2088 898 2380 969 disparuit.
2454 901 2622 971 Cujus
2692 901 3044 958 revelationis
3116 908 3340 958 nectare
3405 902 3578 961 frater
3642 906 3734 962 ille

2088 988 2432 1045 mellificatus
2486 991 2749 1058 animum,
2810 991 2985 1047 imbre
3052 990 3486 1061 perfundebatur
3549 994 3737 1067 lacry-

2086 1093 2313 1134 marum.
2364 1080 2518 1135 Mane
2556 1086 2737 1135 autem
2786 1079 2931 1136 facto
2965 1094 3088 1136 cum
3118 1082 3175 1137 in
3215 1086 3453 1152 utroque
3494 1090 3734 1153 nutaret,

2087 1167 2301 1223 scilicet
2330 1171 2513 1224 utrum
2548 1168 2828 1245 reticeret,
2860 1182 2929 1225 an
2961 1169 3140 1240 palam
3178 1168 3405 1239 faceret,
3440 1173 3734 1242 quemdam

2086 1258 2332 1327 priorum
2378 1259 2601 1316 nomine
2637 1258 3022 1315 Grimwaldum
3077 1261 3405 1317 accersitum
3453 1263 3738 1320 consuluit

2084 1361 2252 1418 super
2280 1348 2406 1417 hoc,
2429 1348 2560 1419 quid
2593 1347 2736 1406 facto
2767 1363 2908 1420 opus
2937 1355 3102 1406 esset.
3134 1349 3235 1406 Illo
3265 1355 3446 1408 autem
3475 1352 3735 1412 hortante

2085 1451 2149 1493 ac
2203 1444 2532 1509 suggerente
2578 1439 2755 1495 sancti
2811 1438 2987 1510 ipsius
3037 1439 3381 1510 jussionibus
3427 1443 3731 1512 parendum

2086 1540 2227 1593 esse,
2260 1540 2363 1583 nec
2401 1526 2668 1584 occultari
2698 1527 2922 1595 debere,
2956 1542 3065 1584 una
3093 1530 3313 1599 utrique
3347 1530 3493 1585 Patri
3527 1531 3735 1588 vadunt

2085 1615 2350 1684 indicare,
2374 1616 2574 1673 deinde
2604 1617 2849 1688 ejusdem
2870 1618 3047 1673 Patris
3068 1619 3227 1688 jussu
3257 1618 3406 1675 omni
3436 1634 3736 1692 congrega-

355 1707 424 1762 tri
473 1706 866 1762 monasterium
914 1720 945 1760 a
1000 1706 1053 1761 S.
1104 1707 1327 1763 Bertino
1368 1712 1601 1777 patrono
1659 1714 1852 1763 nostro
1916 1689 2252 1778 (utBtionis
2281 1705 2646 1778 phalangulae.
2678 1706 3041 1763 Testabantur
3066 1720 3198 1763 vero
3237 1706 3422 1763 fratris
3451 1689 3735 1779 ipsius—la-

352 1793 669 1866 dicebatur)
732 1799 1131 1863 constructum,
1190 1795 1258 1851 ad
1312 1795 1461 1866 quod
1513 1801 1703 1868 crypta
1749 1796 2002 1868 quaedam

353 1886 671 1958 permodica
709 1885 777 1941 ab
826 1885 1071 1941 oratorio
1110 1886 1167 1940 S.
1216 1885 1434 1941 Martini
1486 1886 1773 1956 praebebat
1808 1900 2002 1942 acces-

353 1989 497 2033 sum.
564 1973 721 2043 Quod
787 1973 1011 2044 quidam
1077 1972 1307 2029 fratrum
1374 1974 1700 2031 Rambertus
1755 1974 1999 2043 nomine,

350 2064 515 2134 hujus
570 2063 679 2121 loci
734 2064 1058 2130 monachus,
1103 2063 1175 2119 ob
1222 2077 1463 2120 amorem
1502 2065 1557 2120 S.
1600 2063 1743 2120 Petri
1781 2069 2004 2135 aposto-

353 2153 529 2210 lorum
569 2153 838 2224 principis
885 2154 1173 2224 sanctique
1211 2154 1420 2209 Bertini
1460 2153 1706 2223 ejusdem
1754 2158 2001 2209 structo-

352 2244 430 2299 ris
458 2243 731 2310 recolens,
762 2242 995 2314 singulis
1023 2242 1302 2309 noctibus,
1334 2242 1573 2313 peractis
1611 2242 2001 2298 matutinorum

352 2333 599 2389 excubiis
637 2332 989 2403 frequentare
1019 2347 1084 2388 ac
1112 2332 1318 2387 ibidem
1359 2331 1683 2402 psalmodiis
1712 2337 1767 2387 et
1795 2332 2002 2388 sanctis

353 2422 807 2478 meditationibus
855 2425 1182 2491 pernoctare
1221 2420 1455 2476 solebat.
1507 2420 1607 2476 Hic
1637 2434 1761 2476 cum
1801 2420 1858 2476 in
1898 2434 2000 2477 eo-

352 2511 479 2567 dem
502 2510 959 2581 quadragesimali
982 2516 1230 2580 tempore
1260 2508 1540 2580 paululum
1562 2515 1690 2580 post
1720 2509 2000 2580 praefatam

354 2600 505 2657 illius
558 2599 964 2656 combustionis
1014 2599 1495 2657 comminationem
1553 2600 1787 2671 quadam
1837 2606 2001 2657 nocte

350 2691 588 2762 peractis
635 2690 919 2745 matutinis
960 2689 1163 2745 talibus
1190 2704 1413 2760 operam
1446 2690 1622 2757 daret,
1656 2695 1710 2746 et
1740 2690 1999 2761 quoniam

346 2778 598 2836 matutini
646 2778 813 2835 solito
862 2779 1026 2835 citius
1073 2779 1193 2849 ipsa
1231 2784 1396 2836 nocte
1444 2785 1766 2845 sonuerant,
1799 2778 2002 2850 vigiliis

345 2866 601 2939 fatigatus
646 2881 858 2923 sessum
908 2873 1143 2938 peteret,
1192 2872 1381 2938 atque,
1430 2868 1576 2925 sicut
1623 2873 1707 2925 est
1764 2868 1999 2924 inﬁrmi-

345 2958 475 3013 tatis
536 2956 811 3024 humanzc,
872 2955 1079 3012 ibidem
1135 2970 1331 3013 somno
1395 2961 1650 3029 gravatus
1716 2956 1997 3028 paululum

2085 1810 2308 1869 crymm,
2331 1810 2562 1867 quarum
2582 1796 2820 1852 ubertim
2840 1796 2896 1852 in
2917 1795 3209 1853 referendo
3231 1797 3486 1853 manabat
3505 1798 3742 1856 inunda-

2085 1887 2259 1953 tione,
2275 1884 2458 1941 omnia
2477 1899 2602 1955 quaz
2622 1885 2951 1941 dicebantur
2966 1899 3093 1942 vera
3112 1884 3304 1942 fuisse.
3322 1886 3567 1957 Cumque
3587 1887 3738 1948 inter

2085 1974 2411 2047 plorandum
2449 1979 2504 2029 et
2541 1974 2662 2030 haec
2701 1974 2846 2030 inter
2873 1974 3167 2031 dicendum
3214 1975 3499 2032 audissent
3537 1975 3736 2035 fratres

2084 2066 2292 2137 gratias
2327 2064 2435 2120 sibi
2480 2062 2674 2120 referri
2704 2078 2772 2121 ex
2811 2070 2965 2135 parte
3003 2065 3141 2121 tanti
3181 2066 3454 2136 martyris,
3488 2072 3731 2125 actutum

2085 2153 2270 2210 cuncti
2310 2153 2561 2223 prorupti
2610 2153 2667 2208 in
2713 2152 2969 2224 lacrymis
3015 2160 3192 2209 terras
3238 2155 3447 2224 petiere
3504 2156 3730 2226 osculis,

2085 2257 2149 2299 ac
2185 2242 2478 2313 plurimum
2516 2242 2922 2313 conjubilantes
2958 2257 3127 2313 super
3164 2242 3252 2298 his
3277 2244 3730 2314 benignissimum

2082 2332 2357 2388 Dominum
2405 2330 2751 2387 laudauerunt
2796 2335 2848 2388 et
2893 2330 3267 2388 benedixeruat
3311 2332 3366 2388 in
3404 2334 3622 2390 canticis
3650 2334 3732 2392 la-

2083 2422 2283 2479 biorum
2312 2426 2361 2477 et
2388 2421 2605 2478 citharis
2644 2420 2827 2492 (Eccli.
2860 2436 3043 2487 xxxrx,
3075 2420 3184 2493 20),
3217 2422 3312 2492 qui
3341 2421 3422 2478 sic
3458 2423 3726 2494 placatur,

2083 2517 2140 2568 et
2188 2509 2365 2567 fertur
2400 2512 2457 2567 in
2506 2510 2890 2581 iniquitatibus
2919 2510 3124 2566 nostris
3159 2516 3475 2568 sanctorum
3503 2527 3726 2571 suorum

2083 2599 2574 2657 intercessionibus
2619 2613 2684 2655 ac
2730 2598 2963 2655 meritis.
3036 2599 3151 2667 Qua
3197 2600 3265 2656 de
3314 2615 3374 2656 re
3430 2602 3730 2672 praedictus

2082 2689 2253 2745 abbas
2281 2702 2405 2745 cum
2442 2687 2550 2743 sibi
2587 2688 2852 2757 subjectis
2899 2687 3231 2745 omnimodis
3269 2691 3588 2761 exc0gitans
3615 2707 3727 2763 quo

2084 2783 2245 2850 pacto
2302 2779 2643 2850 praecipuum
2682 2778 2910 2834 militem
2956 2777 3159 2834 Christi
3211 2778 3435 2849 dignius
3480 2781 3728 2839 valerent

2082 2866 2348 2924 extollere
2393 2881 2458 2923 ac
2504 2866 2775 2934 venerari,
2828 2871 3100 2937 quatenus
3139 2872 3348 2923 tantum
3394 2882 3497 2939 pro
3536 2884 3596 2926 se
3634 2871 3727 2928 in-

2081 2962 2444 3014 tercessorem
2482 2970 2667 3013 coram
2713 2956 2897 3013 divina
2941 2957 3224 3026 majestate
3250 2958 3460 3029 jugiter
3499 2966 3728 3030 possent

339 3045 642 3102 dormitare
694 3045 974 3116 coepisset,
1025 3046 1202 3103 visum
1250 3051 1334 3102 est
1371 3028 1422 3103 ei
1460 3046 1648 3102 videre
1695 3028 2046 3117 quemdamc
2068 3046 2412 3118 promereri;
2454 3052 2679 3117 peracto
2717 3044 2867 3117 quod
2898 3059 3046 3101 nunc
3083 3028 3339 3116 superest
3376 3028 3623 3105 oratorio
3652 3050 3712 3105 Β.

338 3134 684 3207 magnificum
743 3135 918 3191 virum
984 3134 1274 3191 dalmatica
1336 3134 1682 3207 leviticisque
1749 3136 1989 3192 cultibus

340 3225 690 3281 candidatum
736 3224 843 3280 sibi
901 3224 1164 3292 astitisse,
1222 3238 1394 3295 seque
1451 3238 1520 3279 an
1574 3225 1841 3281 dormiret
1897 3238 1987 3281 ro-

338 3328 514 3385 gasse.
547 3316 679 3371 Cum
710 3328 840 3370 vero
881 3328 994 3383 prae
1026 3312 1411 3380 timore‘nihil,
1447 3320 1507 3369 ut
1537 3314 1643 3369 sibi
1672 3314 1982 3381 videbatur,

2069 3136 2217 3193 Petri
2266 3136 2524 3206 apostoli,
2555 3149 2705 3191 aram
2753 3135 2929 3206 ipsius
2958 3135 3214 3206 martyris
3246 3135 3300 3190 in
3340 3136 3535 3193 eodem
3558 3138 3728 3208 jussit

2068 3225 2355 3292 constitui,
2379 3230 2434 3280 et
2464 3238 2532 3280 ex
2561 3228 2694 3280 tunc
2722 3224 2873 3281 omni
2902 3237 3048 3280 anno
3078 3226 3198 3294 ejus
3227 3224 3461 3281 natalem
3489 3226 3546 3282 in
3575 3226 3720 3284 albis

2068 3329 2191 3372 cum
2221 3314 2370 3371 omni
2400 3313 2695 3370 devotione
2727 3312 3116 3369 decentissime
3146 3312 3435 3370 custodiri.
3484 3316 3599 3372 Nos
3624 3331 3717 3374 au-

316 3403 407 3474 _ad
447 3403 567 3459 haec
597 3408 824 3473 possent
869 3402 1209 3472 respondere
1244 3422 1257 3458 :
1307 3403 1453 3470 Noli,
1488 3403 1668 3473 inquit
1705 3404 1753 3459 is
1783 3405 1877 3475 qui
1908 3403 1987 3460 vi-
2066 3409 2198 3471 tem,
2230 3402 2429 3459 fratres
2457 3401 2787 3468 charissimi,
2812 3402 2925 3472 jam
2963 3400 3356 3458 districtiorem
3396 3403 3716 3473 prazlocuta:

335 3492 591 3560 debatur,
641 3498 907 3549 metuere.
956 3491 1281 3561 Adjecitque
1316 3511 1329 3547 :
1371 3492 1478 3548 Sed
1517 3494 1663 3549 nosti
1713 3492 1838 3563 quis
1881 3492 1985 3548 sim
2066 3489 2511 3549 comminationis
2556 3489 2959 3547 correctionem
2997 3490 3231 3560 experti,
3262 3496 3454 3561 utpote
3484 3494 3579 3564 qui
3617 3508 3718 3553 no-

336 3586 482 3652 ego?
517 3580 598 3635 Ad
637 3579 757 3636 haec
789 3580 880 3636 ille
914 3599 927 3635 :
968 3581 1188 3651 Ignoro,
1217 3580 1460 3637 domine.
1501 3581 1651 3636 Tunc
1690 3581 1782 3637 ille
1815 3602 1828 3638 :
1874 3583 1985 3652 Ego
2067 3586 2185 3637 stro
2233 3586 2481 3651 tempore
2528 3592 2746 3636 omnem
2798 3578 2981 3635 locum
3028 3584 3276 3635 nostrum
3318 3580 3576 3637 traditum
3624 3583 3723 3639 de-

337 3683 479 3737 sum,
511 3669 609 3736 ait,
659 3667 829 3724 frater
874 3667 1216 3735 Vincentius,
1266 3674 1322 3724 et
1367 3667 1572 3740 gratias
1619 3668 1800 3725 refero
1830 3670 1988 3726 vobis

338 3772 441 3830 pro
471 3758 856 3814 observatione
898 3772 1036 3813 mea
1082 3757 1422 3813 celebritatis
1468 3762 1633 3829 atque
1682 3759 1855 3829 proba
1883 3758 1986 3815 de-

336 3849 558 3906 votione
590 3863 752 3919 quam
784 3848 932 3905 circa
979 3862 1065 3903 me
1112 3848 1324 3919 geritis.
1374 3848 1635 3918 Nunquid
1685 3849 1854 3906 etiam
1890 3862 1989 3906 vos

336 3937 473 3993 latet
516 3936 652 4008 quid
700 3937 812 3993 illae
862 3943 975 3992 tres
1012 3936 1283 3992 columba:
1321 3951 1491 4008 super
1518 3937 1697 3994 nivem
1736 3938 1988 3995 candidae

338 4041 463 4097 qua:
518 4026 645 4083 istic
683 4026 739 4083 in
788 4025 1112 4081 immensum
1159 4023 1374 4082 furente
1421 4025 1662 4084 Vulcano
1727 4041 1992 4098 apparue-

348 4122 520 4173 runt?
574 4117 674 4172 Cui
720 4116 859 4171 ille:
904 4117 1059 4172 Latet
1112 4128 1236 4183 nos,
1285 4122 1474 4172 sancte
1527 4116 1663 4185 Dei;
1705 4119 1989 4189 auspicato

346 4212 551 4264 nostra:
617 4205 950 4276 protectioni
1009 4220 1040 4261 a
1098 4205 1327 4262 Domino
1393 4206 1523 4262 talia
1587 4208 1992 4266 arbitrabamur

2069 3669 2329 3726 solationi
2358 3668 2535 3726 oculis
2574 3668 2802 3736 nostris,
2836 3667 3081 3739 peccatis
3116 3668 3322 3726 nostris
3363 3669 3470 3727 hoc
3499 3685 3721 3742 prome-

2070 3760 2339 3825 rentibus,
2373 3759 2751 3830 perspeximus
2775 3758 2902 3830 igne
2932 3758 3203 3827 devorari,
3238 3759 3459 3817 tandem
3496 3765 3714 3835 tempus

2069 3848 2402 3906 visitationis
2429 3854 2635 3905 nostrae
2664 3848 2721 3904 in
2743 3848 2851 3904 hoc
2882 3861 2987 3905 nos
3015 3852 3239 3920 Oportet
3267 3862 3630 3921 cognoscere,
3659 3857 3714 3909 et

2071 3937 2341 4009 quidquid
2370 3938 2426 3993 in
2451 3938 2615 3994 nobis
2636 3938 2869 3994 Domino
2900 3945 3092 3995 nostro
3123 3940 3501 4011 perspeximus
3529 3940 3723 4013 displi-

2071 4041 2220 4096 cere,
2266 4042 2298 4083 a
2334 4027 2649 4084 sanctuario
2688 4040 2811 4095 suo,
2843 4026 2951 4084 hoc
2994 4033 3079 4084 est
3123 4042 3153 4083 a
3202 4028 3467 4086 cordibus
3517 4031 3724 4089 nostris

2070 4115 2394 4174 festinemus
2439 4115 2678 4186 auferre,
2725 4121 2892 4188 atque
2941 4122 3136 4189 gentes
3180 4119 3439 4177 vitiorum
3485 4135 3610 4192 quae
3660 4123 3717 4179 in

2070 4204 2452 4262 haereditatem
2499 4219 2652 4262 suam
2702 4219 2924 4273 venere,
2974 4222 3040 4261 ne
3080 4212 3286 4278 ponant
3330 4208 3621 4266 Jerusalem
3665 4211 3721 4267 in

338 4296 638 4367 prepalari.
689 4297 755 4351 Et
794 4295 885 4351 ille
915 4310 929 4349 :
974 4295 1118 4361 Rite,
1154 4295 1353 4366 inquit,
1393 4296 1826 4354 arbitrabamini.
1877 4299 2040 4370 Ego_
2070 4310 2340 4368 pomorum
2366 4296 2659 4352 custodiam
2690 4293 2859 4365 (Psal.
2888 4309 3115 4363 Lxxvm,
3153 4295 3222 4366 l),
3255 4298 3469 4354 eminus
3496 4311 3528 4352 a
3558 4298 3720 4356 nobis

339 4385 486 4440 enim
525 4398 674 4440 eram
721 4397 846 4439 cum
901 4383 1108 4439 sanctis
1157 4383 1468 4440 Audomaro
1516 4390 1683 4456 atque
1740 4367 2392 4454 Bertino,Dstudeamus
2428 4382 2760 4454 propellere.
2792 4382 2946 4438 Illius
2973 4396 3195 4454 quoque
3222 4384 3524 4442 Dominicae
3552 4400 3722 4458 super

339 4473 436 4544 qui
481 4472 591 4529 huc
619 4472 776 4529 vobis
812 4472 1060 4528 venimus
1107 4472 1390 4543 praesidio.
1440 4475 1594 4541 Nam,
1645 4475 1990 4545 quorundam

340 4563 520 4634 culpis
568 4563 935 4635 exigentibus,
968 4562 1148 4620 omnis
1194 4562 1350 4619 locus
1395 4562 1500 4618 iste
1542 4563 1600 4618 in
1652 4564 1991 4621 deditionem

343 4652 573 4709 flammae
604 4652 897 4708 aDomino
927 4650 1105 4708 fuerat
1142 4651 1400 4720 traditus,
1431 4666 1619 4708 verum
1659 4667 1822 4709 causa
1854 4667 1989 4709 mea:

344 4743 624 4799 memoriae
677 4757 801 4813 quae
839 4742 931 4797 hic
975 4742 1033 4797 in
1080 4747 1188 4797 tam
1236 4741 1556 4813 longinquis
1602 4743 1717 4798 oris
1762 4757 1793 4797 a
1835 4742 1992 4799 vobis

342 4832 545 4902 agitur,
572 4834 627 4886 et
647 4831 776 4901 quia
806 4834 914 4885 tam
939 4828 1135 4886 devote
1166 4827 1432 4885 festivitas
1460 4843 1596 4901 meae
1626 4829 1993 4901 depositionis

244 4964 249 4965 ν
343 4921 686 4987 observatur,
736 4933 838 4992 ego
887 4934 1011 4976 cum
1067 4919 1274 4976 sanctis
1330 4933 1563 4990 quorum
1617 4919 1710 4976 hic
1764 4920 1993 4976 emerita

342 5024 580 5081 corpora
625 5016 978 5078 venerantur,
1033 5023 1220 5067 coram
1277 5012 1560 5081 majestate
1617 5009 1833 5065 Domini
1890 5024 1992 5080 pro

339 5100 499 5157 vobis
548 5104 895 5171 opportunus
950 5100 1292 5156 interventor
1328 5098 1500 5164 adfui,
1542 5104 1597 5155 et
1646 5113 1676 5154 a
1706 5098 1992 5171 benignis-

340 5189 480 5245 simo
526 5190 657 5245 Jesu
707 5189 994 5260 ereptione
1042 5188 1205 5259 hujus
1251 5188 1540 5259 impetrata
1579 5188 1841 5256 coenobii,
1890 5202 1993 5246 nec

342 5293 496 5336 mora
532 5277 642 5335 huc
689 5278 1100 5335 adventavimus
1139 5282 1336 5334 vestrae
1384 5277 1811 5335 conservationi.
1862 5280 1993 5346 Quae

341 5368 527 5428 omnia
591 5368 777 5426 abbati
833 5368 1099 5436 Odberto,
1157 5372 1484 5439 cunctaeque
1548 5367 1995 5440 congregationis

342 5457 605 5516 fratribus
660 5458 878 5531 detege,
936 5463 993 5514 et
1048 5461 1108 5514 ut
1145 5470 1213 5513 ex
1269 5457 1355 5513 his
1409 5458 1723 5515 miserantis
1776 5457 1993 5515 Domini

346 5548 826 5622 objurgationibus
899 5546 1308 5604 emendatiores
1371 5546 1465 5603 ﬂat
1529 5560 1818 5605 commone
1841 5589 1857 5617 ,
1925 5562 1995 5605 ne

2070 4472 2374 4530 Jerusalem
2438 4472 2597 4529 factae
2663 4472 3107 4529 comminationis
3170 4486 3443 4531 memores
3505 4474 3715 4545 simus,

2074 4562 2223 4633 quod
2277 4576 2382 4617 non
2431 4560 2809 4633 relinqueretur
2862 4561 2920 4617 in
2979 4574 3043 4618 ea
3089 4559 3226 4633 lapis
3279 4577 3439 4635 super
3492 4563 3719 4637 lapidem

2075 4650 2282 4722 (Matth.
2314 4665 2462 4718 xxrv,
2494 4650 2568 4721 2),
2608 4650 2703 4720 qui
2734 4662 2846 4706 non
2876 4657 3023 4707 esset
3050 4650 3440 4721 destruendus,
3472 4667 3539 4710 eo
3568 4652 3718 4725 quod

2074 4753 2186 4797 non
2216 4744 2592 4810 cognoverunt
2621 4753 2735 4795 sua:
2774 4738 3103 4796 visitationis
3133 4745 3349 4811 tempus
3388 4742 3540 4813 (Luc.
3570 4758 3719 4814 χχιι,

2074 4827 2170 4901 44)
2211 4849 2223 4885 :
2270 4833 2436 4899 atque
2475 4832 2602 4898 post
2646 4832 2849 4884 tantam
2887 4828 3130 4885 incendii
3177 4830 3576 4890 desolationem
3608 4834 3720 4903 jam

2074 4919 2171 4974 Dei
2226 4920 2401 4989 gratia
2457 4916 2792 4973 monasterio
2832 4924 3024 4975 nostro
3073 4933 3137 4975 ac
3184 4921 3441 4978 omnibus
3486 4921 3722 4979 readin-

2076 5007 2214 5064 catis
2260 5012 2317 5064 et
2363 5007 2683 5063 restauratis
2728 5007 2785 5063 in
2824 5007 3040 5076 melius,
3080 5007 3189 5066 hoc
3225 5010 3453 5081 speculo
3492 5012 3724 5084 castiga-

2077 5097 2247 5153 tiores
2275 5102 2441 5169 atque
2479 5096 2886 5154 emendatiores
2914 5097 3056 5155 effici
3087 5100 3235 5157 omni
3264 5101 3552 5159 conamine
3591 5115 3721 5174 pro-

2077 5200 2351 5255 curemus,
2383 5191 2549 5257 atque
2595 5186 3079 5245 innumerabilium
3117 5189 3375 5246 vitiorum
3422 5191 3718 5260 exercitus,

2077 5275 2173 5347 qui
2217 5274 2517 5332 Jerusalem
2554 5280 2798 5331 sanctam
2843 5276 3080 5346 Domini,
3129 5277 3343 5336 scilicet
3379 5292 3502 5350 nos,
3543 5293 3721 5353 oppu-

2075 5378 2245 5437 gnare
2283 5378 2397 5423 non
2436 5370 2674 5433 cessant,
2706 5364 2905 5423 diebus
2942 5380 3005 5423 ac
3056 5369 3315 5426 noctibus
3360 5376 3722 5443 repurgantes

2076 5454 2296 5512 Christo
2347 5454 2509 5512 nobis
2559 5453 2796 5527 praesule
2851 5455 3171 5528 en‘ugemus,
3218 5471 3284 5516 ac
3336 5460 3575 5518 sacraria
3622 5475 3722 5519 sua

2077 5545 2310 5603 Domino
2338 5552 2529 5602 nostro
2566 5548 2880 5602 sanctarum
2907 5546 3171 5605 virtutum
3208 5547 3536 5609 decoremus
3563 5563 3722 5609 orna-
