4106 6178
418 220 553 277 1127

1536 217 1857 274 FOLCALD!
1897 217 2196 275 MONACHI
2236 219 2652 277 SITHIVENSIS

3657 218 3801 274 1128

416 346 585 414 tibus,
627 350 900 416 quatenus
941 346 1060 414 ejus
1115 344 1182 399 ad
1241 355 1344 397 nos
1399 342 1687 397 adventum
1728 341 2277 411 quandoqueAdulo
2323 345 2530 414 diuque
2587 358 2646 399 se
2706 349 2880 400 totum
2934 343 3229 410 commisit,
3288 343 3485 414 suique
3541 344 3799 398 misereri

417 435 721 506 promereri
771 435 1066 504 possimus.
1126 433 1355 487 Sanctos
1392 431 1554 486 etiam
1611 435 1666 485 et
1703 430 1913 486 electos
1963 431 2057 486 Dei

417 525 485 581 ad
543 529 790 580 nostrum
844 523 1051 594 jugiter
1105 521 1420 577 invocemus
1483 519 1764 584 auxilium,
1807 533 1947 589 quos
1985 521 2058 575 ita

417 620 706 685 promptos
742 628 842 683 per
869 613 1010 667 hanc
1059 609 1447 666 revelationem
1496 609 1746 666 novimus
1793 610 1954 664 nobis
1990 609 2057 664 ad

418 703 872 766 succurrendum,
913 714 975 754 ac
1021 712 1211 754 eorum
1250 697 1497 767 exempla
1554 702 1849 767 sequentes
1887 697 2059 752 cruci-

419 794 647 864 figamus
683 805 784 846 nos
821 788 1241 844 mortiﬁcatione
1277 788 1532 843 vitiorum
1574 794 1628 842 et
1665 787 2062 856 concupiscen-

419 884 639 947 tiarum,
673 885 943 950 quatenus
967 892 1068 934 nos
1098 877 1358 933 Dominus
1387 884 1578 932 noster
1606 877 1890 946 possideat
1919 876 2062 932 filios

420 971 892 1035 mortiﬁcatorum,
935 968 1027 1038 qui
1069 981 1190 1023 cum
1230 968 1343 1022 Deo
1383 968 1540 1020 Patre
1561 973 1615 1020 et
1636 966 1841 1035 Spiritu
1871 972 2062 1021 sancto

419 1061 551 1116 vivit
582 1065 635 1114 et
674 1065 868 1130 regnat
905 1072 1006 1127 per
1035 1056 1218 1112 omnia
1256 1055 1470 1111 saecula‘
1485 1055 1835 1110 saeculorum.
1870 1058 2059 1110 Amen.

531 1148 653 1221 (51)
687 1150 814 1205 CAP.
850 1149 958 1203 XV.
991 1145 1304 1202 Miraculum
1333 1147 1386 1200 in
1417 1143 1543 1200 villa
1570 1146 1638 1200 de
1667 1146 1954 1199 Caumont.

490 1239 674 1294 Sancti
726 1237 902 1292 Patris
939 1235 1114 1291 nostri
1163 1235 1369 1290 Bertini
1408 1233 1749 1289 hzereditatis
1787 1247 1916 1302 pars
1951 1234 2062 1288 No-

419 1327 612 1384 viomaa
651 1327 776 1382 urbi
824 1327 1060 1381 habetur
1096 1325 1372 1394 contigua.
1414 1325 1545 1378 Nam
1595 1322 1798 1378 ibidem
1837 1322 1962 1376 villa
2002 1322 2067 1376 de

421 1419 673 1475 Caumonl
703 1417 936 1486 adjaeet,
987 1429 1110 1484 quae
1153 1421 1268 1470 tota
1311 1413 1421 1482 juri
1463 1411 1706 1481 ejusdem
1748 1411 1925 1465 Patris
1962 1411 2066 1466 de-

421 1507 629 1564 betur:
673 1506 872 1561 tradita
921 1506 1065 1560 enim
1110 1503 1188 1558 illi
1227 1503 1296 1557 ab
1340 1503 1566 1571 antiquo
1608 1508 1855 1570 tempore
1894 1500 2069 1556 titulis

421 1597 768 1654 auctoritatis
797 1596 1061 1652 sancitur.
1093 1597 1289 1660 Verum
1321 1593 1486 1663 hujus
1513 1591 1655 1646 villae
1689 1591 1920 1647 colonus
1949 1591 2069 1661 qui-

2141 433 2316 488 oravit
2345 453 2358 489 :
2391 447 2455 488 ac
2487 432 2708 488 tandem
2740 432 2912 502 petita
2942 432 3334 488 benedictione
3363 431 3600 498 abbatis,
3632 440 3802 486 utens

2142 522 2296 590 quasi
2328 521 2562 591 quadam
2603 521 2868 591 agilitate,
2910 523 3084 592 magis
3121 520 3286 576 solito
3328 519 3523 590 raptim
3567 520 3801 574 reverti-

2142 617 2251 666 tur.
2294 611 2529 666 Primum
2580 618 2760 666 tamen
2793 625 2941 682 saepe
2982 618 3037 666 et
3085 611 3313 666 multum
3347 610 3545 666 obnixe
3578 610 3797 673 orabat,

2142 713 2212 755 ne
2265 699 2350 754 sui
2408 699 2846 754 oblivisceretur.
2905 700 3172 755 Veniente
3229 700 3398 770 igitur
3447 706 3656 754 statuto
3709 701 3800 754 die

2143 804 2202 844 se
2243 787 2428 844 duello
2479 789 2844 858 praeparabat,
2898 793 3079 844 tamen
3124 791 3279 858 juxta
3328 789 3657 859 promissum
3702 789 3836 843 ali-‘

2145 890 2285 946 quos
2323 890 2422 932 suo
2451 883 2716 932 venturos
2762 876 2968 933 auxilio
3019 878 3132 932 sive
3182 877 3362 948 ipsum
3407 877 3665 932 abbatem
3707 893 3803 932 ex-

2145 966 2448 1036 spectabat.
2503 968 2692 1036 Itaque
2724 972 2850 1035 post
2878 965 3208 1025 celebratam
3239 981 3269 1021 a
3306 966 3632 1037 presbytero
3667 970 3803 1022 mis-

2145 1070 2280 1121 sam,
2313 1055 2510 1112 devote
2542 1057 2693 1110 finita
2723 1071 2908 1126 prece,
2940 1055 3282 1112 Eucharistia
3307 1057 3472 1127 digne
3509 1065 3803 1126 percepta,

2147 1147 2295 1217 quod
2355 1153 2506 1202 extra
2563 1146 2854 1203 ecclesiam
2910 1144 3054 1203 forte
3108 1147 3328 1217 jacebat
3383 1161 3554 1217 super
3607 1161 3804 1202 saxum

2148 1249 2398 1307 magnum
2475 1235 2702 1303 assedit,
2769 1251 2963 1292 versus
3037 1235 3216 1291 locum
3293 1235 3466 1292 Silhiu
3540 1237 3808 1307 superius

2149 1324 2355 1380 dictum
2431 1325 2650 1396 erigens
2723 1325 2959 1391 lumina,
3031 1331 3216 1381 tensas
3290 1325 3516 1394 palmas,
3587 1325 3804 1381 vultum

2148 1414 2346 1480 tenuit,
2397 1414 2684 1485 solumque
2724 1429 2949 1471 movens
2988 1414 3151 1482 labia,
3198 1428 3390 1485 magne
3439 1428 3580 1484 puro
3628 1416 3807 1470 corde

2151 1503 2422 1558 clamavit.
2454 1506 2615 1560 Forte
2646 1505 2740 1560 Dei
2772 1504 3116 1574 providentia
3146 1509 3206 1559 ut
3236 1503 3542 1559 declararet
3573 1504 3806 1575 dignum

2151 1594 2404 1648 meritum
2435 1594 2520 1648 sui
2568 1593 2780 1660 militis,
2827 1593 2996 1648 abbas
3041 1593 3176 1648 alias
3218 1593 3510 1648 intendens
3558 1595 3808 1664 promis-

424 1687 547 1744 dam
586 1685 871 1756 tyrannica
909 1684 1142 1739 abutens
1178 1687 1450 1752 potestate
1488 1679 1826 1749 nimiumque
1866 1681 2061 1749 oppri-
2084 1684 2271 1743 Bsum
2302 1682 2564 1753 neglexit.
2605 1684 2736 1738 Tum
2767 1696 2898 1738 vero
2938 1683 3284 1738 adversarius
3313 1684 3488 1738 minas
3517 1683 3806 1752 ingerens,

425 1775 608 1832 mebat
655 1775 798 1829 bona
846 1772 1087 1838 illorum,
1138 1771 1302 1826 modo
1341 1771 1392 1824 vi
1442 1769 1684 1838 quidem,
1728 1775 1840 1823 tum
1888 1776 2067 1822 autem

428 1877 759 1935 quocunque
815 1860 981 1916 modo
1047 1865 1265 1929 poterat
1320 1855 1595 1912 auferens.
1658 1857 1830 1925 Hujus
1889 1857 2073 1924 itaque

428 1953 640 2008 insania
671 1952 737 2008 ad
760 1951 814 2007 id
843 1950 1063 2020 quidem
1095 1947 1406 2003 deﬂectitur
1435 1945 1702 2011 criminis,
1727 1945 1891 2014 inque
1923 1945 2075 2000 dete-

428 2044 544 2098 rius
573 2043 762 2109 evasit,
795 2046 856 2096 ut
886 2045 1095 2110 partem
1125 2036 1357 2093 coloniae
1398 2034 1572 2104 ipsius
1595 2034 1738 2089 villae
1769 2033 2071 2100 invaderet,

430 2143 821 2203 pervasamque
869 2142 970 2183 suo
1005 2127 1116 2197 juri
1173 2139 1236 2180 ac
1285 2124 1481 2179 ditioni
1538 2122 1863 2178 vindicaret.
1912 2115 2078 2191 Cujus

428 2222 534 2277 vim
583 2219 881 2276 invasionis
929 2229 1164 2273 cernens
1210 2212 1587 2270 ministerialis
1633 2213 1728 2282 qui
1768 2212 1836 2266 ab
1875 2212 2074 2266 abbate

432 2311 644 2383 positus
689 2310 745 2364 in
785 2308 870 2364 sui
911 2307 1034 2364 loco
1071 2310 1268 2360 cuncta
1297 2303 1441 2358 villae
1491 2302 1838 2372 providebat,
1871 2299 2078 2356 nefaria

429 2399 764 2457 machinanti
803 2397 936 2453 totis
973 2395 1184 2450 viribus
1211 2393 1487 2458 obviabat,
1519 2390 1817 2447 furibundo
1849 2389 2075 2445 resiste-

430 2490 543 2554 bat,
577 2477 740 2559 atque
770 2486 887 2542 ﬁeri
917 2486 1029 2540 Deo
1059 2489 1363 2551 sanctoque
1402 2481 1546 2536 Patri
1586 2479 1907 2549 injustitiam
1940 2492 2077 2548 pro-

434 2578 722 2634 clamabat.
763 2574 1002 2631 Tandem
1041 2573 1180 2628 adeo
1217 2570 1446 2626 multum
1487 2584 1551 2624 ac
1581 2580 1962 2639 saepenumero
1993 2581 2080 2622 re-

433 2667 724 2730 clamante,
753 2662 1036 2720 nonnullis
1065 2675 1222 2731 mque
1260 2660 1422 2715 etiam
1462 2658 1768 2714 scientibus
1805 2657 1969 2726 hujus
1999 2656 2079 2710 rei

432 2757 739 2821 veritatem,
781 2750 1401 2818 contradicentibusque
1449 2747 1642 2803 insano
1681 2752 1865 2815 empto
1906 2745 2076 2810 illius,

434 2847 489 2901 in
525 2846 616 2916 jus
659 2849 879 2900 ventum
921 2847 1003 2898 est
1044 2860 1058 2896 :
1116 2845 1327 2895 tantum
1367 2837 1512 2894 enim
1552 2837 1667 2892 suis
1714 2834 2082 2906 praesumebat

432 2934 658 2991 viribus.
701 2934 781 2988 Ab
819 2933 926 2987 hoc
973 2931 1158 2999 itaque
1197 2929 1413 2998 injuriae
1443 2939 1606 2982 causa
1645 2926 2074 2991 demonstratur,

2146 1772 2329 1827 verbis
2387 1773 2683 1836 lacessens,
2743 1787 2948 1828 moram
3017 1771 3309 1828 facientem
3376 1773 3690 1838 incusabat,
3752 1782 3810 1828 et

2148 1860 2400 1916 nonnulli
2448 1875 2562 1916 suae
2602 1861 2743 1930 parti
2801 1859 3044 1917 faventes
3095 1862 3297 1931 probra
3337 1862 3806 1917 contumeliarum

2149 1951 2579 2021 ingeminabant,
2640 1964 2760 2006 eum
2820 1951 3036 2006 timoris
3090 1957 3402 2021 arguentes.
3462 1951 3560 2006 1110
3617 1959 3808 2006 10111011

2149 2040 2422 2105 manebat,
2475 2041 2850 2110 exspectabat,
2884 2041 3078 2096 orabat
3121 2040 3524 2110 parvipendens
3573 2056 3810 2110 exaspeo

2150 2133 2355 2184 rantes.
2413 2128 2479 2182 Et
2534 2128 2754 2184 tandem
2816 2143 3110 2199 erumpens
3168 2129 3222 2184 in
3277 2144 3520 2185 vocem:
3585 2129 3806 2190 Adhuc,

2152 2215 2352 2286 inquit,
2395 2230 2503 2272 una
2542 2217 2754 2273 morula
2804 2232 2980 2272 meum
3022 2218 3286 2288 operibor
3323 2218 3627 2273 dominum.
3677 2219 3810 2272 Post

2151 2319 2282 2361 vero
2335 2321 2464 2362 ecce
2513 2307 2729 2362 eminus
2785 2308 3019 2377 aspexit,
3061 2315 3116 2363 et
3163 2307 3300 2362 duas
3337 2307 3624 2363 columbas
3683 2308 3809 2362 nive

2153 2395 2504 2451 candidiores
2551 2410 2679 2452 aera
2727 2411 2916 2451 secare
2968 2397 3165 2466 pennis
3192 2396 3348 2451 vidit.
3382 2397 3441 2451 111
3474 2397 3576 2451 1108
3604 2397 3682 2450 ila
3714 2396 3808 2451 diu

2154 2483 2356 2539 lumina
2422 2485 2525 2539 fixa
2591 2486 2806 2550 tenuit,
2876 2499 3136 2556 quorsum
3203 2491 3456 2541 tenerent
3520 2485 3807 2550 volatum,

2154 2573 2370 2642 quodve
2418 2573 2560 2644 signi
2599 2575 2812 2630 volatus
2859 2575 3218 2644 portenderet
3274 2575 3416 2630 scire
3456 2573 3806 2629 desiderans.

2153 2663 2414 2718 Audierat
2453 2664 2597 2718 enim
2638 2663 2913 2734 quondam
2945 2679 3003 2720 se
3055 2663 3272 2735 dignari
3317 2663 3613 2720 ostendere
3659 2664 3808 2733 pium

2155 2753 2368 2807 Patrem
2427 2752 2728 2818 Bertinum,
2778 2759 2834 2808 et
2883 2753 2937 2808 in
2985 2753 3194 2809 visione
3242 2758 3429 2808 tenere
3478 2753 3649 2822 hujus
3699 2753 3817 2807 avis

2155 2841 2595 2896 similitudinem.
2637 2844 2824 2911 Itaque
2871 2841 3048 2898 veloci
3096 2842 3279 2898 volatu
3319 2855 3535 2898 omnem
3587 2842 3817 2911 procin-

2158 2937 2302 2985 ctum
2339 2937 2424 2985 ter
2459 2930 2727 2997 ambiunt,
2771 2935 3007 3001 postque
3039 2931 3106 2986 ab
3146 2931 3322 2986 0011118
3349 2930 3654 2986 videntium
3689 2945 3816 2987 eva-

433 3025 502 3081 ab
533 3025 628 3081 illo
649 3037 780 3080 vero
807 3022 1028 3078 minime.
1060 3019 1282 3090 quidem
1312 3017 1428 3074 fore
1459 3016 1727 3087 injustitia
1752 3015 2074 3085 denegatur.
2101 3009 2412 3075 Cnescunt.
2443 3019 2599 3075 Illico
2639 3020 2877 3076 surrexit
2907 3027 2959 3076 et
2991 3019 3326 3076 horrendum
3357 3024 3577 3085 tonans,
3612 3019 3817 3090 clypeo

434 3115 524 3171 Sic
563 3111 936 3170 controversia
984 3111 1164 3180 agitur
1205 3115 1260 3164 et
1303 3108 1372 3162 ab
1411 3114 1642 3176 utraque
1683 3111 1836 3175 parte
1867 3104 2076 3160 (1180111-
2149 3109 2464 3176 fulminans,
2501 3124 2621 3166 cum
2663 3110 2862 3166 baculo
2907 3111 2962 3165 in
3009 3110 3226 3166 hostem
3255 3109 3424 3166 venit,
3477 3110 3682 3164 Fet-m1-
3711 3109 3817 3164 de-

434 3205 593 3262 ritur.
638 3201 949 3273 Opponitur
979 3200 1211 3270 primum
1261 3210 1444 3261 causa,
1476 3211 1540 3251 ea
1580 3194 1755 3264 palam
1795 3195 2074 3259 statuitur,

437 3301 561 3366 post
591 3293 778 3350 eadem
809 3289 1208 3345 deliberatione
1247 3286 1510 3342 sancitur.
1543 3285 1673 3340 Tum
1705 3283 1922 3340 demum
1954 3282 2077 3336 ulti-

436 3399 521 3441 ma
545 3381 826 3456 judicialis
854 3394 1034 3436 causae
1064 3393 1154 3434 res
1182 3375 1557 3446 subsequitur.
1589 3374 1643 3429 Si
1677 3387 1864 3443 negas,
1900 3372 2079 3441 inquit

434 3480 626 3532 noster
680 3477 1076 3543 propugnator,
1125 3467 1221 3522 Dei
1278 3465 1474 3521 ditioni
1532 3463 1819 3532 sanctique
1873 3459 2079 3516 Bertini

429 3566 540 3636 juri
587 3563 753 3633 hujus
782 3561 1055 3618 coloniam
1084 3557 1228 3613 villae
1259 3570 1420 3627 quam
1460 3554 1662 3624 injuste
1693 3551 1796 3608 tibi
1833 3550 2082 3606 vindicas

435 3655 666 3720 deberi;
698 3653 876 3708 victus
904 3657 1085 3706 tamen
1116 3647 1472 3712 conﬁtebere,
1505 3657 1657 3699 suam
1680 3640 1876 3697 'sancto
1904 3642 2082 3695 victus

435 3744 657 3812 reddes,
693 3749 749 3799 et
787 3743 944 3798 istam
983 3747 1130 3796 tuam
1169 3737 1391 3792 minime
1431 3745 1800 3805 recognosces
1833 3751 1844 3786 :
1887 3733 2082 3800 Oppo-

437 3848 584 3899 nam,
625 3831 826 3903 inquit,
859 3831 1002 3887 enim
1033 3832 1197 3898 caput
1239 3825 1320 3897 (et
1349 3827 1620 3881 monstrat
1657 3821 1850 3878 dextra
1888 3819 2080 3892 caput)

438 3921 708 3995 periculo,
766 3925 977 3976 tantum
1033 3918 1105 3974 ob
1160 3917 1255 3972 Dei
1307 3914 1574 3985 justitiam
1623 3911 1797 3982 ipsius
1846 3909 2086 3966 conﬁsus

437 4011 664 4070 auxilio.
704 4011 770 4066 Et
799 4024 828 4065 e
855 4014 1070 4071 contra,
1100 4006 1280 4076 inquit
1307 4004 1466 4070 alter,
1499 4016 1584 4058 me
1622 4003 1801 4072 ipsum
1839 3999 2086 4055 invenies

439 4107 688 4173 paratum
739 4104 972 4166 certare,
1013 4109 1291 4165 nunquam
1340 4093 1544 4148 vietum
1592 4091 1712 4148 fore
1761 4090 1932 4145 dices.
1977 4089 2086 4144 Va-

439 4191 539 4249 des
573 4189 696 4262 (52)
738 4190 924 4260 itaque
961 4186 1184 4250 dantur,
1225 4182 1469 4240 duellum
1509 4181 1776 4247 firmatur,
1819 4179 1940 4235 dies
1981 4183 2089 4234 sta-

437 4281 631 4337 tuitur.
684 4279 814 4335 Post
860 4277 1045 4347 itaque
1095 4289 1211 4331 rem
1256 4272 1352 4328 tali
1387 4274 1512 4342 jure
1560 4271 1825 4326 firmatam
1866 4267 2087 4323 minime

2152 3200 2318 3270 nique
2367 3201 2495 3269 quia
2540 3200 2666 3256 dum
2721 3206 2993 3271 surgeret,
3052 3214 3324 3270 versoque
3372 3199 3572 3255 baculo
3619 3212 3816 3254 saxum

2154 3291 2537 3360 percussisset,
2572 3290 2677 3345 hoc
2717 3304 2783 3345 ex
2821 3305 2880 3346 se
2928 3291 3212 3360 sanguinis
3251 3289 3483 3345 rivulum
3534 3289 3814 3344 emisisse.

2153 3381 2195 3436 Ο
2225 3380 2388 3451 digna
2419 3394 2542 3450 quae
2591 3380 2888 3436 roboratur
2933 3380 3370 3450 astipulaturque
3417 3379 3596 3434 altero
3625 3379 3816 3449 signo,

2155 3469 2349 3524 mirum
2381 3468 2552 3534 dictu,
2583 3470 2778 3524 mirum
2808 3470 2926 3524 visu
2957 3469 3279 3540 sanguinem
3302 3469 3370 3524 de
3390 3481 3522 3524 saxo
3554 3476 3814 3524 manare!

2153 3571 2340 3614 verum
2389 3559 2611 3628 quidem
2659 3560 2755 3614 Dei
2805 3565 2889 3614 est
2931 3559 3114 3616 omnia
3163 3573 3348 3629 posse.
3399 3558 3644 3614 Tandem
3683 3572 3814 3629 per-

2157 3647 2298 3703 ﬁdus
2337 3649 2555 3703 invasor
2584 3648 2796 3704 crebris
2835 3649 3038 3704 ictibus
3065 3649 3243 3704 victus
3280 3654 3577 3718 superatur
3602 3655 3660 3703 et
3693 3648 3816 3704 solo

2157 3738 2548 3807 prosternitur.
2599 3738 2732 3792 Tum
2773 3737 2911 3793 adeo
2943 3737 3082 3793 male
3120 3737 3414 3792 mulctatus
3451 3750 3574 3792 sese
3603 3736 3815 3792 victum

2157 3825 2439 3882 multoties
2495 3825 2805 3896 profitetur,
2865 3826 3067 3897 injuste
3126 3813 3390 3881 invasisse
3447 3825 3592 3881 villae
3663 3825 3817 3880 illius

2159 3915 2431 3972 coloniam
2481 3915 2801 3986 proclamat.
2853 3916 3024 3986 Igitur
3069 3915 3157 3971 vix
3205 3924 3429 3985 ereptus
3475 3928 3505 3969 a
3555 3914 3819 3969 manibus

2157 4006 2387 4062 victoris
2416 4006 2636 4062 domum
2668 4006 3011 4076 deportatur,
3045 4012 3101 4062 et
3130 4013 3255 4076 post
3287 4005 3526 4060 triduum
3561 4010 3820 4060 mortuus

2162 4102 2264 4152 est.
2298 4097 2485 4152 Omnis
2512 4095 2713 4152 vicinia
2754 4095 2862 4152 hoc
2901 4097 3098 4152 merito
3132 4094 3334 4151 factum
3365 4109 3486 4150 esse
3516 4093 3682 4158 dixit,
3716 4095 3820 4148 mi-

2161 4184 2334 4241 raculi
2364 4185 2518 4255 signa
2548 4184 2867 4251 celebravit,
2891 4191 3251 4255 sanctumque
3283 4186 3495 4240 Patrem
3527 4183 3819 4238 Bertinum

2161 4277 2358 4332 devote
2389 4274 2707 4332 extollendo
2737 4275 2931 4332 coluit.

437 4358 523 4426 8111
550 4369 770 4426 villicus
807 4341 1171 4431 obliviscitur,
1204 4362 1301 4419 sed
1342 4341 1458 4417 adit
1493 4359 1792 4416 Odbertum
1825 4355 1934 4428 (53)
1983 4341 2154 4412 ab-D
2256 4367 2386 4421 cAp,
2420 4365 2553 4420 xv].
2595 4365 2894 4422 Secundum
2923 4362 3229 4420 miraculum
3259 4363 3324 4420 de
3351 4362 3532 4419 eadem
3563 4361 3713 4417 pina,

438 4460 620 4516 batem
670 4459 738 4530 (is
767 4455 911 4514 enim
941 4469 1008 4512 eo
1038 4455 1095 4510 in
1125 4460 1375 4523 tempore
1421 4449 1598 4506 Sithiu
1635 4447 1862 4519 regebat
1897 4459 2085 4502 caeno-

439 4549 632 4619 bium),
683 4560 898 4605 omnem
947 4545 1029 4602 rei
1078 4543 1279 4600 seriem
1329 4539 1525 4598 ordine
1564 4537 1778 4608 pandit,
1817 4542 1940 4592 orat
1977 4533 2082 4590 sibi

439 4639 742 4706 subveniri,
775 4643 836 4693 ut
865 4635 1170 4692 constituto
1200 4631 1290 4687 die
1329 4635 1423 4684 aut
1465 4627 1608 4683 idem
1648 4638 1895 4696 praesens
1942 4624 2087 4680 adsit

439 4736 535 4786 aut
563 4731 621 4785 in
649 4728 735 4784 sui
767 4727 890 4782 loco
921 4724 1136 4794 aliquos
1165 4721 1298 4776 boni
1329 4715 1630 4774 testimonii
1662 4716 1812 4770 viros
1841 4713 1936 4768 illo
1967 4714 2088 4768 mit-

440 4825 541 4890 tat,
572 4819 804 4875 maxime
834 4820 1015 4872 autem
1045 4811 1239 4870 orabat
1267 4808 1415 4880 quod
1449 4807 1593 4862 idem
1640 4804 1810 4860 abbas
1844 4816 2089 4873 praesens

442 4915 607 4966 esset.
651 4905 898 4978 Spondet
945 4903 994 4959 is
1031 4901 1086 4958 id
1135 4899 1358 4972 quidem
1406 4911 1528 4953 sese
1571 4894 1861 4958 facturum,
1894 4898 1949 4948 et
1986 4907 2087 4948 au-

444 5000 701 5056 ctoritate
750 4995 835 5052 sui
876 4991 1300 5066 prmsentialiter
1347 4988 1761 5044 subventurum.
1793 4985 1926 5038 Tum
1955 4994 2086 5038 vero

446 5094 758 5162 prostratus
795 5092 921 5141 ante
951 5087 1201 5138 sanctum
1233 5079 1425 5145 altare,
1470 5077 1565 5132 Dei
1598 5072 1965 5146 providentiae
1994 5085 2090 5127 se-

518 5195 642 5268 (51)
684 5197 815 5265 Quae
844 5195 1170 5264 sequuntur,
1202 5188 1332 5244 item
1376 5185 1443 5242 ab
1474 5183 1583 5240 alio
1622 5187 1847 5238 auctore
1885 5179 2091 5249 scripta

445 5269 721 5325 videntur.
984 5315 987 5317 _

523 5339 645 5412 (52)
687 5341 774 5412 In
798 5335 998 5394 duellis
1033 5333 1194 5412 factis
1242 5331 1311 5388 ad
1354 5325 1690 5412 dirimendas
1727 5327 2090 5412 resecuta?j

448 5401 636 5470 versas
689 5409 962 5466 dabantur
1015 5407 1277 5476 utrinque
1311 5401 1515 5479 _vades,
1575 5401 1886 5479 ut.victori
1930 5401 2094 5479 certa

450 5467 598 5542 esset
627 5497 809 5538 causa:
850 5467 1257 5552 Oppigtieratio.
1295 5467 1590 5552 Guibertus
1627 5469 1798 5552 abbas
1833 5467 1903 5523 de
1930 5467 2093 5552 110111-

448 5538 616 5630 έέῄὶο
645 5553 702 5610 in
732 5552 830 5608 lib.
864 5538 1024 5610 ih‘d‘é
1053 5551 1177 5606 Vita
1205 5563 1323 5617 sua,
1357 5563 1479 5618 cap.
1517 5542 1583 5598 14
1617 5564 1628 5600 ε
1672 5540 1823 5598 Datis
1851 5538 2070 5594 vadibus

2227 4455 2426 4511 Verum
2467 4453 2616 4524 quod
2666 4468 3060 4525 nonnunquam
3109 4453 3274 4509 bonis
3309 4451 3594 4508 formidini
3637 4458 3728 4507 est
3765 4459 3822 4507 et

2157 4544 2305 4601 unde
2358 4544 2548 4600 virtuti
2606 4545 2893 4600 studentes
2949 4543 3181 4600 maxime
3238 4542 3593 4613 corriguntur
3646 4549 3821 4611 atque

2161 4635 2396 4692 interius
2442 4633 2629 4690 divino
2668 4648 2895 4690 munere
2943 4634 3243 4700 nitescunt,
3285 4631 3412 4687 inde
3451 4630 3683 4700 reprobi
3727 4647 3822 4686 ex-

2161 4725 2334 4780 terius
2371 4723 2652 4779 audaciam
2711 4730 2952 4789 sumunt,
3005 4728 3289 4793 peccatum
3330 4727 3558 4790 peccato
3599 4721 3821 4776 addunt

2161 4829 2347 4870 verum
2398 4819 2814 4884 postponentes,
2864 4813 3165 4882 caacatique
3221 4810 3365 4866 nube
3422 4809 3678 4865 mortalis
3738 4811 3817 4866 rei

2163 4903 2408 4959 deterius
2445 4910 2772 4972 sequuntur,
2807 4909 2862 4957 et
2899 4903 2954 4957 in
2984 4903 3065 4957 eis
3111 4899 3247 4956 illud
3294 4897 3686 4970 propheticum
3721 4900 3820 4954 im-

2163 4993 2346 5063 pletur
2374 5013 2385 5048 :
2420 4993 2650 5062 Sanguis
2687 4991 2991 5061 sanguinem
3021 4991 3184 5058 tetigit
3229 4988 3378 5060 (03c.
3411 5003 3487 5051 tv,
3523 4987 3612 5058 2),
3648 4989 3707 5043 id
3734 4997 3819 5044 est

2165 5084 2386 5154 iniquus
2416 5095 2578 5152 prava
2610 5083 2722 5138 sive
2763 5081 2997 5152 pessima
3028 5079 3184 5135 malis
3212 5076 3406 5134 sedulo
3445 5075 3606 5132 factis
3637 5077 3820 5132 addit.

2166 5192 2366 5262 inquit,
2408 5191 2540 5246 bello
2587 5206 2701 5246 cum
2735 5187 3085 5262 pugillaturus
3130 5188 3366 5260 impeliit.
3409 5187 3553 5256 Lege
3591 5185 3821 5242 Acherii

2166 5273 2326 5320 notas
2355 5264 2409 5318 111
2440 5263 2587 5319 1111110
2618 5263 2823 5318 10011111.

2243 5334 2363 5406 (53)
2407 5335 2682 5390 Odbertus
2720 5334 2891 5406 abbas
2929 5333 2996 5388 ab
3025 5329 3522 5406 anno‘millesimo,
3567 5335 3701 5398 post
3728 5341 3826 5385 an-

2166 5403 2270 5464 nos
2308 5403 2598 5462 duodecim
2639 5404 2978 5462 Hemfridum
3036 5403 3228 5460 habuit
3281 5413 3690 5467 successorem,
3740 5409 3823 5458 te-

2165 5485 2346 5535 stante
2376 5479 2556 5548 lperio
2581 5491 2704 5547 cap.
2734 5475 2807 5531 34
2834 5482 2890 5530 et
2915 5475 3006 5532 35.
