4106 6178
274 246 413 304 1129

1384 252 1725 310 MIRACULA
1762 254 1816 309 S.
1859 254 2148 311 BERTINI.
2190 286 2259 299 -—
2300 259 2423 314 LIB.
2464 260 2531 317 11.

3502 277 3639 334 1130

266 377 439 467 Igitur
455 375 598 467 alter
619 380 884 467 tyrannus
907 374 1212 467 innutritus
1239 374 1543 467 sceleribus
1573 378 1626 432 in
1651 379 2117 448 praedictaAejus
2161 382 2478 450 pollicendo
2521 383 2731 455 aliquid
2781 388 3038 445 molliret.
3091 394 3208 449 Duo
3238 396 3406 467 igitur
3433 401 3511 455 illi
3550 401 3637 458 of-

266 465 404 520 urbe
432 466 697 521 Novioma
736 463 966 530 exstitit,
1006 462 1159 520 ferox
1215 466 1418 531 animo,
1460 466 1750 521 immanior
1790 482 1911 523 sce-

264 554 403 621 lere,
435 559 563 609 ante
608 568 801 609 omnes
845 553 984 609 alios
1031 554 1121 610 die
1160 562 1440 625 noctuque
1469 556 1790 625 sanguinem
1828 557 1909 612 si-

264 644 429 698 tiens.
482 645 672 713 ltaque
720 656 844 697 cum
894 642 1018 697 talis
1065 640 1203 697 fama
1260 643 1402 699 foret
1439 657 1552 697 suae
1584 643 1910 713 iniquitatis,

262 732 427 788 dolos
456 730 678 787 frandes
726 732 828 786 hac
877 730 1114 800 illacque
1144 732 1509 801 expandebat.
1543 734 1674 787 Nam
1703 738 1914 803 strages

264 821 453 876 miseri
493 819 685 890 populi
720 820 907 885 dabat,
934 832 1042 874 non
1073 821 1212 886 viro,
1246 834 1355 876 non
1388 821 1625 889 mulieri,
1658 835 1759 877 nec
1789 835 1914 891 par-

264 909 395 965 vulo
425 923 661 979 parcens
689 909 933 978 quidem.
964 908 1070 964 Sed
1106 923 1228 965 cum
1248 910 1360 979 jam
1391 911 1627 965 maxima
1658 925 1725 966 ex
1757 915 1912 981 parte

264 1012 503 1069 quaeque
559 998 811 1053 villarum
870 997 1178 1068 adjacentia
1234 998 1589 1065 devastasset,
1661 1002 1914 1056 Caumont

263 1088 394 1143 villa
424 1088 646 1143 minime
677 1087 899 1158 quidem
939 1101 1135 1143 secura
1171 1088 1241 1143 ab
1288 1091 1407 1158 ejus
1437 1089 1649 1144 insania
1681 1088 1911 1153 exstitit,

264 1177 467 1232 timens
520 1175 699 1242 valde,
757 1177 905 1246 quod
944 1175 1050 1231 sibi
1108 1176 1336 1231 timebat
1382 1183 1574 1246 postea
1613 1178 1812 1239 evenit.
1846 1177 1914 1232 Et

262 1280 390 1322 cum
442 1265 688 1321 audisset
743 1271 799 1320 et
863 1279 1054 1322 revera
1129 1266 1300 1321 sciret
1356 1272 1696 1336 peremptum
1762 1272 1912 1321 sorte

263 1354 458 1422 duelli,
491 1361 545 1411 et
593 1354 797 1424 injuste
851 1360 1079 1424 agentes
1114 1354 1170 1409 in
1228 1354 1408 1409 villam
1448 1354 1912 1424 admittentesque

260 1446 521 1516 injuriam
551 1451 800 1499 sanctum
850 1445 1064 1499 Patrem
1114 1444 1390 1499 Bertinum
1424 1444 1724 1511 vindicare,
1761 1443 1911 1500 nullo

259 1533 430 1590 modo
469 1534 660 1589 insana
691 1547 845 1589 mens
866 1534 987 1601 ejus
1015 1548 1046 1587 a
1075 1532 1239 1588 solita
1277 1534 1429 1589 rabie
1460 1548 1556 1589 seu
1587 1534 1656 1589 ab
1688 1540 1909 1589 assueto

259 1620 453 1679 furore
482 1622 884 1693 requiescendo
916 1622 1186 1690 cessabat,
1217 1636 1405 1677 verum
1450 1622 1674 1692 quidem
1704 1636 1910 1691 Oppor-

1993 466 2158 536 ferre,
2200 472 2424 528 cmleste
2464 481 2520 528 et
2568 479 2847 529 terrenum
2896 477 3121 547 bonum,
3176 488 3468 544 sententia:
3513 489 3636 544 fuit.

1992 560 2203 616 Obtulit
2233 565 2489 630 primum,
2536 562 2768 617 alterum
2817 565 3040 633 quidem
3087 568 3231 625 haud
3272 574 3493 642 obtulit,
3528 590 3636 633 non

1995 649 2139 704 enim
2190 650 2436 717 eﬁ‘ectus,
2506 664 2616 706 non
2666 666 2850 720 causa,
2920 668 3029 711 non
3082 664 3298 729 tempus
3354 662 3475 719 fuit.
3539 666 3639 721 llic

1970 738 2252 807 'equidem
2300 740 2573 795 submissa
2609 755 2765 808 voce,
2813 744 3003 799 humili
3035 748 3287 804 oratione
3324 752 3443 809 haec
3472 754 3641 824 cmpit

1996 826 2263 897 proferre,
2312 829 2465 884 vultu
2513 830 2727 886 ordinis
2789 847 3013 890 servans
3069 840 3429 896 reverentiam
3477 858 3637 913 quam

1996 922 2052 971 et
2081 916 2269 972 habitu
2322 925 2375 973 et
2419 927 2601 974 mente
2650 922 2918 989 gestabat.
2961 925 3146 981 Oravit
3202 930 3478 998 equidem,
3528 946 3637 989 non

1994 1015 2175 1061 autem
2215 1008 2511 1076 peroravit.
2566 1011 2700 1064 Vere
2748 1012 3020 1079 spondeo,
3060 1016 3159 1082 ait,
3191 1026 3343 1074 certe
3374 1023 3638 1089 promitto

1995 1096 2095 1151 tibi
2144 1095 2411 1151 ducentas
2448 1098 2663 1153 missas.
2712 1100 2843 1155 Cum
2893 1116 3153 1171 perorare
3208 1108 3401 1177 voluit,
3453 1125 3638 1166 verum

1994 1183 2087 1240 ille
2118 1186 2413 1256 indignans
2458 1187 2833 1257 imperfectam
2883 1193 3187 1249 orationem
3240 1197 3309 1251 ab
3347 1196 3497 1253 illius
3543 1213 3640 1254 ore

1995 1273 2140 1341 tulit,
2183 1279 2258 1341 (et
2287 1282 2347 1331 ut
2376 1277 2652 1332 communi
2691 1279 3009 1349 vulgarique
3040 1283 3209 1339 verbo
3243 1287 3476 1356 utamur)
3515 1301 3639 1342 mo-

1994 1363 2203 1419 nachus
2241 1366 2330 1434 pic
2378 1364 2646 1422 ducentas
2696 1367 2910 1435 missas,
2959 1370 3101 1426 alter
3145 1388 3311 1442 prave
3357 1375 3638 1445 despecti-

1991 1467 2167 1522 veque
2199 1453 2433 1522 protulit
2479 1454 2746 1511 ducentas
2792 1455 2984 1514 fessas.
3037 1461 3141 1515 Ter
3177 1461 3418 1533 denique
3448 1464 3636 1520 eadem

1991 1543 2156 1598 verba
2186 1543 2408 1612 repetit,
2469 1551 2525 1599 et
2565 1544 2740 1601 ferum
2789 1547 3097 1604 calcaribus
3145 1553 3395 1621 urgebat.
3445 1554 3637 1609 Adhuc

1994 1630 2180 1701 itaque
2214 1633 2438 1688 verbum
2469 1636 2887 1704 contemptibile
2926 1638 2983 1692 in
3015 1642 3134 1707 ejus
3163 1653 3259 1695 ore
3296 1642 3634 1707 versabatur,

258 1718 457 1766 tunum
506 1711 684 1767 locum
733 1710 1179 1800 conveniensqne
1198 1716 1426 1800 tempus
1474 1724 1585 1780 quo
1614 1709 2116 1800 Villamiiﬂ-chum
2147 1721 2333 1777 subito
2382 1722 2450 1778 de
2482 1738 2627 1793 equo
2658 1724 2828 1792 cadit,
2860 1726 2917 1781 in
2948 1735 3113 1796 caput
3142 1730 3273 1796 ruit,
3313 1729 3470 1800 galea
3490 1736 3636 1785 terra

260 1801 492 1857 vaderet
528 1800 800 1857 volvebat.
849 1799 956 1855 Sed
1003 1814 1125 1855 cum
1176 1799 1396 1856 deesset
1444 1800 1535 1855 ubi
1583 1814 1698 1855 suae
1738 1799 1909 1855 rahiei

259 1889 550 1945 audaciam
597 1895 838 1945 verteret
872 1890 1005 1959 (jam
1052 1888 1198 1943 enim
1259 1888 1537 1955 incendio,
1569 1889 1764 1958 rapina
1804 1903 1912 1943 cae-

260 1984 386 2035 tera
444 1993 583 2049 pene
638 1980 821 2035 omnia
878 1976 1345 2049 consumpserat),
1413 1985 1586 2033 armat
1642 1977 1912 2033 ducentos

258 2071 504 2140 equites,
535 2084 726 2126 versus
772 2071 1025 2126 Caumont
1073 2068 1254 2124 villam
1311 2069 1419 2124 iter
1454 2068 1707 2138 arripuit.
1763 2072 1913 2123 Atta-

257 2173 394 2214 men
424 2160 659 2228 primum
704 2173 803 2229 per
841 2158 998 2215 devia
1049 2158 1312 2214 tendebat
1339 2158 1647 2213 simultates
1676 2157 1907 2227 ﬁngens,

257 2249 425 2319 quasi
462 2249 572 2305 alio
601 2248 907 2315 festinaret,
938 2247 1081 2303 forte
1112 2262 1141 2302 e
1171 2249 1396 2317 regione
1426 2247 1484 2301 in
1514 2246 1696 2302 villam
1725 2247 1907 2313 irruit,

256 2337 492 2393 armatis
535 2336 921 2401 circumdedit,
974 2342 1087 2390 tum
1135 2341 1333 2390 cuncta
1374 2349 1497 2404 qua:
1556 2332 1697 2389 infra
1754 2340 1911 2389 erant

255 2424 414 2479 bona
455 2424 705 2494 diripuit.
754 2424 893 2478 Casu
932 2424 1116 2478 omnia
1170 2437 1269 2478 sua
1318 2422 1593 2489 animalia,
1645 2421 1908 2491 pecudes,

253 2526 469 2583 pecora
513 2512 581 2567 ad
609 2518 823 2582 pastum
855 2518 1007 2567 extra
1054 2511 1234 2567 villam
1272 2511 1361 2568 die
1410 2510 1506 2567 illo
1539 2512 1754 2578 ierant;
1787 2525 1911 2579 qua:

256 2615 393 2656 cum
425 2600 673 2656 redirent
700 2601 903 2671 passim
935 2601 1215 2671 pascentia
1253 2600 1463 2669 campis
1490 2599 1717 2655 invenit.
1760 2600 1906 2655 Heu!

257 2689 405 2746 heu!
447 2688 652 2760 duplex
698 2689 1058 2745 infortunium
1107 2690 1218 2745 illis
1263 2690 1448 2745 subito
1486 2688 1729 2745 advenit.
1769 2686 1912 2742 lnfra

257 2778 450 2834 villam
498 2778 769 2849 quidquid
817 2779 1122 2835 habebatur
1161 2778 1377 2846 melius,
1418 2778 1715 2848 diripitur;
1759 2784 1912 2832 extra

258 2882 402 2924 vero
455 2882 800 2939 quaecunque
849 2882 1052 2938 pecora
1090 2868 1479 2939 pascebantur,
1521 2867 1910 2933 abducuntur;

260 2971 393 3014 cum
445 2972 574 3014 ecce
622 2958 945 3025 monachus,
988 2959 1209 3014 nomine
1246 2957 1561 3024 Winradus,
1601 2957 1762 3012 boum
1802 2968 1914 3010 me-

1994 1808 2200 1879 ﬁgitur,
2237 1809 2438 1865 collum
2472 1812 2647 1867 ruinae
2686 1828 2871 1869 casum
2902 1816 3110 1883 sentit;
3144 1824 3257 1872 tum
3288 1833 3510 1888 quoque
3540 1819 3640 1874 hu-

1991 1910 2149 1951 mana
2181 1903 2237 1952 et
2264 1904 2479 1954 secreta
2510 1899 2615 1954 alvi
2661 1915 2761 1970 per
2785 1903 3086 1958 naturalem
3117 1913 3350 1961 meatum
3383 1921 3635 1976 erupere.

1990 1985 2185 2041 Merito
2216 2000 2347 2056 ergo
2395 2001 2463 2041 ex
2493 1987 2586 2042 illa
2624 1995 2779 2057 parte
2820 1990 3082 2059 plectitur
3110 1992 3385 2064 dignaque
3418 1995 3638 2050 mulcta-

1993 2083 2083 2130 tur
2114 2090 2296 2144 paena,
2339 2076 2486 2131 unde
2535 2078 2592 2131 in
2640 2084 2889 2134 sanctum
2946 2082 3161 2137 Patrem
3192 2098 3513 2140 emanavere
3544 2100 3640 2154 op-

1991 2164 2238 2233 probria,
2270 2170 2326 2218 et
2350 2165 2498 2232 juste
2537 2164 2813 2235 digneque
2852 2168 3074 2236 quidem
3120 2168 3352 2226 inferius
3382 2177 3632 2241 putorem

1991 2254 2193 2320 emisit,
2252 2254 2346 2323 qui
2388 2254 2643 2324 superius
2688 2256 2924 2313 similem
2980 2257 3178 2315 fetoris
3214 2275 3432 2317 causam
3474 2262 3636 2318 labiis

1993 2351 2048 2398 et
2078 2343 2264 2413 lingua
2302 2344 2358 2397 in
2390 2345 2495 2399 ore”
2535 2344 2785 2400 revolvit.
2820 2347 3035 2401 Interea
3072 2348 3155 2402 sui
3187 2347 3465 2405 ducebant
3494 2365 3633 2420 prae-

1992 2431 2139 2494 dam,
2169 2432 2489 2501 ignorantes
2527 2432 2808 2488 dominum
2855 2450 3011 2503 suum
3066 2451 3284 2506 passum
3314 2439 3481 2494 fuisse
3514 2438 3636 2494 talis

1993 2534 2153 2575 casus
2182 2519 2416 2585 ruinam,
2453 2528 2508 2575 et
2538 2529 2740 2587 tamen,
2780 2521 2921 2577 fama
2966 2532 3219 2595 cogente,
3262 2526 3502 2596 praedam
3557 2528 3636 2583 di-

1994 2610 2239 2672 mittunt,
2269 2609 2339 2663 ad
2388 2609 2671 2665 dominum
2707 2626 2865 2667 suum
2896 2610 3177 2680 festinant,
3210 2621 3482 2672 mortuum
3516 2617 3637 2686 qui-

1994 2698 2118 2752 dem
2167 2703 2222 2752 et
2271 2696 2588 2752 mulctatum
2621 2699 2862 2755 vindicta
2893 2701 3135 2757 ccelestis
3183 2703 3278 2758 irae
3327 2704 3629 2773 reperiunt.

1994 2784 2232 2841 Tandem
2264 2786 2453 2857 praeda
2484 2787 2769 2843 reducitur
2811 2790 2879 2844 ad
2913 2791 3154 2860 propria,
3190 2805 3388 2848 nomen
3418 2794 3633 2848 Domini

1994 2874 2063 2929 ab
2101 2874 2358 2931 omnibus
2405 2875 2679 2943 laudatur,
2730 2879 3017 2948 sanctique
3065 2880 3240 2935 Patris
3287 2881 3493 2936 Bertini
3545 2896 3635 2950 pa-

1996 2964 2287 3019 trocinium
2318 2972 2630 3021 veneratur.
2673 2967 2739 3021 lli
2787 2966 2897 3022 laeti
2947 2968 3179 3039 insignis
3216 2969 3477 3039 triumphi
3506 2985 3637 3041 gau-

260 3046 459 3103 moriae
487 3048 572 3103 vir
615 3047 816 3117 dignus
871 3046 1054 3113 laude.
1116 3047 1315 3102 missus
1371 3046 1440 3101 ab
1497 3046 1695 3101 abbate
1732 3036 2088 3107 ROde-Cdia
2117 3053 2419 3120 celebrant,
2443 3053 2524 3108 illi
2570 3055 2748 3109 tristia
2792 3054 2984 3111 funera
3018 3036 3248 3113 ducunt.
3279 3059 3322 3114 o
3350 3036 3634 3114 nominum

260 3135 386 3192 rico
421 3135 568 3207 (54),
600 3136 721 3192 utili
752 3135 976 3206 quidem
1016 3136 1278 3192 Ecclesia:
1325 3136 1423 3191 Dei
1461 3134 1777 3204 nostrisque
1808 3147 1913 3188 ne-

260 3226 510 3281 cessario
568 3225 931 3296 temporibus,
989 3224 1323 3295 depopulata
1379 3224 1506 3281 villa
1571 3222 1910 3293 supervenit.

260 3315 588 3385 Duplicatur
624 3328 756 3385 ergo
796 3314 1003 3371 clamor
1040 3314 1408 3384 ejulatusque,
1460 3318 1753 3383 postquam
1790 3325 1914 3367 eum

259 3404 457 3460 videre
496 3424 509 3460 :
553 3406 845 3472 Succurre,
894 3417 1177 3470 succurre,
1230 3404 1438 3473 Optime
1484 3403 1585 3469 vir,
1636 3402 1781 3458 bone
1820 3401 1917 3457 do-

262 3493 438 3563 mine,
496 3494 717 3562 iterant,
788 3493 1034 3550 accelera
1098 3492 1304 3548 vadens
1360 3496 1486 3562 post
1542 3490 1778 3557 hostem,
1845 3487 1914 3544 ad

265 3584 453 3654 ipsum
481 3584 645 3640 verba
676 3583 958 3654 precantia
987 3581 1175 3649 funde,
1220 3582 1357 3637 certi
1387 3594 1576 3637 sumus
1606 3586 1666 3635 ut
1695 3577 1916 3648 quando

267 3682 324 3730 te
355 3673 578 3740 viderit,
617 3673 767 3730 illico
800 3674 899 3729 tibi
930 3671 1128 3729 reddet
1156 3678 1355 3727 cuncta
1376 3685 1501 3741 quae
1524 3684 1624 3740 per
1651 3682 1711 3724 se
1741 3668 1913 3735 ducit,

267 3763 402 3833 quia
430 3763 614 3818 omnia
665 3776 789 3833 quae
838 3759 978 3817 intra
1016 3760 1194 3816 villam
1236 3766 1392 3816 erant
1430 3757 1783 3829 depraedatus
1811 3762 1912 3811 est.

266 3852 469 3908 Tactus
523 3852 688 3923 igitur
735 3851 884 3906 mitis
920 3850 1003 3905 vir
1048 3851 1382 3906 intrinsecus
1437 3854 1757 3904 cunctarum
1806 3860 1919 3901 ma-

268 3941 562 4013 gnitudine
591 3940 960 4012 querelarum,
991 3938 1257 4001 velociter
1284 3944 1411 4009 post
1452 3938 1630 4008 ipsum
1676 3936 1916 3992 admisso

273 4044 421 4103 equo
477 4030 775 4101 festinavit,
825 4033 1157 4086 consecutus
1203 4042 1328 4086 eum
1375 4026 1651 4084 salutavit.
1702 4028 1769 4081 At
1822 4023 1915 4079 ille

272 4126 409 4192 typo
452 4120 657 4192 [typho]
706 4118 982 4191 superbia
1029 4117 1316 4175 ferocitate
1345 4117 1513 4174 animi
1544 4115 1766 4172 minime
1797 4114 1919 4185 qui-

272 4209 400 4266 dem
437 4209 702 4280 respexit,
752 4223 855 4266 nec
905 4207 1166 4264 salutanti
1207 4206 1477 4265 monacho
1507 4218 1666 4262 servo
1708 4204 1805 4260 Dei
1835 4218 1920 4259 re-

273 4298 575 4356 verentiam
605 4297 876 4367 exhibuit,
916 4311 1027 4369 quo
1074 4295 1267 4353 saltem
1321 4295 1605 4354 verbulum
1635 4292 1913 4350 redderet.

1997 3142 2431 3210 omnipotentem
2488 3143 2545 3198 in
2590 3145 2800 3199 sanctis
2844 3144 2960 3200 suis
3005 3144 3343 3216 gloriosum!
3398 3161 3431 3203 o
3470 3148 3635 3203 Deum

1997 3229 2053 3284 in
2093 3230 2385 3287 altitudine
2439 3233 2763 3301 majestatis,
2834 3233 2889 3287 in
2948 3235 3193 3303 potentia
3249 3236 3641 3305 magnitudinis

1997 3318 2303 3375 mirabilem
2332 3327 2343 3375 !
2378 3320 2511 3387 Quis
2548 3321 2764 3376 dubitet
2788 3321 2929 3375 hanc
2961 3323 3190 3391 palmam
3221 3323 3425 3378 nobilis
3454 3324 3642 3378 trium-

1999 3408 2095 3477 phi
2126 3409 2328 3463 ascribi
2368 3422 2533 3478 posse
2572 3410 2785 3464 meritis
2830 3410 3005 3465 sancti
3064 3412 3240 3466 Patris
3292 3412 3544 3468 Bertini?
3579 3413 3637 3466 In

1998 3502 2379 3567 argumentum
2428 3497 2616 3566 itaque
2667 3497 2792 3553 ﬁdei
2842 3498 3145 3554 monachus
3182 3500 3519 3569 supervenit,
3550 3514 3640 3555 ac-

2001 3585 2206 3641 cedens
2243 3584 2527 3641 humiliter
2555 3586 2753 3651 oravit,
2785 3586 2951 3641 verba
2983 3588 3261 3655 precantia
3300 3601 3484 3643 coram
3530 3590 3641 3643 Deo

1999 3672 2162 3739 fudit,
2195 3675 2289 3744 qui
2334 3688 2612 3745 nunquam
2658 3675 2897 3745 despicit
2943 3683 3232 3745 sperantes
3259 3677 3314 3731 in
3344 3691 3426 3742 se,
3455 3691 3645 3746 super-

1999 3763 2102 3819 bos
2147 3777 2366 3833 semper
2397 3763 2713 3830 humilians,
2770 3771 2826 3820 et
2867 3764 3167 3821 humilibus
3213 3766 3350 3821 dans
3391 3766 3640 3837 gratiam,

2001 3852 2321 3909 redditurus
2351 3853 2650 3923 unicuique
2680 3853 2983 3909 secundum
3033 3868 3202 3924 opera
3240 3869 3359 3923 sua,
3390 3856 3486 3926 qui
3516 3855 3645 3910 vivit

2000 3949 2056 3999 et
2087 3948 2278 4013 regnat
2307 3956 2407 4013 per
2431 3943 2615 4000 omnia
2642 3943 2845 3999 saecula
2882 3943 3232 4000 saeculorum.

1999 4105 2127 4161 Car.
2159 4105 2317 4160 XVII.
2376 4106 2601 4161 Tertium
2646 4104 2960 4162 miraculum
2989 4106 3051 4163 S.
3083 4106 3285 4163 Bertini
3322 4105 3387 4162 de
3413 4104 3537 4162 villa
3578 4107 3646 4161 de

2301 4178 2571 4232 Caumont
2605 4183 2832 4249 tempore
2860 4177 3087 4233 Bovonis
3116 4177 3339 4234 abbatis.

2076 4297 2327 4366 Quidam,
2378 4298 2590 4355 Bodera
2645 4299 2888 4363 nomine,
2947 4298 3463 4354 subministerialem
3520 4312 3647 4367 age-

276 4390 490 4461 Urgens
563 4394 743 4445 tamen
808 4387 983 4444 isdem
1041 4386 1351 4444 calcaribus
1400 4399 1624 4457 equum,
1690 4369 2102 4442 habenisDbat
2158 4401 2375 4442 causam
2435 4386 2719 4473 cujusdam
2785 4388 3009 4457 majoris
3072 4386 3292 4457 praaditi
3349 4391 3643 4456 potestate,

275 4478 573 4536 moderans
610 4476 838 4549 prOpius
893 4476 1147 4543 accessit,
1207 4473 1471 4531 audacius
1534 4473 1753 4529 locutus
1790 4476 1920 4527 est:

273 4568 525 4626 Praedam
564 4568 707 4624 hanc
737 4582 769 4623 a
796 4566 925 4625 villa
970 4566 1146 4623 sancti
1194 4565 1372 4621 Patris
1407 4564 1615 4620 Bertini
1644 4561 1926 4632 abripiens

273 4660 485 4731 injuste
514 4658 709 4727 ducis;
760 4657 931 4714 redde
994 4656 1165 4729 igitur
1202 4669 1271 4710 ne
1309 4654 1380 4712 ob
1426 4652 1712 4724 injustitiaa
1760 4657 1923 4706 teme-

274 4749 520 4817 ritatem,
570 4761 638 4804 ne
697 4752 926 4819 propter
972 4746 1190 4817 injuriae
1237 4743 1586 4800 severitatem
1640 4741 1778 4796 iram
1828 4737 1926 4794 Dei

276 4836 447 4909 digne
501 4836 773 4893 incurras.
845 4834 1034 4891 Noluit
1111 4832 1410 4903 respicere,
1474 4829 1806 4905 dedignatus
1843 4831 1927 4881 est

278 4925 464 4982 oranti
518 4925 753 4982 reddere
812 4936 1158 4994 responsum.
1198 4923 1421 4993 Ignorat
1456 4920 1507 4975 is
1534 4918 1667 4990 quid
1698 4923 1922 4987 ageret;

279 5014 571 5071 dubitabat
618 5015 763 5071 enim
820 5012 1147 5085 ignorando,
1191 5010 1478 5082 ignorabat
1515 5006 1819 5064 dubitando
1858 5003 1927 5060 ad

281 5104 420 5175 quid
450 5104 681 5160 rationis
709 5117 808 5160 seu
848 5101 1067 5159 consilii
1106 5114 1167 5157 se
1196 5106 1409 5156 vertere
1458 5101 1666 5168 posset.
1698 5094 1930 5151 Videbat

282 5193 432 5250 enim
460 5207 519 5248 se
549 5192 850 5257 contemni,
884 5191 1147 5247 cernebat
1177 5203 1370 5258 preces
1395 5201 1523 5243 suas
1551 5185 1763 5255 despici
1797 5205 1808 5239 :
1844 5199 1927 5240 ve-

282 5290 592 5339 rumtamen
642 5280 1131 5353 praemeditabatur
1173 5278 1323 5348 quod
1371 5274 1712 5332 ferocitatem
1761 5274 1928 5329 animi

358 5457 465 5527 (54)
498 5458 803 5515 Rodericus
842 5472 909 5514 ex
956 5453 1225 5527 monacho
1272 5453 1569 5527 vedastino
1608 5451 1782 5527 abbas
1807 5454 1933 5527 post

284 5521 630 5588 Hcmfridum
660 5538 879 5588 creatus
907 5541 1051 5585 anno
1104 5524 1259 5594 102l,
1292 5525 1432 5581 obiit
1460 5537 1604 5580 anno
1654 5521 1808 5589 1043,
1841 5522 1930 5577 cui

503 5631 739 5688 PATBOL.
779 5629 1024 5688 CXLVII.

2006 4475 2538 4547 advocationemque
2584 4478 2690 4533 sibi
2736 4476 3067 4533 vindicantis
3094 4475 3239 4531 villa:
3271 4475 3481 4545 proprii
3505 4476 3647 4545 juris

2006 4567 2062 4622 S.
2112 4566 2341 4632 Bertini,
2392 4568 2664 4623 Caumont
2704 4566 2946 4623 nomine.
2998 4566 3096 4621 Hic
3143 4567 3271 4636 quia
3321 4580 3427 4621 una
3476 4572 3531 4621 et
3580 4566 3645 4620 ti-

2008 4656 2143 4711 meri
2204 4669 2269 4711 ac
2325 4654 2545 4725 placere
2600 4656 2969 4721 desiderabat,
3027 4655 3253 4711 nimium
3310 4654 3646 4725 nimiumque

2007 4743 2266 4800 vicicolas
2316 4744 2504 4801 labore
2551 4759 2724 4815 usque
2776 4745 3022 4815 impense
3052 4750 3176 4799 acto
3207 4743 3508 4813 premebat.
3551 4745 3645 4798 Ve-

2010 4848 2129 4889 rum
2158 4847 2257 4903 pro
2289 4848 2453 4889 causa
2482 4833 2648 4903 hujus
2677 4834 2973 4889 moliminis
3001 4839 3056 4888 et
3096 4846 3195 4902 pro
3226 4838 3390 4887 tantae
3430 4837 3650 4887 contro-

2010 4922 2188 4977 versia
2246 4921 2553 4991 injustitiaa,
2640 4921 2862 4991 quidam
2940 4921 3259 4988 monachus,
3327 4919 3649 4976 Heribertus

2011 5011 2254 5077 nomine,
2289 5012 2384 5081 qui
2418 5011 2602 5066 abbati
2634 5011 2836 5067 Bovoni
2868 5011 2921 5065 in
2956 5010 3197 5080 regimen
3227 5009 3390 5078 hujus
3409 5007 3647 5064 cmuobii

2012 5100 2301 5165 successit,
2326 5115 2393 5156 ex
2418 5099 2539 5171 (55)
2577 5108 2856 5169 praecepto
2885 5099 3210 5155 venerandae
3241 5098 3517 5153 memoriae
3537 5098 3647 5166 jam

2013 5188 2148 5243 dicti
2186 5190 2422 5245 Bovonis
2442 5202 2611 5260 agens
2639 5202 2823 5244 curam
2854 5188 3028 5257 ipsius
3056 5186 3219 5251 villae,
3260 5186 3469 5241 curavit
3505 5186 3651 5241 hunc

2013 5278 2218 5347 saepius
2266 5279 2565 5334 admonere
2613 5284 2673 5333 ut
2725 5277 3016 5332 desisteret
3064 5289 3094 5330 a
3142 5288 3376 5344 nequam
3432 5282 3557 5330 actu
3596 5281 3653 5328 et

2012 5455 2284 5511 successit
2314 5457 2480 5520 Bovo,
2514 5455 2713 5525 dignus
2742 5456 2896 5525 tanto
2927 5457 3082 5525 patre
3111 5449 3257 5506 ﬁlius
3280 5456 3335 5508 et
3364 5451 3559 5525 hazres.

2087 5526 2197 5598 (55)
2226 5529 2383 5583 Auno
2412 5521 2627 5583 scilicet
2660 5524 2815 5579 1065.
2849 5538 2916 5580 ex
2943 5523 3145 5594 lperio,
3177 5536 3337 5594 capp.
3369 5522 3441 5577 37
3478 5528 3533 5579 et
3560 5521 3652 5577 38.

3334 5620 3407 5675 36
