4106 6178
515 275 536 327 I
552 273 644 329 I31
1191 319 1197 323 ,
1636 255 1968 314 FOLCARDI
2004 248 2304 308 MONACHI
2341 243 2753 303 SlTHlVENSlS
3750 230 3886 285 1132

510 399 580 456 ab
610 398 855 456 omnium
884 395 1267 467 oppressione.
1298 394 1365 446 At
1397 388 1571 459 palam
1608 388 1928 455 arguentem
1975 377 2151 435 scele-
2168 367 2957 467 Acomponebatmorationem
3012 364 3278 467 aliorsum

512 449 590 546 ris
615 449 1049 545 Qﬁiﬁeitfe’ds
1069 449 1331 553 fugiebat,
1354 449 1493 533 clam
1522 449 1703 531 autem
1744 473 1825 528 illi
1853 469 2149 526 detrahens
2169 449 2297 518 “ac
2326 461 2577 553 deberet.
2601 458 2801 513 Verum
2833 468 2958 511 cum
2983 467 3134 553 saepe
3162 449 3890 553 mendacio—contra;

512 534 1270 635 QIbéKiLéEéEﬁidﬁSiﬁ
1306 534 1633 623 instruebat.
1675 563 1850 632 Super
1886 560 1974 614 his
2018 569 2149 613 vero
2230 558 2376 606 stare
2434 549 2599 604 homo
2655 549 3022 609 assuesceret,
3089 539 3327 635 faciendi
3390 535 3694 635 assiduitas
3748 534 3890 634 aluit

515 623 1056 728 dolens“monachus,
1105 642 1385 715 dominum
1432 655 1583 711 illius
1619 623 1775 718 adiit,
1816 660 2151 716 suorumque
2232 640 2536 704 audaciam,
2584 635 2814 733 audacia
2855 647 3003 733 vero
3036 628 3724 733 co‘ngeminavit'crijmen,

517 712 1056 823 QE'QJJIJESJHFiJJ
1103 712 1381 820 patefecit.
1438 747 1552 815 Ego
1606 712 1771 813 ipse;
1803 739 2004 808 inquit,
2055 712 2154 806 per
2236 743 2359 785 men
2390 740 2613 823 quoque
2655 725 2905 823 meritam
2930 721 3118 777 intulit
3144 712 3892 823 moritem.I‘l_ecd_un1_tAri-duo

518 808 786 902 ine‘hunc
816 808 1048 912 primum
1081 808 1286 894 curabo
1317 808 1511 890 minari
1546 853 1558 888 :
1592 808 1647 887 et
1674 831 1721 885 si
1751 830 2015 897 deinceps
2034 827 2153 881 haec
2389 817 2838 914 h-m‘c_trartsacto,
3078 808 3361 909 cujusdam
3393 808 3889 914 pauperiera-pui-t:

517 894 1138 999 adimi—seritrpecunize
1197 924 1399 981 sentiet
1479 921 1756 977 damnum.
1824 894 2154 972 Reverteute
2236 906 2434 999 (ψίςωὶ
2463 903 2585 999 falsi
2627 903 2770 973 juris
2808 898 3419 999 subdidit,.nimiisque
3457 894 3891 999 laboribus;

521 981 1129 1078 $2£~Kiﬁ$h$u§d
1185 1014 1327 1069 alter
1377 1013 1489 1081 jam
1542 1009 1724 1065 dictus
1772 1006 2012 1083 advenit.
2055 1004 2154 1059 Cui
2254 996 2413 1052 libito
2461 995 2545 1049 sui
2597 1006 2814 1084 proque
2871 988 3139 1084 temporis
3209 986 3516 1084 quantitate
3582 981 3902 1084 insudatum

519 1070 945 1177 uBEtEIIQ'jBé
977 1070 1398 1165 :ﬁiﬁieribertus:
1441 1099 1640 1168 inquit,
1700 1077 2001 1152 monachus
2055 1093 2157 1148 tibi
2236 1084 2433 1139 tenuit.
2464 1082 2711 1177 Necdum
2741 1082 2927 1177 boves
2943 1076 3282 1177 reddiderat,
3321 1082 3380 1130 et
3408 1074 3627 1177 majora
3646 1070 3895 1177 quidem

520 1159 1236 1264 succemseuidicensquia
1259 1159 1535 1246 ruricolas
1558 1159 1680 1243 meo
1700 1185 1924 1242 servitio
1944 1183 2156 1239 subdis.
2239 1178 2421 1267 acluin
2467 1171 2548 1226 ire
2602 1168 3031 1267 forte-cogitatu
3069 1165 3309 1267 volebat,
3359 1160 3685 1267 cuni‘t'ozrte-
3700 1159 3904 1267 eadem

522 1249 992 1356 Redit—siquidem
1033 1249 1142 1338 ille.
1173 1288 1413 1336 armatus
1452 1282 1732 1348 praecepto
1770 1273 1999 1339 domini,
2042 1286 2159 1326 ma-
2243 1258 2497 1356 Ρεξεὸἱοηβ
2536 1271 2645 1326 qna
2692 1256 2928 1326 primum
2977 1249 3625 1356 perenuium—caditnin
3668 1256 3901 1356 ἓξὲξιέ

525 1336 998 1447 invitique-evomit
1033 1336 1275 1426 latentis
1322 1336 1539 1423 vene'ni.
1568 1336 1729 1420 -Nam
1795 1336 2164 1432 apprehendit
2243 1348 2413 1404 miser
2458 1353 2579 1447 "11.11.
2626 1358 2865 1447 3110(1)}?!
2924 1354 3047 1447 non;
3085 1342 3252 1447 b.0139
3282 1351 3619 1447 isfefuﬂgfl

524 1428 957 1523 bovesvilliusin
989 1473 1122 1531 agro
1153 1465 1460 1529 pascentes,
1502 1462 1558 1510 et
1581 1452 1808 1510 servitio
1831 1428 2047 1507 domini
2076 1449 2163 1505 sui
2244 1451 2445 1531 δόιιπθ
2494 1436 2732 1531 νίξὶθωικ
2772 1435 2906 1489 Nam
2956 1445 3058 1502 PFO
3112 1429 3369 1531 ξιυωαξὶξδ
3422 1428 3609 1484 verbis

523 1513 1055 1621 Quadrati-Zoili;
1070 1513 1174 1619 per:
1196 1513 1371 1604 totum
1401 1513 1641 1601 triduum
1675 1543 1870 1603 tenuit.
1895 1542 1965 1596 Ut
1983 1546 2164 1595 autem
2246 1528 2342 1582 (Ιᾶῐ
2370 1539 2476 1625 Pl‘0_
2502 1525 2748 1625 Ρξξλῐξοῐιι,
2790 1536 2893 1625 PP?
2941 1520 3169 1625 querela
3216 1519 3425 1625 ι’ξὼξξιξι
3446 1513 3910 1625 ’ξεῂΐξξξὶ-ιξωξῗ

528 1613 1135 1715 ριεοιιίι,ἠιθείἶθῐιῐὸε
1207 1636 1546 1704 multumque
1611 1630 1867 1697 afflictos,
1933 1629 2013 1683 uti
2081 1627 2163 1693 ﬁt,
2247 1630 2432 1715 mium
2460 1616 2900 1715 imil‘alUP;‘0rat
2927 1613 3909 1715 aII-licoﬁbl‘ii‘stBATg-ETLE

528 1700 611 1789 tot
641 1700 923 1786 laboribus
952 1725 1214 1782 reddidit.
1247 1725 1380 1779 Inde
1408 1700 1547 1778 adeo
1580 1729 1759 1776 motus
1788 1718 2011 1789 quidem
2042 1730 2163 1773 mo-

2261 1704 2424 1761 refert
2452 1704 2713 1775 quidem;
2747 1702 3081 1773 deprecatur
3108 1700 3340 1762 nuntiis,
3383 1703 3442 1752 ut
3468 1709 3593 1752 sese
3624 1700 3908 1750 visitatum

527 1784 1010 1885 nequam
1048 1814 1196 1868 hunc
1224 1812 1407 1868 verbis
1434 1809 1772 1880 aggreditur.
1805 1784 1987 1877 Usque
2012 1805 2081 1860 ad
2112 1804 2168 1860 id
2252 1794 2434 1851 Veniat
2463 1793 2769 1885 menachua
2798 1805 2811 1846 ι
2864 1790 2947 1885 id__
2983 1802 3205 1859 qUOQue
3254 1787 3477 1843 minime
3514 1784 3751 1855 quidem

528 1874 796 1977 temporis
831 1874 1007 1960 libera
1037 1901 1246 1957 exstitit
1292 1874 1690 1955 nostrancurtis
1718 1896 1786 1951 ab
1816 1874 1963 1951 omini
1993 1894 2169 1949 servi-
2252 1884 2639 1977 raturalgilur
2667 1882 2865 1977 eodem
2894 1880 2986 1936 die
3014 1892 3124 1949 quo
3156 1891 3348 1977 rursus
3371 1889 3680 1977 percussus

532 1963 883 2064 tioifuitque
932 2005 1047 2047 suae
1099 1989 1406 2060 potestatis,
1439 2000 1542 2041 nec
1581 1986 1705 2055 quis
1737 1985 1977 2054 priorum
2008 1997 2174 2039 ausus
2250 1971 2567 2027 ίηῐὶηιιίιὸιε
2615 1977 2721 2039 εει,
2787 1970 3595 2064 νὶωωηςξιλωμξςξδιιξοευθξξιι,
3629 1963 3900 2064 perdidit.

528 2085 631 2141 fuit
660 2087 718 2140 in
759 2097 822 2139 ea
859 2082 965 2137 sibi
1012 2079 1292 2134 vindicare
1342 2075 1567 2145 aliquod
1601 2077 1693 2143 jus
1727 2074 1841 2129 sive
1879 2073 1984 2127 vim
2014 2073 2171 2126 inva-

530 2173 725 2230 sionis.
755 2170 1119 2238 Quamobrem
1166 2178 1298 2236 ergo
1348 2171 1571 2219 nostros
1616 2162 1785 2218 boves
1822 2159 2077 2231 abegisti,
2118 2166 2174 2215 et.

530 2264 588 2319 in
617 2260 899 2317 servitium
928 2257 1158 2313 alterius
1184 2253 1522 2310 vindicasti?
1546 2252 1667 2307 Non
1707 2251 1903 2305 mirum
1950 2250 2172 2319 quidem

530 2353 576 2407 si
607 2363 842 2419 nequam
884 2359 1048 2417 prava
1098 2358 1194 2401 ore
1240 2341 1472 2412 profert,
1514 2342 1689 2410 majus
1735 2348 1818 2395 est
1857 2353 1998 2409 opus
2034 2353 2097 2393 ac
2126 2341 2173 2396 si

530 2446 679 2496 esset
735 2437 943 2492 dictum
1001 2454 1015 2489 :
1072 2434 1127 2488 Si
1182 2430 1588 2501 tuus,,inquit,
1648 2435 1872 2483 sanctus
1918 2427 2175 2482 Bertinus

532 2529 636 2585 bos
672 2532 838 2592 esset,
875 2529 1009 2594 jugo
1056 2535 1179 2577 meo
1211 2521 1556 2590 jungeretur,
1606 2517 1820 2586 subque
1866 2515 2055 2571 labore
2084 2515 2175 2569 in-

532 2621 796 2688 gemeret,
838 2613 933 2683 qui
988 2619 1115 2667 tuos
1153 2609 1406 2680 quereris
1459 2621 1581 2663 meo
1640 2606 1816 2661 labori
1864 2604 2171 2660 insudasse.

533 2712 601 2762 At
640 2705 733 2760 ille
776 2703 959 2772 inquit
990 2721 1002 2755 :
1034 2698 1175 2767 Quid
1207 2697 1417 2762 dixisti,
1463 2709 1697 2766 nequam
1744 2694 1867 2749 vir?
1905 2701 1960 2749 et
1996 2694 2044 2748 si
2074 2707 2176 2749 co-

533 2796 738 2867 gitares
785 2791 933 2862 quod
983 2787 1137 2844 nefas
1208 2787 1361 2843 dictu
1427 2793 1532 2849 est,
1601 2797 1945 2853 nequaquam
2000 2781 2176 2852 palam

535 2881 833 2954 proferres.
875 2879 1146 2943 Plectere,
1205 2876 1392 2941 miser,
1453 2873 1646 2928 merita
1705 2872 1946 2942 plectere
1994 2884 2176 2940 pinna,

536 2971 840 3027 multabere
870 2967 1113 3023 caelestis
1140 2967 1236 3020 ira:
1266 2966 1434 3034 virga.
1458 2965 1592 3018 Dum
1622 2963 1792 3032 igitur
1819 2961 1993 3016 isdem
2023 2961 2179 3016 valde

2251 2067 2484 2117 mortem
2513 2073 2677 2130 quam
2706 2065 2931 2115 secutus
2965 2055 3089 2125 fuit,
3130 2055 3287 2124 vidit,
3326 2054 3558 2120 invenit,
3597 2054 3802 2108 sensit.

2379 2238 2510 2295 ω.
2550 2236 2732 2292 XVIII.
2771 2237 2851 2294 De
2878 2232 3168 2290 inventione
3194 2232 3429 2304 corporis
3453 2231 3519 2289 S.
3548 2230 3781 2287 Bertini.

2329 2417 2609 2474 Modernis
2680 2415 3022 2486 temporibus
3094 2413 3443 2485 exigentibus
3513 2409 3907 2482 iniquitatibus

2258 2507 2486 2575 nostris,
2536 2512 2598 2562 ut
2645 2505 2871 2562 oraculo
2938 2504 3152 2560 ccelesti
3216 2509 3500 2560 ostensum
3558 2507 3671 2568 est,
3739 2507 3906 2570 utque

2258 2594 2532 2666 digestum
2580 2607 2753 2666 penes
2796 2607 2900 2650 nos
2944 2594 3224 2650 invenitur
3271 2592 3330 2647 in
3376 2590 3648 2647 memoria
3676 2592 3734 2646 S.
3774 2590 3908 2644 Vin-

2259 2686 2427 2741 centii
2467 2686 2742 2756 martyris,
2795 2684 2933 2740 ultio
2982 2698 3152 2754 super
3196 2696 3299 2739 nos
3361 2682 3562 2737 divina:
3631 2680 3908 2750 pendebat

2259 2775 2660 2845 indignationis
2694 2795 2706 2829 ε
2741 2788 2954 2844 nosque
2993 2788 3167 2844 usque
3197 2773 3266 2827 ad
3292 2773 3526 2827 animant
3557 2769 3908 2842 perculisset,

2261 2865 2367 2919 nisi
2398 2864 2542 2921 idem
2563 2871 2786 2919 sanctus
2808 2871 3013 2934 martyr
3041 2877 3164 2919 cum
3184 2862 3390 2918 sanctis
3411 2861 3666 2932 patronis
3687 2859 3910 2923 nostris.

2260 2953 2573 3009 Audomaro
2604 2952 2865 3009 videlicet
2899 2958 3066 3022 atque
3096 2953 3342 3018 Bertino,
3374 2952 3790 3006 intercessores
3817 2962 3907 3019 pro

536 3065 719 3113 motus
746 3069 913 3125 super
942 3054 1029 3108 his
1078 3052 1272 3122 pedem
1301 3058 1590 3115 averteret,
1625 3051 1821 3105 merito
1854 3050 2019 3118 digna
2049 3063 2173 3118 per-
2193 3047 2238 3107 Ο
2262 3044 2422 3098 DObiS
2478 3056 2662 3098 coram
2708 3042 2941 3098 Domino
2997 3042 3447 3097 assurrexissent.
3508 3041 3717 3095 Verum
3748 3039 3908 3094 mise-

537 3160 733 3202 cussus
787 3151 871 3199 est
926 3142 1106 3213 plaga.
1153 3142 1286 3195 Nam
1332 3138 1501 3194 facies
1547 3138 1696 3194 illius
1741 3138 1809 3193 ad
1868 3138 2178 3208 posteriora

536 3235 688 3290 illico
719 3232 1063 3294 flectebatur,
1117 3228 1258 3284 adeo
1314 3236 1373 3284 ut
1429 3236 1671 3296 ocCtput,
1723 3227 1872 3297 quod
1920 3234 2038 3282 erat
2065 3228 2179 3283 sin-

537 3325 710 3393 ciput,
750 3328 807 3377 et
833 3320 1095 3389 sinciput,
1128 3317 1277 3386 quod
1308 3322 1426 3372 erat
1463 3316 1707 3385 occiput,
1748 3316 1938 3371 haberi
1967 3316 2180 3372 videre-

536 3419 646 3479 tur,
684 3417 885 3481 prteter
905 3407 1054 3478 quod
1083 3405 1253 3461 facies
1281 3404 1396 3460 suis
1416 3403 1606 3460 formis
1625 3404 1878 3475 insigniri
1909 3404 2174 3460 deberet:

537 3500 739 3557 collum
769 3498 914 3555 enim
945 3497 1239 3553 distortum
1270 3501 1325 3550 et
1354 3494 1643 3561 tumidum,
1686 3494 1828 3549 labia
1867 3509 2023 3564 mque
2049 3496 2181 3564 qui-

536 3590 660 3646 dem
688 3588 976 3654 tumentia,
997 3591 1053 3643 et
1079 3585 1340 3640 aliorsum
1382 3598 1447 3640 ac
1478 3583 1744 3639 deberent
1783 3598 1937 3639 versa
1974 3583 2180 3640 lumina

536 3693 759 3750 quoque
788 3678 1074 3734 oculorum
1104 3676 1378 3730 inversum
1407 3674 1733 3743 aspicientia
1776 3687 2004 3729 cernere
2038 3680 2175 3730 erat.

538 3772 604 3825 Et
641 3768 775 3839 quid
806 3767 963 3837 plura
1000 3764 1277 3821 referam?
1319 3764 1468 3834 quod
1518 3763 1714 3819 mirum
1758 3763 1932 3830 dictu,
1983 3764 2178 3834 magis-

539 3872 648 3927 que
682 3857 798 3911 visu
831 3862 936 3920 est,
968 3853 1107 3908 nihil
1138 3853 1359 3907 humani
1397 3852 1454 3907 in
1493 3866 1559 3907 eo
1599 3852 1955 3906 intuebantur
1996 3872 2009 3906 :
2053 3853 2178 3906 talis

541 3947 725 4014 itaque
777 3943 996 3999 domum
1056 3942 1399 4011 deportatur.
1474 3944 1542 3996 At
1610 3934 1891 3996 taurinos
1940 3942 2179 4010 mugitus

541 4034 799 4089 emittens
846 4043 1061 4086 omnem
1110 4029 1363 4084 viciniam
1411 4043 1527 4083 suae
1567 4043 1744 4098 poenae
1784 4030 2032 4085 cruciatu
2062 4042 2178 4084 mo-

538 4121 719 4177 vebat.
753 4120 881 4174 Erat
918 4118 1062 4173 enim
1092 4116 1148 4171 in
1178 4117 1399 4172 homine
1428 4115 1614 4172 videre
1653 4116 1948 4172 miseriam.
1978 4118 2178 4172 Verum

537 4210 656 4266 suis
714 4207 973 4279 precibus
1026 4205 1371 4275 aliorumque
1428 4212 1640 4275 rogatu,
1705 4212 1761 4261 et
1825 4205 1953 4275 quia
2007 4204 2181 4260 voluit

538 4298 728 4355 videre
775 4296 1083 4363 multatum,
1144 4308 1251 4349 una
1291 4308 1413 4349 cum
1469 4293 1594 4348 aliis
1650 4299 1840 4350 noster
1876 4293 2180 4349 monachus

2261 3132 2438 3186 ricors
2475 3132 2739 3187 Dominus
2783 3139 3101 3186 sanctorum
3139 3143 3365 3187 suorum
3402 3128 3910 3184 interventionibts

2261 3221 2435 3275 ﬂexus
2478 3220 2549 3275 ad
2599 3221 2879 3290 pietatem,
2931 3219 3329 3291 indignationis
3389 3232 3505 3274 sua:
3564 3217 3637 3273 ad
3702 3226 3910 3288 tempts

2261 3309 2478 3364 distulit
2515 3309 2945 3379 correptionem,
2997 3308 3364 3366 confessionis
3400 3308 3818 3379 plenitudinem
3854 3321 3909 3362 κ

2261 3406 2466 3453 sancta:
2542 3398 2979 3455 conversationis
3052 3397 3379 3469 praestolans
3445 3396 3910 3453 meliorationen.

2261 3488 2375 3542 IIac
2405 3486 2593 3557 itaque
2633 3488 3024 3558 redargutione
3063 3488 3397 3543 unanimiter
3435 3486 3729 3557 perterriti
3766 3494 3825 3541 et
3850 3484 3913 3540 ad

2264 3583 2479 3645 tempus
2536 3576 2862 3646 paenitentia
2914 3577 3089 3644 ducti,
3139 3591 3265 3633 cum
3323 3576 3600 3631 ﬁnetenus
3663 3576 3725 3631 in
3792 3576 3914 3633 novi

2261 3664 2500 3720 hominis
2526 3664 2900 3721 sinceritatem
2923 3665 3275 3721 aemulatione
3303 3671 3494 3720 sancta
3524 3662 3676 3721 foret
3707 3664 3915 3720 eniten-

2259 3753 2410 3821 dum,
2442 3768 2474 3809 a
2511 3754 2794 3810 nonnullis
2830 3755 3031 3810 iterato
3079 3754 3318 3810 reditum
3348 3760 3433 3810 est
3468 3753 3528 3809 in
3570 3754 3679 3809 luti
3709 3753 3916 3809 voluta-

2259 3842 2439 3897 brum.
2492 3842 2732 3899 Tandem
2801 3843 3153 3914 iniquitatum
3207 3849 3522 3900 nostrarum
3580 3845 3913 3899 enormitate

2259 3931 2508 3988 irritatus
2535 3946 2810 4003 supernus
2835 3933 3079 4001 Arbiter,
3111 3933 3442 3989 exteriorem
3471 3931 3706 3989 domum
3742 3946 3912 3998 suam.

2263 4020 2341 4074 uti
2404 4020 2568 4092 longe
2626 4027 2788 4077 antea
2873 4022 3139 4078 divinitus
3231 4021 3630 4078 comminatum
3717 4020 3911 4088 fuerat,

2261 4109 2375 4178 igni
2414 4111 2804 4167 miserabiliter
2828 4111 2898 4166 ad
2945 4110 3321 4167 devorandum
3369 4111 3734 4177 deliberat-at,
3774 4119 3834 4167 et
3862 4118 3915 4167 ut

2261 4199 2467 4254 dictum
2508 4207 2611 4267 est,
2664 4215 2699 4256 a
2745 4202 3050 4256 sanctuario
3089 4215 3202 4255 meo
3239 4201 3450 4272 incipite
3480 4200 3705 4271 (Bacch.
3733 4217 3815 4257 xx.
3842 4201 3910 4268 ϐ),

2263 4289 2413 4343 aedes
2440 4290 2535 4344 Dei
2566 4289 2752 4345 subito
2783 4290 2910 4360 igne
2945 4290 3281 4346 invaduntur
3312 4310 3326 4346 :
3360 4290 3456 4361 qui
3485 4291 3803 4360 rapacitate
3824 4305 3911 4347 sna

541 4387 864 4443 Heribertus
894 4383 989 4440 illo
1044 4383 1212 4438 venit.
1257 4383 1426 4452 Cujus
1474 4382 1820 4451 praesentiam
1861 4378 2437 4452 intelligensDtotius
2483 4378 2710 4435 claustri
2774 4386 2931 4450 gyrat
2978 4378 3240 4444 confinia,
3296 4386 3353 4435 et
3415 4379 3552 4435 nihil
3590 4380 3911 4437 intermisso

537 4489 673 4533 voce
704 4474 836 4544 (non
866 4472 1013 4528 enim
1040 4472 1158 4527 visu
1197 4471 1344 4526 hunc
1373 4471 1553 4540 ipsum
1583 4483 1883 4539 agnoscere
1909 4471 2177 4543 quiverat)

537 4578 649 4636 quo
679 4576 779 4635 pro
808 4577 867 4619 se
897 4568 1021 4618 oret
1057 4560 1387 4630 deprecatur
1414 4560 1646 4626 intente,
1678 4573 1743 4614 ac
1771 4574 1918 4630 saepe
1950 4560 2177 4615 multum

536 4661 714 4725 rogat.
766 4656 832 4708 At
877 4651 972 4707 ille
1014 4650 1358 4719 compatiens
1385 4649 1610 4715 misero,
1664 4647 1817 4719 (quis
1844 4651 1987 4704 enim
2024 4663 2176 4705 mor-

536 4742 661 4798 talis
688 4742 835 4797 hunc
894 4738 1209 4810 hujusmodi
1258 4751 1492 4794 cernens
1537 4751 1648 4793 non
1699 4737 2172 4808 compateretur?)

534 4831 849 4887 sciscitatur
892 4842 961 4885 an
1008 4827 1141 4883 velit
1191 4826 1389 4883 amodo
1439 4826 1764 4895 resipiscere
1821 4825 2177 4896 funditusque

535 4921 775 4991 priorem
821 4918 987 4975 vitam
1033 4916 1333 4987 corrigere.
1378 4915 1601 4981 Eadem,
1652 4915 1851 4985 inquit,
1900 4916 2084 4985 passio
2121 4922 2178 4971 et

534 5007 858 5066 incurabilis
887 5004 1156 5077 percellat
1186 5019 1269 5061 tne
1326 5003 1552 5069 feriens,
1597 5004 1645 5058 si
1682 5016 1814 5059 sane
1860 5010 2082 5060 sanatus
2118 5004 2174 5059 in

532 5098 789 5154 omnibus
817 5094 1100 5152 emendari
1149 5094 1465 5165 neglexero.
1516 5091 1766 5148 Credidit
1794 5094 1963 5163 igitur
1998 5094 2178 5150 bonus

531 5186 615 5242 vir
664 5183 952 5257 sponsioni
1000 5183 1170 5251 illius,
1222 5196 1475 5239 reversus
1519 5188 1604 5238 est
1650 5181 1938 5249 continuo,
1978 5184 2173 5251 oravit,

531 5274 754 5330 sanitati
809 5274 1099 5330 restitutus
1153 5279 1256 5328 est.
1316 5272 1591 5342 Sequente
1640 5276 1821 5326 autem
1874 5270 1964 5327 die
2012 5271 2178 5328 claris

531 5363 758 5420 indutus
783 5363 1049 5431 vestibus,
1077 5361 1351 5418 valentior
1377 5367 1543 5433 atque
1572 5361 1761 5417 sanior
1793 5360 1958 5417 solito
1997 5376 2172 5431 appa-

532 5452 662 5506 ruit.
722 5452 985 5507 Mirantur
1030 5465 1221 5507 omnes
1258 5450 1352 5521 qui
1402 5464 1526 5506 eum
1587 5462 1788 5506 novere
1837 5449 2171 5519 perculsum,

534 5549 643 5597 tam
704 5548 930 5610 repente
977 5540 1359 5607 convaluisse;
1406 5542 1503 5596 sed
1563 5539 1683 5610 ipse
1750 5539 1855 5595 alia
1912 5540 2171 5611 tingebat,

2263 4468 2645 4525 exterminavit
2690 4469 2898 4526 omnia.
2957 4469 3054 4524 His
3114 4469 3191 4524 ita
3246 4469 3609 4539 consumptis,
3668 4470 3912 4527 insecuta

2259 4564 2423 4613 nocte
2471 4558 2689 4614 cuidam
2728 4558 3010 4614 seniorum
3049 4563 3364 4614 nostrorum
3413 4557 3471 4613 in
3507 4571 3716 4615 somno
3744 4560 3913 4616 visura

2260 4655 2345 4704 est
2399 4648 2586 4705 videre
2640 4649 2934 4718 quemdam
3008 4648 3355 4720 magniﬁcum
3431 4650 3630 4714 virum,
3699 4649 3915 4706 habitus

2259 4737 2501 4794 candore
2542 4739 2782 4805 niveum,
2831 4738 3015 4794 vultus
3058 4737 3359 4808 splendore
3397 4735 3751 4807 fulmineum,
3784 4753 3916 4810 quo-

2259 4827 2382 4883 dam
2429 4827 2555 4884 loco
2607 4828 2835 4884 claustri
2892 4827 3223 4898 perstitisse,
3293 4827 3667 4899 diligentique
3719 4830 3910 4885 obtutu

2258 4916 2674 4986 circumspectis
2723 4917 2980 4974 omnibus
3025 4923 3247 4974 extenta
3286 4916 3513 4973 dextera
3541 4930 3768 4973 omnem
3799 4933 3913 4975 ete-

2260 5007 2413 5061 nobii
2443 5006 2627 5063 locum
2666 5006 3037 5064 benedixisse.
3067 5008 3182 5074 Qua
3225 5007 3296 5063 de
3326 5021 3386 5063 re
3432 5005 3597 5062 etiam
3630 5007 3914 5079 colligitur

2257 5094 2441 5151 locum
2487 5110 2519 5150 a
2565 5096 2896 5167 quibusdam
2943 5096 3254 5152 commissis
3303 5098 3415 5165 jam
3463 5096 3773 5165 expiatum,
3815 5097 3911 5154 de-

2256 5198 2513 5255 mumque
2562 5184 2619 5239 in
2671 5185 2962 5255 pristinum
3007 5185 3091 5242 vel
3142 5185 3414 5255 potiorem
3472 5184 3740 5241 decorem
3806 5186 3904 5242 ali-

2256 5273 2478 5343 quando
2509 5274 2865 5331 miseratione
2895 5275 2992 5331 Dei
3021 5275 3471 5332 convertendum.
3494 5275 3720 5333 Interea
3750 5276 3908 5333 nobis

2255 5362 2347 5420 die
2386 5364 2654 5434 expositis
2683 5364 2867 5422 denuo
2905 5365 3236 5422 necessitate
3276 5370 3507 5438 cogente
3558 5370 3711 5423 tecta
3758 5380 3908 5439 repa-

2256 5459 2466 5522 rantur,
2510 5455 2795 5526 murisque
2849 5456 3126 5527 utrimque
3172 5455 3355 5512 adhuc
3391 5455 3674 5513 stantibus
3710 5470 3909 5528 snper-

2255 5549 2555 5611 ponuntur.
2588 5545 2818 5609 Cunctis
2847 5559 2948 5616 pro
2992 5550 3239 5617 tempore
3287 5560 3353 5603 ac
3400 5559 3503 5616 pro
3543 5559 3713 5617 posse
3751 5559 3908 5619 repa-
