4106 6178
571 383 709 440 1135

1680 357 2027 418 ‘FOLCARDI
2067 353 2364 411 MONACHI
2403 329 2812 407 SITHIVENSIS

3807 334 3941 390 ιιθδ

562 505 1001 566 attrectabantur
1027 498 1176 569 tangi
1214 495 1318 552 sibi
1357 490 1575 549 oculum
1625 486 1930 556 multopere
1977 477 2459 569 anhela-Apaqu
2487 481 2614 569 ante
2642 474 2732 529 vix
2760 475 3043 569 repentem
3083 474 3367 538 noverant,
3408 467 3716 569 hunc‘pr-a:

564 552 1302 665 :VSEd—appropin‘quare
1334 580 1557 636 minime
1595 576 1702 632 sibi
1730 552 1973 646 permitti
2005 576 2209 626 metue-
2291 566 2408 665 suis
2437 563 2784 665 incedentem
2824 560 3036 665 praevia.
3065 565 3236 614 matre
3284 557 3605 665 cern‘ehant.

566 662 780 744 bat.'At
817 662 1076 739 fratribus
1106 681 1272 732 tanta:
1302 672 1383 728 rei
1432 668 1670 726 sollicite
1710 662 1996 736 psallendo
2035 662 2213 717 inten—

566 775 825 833 dentibus
892 772 1003 840 jam
1066 766 1247 822 dictus
1303 759 1540 817 clericus
1603 755 1749 813 oculi
1808 753 1972 809 unius
2018 763 2213 806 carens

567 864 789 928 lumine,
860 871 983 914 cum
1041 854 1247 911 sanctis
1303 849 1551 915 artubus,
1610 852 1670 901 ut
1712 846 1823 914 jam
1864 842 2066 897 dictum
2108 843 2211 905 est,

567 957 853 1009 vereretur
898 944 1183 1010 accedere,
1225 937 1516 1011 quemdam
1575 934 1796 990 fratrem
1856 929 2080 1000 aliquod
2120 941 2211 982 sa-

569 1022 789 1098 crorum
836 1035 1208 1092 membrorum
1237 1032 1614 1085 summotenus
1661 1021 1849 1093 digitis
1894 1020 2009 1075 suis
2047 1018 2215 1073 obse-

569 1137 687 1188 crat
717 1128 1009 1198 attingere,
1060 1134 1271 1191 suoque
1310 1120 1517 1173 caecato
1558 1112 1720 1169 oculo
1773 1109 1978 1166 eisdem
2013 1106 2217 1198 digitis

568 1196 1245 1291 signamen'imprimere.
1285 1209 1402 1275 Quo
1454 1203 1619 1269 facto,
1680 1214 1805 1256 mox
1862 1198 1954 1291 ille
2012 1196 2215 1291 lumine

468 1352 477 1361 .
544 1285 777 1364 ‘ditatur
815 1305 1025 1360 diutius
1063 1302 1401 1368 exspectato.
1451 1295 1517 1349 Et
1573 1304 1704 1347 sane
1761 1286 1908 1358 quod
1955 1285 2217 1341 Dominus

567 1397 635 1453 ad
666 1394 881 1451 laudem
913 1391 996 1447 sui
1038 1387 1276 1445 nominis
1313 1389 1369 1440 et
1407 1382 1475 1437 ad
1521 1379 1696 1435 sancti
1735 1376 1985 1433 meritum
2020 1387 2218 1444 propa-

566 1486 790 1543 landum
829 1482 953 1537 ﬁeri
979 1475 1274 1541 concessit,
1309 1473 1364 1528 in
1391 1486 1449 1527 se
1482 1471 1601 1540 ipse
1640 1466 1811 1523 stulto
1843 1464 2055 1535 pudore
2085 1461 2219 1517 reti-

568 1573 681 1630 ceri
721 1570 935 1636 voluit,
994 1566 1091 1622 sed
1150 1563 1294 1621 forte
1352 1567 1483 1616 tunc
1540 1557 1756 1613 cuidam
1808 1551 2054 1609 Arnoldo
2110 1551 2217 1607 sibi

567 1660 912 1717 familiariter
941 1653 1247 1712 adhaerenti
1292 1646 1587 1707 mussando
1626 1643 1834 1710 intulit,
1885 1643 2033 1698 bono
2082 1640 2215 1696 omi-

570 1765 639 1805 ne
677 1763 778 1805 suo
817 1763 876 1803 se
899 1746 1031 1801 illuc
1062 1743 1382 1806 admissum,
1413 1751 1480 1794 eo
1512 1735 1658 1807 quod
1709 1732 1999 1804 prtesentis
2041 1728 2218 1784 sancti

2294 653 2513 710 interim
2543 653 2598 708 in
2629 651 2801 708 choro
2848 649 2916 705 ad
2965 648 3159 705 missas
3197 646 3579 719 psallentibus,
3638 644 3812 713 hujus
3868 643 3947 697 rei

2295 743 2436 800 odor
2464 743 2575 798 illis
2610 741 2857 797 illabitur
2891 739 3263 796 suavissimus.
3320 736 3475 804 Quod
3532 735 3667 791 dum
3708 733 3781 788 ab
3841 732 3950 787 illis

2295 838 2478 889 utrum
2534 846 2720 887 verum
2778 829 2921 886 foret
2958 828 3137 884 adhuc
3197 832 3562 896 quaereretur,
3596 823 3749 880 idem
3814 835 3950 891 puer

2296 921 2508 977 meritis
2537 922 2591 976 S.
2624 920 2832 976 Bertini
2870 924 3092 975 sanatus
3136 916 3465 987 ingreditur,
3513 919 3859 983 erectusque
3899 912 3950 965 in

2297 1009 2479 1065 medio
2510 1008 2729 1065 illorum
2779 1009 3015 1063 ducente
3054 1010 3225 1061 matre
3282 1018 3467 1061 coram
3522 1002 3688 1058 altari
3746 1014 3954 1056 secun-

2298 1098 2426 1153 dum
2458 1097 2736 1155 modulum
2768 1111 2923 1152 suum
2945 1097 3058 1152 Deo
3078 1096 3280 1166 gratias
3304 1099 3529 1150 acturus
3549 1092 3951 1162 prosternitur,

2298 1194 2355 1244 et
2384 1187 2534 1244 dicto
2574 1186 2867 1258 Evangelio
2907 1185 3222 1254 domnoque
3256 1182 3683 1253 archiepiscopo
3724 1194 3952 1245 coram,

2298 1276 2456 1332 altari
2495 1277 2756 1348 hymnum
2794 1278 2864 1331 Te
2914 1277 3078 1329 Deum
3123 1272 3399 1329 laudamus
3446 1272 3751 1327 inchoante
3790 1275 3953 1339 atque

2298 1365 2682 1437 multipliciter
2710 1365 2881 1421 choro
2937 1363 3330 1433 subsequente,
3390 1360 3594 1417 multos
3631 1359 3866 1415 Christo
3903 1358 3955 1411 in

2298 1471 2359 1513 re
2389 1461 2543 1529 gesta
2571 1452 2997 1525 conjubilantes,
3040 1451 3242 1508 multos
3270 1450 3558 1522 lacrymari
3607 1464 3732 1521 prae
3764 1448 3957 1504 latitia

2299 1560 2578 1604 cerneres.

2424 1656 2554 1710 CAP.
2585 1653 2770 1708 XXIII.
2816 1650 3041 1706 Tertium
3071 1645 3375 1704 miraculum
3405 1646 3588 1702 eodem
3626 1646 3720 1702 die
3758 1645 3830 1701 de

2918 1721 3134 1776 muliere
3160 1734 3320 1775 cwca.

569 1843 777 1894 attactu
808 1836 904 1891 diu
932 1834 1188 1889 amissum
1229 1827 1502 1898 receperit
1539 1826 1736 1890 visum,
1787 1820 2038 1878 eumdem
2091 1811 2284 1874 om-B
2372 1814 2615 1871 Necdum
2654 1825 2784 1868 vero
2821 1810 3024 1882 hymno
3082 1808 3357 1880 completo
3412 1815 3469 1863 et
3522 1807 3711 1864 adhuc
3773 1807 3959 1863 multis

573 1928 705 1984 nino
737 1926 1024 1982 obtestans
1055 1927 1113 1976 ut
1143 1920 1250 1975 hoc
1298 1919 1527 1981 taceret,
1578 1913 1715 1968 nulli
1753 1924 1993 1981 unquam
2031 1906 2218 1978 aperi-

572 2025 678 2073 ret.
710 2017 909 2071 Verum
949 2011 1090 2066 alter
1127 2019 1471 2078 nequaquam
1521 2008 1686 2058 tanta:
1720 2002 1839 2071 ejus
1885 1996 2222 2055 insensibili-

573 2107 671 2161 tati
732 2102 1041 2172 acquievit,
1101 2098 1198 2153 sed
1254 2091 1740 2152 circumstantibus
1804 2103 1931 2144 mox
1992 2085 2217 2143 detexit.

568 2192 723 2261 Quod
763 2190 984 2260 quidam
1044 2187 1271 2241 fratrum
1320 2197 1449 2237 vere
1488 2179 1785 2249 contigisse
1834 2177 2220 2246 comperiens,

568 2286 791 2338 extenta
828 2293 990 2333 manu
1050 2274 1271 2331 cunctis
1330 2270 1608 2327 silentium
1657 2267 1931 2333 indicens,
1972 2266 2222 2321 eumdem

567 2372 734 2426 unius
795 2366 942 2423 oculi
979 2366 1099 2420 visu
1146 2363 1240 2418 diu
1279 2361 1614 2424 damnatum,
1657 2364 1789 2412 tunc
1836 2369 1966 2411 vero
2014 2355 2226 2410 meritis

566 2459 744 2515 sancti
769 2459 1086 2526 exspectato
1117 2450 1339 2507 luminis
1375 2448 1523 2505 dono
1554 2447 1796 2501 clamitat
1826 2452 2156 2515 reparatum.

567 2549 701 2603 CAP.
733 2546 893 2600 XXII.
928 2540 1224 2599 Secundum
1260 2534 1567 2593 miraculum
1604 2534 1783 2589 eodem
1819 2534 1903 2588 die
1939 2537 2223 2604 patratum.

640 2634 897 2704 Quaedam
938 2631 1135 2687 mulier
1163 2643 1289 2685 cum
1335 2627 1446 2683 ﬁlio
1498 2625 1723 2682 brachia
1777 2637 2047 2694 cruraque
2087 2610 2267 2677 con—'

572 2725 770 2780 stricto
801 2724 856 2777 S.
890 2721 1168 2776 Bertinum
1209 2731 1310 2789 pro
1358 2716 1507 2772 illius
1545 2715 1721 2771 salute
1780 2719 2036 2783 rogatura
2094 2709 2230 2767 foris

577 2821 731 2870 extra
761 2811 1022 2881 templum
1056 2809 1336 2879 perstabat
1373 2806 1428 2861 in
1477 2806 1651 2873 atrio;
1693 2817 1819 2873 quae
1866 2803 2028 2857 etiam
2079 2808 2228 2855 ante-

576 2905 681 2961 hac
720 2917 842 2959 cum
876 2901 1127 2957 eumdem
1160 2911 1388 2969 puerum
1429 2896 1780 2952 duodennem
1828 2891 2112 2948 Coloniam
2160 2890 2228 2945 ad

580 2998 634 3051 S.
696 2992 974 3048 Heriberti
1030 2995 1469 3056 caaterorumque
1527 2991 1843 3040 sanctorum
1882 2981 2019 3036 inibi
2076 2980 2232 3050 quie-

2302 1905 2561 1962 ﬂentibus
2590 1917 2706 1974 pra:
2752 1901 2975 1973 gaudio,
3036 1898 3290 1970 quadam
3347 1899 3509 1953 etiam
3568 1898 3776 1954 mulier
3814 1913 3959 1954 caeca

2300 1994 2465 2065 hujus
2523 1992 2763 2049 civitatis
2810 1989 3198 2058 mansionaria,
3248 1988 3374 2045 ideo
3421 1987 3640 2044 cunctis
3695 1984 3961 2041 fratribus

2303 2083 2611 2149 notissima,
2652 2087 2783 2136 tunc
2821 2080 2997 2136 visum
3037 2078 3312 2149 recepisse
3356 2077 3758 2144 denuntiatur;
3810 2077 3959 2146 ipsa-

2306 2188 2413 2243 que
2442 2173 2498 2227 in
2528 2175 2831 2241 conspectu
2869 2168 3112 2225 omnium
3144 2169 3389 2224 nuntium
3430 2166 3753 2238 hujusmodi
3781 2164 3960 2221 comi-

2305 2268 2474 2329 tatur,
2514 2275 2579 2316 ac
2616 2272 2790 2330 puero
2839 2258 2907 2314 ad
2957 2258 3176 2314 laudem
3222 2257 3320 2313 Dei
3366 2264 3422 2314 et
3471 2257 3543 2312 ad
3588 2256 3855 2311 meritum
3904 2257 3955 2310 S.

2307 2350 2513 2407 Bertini
2574 2348 2960 2418 protelandum
3018 2352 3292 2419 prostrata
3348 2347 3712 2403 admiscetur.
3751 2346 3960 2412 Quanta

2307 2454 2438 2497 vero
2469 2438 2836 2496 exsultatione
2885 2442 3154 2509 quantave
3192 2437 3458 2509 dignitate
3496 2450 3563 2492 ea
3607 2435 3706 2492 die
3752 2436 3816 2491 in
3863 2436 3963 2490 Do—

2308 2530 2458 2586 mino
2490 2528 2918 2599 exsultatum_ac
2948 2528 3279 2584 delectatum
3327 2533 3431 2594 est,
3474 2526 3685 2582 nullius
3731 2525 3962 2581 assertio

2310 2619 2378 2675 ad
2412 2618 2635 2689 plenum
2696 2617 2957 2688 expedire
3011 2616 3268 2672 sufﬁciet.
3316 2618 3413 2672 His
3460 2616 3537 2672 ita
3574 2616 3773 2688 gestis,
3821 2616 3965 2671 cele-

2313 2709 2553 2764 berrima
2591 2708 2712 2765 dies
2759 2708 2854 2763 illa
2892 2722 3017 2764 cum
3072 2708 3427 2764 inenarrabili
3493 2707 3675 2779 gloria
3714 2721 3965 2763 consum-

2311 2805 2511 2855 matur.
2544 2800 2806 2868 Sequenti
2845 2812 2975 2855 vero
3007 2798 3095 2854 die
3144 2799 3277 2855 item
3322 2798 3391 2853 ad
3440 2798 3586 2853 diem
3633 2799 3961 2864 acceditur,

2311 2894 2476 2958 atque
2507 2888 2667 2943 testis
2691 2894 2863 2958 gestas
2902 2888 2981 2943 rei
3027 2888 3212 2945 cautio
3238 2887 3507 2955 ordinem,
3558 2894 3808 2958 tempus,
3843 2902 3964 2958 per-

2310 2991 2500 3033 sonam
2530 2992 2595 3032 ac
2636 2984 2806 3033 testes
2840 2978 3153 3045 continens,
3206 2984 3417 3033 astante
3455 2978 3753 3033 innumera
3782 2976 3965 3048 pepuli

583 3082 857 3139 scentium
895 3077 1152 3147 suffragia
1191 3076 1459 3146 cogitaret
1507 3071 1910 3135 devehendum,
1958 3076 2230 3140 quatenus
2258 3139 2291 3147 _
2314 3066 2665 3121 multitudine
2694 3067 2977 3134 recitatur,
3010 3081 3074 3122 ac
3112 3066 3354 3137 perlecta
3387 3080 3510 3123 cum
3539 3067 3773 3122 inventa
3812 3080 3964 3122 cruce

585 3183 776 3227 eorum
844 3139 1094 3222 meritis"
1123 3139 1375 3220 obtinere
1434 3162 1619 3219 forsan
1684 3139 1990 3216 mereretur
2052 3139 2675 3215 ofﬁciaCsacrosancto
2716 3156 2940 3226 corpori
2989 3156 3384 3226 componitur:
3442 3157 3636 3225 sicque
3699 3157 3965 3227 composi-

587 3258 980 3315 membrorum.
1013 3254 1092 3310 Ad
1134 3253 1254 3309 haec
1291 3252 1459 3319 idem,
1503 3263 1812 3321 quanquam
1861 3263 2017 3318 puer,
2052 3247 2233 3317 inquit
2316 3249 2430 3299 tum
2460 3244 2656 3299 summi
2696 3245 2953 3314 praesulis
2980 3244 3163 3316 sigillo
3201 3245 3469 3316 signatur,
3519 3245 3802 3301 scrinium
3831 3246 3966 3301 clau-

585 3364 645 3404 se
677 3361 777 3418 per
806 3346 980 3400 visum
1007 3345 1116 3413 jam
1157 3348 1243 3398 ter
1304 3341 1641 3398 admonitum
1680 3353 1750 3394 ne
1806 3351 2082 3408 quoquam
2131 3338 2233 3392 de-
2317 3333 2486 3400 ditur,
2521 3332 2716 3389 ferreis
2744 3334 2971 3390 circulis
3014 3333 3291 3406 clavisque
3337 3340 3600 3402 arctatur,
3658 3336 3965 3400 consuitur,

591 3442 924 3509 portaretur,
957 3433 1064 3489 nisi
1105 3433 1258 3503 prius
1287 3432 1354 3487 ad
1386 3433 1441 3487 S.
1492 3429 1773 3485 Bertinum
1818 3428 1962 3483 latus
1990 3426 2236 3497 ejusdem
2317 3423 2558 3479 vincitur
2615 3423 3188 3495 iudissolubiliterque
3254 3439 3560 3481 connexum
3617 3440 3751 3481 cum
3822 3428 3969 3481 innu-

591 3528 785 3583 merita
839 3523 1207 3593 experiretur.
1240 3522 1485 3591 Cumque
1530 3519 1662 3574 illuc
1711 3518 1872 3573 etiam
1917 3532 2016 3587 per
2062 3518 2237 3572 visum
2320 3528 2485 3569 mera:
2516 3512 2886 3569 multitudinis
2916 3514 3162 3586 tripudio
3201 3515 3257 3570 in
3287 3516 3482 3571 Sancta
3510 3523 3843 3572 sanctorum
3876 3515 3969 3587 {58”}

588 3623 811 3673 ventum
850 3619 996 3669 esset
1026 3618 1081 3667 et
1108 3616 1343 3680 oratum,
1384 3610 1516 3664 item
1566 3608 1712 3663 idem
1750 3613 1987 3677 quatuor
2031 3607 2240 3663 colum-
2321 3617 2443 3659 cum
2484 3603 2716 3673 reliquis
2772 3604 3057 3661 inducitur
3114 3605 3608 3677 magniﬁcandum:
3676 3608 3776 3662 ubi
3836 3619 3974 3662 nunc

595 3706 694 3760 bas
723 3701 1143 3759 candidissimas
1171 3700 1372 3756 vidisse
1411 3712 1470 3753 se
1508 3698 1586 3753 ait
1623 3696 1903 3752 avolantes
1931 3694 2079 3751 foras
2128 3709 2241 3752 mo-

598 3792 894 3849 nasterium
960 3791 1249 3860 ipsumque
1307 3787 1479 3842 altare
1536 3799 1865 3842 concussum
1913 3786 2088 3840 instar
2124 3784 2241 3841 folii

599 3890 966 3946 contremere,
999 3892 1232 3947 seseque
1285 3890 1470 3932 coram
1522 3890 1589 3932 eo
1637 3880 2099 3947 prosternentem,
2140 3888 2243 3930 nec

601 3985 754 4027 mora
811 3969 940 4024 inde
988 3968 1199 4023 meritis
1253 3966 1429 4022 sancti
1484 3966 1747 4035 sospitem
1804 3964 2130 4020 surrexisse.
2182 3964 2241 4019 Id

602 4073 735 4131 ergo
776 4071 947 4127 puero
977 4056 1231 4127 genitrici
1270 4054 1542 4110 referente
1575 4055 1907 4124 jamjamque
1949 4051 2089 4109 fama
2138 4053 2247 4109 ele-

602 4146 764 4204 vandi
802 4145 979 4201 sancti
1026 4148 1374 4213 assequente,
1424 4142 1617 4198 eodem
1665 4156 1789 4198 cum
1840 4156 2013 4213 puero
2060 4141 2246 4197 multis

602 4238 860 4295 comitata
923 4233 1162 4300 advolat,
1210 4239 1643 4302 proventumque
1679 4232 1896 4287 Domini
1934 4232 2245 4287 interventu

599 4330 656 4384 S.
692 4325 897 4382 Bertini
937 4338 1038 4394 pro
1087 4321 1299 4379 foribus
1350 4321 1678 4392 praestolans
1733 4320 2074 4386 monasterii,
2117 4334 2246 4389 sup-

576 4416 728 4487 plex
766 4428 887 4470 cum
918 4412 1031 4468 tilio
1063 4411 1360 4483 perstabat.
1393 4411 1636 4481 Cumque
1665 4410 1784 4481 ipsa
1832 4410 1978 4465 inter
2006 4409 2244 4479 compri-

601 4476 814 4562 mentes
842 4502 1032 4558 turbas
1063 4476 1147 4556 'ad
1200 4476 1564 4556 osculandum
1595 4476 1771 4554 sancti
1827 4497 2087 4565 feretrum
2133 4476 2312 4552 vim-D

548 4602 552 4609 '
601 4596 873 4666 pingeret,
914 4605 978 4648 ac
1016 4589 1237 4661 repulsa
1291 4590 1604 4659 importuna
1658 4594 1955 4658 repeteret,
1995 4601 2251 4658 puerum-

600 4698 708 4756 que
745 4681 922 4739 sancti
959 4679 1163 4736 feretro
1201 4692 1481 4749 apponere
1537 4676 1709 4732 multo
1768 4677 2055 4733 conamine
2111 4677 2251 4732 nite-

600 4780 775 4839 retur,
823 4772 936 4826 Deo
988 4773 1264 4825 annuente
1322 4766 1466 4822 idem
1506 4779 1644 4837 puer
1699 4764 1923 4821 brachia
1977 4780 2248 4836 cruraque

604 4861 853 4918 directus
881 4857 1136 4928 sospitati
1174 4856 1431 4912 donatur.
1489 4853 1644 4922 Quod
1702 4853 1859 4909 multi
1915 4860 2247 4922 cernentes,

606 4950 830 5022 quidam
903 4946 1198 5003 astantium
1271 4958 1553 5015 oppressae
1626 4942 1786 4998 matri
1868 4951 2245 5009 succurrunt;

606 5038 827 5112 quidam
884 5050 1015 5092 vero
1074 5048 1305 5105 puerum
1325 5032 1801 5103 comprehensum
1839 5031 2091 5089 efferunt.
2132 5035 2249 5101 Quo

605 5129 774 5196 facto,
818 5124 1200 5183 tumultuantis
1258 5124 1561 5179 innumerae
1619 5121 1988 5178 multitudinis
2044 5123 2252 5180 clamor

605 5217 917 5283 attollitur,
983 5217 1127 5271 Deus
1182 5212 1448 5269 mirabilis
1512 5212 1571 5267 in
1635 5211 1841 5267 sanctis
1896 5212 2012 5268 suis
2075 5211 2246 5284 (Psat.

604 5321 772 5373 LXVII,
803 5305 889 5378 36)
920 5303 1083 5376 vulgo
1112 5301 1486 5375 praedicatur;
1528 5299 1785 5370 quoniam
1825 5314 2055 5371 puerum
2085 5316 2249 5373 quem

677 5411 779 5482 (58)
833 5414 893 5469 Id
952 5417 1038 5468 est
1092 5411 1149 5467 in
1201 5408 1573 5482 sanctuarium
1628 5422 1727 5464 seu
1764 5407 1958 5482 locum
2012 5410 2252 5482 majoris

604 5479 813 5539 altaris.
845 5484 1057 5554 Iperius
1084 5496 1205 5552 cap.
1239 5482 1310 5536 28
1330 5479 1608 5554 Mathildis
1642 5480 1897 5535 cortinam
1926 5480 2067 5554 dedit
2102 5482 2251 5554 mira:

603 5551 974 5625 magnitudinis
1026 5551 1301 5625 operisque
1356 5552 1650 5625 pracipui,
1710 5565 1824 5625 qua:
1879 5551 2050 5625 adhuc
2097 5552 2251 5610 hodie

607 5567 974 5621 magnitudinis
1004 5568 1301 5635 _operzsque
1332 5567 1611 5634 .prwctpuz
1635 5592 1650 5617 ,
1704 5567 1824 5678 grue
1879 5567 2050 5633 adnue
2097 5567 2246 5610 noate

607 5624 783 5690 durat,
813 5631 862 5679 et
890 5631 967 5679 est
994 5624 1089 5679 tua
1128 5640 1231 5694 qua
1267 5630 1461 5679 utimur
1485 5639 1539 5679 ιη
1586 5624 1701 5689 Qua
1739 5636 2001 5692 ragestma
2039 5630 2246 5689 sancta,

2324 3706 2497 3763 usque
2527 3697 2821 3749 veneratur
2858 3700 2933 3761 et,
2985 3695 3217 3751 Domino
3265 3701 3563 3763 annuente,
3621 3697 3979 3752 venerabitur

2324 3781 2381 3836 in
2410 3781 2610 3837 saecula
2647 3782 3001 3839 saaculorum.
3041 3784 3251 3840 Dehinc
3288 3793 3467 3840 autem
3496 3799 3675 3841 sacra:
3728 3785 3978 3842 elevatio-

2326 3871 2414 3926 nis
2451 3870 2595 3927 diem
2656 3872 3027 3928 memorialem
3080 3886 3325 3930 summus
3379 3874 3583 3945 praesul
3619 3889 3690 3931 ac
3750 3876 3979 3931 domnus

2326 3960 2622 4031 episcopus
2671 3968 2861 4018 noster
2888 3977 2919 4016 a
2960 3970 3160 4019 cuncto
3208 3964 3415 4034 populo
3457 3965 3622 4034 hujus
3672 3965 3977 4021 diuacesets

2328 4049 2592 4121 deinceps
2649 4052 3023 4108 venerandum
3080 4053 3362 4125 multaque
3422 4054 3725 4111 devotione
3755 4055 3977 4125 singulis

2326 4142 2485 4217 annis
2515 4140 2834 4197 indixerunt
2862 4141 3178 4199 colendum.
3222 4144 3318 4199 His
3354 4143 3431 4199 ita
3460 4146 3712 4215 peractis
3738 4155 3797 4202 et
3844 4148 3979 4202 dom-

2327 4229 2415 4285 nis
2478 4229 2809 4298 prazsulibus
2875 4239 2930 4287 et
2984 4231 3278 4288 abbatibus
3342 4234 3605 4304 quidnam
3671 4244 3975 4293 sanctarum

2328 4316 2683 4387 reliquiarum
2722 4319 3053 4390 impetratis,
3100 4320 3303 4393 singuli
3353 4322 3589 4394 singulis
3638 4323 3841 4382 donati
3884 4339 3977 4380 mn-

2327 4408 2554 4464 ncribus
2581 4409 2648 4464 ad
2678 4424 2776 4465 sua
2807 4419 3126 4469 remearunt
3152 4412 3355 4470 laetius.

2436 4520 2564 4574 Car.
2606 4519 2786 4576 XXIV.
2817 4522 2897 4575 De
2925 4522 3155 4593 quodam
3190 4536 3349 4590 meo,
3388 4522 3541 4580 dente
3566 4524 3633 4582 S.
3676 4527 3887 4584 Bertini

3006 4592 3317 4650 ittumiuato.

2401 4679 2641 4745 Quorum
2701 4694 2863 4750 unus,
2920 4681 3184 4739 videlicet
3228 4682 3399 4739 abbas
3444 4685 3499 4740 S.
3551 4685 3826 4745 Walerici
3864 4684 3976 4757 (595.

2330 4774 2641 4823 sanctarum
2671 4769 3033 4840 reliquiarum
3082 4771 3343 4841 quiddam
3388 4772 3644 4844 adeptus,
3698 4786 3977 4848 postquam

2332 4862 2557 4926 peracto
2602 4871 2775 4914 sacrae
2819 4858 3147 4916 elevationis
3183 4861 3452 4919 solemnio
3493 4862 3729 4920 domum
3775 4876 3863 4922 est
3909 4882 3982 4922 re-

2329 4960 2541 5014 versus,
2575 4947 2796 5018 quidam
2839 4951 3085 5005 rusticus
3132 4957 3491 5022 utrorumque
3540 4953 3767 5010 orbium
3818 4956 3983 5027 pupil-

2332 5035 2401 5090 lis
2429 5037 2685 5107 gravibus
2731 5038 2960 5095 maculis
3023 5039 3280 5097 obductis
3329 5049 3590 5110 ctecatus,
3650 5059 3836 5114 puero
3891 5046 3982 5102 sibi

2333 5125 2606 5196 dirigente
2633 5141 2856 5198 gressus
2892 5130 3133 5185 accessit
3179 5131 3247 5186 ad
3294 5146 3439 5197 eum,
3488 5132 3774 5202 quidlibet
3829 5137 3983 5191 medi-

2333 5216 2567 5272 cationis
2596 5218 2993 5287 postulaturus.
3027 5221 3129 5276 Cui
3158 5220 3285 5277 ille:
3317 5221 3485 5289 Nihil,
3516 5222 3729 5294 inquit,
3761 5224 3981 5281 antidea

2333 5304 2428 5361 tali
2468 5306 2661 5364 morbo
2699 5308 2828 5363 novi
2887 5306 3255 5378 salutiferum,
3306 5317 3510 5381 praeter
3556 5315 3982 5386 cunctipotentis

2333 5411 2654 5481 distinguens
2692 5430 2726 5469 ιι
2755 5414 2972 5471 Sanctis
3006 5420 3332 5473 sanctorum.

2405 5482 2509 5553 (59)
2538 5485 2591 5555 Is
2620 5493 2739 5541 erat
2767 5486 2955 5555 Waso,
2988 5486 3165 5545 abbas
3190 5489 3511 5546 monasterii
3550 5491 3986 5550 Lcuconaceusis

2331 5567 2432 5695 (5:21;)
2457 5554 2717 5681 “galarici
2766 5557 2834 5612 ad
2875 5554 3015 5613 ostia
3071 5560 3326 5624 Somenaa
3377 5561 3434 5617 in
3489 5562 3799 5632 Oceanum,
3860 5564 3985 5621 infra
