4106 6178
192 257 336 324 "37~

1300 269 1642 328 MIRACULA
1677 274 1732 329 S.
1774 274 2062 330 BEBTINI.
2102 303 2176 315 —
2214 275 2339 330 LIB.
2381 275 2447 330 ll.

3330 298 3337 307 υ
3419 276 3558 332 1138

181 384 551 458 salutarisque
580 388 797 445 Domini
834 391 1011 448 nostri
1055 394 1185 450 Jesu
1232 394 1436 451 Christi
1476 399 2056 467 proventum.Ahaud
2103 399 2267 471 longe
2320 405 2445 470 post
2501 399 2796 456 subsecuta
2850 407 2936 457 est
2988 408 3049 458 ut
3108 401 3244 458 illud
3294 403 3559 475 implere-

183 477 568 532 Verumtamen
615 478 899 548 cujusdam
943 480 1181 538 celebris
1235 485 1413 541 sancti
1477 487 1826 546 sanctissimo

182 563 507 621 elevationis
551 565 821 637 obsequio
871 571 1185 641 nuperrime
1242 574 1525 631 nonnullis
1581 591 1824 634 concur-

180 653 433 709 rentibus
489 661 546 711 et
593 669 696 727 ego
753 660 1021 726 conveni,
1080 668 1386 734 sanctoque
1445 665 1826 736 hujuscemodi

182 741 409 813 negotio
474 744 724 814 quamvis
787 746 1094 806 immeritus
1148 751 1395 821 interfui,
1464 754 1540 811 ibi
1599 770 1825 828 quoque

182 830 376 900 quanti
422 831 567 889 idem
614 836 839 890 sanctus
866 835 1033 893 fuerit
1061 841 1265 907 meriti,
1317 841 1552 900 diversis
1581 845 1824 902 miracu-

182 918 365 975 lorum
410 921 752 993 magnalibus
795 925 1057 983 Dominus
1104 931 1319 986 cunctis
1365 933 1528 989 nobis
1574 934 1825 993 declara-

180 1009 280 1064 vit.
339 1010 415 1066 De
463 1024 574 1080 quo
622 1011 784 1069 etiam
833 1015 997 1071 unius
1042 1031 1325 1075 sacrorum
1380 1021 1625 1079 dentium
1675 1025 1823 1083 dono

179 1096 388 1155 ditatus
433 1098 542 1156 huc
598 1103 920 1173 regrediens
967 1107 1124 1163 attuli
1175 1108 1270 1165 tali
1310 1124 1534 1168 munere
1583 1115 1820 1184 gavisus,

178 1191 236 1242 et
280 1188 330 1243 si
370 1187 533 1245 fidem
579 1189 898 1249 adhibueris
952 1196 1195 1265 ejusdem
1257 1199 1466 1257 meritis
1516 1203 1690 1259 sancti
1768 1208 1821 1260 te

177 1289 341 1346 posse
378 1278 582 1345 sanari,
634 1284 881 1337 acturum
929 1284 1029 1339 tibi
1073 1286 1281 1354 jubebo
1339 1292 1680 1358 prtesentari.
1740 1293 1817 1348 Ad

176 1364 298 1422 haec
326 1365 421 1423 ille
454 1387 468 1422 :
499 1368 749 1438 Conﬁdo,
798 1372 1015 1442 inquit;
1049 1374 1206 1446 isque
1254 1391 1381 1434 mox
1427 1380 1483 1435 in
1515 1388 1819 1453 conspectu

171 1457 468 1511 astantlum
518 1456 711 1514 aﬂ‘erre
759 1463 1047 1533 praacepit.
1084 1466 1203 1533 Quo
1250 1467 1416 1524 allato
1466 1476 1521 1525 et
1568 1472 1819 1542 utrisque

172 1544 297 1613 ejus
341 1544 642 1603 luminibus
679 1549 927 1608 adhibito
984 1554 1272 1612 confestim
1321 1559 1575 1615 revelatis
1620 1562 1817 1629 oculis,

172 1632 325 1690 clare
352 1634 539 1691 videre
570 1638 759 1708 coepit,
791 1646 956 1711 atque
985 1658 1153 1714 super
1199 1646 1305 1702 hoc
1344 1648 1565 1706 nomine
1594 1650 1818 1707 Domini

170 1722 470 1781 benedicto
499 1739 695 1796 sospes
716 1728 1017 1801 hilarisque
1047 1733 1266 1790 domum
1298 1736 1480 1793 rediit.

278 1831 416 1916 CAP;
448 1831 604 1916 XXV.
633 1836 979 1916 ‘De‘quadam
1015 1838 1230 1897 muliere
1249 1914 1255 1916 Α
1273 1842 1494 1916 vinculis
1519 1846 1707 1916 ferreis

379 1900 562 1971 ligata,
595 1909 643 1960 et
672 1906 743 1961 ad
760 1900 1063 1977 “sepulcrum
1087 1914 1258 1968 sancti
1284 1915 1385 1970 viri
1411 1900 1603 1972 solata.

243 1990 438 2047 Mulier
491 1993 742 2063 quaedam
796 1996 865 2053 de
919 1999 1289 2074 Lotharingia,
1366 2005 1561 2062 vinclis
1618 2007 1814 2065 ferreis

162 2078 395 2136 brachia
440 2087 672 2153 utraque
720 2084 930 2142 habens
978 2102 1078 2158 pro
1125 2092 1448 2160 pmnitentia
1487 2098 1808 2167 constricta,

157 2167 222 2221 in
254 2167 362 2225 hoc
392 2172 649 2227 coenobio
678 2186 824 2230 anno
855 2177 1017 2233 Verbi
1050 2178 1318 2236 incarnati
1349 2184 1640 2242 millesimo
1671 2201 1808 2242 cen-

155 2256 363 2313 tesimo
408 2259 669 2331 vigesimo
694 2263 909 2332 quinto,
942 2266 1129 2323 multis
1165 2271 1490 2337 astantibus,
1524 2276 1810 2344 precibus-

151 2360 274 2415 que
302 2348 633 2405 sanctissimi
672 2351 850 2408 Patris
898 2355 1074 2410 nostri
1115 2357 1319 2414 Bertini
1359 2374 1389 2415 a
1418 2361 1584 2419 dictis
1611 2364 1806 2421 vincu-

152 2433 231 2490 lis
268 2435 521 2493 solvitur.

248 2544 382 2599 CAP.
424 2546 603 2601 XXVI.
643 2548 722 2602 De
760 2550 989 2619 quadam
1010 2551 1191 2623 puella
1218 2557 1390 2612 nervis
1419 2566 1712 2617 contracta.

230 2632 417 2689 Puella
446 2635 719 2704 quaedam,
747 2639 996 2696 Goduina
1025 2644 1266 2712 nomine,
1289 2649 1532 2705 membra
1567 2651 1804 2709 habebat

146 2724 397 2793 integra,
445 2724 541 2780 sed
591 2728 773 2782 nervis
828 2737 1129 2789 contracta.
1178 2735 1259 2791 Ad
1302 2738 1614 2807 sepulcrum
1654 2743 1799 2799 beati

143 2810 259 2867 viri
327 2825 471 2870 anno
528 2816 720 2885 gratiae
781 2818 1071 2877 millesimo
1145 2826 1467 2895 centesimo,
1535 2829 1797 2902 vigesimo

142 2907 313 2958 sexto
359 2909 489 2958 sunt
534 2904 584 2959 ei
623 2919 785 2961 crura
831 2917 1035 2965 erecta.

471 3011 602 3066 CAP.
642 3013 847 3068 XXVII.
889 3017 966 3071 De
989 3017 1178 3075 abbate
1205 3021 1466 3080 Lobiensi.
1812 3052 1855 3111 ο

1910 495 2001 546 iur
2031 509 2046 544 :
2314 530 2317 533 ς

1981 593 2172 650 Desine
2198 593 2399 663 grande
2427 591 2586 665 loqui,
2612 592 2815 664 frangit
2843 595 2982 649 Deus
3011 610 3160 650 omne
3186 594 3480 667 superbum.

1908 685 2040 739 Nam
2068 684 2323 755 sequenti
2370 682 2462 738 die
2511 682 2839 753 praedictum
2886 696 3027 753 opus
3078 697 3390 755 aggressus,
3422 697 3558 756 ope-

1909 773 2086 830 rarios
2127 786 2258 830 suos
2307 787 2410 843 pro
2477 772 2638 829 libito
2687 786 2788 830 suo
2839 772 2908 829 de
2957 773 3236 830 conductu
3297 773 3552 832 faciendo

1908 863 2196 932 docturus,
2227 864 2285 919 in
2315 862 2510 919 eodem
2541 862 2666 920 loco
2697 876 2844 934 equo
2873 876 2975 920 suo
2999 864 3103 919 sub
3133 878 3200 921 eo
3231 863 3553 923 calcitrante

1908 954 2057 1009 humi
2106 956 2415 1024 prostratus
2462 956 2583 1021 est;
2635 953 2826 1024 ibique
2873 952 3158 1011 confracta
3208 969 3392 1023 crure,
3452 957 3549 1026 qui

1906 1057 2073 1100 sanus
2144 1044 2273 1113 equi
2339 1042 2804 1099 transvectatione
2869 1043 3166 1100 advenerat
3198 1042 3548 1117 famulorum

1907 1133 2156 1188 manibus
2203 1133 2423 1189 domum
2471 1133 2527 1187 in
2569 1132 2767 1188 lectica
2822 1132 3148 1203 deportatus
3179 1138 3301 1201 est,
3343 1135 3411 1190 ab
3455 1134 3547 1190 in-

1903 1224 2125 1278 vasione
2157 1227 2320 1278 terrae
2349 1225 2556 1278 nostra:
2588 1220 2854 1293 deinceps
2882 1221 3179 1292 desistens,
3212 1227 3269 1279 et
3296 1223 3548 1280 terribile

1903 1320 1958 1367 et
2020 1310 2425 1367 formidandum
2478 1311 2826 1368 invasoribus
2882 1314 3044 1368 terra}
3093 1318 3411 1371 sanctorum
3463 1312 3547 1385 (ut

1902 1399 2110 1455 dictum
2148 1400 2247 1470 est)
2282 1399 2592 1471 exemplum
2630 1400 2971 1472 relinquens.

1902 1509 2030 1564 CAP.
2098 1509 2279 1564 XXIX.
2320 1511 2398 1563 De
2442 1508 2668 1579 quodam
2675 1508 2927 1636 tegimine
2975 1509 3163 1581 festum
3216 1511 3387 1566 sancti
3441 1526 3546 1567 non

2611 1594 2672 1634 co
2783 1596 2831 1636 e.

2611 1594 2831 1636 calente.

1973 1671 2033 1725 In
2091 1670 2266 1740 burgo
2321 1670 2377 1725 S.
2442 1670 2738 1726 Audomari
2772 1712 2786 1736 ,
2840 1684 2986 1726 anno
3032 1669 3195 1726 Verbi
3262 1670 3533 1728 incarnati

1828 1728 2606 1815 Bmillesimovducentesimo
2654 1766 2851 1830 quarto
2904 1760 3141 1828 decimo,
3195 1760 3362 1817 homo
3414 1762 3545 1831 qui-

1898 1848 2043 1914 dam,
2107 1848 2335 1903 Michael
2385 1848 2626 1913 nomine,
2666 1847 3011 1918 professione
3069 1854 3284 1915 tonsor,
3334 1849 3390 1904 in
3449 1851 3540 1906 die

1895 1936 2263 2007 depositionis
2290 1939 2349 1993 B.
2392 1937 2569 1992 Patris
2598 1938 2772 1994 nostri
2812 1938 3038 2004 Bertini,
3074 1952 3197 1993 cum
3226 1953 3256 1994 a
3295 1940 3538 1996 nonnul-

1893 2025 1963 2081 lis
1998 2027 2194 2082 vicinis
2226 2026 2341 2083 suis
2370 2027 2756 2096 objurgaretur
2785 2027 2933 2096 quod
2982 2025 3182 2083 festum
3219 2030 3396 2085 sancti
3427 2044 3536 2086 non

1894 2116 2232 2181 observaret,
2274 2129 2377 2170 nec
2406 2115 2533 2171 ideo
2564 2116 2746 2171 minus
2774 2117 3141 2185 operabatur;
3171 2118 3267 2173 sed
3290 2123 3536 2174 sanctum

1891 2205 2075 2259 verbis
2119 2205 2435 2259 convicians
2480 2208 2537 2259 et
2584 2204 2640 2258 iu
2690 2204 3056 2260 contumelias
3086 2218 3474 2274 prorumpens,
3506 2222 3535 2261 a

1891 2292 2166 2349 dzemonio
2212 2298 2504 2362 correptus
2541 2305 2642 2360 per
2688 2291 2910 2361 longum
2961 2298 3177 2363 tempus
3206 2292 3261 2348 in
3301 2308 3427 2350 vase
3476 2294 3541 2350 li-

1888 2395 2031 2451 gneo
2061 2395 2171 2451 quo
2213 2387 2368 2451 pasta
2407 2380 2601 2449 pistari
2648 2379 2813 2447 solet,
2844 2378 3068 2436 funibus
3106 2381 3305 2451 ligatus
3340 2384 3537 2451 jacuit.

1884 2472 2054 2537 Quem
2105 2475 2287 2525 tamen
2333 2468 2613 2539 aliquanta
2663 2468 2898 2524 sanitate
2937 2483 3039 2538 per
3077 2470 3181 2536 ,Dei
3221 2470 3538 2528 misericor-

1887 2558 2032 2614 diam
2062 2565 2117 2614 et
2163 2558 2338 2614 sancti
2378 2558 2746 2628 patrocinium
2793 2564 3038 2627 recepta,
3078 2558 3427 2615 melioratum
3477 2562 3533 2619 in

1885 2646 2130 2703 Ecclesia
2161 2651 2350 2704 nostra
2395 2653 2524 2702 ante
2571 2652 2818 2701 sanctum
2859 2646 3032 2701 altare
3080 2647 3136 2702 in
3185 2647 3358 2705 choro
3387 2648 3535 2704 vidi-

1883 2751 2039 2803 mus,
2094 2742 2306 2792 astante
2356 2736 2560 2792 domno
2608 2736 2805 2792 abbate
2844 2738 3054 2792 Joanne
3102 2738 3268 2794 tertio
3321 2744 3378 2794 et
3411 2753 3532 2796 mo~

1882 2826 2073 2881 nachis
2120 2825 2565 2896 quampluribus,
2625 2826 2721 2880 Dei
2770 2828 3086 2881 exorantem
3145 2825 3428 2882 humiliter
3474 2836 3531 2885 et

1880 2915 2082 2971 devote
2134 2915 2481 2971 clementiam
2530 2918 2587 2971 et
2640 2920 2953 2971 sanctorum
3008 2913 3264 2987 suffragia
3324 2916 3525 2987 implo-

1880 3013 2109 3062 rantem.

213 3098 447 3163 Quidam
493 3100 664 3157 abbas
693 3103 999 3174 Lobiensis,
1037 3111 1257 3167 nomine
1306 3114 1561 3182 Leonius,
1598 3125 1788 3186 postea
1816 3098 2003 3169 VCAP.
2064 3114 2259 3186 XXX.»
2296 3113 2395 3186 De_
2424 3112 2650 3183 quodam
2691 3112 2977 3186 sacerdote
3002 3113 3099 3186 _S_._
3154 3113 3424 3169 Bertinum
3470 3119 3520 3170 et

134 3187 195 3241 in
243 3186 487 3257 regimen
534 3189 697 3259 hujus
743 3193 1035 3264 Sithiensis
1082 3201 1320 3255 cuenobii
1370 3205 1681 3272 postulatus
1730 3218 1794 3264 et

134 3284 476 3347 assumptus,
518 3279 573 3333 in
607 3282 865 3348 parochia
893 3286 947 3339 S.
989 3287 1194 3343 Bertini
1243 3289 1299 3345 in
1341 3293 1621 3351 territorio
1651 3298 1795 3352 Fur-

140 3365 307 3421 nensi
359 3367 646 3436 quamdam
695 3370 982 3428 ecclesiam
1031 3390 1176 3433 anno
1240 3381 1433 3449 gratiae
1499 3384 1791 3443 millesimo

143 3454 455 3511 centesimo
516 3456 798 3527 trigesimo
846 3462 1040 3530 quinto
1104 3467 1225 3521 sine
1282 3482 1508 3525 assensu
1565 3475 1792 3542 capituli

144 3541 399 3611 ejusdem
460 3545 634 3600 sancti
675 3551 982 3604 construxit
1013 3572 1026 3606 :
1059 3568 1219 3622 quam
1268 3556 1342 3611 ita
1396 3566 1590 3616 ventus
1631 3541 1794 3618 vehe-

146 3644 310 3686 mens
338 3632 549 3688 meritis
587 3634 765 3689 sancti
796 3638 906 3704 jam
947 3637 1080 3694 dicti
1114 3645 1412 3708 concussit,
1455 3661 1517 3703 ac
1548 3650 1616 3704 de
1647 3658 1793 3705 terra

142 3717 367 3775 evolare
394 3718 545 3786 fecit,
578 3728 639 3776 ut
669 3736 771 3779 nec
795 3725 1052 3794 junctura
1095 3728 1365 3800 lignorum
1416 3736 1574 3792 alteri
1619 3752 1794 3794 rema-

142 3811 327 3864 neret.

219 3915 350 3971 CAP.
391 3916 617 3973 XXVIII.
658 3919 738 3973 De
756 3921 983 3992 quodam
1006 3923 1194 3982 abbate
1222 3928 1287 3983 de
1315 3929 1716 3990 Ctaromarisco.

219 4023 377 4077 Anno
442 4031 736 4095 assumpta;
812 4027 1169 4088 humanitatis
1225 4036 1428 4093 Christi
1500 4040 1789 4097 millesimo

139 4110 448 4165 centesimo
486 4114 890 4184 septuagesimo
930 4118 1129 4187 primo,
1178 4129 1423 4194 tempore
1462 4127 1623 4185 bona:
1669 4144 1790 4186 me-

139 4198 337 4255 moriae
394 4199 581 4256 domni
646 4203 966 4261 Godescalci
1017 4208 1180 4279 hujus
1230 4213 1338 4269 loci
1387 4215 1640 4284 abbatis,
1700 4234 1789 4276 res

138 4286 351 4341 accidit
378 4287 584 4344 celebri
616 4297 670 4344 et
695 4290 894 4347 illustri
924 4294 1088 4365 digna
1118 4302 1401 4369 memoria,
1433 4311 1488 4359 et
1531 4308 1787 4364 omnibus

138 4374 498 4432 Sithiensium
533 4381 940 4447 possessionum
981 4364 1680 4453 pervasoribus'terribilis
1726 4380 1851 4452 etD
1943 4364 1969 4415 ι

138 4463 508 4520 formidanda.
543 4468 709 4522 David
753 4470 895 4524 enim
946 4486 1054 4528 non
1105 4476 1277 4533 multo
1325 4486 1615 4550 postquam
1654 4498 1787 4540 con-

135 4558 393 4608 secratus
429 4561 514 4609 est
551 4556 721 4611 abbas
766 4558 824 4612 in
875 4561 1109 4617 ecclesia
1156 4564 1225 4620 de
1252 4566 1670 4637 Claromarisco,
1704 4572 1782 4628 le-

136 4650 268 4698 vato
299 4643 557 4701 calcaneo
589 4652 779 4701 contra
810 4649 1096 4707 ecclesiam
1127 4654 1185 4708 Β.
1219 4657 1445 4724 Bertini,
1479 4660 1785 4717 conductus

135 4746 407 4801 aquarum
455 4738 511 4789 et
558 4732 758 4791 fossata
815 4752 915 4807 per
963 4741 1195 4797 mediam
1245 4751 1443 4801 terram
1501 4750 1783 4817 praedictae

133 4821 392 4876 ecclesiae
440 4822 496 4876 in
545 4823 669 4879 villa
700 4824 769 4881 de
813 4828 985 4883 Arkas
1040 4831 1263 4888 molitus
1308 4842 1391 4891 est
1419 4835 1619 4893 facere.
1652 4841 1782 4906 Qum

131 4909 268 4964 villa
298 4909 366 4965 ab
395 4911 638 4980 antiquis
687 4918 1027 4984 temporibus
1054 4920 1262 4991 absque
1307 4925 1455 4980 omni
1494 4927 1781 4985 calumnia:

131 4998 543 5068 inquietatione
619 5004 862 5073 ejusdem
922 5008 1171 5065 ecclesiae
1230 5015 1451 5083 propria
1508 5023 1563 5070 et
1610 5016 1781 5073 libera

129 5086 309 5141 fuisse
339 5086 703 5158 dignoscitur.
734 5094 847 5149 Nec
876 5094 978 5151 hac
1007 5102 1437 5170 praesumptione
1466 5111 1777 5174 contentus,

130 5175 368 5244 insuper
404 5178 693 5234 ecclesiam
741 5183 795 5237 S.
836 5184 1044 5240 Bertini
1082 5186 1383 5258 ingressus,
1433 5193 1581 5261 quod
1640 5210 1783 5265 prai-

128 5262 461 5334 sumptuose
502 5267 825 5339 incaaperat,
856 5272 1075 5330 eti‘ectui
1102 5290 1164 5332 se
1194 5277 1447 5336 daturum
1476 5262 1778 5341 secundum

129 5352 477 5410 voluntatem
525 5371 700 5425 suam,
761 5360 891 5417 licet
919 5365 1426 5425 contradicentibus
1472 5374 1777 5442 monachis,

128 5441 379 5511 superbe
410 5450 467 5500 et
492 5454 816 5518 arroganter
844 5452 1206 5509 comminatus
1234 5463 1337 5511 est.
1386 5460 1580 5515 Verum
1613 5441 1779 5520 tantae

130 5532 471 5600 arrogantia:
508 5540 563 5590 et
610 5540 1056 5609 praesumptionis
1103 5542 1394 5613 impatiens
1431 5547 1569 5605 ultio
1599 5550 1780 5610 divina

2124 3184 2298 3240 omnia
2327 3184 2397 3239 ad
2425 3181 2539 3239 eum
2562 3184 2880 3254 pertinentia
2908 3181 3266 3239 maledicenle.

1946 3275 2077 3329 Cum
2110 3273 2432 3344 presbytero
2464 3272 2532 3328 de
2584 3272 2943 3343 Remynghem,
2975 3285 3119 3328 anno
3149 3273 3363 3329 Domini
3405 3275 3521 3330 mil-

1874 3362 2067 3419 lesimo
2098 3362 2476 3419 ducentesimo
2524 3374 2673 3417 nono
2712 3361 2947 3424 decimo,
2989 3373 3101 3415 non
3148 3360 3369 3417 licuerit
3414 3376 3518 3418 co-

1875 3452 2096 3508 medere
2157 3452 2214 3506 in
2281 3450 2576 3506 refectorio
2633 3451 2690 3504 in
2747 3448 3096 3518 depositione
3150 3450 3209 3504 B.
3268 3451 3512 3518 Bertini,

1874 3541 2048 3597 iratus
2084 3540 2139 3596 in
2189 3541 2363 3611 burgo
2411 3538 2671 3594 comedit.
2718 3537 2820 3605 Qui
2872 3552 2993 3593 cum
3033 3537 3252 3594 domum
3284 3539 3513 3608 rediret,

1874 3644 1997 3686 cum
2037 3630 2320 3685 canonicis
2365 3626 2795 3683 Watiniensibus
2841 3626 2898 3681 in
2954 3626 3075 3680 navi
3122 3633 3369 3683 sanctum
3418 3629 3513 3684 Dei

1873 3720 2152 3775 Bertinum
2202 3718 2372 3787 coepit
2417 3716 2786 3782 maledicere,
2835 3721 2891 3770 et
2941 3716 3415 3772 excommunicare
3450 3720 3517 3773 et

1874 3809 2056 3863 omnia
2102 3821 2227 3877 qua:
2264 3805 2333 3863 ad
2382 3819 2505 3861 eum
2554 3805 2852 3874 pertinent.
2903 3803 3071 3870 Quem
3110 3803 3327 3874 gladius
3373 3806 3511 3874 Dei,

1872 3897 2167 3952 vindictam
2214 3907 2437 3950 sumens
2482 3893 2551 3948 ab
2600 3906 2688 3959 eo,
2720 3890 2834 3947 fere
2884 3891 3122 3946 medium
3160 3893 3358 3960 secuit,
3389 3908 3512 3950 cum
3601 3948 3607 3956 ,

1872 3987 1928 4042 in
1960 3999 2117 4041 amne
2148 3984 2367 4040 nescius
2412 3997 2442 4037 a
2490 3996 2601 4051 quo
2641 3980 3018 4051 praecipitatus
3047 3979 3240 4036 fuisset
3266 3982 3513 4039 submer—

1871 4091 2001 4142 sus,
2062 4074 2168 4129 nisi
2237 4072 2489 4129 canonici
2544 4069 2909 4127 extraxissent
2974 4083 3118 4125 eum.
3177 4071 3331 4139 Quod
3384 4073 3512 4142 quia

1871 4164 2191 4235 blasphemo
2248 4177 2345 4219 ore
2401 4167 2457 4218 et
2504 4160 2672 4217 corde
2719 4159 2957 4230 maligno
2997 4158 3251 4227 iteravit,
3311 4162 3510 4219 iterato

1867 4253 2071 4310 factum
2117 4258 2222 4309 est.

1974 4365 2072 4415 tem
2101 4360 2166 4414 de
2194 4357 2299 4413 alio
2328 4357 2601 4413 sacerdote
2636 4358 2873 4409 sanctum
2900 4353 2998 4408 Dei
3026 4351 3434 4423 blasphemante.

1940 4467 2143 4522 Eodem
2191 4477 2356 4530 anno,
2404 4466 2644 4519 Joannes
2691 4460 2980 4530 presbyter
3017 4460 3087 4515 de
3115 4457 3355 4513 Rubroch
3384 4473 3508 4514 cum

1865 4556 1993 4611 talis
2038 4554 2236 4609 ludens
2280 4552 2348 4607 ad
2388 4551 2537 4607 aleas
2591 4549 2779 4605 nescio
2827 4562 2925 4603 seu
2981 4547 3049 4603 ad
3114 4561 3326 4614 scacos,
3378 4546 3506 4605 dum

1868 4644 2131 4715 perdidit,
2189 4647 2439 4697 sanctum
2487 4640 2581 4695 Dei
2630 4639 2909 4695 Bertinum
2958 4636 3307 4692 maledicere.
3337 4639 3506 4707 C(Bpil.

1866 4740 1921 4789 et
1950 4732 2130 4789 omnia
2169 4745 2293 4801 quae
2330 4729 2399 4785 ad
2448 4743 2572 4785 eum
2640 4726 3024 4797 pertinebant;
3058 4732 3115 4780 et
3144 4739 3266 4780 cum
3301 4727 3506 4796 impro-

1866 4823 2078 4894 perium
2127 4821 2247 4890 ejus
2291 4817 2691 4888 quamplurima
2747 4814 3101 4884 blasphemiae
3147 4813 3313 4870 verba
3370 4829 3504 4885 pro-

1865 4911 2102 4976 tulisset,
2145 4924 2207 4964 ac
2249 4908 2295 4963 si
2333 4914 2529 4963 ventus
2579 4903 2791 4960 validus
2844 4903 3077 4971 veniret,
3128 4902 3370 4959 sonitum
3410 4918 3505 4959 au-

1864 5001 2020 5066 divit,
2072 5005 2128 5054 et
2163 4998 2374 5067 alapam
2422 5007 2670 5065 magnam
2725 4993 2781 5048 in
2823 4991 3039 5047 maxilla
3085 4990 3361 5061 recipiens
3405 5006 3507 5048 su-

1865 5104 1964 5159 per
2010 5087 2311 5143 scacarium
2358 5083 2440 5140 vel
2490 5082 2730 5137 alearum
2781 5079 3019 5136 tabulam
3067 5079 3285 5147 recidit,
3320 5086 3376 5136 et
3406 5095 3507 5151 per

1864 5178 2113 5234 triduum
2151 5174 2351 5231 mansit
2397 5172 2692 5238 incibatus,
2725 5183 2911 5240 neque
2934 5167 3186 5237 audiens,
3221 5182 3401 5240 neque
3428 5170 3509 5225 vi-

1862 5268 2152 5412 dens'CAP.
2193 5355 2374 5409 XXXI.
2416 5351 2580 5423 Copia
2609 5347 2969 5406 translationis
2998 5348 3061 5403 S.
3104 5347 3331 5403 Bertini.

1938 5483 1967 5515 «
2007 5465 2216 5518 Penus
2246 5460 2339 5518 Dei
2370 5459 2545 5531 gratia
2572 5457 2928 5523 Morinorum,
2955 5461 3011 5511 et
3038 5457 3174 5510 Asso
3203 5454 3299 5510 Dei
3328 5456 3506 5526 gratia

1862 5551 2300 5610 Atrebatensium
2349 5547 2634 5619 episcopi,
2667 5545 2939 5602 universis
2989 5543 3193 5601 Christi
3246 5543 3502 5602 ﬁdelibus
