4106 6178
599 312 733 366 1139

1719 313 2048 368 FOLCARDI
2087 313 2382 368 MONACHI
2424 309 2834 368 SlTHlVENSlS

3830 308 3957 361 H40

592 439 659 494 ad
700 453 841 509 quos
881 438 1231 508 praesentium
1292 437 1483 494 notitia
1526 437 1856 508 pervenerit,
1891 446 2154 494 aternam
2184 439 2240 494 in
2262 439 2447 499 Aboni
2479 435 2779 494 testimonii
2820 438 2875 490 et
2906 433 3033 489 vita
3067 430 3388 502 probabilis,
3435 431 3695 488 videlicet
3723 432 3953 490 Widone

593 528 811 584 Christo
841 527 1093 584 salutem.

669 637 697 669 «
736 618 867 672 Cum
917 618 983 672 ad
1033 617 1296 672 honorem
1328 616 1422 672 Dei
1456 617 1549 685 qui
1580 616 1634 672 in
1677 617 1883 673 sanctis
1913 618 2027 674 suis
2058 618 2238 674 credi-

596 712 686 763 tur
711 707 1011 772 honorari,
1061 707 1129 761 de
1179 719 1414 775 corpore
1466 707 1524 761 B.
1568 707 1771 762 Bertini
1823 708 2038 763 abbatis
2082 708 2239 762 ﬁeret

595 796 881 852 translatio
929 809 958 849 a
988 794 1195 850 scrinio
1233 796 1288 850 in
1340 808 1452 866 quo
1483 811 1582 866 per
1610 805 1831 852 centum
1863 805 1918 852 et
1955 797 2237 868 octoginta

597 886 838 956 quinque
894 897 1069 939 annos
1124 885 1409 953 jacuerat,
1466 884 1608 939 sicut
1655 899 1721 940 ex
1765 885 1974 956 scripto
2031 885 2237 942 ibidem

596 980 815 1042 reperto
882 973 1148 1043 perpendi
1214 975 1395 1045 potuit
1451 975 1780 1042 evidenter,
1829 977 2106 1032 inventum
2155 979 2240 1032 est

594 1063 996 1118 sanctissimum
1039 1063 1172 1118 illud
1213 1078 1417 1133 corpus
1466 1065 1672 1120 scrinio
1712 1073 2012 1122 memorato
2043 1067 2238 1136 pannis

595 1152 842 1219 sericcis,
876 1152 1006 1207 licet
1033 1160 1303 1208 vetustate
1333 1154 1686 1210 vehementer
1725 1155 1946 1220 attritis,
2004 1155 2238 1226 diligen-

596 1250 682 1298 ter
725 1243 1027 1298 involutum
1059 1249 1113 1298 et
1144 1243 1388 1315 ligatum,
1423 1250 1477 1300 et
1516 1245 1711 1316 sigillis
1748 1246 2081 1301 authenticis
2105 1260 2238 1302 con-

594 1334 903 1402 signatum;
947 1339 1154 1388 etcum
1194 1333 1430 1389 solutum
1480 1340 1535 1390 et
1583 1341 1831 1404 apertum
1887 1334 2116 1401 fuisset,
2157 1337 2238 1391 in-

596 1429 756 1477 venta
787 1427 871 1476 est
900 1421 1044 1477 inter
1089 1423 1205 1492 ipsa
1239 1429 1425 1478 sancta
1470 1438 1592 1478 ossa
1640 1439 1774 1479 crux
1817 1430 2075 1495 argentea
2106 1469 2120 1492 ,
2177 1425 2231 1481 in

595 1526 700 1581 qua
754 1510 856 1567 fuit
914 1511 1200 1568 manifeste
1267 1513 1464 1568 litteris
1521 1514 1847 1582 capitalibus
1903 1522 2228 1570 exaratum:

593 1603 837 1656 SANCTUS
893 1603 1160 1657 BERTINUS
1212 1604 1410 1658 ABBAS.
1453 1603 1659 1658 Deinde
1706 1618 1735 1657 a
1786 1605 2233 1673 perquirentibus

593 1690 897 1745 studiosius
941 1691 1084 1746 intra
1134 1705 1344 1761 pannos
1369 1692 1664 1762 pradictos
1715 1694 1992 1748 inventum
2026 1708 2227 1750 recon-

2317 527 2738 598 archiepiscopo
2768 533 2821 581 et
2851 527 3104 595 Drogone
3145 521 3408 592 episcopo
3441 521 3496 577 in
3529 523 3827 592 praesentia
3863 524 3952 579 do-

2315 617 2476 672 mina
2506 616 2740 672 Athleta
2775 612 2896 685 (6U)
2931 611 3248 677 comitissa,
3281 612 3468 666 uxoris
3516 611 3770 682 pradicti
3809 627 3950 668 mar-

2313 706 2566 772 chionis,
2617 718 2740 774 qua
2790 703 2846 757 in
2902 701 3007 758 hoc
3064 699 3246 756 officio
3303 700 3652 756 devotissime
3706 700 3949 756 deservi-

2313 795 2391 850 vit
2455 797 2566 851 Deo
2622 800 2677 849 et
2731 797 2923 848 sancto
2973 790 3234 854 Bertino;
3302 790 3668 860 praesentibus
3735 804 3951 862 quoque

2312 884 2604 939 abbatibus
2659 882 2779 950 his,
2831 883 3048 937 Bovone
3106 879 3302 934 abbate
3359 878 3520 948 hujus
3578 877 3728 947 loci,
3788 881 3952 935 Here-

2315 987 2467 1030 maro
2523 974 2720 1029 abbate
2789 969 3030 1026 canobii
3096 970 3150 1024 S.
3219 968 3489 1039 Remigii,
3557 968 3812 1024 Renuldo
3866 969 3954 1024 ab-

2314 1063 2440 1118 bate
2508 1063 2563 1118 S.
2631 1060 2886 1116 Winnoci
2917 1102 2930 1125 ,
2999 1058 3231 1114 Gervino
3297 1057 3493 1112 abbate
3548 1059 3602 1112 S.
3674 1057 3953 1125 Richarii,

2319 1151 2575 1208 Folberlo
2650 1151 2846 1206 abbate
2931 1151 2983 1204 8.
3072 1147 3334 1213 Bavonis,
3403 1147 3701 1202 Heriberto
3760 1147 3953 1202 abbate

2318 1244 2372 1298 8.
2438 1240 2671 1306 Judoci,
2731 1241 2970 1294 Wasone
3027 1237 3222 1292 abbate
3294 1237 3346 1292 8.
3409 1236 3677 1303 Walrici,
3746 1234 3954 1291 Alfrido

2317 1331 2514 1405 abbate
2571 1330 2753 1385 Sancti
2805 1328 3070 1394 Wlmari;
3138 1325 3418 1382 canonicis
3470 1340 3598 1381 vero
3669 1327 3956 1380 Remensis

2317 1421 2577 1476 Ecclesia
2634 1418 2840 1485 Olrico,
2888 1416 3230 1482 Constantio,
3273 1417 3539 1486 Hugone;
3594 1417 3954 1471 Tervanensis

2315 1509 2576 1565 Ecclesia
2625 1508 2842 1564 clericis
2895 1509 3104 1562 Joanne
3135 1505 3543 1571 archidiacono,
3585 1505 3953 1572 Theoderico,

2313 1599 2590 1663 Gozelino,
2623 1597 2908 1661 Balduino,
2943 1603 2997 1651 et
3026 1595 3148 1650 aliis
3187 1595 3638 1666 quampluribus;
3683 1597 3740 1650 S.
3783 1594 3955 1650 Audo-

2313 1689 2444 1743 mari
2477 1686 2752 1758 Regardo,
2775 1687 3068 1753 Norberto,
3101 1685 3364 1751 Auberto,
3396 1684 3660 1750 Odberto,
3687 1686 3954 1755 Har-gem,

593 1779 764 1834 ditum
797 1778 931 1833 illud
964 1781 1248 1848 scriptum,
1283 1781 1350 1836 de
1382 1795 1492 1850 quo
1531 1797 1694 1852 supra
1735 1781 1962 1837 fecimus
1993 1772 2296 1838 mentio—B
2318 1777 2641 1833 Remboldo.
2677 1777 2773 1831 His
2818 1775 3073 1831 omnibus
3119 1789 3240 1830 cum
3273 1775 3556 1829 innumera
3604 1774 3956 1829 multitudine

591 1880 736 1932 nem,
769 1869 925 1936 cujus
956 1872 1114 1922 tenor
1143 1869 1268 1922 talis
1304 1877 1420 1924 erat
1455 1891 1466 1925 :

667 1955 681 2024 [
722 1976 745 2003 α
779 1959 936 2011 Anno
971 1957 1266 2012 Dominicae
1312 1958 1710 2013 lncarnationis
1749 1958 2038 2015 millesimo
2071 1959 2231 2028 quin-

591 2043 908 2113 quagesimo
969 2045 1261 2111 secundo,
1323 2047 1627 2102 indictione
1694 2048 1907 2116 quinta,
1967 2057 2229 2117 regnante

593 2133 920 2187 Francorum
969 2148 1097 2204 rege
1146 2136 1384 2190 Henrico
1432 2150 1576 2190 anno
1608 2137 1869 2206 vigesimo
1909 2143 2125 2205 quarto,
2176 2145 2230 2192 et

589 2220 934 2276 octodecimo
983 2235 1126 2277 anno
1193 2224 1522 2292 prasulatus
1578 2224 1764 2280 domni
1818 2226 2072 2280 Widonis
2127 2227 2229 2281 Re-

589 2310 793 2364 mensis
822 2310 1081 2387 Ecclesia
1131 2312 1554 2383 archiepiscopi.
1589 2328 1733 2370 anno
1782 2315 2041 2384 vigesimo
2083 2329 2228 2371 nono

591 2398 859 2468 Drogonis
905 2401 1265 2456 Tervanensis
1312 2401 1571 2458 Ecclesia
1629 2403 1897 2472 episcopi,
1960 2404 2231 2472 principa-

591 2492 704 2541 tum
754 2487 1023 2542 Flandria
1083 2489 1323 2558 regionis
1379 2496 1600 2544 tenente
1650 2489 1854 2559 inclyto
1913 2491 2229 2547 marchione

593 2575 857 2630 Balduino
898 2575 1173 2642 (lnsulano
1221 2576 1357 2645 scil.)
1407 2591 1551 2632 anno
1609 2578 2034 2648 septuagesimo,
2086 2594 2228 2635 anno

594 2663 874 2733 regiminis
935 2664 1120 2720 domni
1170 2665 1383 2720 abbatis
1437 2667 1672 2722 Bovonis
1728 2670 1922 2736 quinto
1975 2668 2228 2735 decimo,

592 2766 794 2821 corpus
822 2753 1119 2809 beatissimi
1160 2755 1335 2809 Patris
1382 2756 1609 2821 Bertini,
1652 2757 1799 2826 quod
1840 2758 2063 2814 biennio
2097 2774 2230 2813 nec-

591 2842 718 2898 dum
752 2843 970 2913 expleto
1014 2845 1116 2900 sub
1160 2846 1450 2914 capitaneo
1497 2847 1550 2901 S.
1595 2846 1809 2901 Martini
1857 2847 2013 2902 altari
2054 2847 2231 2904 fuerat

591 2941 891 3003 repertum,
925 2933 1155 2989 levatum
1208 2941 1292 2989 est
1339 2941 1494 2990 sexto
1533 2936 1714 2990 Nonas
1757 2936 1879 2990 Maii
1929 2937 1996 2990 ab
2037 2936 2230 2992 iisdem

592 3023 830 3078 dominis
865 3022 1140 3090 episcopis
1186 3021 1254 3076 de
1305 3021 1560 3091 plumbeo
1605 3025 1809 3078 scrinio
1860 3025 1927 3078 ab
1969 3039 2034 3079 eo
2086 3024 2228 3092 loco,

2313 1873 2396 1922 est
2436 1865 2645 1921 levatus
2697 1870 2751 1920 et
2792 1864 2847 1918 in
2896 1864 3001 1920 hoc
3040 1863 3246 1919 scrinio
3303 1864 3580 1933 repositus
3628 1878 3734 1933 per
3781 1864 3954 1918 omnia

2313 1955 2655 2010 benedictus.
2716 1956 2907 2008 Amen.
2933 1952 2948 2022 ]

2388 2065 2410 2093 α
2476 2045 2592 2111 Quo
2669 2043 2832 2099 etiam
2899 2041 2988 2097 die
3060 2041 3322 2096 Dominus
3399 2055 3496 2110 per
3571 2043 3696 2111 ejus
3765 2043 3952 2096 merita

2312 2133 2418 2188 tria
2501 2131 2762 2187 miracula
2831 2137 3092 2200 operatus
3161 2136 3264 2186 est.
3331 2130 3499 2200 lgitur
3593 2139 3954 2186 memoratum

2311 2235 2514 2291 corpus
2580 2236 2609 2276 a
2667 2220 2934 2291 praedicto
3006 2219 3211 2275 scrinio
3277 2219 3331 2273 in
3392 2217 3538 2273 aliud
3603 2232 3812 2274 novum
3870 2219 3956 2274 de-

2312 2318 2504 2366 center
2533 2310 2920 2380 transpositum
2971 2308 3290 2363 translatum
3322 2314 3405 2363 est.
3432 2322 3461 2362 a
3491 2309 3679 2374 nobis,
3716 2317 3770 2363 et
3805 2325 3955 2379 repo-

2312 2399 2474 2454 situm
2508 2400 2561 2454 in
2595 2413 2812 2468 capsam
2852 2411 3044 2453 novam
3086 2396 3153 2452 de
3201 2410 3334 2451 auro
3384 2401 3439 2452 et
3467 2404 3701 2467 argento
3734 2403 3790 2452 et
3826 2398 3956 2468 lapi-

2313 2487 2476 2543 dibus
2523 2489 2782 2558 pretiosis
2818 2488 2884 2542 ad
2909 2487 3031 2542 -hoc
3078 2486 3381 2541 honoriﬁce
3414 2495 3803 2556 praeparatam,
3855 2503 3956 2542 xvn

2313 2577 2584 2632 Kalendas
2630 2577 2907 2646 Augusti,
2958 2581 3149 2646 quarta
3201 2575 3308 2639 1.61)
3364 2575 3579 2630 scilicet
3634 2574 3774 2630 feria
3833 2586 3953 2630 ante

2311 2666 2508 2722 festum
2568 2667 2748 2722 Maria
2802 2666 3170 2736 Magdalena,
3219 2678 3365 2720 anno
3416 2665 3607 2735 gratia
3670 2665 3957 2721 millesimo

2313 2757 2692 2812 ducentesimo
2743 2756 3024 2828 trigesimo
3072 2755 3328 2824 septimo,
3361 2765 3624 2826 regnante
3687 2757 3958 2812 excellen-

2312 2848 2524 2902 tissimo
2561 2849 2892 2902 Francorum
2942 2860 3070 2917 rege
3117 2845 3393 2900 Ludovico
3440 2845 3552 2900 filio
3586 2847 3882 2913 Ludovici,
3911 2857 3957 2901 et

2313 2934 2479 2991 fratre
2512 2937 2629 3004 ejus
2670 2935 2874 3005 inclyto
2907 2935 3148 2990 Roberto
3188 2934 3502 2990 comitatum
3535 2937 3956 2992 Atrebatensem

2316 3025 2601 3080 obtinente
2625 3024 2677 3078 in
2702 3023 2976 3094 principio
3002 3025 3296 3079 comitatus
3315 3024 3422 3090 sui,
3446 3033 3737 3092 praeeunte
3766 3028 3837 3080 ab
3859 3040 3958 3081 om-

592 3112 685 3166 ubi
725 3110 852 3166 olim
893 3125 922 3163 a
969 3117 1159 3164 sancto
1208 3109 1478 3180 Folquino
1527 3112 1845 3167 translatum
1886 3120 1940 3167 et
1980 3097 2290 3170 recondi-C
2320 3115 2482 3169 nibus
2511 3120 2565 3168 et
2609 3120 2943 3183 cooperante
2972 3113 3145 3183 gratia
3176 3113 3269 3167 Dei
3309 3112 3604 3168 Salvatoris
3636 3117 3847 3180 nostri,
3876 3119 3955 3186 qui

593 3206 705 3254 tum
766 3197 886 3254 fuit.
953 3199 1080 3252 llaec
1138 3203 1315 3253 autem
1367 3200 1735 3268 inventionis,
1785 3201 1894 3256 imo
1937 3201 2227 3259 levationis

593 3288 757 3357 hujus
787 3286 886 3342 fuit
917 3301 1079 3342 causa
1111 3308 1122 3342 :
1161 3289 1547 3343 Monasterium
1597 3290 1856 3345 inccndio
1907 3291 2230 3362 dissipatum

594 3377 904 3433 minabatur
952 3377 1205 3443 ruinam;
1256 3377 1413 3447 cujus
1464 3379 1847 3434 restaurationi
1904 3380 2032 3436 dum
2077 3381 2235 3437 fieret

596 3475 827 3539 crypta,
880 3473 935 3522 et
976 3467 1094 3536 ejus
1136 3469 1456 3537 jacerentur
1512 3467 1901 3536 fundamenta,
1953 3469 2234 3540 insperato

596 3557 848 3628 apparuit
904 3561 1010 3611 tam
1068 3557 1396 3612 sanctissimi
1449 3558 1701 3628 corporis
1757 3558 1934 3628 gleba.
1982 3561 2236 3616 Jacuerat

596 3647 651 3702 in
683 3647 1044 3717 sarcophago,
1067 3638 1188 3717 'quo
1239 3647 1306 3702 ab
1357 3647 1622 3714 llelf'rido,
1675 3662 1834 3717 quem
1892 3649 2008 3718 ipse
2055 3648 2235 3705 adhuc

594 3737 781 3792 vivens
835 3735 1085 3791 abbatem
1145 3735 1530 3804 ordinaverat,
1590 3736 1837 3806 sepultus
1896 3743 2016 3804 est,
2078 3739 2237 3793 annis

596 3825 708 3881 fere
755 3831 973 3881 centum
1017 3825 1376 3895 quadraginta
1415 3839 1648 3891 novem;
1706 3826 1762 3879 in
1807 3826 2064 3894 plumbeo
2104 3842 2234 3884 vero

595 3915 822 3982 scrinio,
864 3928 973 3984 quo
1027 3915 1114 3985 (ut
1153 3915 1415 3985 diximus)
1450 3929 1479 3968 a
1519 3915 1573 3968 S.
1617 3913 1885 3983 Folquino
1923 3916 2026 3971 sub
2063 3916 2236 3971 altare

597 4009 742 4059 terra
775 4003 1094 4058 reconditus
1141 4010 1224 4058 est
1252 4046 1265 4069 ,
1312 4003 1566 4058 ducentis
1613 4010 1665 4058 et
1719 4018 1815 4059 sex
1865 4005 2022 4060 annis
2062 4020 2236 4075 usque

598 4091 666 4147 ad
697 4099 912 4163 tempus
941 4100 1185 4148 nostrum
1221 4112 1234 4149 :
1268 4107 1377 4162 quo
1427 4093 1636 4148 levatus
1684 4094 2049 4162 prasentibus
2107 4095 2238 4150 viris

2312 3209 2623 3258 sanctorum
2663 3215 2896 3271 corpora
2943 3199 3263 3256 reformabit
3303 3200 3538 3256 claritati
3581 3204 3671 3257 sui
3713 3208 3956 3275 corporis

2313 3291 2672 3348 conformata.
2743 3293 2904 3346 Facta
2961 3297 3044 3346 est
3090 3295 3270 3346 autem
3349 3291 3467 3346 hac
3533 3293 3835 3349 translatio
3884 3311 3959 3350 so-

2318 3382 2569 3438 lemniter
2614 3395 2643 3435 a
2701 3380 2864 3435 nobis
2918 3384 2973 3434 et
3011 3393 3111 3448 per
3166 3393 3269 3435 nos
3315 3380 3369 3434 in
3419 3380 3658 3436 ecclesia
3713 3385 3959 3452 praedicti

2316 3471 2513 3537 sancti,
2555 3469 2921 3539 prasentibus
2967 3467 3385 3539 quampluribus
3411 3469 3711 3526 abbatibus
3739 3482 3803 3528 et
3840 3490 3964 3543 pra

2318 3561 2550 3631 positis,
2640 3557 2967 3626 caterisque
3048 3557 3412 3613 Ecclesiarum
3512 3560 3768 3628 pralatis
3855 3564 3964 3618 aliis

2317 3651 2479 3706 bonis
2515 3650 2666 3715 viris,
2715 3648 2921 3703 Jacobo
2969 3654 3102 3703 tunc
3139 3647 3402 3704 Ecclesia
3455 3650 3512 3703 Β.
3555 3651 3773 3706 Bertini
3816 3668 3964 3708 vene-

2317 3739 2478 3794 rabili
2507 3738 2703 3792 abbate
2763 3736 3116 3806 prasidente.
3167 3738 3226 3791 In
3272 3738 3429 3806 cujus
3465 3740 3547 3793 rei
3581 3743 3965 3797 testimonium

2318 3835 2622 3900 prasentes
2669 3827 2881 3881 litteras
2911 3825 3106 3896 sigillis
3155 3827 3360 3882 nostris
3405 3826 3639 3883 fecimus
3690 3832 3966 3897 roborari,

2318 3932 2462 3974 anno
2511 3916 2722 3972 Domini
2789 3915 3079 3970 millesimo
3133 3915 3512 3971 ducentesimo
3556 3919 3854 3991 trigesimo
3895 3937 3966 3976 se-

2319 4008 2512 4078 ptimo,
2545 4006 2779 4076 septimo
2810 4004 3025 4060 decimo
3058 4004 3329 4061 Kalendas
3367 4007 3623 4077 Augusti.
3669 4027 3700 4059 ι)

1546 4243 1668 4315 (Hic
1696 4246 1858 4300 index
1896 4245 2238 4317 capitulorum
2267 4247 2547 4318 apponitur
2573 4248 2629 4300 in
2658 4261 2781 4302 mss.
2814 4245 3000 4314 codd.)

671 4374 778 4446 (60)
819 4376 958 4445 Lege
1010 4371 1224 4446 Adhelte
1259 4373 1398 4446 Vtilia
1444 4372 1670 4428 Roberti
1703 4373 2035 4446 Francorum
2066 4372 2230 4444 regis,

599 4444 786 4501 uxOris
836 4444 1083 4501 Ba’lduini
1124 4445 1383 4508 lnsulani,
1415 4459 1539 4514 qua
1571 4452 1787 4499 mortuo
1837 4444 2032 4500 marito
2089 4458 2232 4500 anno

609 4518 759 4582 1057,
801 4518 854 4572 in
914 4517 1150 4572 Messinis
1203 4515 1678 4571 sanctimonialium
1714 4518 2006 4570 construxit
2061 4531 2232 4571 caeno-

598 4589 737 4668 binm
766 4610 782 4643 :
815 4595 861 4668 et
895 4589 1074 4644 devote
1122 4587 1303 4668 iiminq
1350 4586 1710 4668 apostolorum
1722 4662 1730 4668 ι
1752 4586 1990 4668 uisimus,
2030 4602 2233 4668 ahpapa

599 4659 906 4716 Alexandro
943 4659 1168 4714 secundo
1214 4658 1472 4714 viduatam
1507 4657 1732 4728 suscepit
1761 4657 2008 4712 habitum.
2041 4657 2233 4729 Sicque

2316 4387 2526 4428 reversa.
2557 4372 2608 4426 in
2639 4372 2952 4427 monasterio
2991 4387 3086 4427 suo
3137 4374 3447 4428 Messinenai
3492 4374 3789 4432 humillime

2317 4451 2365 4500 et
2401 4442 2557 4514 plena
2586 4444 2797 4517 pietatis
2843 4443 3085 4514 operibus
3131 4443 3277 4510 obiit,
3319 4444 3490 4516 ibique
3517 4447 3733 4517 sepulta
3766 4456 3866 4503 est.
3899 4453 3960 4503 Ita

2318 4517 2529 4585 lperius
2559 4529 2679 4584 cap.
2721 4515 2791 4568 38
2823 4525 2975 4583 parte
3005 4531 3064 4571 ιι.

2392 4585 2698 4668 (6l)_l.ege
2749 4587 2944 4668 omnia
2973 4607 2991 4668 .-
3022 4599 3143 4642 nam
3199 4601 3266 4643 eo
3319 4601 3463 4644 anno
3515 4588 3644 4645 dies
3686 4591 3962 4647 Dominica

2315 4657 2499 4713 littera
2535 4659 2578 4712 D
2611 4657 2844 4728 pradita
2873 4664 3012 4712 erat.
