4096 6156
247 314 373 369 1141

1159 320 1244 374 DE
1281 321 1690 379 INVENTIONE
1728 325 1810 380 ET
1849 325 2267 380 ELEVATIONE
2305 327 2358 380 S.
2402 325 2690 381 BERTINI.

3466 326 3603 381 l142

1623 597 2217 710 RELATIO

1108 833 1225 938 DE
1298 832 1869 941 INVENTIONE
1941 835 2054 941 ET
2127 835 2734 942 ELEVATIONE

1518 1029 1578 1092 S.
1626 1031 1948 1091 BERTINI
1990 1031 2322 1090 ABBATIS

948 1190 1102 1256 QUAS
1159 1190 1371 1246 FACTA
1425 1190 1546 1245 EST
1608 1190 1791 1246 ANNO
1856 1191 2371 1247 INCARNATIONIS
2433 1191 2664 1246 DOMINI
2727 1188 2884 1258 1052,

1213 1343 1290 1407 A.
1336 1344 1611 1409 BOVONE
1661 1342 1879 1408 abbate
1927 1344 2292 1409 Sithivensz’
2338 1345 2612 1430 digesta.

350 1505 604 1578 (Mum.
636 1511 772 1567 Acta
800 1512 908 1570 SS.
950 1512 1147 1568 Bened.
1188 1514 1326 1569 Sac.
1360 1514 1451 1579 ΙΙΙ,
1483 1519 1636 1583 parte
1663 1529 1746 1581 111,
1779 1527 1902 1584 pag.
1943 1512 2062 1567 153.
2095 1527 2161 1570 ex
2190 1528 2320 1569 mss.
2355 1514 2517 1570 codd.
2551 1513 2845 1569 Sithivensi
2876 1519 2931 1570 et
2959 1510 3488 1574 Claromariscensi.)

433 1757 674 1828 Epistola
710 1760 938 1815 Bovom's
977 1761 1047 1815 ad
1095 1761 1369 1817 Widonem
1403 1763 1683 1816 Remorum

823 1831 1288 1904 archiepiscopum.

305 1935 534 1991 Domino
624 1938 1080 2005 prastantissimo
1163 1939 1582 2008 archiepiscopo
1659 1939 1876 1993 Wmom

229 2019 402 2078 frater
466 2026 615 2080 Bovo
680 2025 939 2097 indignus
1005 2028 1175 2082 abbas
1239 2027 1532 2082 Sitbiensis
1591 2027 1870 2091 canobii,

226 2112 376 2167 inter
422 2113 744 2171 benedictos
797 2117 1094 2172 benedicit.

300 2203 433 2257 Dum
483 2204 538 2258 in
586 2218 822 2275 corpore
852 2213 1057 2262 sancta
1097 2206 1192 2260 Dei
1234 2205 1493 2261 Ecclesia
1522 2206 1625 2261 sub
1655 2206 1872 2262 Christo

223 2305 438 2348 summo
467 2295 647 2363 capite
693 2296 1025 2351 eminentius
1063 2297 1386 2360 membrum,
1429 2296 1650 2351 domine
1689 2298 1868 2362 Pater,

223 2381 304 2434 sis
349 2383 702 2450 constitutus,
753 2390 827 2449 et,
878 2389 938 2439 ut
985 2385 1058 2439 ita
1106 2385 1306 2451 dicam,
1357 2385 1557 2439 collum
1609 2392 1663 2439 te
1702 2385 1868 2454 capiti

221 2478 480 2537 oporteat
535 2472 681 2526 uniri
740 2481 902 2542 atque
953 2473 1224 2528 inharere
1273 2473 1526 2537 vicinius,
1582 2475 1868 2541 utriusque

221 2561 416 2626 partis,
449 2561 647 2616 anima
670 2561 928 2616 videlicet
959 2571 1014 2617 et
1051 2562 1322 2631 corporis,
1357 2561 1654 2616 valitudine
1697 2563 1870 2617 omni«

219 2647 404 2702 modis
451 2654 596 2703 tuam
639 2650 997 2705 reverentiam
1038 2651 1247 2720 pollere
1285 2650 1564 2714 desidero,
1599 2657 1869 2718 quatenus

217 2749 331 2791 non
381 2751 637 2806 suprema
678 2744 843 2808 atque
890 2739 1093 2794 debilia
1141 2739 1404 2804 membra,
1465 2747 1518 2793 te
1576 2740 1869 2795 salubriter

216 2825 518 2890 mediante,
553 2835 659 2881 tam
698 2841 833 2883 sano
866 2828 1031 2896 capiti
1081 2829 1311 2883 Domino
1352 2835 1543 2883 nostro
1594 2829 1868 2896 possimus

214 2917 612 2984 concorporari
648 2936 659 2971 :
703 2930 771 2972 ne
807 2918 972 2987 (quod
1004 2916 1202 2987 absit!)
1233 2931 1393 2972 secus
1423 2925 1667 2987 agentes,
1705 2932 1866 2986 pene-

213 3002 503 3058 trabiliore
543 3004 662 3072 ejus
707 3005 890 3074 gladio
938 3006 1254 3060 scindamur
1295 3008 1448 3074 juxta
1499 3005 1634 3060 illud
1683 3008 1861 3061 Evan-

1897 1761 2151 1819 Avandis
2205 1762 2378 1817 sacris
2432 1763 2661 1840 artubus
2710 1763 2828 1833 ipse
2865 1763 3000 1818 satis
3055 1761 3251 1817 devote
3307 1759 3605 1816 inservires

1960 1865 2120 1918 quam
2183 1851 2485 1907 honoriﬁce
2550 1866 2822 1921 quamque
2889 1850 3117 1906 miriﬁce
3182 1850 3301 1919 ipsa
3367 1847 3604 1904 celebris

1957 1940 2131 1994 sancti
2180 1940 2412 1996 elevatio
2460 1948 2679 2010 peracta
2727 1941 2820 2008 sit,
2871 1941 3055 1996 nullus
3111 1945 3203 1994 tua
3263 1939 3606 2008 experientia

1959 2029 2209 2096 profecto
2254 2029 2450 2084 melius
2487 2031 2636 2086 norit
2669 2051 2681 2084 ε
2725 2031 2930 2100 quippe
2961 2045 3086 2098 qua
3115 2027 3464 2083 celsitudinis
3495 2033 3604 2082 tua

1959 2120 2203 2186 potentia
2263 2119 2574 2183 sublimata,
2632 2120 2961 2174 auctoritate
3027 2117 3283 2173 consistit
3346 2116 3603 2172 subnixa.

1955 2207 2110 2273 Quod
2170 2221 2293 2261 cum
2345 2209 2420 2261 ita
2475 2208 2567 2273 sit,
2625 2207 2695 2262 ad
2762 2207 3188 2262 describendum
3244 2205 3483 2273 idipsum
3540 2218 3604 2258 ac

1955 2295 2192 2363 posteris
2239 2295 2629 2350 notiticandum
2680 2309 2813 2350 mea
2852 2294 3148 2362 imperitia
3196 2306 3412 2347 manum
3464 2292 3603 2346 cha-

1954 2385 2168 2439 ritativa
2225 2383 2453 2440 fratrum
2513 2391 2824 2440 nostrorum
2893 2383 3107 2439 exactio
3163 2380 3428 2452 suggerit,
3488 2395 3598 2436 nou

1951 2473 2080 2541 quia
2112 2473 2224 2528 illis
2263 2474 2452 2541 quavis
2511 2481 2765 2542 prastem
2823 2473 3074 2537 scientia,
3117 2485 3239 2526 cum
3288 2470 3472 2526 cuncti
3513 2483 3597 2524 me

1952 2563 2245 2631 probitate,
2324 2564 2575 2619 nonnulli
2649 2564 2812 2618 etiam
2886 2562 3202 2618 intellectus
3277 2559 3598 2630 pracellant

1952 2652 2329 2720 perspicacia;
2363 2667 2548 2708 verum
2583 2661 2643 2708 ut
2671 2653 2789 2721 ipsa
2820 2660 3024 2707 sancta
3064 2649 3386 2706 elevationis
3422 2649 3596 2704 series

1949 2740 2170 2809 dignior
2207 2747 2516 2803 censeatur,
2558 2740 2605 2794 si
2637 2740 2860 2808 majoris
2890 2739 3129 2794 nominis
3168 2738 3348 2804 titulo,
3382 2737 3597 2792 scilicet

1949 2829 2162 2883 abbatis
2199 2830 2421 2884 nomine
2471 2829 2820 2898 insigniatur.
2869 2833 3110 2892 Quorum
3151 2833 3332 2882 tamen
3376 2826 3598 2881 conati-

1950 2917 2050 2972 bus
2096 2931 2197 2972 nec
2249 2918 2304 2971 in
2354 2923 2528 2972 totum
2579 2916 2844 2980 renitens,
2895 2929 2997 2970 nec
3045 2916 3102 2970 in
3151 2921 3326 2970 totum
3366 2913 3592 2980 cedens,

1947 3014 2055 3060 tua
2104 3006 2276 3076 magis
2317 3005 2566 3075 judiciali
2614 3005 2905 3059 sententia
2955 3004 3230 3073 relinquo,
3273 3016 3469 3072 meque
3499 3015 3593 3056 se-

210 3090 345 3158 gelii
381 3111 393 3145 :
435 3094 558 3146 Non
604 3095 738 3158 veni,
781 3094 980 3162 inquit,
1022 3095 1222 3148 mittere
1266 3109 1466 3164 pacem,
1499 3094 1593 3148 sed
1630 3081 2228 3163 gladiumBquendum
2277 3093 2541 3162 proﬁteor
2588 3092 2856 3162 quidquid
2898 3107 3066 3161 super
3103 3092 3210 3147 hoc
3249 3090 3590 3160 potissimum

216 3179 440 3248 (Matth.
500 3196 553 3242 x,
613 3180 733 3249 34).
793 3181 948 3248 Quod
1013 3189 1194 3237 autem
1260 3183 1648 3238 sublimitatem
1716 3191 1861 3238 tuam

209 3267 417 3322 talibus
484 3271 774 3339 imperitia
841 3284 976 3326 mea
1043 3272 1394 3326 convenerim
1445 3272 1648 3336 verbis,
1717 3271 1860 3326 haud

209 3362 423 3411 tantum
482 3359 809 3413 temeritatis
865 3368 1128 3428 quantum
1180 3360 1446 3414 instinctu
1495 3360 1678 3429 agitur
1725 3361 1860 3415 cha-

207 3445 411 3512 ritatis,
461 3461 584 3515 qua
627 3449 782 3516 juxta
829 3450 1151 3515 Apostolum
1201 3451 1379 3503 omnia
1425 3453 1624 3518 sperat.
1688 3449 1861 3503 omnia

205 3534 396 3600 credit,
447 3538 620 3590 omnia
665 3537 883 3592 sustinet
935 3536 989 3605 (I
1017 3539 1138 3593 Cor.
1181 3553 1298 3599 xm,
1329 3538 1406 3607 7).
1458 3537 1614 3591 Salus
1657 3537 1859 3592 etenim

207 3624 448 3690 pastoris
489 3632 603 3680 tuta
649 3641 779 3695 spes
825 3632 908 3681 est
960 3627 1162 3696 gregis.
1219 3629 1350 3680 Nam
1394 3633 1680 3695 postquam
1722 3640 1856 3694 pro-

205 3713 383 3768 merui
414 3713 481 3768 ad
527 3721 637 3770 tua
682 3721 925 3784 paterna
965 3716 1251 3770 charitatis
1280 3715 1673 3786 benignitatem
1705 3716 1854 3768 noti-

205 3801 382 3866 ticari,
441 3804 655 3858 tametsi
715 3804 995 3858 minimum
1057 3803 1346 3873 profuerit,
1400 3816 1619 3873 semper
1675 3811 1855 3858 tamen

202 3896 316 3944 tua
346 3890 537 3946 salutis
583 3891 856 3946 sollicitus
885 3891 980 3957 fui,
1017 3898 1072 3947 et
1109 3907 1360 3961 quosque
1401 3893 1466 3947 ad
1509 3905 1613 3947 nos
1645 3892 1713 3947 de
1743 3891 1855 3946 illis

200 3980 454 4047 partibus
489 3982 939 4049 supervenientes
979 3981 1047 4036 de
1096 3981 1314 4037 fortuna
1366 3982 1445 4036 tui
1501 3980 1851 4050 percunctari

200 4067 425 4134 solitus,
474 4069 601 4123 dum
661 4070 989 4125 incolumem
1042 4085 1105 4126 ac
1153 4071 1422 4125 valentem
1465 4078 1610 4125 tuam
1659 4069 1851 4124 haberi

201 4157 545 4213 nobilitatem
572 4159 999 4227 comperiebam,
1028 4159 1364 4229 gaudebam;
1423 4160 1566 4214 sicut
1596 4173 1626 4214 e
1658 4166 1850 4214 contra

196 4244 329 4300 dum
369 4260 589 4316 agram,
632 4246 992 4302 condolebam
1029 4267 1040 4302 :
1084 4248 1290 4317 quippe
1329 4247 1424 4317 qui
1463 4250 1624 4302 Pater
1662 4253 1850 4301 noster

197 4334 466 4402 spiritalis
510 4350 574 4391 ac
612 4350 855 4390 summus
886 4343 1105 4405 pastore
1141 4337 1382 4392 haberis.
1431 4338 1704 4392 Praterea
1743 4335 1845 4390 de-

1937 3182 2266 3249 judicaverit
2315 3182 2659 3250 paternitatis
2688 3189 2797 3237 tua
2837 3180 3146 3246 celsitudo;
3189 3181 3264 3235 ita
3293 3186 3477 3234 tamen
3508 3183 3588 3240 ut,

1941 3273 1985 3324 si
2045 3271 2221 3326 relatu
2279 3271 2500 3342 dignum
2565 3271 2829 3337 duxeris,
2889 3284 3173 3339 meamque
3238 3268 3586 3339 exiguitatem

1941 3360 2236 3429 imperiosa
2274 3361 2621 3416 auctoritatis
2670 3369 2778 3415 tua
2830 3360 3074 3428 potentia
3122 3357 3191 3412 ad
3221 3357 3277 3411 id
3310 3357 3585 3412 denotan-

1940 3450 2068 3503 dum
2099 3448 2404 3518 impuleris,
2437 3463 2558 3503 cum
2592 3449 2701 3503 tuis
2735 3448 2941 3502 sanctis
2971 3453 3259 3516 promptus
3287 3459 3389 3515 pro
3422 3458 3583 3514 posse

1941 3551 2175 3606 paruero
2238 3537 2600 3604 jussionibus,
2661 3543 2769 3590 tua
2831 3535 3178 3604 paternitatis
3239 3533 3582 3590 excellentia

1939 3631 2217 3693 utcunque
2255 3631 2574 3692 congestum
2606 3624 2816 3679 venerit
2853 3623 2918 3677 ad
2953 3636 3164 3687 manus,
3200 3636 3433 3691 quaque
3465 3623 3582 3689 ejus

1937 3713 2210 3782 superﬂua
2250 3713 2570 3780 apostolica
2619 3712 2964 3767 auctoritatis
3003 3709 3353 3767 confodiatur
3381 3709 3578 3774 obelis,

1937 3804 2116 3858 minus
2155 3803 2300 3856 dicta
2349 3802 2724 3857 dilucidentur
2772 3801 3089 3866 asteriscis;
3130 3806 3402 3870 quatenus
3438 3799 3582 3854 sicut

1936 3899 2027 3946 tua
2067 3891 2462 3961 gloriosissima
2510 3898 2566 3945 et
2603 3898 2917 3960 exspectata
2973 3897 3178 3946 sancta
3235 3887 3582 3948 auctoritatis

1935 3981 2228 4050 prasentia
2269 3981 2458 4035 eadem
2508 3994 2663 4035 sacra
2711 3980 2943 4036 elevatio
2991 3979 3275 4050 magniﬁca
3322 3979 3577 4045 habetur,

1931 4071 2012 4124 sic
2041 4069 2285 4139 ejusdem
2317 4070 2602 4125 denotatio
2632 4069 2825 4125 eodem
2857 4069 3216 4139 astipulatore
3245 4082 3310 4123 ac
3341 4067 3579 4138 praside

1931 4159 2344 4214 corroboretur.

2447 4300 2686 4356 Widom‘s
2722 4301 3053 4369 rescriptam.

195 4423 349 4477 votio
407 4425 754 4493 paternitatis
810 4403 939 4488 tua,
982 4438 1105 4493 qua
1163 4425 1410 4480 elevandi
1469 4423 1720 4492 corporis
1785 4403 1904 4477 δα
2004 4427 2159 4481 Wmo
2207 4427 2500 4480 Remorum
2549 4423 3000 4493 archiepiscopus
3040 4420 3336 4478 venerabili
3384 4421 3568 4478 abbati

195 4511 405 4566 Bertini
445 4513 624 4567 causis
674 4513 878 4567 dudum
930 4519 1036 4566 tam
1086 4519 1339 4581 prompte
1385 4520 1604 4580 tamque
1644 4511 1841 4566 devote

193 4599 510 4662 deservivit.
563 4614 665 4656 nos
723 4601 972 4656 ﬁdelitati
1023 4606 1132 4656 tua
1188 4600 1455 4670 gravioris
1509 4600 1680 4654 debiti
1731 4599 1837 4654 ob-

193 4688 396 4744 noxios
435 4689 697 4755 reddidit,
732 4698 791 4745 ut
830 4691 1038 4761 jugiter
1075 4690 1303 4744 salutem
1345 4695 1488 4743 tuam
1538 4688 1836 4756 suspirare,

185 4777 497 4846 eademque
571 4779 832 4834 continua
905 4780 1363 4835 iutercessionum
1441 4787 1564 4833 vota
1638 4777 1839 4832 divinis

183 4867 422 4922 auribus
485 4867 750 4923 debemus
814 4867 1125 4924 infundere.
1193 4870 1324 4935 Qua
1382 4882 1471 4922 res
1535 4867 1718 4932 etiam,
1779 4874 1839 4920 ut

183 4955 434 5010 Charitas
479 4963 571 5010 tua
609 4957 876 5023 meminit,
916 4957 1223 5027 apprimum
1266 4971 1439 5012 meam
1486 4956 1834 5025 exiguitatem

184 5049 303 5099 tua
368 5044 790 5114 magniﬁcentia
857 5045 1128 5102 notiﬁcari
1195 5045 1478 5115 compulit.
1533 5045 1698 5113 Cujus
1755 5045 1835 5099 rei

180 5133 368 5204 gratia
417 5148 542 5188 cum
593 5142 738 5189 tuam
777 5135 1012 5190 adissem
1072 5135 1474 5206 paternitatem,
1515 5149 1680 5203 super
1727 5133 1834 5188 hoc

180 5229 303 5277 tua
332 5222 643 5278 consultum
683 5225 1034 5293 quasiturus,
1070 5238 1180 5280 non
1227 5225 1392 5280 modo
1422 5224 1489 5278 ad
1535 5223 1834 5292 investiga-

178 5312 397 5366 tionem
445 5325 619 5367 meam
667 5313 801 5367 satis
845 5313 968 5368 utili
1007 5313 1240 5370 consilio
1291 5315 1611 5376 instructus,
1644 5326 1829 5366 verum

176 5401 353 5458 etiam
410 5408 725 5471 exspectata
789 5402 1054 5457 adventus
1111 5402 1189 5457 tui
1253 5402 1552 5471 sponsione
1609 5401 1829 5457 domum

170 5489 328 5548 redii
371 5489 548 5546 latus.
603 5492 724 5553 Ubi,
776 5491 996 5546 domine
1039 5493 1214 5557 Pater,
1247 5505 1369 5546 cum
1401 5492 1550 5548 dicto
1590 5491 1679 5546 die
1719 5504 1825 5546 una

169 5592 309 5635 cum
349 5586 539 5635 sancto
585 5579 718 5635 cleri
768 5580 844 5636 tui
895 5586 1166 5636 conventu
1215 5579 1456 5646 adesses,
1508 5585 1670 5648 atque
1711 5579 1824 5635 ele-

1927 4515 2152 4567 BOVONL

1994 4601 2259 4668 Quoniam
2309 4615 2477 4669 opera
2514 4601 2729 4656 Domini
2779 4613 3000 4654 narrare
3048 4597 3408 4654 honoriﬁcum
3457 4605 3562 4666 est,

1923 4690 2145 4760 dignum
2195 4689 2446 4745 ducimus
2493 4698 2603 4746 tua
2642 4689 2930 4745 consulere
2981 4687 3347 4758 inquisitioni,
3399 4701 3561 4756 quam

1922 4793 2022 4847 pro
2080 4779 2445 4834 describenda
2502 4779 2818 4834 inventione
2876 4777 3082 4846 pariter
3144 4783 3200 4831 et
3255 4776 3561 4834 elevatione

1921 4867 2172 4936 corporis
2219 4869 2273 4922 S.
2307 4869 2511 4924 Bertini
2565 4868 2725 4923 nobis
2762 4866 3021 4922 eﬁ‘udisti.
3065 4865 3374 4922 Gaudemus
3411 4867 3560 4922 enim

1921 4964 1974 5012 et
2016 4956 2326 5025 judicamus
2370 4956 2608 5024 idipsum
2646 4956 2817 5026 gestis
2864 4954 3194 5011 litteralibus
3237 4954 3559 5024 mancipari,

1920 5046 2063 5100 unde
2102 5047 2214 5100 Deo
2256 5045 2460 5115 placuit
2497 5044 2796 5100 Ecclesiam
2835 5051 3068 5100 vestram
3106 5051 3214 5098 tam
3253 5043 3562 5099 sublimiter

1917 5135 2191 5205 insigniri.
2244 5137 2308 5190 Et
2358 5141 2417 5188 ut
2474 5134 2581 5188 tuis
2627 5134 2878 5204 apicibus
2926 5133 3223 5200 denotasti,
3273 5148 3396 5188 cum
3439 5132 3557 5189 hac

1916 5231 2012 5278 tuo
2057 5223 2198 5293 stylo
2229 5224 2506 5293 descripta
2545 5223 2769 5289 fuerint,
2803 5223 2964 5279 nobis
2997 5221 3284 5278 referenda
3323 5220 3554 5276 manda-

1915 5327 2066 5379 mus,
2128 5320 2235 5367 tua
2292 5312 2605 5382 paternitali
2671 5315 3052 5383 injungentes,
3114 5321 3174 5366 ut
3229 5311 3372 5366 sicut
3427 5325 3553 5368 vere

1913 5401 2114 5456 factum
2162 5408 2246 5456 est
2293 5401 2576 5457 describas
2617 5422 2629 5457 :
2691 5408 2962 5472 quatenus
3009 5399 3369 5470 descriptioni
3417 5405 3547 5467 tua,

1911 5505 2033 5546 cum
2082 5491 2138 5546 in
2196 5491 2448 5547 manibus
2499 5491 2702 5547 nostris
2750 5491 2982 5558 venerit,
3031 5489 3166 5546 nihil
3223 5491 3296 5545 sit
3340 5489 3546 5547 addere

1909 5580 2276 5634 necessarium
2307 5580 2390 5635 vel
2419 5579 2654 5636 auferre.
2686 5579 2948 5636 Fideliter
2977 5579 3137 5650 plane
3164 5579 3541 5651 veraciterque
