4106 6178
536 302 671 359 1143

1659 297 1986 353 FOLCARDI
2025 296 2323 354 MONACHI
2363 293 2801 351 SITHIVIENSIS

3761 281 3891 337 1144

528 428 658 486 talia
696 428 918 497 oportet
955 423 1217 486 describi,
1248 427 1308 479 ut
1348 424 1469 478 haec
1506 422 1625 492 ipsa
1663 421 1714 477 ei
1763 421 2035 493 placeant,
2069 422 2166 492 qui
2190 418 2515 488 Afastidiat,
2572 418 2661 474 his
2707 413 3036 486 abjectionis
3089 416 3295 468 nostra:
3351 410 3598 466 oleribus
3651 407 3897 479 aliquan-

530 534 588 574 se
620 518 914 574 Veritatem
944 514 1259 570 innotescit.
1291 512 1441 567 Vale.

717 606 942 662 Bovom's
971 602 1189 675 epistola
1221 584 1547 657 dedicatoria
1577 602 1646 656 αἰ
1688 601 1981 657 Widonem.

604 695 844 753 Glorioso
895 694 992 748 Dei
1038 684 1211 760 gratia
1270 691 1455 745 domno
1505 692 1722 745 Winom
1781 690 2171 761 archiepiscopo

533 802 647 841 cum
675 784 811 840 omni
838 796 947 837 sua:
974 795 1112 835 cum
1149 780 1345 834 credito
1373 783 1571 834 sancta:
1613 780 1861 835 Ecclesia:
1910 780 2174 835 Bernensis

532 874 691 937 clero,
729 872 896 941 frater
944 871 1094 925 Bovo
1139 872 1387 940 peccator
1433 884 1581 939 quem
1628 869 1803 925 dicunt
1832 868 2175 925 Sithiensium

532 962 791 1025 abbatem,
845 959 1051 1013 beatam
1098 972 1210 1012 cum
1256 957 1457 1012 dextra:
1509 958 1678 1029 partis
1734 957 1913 1013 ovibus
1961 957 2172 1029 portio-

530 1066 663 1106 nem.

602 1139 869 1206 Suscepto
920 1134 1241 1191 reverentiae
1280 1140 1388 1191 tum
1419 1133 1697 1202 mandato,
1739 1147 1772 1190 o
1812 1133 2012 1203 praesul
2053 1148 2174 1189 ma-

529 1224 998 1297 gniﬁcentissime,
1048 1236 1158 1293 quo
1205 1222 1562 1279 elevationem
1613 1224 1949 1279 sacrosancti
1997 1222 2174 1278 Patris

536 1316 708 1371 nostri
778 1312 986 1368 Bertini
1048 1311 1210 1380 jubes
1268 1312 1528 1382 pauperis
1583 1312 1709 1382 styli
1765 1312 1943 1367 nostri
2002 1311 2173 1367 ordiri

532 1403 910 1466 denotatione,
951 1406 1063 1455 tum
1097 1399 1340 1470 ejusdem
1372 1401 1545 1455 sancti
1593 1400 1682 1469 pia
1713 1400 2029 1467 devotione,
2062 1406 2174 1455 tum

535 1500 643 1549 tua:
672 1489 993 1561 apostolica:
1023 1488 1367 1543 auctoritatis
1392 1489 1785 1558 praaceptione,
1816 1497 1926 1545 tum
1950 1488 2176 1545 fratrum

535 1588 849 1637 nostrorum
906 1577 1224 1648 quotidiana
1283 1577 1684 1632 obsecrationis
1741 1578 2176 1647 importunitate,

536 1685 603 1726 ne
643 1676 752 1725 tuae
799 1667 1145 1723 celsitudinis
1190 1665 1425 1734 jnssioni
1477 1666 1788 1721 contrarius
1833 1668 2043 1733 videar,
2076 1681 2177 1736 pro

2252 510 2428 578 tisper
2482 508 2640 563 vobis
2695 519 2817 563 cum
2874 503 3073 559 vestris
3127 499 3416 557 intendere
3473 498 3665 564 libeat,
3722 497 3901 554 donec

2255 598 2520 653 examinis
2547 595 2715 652 vestri
2755 593 3031 649 sententia
3069 590 3414 647 discernatur
3441 593 3624 643 utrum
3655 586 3741 642 vel
3780 600 3902 656 par-

2255 688 2502 743 vulorum
2553 685 2745 741 usibus
2797 683 2964 753 digna
3017 695 3085 736 an
3144 680 3367 751 indigna
3422 677 3713 733 habeatur.
3761 677 3898 731 Hinc

2255 776 2450 832 affectu
2502 774 2726 830 infantis
2773 771 3167 842 quodcunque,
3209 767 3446 823 audierit
3488 764 3591 821 fari
3642 764 3897 830 volentis,

2254 866 2350 921 sed
2384 864 2617 921 necdum
2648 862 2813 917 verba
2845 861 2911 915 ad
2952 859 3172 929 plenum
3204 856 3440 913 formare
3480 855 3747 925 potentis,
3779 867 3899 908 cum

2255 954 2550 1011 nonnullas
2594 965 2777 1008 rerum
2826 948 3242 1006 convenientias
3294 944 3606 1001 scribendis
3657 942 3904 1014 gestibus

2255 1042 2487 1100 antehac
2537 1040 2855 1112 pervenisse
2902 1035 3266 1102 meminerim,
3317 1047 3549 1105 quorum
3599 1031 3760 1102 plura
3803 1046 3902 1102 ego

2254 1134 2374 1204 ipse
2402 1131 2655 1197 viderim,
2695 1127 2945 1200 quaedam
2977 1127 3245 1196 majorum
3276 1123 3422 1179 baud
3461 1120 3902 1193 spernendorum

2254 1224 2496 1278 virorum
2544 1220 2721 1276 relatu
2765 1216 3077 1282 didicerim,
3117 1214 3421 1283 eademque
3479 1211 3573 1267 hic
3622 1216 3904 1280 utcunque

2256 1311 2570 1369 balbutiens
2617 1308 2909 1380 praelibare
2948 1319 3108 1376 quam
3154 1308 3338 1360 tacere
3376 1300 3583 1367 malim,
3635 1305 3907 1371 quatenus

2260 1402 2345 1457 his
2383 1400 2505 1456 aliis
2555 1397 2825 1463 admistis,
2857 1394 3136 1466 quomodo
3167 1393 3276 1449 hoc
3311 1398 3563 1462 tempore
3601 1390 3755 1446 circa
3786 1403 3905 1456 nos,

2260 1491 2314 1546 in
2364 1503 2505 1559 quos
2558 1488 2697 1543 ﬁnes
2751 1485 3082 1541 saeculorum
3131 1483 3493 1547 devenerunt,
3534 1479 3908 1535 miriﬁcavcrit

2264 1577 2671 1635 misericordias
2717 1590 2845 1631 suas
2896 1573 3181 1638 Dominus,
3232 1569 3469 1626 lucidius
3516 1569 3740 1625 cunctis
3782 1569 3908 1623 emi-

2262 1673 2370 1734 cet,
2431 1672 2487 1721 et
2541 1679 2608 1720 ex
2664 1664 2771 1720 hoc
2823 1663 3044 1735 dignius
3099 1661 3156 1716 in
3214 1659 3406 1715 laudes
3461 1659 3557 1713 Dei
3618 1657 3908 1727 sanctique

534 1765 698 1828 captu
738 1755 999 1826 ingenioli
1056 1754 1253 1820 nostri,
1305 1768 1628 1823 quamquam
1687 1756 1867 1810 minus
1918 1738 2349 1820 idoneus,Bsui
2406 1754 2611 1812 Bertini
2663 1760 2812 1810 totus
2849 1760 3055 1831 nostra:
3102 1749 3384 1822 religionis
3421 1747 3703 1804 incolatus
3740 1747 3909 1817 tripu-

535 1861 652 1902 eam
684 1854 963 1913 utcunque
989 1852 1310 1899 narraturus
1334 1843 1641 1913 aggrediar.
1665 1845 1908 1914 Cumque
1933 1845 2180 1900 veritatis

536 1936 674 1991 viam
733 1947 995 1989 cursurus
1051 1937 1254 1987 nostrae
1314 1932 1710 1987 imbecillitatis
1767 1933 2017 1988 manibus
2067 1935 2178 2003 jam

536 2023 714 2079 ventis
734 2022 850 2091 vela
884 2020 1293 2090 praetenderim,
1316 2020 1361 2074 si
1393 2018 1575 2075 forsan
1608 2020 1819 2075 aemulae
1841 2022 2182 2091 tempestatis

538 2113 787 2167 turbines
825 2109 1150 2180 naufragosa
1177 2109 1497 2164 discrimina
1527 2109 1938 2175 intentaverint,
1974 2116 2081 2166 tua:
2111 2111 2179 2165 ad

537 2202 657 2257 haec
714 2199 970 2254 stationis
1027 2200 1149 2253 sinu
1208 2198 1542 2253 recreandns
1598 2199 1859 2268 excipiar,
1914 2200 2181 2256 beneﬁdaa

537 2304 729 2345 manus
766 2288 1001 2343 tuitione
1033 2285 1307 2341 defenser.
1346 2288 1449 2340 Par
1476 2293 1559 2341 est
1590 2287 1733 2341 enim
1765 2303 1850 2343 me
1881 2295 1988 2345 tua:
2027 2288 2183 2344 nobi—

537 2379 706 2434 litatis
770 2375 940 2431 tutela
1008 2374 1374 2431 conﬁdentem
1443 2388 1599 2431 muro
1669 2382 1777 2432 tum
1843 2376 2183 2433 defensionis

538 2466 773 2538 protegi,
834 2466 991 2533 cujus
1035 2466 1190 2533 jussu
1240 2470 1407 2519 tanta;
1457 2463 1617 2519 molis
1655 2478 1821 2520 onera
1870 2480 2179 2535 quanquam

537 2554 747 2625 fragilis
776 2553 1100 2623 perferenda
1132 2553 1371 2621 suscepi.

613 2643 818 2700 Dehinc
866 2657 963 2698 vos
1018 2646 1223 2697 sanctae
1261 2642 1548 2696 Remensis
1596 2642 1856 2699 Ecclesiae
1904 2643 2050 2699 ﬁlios
2077 2643 2183 2698 do-

542 2733 720 2789 minos
766 2738 987 2787 nostros
1032 2730 1265 2801 supplex
1313 2729 1577 2800 deposco,
1633 2738 1906 2801 quatenus
1955 2731 2181 2787 fraterni

542 2822 685 2892 pacti
736 2820 1172 2884 reminiscentes,
1225 2833 1372 2874 nunc
1420 2818 1551 2873 mihi
1610 2820 1731 2875 sitis
1779 2820 2039 2890 praesidio
2075 2842 2087 2875 :
2130 2828 2185 2875 et

541 2909 983 2981 quandocunque
1045 2909 1165 2964 haec
1232 2913 1436 2963 nostra:
1503 2910 1832 2979 nugacitatis
1897 2910 2186 2979 congeries

541 2998 843 3067 apostolica
894 2996 1209 3067 porrigente
1266 2997 1489 3051 dextera
1533 3003 1741 3051 vestras
1799 2998 2083 3052 devenerit
2128 2998 2184 3052 in

2260 1846 2539 1989 duaDehinc
2568 1931 2805 2003 diligens
2834 1930 3011 1985 lector
3039 1927 3185 1983 haud
3215 1926 3348 1981 mihi
3379 1938 3529 1980 nunc
3566 1923 3909 1994 indignetur,

2261 2024 2306 2079 si
2356 2021 2784 2092 simplicioribus
2831 2019 3036 2075 nostris
3087 2016 3316 2073 notandi
3366 2014 3625 2085 opusculi
3679 2014 3911 2069 intentio

2263 2112 2603 2183 praelibetur,
2637 2124 2705 2165 ne
2744 2122 2866 2165 cum
2905 2107 3070 2163 solito
3109 2105 3333 2161 duriora
3373 2103 3624 2174 legentes
3664 2102 3913 2158 offende-

2264 2202 2466 2266 derint,
2518 2199 2911 2261 extimescant;
2962 2195 3058 2252 sed
3109 2193 3388 2265 quomodo
3434 2198 3489 2248 et
3528 2192 3598 2247 ad
3652 2191 3807 2262 quod
3835 2190 3915 2245 di-

2263 2296 2457 2347 cantur
2494 2288 2893 2359 signiﬁcantius
2931 2286 3171 2354 capiant.
3229 2283 3452 2338 Dulcior
3489 2281 3707 2352 quippe
3758 2281 3915 2335 nobis

2264 2388 2349 2436 est
2395 2392 2557 2448 apum
2595 2377 2770 2441 labor,
2803 2377 2848 2430 si
2900 2375 3053 2445 prius
3099 2387 3195 2429 ora
3242 2372 3467 2427 tinxerit
3507 2368 3693 2426 malus
3729 2383 3913 2438 sapor.

2263 2468 2480 2522 Gratius
2535 2474 2679 2521 astra
2735 2466 2960 2529 micant,
3023 2462 3115 2518 ubi
3181 2469 3347 2518 notus
3401 2459 3577 2515 nubes
3646 2458 3915 2529 fugaverit

2265 2556 2639 2611 densissimas.
2693 2554 2845 2609 Haud
2892 2567 3054 2608 secus
3102 2550 3410 2607 Dominicas
3446 2549 3731 2618 imprimis
3775 2561 3919 2604 com-

2267 2646 2595 2699 minationes
2633 2651 2796 2712 atque
2835 2641 3223 2711 castigationes
3271 2653 3330 2694 re
3366 2644 3521 2709 gesta
3558 2652 3691 2692 cum
3732 2637 3920 2691 subse-

2267 2741 2470 2804 quente
2531 2741 2792 2803 provectu
2850 2731 3051 2785 divinze
3107 2728 3504 2784 misericordiae
3566 2735 3918 2796 posterorum

2267 2823 2570 2877 traditurus
2626 2821 2925 2885 memoriae,
2967 2820 3115 2888 pium
3165 2832 3229 2873 ac
3278 2818 3482 2887 justum
3517 2817 3777 2885 judicem
3824 2816 3920 2869 Do-

2266 2911 2471 2965 minum
2502 2917 2747 2965 nostrum
2781 2921 2882 2963 nos
2914 2907 3293 2976 multipliciter
3320 2905 3744 2975 delinquentes,
3781 2918 3921 2959 nunc

2272 3000 2435 3055 minis
2488 2999 2603 3054 suis
2658 2998 3008 3063 terriﬁcasse,
3058 3010 3202 3052 nunc
3257 2995 3412 3050 duris
3464 2994 3919 3064 objurgationum

545 3099 756 3150 manus,
808 3084 985 3139 eidem
1038 3090 1251 3139 vestros
1302 3084 1634 3139 reverendos
1679 3098 1747 3139 ne
1794 3086 2051 3141 avertatis
2094 3059 2248 3140 in-C‘
2273 3102 2492 3143 suarum
2539 3087 2970 3143 immissionibus
3007 3086 3171 3156 digne
3209 3084 3490 3140 multoties
3529 3059 3775 3138 dixerim
3808 3097 3921 3139 cor-

544 3173 753 3239 tuitus;
795 3173 891 3228 sed
932 3187 1165 3242 quaeque
1196 3174 1314 3242 ejus
1352 3172 1556 3227 insulsa
1596 3173 1707 3228 sale
1737 3180 1932 3229 vestrae
1972 3175 2186 3244 peritiae

538 3263 694 3331 jussu
729 3262 937 3317 domini
970 3260 1379 3331 archipraasulis
1400 3260 1628 3316 condire
1668 3275 1777 3317 non
1818 3265 2048 3333 negetis,
2082 3265 2187 3319 sic-

545 3365 651 3421 que
698 3348 895 3405 fratres
946 3348 1130 3404 fratris
1168 3364 1335 3405 onera
1368 3352 1435 3406 ad
1478 3352 1688 3420 jussum
1746 3352 1993 3421 Apostoli
2042 3352 2186 3409 ferre

539 3441 743 3511 juvetis
771 3438 914 3508 (Gal.
946 3455 1022 3505 v1,
1055 3438 1129 3507 2}.
1172 3441 1289 3495 Non
1321 3447 1500 3496 autem
1531 3446 1851 3511 congestum
1882 3450 1965 3496 est
1993 3447 2053 3498 ut
2081 3442 2187 3499 hoc

546 3529 651 3585 sibi
701 3529 1002 3598 peritorum
1055 3528 1281 3584 solertia
1332 3529 1609 3601 dignetur,
1642 3529 1737 3585 sed
1777 3536 1837 3585 ut
1879 3530 1935 3585 in
1964 3531 2072 3587 hoc
2102 3531 2186 3588 vel

545 3618 913 3687 simpliciores
958 3618 1133 3671 nostri
1173 3618 1503 3697 meditantes
1551 3623 1912 3687 occupentur,
1952 3625 2045 3675 aut
2083 3620 2190 3674 sal-

547 3716 654 3764 tem
688 3714 841 3776 parta
862 3706 1106 3761 dictandi
1132 3708 1390 3762 materies
1417 3706 1546 3762 inde
1578 3708 1758 3775 perito
1779 3706 2032 3776 cuiquam
2056 3723 2191 3777 quo-

548 3796 951 3864 modocumque
972 3794 1257 3859 habeatur,
1283 3796 1547 3860 utetiam,
1567 3797 1720 3864 juxta
1749 3796 2067 3865 Apostolum
2094 3797 2189 3866 qui

556 3899 663 3939 non
697 3884 963 3938 laboravit
1004 3883 1110 3937 sibi
1148 3884 1273 3950 soli,
1305 3884 1400 3939 sed
1441 3884 1697 3939 omnibus
1726 3884 1778 3953 (Ι
1803 3886 1924 3941 Cor.
1955 3900 2043 3952 xv,
2082 3884 2187 3950 10),

557 3973 751 4029 sedulo
797 3974 852 4025 in
891 3971 1110 4028 Christo
1150 3972 1399 4028 laborare
1428 3973 1739 4029 volentibus
1775 3974 1950 4030 series
1987 3978 2190 4029 nostrae

556 4061 823 4117 orationis
871 4061 1138 4126 ordiatur,
1189 4070 1301 4116 tum
1347 4076 1478 4117 vero
1535 4063 1813 4131 exemplar
1865 4064 2025 4127 Iusti,
2078 4070 2190 4118 tum

554 4149 777 4221 quidem
820 4150 923 4204 viri
979 4150 1262 4218 speculum
1311 4166 1412 4220 pro
1466 4165 1626 4220 posse
1682 4156 1873 4208 nostro
1925 4152 2189 4207 imitetur.

553 4240 655 4296 Sic‘
690 4252 821 4310 ergo
869 4238 980 4304 ﬁat,
1021 4244 1080 4293 ut
1127 4245 1183 4294 et
1229 4238 1477 4294 deliciosi
1527 4240 1771 4310 reperire
1808 4241 2023 4295 valeant
2060 4240 2192 4311 quid

552 4334 765 4399 optent,
807 4333 862 4383 et
907 4326 1045 4383 fame
1083 4329 1284 4397 sitique
1324 4330 1530 4399 gravati
1559 4330 1798 4386 viatores
1836 4329 1981 4385 unde
2020 4329 2198 4385 Domi~

552 4431 679 4472 num
721 4417 826 4472 sibi
866 4417 1185 4473 concilient.
1235 4420 1302 4472 At
1340 4432 1469 4474 vero
1518 4419 1611 4487 qui
1660 4422 1807 4485 sunt,
1862 4426 1917 4473 et.
1959 4434 2083 4488 quae
2132 4433 2196 4474 ac

554 4507 754 4576 quibus
786 4505 1094 4571 infundant,
1139 4521 1276 4575 puer
1314 4509 1596 4577 ASgyptius
1625 4507 1677 4561 in
1708 4506 1792 4561 via
1833 4507 2137 4562 lassescens
2164 4520 2197 4561 a

553 4594 776 4648 domino
825 4606 925 4647 suo
972 4593 1269 4647 Amalecita
1325 4594 1572 4661 abjectns
1620 4608 1861 4664 congrue
1906 4594 2192 4649 dilucidat.

553 4682 652 4750 Qui
684 4697 714 4736 a
755 4681 917 4736 David
968 4688 1335 4750 persequente
1385 4690 1637 4751 repertus
1674 4696 1739 4737 ac
1768 4682 2011 4751 ejusdem
2042 4683 2198 4752 dapi-

556 4772 657 4827 bus
702 4769 1041 4826 sufﬁcienter
1084 4770 1342 4835 refectus,
1385 4771 1559 4826 eidem
1594 4785 1701 4827 non
1743 4772 1916 4827 solum
1951 4771 2018 4827 ad
2051 4773 2196 4826 inse-

556 4860 831 4930 quendum
880 4859 1228 4913 Amalecitam
1287 4862 1656 4929 conjungitur,
1699 4860 1795 4917 sed
1844 4865 1900 4916 et
1942 4874 2008 4916 eo
2055 4861 2195 4917 duce

555 4947 819 5019 profanus
875 4947 967 5002 ille
1018 4947 1273 5003 inventus
1329 4949 1635 5018 perimitur.
1691 4949 1770 5004 Ad
1830 4949 1928 5004 has
1976 4963 2198 5019 quoque

560 5036 885 5107 quihusdam
916 5037 1176 5091 ’invitatis
1205 5037 1331 5092 dum
1363 5038 1538 5092 varias
1578 5039 1930 5094 occasionum
1979 5051 2199 5093 suarum

562 5141 753 5182 causas
782 5126 1151 5195 praetendunt,
1183 5140 1472 5195 pauperes,
1506 5127 1737 5193 debiles,
1771 5128 1904 5184 caeci
1935 5133 1989 5183 et
2019 5127 2199 5183 claudi

561 5214 629 5269 ad
670 5216 847 5271 exitus
890 5216 1097 5271 viarum
1149 5215 1353 5284 reperti
1390 5216 1613 5271 admissi
1673 5222 1820 5271 sunt.
1880 5216 1977 5272 His
2033 5216 2201 5287 igitur

561 5303 927 5373 simpliciores
965 5306 1140 5360 nostri
1179 5305 1566 5362 accumbentes
1596 5305 1950 5371 consedeant,
1982 5305 2038 5360 hi
2073 5305 2197 5372 soli,

563 5391 645 5446 lac
675 5401 920 5448 nostrum
977 5395 1267 5464 sumpturi,
1319 5395 1637 5464 participari
1694 5394 2094 5465 congaudeant.
2138 5395 2202 5449 Et

565 5495 633 5535 ne
664 5489 894 5537 vestram
926 5484 1402 5554 magniﬁcentiam,
1436 5498 1469 5541 ο
1498 5485 1599 5539 viri
1639 5484 1950 5553 apostolici,
1984 5483 2201 5539 illarum

568 5567 891 5626 sufﬁcientia
922 5571 1232 5628 divitiarum
1262 5578 1370 5629 tam
1401 5573 1721 5643 quotidiana
1754 5578 1973 5643 tamque
2010 5571 2202 5628 sedula

2268 3178 2497 3244 rexisse,
2531 3180 2803 3247 quatenus
2848 3176 3011 3231 nobis
3041 3174 3284 3245 ejusdem
3332 3172 3457 3227 mali
3497 3173 3726 3241 saporis
3766 3181 3919 3244 gustu

2268 3267 2335 3322 ad
2367 3274 2582 3335 tempus
2619 3265 2979 3331 exacerbatis,
3023 3269 3146 3334 post
3176 3261 3621 3333 supervenientis
3659 3276 3802 3333 grex
3833 3263 3919 3317 Dei

2268 3356 2605 3425 gratioribus
2651 3354 3019 3409 exhilaremur
3065 3352 3265 3418 donis;
3318 3359 3484 3421 atque
3533 3350 3712 3406 toties
3760 3366 3921 3421 super

2269 3457 2373 3499 nos
2420 3443 2577 3499 factae
2622 3443 2951 3498 visitationis
2988 3454 3207 3510 semper
3253 3452 3546 3504 memores,
3600 3439 3660 3493 in
3710 3439 3918 3508 reliqua

2269 3532 2395 3587 vitaz
2443 3540 2647 3586 nostra:
2696 3537 2945 3600 tempora
2989 3529 3161 3584 simus
3206 3526 3638 3583 emendatiores.
3692 3528 3920 3581 Verum-

2270 3626 2451 3675 tamen
2484 3633 2594 3674 nou
2624 3619 2745 3674 haec
2783 3617 3081 3673 Dominicze
3119 3616 3448 3672 invectionis
3484 3614 3708 3685 ﬂagella
3740 3618 3918 3683 cujus-

2272 3722 2431 3779 quam
2473 3722 2636 3763 aures
2681 3706 2980 3772 oﬁ‘endant,
3013 3705 3110 3760 sed
3159 3705 3341 3773 potius
3388 3704 3715 3773 quicunque
3749 3704 3837 3758 his
3862 3718 3915 3757 se

2271 3799 2635 3864 correxerint,
2687 3798 2742 3851 in
2799 3796 3205 3865 susceptionem
3271 3794 3506 3850 ﬁliorum
3561 3794 3919 3863 recipiendos

2272 3887 2672 3957 congaudeant,
2716 3886 3024 3953 recolentes
3069 3884 3217 3954 quod
3270 3897 3426 3939 sacra
3480 3884 3777 3953 Scriptura
3828 3897 3921 3938 nos

2272 3977 2495 4031 instruit
2522 3996 2534 4031 :
2567 3974 2827 4045 [ﬂagellat
2857 3973 3107 4029 Dominus
3130 3986 3326 4027 omnem
3356 3970 3519 4040 ﬁlium
3547 3986 3703 4042 quem
3732 3972 3917 4044 recepit

2275 4063 2453 4128 (Hebr.
2487 4079 2583 4131 χιι,
2615 4063 2692 4135 6),
2725 4070 2833 4118 etc.

2736 4151 2916 4206 NARR
2924 4151 3076 4205 ATIO
3125 4149 3453 4205 AUCTORIS

2354 4243 2400 4296 l.
2430 4241 2653 4298 Cunctis
2700 4254 2934 4310 namque
2971 4244 3177 4294 sanctae
3223 4239 3319 4293 Dei
3359 4237 3626 4293 Ecclesiae
3668 4238 3802 4293 ﬁliis
3839 4239 3925 4292 ba-

2276 4333 2439 4388 betur
2493 4330 2835 4386 notissimum
2895 4328 3167 4383 civitatem
3224 4326 3564 4382 Hierusalem
3620 4327 3919 4397 quondam.

2276 4423 2420 4477 sicut
2475 4419 2786 4489 evangelica
2843 4417 3112 4487 approbat
3170 4417 3422 4480 assertio,
3483 4417 3923 4472 misericorditer

2279 4510 2566 4567 deﬂevisse
2613 4509 2945 4563 Salvatorem
2979 4513 3246 4571 nostrum,
3292 4505 3657 4574 ejusdemque
3688 4508 3924 4560 civitatis

2282 4597 2665 4655 comminando
2711 4594 2908 4649 futurae
2955 4595 3130 4649 ruinze
3183 4600 3379 4648 cuncta
3433 4592 3770 4662 praedixisse
3822 4596 3923 4647 dis—

2281 4688 2501 4758 pendia,
2533 4701 2595 4741 ac
2643 4691 2833 4755 postea
2862 4683 2929 4738 ad
2960 4683 3169 4738 dictum
3213 4682 3425 4738 Domini
3464 4683 3779 4753 contigisse
3816 4696 3921 4737 om-

2283 4778 2393 4832 nia.
2446 4775 2596 4830 llaud
2647 4788 2806 4828 secus
2852 4772 3135 4827 modernis
3181 4770 3523 4840 temporibus
3569 4771 3921 4841 exigentibus

2282 4863 2666 4933 iniquitatibus
2718 4861 2943 4927 nostris,
2985 4867 3046 4916 ut
3091 4860 3317 4917 oraculo
3372 4859 3578 4915 caelesti
3643 4867 3919 4916 ostensum

2282 4958 2385 5020 est,
2419 4959 2587 5021 utque
2617 4951 2886 5022 digestum
2919 4963 3091 5020 penes
3119 4962 3221 5005 nos
3259 4949 3535 5003 invenitur
3572 4948 3632 5003 in
3666 4950 3924 5005 memoria

2282 5045 2335 5098 S.
2369 5041 2642 5097 Vincentii
2689 5042 2963 5111 martyris,
3013 5039 3150 5095 ultio
3198 5053 3365 5108 super
3408 5050 3513 5093 nos
3550 5037 3761 5095 divinae
3802 5053 3924 5109 pen-

2287 5132 2451 5187 debat
2498 5130 2911 5202 indignationis,
2946 5143 3157 5199 nosqne
3187 5143 3362 5198 usque
3410 5127 3477 5182 ad
3517 5128 3761 5183 animam
3813 5143 3925 5198 per-

2288 5221 2531 5285 culisset,
2564 5219 2671 5275 nisi
2709 5219 2851 5274 idem
2901 5226 3124 5274 sanctus
3161 5223 3366 5287 martyr
3402 5230 3526 5272 cum
3578 5219 3797 5271 sanctis
3842 5233 3925 5287 pa-

2284 5310 2461 5365 tronis
2515 5308 2741 5372 nostris,
2788 5306 3099 5362 Audomaro
3146 5305 3405 5361 videlicet
3458 5309 3629 5375 atque
3686 5307 3922 5369 Bel-tino.

2284 5400 2681 5454 intercessores
2734 5410 2836 5466 pro
2881 5396 3044 5452 nobis
3090 5408 3274 5451 coram
3322 5394 3555 5449 Domino
3593 5396 3922 5451 assurrexis-

2284 5494 2426 5544 sent.
2487 5488 2683 5542 Verum
2737 5487 3029 5541 miserator
3084 5485 3364 5549 Dominus,
3433 5482 3543 5553 piis
3609 5491 3923 5540 sanctorum

2285 5589 2508 5634 suorum
2565 5574 3063 5632 interventionibus
3110 5574 3284 5630 ﬂexus
3331 5571 3400 5627 ad
3449 5572 3741 5642 pietatem,
3788 5572 3923 5629 indi.
