4106 6178
355 244 490 299 1145

1301 247 1390 306 DE
1425 250 1834 306 INVENTIONE
1872 251 1956 306 ET
1994 248 2414 306 ELEVATIONE
2450 249 2506 304 S.
2548 248 2836 304 BERTINI.

3593 249 3729 305 1146

347 370 625 443 gnationis
652 385 767 428 suae
797 371 864 427 ad
896 378 1112 443 tempus
1141 373 1355 430 distulit
1392 376 1819 445 correptionem,
1852 389 1993 432 con-
2010 376 2063 437 Α
2083 378 2303 430 extenta
2323 373 2514 430 dextra
2536 386 2752 429 omnem
2771 372 3012 430 ccenobii
3031 372 3212 429 locum
3232 374 3727 455 benedixisse.Qua

347 459 604 516 fessionis
658 465 862 517 nostrae
910 462 1285 530 pmnitudines
1339 478 1403 519 ac
1459 471 1664 520 sancta:
1703 478 1993 521 conversa-

349 550 516 605 tionis
546 549 872 619 praastolans
920 551 1380 620 meliorationem,
1423 560 1483 608 ut
1529 554 1672 608 enim
1724 555 1992 623 propheta

348 646 613 694 memorat
650 659 663 693 :
713 641 838 694 Non
884 639 990 694 vult
1036 646 1249 696 mortem
1294 642 1604 712 peccatoris,
1645 643 1740 696 sed
1766 647 1824 697 ut
1861 658 1994 698 con-

346 732 579 783 vertatur
605 733 654 783 ct
684 728 820 784 vivat
851 729 1064 796 (Ezech.
1098 745 1248 796 xvm,
1289 730 1399 800 23).
1433 733 1546 787 Hac
1579 732 1763 802 itaque
1794 732 1990 787 redar-

345 817 571 887 gutione
629 818 938 873 immaniter
994 820 1272 888 perterriti
1332 829 1386 876 et
1434 821 1502 875 ad
1552 829 1767 890 tempus
1815 821 1989 891 ι)ωηί-

347 908 518 961 tentia
585 907 777 974 ducti,
849 922 970 964 cum
1037 909 1144 964 ﬁne
1211 914 1373 965 tenus
1437 911 1491 965 in
1559 912 1685 966 novi
1752 911 1991 967 hominis

342 995 712 1050 sinceritatem
763 997 1110 1053 aemulatione
1158 1005 1347 1054 sancta
1392 997 1536 1055 foret
1577 1001 1916 1067 enitendum,
1959 1015 1989 1055 a

345 1083 622 1140 nonnullis
677 1098 828 1140 more
878 1086 1041 1142 suillo
1088 1087 1288 1143 iterato
1347 1088 1581 1144 reditum
1639 1096 1724 1144 est
1780 1090 1833 1144 in
1889 1090 1986 1144 luti

343 1171 708 1227 volutabrum.
758 1174 996 1230 Tandem
1056 1176 1407 1245 iniquitatum
1461 1185 1772 1232 nostrarum
1830 1192 1988 1234 enoro

345 1262 531 1316 mitate
562 1261 808 1318 irritatus
837 1278 1108 1333 supernus
1136 1265 1376 1332 Arbiter,
1405 1270 1731 1323 exteriorem
1765 1267 1983 1322 domum

341 1363 515 1416 suam,
548 1350 645 1406 sed
686 1351 841 1406 malis
887 1354 1092 1407 nostris
1121 1355 1444 1424 urgentibus
1473 1355 1787 1425 speluncam
1821 1356 1988 1412 latro-

343 1452 470 1492 num
518 1435 736 1506 factam‘,
782 1441 860 1495 uti
901 1441 1062 1512 longe
1101 1448 1258 1498 antea
1308 1443 1570 1499 divinitus
1597 1446 1982 1501 comminatum

344 1526 539 1595 fuerat,
565 1528 677 1598 igni
708 1529 1097 1586 miserabiliter
1129 1531 1196 1586 ad
1229 1532 1599 1588 devorandum
1630 1533 1980 1590 deliberaret.

342 1615 486 1670 Nulli
525 1621 705 1672 autem
752 1618 824 1672 sit
862 1617 1086 1674 dubium
1120 1626 1300 1675 utrum
1331 1636 1457 1676 casu
1490 1621 1716 1678 fortuito
1745 1637 1812 1678 an
1846 1638 1985 1693 prae-

2076 463 2146 519 de
2179 479 2236 519 re
2266 464 2429 519 etiam
2460 463 2758 534 colligitur,
2789 462 2970 519 locum
2999 478 3029 517 a
3059 463 3386 533 quibusdam
3419 467 3727 524 commissis

2069 553 2179 622 jam
2211 554 2508 623 expiatum,
2540 553 2868 622 demumque
2907 552 2962 607 in
3004 553 3295 623 pristinum
3327 554 3410 608 vel
3454 557 3725 624 potiorem

2075 643 2332 698 decorem
2382 641 2678 712 aliquando
2730 642 3082 696 miseratione
3125 642 3220 696 Dei
3271 645 3723 700 convertendum.

2073 733 2297 788 Interea.
2319 731 2482 787 nobis
2511 731 2635 786 divo
2667 731 2933 799 expositis
2979 745 3043 785 ac
3089 745 3368 786 murorum
3419 733 3728 802 parietibus

2072 825 2344 876 tectorum
2385 833 2607 876 suorum
2658 820 2947 876 honestate
2989 819 3228 885 nudatis,
3267 820 3454 876 denuo
3485 822 3727 878 necessi-

2072 909 2264 965 tudine
2303 915 2531 979 urgente
2575 916 2718 964 tecta
2749 914 3096 978 reparantur,
3129 908 3412 978 murisque
3447 917 3726 981 utcunque

2071 998 2252 1053 adhuc
2291 998 2564 1052 stantibus
2610 1005 3017 1069 supponuntur.
3071 997 3210 1064 Quid
3269 997 3468 1068 plura?
3513 999 3729 1055 cunctis

2071 1100 2173 1155 pro
2205 1093 2451 1157 tempore
2489 1101 2554 1142 ac
2600 1101 2702 1158 pro
2734 1101 2896 1156 posse
2927 1088 3195 1157 reparatis
3223 1101 3319 1142 seu
3353 1089 3538 1157 potius
3568 1088 3725 1144 deal—

2071 1175 2233 1242 batis,
2267 1176 2487 1247 quidam
2520 1183 2832 1232 nostrorum
2866 1175 3028 1231 citius
3060 1182 3211 1232 recto
3252 1190 3362 1232 non
3396 1177 3567 1233 multo
3599 1185 3727 1247 post

2071 1269 2319 1334 tempore
2369 1265 2700 1320 visitationis
2745 1279 2861 1320 sum
2911 1265 3070 1320 obliti
3113 1271 3168 1320 et
3216 1265 3284 1320 ad
3336 1266 3725 1323 abrenuntiata

2069 1353 2438 1409 irreverenter
2469 1354 2692 1421 reversi,
2727 1353 3071 1424 necdumque
3123 1352 3258 1410 faece
3297 1355 3563 1410 malorum
3594 1368 3723 1410 suo-

2069 1456 2188 1496 rum
2228 1443 2524 1510 exinanita,
2567 1442 2784 1498 demum
2837 1443 3128 1498 diabolicae
3179 1443 3532 1514 malignitatis
3589 1443 3716 1498 ilia-

2069 1539 2342 1600 queantur
2399 1532 2592 1602 pedica
2643 1552 2655 1586 :
2721 1546 2842 1586 cum
2902 1546 3031 1588 ecce
3080 1532 3264 1587 divina
3316 1535 3573 1602 majestas
3622 1546 3724 1588 nos

2069 1621 2348 1688 territura,
2381 1621 2597 1676 demum
2647 1628 2771 1690 post
2818 1620 3126 1690 aliquorum
3158 1635 3424 1678 annorum
3467 1623 3722 1676 curricu-

343 1704 526 1760 libatae
566 1706 643 1761 rei
693 1707 865 1776 gratia
915 1708 1076 1778 hujus
1115 1711 1515 1766 combustiouis
1553 1726 1719 1781 super
1766 1726 1868 1769 nos
1905 1703 2180 1768 in-Blum
2213 1712 2267 1765 in
2300 1725 2402 1766 nos
2429 1710 2658 1780 gladium
2695 1726 2843 1765 suum
2871 1709 3091 1765 vibravit
3143 1709 3316 1780 (Psat.
3356 1727 3456 1776 vn,
3503 1709 3616 1780 l3),
3657 1724 3723 1766 ac

342 1795 591 1864 gruerint
642 1795 951 1866 dispendia,
1004 1813 1126 1854 cum
1180 1801 1372 1869 procul
1426 1816 1456 1856 a
1505 1803 1838 1858 monasterio
1892 1803 1988 1859 illo

343 1883 469 1952 igne
518 1891 846 1956 exsurgente
895 1901 959 1942 ac
1007 1898 1317 1956 crescente,
1364 1897 1418 1945 et
1456 1897 1651 1946 ventus
1676 1893 1726 1946 ei
1757 1905 1986 1947 consur-

345 1974 548 2029 rexerit
594 1979 648 2030 et
687 1977 1074 2044 concreverit.,
1125 1993 1188 2034 ac
1236 1979 1497 2035 nonnulla
1546 1981 1763 2036 domata
1805 1987 1986 2038 trans-

341 2076 582 2132 gressus,
632 2079 822 2120 versus
870 2067 1130 2136 templum
1176 2069 1585 2124 vehementiore
1634 2070 1828 2137 ﬂabro,
1877 2072 1987 2126 imo

341 2158 568 2219 peccato
627 2161 878 2224 urgente,
920 2155 1222 2225 impulerit.
1275 2159 1340 2212 Et
1392 2164 1450 2212 ut
1490 2159 1696 2213 dictum
1746 2165 1829 2213 est
1877 2180 1890 2213 :
1939 2161 1982 2214 A

335 2241 636 2296 sanctuario
696 2259 806 2297 meo
866 2245 1076 2314 incipite
1132 2245 1344 2316 (Ezech.
1403 2261 1477 2311 Ix,
1534 2247 1607 2317 6),
1673 2249 1835 2302 sedes
1889 2248 1986 2309 Dei

337 2328 520 2384 subito
581 2330 706 2400 igne
765 2331 1136 2399 invaduntur,
1201 2333 1734 2404 lamentabiliterque
1803 2335 1988 2391 edacis

337 2417 565 2472 ﬂammae
597 2420 893 2475 voracitate
930 2421 1245 2490 liquantur;
1299 2428 1353 2478 et
1393 2422 1539 2492 quod
1589 2423 1803 2479 diutino
1853 2425 1988 2480 mul-

339 2511 507 2574 toque
539 2507 741 2562 sudore
772 2508 1110 2564 elaboratum
1144 2512 1382 2577 exstitit,
1428 2517 1580 2580 tunc,
1614 2513 1753 2582 proh
1785 2513 1980 2569 dolor!

337 2595 502 2648 unius
540 2595 648 2650 diei
700 2596 833 2650 hora
885 2600 1244 2668 consumpsit.
1299 2601 1503 2656 Dehinc
1543 2602 1842 2672 rapacitate
1887 2619 1985 2660 sua

343 2683 513 2737 totius
543 2683 766 2738 claustri
798 2693 954 2756 gyrat
984 2688 1241 2752 confinia,
1273 2695 1329 2743 et
1358 2690 1493 2744 nihil
1528 2691 1840 2747 intermisso
1885 2707 1984 2748 ex-

339 2771 595 2825 terminat
625 2773 828 2826 omnia.
862 2775 1079 2841 Verum,
1113 2783 1172 2829 ut
1203 2776 1407 2831 dictum
1449 2784 1552 2844 est,
1586 2779 1720 2833 nihil
1754 2780 1806 2833 in
1841 2785 1985 2835 terra

340 2858 453 2914 fieri
507 2860 626 2915 sine
671 2875 832 2916 causa
881 2862 998 2929 (Job
1055 2879 1110 2930 v,
1170 2863 1247 2934 6),
1306 2865 1449 2920 haud
1509 2868 1842 2922 credendum
1903 2874 1987 2924 est

339 2948 622 3003 Dominum
681 2950 900 3005 domum
966 2967 1115 3007 suam
1175 2953 1448 3009 dimisisse
1506 2956 1685 3024 perire
1741 2955 1981 3024 frustra;

2071 1799 2250 1853 subita
2307 1807 2460 1868 peste
2520 1799 2740 1854 multam
2791 1806 2999 1868 partem
3052 1805 3366 1853 nostrorum
3407 1797 3724 1854 lethotenus

2071 1888 2326 1957 perculit.
2361 1889 2473 1942 Nec
2503 1894 2621 1942 erat
2651 1893 2786 1942 tunc
2818 1887 2924 1941 ulla
2964 1886 3313 1942 morientium
3348 1887 3590 1956 requies,
3624 1886 3719 1941 sed

2071 1977 2259 2032 dietim
2324 1976 2661 2032 corruebant
2715 1975 2864 2032 velut
2922 1975 3190 2031 morbidaa
3238 1989 3387 2031 oves.
3437 1977 3571 2032 Cum
3619 1974 3716 2030 illo

2070 2067 2153 2120 vel
2202 2065 2313 2120 illis
2360 2065 2635 2120 delunctis
2682 2065 2862 2119 adhuc
2908 2077 3098 2120 eorum
3146 2064 3446 2134 sepulturis
3490 2063 3724 2119 inservi-

2070 2161 2242 2219 retur,
2284 2168 2413 2209 ecce
2443 2155 2675 2209 aliorum
2707 2154 2884 2209 exitus
2931 2154 3098 2208 subiti
3144 2153 3561 2208 denuntiantur.
3593 2152 3717 2207 Plu~

2069 2243 2192 2299 rimi
2239 2243 2458 2298 interim
2507 2244 2752 2312 ejusdem
2802 2243 2972 2312 pestis
3009 2243 3241 2298 horrore
3294 2241 3505 2308 affecti,
3555 2247 3720 2310 atque

2068 2332 2268 2403 singuli
2307 2345 2474 2401 super
2516 2347 2574 2386 se
2613 2332 2796 2387 subito
2828 2332 3023 2387 tuturte
3053 2332 3247 2388 mortis
3275 2330 3541 2401 suspecti,
3574 2330 3721 2385 mul-

2071 2427 2176 2476 tam
2210 2421 2476 2476 malorum
2505 2434 2726 2476 suorum
2760 2421 3154 2491 pmnitudinem
3196 2423 3394 2476 iterato
3434 2424 3722 2490 coeperunt

2067 2525 2292 2581 gerere,
2347 2525 2411 2565 ac
2469 2510 2677 2564 intimis
2732 2510 3090 2580 lacrymarum
3136 2509 3390 2580 suspiriis
3428 2509 3721 2564 exacerba-

2069 2604 2175 2654 tam
2226 2598 2382 2652 malis
2431 2600 2546 2654 suis
2593 2600 2808 2654 Domini
2858 2601 3032 2655 nostri
3072 2599 3263 2654 faciem
3296 2599 3532 2668 placare.
3566 2600 3717 2653 Tunc

2067 2702 2327 2743 cerneres
2372 2688 2504 2744 illud
2554 2689 2918 2759 apostolicum
2971 2689 3112 2744 bene
3162 2688 3466 2759 compleri:
3502 2687 3720 2758 Conﬁte-

2067 2777 2194 2831 ηιέηὶ
2231 2777 2537 2832 alterutrum
2569 2782 2791 2848 peccata
2838 2783 3037 2845 vestra,
3071 2783 3118 2832 et
3165 2782 3312 2832 orate
3351 2791 3451 2849 pro
3500 2777 3720 2830 invicem

2066 2871 2121 2920 ut
2177 2865 2450 2921 satvemini
2489 2869 2623 2932 (Jac.
2674 2883 2730 2935 v,
2780 2866 2881 2939 16).
2943 2869 3054 2922 Nec
3104 2866 3285 2922 minus
3332 2865 3511 2922 omnis
3553 2879 3720 2934 pecu-

2070 2954 2323 3010 liaritatis
2370 2957 2582 3011 reculas
2623 2957 2693 3011 “in
2743 2956 2979 3012 medium
3021 2955 3294 3026 proferri,
3356 2963 3482 3009 ante
3543 2953 3717 3024 pedes

337 3037 433 3091 sed
475 3045 533 3091 ut
589 3038 818 3094 diutinis
866 3040 1024 3095 malis
1072 3042 1290 3110 penitus
1337 3043 1671 3112 expiaretur,
1713 3051 1768 3100 et
1799 3050 1857 3099 ut
1886 3045 1984 3101 do-
2006 3027 2274 3099 Cdomini
2309 3046 2522 3101 abbatis
2551 3046 2810 3101 Roderici
2842 3053 3070 3101 cunctas
3099 3044 3299 3114 exponi
3327 3087 3340 3112 ,
3393 3044 3575 3114 dignae
3607 3056 3719 3112 pae-

340 3140 458 3179 mus
504 3141 600 3181 sua
645 3127 878 3184 interior
902 3157 932 3194 ,~
968 3130 1169 3185 ibidem
1203 3131 1462 3187 videlicet
1491 3140 1921 3200 commanentes,
1954 3149 1982 3188 a

340 3216 520 3285 pravis
544 3217 855 3273 actionibus
882 3220 998 3274 suis
1026 3220 1462 3287 deterrerentur,
1506 3236 1573 3276 ne
1604 3223 1650 3276 si
1682 3223 1840 3278 malis
1869 3224 1985 3278 suis

340 3303 550 3358 nollent
607 3307 942 3374 renuntiare,
1001 3308 1244 3364 deterius
1303 3310 1446 3380 ignis
1503 3296 1695 3366 aeterni
1754 3318 1880 3380 post
1929 3313 1982 3366 in

340 3398 603 3448 aeternum
664 3395 992 3464 punirentur
1037 3397 1409 3454 damnatione.
1472 3401 1590 3454 Huc
1637 3400 1797 3455 etiam
1847 3400 1982 3455 illud

339 3483 615 3538 memoriae
655 3484 897 3539 occurrit
925 3485 1070 3553 quod
1120 3487 1558 3557 Quadragesima:
1603 3489 1984 3544 observatione

341 3570 473 3624 illud
515 3570 809 3628 discrimen
840 3574 1002 3629 nobis
1039 3575 1324 3641 acciderit,
1359 3577 1578 3646 quando
1609 3579 1791 3633 cuncti
1837 3591 1984 3633 sana:

341 3658 465 3713 tidei
515 3662 757 3716 cultores
805 3664 1147 3732 potissimum
1199 3671 1377 3719 errata
1405 3665 1635 3720 aliorum
1678 3674 1982 3735 temparum

342 3748 554 3816 punire,
605 3758 768 3820 atque
808 3753 876 3806 ab
915 3753 1001 3807 his
1039 3753 1203 3823 digna
1254 3755 1597 3823 paenitudine
1651 3769 1710 3810 se
1761 3769 1983 3824 operam

341 3837 473 3891 dant
502 3839 741 3908 expiare.
774 3841 862 3895 Sic
893 3843 973 3896 sic
1004 3842 1332 3912 longanimis
1362 3851 1416 3898 et
1447 3845 1630 3898 multa:
1663 3845 1983 3899 misericor-

341 3927 446 3982 diae
478 3935 532 3982 et
562 3943 721 3984 verax
772 3932 1052 3998 Dominus,
1106 3933 1200 3987 illo
1243 3934 1295 3987 in
1346 3939 1613 4002 tempore,
1657 3933 1760 3988 hoc
1799 3947 1986 3988 coeno-

341 4016 486 4070 bium
529 4019 944 4089 cmnobitasque
986 4035 1086 4076 nos
1131 4026 1278 4077 tanta
1340 4022 1579 4078 incendii
1629 4023 1984 4092 percussione

343 4105 600 4161 multatos
629 4121 656 4161 a
688 4110 902 4164 cunctis
949 4112 1159 4179 peccati
1208 4113 1491 4180 spurcitiis
1539 4115 1895 4180 examinasse,
1931 4123 1984 4170 et

343 4196 396 4250 in
438 4197 706 4266 reliquum
737 4199 862 4252 vitae
910 4204 1126 4269 tempus
1173 4215 1206 4256 o
1245 4203 1450 4257 utinam
1491 4203 1618 4257 velit
1653 4205 1987 4260 emendatio-

343 4299 430 4340 res
486 4301 626 4352 esse,
686 4294 955 4356 quatenus
1006 4291 1111 4345 hoc
1170 4305 1302 4361 rogo
1365 4293 1739 4365 exstinguibili
1805 4295 1982 4351 effecti

2067 3134 2336 3189 nitudinis
2383 3141 2439 3189 et
2488 3135 2842 3205 lacrymarum
2896 3135 3116 3190 liuentis
3164 3133 3490 3204 rebaptizari
3539 3138 3614 3198 et,
3657 3135 3718 3186 ut

2068 3223 2288 3277 brevius
2335 3223 2682 3290 concludam,
2734 3223 2821 3278 his
2871 3223 3196 3293 cunctisque
3247 3222 3404 3277 malis
3443 3221 3718 3276 abrenun-

2067 3312 2214 3378 tiari,
2248 3318 2302 3364 et
2344 3311 2598 3366 omnibus
2646 3312 2807 3366 bonis
2857 3312 3038 3366 inniti.
3081 3314 3193 3365 Nec
3233 3316 3412 3364 tamen
3445 3311 3526 3364 sic
3564 3308 3715 3364 omni

2065 3399 2486 3469 Quadragesima
2533 3406 2803 3454 cessatum
2853 3406 2937 3454 est
2975 3399 3042 3452 ab
3076 3397 3389 3467 hujusmodi
3421 3397 3510 3451 lue
3545 3396 3716 3451 lethi-

2067 3486 2200 3549 fera,
2235 3487 2412 3542 donec
2465 3488 2717 3542 undecim
2768 3495 3081 3543 nostrorum
3123 3486 3419 3551 defunctis,
3452 3500 3515 3540 ac
3546 3486 3716 3540 totius

2066 3577 2194 3630 anni
2225 3577 2421 3630 diebus
2451 3576 2651 3645 quibus
2680 3576 2888 3630 diutius
2937 3575 3093 3630 abusi
3142 3589 3329 3629 sumus
3369 3575 3422 3628 in
3456 3573 3549 3628 tali
3579 3587 3716 3627 moe-

2067 3679 2192 3720 rore
2241 3672 2405 3734 atque
2452 3665 2727 3720 anxietate
2780 3665 3106 3730 decimatis,
3159 3663 3409 3720 festivum
3458 3661 3714 3731 paschale

2065 3755 2390 3809 solemnium
2448 3755 2714 3820 instaret,
2775 3767 3102 3824 omnemque
3144 3753 3385 3824 ejusdem
3427 3751 3600 3806 cladis
3639 3749 3716 3804 la-

2067 3856 2302 3912 crymam
2349 3842 2416 3897 ab
2475 3843 2652 3898 oculis
2703 3843 2908 3898 nostris
2963 3843 3140 3912 pietas
3198 3842 3293 3897 Dei
3351 3841 3710 3910 abstergeret.

2065 3931 2220 3998 Quod
2271 3932 2606 3986 undenarius
2646 3935 2907 3988 numeru’s
2955 3932 3023 3987 ad
3079 3937 3366 4002 peccatum
3415 3929 3714 3999 pertineat,

2034 4035 2237 4094 sacrm
2276 4022 2576 4076 auctoritas
2623 4022 2922 4090 Scripturaa
2969 4021 3103 4076 satis
3149 4022 3526 4080 demonstrat;
3586 4017 3715 4086 quia

2065 4110 2209 4164 sicut
2239 4109 2540 4180 Decalogus
2569 4110 2778 4165 denarii
2825 4125 3032 4166 summa
3073 4111 3401 4179 completur,
3433 4107 3513 4162 sic
3544 4105 3716 4160 unde-

2067 4200 2206 4253 narii
2259 4201 2597 4255 incremento
2635 4201 3063 4256 transcenditur.
3130 4202 3306 4266 Quare
3363 4195 3712 4267 quemadmo-

2067 4288 2195 4343 dum
2228 4304 2326 4359 per
2355 4289 2638 4344 denarium
2676 4289 2927 4359 Decalogi
2959 4289 3287 4351 observatio,
3322 4286 3515 4341 eodem
3547 4283 3712 4337 modo

344 4375 743 4446 castigatiores,
794 4379 984 4434 aeterni
1035 4381 1176 4450 ignis
1223 4383 1500 4438 cruciatus
1545 4355 1818 4452 possimus
1863 4355 2168 4444 eva-Dper
2206 4377 2564 4431 undenarium
2615 4378 2825 4445 peccati
2881 4377 3141 4446 ﬁguratur
3189 4372 3572 4442 transgressio.
3605 4372 3714 4425 Cur

344 4463 472 4519 dere
531 4467 1039 4538 inexstinguibiles!
1091 4470 1180 4524 Sic
1247 4471 1446 4524 etenim
1509 4472 1829 4542 plerumque
1888 4473 1982 4528 Dei

343 4555 610 4623 sapientia
670 4556 721 4610 in
781 4558 1134 4627 corripiendo
1202 4559 1592 4615 immissionem
1654 4561 1820 4631 virga:
1870 4577 1982 4617 sua:

345 4644 639 4709 modiﬁcat,
664 4652 722 4700 ut
748 4653 802 4701 et
831 4647 1266 4716 delinquentium
1290 4649 1629 4704 emendanda
1653 4651 1738 4718 pie
1772 4651 1980 4720 puniat,

344 4733 670 4803 demumque
711 4736 764 4789 in
814 4737 930 4806 ipsa
979 4738 1335 4808 castigatione
1368 4739 1626 4808 quiddam
1666 4740 1796 4795 boni
1830 4740 1988 4794 mise-

345 4823 556 4878 ratione
593 4838 690 4879 sua
741 4823 915 4880 foveat
948 4826 1094 4896 quod
1128 4834 1252 4896 post
1281 4828 1334 4881 in
1369 4833 1614 4897 tempore
1653 4842 1753 4884 suo
1784 4842 1987 4898 Oppor-

345 4919 474 4967 tune
514 4913 874 4981 demonstrat,
917 4916 1372 4985 quemadmodum
1432 4917 1554 4973 loco
1603 4933 1703 4974 suo
1752 4918 1987 4989 diligens

345 5003 522 5058 lector
561 5004 822 5058 inveniet.

415 5093 468 5144 2.
531 5092 624 5146 llis
679 5093 754 5147 ita
811 5095 1170 5164 consumptis,
1231 5095 1475 5150 insecuta
1542 5102 1705 5149 nocte
1771 5095 1984 5150 cuidam

345 5186 656 5236 nostrorum
711 5182 988 5237 seniorum
1062 5184 1240 5253 (quem
1297 5185 1426 5253 quia
1489 5184 1670 5239 adhuc
1736 5190 1988 5253 superest

345 5270 474 5325 nolo
521 5270 828 5340 nominare)
879 5272 933 5325 in
983 5273 1199 5327 somnio
1238 5273 1406 5327 visum
1462 5278 1546 5328 est
1574 5272 1760 5328 videre
1801 5287 1990 5342 quem-

345 5359 466 5412 dam
521 5360 861 5429 magniticum
919 5360 1090 5415 virum
1159 5361 1378 5416 habitus
1442 5362 1681 5417 candore
1749 5363 1986 5430 niveum,

343 5448 526 5503 vultus
569 5449 866 5518 splendore
923 5448 1260 5517 fulmineum,
1302 5451 1536 5521 quodam
1591 5452 1814 5508 claustri
1866 5452 1987 5506 loco

348 5539 672 5607 perstitisse,
697 5539 1056 5610 diligentique
1079 5539 1273 5594 obtutu
1299 5540 1714 5610 circumspectis
1734 5540 1990 5597 omnibus

2067 4473 2122 4519 et
2151 4465 2268 4520 haec
2297 4465 2734 4534 Quadragesimaa
2765 4465 2998 4534 tempori
3029 4467 3423 4525 convenerunt,
3458 4466 3512 4516 et
3561 4457 3708 4527 quod

2066 4555 2135 4610 de
2166 4555 2358 4609 eodem
2392 4561 2638 4624 tempore
2668 4568 2832 4623 supra
2863 4560 3108 4608 notatum
3147 4552 3239 4616 sit,
3265 4551 3502 4620 diligens
3535 4548 3712 4603 lector

2066 4643 2268 4711 videat,
2310 4657 2373 4698 ac
2403 4644 2683 4713 quomodo
2714 4657 2804 4697 res
2842 4642 3027 4707 rebus,
3061 4649 3417 4710 temporaque
3447 4637 3711 4706 tempori-

2067 4733 2170 4788 bus
2218 4733 2307 4787 hic
2356 4740 2802 4802 consequantur,
2854 4730 3082 4786 rationis
3126 4729 3409 4784 vivacitate
3465 4725 3706 4796 colligat.

2065 4827 2133 4879 At
2183 4822 2459 4892 paululum
2517 4828 2712 4890 emptae
2765 4819 3095 4874 narrationis
3147 4817 3426 4889 digressus
3481 4821 3708 4879 textum,

2067 4912 2134 4966 ad
2167 4911 2310 4966 idem
2337 4913 2444 4979 jam
2477 4924 2621 4964 nunc
2653 4910 2876 4964 rctlecto
2908 4909 3192 4964 calamum.

2139 4999 2190 5055 3.
2235 5001 2447 5054 Interea
2495 5001 2576 5054 sic
2625 4999 2786 5054 nobis
2828 4999 2977 5070 virga
3034 4997 3246 5053 Domini
3298 4993 3584 5066 ﬂagellatis
3647 5007 3711 5047 ac

2071 5089 2283 5144 meliori
2323 5089 2424 5143 vite
2473 5089 2760 5158 impulsis,
2813 5101 3107 5157 paucorum
3156 5098 3421 5140 annorum
3463 5091 3711 5153 tempore

2071 5191 2294 5234 emenso
2328 5221 2343 5243 ,
2413 5179 2707 5233 sanctuarii
2776 5178 3014 5247 parietes
3080 5177 3275 5246 partim
3342 5172 3708 5242 antiquitate,

2072 5269 2267 5337 partim
2300 5267 2558 5322 incendio
2590 5275 2876 5335 coeperunt
2915 5266 3160 5330 dissolvi,
3193 5272 3357 5333 atque
3396 5277 3454 5317 se
3485 5274 3712 5317 cernen-

2072 5357 2203 5410 tium
2253 5355 2526 5424 capitibus
2573 5355 2784 5409 ruinam
2832 5354 3047 5409 minari.
3085 5352 3236 5408 Unde
3267 5351 3521 5407 consultu
3553 5351 3708 5419 prin-

2071 5445 2252 5513 cipum
2294 5450 2602 5498 nostrorum
2652 5442 2976 5498 meliorandi
3006 5441 3179 5512 gratia
3209 5441 3275 5495 ad
3317 5439 3708 5495 destruendum

2069 5533 2205 5587 illud
2263 5546 2453 5588 manus
2497 5531 2807 5602 injecimus,
2857 5537 3129 5602 quatenus
3174 5530 3281 5586 hoc
3328 5536 3611 5594 renovato,
3652 5527 3707 5582 in
