4106 6178
424 228 560 284 1147

1537 226 1862 280 FOLCABDI
1902 222 2200 279 MONACHI
2240 223 2678 279 SITHIVENSIS.

3665 221 3806 276 1148

415 354 630 427 reliqua
686 351 998 410 renovanda
1055 365 1276 423 operam
1336 349 1774 408 extenderemus.
1829 347 2381 420 {nterimAgandum
2411 349 2784 421 quodcunque
2813 354 2963 406 esset
2990 348 3442 421 procederemus.
3491 351 3647 406 Tunc
3676 356 3810 421 post

419 445 641 519 quidam
671 442 740 499 de
770 441 977 499 nostris
1004 440 1432 512 simplicioribus
1476 453 1579 496 nos
1614 441 1899 508 adeuntes,
1931 441 2061 497 hor-

418 535 518 591 tati
549 538 678 590 sunt
705 538 890 603 coepto
911 536 1230 588 constanter
1257 529 1512 588 insistere
1535 531 1712 599 operi,
1736 531 2064 602 pollicentes

419 624 706 680 Dominum
759 621 918 678 nobis
963 619 1271 690 cooperari,
1315 625 1480 690 atque
1524 626 1651 690 post
1691 634 1802 678 non
1833 621 2062 677 multum

419 712 688 784 temporis
735 711 1007 767 Sithiense
1059 709 1370 766 coenobium
1419 709 1704 781 magniﬁce
1753 725 1784 766 a
1831 711 2062 767 Domino

419 801 768 867 visitandum,
804 804 858 856 et
904 798 1164 870 quiddam
1198 799 1375 870 magni
1417 800 1562 855 circa
1602 799 1744 856 idem
1776 800 2062 856 declaran-

420 893 571 949 dum.
603 891 808 958 Quibus
836 895 966 944 tunc
997 888 1359 959 parvipensis,
1392 889 1459 944 ad
1509 888 1614 944 alia
1653 904 1739 946 me
1777 903 1902 946 mox
1931 904 2063 948 con-

419 980 694 1038 vertebam
728 1021 742 1045 ,
819 984 874 1034 et
938 979 1170 1034 maxime
1235 979 1563 1050 opportunis
1637 980 1802 1050 ccepti
1877 979 2062 1050 operis

421 1068 988 1125 administrationibus
1045 1067 1272 1124 sedulus
1337 1067 1708 1145 intendebam.
1773 1067 1861 1125 Sic
1917 1069 2063 1126 inter

421 1158 761 1230 cperandum
818 1171 940 1213 cum
997 1162 1243 1228 tempora
1305 1155 1486 1213 forent
1541 1171 1759 1213 emensa
1825 1163 2062 1230 quatuor

420 1261 710 1315 annorum,
760 1261 823 1303 ac
869 1247 1063 1318 quinto
1111 1247 1313 1302 dehinc
1371 1261 1516 1303 anno
1575 1248 1818 1304 exterior
1870 1262 2060 1305 murus

414 1339 524 1408 jam
574 1337 973 1407 aliquantisper
1019 1340 1338 1406 exsurgeret
1386 1338 1440 1392 in
1481 1332 1668 1405 altum,
1719 1337 2056 1394 aedificandae

415 1425 619 1481 ibidem
660 1430 869 1497 crypta:
918 1439 1078 1480 causa
1127 1425 1406 1482 cardinale
1435 1426 1607 1482 sancti
1647 1426 1860 1482 Martini
1886 1427 2055 1483 altare

415 1515 734 1571 mutandum
781 1513 979 1583 fuerat,
1011 1516 1158 1586 quod
1207 1517 1327 1571 sine
1367 1515 1643 1585 pontiﬁcis
1671 1515 1790 1588 fieri
1819 1531 2058 1586 praesen-

2156 440 2554 498 vicedominum
2585 445 2641 498 et
2670 440 2999 497 castellanos
3023 445 3078 496 et
3106 454 3355 510 quosque
3399 441 3640 511 majores
3667 439 3807 496 cieri

2154 532 2364 588 directo
2413 530 2627 598 nuntio,
2676 536 2738 586 ut
2779 544 2882 587 nos
2919 543 3111 587 omnes
3139 531 3235 585 citi
3265 529 3465 586 adeant
3505 530 3702 586 invito.
3736 530 3806 584 Et

2153 623 2409 693 quoniam
2459 620 2752 676 Sabbatum
2801 624 2939 687 erat,
2990 618 3316 691 quibusdam
3344 633 3476 676 vero
3505 619 3574 674 ad
3616 618 3804 676 foren-

2154 711 2291 766 sium
2341 711 2520 782 legum
2569 711 2693 780 jura
2739 708 3238 776 convenientibus,
3298 722 3403 764 nec
3456 723 3614 764 mora
3653 708 3804 763 haud

2154 799 2590 857 contemnendus
2617 798 2997 870 spectabilium
3039 811 3397 868 personarum
3427 798 3585 854 adest
3617 811 3805 868 popu-

2153 890 2257 946 lus.
2308 892 2580 946 Praeterea
2625 887 2765 944 fama
2813 887 3194 959 hujuscemodi
3233 887 3486 944 exciente
3525 886 3808 958 plebeiam

2152 979 2556 1036 multitudinem
2591 979 2780 1035 eadem
2813 993 2902 1033 res
2937 990 3048 1034 non
3081 977 3256 1048 quivit
3286 977 3495 1046 latere;
3545 990 3810 1048 segrega-

2151 1071 2249 1127 tim
2297 1073 2708 1141 perstrepentes
2753 1072 3049 1123 accurrunt
3094 1067 3333 1137 stupide.
3380 1068 3451 1123 Ut
3478 1073 3665 1121 autem
3696 1079 3812 1120 ma-

2144 1159 2362 1231 joribus
2391 1158 2654 1214 cessimus
2682 1157 2750 1213 ad
2782 1157 3175 1224 accedendum,
3205 1156 3330 1212 data
3377 1157 3539 1227 copia
3576 1155 3811 1211 videndi

2150 1248 2408 1315 loculum,
2443 1252 2685 1303 actutum
2724 1246 3068 1302 Landbertus
3115 1251 3322 1316 prator
3359 1246 3630 1309 urbanus,
3681 1244 3812 1300 aliis

2150 1339 2340 1395 itidem
2386 1336 2697 1407 personatis
2741 1336 2871 1392 viris
2918 1334 3410 1401 conclamantibus,
3452 1347 3811 1404 nequaquam

2147 1443 2206 1485 se
2253 1427 2382 1484 inde
2433 1426 2613 1497 inquit
2658 1431 2965 1482 amoturum
3015 1424 3234 1494 pedem,
3293 1424 3471 1479 donec
3529 1425 3612 1478 rei
3663 1422 3810 1478 inibi

2146 1517 2372 1582 latentis
2399 1517 2754 1588 dignosceret
2783 1515 3087 1570 veritatem.
3135 1515 3253 1568 Jam
3293 1519 3406 1568 tum
3435 1513 3582 1568 enim
3622 1525 3654 1566 a
3702 1524 3814 1565 no-

415 1603 488 1658 tia
524 1601 647 1674 (62)
681 1603 902 1660 minime
941 1603 1193 1659 decebat.
1243 1603 1397 1671 Quod
1430 1609 1553 1673 post
1584 1611 1802 1660 octavas
1831 1604 2054 1660 Paschae
2147 1609 2233 1663 bis
2279 1613 2488 1663 certum
2541 1604 2846 1661 habebatur
2893 1602 3041 1673 quod
3082 1601 3283 1688 ibidem
3335 1601 3538 1672 aliquis
3582 1606 3814 1655 sancto-

415 1693 542 1748 dum
593 1699 879 1762 pararetur
905 1735 920 1759 ,
970 1693 1097 1748 dum
1129 1692 1354 1748 absente
1387 1693 1649 1762 episcopo
1683 1693 1935 1764 ingentes
1963 1689 2277 1754 ter-Brum
2337 1709 2569 1766 corpore
2625 1695 2968 1750 detineretur
3008 1712 3020 1747 :
3079 1705 3264 1747 verum
3314 1691 3383 1746 de
3429 1690 3582 1746 nullo
3623 1690 3816 1745 minus

413 1794 595 1837 rarum
656 1780 830 1836 moles
869 1781 1069 1851 quibus
1116 1795 1207 1835 ara
1247 1781 1799 1852 circumcingebatur,
1841 1781 2060 1837 interim
2155 1800 2314 1857 quam
2347 1785 2415 1841 de
2446 1785 2542 1840 illo
2582 1783 2675 1853 qui
2722 1789 2927 1854 praeter
2963 1795 3113 1852 spem
3145 1780 3507 1850 reperiendus
3535 1785 3656 1835 erat
3684 1794 3815 1848 spe-

408 1871 564 1939 jussu
625 1875 818 1925 nostro
878 1874 1330 1939 exportarentur,
1401 1871 1585 1926 subito
1638 1871 2063 1926 vehementioris

416 1958 762 2030 aegritudinis
808 1958 1059 2013 molestia
1117 1972 1202 2013 me
1260 1959 1499 2030 graviter
1546 1959 1761 2026 invasit,
1813 1959 2062 2015 debilita-

413 2054 638 2119 tumque
691 2049 810 2104 sine
867 2061 1018 2102 mora
1078 2047 1389 2104 lectotenus
1448 2050 1742 2117 prostravit
1795 2069 1806 2103 :
1869 2049 2060 2118 sicque

414 2149 604 2191 servus
650 2137 833 2191 sciens
859 2135 1193 2192 voluntatem
1246 2136 1454 2192 domini
1484 2138 1566 2192 sui
1604 2142 1660 2192 et
1689 2150 1797 2192 non
1831 2136 2057 2204 faciens,

415 2225 590 2297 plagis
619 2224 888 2296 vapulavit
921 2224 1125 2280 multis.
1173 2226 1286 2280 Nec
1317 2225 1484 2281 credo
1515 2239 1600 2280 me
1631 2231 1838 2282 tantum
1872 2240 2063 2296 pecca-

413 2318 589 2370 torem
621 2315 804 2370 cuncti
837 2321 1022 2369 reatus
1060 2314 1356 2369 obnoxium
1384 2323 1491 2370 tam
1519 2320 1722 2370 sanctae
1753 2315 1831 2370 rei
1862 2313 2059 2371 futurae

411 2403 764 2473 aliquomodo
832 2404 1134 2473 promereri
1194 2402 1506 2469 interesse,
1576 2404 1630 2458 in
1699 2404 1850 2473 prius
1905 2409 2058 2459 tanto

412 2491 626 2548 Domini
686 2493 983 2565 castigatus
1040 2493 1294 2563 expiarer
1342 2494 1591 2548 verbere.
1660 2493 1899 2564 Ideoque
1965 2494 2061 2548 ali-

414 2582 655 2651 quandiu
706 2595 796 2636 res
842 2581 1162 2637 destruendi
1203 2582 1390 2637 altaris
1427 2587 1556 2637 tunc
1588 2581 1962 2648 differebatur,
1995 2597 2058 2637 ac

415 2670 632 2726 interim
692 2671 850 2741 copia
909 2678 1072 2726 teme
1123 2685 1295 2741 usque
1343 2671 1409 2725 ad
1468 2671 1637 2726 altare
1686 2670 2058 2727 circumfossaa

415 2759 844 2828 exportabatur;
878 2773 1000 2815 cum
1027 2760 1238 2830 jejunio
1271 2760 1450 2830 quarti
1476 2761 1585 2828 jam
1619 2774 1704 2815 me
1725 2773 1755 2814 a
1778 2759 2059 2831 languoris

414 2849 699 2904 vexatione
746 2848 1142 2918 aliquantulum
1183 2848 1638 2914 convalescente,
1699 2849 1918 2919 quidam
1976 2864 2060 2903 se-

2153 1876 2394 1932 rabatur.
2463 1877 2677 1930 Interea
2741 1872 2958 1928 cunctis
3023 1870 3506 1926 circumstantibus
3580 1868 3812 1924 investi-

2151 1965 2346 2038 ganda:
2376 1969 2542 2020 tantae
2573 1963 2650 2019 rei
2682 1961 2857 2032 gratia
2887 1974 3007 2017 cum
3041 1959 3510 2031 processionibus,
3543 1959 3812 2014 crucibus

2153 2061 2207 2110 et
2257 2054 2435 2110 cereis
2472 2053 2713 2124 peractis
2755 2050 3059 2117 acceditur,
3111 2055 3166 2104 et
3215 2049 3395 2115 nobis,
3445 2053 3505 2102 ut
3544 2047 3806 2114 decebat,

2154 2142 2369 2198 interim
2421 2141 2645 2198 litanias
2691 2140 3077 2205 cantantibus,
3136 2138 3459 2208 cunctisque
3515 2137 3809 2192 demiran-

2151 2233 2298 2288 tibus
2327 2233 2622 2304 detegitur,
2666 2246 2730 2286 ac
2774 2230 2946 2287 multo
2994 2227 3286 2284 multorum
3323 2226 3524 2282 sudore
3553 2241 3583 2279 a
3626 2227 3804 2296 prima

2151 2321 2259 2377 diei
2319 2321 2455 2375 hora
2511 2335 2684 2391 usque
2733 2319 2788 2374 in
2839 2332 3124 2388 vesperum
3173 2315 3365 2372 ferreis
3413 2315 3805 2370 instrumentis

2147 2411 2236 2466 vix
2288 2410 2605 2480 dissipatur.
2665 2409 2818 2477 Quod
2877 2407 3095 2463 tandem
3146 2411 3395 2476 opertum
3438 2404 3636 2475 grandi
3667 2405 3805 2460 satis

2149 2499 2365 2555 artificii
2397 2499 2675 2554 molimine
2708 2498 3018 2568 plumbeum
3051 2495 3310 2551 scrinium
3343 2493 3584 2549 omnium
3619 2501 3803 2549 astan-

2149 2589 2285 2644 tium
2351 2587 2527 2644 oeulis
2582 2593 2809 2657 apparet.
2865 2585 3203 2641 continuisse
3256 2604 3267 2638 :
3339 2583 3544 2653 illoque
3613 2583 3801 2638 soluto

2149 2677 2365 2733 cunctis
2416 2675 2899 2731 circumstantibus
2937 2674 3062 2728 dum
3104 2672 3381 2743 panditur,
3432 2672 3652 2726 emeriti
3705 2686 3801 2725 cu-

2145 2767 2360 2836 jusdam
2404 2766 2577 2821 sancti
2618 2765 2857 2819 membra
2907 2763 3234 2818 revelantur.
3292 2761 3499 2817 Deinde
3550 2761 3799 2815 nondum

2149 2861 2446 2926 apparente
2514 2858 2635 2925 ejus
2691 2854 2864 2908 sancti
2923 2852 3161 2908 nominis
3224 2850 3382 2906 titulo
3439 2850 3800 2919 omniumque

413 2937 629 2993 niorum
681 2943 994 2993 nostrorum
1048 2952 1131 2992 me
1185 2937 1370 2993 adiero
1418 2938 1667 2993 dicentes
1715 2953 1860 2993 aram
1909 2938 2057 2992 illam
2101 3005 2116 3010 ὲ
2148 2942 2326 2998 oculis
2362 2941 2428 2996 ad
2478 2942 2584 2997 hoc
2634 2941 2808 3010 ipsum
2861 2938 3123 2999 intentis,
3175 2938 3260 2992 bis
3306 2945 3500 3006 terque
3547 2944 3799 2991 scrutato

410 3027 518 3097 jam
577 3032 862 3096 exportata
901 3041 1024 3096 qua:
1080 3027 1136 3082 in
1193 3027 1425 3082 circuitu
1476 3029 1594 3096 ejus
1643 3035 1760 3082 erat
1807 3009 2319 3099 congeriectotius
2371 3032 2516 3087 busti
2565 3009 2768 3094 loculo,
2822 3028 3114 3085 novissime
3154 3027 3254 3082 sub
3303 3027 3497 3082 dextro
3547 3028 3797 3095 ejusdem

416 3121 630 3183 nutare,
681 3123 756 3181 et,
807 3115 862 3168 ni
912 3115 1022 3170 cito
1070 3115 1474 3180 subveniretur,
1517 3130 1760 3170 casuram
1801 3115 1958 3179 fore;
2011 3123 2065 3173 et
2147 3121 2323 3175 sancti
2391 3120 2620 3174 humero
2682 3132 2815 3173 crux
2871 3123 3129 3188 argentea
3186 3122 3402 3184 reperta
3461 3116 3796 3181 extrahitur,

417 3203 486 3258 ob
519 3203 573 3258 id
615 3203 956 3272 episcopum,
998 3201 1255 3272 quoniam
1305 3210 1436 3258 tunc
1487 3204 1784 3259 Tarvennze
1842 3203 2061 3272 fuerat,

420 3294 655 3350 celerius
703 3293 947 3349 mandari
999 3299 1278 3364 oportere.
1320 3295 1487 3364 Cujus
1525 3295 1603 3349 rei
1644 3294 1816 3366 gratia
1855 3297 2066 3350 accitus

415 3385 548 3439 satis
585 3383 850 3439 benevole
881 3383 1139 3450 accurrit,
1172 3389 1434 3452 sextaque
1474 3382 1606 3438 feria
1647 3383 1890 3452 ejusdem
1917 3385 2061 3454 jeju-

416 3473 490 3526 nii
531 3473 710 3542 quarti
759 3485 905 3526 aram
955 3471 1336 3526 destructurus
1382 3485 1504 3527 cum
1562 3471 1747 3527 multis
1807 3470 2060 3542 accessit,

416 3561 617 3632 illaque
643 3562 905 3617 subversa
936 3561 1123 3616 eadem
1165 3560 1253 3615 die
1293 3561 1456 3615 nobis
1505 3561 1690 3616 invitis
1718 3561 1937 3617 domum
1978 3578 2064 3619 re-

415 3652 536 3706 diit.
588 3653 706 3719 Quo
754 3651 808 3706 in
859 3651 982 3706 loco
1021 3651 1148 3705 dum
1181 3651 1434 3720 sequenti
1484 3650 1593 3717 die,
1635 3652 1741 3707 hoc
1773 3657 1856 3707 est
1886 3653 2063 3721 septi-

2147 3210 2418 3279 nobisque
2475 3208 2541 3262 ad
2601 3219 2794 3262 manus
2850 3203 3161 3276 prtefertur,
3221 3204 3307 3258 his
3364 3209 3574 3258 tantum
3627 3205 3795 3258 trium

2144 3298 2436 3354 verborum
2467 3295 2724 3367 insignita
2758 3294 2998 3349 notulis:
3032 3294 3275 3348 qucrus
3304 3294 3574 3347 Benrmvs
3596 3309 3796 3348 ABBAS.

2145 3388 2257 3442 Nec
2294 3387 2482 3442 horret
2529 3385 2598 3441 ab
2646 3385 2810 3454 hujus
2853 3383 3026 3437 sancti
3077 3382 3379 3452 praeconio,
3430 3382 3577 3451 quod
3633 3383 3798 3437 nobis

2145 3477 2324 3533 adhuc
2375 3476 2583 3536 insciis,
2635 3488 2812 3544 neque
2862 3473 2930 3527 de
2989 3473 3094 3527 hoc
3144 3471 3322 3526 donec
3360 3471 3595 3541 contigit
3635 3472 3794 3540 quid-

2146 3581 2305 3635 quam
2339 3564 2730 3635 prmmeditatis
2767 3564 2950 3618 animo
2975 3605 2988 3628 ,
3039 3563 3174 3616 satis
3211 3575 3454 3631 congrue
3494 3561 3548 3614 in
3575 3560 3794 3630 jejunio

2146 3655 2325 3725 quarti
2382 3653 2584 3710 mensis
2643 3660 2750 3707 tam
2800 3650 2989 3706 dilecti
3039 3649 3214 3705 Patris
3259 3657 3444 3704 sancta
3495 3649 3793 3717 contigerit

417 3755 500 3795 ma
554 3738 654 3810 (63)
708 3737 843 3795 feria
889 3739 1126 3810 jejunii,
1176 3739 1254 3793 uti
1305 3740 1370 3794 ad
1423 3739 1653 3795 locanda
1710 3739 2062 3796 fundamenta
2145 3745 2409 3800 inventio.
2464 3742 2786 3798 Condecens
2835 3741 2978 3795 enim
3020 3738 3121 3795 fuit
3168 3746 3223 3793 et
3251 3738 3408 3793 valde
3438 3737 3791 3793 commodum

418 3829 580 3884 altius
639 3828 866 3896 foditur,
918 3828 1044 3884 dum
1087 3829 1252 3882 multa
1302 3836 1570 3884 terrarum
1616 3830 1776 3899 copia
1815 3829 2058 3897 effertur,
2145 3840 2204 3888 ut
2257 3835 2323 3888 ad
2385 3839 2491 3888 tam
2560 3835 2968 3886 sacrosanctum
3035 3828 3307 3883 accessuri
3373 3828 3793 3890 commercium,

417 3931 546 3973 ecce
576 3919 676 3972 sub
707 3919 830 3988 ipso
861 3924 1050 3973 sancto
1089 3919 1276 3973 altaris
1305 3918 1428 3974 loco
1460 3919 1736 3988 quoddam
1775 3933 2058 3990 apogteum
2143 3931 2354 3994 quarta:
2385 3929 2442 3978 et
2485 3927 2654 3977 sexta:
2703 3920 3062 3990 septimaque
3109 3915 3263 3972 feria:
3311 3914 3554 3985 ejusdem
3591 3917 3795 3983 jejunii

417 4007 571 4062 duris
601 4006 898 4077 lapidibus,
920 4007 1138 4078 tegulis,
1161 4009 1500 4078 antiquoque
1532 4015 1797 4064 caemente
1828 4023 2061 4080 operose
2144 4012 2480 4081 parcimonia
2511 4009 2909 4080 aliquantisper
2954 4006 3132 4062 eii‘ecti
3180 4005 3546 4076 purgatiores,
3579 4005 3650 4058 ad
3681 4012 3792 4059 tam

417 4096 699 4152 conditum
760 4095 1074 4152 offenditur.
1136 4099 1252 4152 Hoc
1309 4106 1613 4167 comperto,
1672 4112 1774 4154 nos
1838 4099 2060 4169 quidem
2142 4101 2486 4158 venerandos
2523 4099 2699 4154 sancti
2738 4103 2891 4153 artus
2927 4094 3337 4167 investigandos
3364 4107 3797 4164 properaremus

417 4185 651 4256 idipsum
709 4185 877 4241 visuri
926 4185 1298 4252 accurrimus,
1359 4193 1413 4241 et
1467 4186 1716 4243 videntes
1771 4203 1939 4259 super
1994 4203 2060 4246 eo
2142 4191 2423 4262 aliquanto
2461 4188 2762 4259 digniores.
2793 4188 3143 4254 Quaecunque
3171 4197 3302 4239 vero
3332 4189 3624 4252 antequam
3655 4181 3794 4237 ﬁant

417 4275 707 4331 admodum
741 4274 920 4330 mirati
965 4289 1170 4330 sumus.
1223 4277 1335 4331 Nec
1373 4277 1503 4347 tegi,
1545 4290 1647 4332 nec
1685 4277 1866 4347 detegi
1916 4277 2373 4352 ultranpossunt
2412 4277 2680 4349 praesciri,
2733 4290 2798 4332 ea
2856 4288 2956 4344 pro
3009 4272 3231 4330 modulo
3283 4285 3385 4328 suo
3438 4271 3793 4341 providentia

416 4363 551 4420 illud
583 4365 939 4436 permittitur,
971 4378 1040 4420 ne
1084 4363 1270 4421 forsan
1301 4366 1346 4420 si
1377 4366 1584 4437 absque
1615 4367 1885 4422 bonorum
1917 4360 2355 4426 viro-"valeant
2409 4367 2724 4439 gubernari.
2774 4367 2971 4420 Verum
3029 4365 3133 4418 ista
3182 4361 3328 4417 unde
3375 4360 3524 4416 nulla
3557 4361 3795 4416 cuilibet

416 4469 535 4510 rum
593 4454 908 4511 testimonio
975 4454 1249 4510 detectum
1312 4454 1646 4522 solveretur,
1705 4463 1799 4512 aut
1855 4462 2058 4512 tectum
2143 4465 2389 4516 nostrum
2421 4457 2522 4513 fuit
2552 4456 2768 4521 notitia,
2802 4455 2926 4524 quis
2973 4454 3048 4508 ita
3087 4452 3354 4522 disposita
3383 4451 3791 4516 moderaretur,

416 4542 735 4614 aliquandiu
783 4543 1047 4600 occultari
1099 4556 1445 4608 conaremur,
1478 4557 1581 4599 nos
1627 4549 1814 4600 nostra
1857 4545 2061 4615 impru-
2140 4548 2245 4605 nisi
2276 4547 2448 4605 solius
2477 4545 2571 4602 Dei
2603 4543 2994 4615 praescientia?
3030 4546 3137 4597 etc.

418 4631 604 4692 dentia
678 4646 1132 4704 quorumcunque
1209 4632 1530 4688 aemulorum
1605 4633 2060 4704 derogationibus
2212 4639 2266 4694 4.
2307 4636 2533 4692 Talibus
2563 4649 2693 4706 ergo
2726 4633 2948 4689 indiciis
2996 4631 3240 4702 pretioso
3287 4643 3454 4699 super
3498 4643 3694 4683 aurum
3735 4636 3792 4684 et

416 4722 848 4777 criminaremur.
900 4723 1088 4793 Neque
1137 4736 1198 4777 ea
1229 4721 1318 4777 die
1349 4722 1642 4792 episcopus
1671 4723 1864 4794 attingi
1896 4730 2058 4794 pote-
2141 4729 2396 4798 topazion
2462 4727 2684 4782 invento
2748 4737 2812 4778 ac
2887 4727 3171 4790 comperto
3239 4718 3539 4774 beatissimi
3607 4718 3793 4772 Patris

415 4817 521 4880 rat,
571 4811 831 4881 quoniam
883 4811 1163 4880 praeterita
1210 4811 1300 4866 die
1338 4813 1519 4866 statim
1568 4810 1755 4868 evulso
1785 4812 1966 4877 altari.
1998 4818 2060 4868 ut
2140 4831 2396 4887 corpore,
2452 4828 2572 4870 cum
2622 4819 2849 4868 eatenus
2894 4810 3106 4866 diutina
3153 4815 3208 4864 et
3244 4806 3560 4879 gravissima
3603 4808 3794 4862 omnis

415 4900 623 4958 dictum
671 4906 775 4967 est,
817 4901 1038 4957 domum
1088 4900 1345 4957 redierat.
1397 4902 1547 4957 Tunc
1596 4902 1724 4969 huc,
1758 4908 1889 4958 tunc
1929 4901 2059 4957 illuc
2139 4914 2286 4963 terra
2339 4906 2569 4962 decocta
2616 4900 3063 4972 pessumdaretur
3105 4899 3375 4955 siccitate.
3424 4897 3498 4951 ita
3547 4903 3608 4950 ut
3668 4898 3792 4951 uni-

414 4992 647 5048 vertitur
710 4993 925 5048 animus
955 5033 970 5060 ,
1048 4992 1196 5063 quod
1265 4992 1606 5062 potissimum
1674 4992 1839 5064 eligat
1901 4993 2058 5050 valde
2139 5010 2295 5053 versa
2341 5005 2584 5066 sagetum
2630 5006 2729 5061 spe
2770 4992 2880 5060 jam
2929 4989 3149 5059 penitus
3193 4999 3316 5043 sese
3353 4985 3603 5041 frustrari
3655 5000 3794 5054 que~

413 5082 626 5138 anxius.
675 5083 915 5138 Tandem
963 5096 1130 5153 super
1165 5081 1274 5138 hoc
1310 5083 1712 5138 communicato
1741 5087 2054 5138 nostrorum
2139 5092 2395 5143 rerentur
2431 5081 2725 5154 agricolae;
2767 5093 2898 5136 ecce
2928 5078 3120 5135 eodem
3161 5083 3438 5133 momento
3482 5076 3791 5144 praemissis

413 5171 671 5239 consilio,
703 5172 812 5229 huc
841 5185 944 5228 nos
973 5172 1218 5228 converti
1247 5172 1420 5227 visum
1452 5178 1536 5228 est
1584 5171 1816 5239 melius,
1865 5179 1927 5228 ut
1972 5173 2059 5228 his
2139 5175 2326 5232 multis
2397 5171 2660 5230 tonitruis
2732 5174 2897 5239 atque
2971 5165 3389 5223 coruscantibus
3461 5162 3792 5218 fulminibus

413 5275 555 5330 quos
583 5262 770 5318 eadem
802 5261 923 5318 dies
951 5260 1209 5317 attulerat
1239 5261 1412 5317 innixi
1442 5261 1694 5327 testibus,
1727 5261 1797 5316 ad
1836 5261 2059 5317 investi-
2139 5265 2373 5336 plurima
2410 5263 2701 5319 subsecuta
2753 5263 2837 5314 est
2883 5256 3171 5312 inundatio
3219 5253 3489 5326 pluvialis,
3521 5267 3629 5323 qua
3671 5253 3791 5308 suf—

2212 5427 2312 5498 (63)
2363 5427 2568 5498 Nempe
2617 5437 2711 5498 x_v_t_
2751 5417 2980 5476 Kalend.
3027 5416 3178 5498 Julii,
3208 5428 3353 5471 anno
3384 5414 3494 5470 inc.
3535 5411 3694 5479 1050,
3726 5422 3788 5469 ut

489 5420 600 5492 (62)
627 5423 764 5479 Nota
794 5423 1118 5495 religionem
1149 5423 1299 5480 illius
1321 5423 1604 5494 temporis,
1628 5436 1739 5492 quo
1759 5436 1907 5495 aram
1928 5423 2054 5480 loco

2135 5487 2333 5572 legitur
2362 5497 2416 5553 in
2448 5487 2544 5552 lib.
2577 5510 2616 5551 ιι
2646 5492 2857 5557 Mirac.,
2888 5504 3010 5560 cap.
3049 5487 3132 5542 19.

419 5505 634 5549 movere
689 5495 826 5549 citra
856 5493 1046 5550 nutum
1085 5496 1376 5565 praesentis
1403 5493 1648 5565 episcopi
1683 5507 1792 5550 non
1823 5493 2044 5550 licebat.
