4106 6178
423 300 557 354 1149

1355 299 1446 356 DE
1479 301 1887 360 INVENTIONE
1927 306 2010 361 ET
2049 305 2470 361 ELEVATIONE
2507 305 2562 358 S.
2606 304 2896 360 BEBTINI.

3639 298 3772 357 1150

411 424 785 482 ﬁcientissime
843 423 1091 479 debriata
1137 423 1321 492 tellus,
1378 439 1505 482 mox
1558 425 1942 486 fructificando
1978 429 2482 491 vi-Anecessitatis
2509 429 2682 502 gratia
2711 428 2794 486 vel
2825 433 2997 500 quoto
3035 429 3335 486 Dominicte
3371 427 3774 487 incarnationis

415 529 651 582 rescere,
686 519 850 584 atque
880 513 1188 569 cultoribus
1216 514 1331 569 suis
1367 514 1422 570 in
1457 529 1626 572 novos
1672 515 1882 574 fructus
1928 535 2049 577 sese

411 605 649 661 rediviva
700 618 798 674 spe
851 604 1181 673 jamjamque
1220 605 1388 673 coepit
1434 605 1684 660 dilatare.
1728 609 1915 678 itaque
1963 625 2054 666 ex-

411 701 542 751 tunc
572 693 778 750 salubri
811 707 936 748 rore
977 706 1168 748 omnes
1205 701 1421 764 segetes
1473 694 1710 752 confotaa
1758 706 2052 769 assurgunt

409 784 559 838 auris
614 783 972 852 spirantibus,
1014 796 1077 837 ac
1110 783 1219 850 jam
1279 788 1504 839 matura:
1562 786 1746 852 messi,
1807 787 2053 857 quamvis

409 874 624 944 ingens,
691 873 779 928 vix
835 869 1038 927 sufficit
1103 873 1478 942 operariorum
1536 889 1816 940 numerus,
1874 883 1933 932 ut
1972 877 2053 932 in-

408 963 608 1018 stantis
636 961 764 1017 anni
815 966 1028 1018 rotatus
1075 961 1379 1030 terrigenas
1424 963 1520 1018 Dei
1558 965 1732 1032 gratia
1769 967 1918 1021 omni
1966 981 2051 1022 se-

408 1060 590 1123 getum
625 1052 887 1108 educaret
918 1049 1268 1106 sufficientia.

477 1142 532 1197 5.
567 1142 662 1196 His
691 1142 766 1196 ita
796 1140 980 1208 dictis,
1020 1155 1236 1198 sacrum
1275 1157 1478 1215 corpus
1508 1145 1619 1213 jam
1663 1144 1956 1200 revelatum
1987 1161 2052 1202 ac

407 1231 683 1287 detectum
717 1230 904 1286 eadem
935 1244 1070 1284 urna
1099 1245 1195 1285 sua
1228 1233 1420 1303 retegi,
1463 1239 1516 1288 et
1565 1232 1798 1299 loculus,
1841 1241 1899 1288 ut
1938 1234 2050 1304 pri-

407 1319 530 1375 dem
570 1317 767 1386 fuerat,
793 1321 1003 1390 jussum
1036 1326 1118 1374 est
1150 1321 1434 1387 remuniri,
1468 1335 1754 1391 quousque
1787 1325 2051 1392 majorum

407 1407 663 1464 consultu
703 1407 836 1478 quid
875 1422 1042 1477 super
1089 1407 1194 1463 hoc
1239 1409 1359 1478 ipso
1408 1407 1548 1464 foret
1587 1409 1854 1480 agendum
1907 1416 2053 1466 esset

409 1497 723 1552 deliberari.
775 1497 1002 1564 Quantis
1059 1497 1277 1553 interim
1337 1499 1737 1565 vexationibus,
1799 1499 2053 1569 blasphe-

408 1587 532 1642 miis
559 1585 740 1642 atl'ecti
770 1600 977 1650 sumus,
1021 1587 1182 1642 nobis
1211 1587 1277 1641 ad
1320 1589 1699 1658 purgationem
1749 1597 1942 1644 noscat
1988 1603 2052 1645 ac

407 1676 517 1732 illis
535 1676 795 1741 ignoscat
824 1675 1104 1731 Dominus.
1149 1677 1259 1731 Hac
1299 1683 1622 1746 tempestate
1650 1677 1884 1733 domnus
1914 1692 2052 1748 papa

2134 533 2278 575 anno
2335 519 2390 574 id
2448 518 2648 575 factum
2704 519 2776 574 sit
2822 520 2956 574 satis
3012 517 3394 584 manifestato,
3452 532 3556 576 nec
3621 532 3772 576 mora

2134 607 2410 678 quoslibet
2438 608 2674 664 Annales
2710 622 2774 663 ac
2821 607 3170 678 antiquorum
3199 613 3476 680 gestorum
3506 607 3775 664 Historias

2134 698 2418 753 recitando
2493 711 2850 768 percurrens,
2928 710 3226 766 eorumque
3299 697 3577 766 discerpta
3648 711 3774 766 qua

2135 787 2539 857 investigationi
2597 793 2802 841 nostra:
2841 784 3165 841 videbantur
3212 791 3522 855 Opportuna
3587 784 3774 842 confe-

2136 889 2264 930 rens
2329 888 2429 944 pro
2495 881 2700 930 nostra:
2766 873 3048 944 parvitatis
3107 873 3330 929 modulo
3378 879 3776 931 commentatus

2134 978 2252 1018 sum
2321 964 2427 1019 hoc
2493 977 2690 1034 magno
2756 963 2957 1018 divinae
3018 963 3448 1032 dispensationis
3504 963 3774 1034 praesagio

2134 1050 2374 1120 factum;
2433 1052 2648 1108 scilicet
2701 1053 3012 1108 venerabile
3059 1065 3262 1122 corpus
3299 1066 3468 1122 opera
3523 1051 3776 1123 praedicti

2135 1141 2412 1210 pontiﬁcis
2440 1140 2508 1196 de
2540 1149 2672 1198 noto
2703 1141 2826 1198 loco
2859 1143 2912 1197 in
2952 1142 3221 1198 secretius
3259 1147 3509 1212 penetrat
3547 1142 3777 1198 transla-

2136 1234 2269 1283 tum.
2301 1227 2456 1295 Quod
2496 1234 2556 1283 ut
2611 1228 2909 1285 dilucidius
2945 1230 3243 1299 aperiatur,
3309 1217 3628 1286 eorumdem
3685 1244 3776 1284 ex-

2135 1324 2448 1388 cerptorum
2488 1317 2710 1374 collatio
2749 1319 3045 1388 aperiatur.
3095 1319 3201 1374 Sed
3250 1333 3319 1375 ne
3376 1325 3572 1389 emptae
3612 1319 3779 1375 ratio-

2135 1407 2222 1461 nis
2251 1407 2388 1463 ordo
2419 1406 2813 1477 aliquantulum
2855 1409 3139 1464 intermitti
3177 1408 3444 1475 videatur,
3494 1409 3612 1464 haac
3643 1408 3778 1463 alias

2137 1495 2352 1565 plenius
2382 1497 2614 1552 texenda
2646 1505 3061 1553 conserventur.

2205 1584 2260 1637 6.
2317 1585 2568 1641 Glorioso
2626 1587 2792 1657 igitur
2855 1587 3184 1656 imperatore
3251 1587 3527 1644 Ludovico
3595 1587 3776 1644 Caroli

2137 1675 2308 1744 Magni
2341 1682 2506 1746 atque
2537 1676 2885 1746 imperatoris
2917 1677 3028 1733 filio
3059 1684 3342 1746 regnante,
3382 1691 3503 1732 cum
3550 1683 3778 1733 eatenus

408 1769 538 1831 Leo,
580 1772 949 1836 cognomento
981 1765 1184 1830 Bruno,
1227 1772 1430 1821 sancta:
1471 1768 1731 1822 Romanae
1777 1763 2242 1836 praeside-Bhoc
2273 1764 2554 1834 antiquum
2597 1773 2650 1820 et
2689 1773 2818 1822 tunc
2859 1766 3040 1836 regale
3089 1766 3401 1822 coenobium
3433 1780 3499 1821 ex
3528 1771 3777 1834 tempore

405 1855 498 1910 bat
545 1854 830 1920 Ecclesiae,
896 1855 1052 1923 cujus
1099 1855 1412 1925 sagacitatis
1461 1870 1524 1911 ac
1575 1857 1866 1925 probitatis
1915 1855 2053 1912 fama
2138 1852 2438 1907 beatissimi
2470 1854 2675 1909 Bertini
2706 1855 2948 1924 ejusdem
2988 1854 3296 1910 fundatoris
3326 1855 3592 1924 prtecipui
3624 1869 3779 1910 sacra

405 1959 505 2016 per
541 1949 715 1999 totum
754 1943 942 1998 orbem
978 1943 1221 2013 spirabat
1251 1944 1476 1999 odorem
1508 1945 1688 2000 suavis
1718 1944 2049 2016 fragrantia.
2137 1941 2423 1996 monastici
2457 1941 2668 1996 ordinis
2705 1942 2973 2013 religione
3006 1942 3298 1998 admodum
3350 1942 3736 1999 uobilitaretur
3759 1986 3774 2011 ,

405 2033 482 2090 Ad
525 2047 686 2105 quem
719 2033 1047 2089 necessitate
1079 2040 1309 2104 urgente
1341 2049 1450 2104 quo
1490 2037 1756 2105 majorum
1805 2037 2052 2091 auctori-
2137 2036 2301 2098 atque
2358 2031 2658 2086 secundum
2717 2031 2964 2087 instituta
3032 2045 3301 2088 canonum
3331 2075 3344 2097 ,
3404 2031 3631 2088 fratrum
3682 2032 3780 2088 ad-

407 2128 518 2177 tate
575 2123 1083 2189 corroboraremur,
1146 2122 1323 2178 fidelis
1379 2123 1590 2195 legatus
1647 2126 1954 2194 exquisitus
2000 2130 2055 2180 ct

407 2219 678 2282 repertus,
739 2213 1015 2284 dirigitur,
1068 2219 1338 2282 quatenus
1384 2212 1652 2282 quidquid
1694 2213 1811 2283 ipse
1851 2214 1918 2268 de
1969 2213 2055 2268 his

405 2301 743 2370 apostolicus
809 2315 930 2356 cum
989 2301 1256 2370 gravioris
1312 2301 1528 2356 consilii
1587 2301 1718 2356 viris
1775 2302 2053 2373 egregium

405 2391 656 2454 sentiret,
701 2390 861 2444 nobis
902 2403 999 2457 pro
1041 2388 1260 2443 nomine
1308 2389 1520 2444 Domini
1562 2389 1819 2444 mandare
1860 2391 2054 2445 eodem

305 2514 312 2524 ι
405 2477 586 2548 legato
621 2492 730 2532 non
766 2476 1032 2532 differret.
1074 2482 1239 2544 Quem
1291 2491 1411 2531 cum
1461 2478 1691 2544 adisset,
1725 2493 1788 2533 ac
1812 2480 1921 2549 jam
1963 2494 2056 2536 co-

407 2581 519 2621 ram
563 2580 628 2621 eo
668 2567 908 2621 admisso
947 2566 1050 2621 sibi
1111 2566 1234 2621 data
1289 2567 1450 2636 copia
1509 2565 1654 2622 fandi
1715 2576 1881 2636 esset,
1940 2585 2054 2625 rem

2137 2120 2362 2187 optione
2383 2119 2584 2190 ispsius
2613 2121 2854 2191 regimen
2886 2122 3380 2187 commendaretur,
3404 2128 3533 2177 tunc
3562 2121 3778 2178 cuidam

2137 2206 2406 2262 canonico
2437 2222 2638 2278 genere
2679 2209 2872 2280 Anglo,
2916 2210 3210 2280 Fredegiso
3249 2212 3492 2276 nomine,
3524 2211 3580 2265 in
3612 2211 3781 2266 bene-

2139 2293 2344 2359 ﬁcium,
2379 2295 2516 2364 proh
2549 2295 2742 2352 dolor!
2784 2297 2929 2363 data,
2973 2311 3034 2353 ac
3068 2298 3237 2352 totius
3264 2305 3469 2354 sanctae
3499 2297 3784 2368 religionis

2137 2382 2376 2437 candore
2431 2398 2790 2450 marcescere,
2852 2387 2905 2440 in
2964 2394 3218 2442 externas
3273 2401 3466 2441 manus
3520 2387 3778 2442 devenire

2138 2477 2190 2524 et
2221 2471 2481 2528 minorari
2515 2488 2545 2527 a
2575 2488 2672 2528 sua
2701 2475 2872 2544 coepit
2905 2475 3242 2546 integritate.
3291 2476 3537 2545 Denique
3591 2489 3780 2531 nume-

2138 2574 2256 2615 rum
2298 2562 2687 2618 monachorum
2734 2563 2936 2619 ibidem
2995 2565 3223 2621 Domino
3282 2565 3628 2620 militantium
3685 2565 3779 2635 qui

407 2662 612 2726 gestam
655 2670 755 2725 per
790 2655 1036 2710 ordinem
1088 2655 1292 2710 domno
1341 2670 1496 2724 papae
1541 2656 1842 2724 succincte,
1893 2663 2058 2727 prout,
2139 2650 2418 2721 octoginta
2451 2659 2562 2708 tres
2610 2661 2786 2721 erant,
2845 2654 2914 2709 ad
2971 2655 3252 2725 sexaginta
3290 2654 3565 2720 diminuit,
3625 2653 3781 2709 villas

409 2745 462 2800 in
521 2745 710 2799 multis
752 2753 879 2799 tunc
938 2753 1247 2815 occupato,
1301 2746 1573 2815 exposuit,
1633 2748 2056 2820 testimoniaque

2141 2746 2193 2793 et
2224 2738 2490 2796 fertiliora
2523 2742 2727 2810 prazdia
2766 2743 2932 2798 victui
2987 2743 3377 2799 monachorum
3412 2744 3692 2812 deputata,
3724 2743 3780 2798 in

407 2835 698 2903 scriptura:
744 2839 799 2888 et
837 2848 1054 2889 crucem
1105 2850 1226 2890 cum
1267 2849 1424 2890 sacro
1484 2849 1719 2906 corpore
1760 2845 2052 2907 repertam,
2139 2827 2439 2883 dominium
2490 2829 2596 2884 sibi
2649 2831 2950 2900 usurpavlt.
3000 2832 3384 2886 Monasterium
3423 2844 3554 2887 vero
3592 2832 3646 2886 S.
3677 2833 3778 2886 Au-

407 2939 530 2993 quze
580 2937 761 2978 secum
822 2936 922 2992 pro
972 2924 1289 2979 testimonio
1341 2925 1559 2991 tulerat,
1607 2926 1893 2982 obtutibus
1941 2929 2059 2997 ejus
2140 2917 2350 2973 domari
2385 2919 2533 2989 QUOd
2565 2935 2687 2976 οιιω
2718 2921 3050 2976 monasterio
3090 2921 3142 2976 S-
3177 2920 3380 2976 Bertini
3429 2920 3572 2974 idem
3621 2925 3777 2985 erat.

411 3012 780 3084 praesentavit.
819 3012 1027 3080 Quibus
1058 3013 1186 3068 visis
1216 3019 1272 3068 et
1309 3014 1395 3069 his
1425 3015 1518 3084 qui
1541 3021 1671 3070 tunc
1700 3015 1841 3072 forte
1872 3031 2055 3072 secum
2088 3079 2116 3084 ᾇ
2141 3009 2362 3075 Pennus
2389 3009 2605 3077 θνθΐῐίῐ,
2655 3011 2913 3079 quoniam
2962 3010 3321 3081 ρυδάνθςίιηε
3369 3008 3652 3066 πιουδοῗιίδ
3688 3008 3784 3065 θη·

409 3079 656 3166 aderant,
691 3102 768 3156 uti
801 3079 894 3172 qui
941 3102 1007 3157 ad
1057 3103 1360 3158 Romanum
1399 3079 1692 3160 concilium
1734 3110 1864 3160 tunc
1915 3121 2052 3162 con-
2080 3079 2380 3163 C‘miuatis,
2415 3098 2639 3169 triginta
2678 3079 2995 3155 canonicos,
3030 3099 3154 3155 loco
3180 3079 3399 3155 veorum
3458 3099 3779 3168 substituit,

410 3196 694 3256 venerant,
726 3190 938 3246 scilicet
979 3191 1304 3261 patriarcha:
1343 3193 1629 3262 Aquileia,
1678 3194 2054 3266 archiepisco-

2143 3186 2470 3257 tertiamque
2529 3195 2736 3256 partem
2776 3189 3015 3244 omnium
3073 3189 3342 3244 bonorum
3383 3189 3451 3244 ad
3508 3193 3782 3244 monaste-

411 3279 515 3348 pis,
559 3279 908 3349 praesulibus,
969 3280 1280 3347 abbatibus,
1323 3282 1556 3337 ducibus
1608 3297 1671 3337 ac
1727 3283 2061 3353 primoribus
2142 3276 2280 3330 l'illm
2316 3277 2370 3332 S.
2404 3277 2611 3332 Bertini
2652 3278 3040 3348 pertinentium
3087 3293 3274 3333 eorum
3325 3277 3515 3333 usibus
3557 3277 3784 3347 deputa-

411 3368 819 3435 demonstratis,
853 3369 1054 3424 talibus
1083 3369 1158 3424 ait
1186 3370 1434 3426 veritatis
1463 3370 1686 3426 indiciis
1716 3385 2058 3443 nequaquam

410 3457 612 3513 debere
643 3456 840 3522 difﬁdi,
872 3458 967 3512 sed
1002 3459 1172 3513 tutius
1202 3474 1264 3514 ac
1304 3460 1513 3516 firmius
1541 3460 1715 3528 credi,
1753 3463 2057 3531 praesertim

409 3561 529 3601 cum
562 3547 616 3601 in
650 3546 835 3601 multis
863 3546 1139 3601 annalium
1189 3549 1360 3617 gestis
1407 3549 1541 3602 satis
1600 3551 1771 3617 possit
1827 3550 2059 3604 inveniri

412 3641 643 3691 cunctos
697 3649 836 3704 pene
891 3635 1078 3690 Galliae
1138 3636 1422 3702 terminos,
1483 3637 1823 3706 maximeque
1881 3646 2059 3694 vestra

415 3737 476 3777 ac
544 3730 746 3779 caatera
815 3723 1083 3777 maritima
1140 3723 1258 3777 loca
1317 3722 1698 3794 frequentibus
1786 3727 2058 3780 Danorum

412 3811 842 3876 incursionibus,
877 3810 1405 3880 deprwdationibus,
1447 3812 1827 3882 incendiisque
1875 3829 2060 3883 popu-

411 3899 556 3965 lata;
591 3908 646 3955 et
675 3902 746 3956 ob
786 3902 840 3956 id
873 3901 1040 3956 multa
1090 3906 1405 3955 sanctorum
1457 3914 1690 3970 corpora
1739 3902 1986 3970 quaedam
2028 3918 2058 3958 a

413 3991 553 4045 locis
583 3991 763 4046 minus
810 3992 944 4045 tutis
981 3989 1264 4056 translata,
1298 3989 1548 4059 quaedam
1579 4005 1709 4046 vero
1751 3991 2056 4046 clanculum

418 4080 577 4151 (sicut
603 4080 670 4134 de
701 4088 893 4135 sancto
942 4080 1165 4134 Bertino
1216 4077 1417 4134 factum
1469 4081 1703 4150 constat)
1748 4081 1828 4135 vel
1882 4095 2060 4136 mace-

416 4169 513 4224 riis
539 4169 621 4224 vel
654 4171 819 4224 terris
847 4169 956 4223 sint
1006 4167 1309 4223 recondita.
1357 4170 1564 4236 Quibus
1609 4171 1890 4239 responsis
1928 4184 2062 4240 apo-

414 4259 627 4313 stolicis
665 4259 825 4314 nobis
859 4265 1050 4312 nostro
1086 4259 1279 4313 nuntio
1311 4259 1518 4325 relatis,
1569 4274 1636 4314 ex
1683 4259 1789 4314 hoc
1828 4259 1894 4313 ad
1941 4273 2061 4314 me-

416 4348 704 4417 metipsum
736 4361 986 4402 reversus
1025 4346 1335 4401 meminisse
1365 4347 1507 4416 coepi
1543 4347 1678 4402 Vitae
1717 4350 1770 4403 S.
1805 4347 2057 4417 Folquini

2141 3366 2236 3419 vit.
2269 3365 2404 3432 Quid
2446 3367 2614 3436 igitur
2659 3367 2763 3422 iste
2818 3366 2966 3421 aliud
3027 3380 3189 3436 quam
3246 3365 3410 3436 hujus
3465 3364 3783 3420 monasterii

2143 3455 2415 3524 ﬂagellum
2448 3454 2592 3510 fuit?
2617 3455 2718 3522 Qui
2749 3456 2910 3510 etiam
2943 3469 2972 3510 a
3003 3456 3164 3510 beato
3212 3455 3434 3510 Bertino
3465 3455 3520 3508 in
3551 3467 3781 3510 numero

2142 3543 2397 3598 abbatum
2430 3545 2626 3599 merito
2659 3544 2980 3598 undecimus
3028 3544 3257 3609 exstitit,
3290 3543 3417 3612 quia
3448 3544 3504 3598 in
3535 3557 3602 3598 eo
3631 3541 3779 3612 quod

2142 3643 2204 3685 ea
2236 3646 2359 3700 qua:
2399 3647 2427 3686 a
2459 3633 2647 3687 decem
2681 3632 3185 3702 prtedecessoribus
3208 3632 3322 3687 suis
3361 3632 3500 3687 bene
3531 3631 3782 3687 ordinata

2141 3717 2358 3774 fuerant
2423 3722 2666 3786 evertit,
2735 3721 2987 3791 Decalogi
3049 3728 3220 3776 metas
3291 3720 3545 3776 excessit.
3612 3721 3783 3775 Omne

2141 3809 2285 3862 enim
2318 3817 2596 3877 peccatum
2639 3811 2995 3866 undenarium
3045 3810 3269 3874 dicitur,
3317 3809 3573 3879 quoniam
3614 3821 3782 3878 quan-

2144 3899 2437 3968 docunque
2494 3901 2718 3970 aliquod
2782 3901 3029 3956 illicitum
3088 3901 3468 3962 committitur,
3529 3897 3783 3969 Decalogi

2143 4002 2371 4055 summa,
2400 3996 2662 4058 quantum
2694 3990 2750 4044 in
2801 3997 3062 4058 peccante
3113 3997 3216 4055 est,
3275 3989 3529 4045 violatur.
3590 3989 3782 4044 Merito

2142 4078 2310 4148 igitur
2342 4086 2708 4148 praesumptor
2737 4079 2857 4136 iste.
2919 4078 3248 4149 Fredegisus
3303 4077 3582 4142 videlicet,
3627 4077 3784 4147 quasi

2144 4167 2395 4238 Frigidus
2422 4175 2647 4223 v0catus
2685 4176 2788 4234 est,
2821 4167 2948 4238 quia
2981 4169 3084 4223 nisi
3116 4168 3300 4224 cordis
3331 4169 3448 4237 ejus
3477 4167 3662 4237 aquilo
3693 4166 3785 4222 ille

2145 4271 2434 4326 possessor
2494 4257 2815 4322 exstitisset,
2875 4257 2941 4312 ad
2974 4257 3286 4327 hujusmodi
3327 4255 3785 4326 praesumptiones

2143 4346 2456 4401 nullatenus
2501 4347 2816 4416 aspirasset.
2869 4345 3001 4412 Quia
3041 4359 3172 4414 ergo
3221 4344 3575 4414 praesumptio
3622 4343 3785 4412 hujus

416 4435 674 4506 quiddam
707 4451 873 4505 super
890 4436 994 4490 hoc
1020 4436 1140 4505 ipso
1164 4436 1477 4505 loquentis;
1511 4450 1683 4506 eaque
1705 4436 1886 4503 allata,
1911 4437 2058 4506 quod
2080 4427 2349 4507 DFrigidi
2383 4435 2714 4491 monasterio
2748 4435 2872 4490 huic
2903 4435 3039 4489 tanti
3078 4433 3278 4489 excidii
3327 4439 3491 4502 caput
3528 4439 3584 4486 et
3621 4446 3784 4487 causa

415 4524 664 4581 volebam
739 4523 1069 4594 exquisitum
1147 4524 1484 4578 recitabatur
1556 4524 1838 4593 quomodo
1917 4525 2060 4580 idem

417 4621 638 4670 sanctus
680 4612 924 4682 pontifex
963 4613 1332 4668 venerandum
1363 4612 1536 4666 sancti
1588 4626 1791 4682 corpus
1839 4613 2061 4668 transla-

419 4712 531 4759 tum
599 4701 997 4768 recondiderit,
1067 4707 1121 4755 et
1185 4701 1333 4770 quod
1375 4700 1617 4770 ejusdem
1687 4702 2063 4756 translationis

418 4791 667 4848 festivum
699 4791 843 4846 diem
876 4790 1106 4862 singulis
1143 4791 1302 4845 annis
1332 4790 1417 4860 agi
1448 4803 1548 4859 per
1594 4803 1810 4846 omnem
1859 4791 2062 4848 dimce-

417 4883 520 4938 sim
572 4895 725 4937 suam
781 4881 1104 4936 instituerit.
1163 4879 1315 4946 Quod
1379 4879 1611 4948 exempli
1677 4881 1838 4935 etiam
1899 4896 2062 4938 causa

421 4971 509 5026 hic
540 4970 791 5026 denotari
823 4969 1048 5040 placuit,
1089 4971 1143 5024 S.
1186 4970 1390 5025 Bertini
1440 4982 1643 5040 corpus
1681 4971 1960 5026 transtulit
2008 4979 2063 5026 et

416 5060 789 5126 recondidit,
846 5059 1256 5130 solemnemque
1319 5059 1466 5114 hunc
1523 5059 1666 5115 diem
1725 5061 1885 5117 nobis
1941 5077 2062 5119 esse

417 5153 670 5218 sancivit,
706 5151 800 5221 qui
832 5157 916 5206 est
944 5151 1178 5221 septimo
1227 5151 1444 5206 decimo
1492 5149 1764 5206 Kalendas
1811 5153 2058 5224 Augusti.

417 5242 519 5297 Diu
550 5240 629 5296 rei
660 5241 822 5297 etiam
853 5239 960 5295 hoc
988 5239 1227 5310 vulgaris
1255 5239 1445 5310 opinio
1483 5239 1705 5310 adjecit,
1738 5241 1884 5310 quod
1927 5256 2065 5311 pra:-

418 5331 622 5386 libatus
651 5328 850 5400 prassul
889 5329 945 5384 in
995 5327 1161 5382 nullis
1216 5333 1420 5398 prater
1474 5342 1680 5398 paucos
1716 5331 2065 5399 agnoscenti-

419 5419 522 5474 bus
551 5417 857 5474 clanculum
896 5415 1112 5482 fecerit,
1164 5429 1228 5471 ac
1275 5429 1345 5472 ne
1399 5416 1575 5488 palam
1623 5431 1848 5488 quoquo
1897 5419 2062 5474 modo

417 5506 575 5564 ﬂeret
622 5506 877 5577 gravibus
925 5505 1145 5562 eosdem
1196 5505 1736 5562 interminationibus
1781 5521 1845 5562 ac
1883 5521 2066 5562 sacra-

420 5595 621 5652 mentis
639 5595 1050 5652 constrinxerit.
1077 5595 1189 5651 Hoc
1219 5595 1386 5667 igitur
1413 5595 1529 5651 viso
1555 5601 1609 5650 et
1644 5595 1875 5651 necdum
1907 5598 2064 5668 cujus

2145 4525 2374 4588 exstitit,
2423 4526 2568 4580 actio
2617 4526 2734 4595 ejus
2786 4537 3039 4594 perversa
3097 4529 3151 4578 et
3208 4529 3491 4590 peccatum
3545 4519 3669 4585 fuit,
3729 4525 3784 4575 et

2146 4627 2304 4683 poena
2336 4614 2568 4683 peccati,
2600 4620 2655 4668 et
2711 4628 2872 4669 causa
2927 4612 3153 4668 alterius
3205 4612 3436 4682 peccati.
3495 4613 3783 4667 Peccatum

2144 4703 2344 4758 etenim
2375 4703 2458 4758 vel
2489 4703 2650 4758 etiam
2707 4702 3050 4772 sacrilegium
3098 4699 3220 4768 fuit,
3262 4713 3385 4756 cum
3441 4698 3575 4755 illud
3631 4696 3781 4768 quod

2143 4805 2346 4848 mensa:
2377 4793 2766 4848 monachorum
2799 4790 3103 4862 delegatum
3154 4796 3292 4857 erat,
3342 4791 3396 4845 in
3429 4791 3522 4859 jus
3558 4787 3785 4844 alterius

2143 4882 2328 4937 cessit.
2371 4883 2535 4938 Poena
2574 4895 2794 4952 quoque
2844 4881 3054 4951 peccati
3089 4879 3320 4948 exstitit,
3379 4878 3508 4949 quia
3565 4877 3668 4933 nisi
3725 4876 3780 4930 in

2144 4970 2438 5042 Fredegiso
2496 4970 2718 5040 aliquod
2768 4975 3051 5039 peccatum
3107 4969 3483 5040 gravissimum
3545 4979 3781 5037 praeces-

2143 5061 2326 5126 sisset,
2360 5059 2505 5115 unde
2535 5073 2656 5115 cum
2705 5059 2963 5116 sordidus
3018 5065 3163 5114 esset
3201 5058 3372 5129 magis
3428 5056 3607 5113 adhuc
3662 5068 3782 5111 sor-

2144 5151 2370 5207 descere
2400 5150 2648 5216 deberet,
2688 5163 2962 5219 nunquam
3001 5162 3124 5204 eum
3182 5147 3442 5203 Dominus
3497 5145 3636 5202 adeo
3694 5159 3779 5200 ex-

2143 5241 2339 5296 caacari
2381 5240 2718 5310 permisisset
2755 5245 2815 5294 ut
2859 5238 2928 5294 de
2984 5243 3138 5293 tanto
3167 5236 3456 5307 sacrilegio
3488 5236 3775 5307 cogitaret.

2143 5329 2368 5384 Causam
2399 5341 2528 5383 vero
2557 5327 2785 5382 alterius
2832 5325 3044 5396 peccati
3101 5323 3232 5380 illuc
3289 5324 3433 5379 idem
3494 5330 3776 5395 peccatum

2144 5416 2422 5487 Fredegisi
2449 5415 2865 5472 successoribus
2893 5411 3222 5484 propinavit,
3281 5413 3410 5482 quia
3460 5411 3608 5482 quod
3661 5413 3778 5483 ipse

2145 5508 2201 5562 in
2232 5505 2534 5562 dominium
2570 5503 2676 5559 sibi
2705 5501 3024 5569 vindicavit,
3071 5501 3216 5570 apud
3269 5515 3460 5558 omnes
3495 5515 3782 5559 successo-

2145 5610 2234 5652 res
2262 5594 2436 5666 ipsius
2463 5607 2635 5667 usque
2673 5592 2740 5648 ad
2771 5591 3092 5648 modernum
3138 5596 3353 5662 tempus
3399 5591 3778 5648 inextricabile
