4106 6178
421 264 548 320 1151

1527 265 1855 322 FOLCARDI
1895 264 2191 319 MONACHI
2229 263 2658 321 SITHIVENSIS.

3659 259 3800 316 1152

415 390 752 463 perduravit.
808 391 1040 447 Tantilla
1091 406 1222 448 vero
1288 391 1406 446 haec
1473 390 1658 460 pueris
1707 389 1912 446 nostris
1967 386 2492 450 meAinvenerunt.
2524 391 2764 457 Quorum
2811 394 2925 446 tres
2970 388 3192 460 quantis
3229 388 3408 460 pomis
3445 387 3800 453 affecerunt,

417 480 663 552 tetigisse
715 479 973 548 sufﬁciat,
1016 487 1076 536 ut
1115 481 1316 551 quibus
1367 479 1608 550 peccatis
1665 494 1695 534 a
1749 479 2062 535 sanctuario

415 572 512 627 Dei
587 571 796 628 exortis
870 576 1018 626 tanta
1096 570 1233 626 mala
1308 569 1757 626 consurrexerint
1832 575 2061 640 pateat,

414 675 480 717 ac
527 659 730 731 quibus
786 659 1110 730 urgentibus
1166 658 1345 714 causis
1400 658 1574 714 sancti
1633 659 1884 729 corporis
1923 674 2065 715 mar-

414 749 587 822 garita
646 749 930 805 recondita
989 749 1081 814 sit,
1155 747 1496 804 manifestius
1554 756 1754 820 pateat.
1825 752 2063 820 Impera-

416 843 544 895 tore
611 838 841 909 praefato
899 837 1206 893 decedente
1273 853 1302 892 a
1369 839 1594 905 saeculo,
1655 838 1750 894 ﬁlii
1794 841 1914 909 ejus
1961 841 2064 895 Lo-

415 927 645 996 tharius,
723 927 1030 982 Ludovicus
1093 932 1148 982 et
1204 927 1450 998 Carolus,
1509 927 1709 998 singuli
1777 933 2061 998 paternum

414 1017 701 1086 imperium
735 1015 996 1084 aemulati,
1039 1030 1164 1072 mox
1198 1017 1266 1072 ab
1316 1017 1546 1073 invicem
1606 1017 1900 1074 dissentire
1957 1033 2064 1074 cm—

415 1110 632 1175 perunt,
691 1110 854 1174 atque
913 1103 1252 1162 ferocissima
1310 1106 1456 1161 inter
1511 1121 1570 1161 se
1628 1120 1808 1177 pugna
1855 1106 2061 1163 inserta

413 1193 468 1248 in
509 1207 647 1263 pago
685 1194 1153 1250 Antissiodorensi
1204 1194 1405 1250 bellum
1438 1195 1877 1252 cruentissimum
1919 1211 2064 1253 com-

414 1282 723 1338 miserunt:
765 1283 860 1338 ubi
919 1298 1040 1338 cum
1093 1286 1426 1340 Francorum
1485 1284 1810 1354 proceribus
1847 1290 1899 1341 et
1939 1301 2060 1342 cum

412 1370 628 1426 cunctis
673 1371 993 1428 nationibus
1021 1373 1126 1427 sibi
1157 1373 1422 1443 subjectis
1453 1380 1636 1429 mutua
1667 1389 1726 1430 se
1752 1375 1904 1430 caede
1935 1389 2063 1445 pro-

411 1460 806 1522 sternentibus.
875 1461 1093 1516 tandem
1160 1462 1434 1518 Lodoicus
1490 1468 1545 1519 et
1599 1463 1826 1518 Carolus
1877 1463 2060 1535 fugato

2147 477 2363 548 qualive
2420 482 2673 548 quartum
2732 479 2882 535 letho
2949 478 3162 534 multati
3228 483 3357 534 sunt
3394 492 3460 534 ac
3513 477 3799 548 quomodo

2146 567 2361 622 cunctis
2417 581 2540 638 quae
2599 568 2845 624 invenire
2894 573 3151 639 poterant
3188 567 3420 638 direptis
3466 565 3799 622 monasteria

2146 663 2481 727 cunctasque
2538 655 2787 713 ofﬁcinas
2845 658 3214 724 incenderint,
3270 662 3577 727 cunctaque
3624 661 3804 710 exter-

2146 746 2493 814 minaverint,
2537 751 2719 801 textus
2746 747 2884 802 Vitae
2927 746 3034 818 (64)
3065 746 3241 802 sancti
3280 746 3486 802 Bertini
3527 745 3664 800 satis
3694 743 3802 799 evi-

2146 834 2344 890 denter
2381 834 2624 890 disserit.
2682 835 2821 902 Quid
2883 835 3091 906 igitur?
3147 835 3200 890 Si
3258 840 3389 890 tuuc
3445 833 3800 904 praefatorum

2145 929 2459 979 sanctorum
2502 936 2736 994 corpora
2786 923 3247 980 eminentioribus
3282 923 3364 979 vel
3407 923 3575 978 certis
3621 921 3802 977 locata

2145 1011 2283 1067 locis
2312 1011 2497 1068 debite
2551 1021 2968 1079 venerarentur,
3028 1012 3439 1083 exportandane
3498 1011 3707 1082 putatis
3743 1011 3799 1065 in

2142 1101 2320 1157 valida
2351 1115 2513 1156 manu
2553 1103 2770 1158 Domini
2801 1102 3194 1172 eriperentur?
3222 1105 3300 1156 An
3334 1115 3443 1158 non
3489 1108 3624 1156 tunc
3663 1100 3803 1155 mul-

2146 1196 2258 1246 tum
2301 1191 2617 1261 oportebat,
2651 1190 2797 1260 quod
2844 1193 2954 1260 jam
3005 1191 3186 1246 dictus
3232 1190 3492 1246 sacerdos
3537 1190 3632 1244 Dei
3675 1194 3803 1244 tan-

2148 1286 2328 1336 torum
2390 1279 2656 1336 malorum
2715 1294 2996 1351 prmsagus
3052 1279 3444 1336 conservandis
3480 1285 3803 1334 sanctorum

2146 1370 2470 1440 pigneribus
2499 1370 2662 1440 paulo
2685 1375 2810 1425 ante
2842 1369 3139 1426 effecerat?
3170 1369 3409 1424 Necdum
3442 1369 3622 1424 locum
3654 1368 3804 1422 hunc

2144 1458 2326 1530 aliqua
2358 1459 2569 1514 castelli
2608 1459 2691 1514 vel
2721 1459 2849 1514 valli
2899 1458 3215 1515 defensabat
3259 1458 3526 1514 munitio:
3561 1464 3616 1513 et
3648 1457 3802 1522 ideo,

2143 1549 2316 1619 magis
2362 1554 2542 1603 autem
2599 1554 2949 1618 peccatorum
3001 1548 3144 1603 mole
3183 1554 3432 1618 urgente,
3473 1547 3581 1602 huc
3620 1544 3804 1616 perfa-

2144 1638 2266 1694 cilis
2298 1639 2614 1708 iniquorum
2656 1638 2855 1708 irrupit
2914 1637 3182 1693 incursio.
3220 1639 3334 1693 Nec
3389 1636 3556 1692 modo
3603 1636 3803 1702 semel,

415 1549 670 1605 Lothario
720 1551 1054 1620 triumphum
1114 1551 1297 1622 adepti
1355 1557 1501 1606 sunt.
1561 1553 1728 1622 Cujus
1781 1554 2062 1608 seminarii

411 1637 687 1692 discordia
727 1639 960 1695 durante
1017 1655 1115 1709 per
1145 1640 1605 1710 quinquennium,
1639 1641 1731 1696 ubi
1767 1655 1905 1711 pene
1944 1656 2063 1698 om-

411 1740 508 1782 nes
555 1729 888 1784 Francorum
938 1729 1193 1799 regiones
1231 1743 1352 1784 cum
1394 1729 1796 1786 habitatoribus
1844 1731 1959 1786 suis
1988 1724 2120 1787 adB
2146 1741 2330 1783 verum
2363 1726 2451 1782 bis
2483 1734 2675 1796 terque
2715 1727 3020 1782 Sithienses
3058 1727 3194 1782 ﬁnes
3242 1726 3499 1782 redivivis
3539 1726 3806 1794 irruptio-

411 1813 638 1870 nihilum
680 1815 888 1870 redacti
921 1823 1067 1883 sunt,
1102 1817 1320 1872 tandem
1363 1832 1495 1887 pace
1534 1817 1676 1874 facta
1725 1821 2055 1875 Francorum
2141 1831 2268 1872 num
2300 1830 2517 1872 suarum
2550 1816 2948 1872 vastationibus
2994 1821 3313 1886 repetentes
3343 1816 3637 1886 proﬂigare
3686 1829 3802 1870 non

410 1917 633 1973 regnum
673 1904 780 1958 sibi
836 1904 1160 1970 diviserunt,
1205 1910 1445 1975 tuncque
1503 1913 1706 1963 nostra:
1747 1914 1930 1978 partes
1969 1923 2058 1964 oc-
2140 1911 2445 1971 cessarunt,
2515 1894 2693 1960 denec
2761 1904 3149 1974 praedictorum
3211 1910 3524 1960 sanctorum
3583 1905 3805 1959 meritis

409 1990 711 2047 cideutales
742 1992 938 2048 Carolo
970 1993 1083 2062 regi
1117 1999 1422 2048 cesserunt.
1454 1995 1620 2063 Cujus
1650 1996 1878 2052 obtentu
1906 1997 2058 2066 pacis
2139 1993 2322 2049 divina
2354 1993 2562 2048 ultione
2604 1993 2984 2062 multipliciter
3016 1993 3210 2057 attriti,
3254 1993 3308 2048 in
3348 1993 3593 2064 vaginam
3635 2007 3793 2047 suam

411 2092 752 2149 nequaquam
795 2081 933 2135 mala
974 2081 1303 2149 desierunt;
1354 2083 1450 2137 sed
1499 2084 1777 2152 tripertito
1826 2092 2054 2154 paterno

407 2169 662 2238 imperio,
705 2171 832 2224 dum
883 2170 1082 2241 singuli
1139 2185 1236 2241 per
1281 2172 1493 2243 singula
1534 2187 1700 2244 regna
1746 2177 2051 2244 patrizare,

405 2271 574 2327 seque
603 2259 903 2314 secundum
948 2264 1224 2328 paternam
1277 2261 1729 2331 magniﬁcentiam
1778 2264 2054 2333 protelare

405 2347 655 2415 cupiunt,
697 2362 867 2416 seque
903 2362 1110 2418 suaque
1151 2349 1556 2406 confundentes
1603 2351 1890 2421 dejiciunt.
1932 2356 2052 2410 Non

405 2436 550 2490 enim
600 2437 823 2492 verbum
865 2438 1080 2492 Domini
1132 2439 1374 2494 excidit:
1421 2441 1584 2496 Omne
1629 2455 1843 2510 regnum
1880 2444 1935 2498 in
1971 2459 2054 2497 se-

403 2523 571 2594 ipsum
629 2523 848 2578 divisum
906 2525 1248 2593 desolabilur,
1298 2534 1346 2581 et
1395 2528 1576 2584 dontus
1629 2545 1790 2602 supra
1847 2532 2053 2588 domum

405 2611 556 2666 cadet
593 2612 746 2682 (Luc.
789 2627 867 2678 x1,
926 2614 1029 2676 l7).
1072 2616 1353 2685 Regnante
1402 2617 1594 2673 eodem
1644 2634 1771 2690 rege
1811 2621 2006 2677 Carolo
2033 2666 2047 2687 ,

405 2699 568 2756 tertio
635 2701 918 2771 regiminis
975 2701 1230 2758 Adalardi
1289 2704 1504 2759 abbatis
1560 2721 1726 2774 anno,
1788 2709 2050 2778 praefatus

405 2788 605 2858 praesul
663 2789 924 2846 emeritos
979 2793 1034 2846 S.
1097 2791 1304 2847 Bertini
1361 2800 1514 2849 artus
1569 2809 1712 2852 anno
1752 2798 2049 2856 Dominicae

402 2879 798 2934 lncarnationis
844 2880 1302 2950 octingentesimo
1361 2884 1780 2955 quadragesimo
1843 2889 2046 2956 tertio,

399 2966 686 3022 secretiori
718 2983 876 3037 quam
921 2969 1074 3037 prius
1111 2968 1289 3026 fuerat
1327 2971 1452 3028 loco
1497 2973 1634 3028 mire
1682 2978 2045 3046 compositum

2139 2081 2406 2151 compulsi
2457 2087 2583 2136 sunt
2629 2082 2866 2152 regredi.
2915 2081 3123 2137 Dehinc
3162 2087 3218 2136 ut
3251 2082 3411 2136 tertia
3442 2095 3668 2151 quoque
3708 2095 3799 2135 or-

2136 2169 2659 2226 bisexaminaretur
2697 2170 2874 2241 plaga,
2917 2170 3132 2226 demum
3183 2169 3341 2225 famis
3383 2178 3438 2226 et
3484 2170 3797 2225 barbaricae

2138 2259 2310 2315 cladis
2351 2259 2604 2316 residuos
2650 2260 2968 2330 ubicunque
3017 2259 3262 2316 locorum
3321 2260 3503 2315 rabies
3543 2260 3796 2329 insequi-

2135 2353 2226 2404 tur
2254 2348 2518 2414 belluina,
2569 2363 2710 2418 quos
2757 2348 3147 2403 miserabiliter
3183 2346 3478 2403 suﬁ‘ocatos
3527 2348 3794 2414 trucidat,

2133 2443 2298 2507 atque
2327 2438 2641 2493 inhumatos
2680 2437 3023 2492 membratim
3071 2437 3394 2506 discerpens
3437 2437 3791 2492 exterminat.

2134 2527 2322 2582 Tantis
2359 2527 2557 2582 divinae
2607 2527 2834 2582 ultionis
2872 2526 3122 2581 cladibus
3177 2527 3318 2581 hanc
3374 2532 3576 2581 terram
3616 2525 3794 2581 ferme

2133 2621 2352 2670 centum
2391 2616 2550 2670 annis
2607 2615 3029 2684 occupantibus,
3091 2614 3274 2670 denuo
3329 2617 3484 2684 quasi
3542 2614 3789 2684 quodam

2132 2705 2339 2761 diluvio
2370 2705 2599 2760 diluitur
2638 2705 2723 2760 his
2760 2705 2989 2760 decocta
3021 2704 3490 2759 tribulationibus.

2203 2795 2256 2849 7.
2299 2796 2594 2850 Tantorum
2643 2807 2775 2865 ergo
2825 2794 3089 2850 malorum
3140 2794 3400 2849 sacerdos
3431 2794 3524 2848 Dei
3567 2794 3790 2864 Folqui-

2132 2897 2236 2938 nus
2285 2884 2458 2938 sancti
2517 2883 2752 2952 Spiritus
2809 2881 3176 2937 illustratione
3234 2883 3613 2952 praemonitus,
3656 2883 3786 2938 dum

2130 2972 2311 3027 adhuc
2340 2973 2492 3038 vixit,
2524 2971 2837 3027 venerabile
2868 2974 2921 3026 S.
2965 2971 3170 3026 Bertini
3202 2985 3403 3041 corpus
3436 2972 3627 3042 ignoto
3661 2972 3788 3028 loco

406 3055 532 3126 [lege
561 3057 915 3127 compositos]
961 3058 1197 3114 locavit:
1240 3060 1382 3115 sicut
1422 3063 1586 3130 paulo
1615 3070 1741 3120 ante
1771 3068 1824 3120 S.
1857 3066 2044 3123 Audo-
2067 3060 2108 3119 C
2131 3067 2188 3117 et
2225 3061 2317 3116 ubi
2357 3061 2536 3115 minus
2588 3066 2876 3130 putaretur
2913 3059 3176 3126 occuluit,
3217 3060 3310 3115 ubi
3351 3075 3524 3130 usque
3564 3062 3635 3116 ad
3667 3061 3787 3116 haec

401 3143 534 3198 mari
601 3145 912 3200 venerabile
969 3159 1172 3216 corpus
1227 3147 1410 3203 furtim
1469 3158 1738 3221 ereptum,
1797 3155 1892 3210 sed
1934 3171 2047 3212 suae

400 3232 701 3303 diligentia:
741 3234 1004 3290 divinitus
1035 3249 1355 3292 concessum
1390 3239 1513 3295 loco
1552 3255 1652 3297 suo
1685 3245 1944 3311 restituit,
1977 3260 2045 3302 ne

401 3320 519 3375 haac
559 3321 733 3391 patria
773 3327 926 3379 tanto
958 3338 1192 3394 unquam
1235 3325 1584 3384 fraudaretur
1615 3335 1866 3399 patrono,
1899 3333 2043 3390 haud

399 3410 742 3466 dissimiliter
808 3412 1175 3468 abditioribus
1250 3415 1389 3470 locis
1445 3419 1738 3476 mandavit.
1805 3423 2043 3488 Quorum

398 3499 559 3554 etiam
635 3506 852 3556 sanctas
924 3502 1313 3559 translationes
1387 3505 1663 3562 distinctis
1734 3517 2040 3581 temporum

398 3589 594 3644 diebus
631 3604 660 3645 a
700 3599 900 3646 cuncto
931 3591 1136 3661 populo
1175 3593 1434 3649 dimcesis
1462 3611 1574 3651 sua:
1606 3599 2042 3670 magniﬁcentius

397 3677 755 3734 celebrandas
784 3681 1034 3747 sancivit,
1079 3688 1135 3736 ut
1175 3682 1442 3752 quidquid
1486 3686 1538 3740 in
1579 3701 1767 3743 eorum
1821 3690 2041 3760 deposi-

397 3765 641 3820 tionibus
695 3769 901 3823 sanctis
967 3783 1151 3824 mense
1217 3772 1523 3840 Septembri
1582 3779 2039 3834 concurrentibus

399 3861 626 3924 urgente
665 3857 858 3911 messis
885 3859 1212 3914 necessitate
1253 3860 1430 3915 minus
1477 3862 1640 3933 digne
1671 3865 2035 3935 celebrarent,

398 3941 483 3996 his
519 3950 828 3998 sanctarum
869 3946 1282 4001 translationum
1331 3949 1771 4008 solemnitatibus
1809 3953 2036 4011 liberius

397 4029 675 4085 exsolvere
734 4038 976 4100 possent.
1044 4035 1215 4090 Tanto
1281 4036 1448 4106 igitur
1511 4040 1769 4097 thesauro
1833 4044 2036 4100 abditis

399 4118 534 4173 locis
561 4120 860 4190 assignato,
903 4135 1011 4177 non
1044 4123 1215 4178 multo
1263 4133 1388 4194 post
1435 4131 1700 4199 temporis
1747 4132 2033 4190 intervallo

396 4222 586 4264 omnes
616 4209 773 4264 istius
811 4210 1003 4280 patria:
1053 4213 1304 4268 nationes
1350 4215 1478 4272 hinc
1516 4222 1794 4290 surgentis
1830 4224 2032 4292 gravis-

2133 3156 2316 3205 nostra
2374 3149 2666 3204 novissima
2728 3155 2999 3218 tempora,
3059 3149 3275 3204 scilicet
3329 3149 3585 3204 ducentis
3624 3151 3789 3218 quin-

2128 3239 2386 3308 quaginta
2430 3237 2552 3309 (65)
2613 3237 2772 3292 annis
2810 3237 2953 3293 altor
2991 3245 3046 3292 et
3103 3245 3292 3306 pastor
3331 3245 3523 3293 noster
3582 3238 3784 3304 latuit,

2127 3327 2305 3383 donec
2333 3326 2629 3382 fundanda:
2661 3333 2867 3396 crypta:
2899 3340 3081 3391 causa,
3129 3327 3207 3381 uti
3251 3328 3361 3396 jam
3413 3334 3783 3396 praenotatum

2123 3421 2228 3483 est,
2271 3416 2524 3470 eumdem
2555 3415 2838 3470 subversio
2873 3415 3195 3483 principalis
3238 3415 3338 3482 (66)
3387 3429 3496 3470 arae
3547 3416 3781 3471 detexit.

2121 3505 2329 3572 Quibus
2363 3505 2585 3560 indiciis
2608 3506 2717 3573 jam
2759 3505 2966 3559 certior
3010 3503 3206 3569 factus,
3248 3512 3500 3573 suscepta
3543 3506 3613 3559 ab
3664 3506 3779 3574 epi-

2121 3609 2293 3665 scopo
2352 3601 2542 3650 nostro
2601 3593 2862 3662 epistola,
2923 3594 3109 3648 Remis
3171 3593 3238 3648 ad
3296 3593 3778 3664 archiepiscopum

2121 3683 2443 3753 proﬁciscor
2507 3696 2675 3752 super
2729 3682 2816 3736 his
2871 3681 3180 3737 consultum
3239 3683 3610 3751 quaesiturus:
3677 3684 3773 3739 ubi

2119 3787 2240 3828 cum
2270 3773 2627 3837 venissemus,
2661 3771 2862 3826 domno
2900 3771 3318 3840 archiepiscopo
3367 3771 3600 3826 locuturi
3637 3787 3764 3842 pro-

2118 3862 2401 3916 cessimus.
2435 3860 2606 3915 Nobis
2643 3873 2864 3929 quoque
2902 3874 3087 3916 coram
3125 3873 3185 3914 se
3232 3860 3563 3916 intromissis
3610 3876 3768 3916 mox-

2116 3965 2223 4020 que
2253 3965 2374 4005 sese
2421 3956 2538 4004 toto
2586 3949 2837 4018 exposito
2894 3948 2960 4003 ad
3019 3949 3216 4004 seriem
3248 3955 3451 4004 nostrae
3508 3949 3764 4006 dicenda:

2117 4041 2367 4104 rationis,
2395 4046 2565 4109 gestae
2606 4038 2684 4094 rei
2719 4038 3012 4092 novitatem
3041 4039 3091 4092 ei
3123 4052 3222 4106 per
3250 4038 3496 4093 ordinem
3526 4039 3763 4108 primum

2115 4129 2420 4192 retulimus,
2454 4141 2516 4182 ac
2555 4125 2755 4181 deinde
2787 4126 3072 4195 epistolam
3113 4126 3299 4182 domni
3349 4128 3595 4197 episcopi
3640 4143 3765 4184 cum

2116 4224 2253 4273 teste
2300 4217 2580 4286 Scriptura
2620 4230 2789 4286 super
2825 4225 2932 4271 hoc
2982 4215 3102 4285 ipso
3152 4216 3413 4286 loquente
3462 4232 3527 4272 ac
3583 4219 3770 4273 crucis

392 4298 546 4354 simae
609 4297 765 4353 famis
820 4301 1070 4371 angustia
1137 4307 1509 4373 consternati,
1579 4308 1730 4365 illinc
1795 4312 2028 4367 subitam
2053 4372 2088 4376 _
2113 4309 2275 4364 titulo
2307 4307 2409 4376 ipsi
2443 4306 2569 4361 dedi
2603 4307 2657 4360 in
2690 4321 2900 4361 manus.
2943 4306 3041 4373 Qui
3083 4320 3207 4361 mox
3247 4309 3564 4363 convocatis
3600 4309 3768 4363 abba-

391 4389 794 4458 Nortmannicae
850 4390 1183 4448 incursionis
1248 4395 1452 4451 rabiem
1509 4400 1789 4467 suspecti,
1851 4372 2284 4464 omnisDtibus,
2315 4394 2798 4451 archidiaconibus
2836 4402 2890 4450 et
2937 4395 3247 4465 quibusque
3285 4398 3523 4452 sanioris
3568 4399 3774 4453 mentis

391 4492 531 4549 pene
587 4479 846 4535 nobilitas
901 4481 1059 4536 istius
1114 4487 1276 4538 terrm
1339 4490 1540 4554 prmtcr
1595 4502 1836 4556 paucos,
1891 4506 2031 4561 quos
2114 4485 2396 4541 monachis
2425 4491 2588 4554 atque
2619 4484 2922 4549 canonicis,
2959 4485 3012 4538 in
3045 4492 3346 4554 conspectu
3377 4486 3769 4554 ducentorum,

391 4581 616 4637 operum
648 4582 711 4623 ac
750 4567 1040 4624 fundorum
1074 4572 1231 4641 copia
1265 4578 1318 4627 et
1366 4575 1712 4632 castellorum
1741 4579 1823 4633 vel
1855 4583 2026 4637 muni-

389 4657 598 4713 tionum
655 4656 853 4713 ﬁducia
911 4659 1240 4727 detinuerat,
1293 4671 1415 4730 post
1471 4664 1724 4719 dominos
1761 4682 1892 4724 suos
1946 4669 2029 4724 vel

388 4760 719 4817 quocunque
767 4747 936 4802 totius
961 4748 1041 4803 eis
1067 4748 1354 4806 videbatur
1383 4751 1760 4810 discedebant.
1793 4758 2029 4813 Praeter-

389 4849 451 4890 ea
483 4835 734 4892 residuos
773 4837 994 4892 immani
1025 4837 1182 4894 famis
1221 4844 1498 4911 utcunque
1539 4851 1733 4899 exutos
1782 4846 2030 4915 periculo

388 4925 605 4980 demum
635 4925 825 4980 rabida
857 4927 1130 4982 Danorum
1181 4929 1482 4986 crudeliter
1527 4932 1796 4989 laniatura
1834 4935 2032 4991 invasit

391 5014 716 5080 insectatio;
786 5015 879 5085 qui
947 5022 1234 5087 postquam
1295 5020 1500 5076 rabiem
1556 5037 1670 5079 sua:
1725 5025 2033 5094 tyrannidis

391 5105 631 5160 exacturi
663 5104 769 5160 huc
807 5104 1085 5161 hostiliter
1131 5107 1467 5178 irruperunt,
1527 5111 1734 5168 nullum
1786 5113 1878 5169 hic
1916 5114 2028 5170 tra-

393 5197 531 5248 trum
572 5199 775 5263 praeter
812 5201 1048 5264 quatuor
1097 5195 1326 5266 palmam
1368 5200 1611 5269 martyrii
1651 5202 2033 5271 praestolantes

397 5343 400 5348 λ
464 5282 581 5358 (64)
608 5284 748 5352 Lege
782 5283 878 5338 lib.
920 5300 958 5338 ιι
997 5285 1206 5358 Mirac.,
1239 5300 1360 5355 cap.
1407 5287 1454 5353 1,
1488 5303 1647 5358 quem
1690 5289 1909 5357 librum,
1951 5294 2030 5348 uti

395 5359 448 5405 et
478 5353 873 5433 primum,_non
903 5357 1262 5433 a_F_olcardo,
1294 5353 1390 5414 sed
1440 5353 1522 5433 ab'
1565 5360 1673 5433 alio
1729 5353 2030 5433 antiquiori

393 5429 616 5494 auctore
651 5425 916 5494 scriptum
945 5426 1113 5482 fuisse
1143 5436 1357 5484 constat
1387 5444 1450 5485 ex
1493 5431 1596 5486 hoc
1626 5432 1768 5487 loco.

471 5493 583 5562 (65)
643 5493 785 5572 lmo:
812 5497 1044 5572 ducentis
1079 5515 1258 5554 novem
1297 5502 1492 5572 annis,-
1541 5509 1622 5557 tot
1660 5504 1862 5572 quippe
1901 5508 2028 5562 anni

393 5563 553 5620 facta:
619 5566 994 5624 translationis
1057 5572 1125 5625 ab
1177 5585 1320 5627 anno
1373 5563 1481 5626 843'
1532 5586 1644 5643 quo
1677 5563 2028 5634 'Sf'Bertini

2114 4576 2278 4631 tertio
2311 4576 2440 4629 ldus
2487 4574 2728 4629 Januarii
2761 4573 2814 4628 in
2847 4573 3141 4628 festivitate
3172 4574 3540 4643 depositionis
3569 4579 3626 4630 S.
3664 4578 3772 4632 Re-

2115 4665 2262 4736 migii
2293 4665 2348 4718 in
2380 4663 2499 4718 haec
2527 4663 2691 4717 verba
2730 4661 2918 4717 eadem
2950 4663 3176 4717 recitata
3206 4671 3292 4718 est
3320 4664 3549 4733 epistola
3576 4685 3587 4718 :

2112 4775 2309 4828 Damno
2374 4772 2590 4842 VVIDONl
2663 4769 2758 4823 Dei
2821 4770 2997 4838 gratia
3061 4772 3335 4842 Remorum
3399 4771 3769 4842 archiprwsuli

2264 4845 2452 4897 Dnoco
2491 4841 2760 4912 episcopus
2789 4855 2967 4895 eorum
3005 4841 3091 4912 qui
3120 4841 3362 4897 dicuntur
3395 4841 3614 4898 Morini.

2184 4935 2314 4987 Cum
2382 4930 2567 4986 divino
2635 4943 2859 4984 munere
2926 4929 3136 4999 apicem
3190 4945 3413 4986 summae
3478 4932 3769 5003 dignitatis

2115 5021 2385 5086 obtineas,
2418 5026 2472 5074 et
2511 5017 2823 5088 pastoribus
2861 5018 2963 5072 sub
3015 5027 3066 5073 te
3107 5021 3421 5075 constitutis
3474 5023 3553 5076 uti
3614 5037 3766 5091 prae-

2115 5109 2305 5166 cluens
2343 5113 2530 5178 pastor
2567 5107 2893 5162 auctoritate
2943 5107 3103 5162 simul
3143 5115 3199 5163 et
3246 5107 3523 5178 vigilantia
3563 5124 3766 5166 consu-

2115 5200 2214 5265 las,
2256 5198 2324 5253 de
2364 5202 2416 5252 te
2465 5202 2619 5252 actus
2665 5195 2839 5251 nostri
2898 5195 3162 5266 pendent,
3222 5197 3288 5252 ad
3348 5204 3400 5252 te
3458 5200 3768 5268 respiciunt

2115 5302 2316 5357 corpus
2353 5287 2518 5341 humo
2557 5285 2883 5340 absconsum
2942 5284 3146 5340 dicitur
3200 5301 3386 5357 supra,
3430 5287 3496 5342 ad
3555 5302 3764 5345 annum

2119 5359 2254 5414 1052
2291 5357 2450 5412 factae
2489 5357 2885 5411 translationis.

2188 5429 2299 5500 (66)
2333 5430 2480 5500 Nota
2498 5429 2588 5483 hic
2624 5426 2965 5500 principalem
3007 5442 3153 5483 aram
3192 5428 3300 5484 dici
3341 5443 3464 5498 quae
3503 5433 3768 5499 superius

2114 5509 2165 5559 et
2195 5497 2426 5557 inferius
2453 5499 2599 5554 dicta
2628 5497 2939 5555 Cardinalis.
