4096 6156
413 304 548 359 1153

1351 307 1438 364 DE
1474 305 1884 362 INVENTIONE
1922 305 2005 359 ΕΤ
2045 302 2464 358 ELEVATIONE
2500 302 2555 357 S.
2597 285 2894 358 BERTINI.

3644 305 3779 368 1,154

405 431 639 488 consilia
672 453 684 488 :
718 411 841 503 quae
871 433 918 487 si
948 418 1144 489 deiﬁce
1185 439 1239 489 et
1276 432 1628 488 laudabiliter
1657 431 2041 501 disponantur,
2067 427 2447 498 Aapprobent
2477 427 2812 493 testimonia,
2844 439 3012 495 super
3058 425 3164 482 hoc
3193 431 3430 501 utroque
3469 429 3778 486 consultum

407 527 498 576 tua
537 527 621 578 est
658 521 867 577 utilitas
904 521 1063 578 simul
1104 531 1158 578 et
1198 529 1406 578 nostra.
1445 521 1602 576 Unde
1641 521 1688 576 si
1737 520 1958 590 quando
1988 519 2045 573 in

405 611 667 667 Ecclesiis
696 611 900 668 nostris
929 611 1136 682 aliquid
1167 611 1438 682 contingit
1475 610 1778 676 insolitum,
1808 610 1899 665 ubi
1945 622 2045 679 pro

406 702 486 755 rei
536 701 908 772 magnitudine
948 716 1044 757 seu
1086 702 1324 758 novitate
1375 715 1484 756 non
1525 702 1658 756 satis
1689 700 1847 770 plene
1888 698 2048 754 nobis

404 789 706 846 sufﬁcimus
769 791 834 846 ad
904 791 1323 858 consulendum,
1393 795 1799 861 consequenter
1853 789 1920 844 ad
1992 794 2045 844 te

405 881 608 950 quippe
642 888 700 935 ut
747 880 814 935 ad
859 888 1024 950 caput
1061 897 1091 936 a
1122 883 1381 936 membris
1420 881 1742 946 recurritur,
1777 886 2048 949 quatenus

404 969 460 1023 in
491 968 675 1023 dubiis
721 968 926 1024 nostris
969 969 1240 1024 certiores
1278 983 1379 1025 nos
1409 976 1501 1026 tua
1531 969 1831 1024 auctoritas
1859 966 2043 1035 faciat,

405 1071 639 1126 quorum
672 1057 954 1112 humilitas
983 1059 1119 1114 nihil
1173 1073 1272 1129 per
1308 1073 1366 1114 se
1407 1063 1612 1113 temere
1643 1057 1854 1124 deﬁnit,
1896 1056 2044 1126 quod

405 1146 654 1202 altiorem
699 1147 1198 1204 considerationem
1245 1155 1300 1204 et
1348 1148 1799 1204 deliberationem
1854 1149 2045 1217 requi-

406 1241 510 1290 rat.
551 1235 773 1291 Noverit
813 1236 998 1307 itaque
1037 1238 1341 1308 paternitas
1369 1244 1482 1305 tua,
1515 1238 1570 1293 in
1601 1238 1827 1293 dioecesi
1859 1241 2046 1293 nostra

405 1325 490 1380 his
527 1325 723 1381 diebus
752 1340 952 1382 novum
1001 1327 1260 1397 quiddam
1321 1328 1620 1399 contigisse
1650 1335 1705 1383 et
1734 1327 2042 1395 miriﬁcum,

404 1415 553 1486 quod
585 1421 644 1470 ut
683 1415 783 1471 tibi
830 1416 1153 1485 scriberem,
1203 1423 1462 1488 tuamque
1500 1433 1668 1488 super
1697 1417 1802 1473 hoc
1833 1415 2044 1488 efﬂagi-

404 1511 575 1559 tarem
605 1505 956 1573 sententiam,
990 1506 1162 1561 visum
1221 1513 1305 1562 est
1361 1506 1493 1562 mihi
1533 1505 1700 1561 fuisse
1731 1505 2043 1561 consilium.

405 1594 581 1648 Locus
623 1592 805 1648 dictus
852 1593 1028 1649 Silhiu
1074 1595 1317 1651 virorum
1356 1597 1452 1651 Dei
1499 1601 1582 1650 est
1630 1595 1942 1651 cmnobium
1993 1600 2048 1650 et

403 1681 553 1736 sedis
580 1690 786 1738 nostra:
826 1683 1106 1753 parochia,
1141 1699 1330 1740 eorum
1382 1700 1601 1755 quoque
1632 1699 1742 1740 non
1773 1684 2044 1750 ultimum,

2135 517 2358 583 habeas,
2401 521 2456 572 et.
2511 516 2856 572 auctoritatis
2912 520 3020 571 tum
3077 515 3350 586 rescripto
3407 518 3569 573 nobis
3614 534 3781 589 super

2137 613 2372 676 utroque
2403 605 2712 662 consultum
2764 603 2932 660 facias
2962 609 3069 660 :~ut
3099 605 3245 661 omni
3279 606 3478 661 nebula
3515 608 3781 678 ambigui-

2137 699 2266 754 tatis
2287 705 2513 764 remota,
2548 697 2911 753 dissensionis
2940 697 3100 751 etiam
3135 697 3304 752 totius
3333 697 3609 766 pellantur
3627 713 3780 754 scan-

2137 788 2280 855 dala,
2301 794 2355 843 et
2385 788 2536 858 pacis
2561 787 2860 843 concordia
2885 787 2936 841 in
2958 787 3120 842 nobis
3140 792 3424 857 augeatur,
3453 794 3508 843 et
3527 787 3781 843 laudetur

2137 890 2337 933 nomen
2349 877 2562 932 Domini
2588 878 2639 931 in
2663 877 2918 932 omnibus
2935 876 3199 946 operibus
3213 876 3640 943 nostris,Amen.
3665 879 3778 944 Qua

2139 967 2380 1038 perlecta
2408 968 2650 1023 omnium
2701 966 2955 1023 consultu
2987 965 3229 1021 omnium
3261 967 3402 1021 votis
3431 966 3590 1021 aliam
3614 967 3779 1036 jussit

2138 1057 2366 1113 rescribi
2401 1057 2688 1127 epistolam
2728 1056 3102 1134 continentem
3146 1055 3460 1125 hujusmodi
3493 1070 3776 1126 responsa.

2207 1147 2368 1201 Wlno
2419 1148 2691 1200 Remorum
2737 1145 3157 1216 archiepiscopus
3205 1147 3453 1200 Dnocom
3490 1146 3648 1214 fratri
3685 1161 3778 1201 co-

2136 1235 2376 1306 episcopo
2404 1233 2627 1305 feliciter
2665 1234 2833 1288 vivere
2861 1235 2916 1287 in
2935 1239 3152 1304 utroque
3179 1235 3395 1288 sweulo.

2205 1325 2340 1392 Quia
2387 1323 2655 1393 sapientia
2693 1337 2912 1392 semper
2957 1323 3236 1392 sapienter
3271 1323 3402 1392 agit,
3440 1329 3494 1378 et
3522 1323 3776 1380 Salomon

2137 1413 2271 1469 dicit
2305 1433 2316 1468 :
2353 1411 2478 1479 Fili,
2517 1414 2693 1466 omnia
2719 1412 2808 1482 fac
2836 1427 2950 1466 cum
2979 1410 3220 1478 consilio,
3248 1417 3299 1467 et
3315 1417 3436 1483 post
3461 1412 3654 1482 factum
3676 1429 3778 1469 non

2135 1501 2399 1572 paenitebit
2435 1501 2601 1572 (Eccl.
2661 1517 2827 1568 xxxn,
2851 1499 2935 1570 24)
2973 1522 2987 1568 ;
3030 1499 3333 1568 laudamus,
3367 1499 3536 1556 frater
3564 1502 3777 1558 charis-

2136 1593 2292 1658 sime,
2321 1591 2664 1661 prudentiam
2687 1597 2853 1658 tuam,
2870 1592 3075 1646 anobis
3087 1591 3163 1645 uti
3177 1605 3274 1660 par
3285 1596 3367 1646 est
3387 1593 3672 1647 consilium
3690 1609 3777 1663 pe-

2137 1685 2341 1735 tentem
2363 1695 2532 1750 super
2544 1695 2738 1736 recens
2760 1680 2964 1735 inventi
2986 1679 3160 1734 sancti
3183 1678 3452 1748 reliquiis.
3467 1681 3578 1735 Nos
3598 1688 3775 1738 autem

405 1787 527 1842 qua:
559 1771 688 1827 olim
719 1787 750 1827 a
780 1773 1002 1842 regibus
1029 1772 1254 1830 fundata
1300 1772 1460 1830 simul
1510 1781 1564 1830 et
1602 1774 1773 1829 ditata
1812 1773 2047 1843 antiqui-
2067 1764 2114 1822 B
2137 1769 2370 1824 consilio
2391 1784 2560 1839 super
2573 1770 2676 1824 hoc
2699 1771 2820 1839 ipso
2833 1783 2953 1824 cum
2977 1768 3182 1822 nostris
3202 1767 3390 1823 habito
3406 1775 3465 1822 ut
3487 1770 3776 1838 petiveras,

404 1860 533 1916 tatis
563 1860 784 1930 reliquit
816 1861 1097 1918 memoria.
1130 1863 1557 1919 Celeberrimum
1588 1877 1718 1919 sane
1749 1868 1832 1919 est
1867 1862 2052 1917 multis

403 1956 718 2005 sanctorum
757 1950 892 2005 inibi
915 1951 1316 2021 quiescentium
1356 1953 1695 2024 pigneribus,
1744 1953 1890 2007 inter
1927 1966 2050 2022 qua:

387 2039 561 2109 quasi
617 2040 855 2110 quodam
929 2041 1186 2111 specialis
1243 2042 1423 2097 meriti
1493 2042 1778 2112 privilegio
1859 2043 2053 2097 beatus

407 2129 610 2184 eminet
637 2121 912 2198 Bertinus,
961 2132 1136 2201 ipsius
1181 2131 1438 2188 videlicet
1485 2131 1593 2187 loci
1634 2138 1820 2188 rector
1848 2131 2052 2202 praeci-

409 2232 566 2287 puus.
618 2220 727 2275 Res
785 2220 1099 2289 postulabat
1165 2228 1222 2276 ut
1280 2235 1380 2290 pro
1436 2221 1805 2277 construenda
1861 2226 2051 2292 crypta

407 2312 708 2363 mutaretur
747 2308 1042 2364 cardinalis
1080 2323 1195 2377 ara,
1246 2311 1394 2379 quod
1435 2310 1628 2366 altiore
1678 2310 1909 2366 consilio
1957 2311 2052 2365 ab-

406 2394 503 2450 bas
548 2394 729 2451 facere
777 2397 1018 2452 instituit
1063 2399 1120 2452 in
1169 2405 1354 2454 nostra
1400 2400 1713 2468 praesentia.
1768 2401 1868 2455 Ubi
1921 2400 2050 2454 dum

408 2491 532 2554 post
561 2484 750 2539 altaris
798 2485 1230 2541 destructionem
1280 2492 1425 2542 terra
1463 2489 1625 2544 altius
1655 2488 1931 2556 effoditur,
1968 2503 2051 2544 re-

405 2573 778 2629 conditorium
836 2575 1111 2644 quoddam
1161 2575 1402 2632 lateritio
1452 2591 1620 2647 opere
1669 2594 1734 2634 ac
1782 2587 2050 2635 cremento

406 2677 547 2732 pene
596 2662 980 2720 indissolubile
1028 2666 1204 2721 oculis
1262 2667 1555 2722 astantium
1606 2667 1854 2725 offertur.
1894 2669 2050 2736 Quod

406 2752 628 2808 tandem
666 2753 838 2809 multo
878 2754 1082 2810 sudore
1133 2756 1495 2825 destructum,
1546 2757 1809 2813 scrinium
1843 2758 2050 2828 plumbi

406 2847 461 2896 et
498 2855 622 2896 ossa
671 2843 900 2898 cinerati
960 2845 1214 2914 corporis
1269 2853 1537 2901 monstrat
1593 2848 1866 2903 contineri
1927 2861 2050 2903 cum

406 2931 571 3001 sigilli
639 2933 916 2989 notamine
973 2935 1108 2989 satis
1147 2935 1408 2990 evidenti.
1463 2936 1709 3006 Sigillum
1767 2953 1900 2992 crux
1949 2935 2052 2992 fuit

405 3028 683 3090 argentea,
737 3021 928 3078 titulus
974 3038 1104 3080 vero
1139 3044 1151 3078 :
1186 3026 1240 3080 S.
1274 3025 1542 3080 Bnnrnvns
1570 3042 1760 3082 ABBAS.
1804 3029 1932 3082 llaec
1962 3042 2051 3081 res

2135 1872 2336 1927 corpus
2361 1857 2582 1928 quidem
2623 1864 2901 1927 repertum
2931 1858 2985 1911 S.
3021 1856 3226 1910 Bertini
3259 1870 3378 1911 esse
3409 1857 3779 1927 decernimus,

2133 1946 2261 2016 quia
2309 1947 2518 2002 incerta
2569 1947 2736 2002 certis
2773 1946 2998 2002 omnino
3057 1945 3461 2015 postponimus,
3517 1947 3668 2016 quod
3725 1954 3780 2003 et

2131 2036 2423 2105 scripturae
2471 2050 2632 2106 quam
2663 2036 2825 2091 nobis
2856 2034 3048 2090 misisti
3080 2035 3405 2090 conﬁrmant
3441 2037 3776 2105 testimonia,

2133 2131 2189 2180 et
2219 2125 2325 2180 loci
2367 2125 2421 2179 in
2452 2138 2564 2194 quo
2595 2130 2873 2195 repertum
2918 2129 3002 2178 est
3039 2123 3307 2193 dignatio,
3339 2139 3402 2180 ac
3433 2125 3658 2180 evidens
3689 2126 3779 2180 in-

2133 2213 2360 2281 dicium,
2392 2216 2571 2270 crucis
2619 2213 2877 2269 videlicet
2914 2219 3066 2268 nota.
3096 2215 3277 2282 Ipsum
3308 2214 3492 2283 itaque
3530 2221 3775 2270 sanctum

2133 2317 2338 2374 corpus
2393 2317 2515 2359 cum
2555 2303 2742 2358 debito
2800 2302 3011 2358 honore
3067 2302 3299 2357 levatum
3359 2303 3415 2356 in
3473 2303 3776 2377 reverendo

2135 2390 2236 2461 (uti
2277 2392 2456 2464 decet)
2509 2392 2632 2448 loco
2694 2391 2918 2460 ponite;
2961 2389 3058 2446 sed
3108 2398 3162 2445 et
3209 2389 3436 2445 alterius
3471 2391 3690 2457 incerti,
3718 2397 3778 2446 ut

2133 2480 2338 2548 dicitis,
2386 2482 2562 2537 sancti
2613 2480 2876 2551 reliquias
2916 2481 3072 2549 juxta
3109 2479 3284 2548 ipsius
3319 2481 3374 2534 S.
3407 2480 3614 2535 Bertini
3646 2494 3777 2536 cor-

2134 2585 2237 2641 pus
2266 2570 2466 2638 locate,
2521 2571 2865 2626 conﬁdentes
2910 2568 2979 2624 de
3009 2567 3387 2624 misericordia
3415 2569 3532 2635 Dei,
3564 2570 3692 2639 quia
3723 2576 3777 2624 et

2132 2660 2267 2731 ipsa:
2308 2661 2465 2730 cujus
2503 2665 2652 2726 sunt,
2694 2659 2749 2713 in
2798 2659 2920 2729 ipso
2968 2657 3301 2714 revelabitur
3344 2658 3464 2730 (67)
3508 2665 3774 2729 tempore.

2132 2751 2400 2806 Caeterum
2447 2755 2554 2804 tam
2601 2748 2670 2803 ad
2720 2748 2917 2804 incerti
2965 2748 3141 2803 sancti
3197 2748 3583 2804 revelationem
3615 2763 3774 2819 quam

2133 2839 2201 2895 ad
2267 2839 2403 2894 certi
2470 2837 2858 2893 revelationem
2916 2837 3229 2892 triduanum
3263 2838 3530 2906 jejunium
3573 2837 3777 2907 populo

2134 2929 2302 2985 indici
2351 2929 2663 2996 statuimus,
2712 2933 2774 2983 ut
2829 2927 3176 2984 orationibus
3211 2941 3275 2981 ac
3318 2927 3529 2996 jejunio
3587 2927 3775 2998 populi

2132 3019 2216 3074 sui
2242 3017 2635 3088 complacatus,
2668 3016 2888 3087 quando
2917 3015 3032 3071 vult
3062 3019 3118 3071 et
3145 3015 3424 3085 quomodo
3452 3015 3585 3090 vplt,
3618 3015 3778 3071 nobis

409 3116 515 3164 tam
555 3109 713 3178 mira,
767 3118 874 3166 tam
926 3112 1205 3182 insperata
1245 3128 1368 3169 cum
1399 3115 1663 3184 quosdam
1695 3101 2344 3186 perfunderetcapel'iat
2372 3106 2654 3163 Dominus-
2687 3108 2878 3161 Amen-

407 3199 628 3270 gaudio,
671 3201 936 3270 quosdam
969 3217 1099 3258 vero
1132 3202 1436 3259 difﬁdentia
1467 3206 1716 3262 turbaret
1745 3215 1794 3261 et
1827 3214 2052 3276 stupore

410 3288 602 3355 nimio,
644 3289 828 3344 abbati
878 3297 932 3345 et
997 3289 1260 3347 fratribus
1306 3307 1472 3363 super
1518 3294 1625 3350 hoc
1683 3296 2053 3351 testimonium

409 3376 552 3432 redit
587 3377 654 3432 ad
703 3380 1021 3434 memoriam
1052 3387 1107 3436 et
1136 3380 1204 3435 ad
1234 3381 1467 3437 aliorum
1499 3384 1675 3438 minus
1714 3384 2054 3440 credentium

409 3465 730 3534 perducitur
779 3467 1050 3535 notitiam,
1101 3471 1260 3538 cujus
1299 3471 1461 3525 etiam
1502 3471 1600 3525 tibi
1645 3472 1884 3527 breviter
1933 3486 2057 3542 per-

409 3555 727 3611 strinximus
771 3559 1125 3612 sententiam.
1175 3559 1400 3628 Legitur
1437 3559 1493 3612 in
1538 3560 1711 3629 ipsius
1740 3560 1847 3616 loci
1879 3560 2057 3616 archi-

408 3645 491 3698 vis
527 3645 782 3714 publicis,
831 3646 979 3716 quod
1029 3648 1082 3701 S.
1135 3646 1438 3716 Folquinus
1493 3654 1698 3703 nostra:
1745 3649 1895 3704 sedis
1941 3650 2057 3720 epi-

410 3747 612 3803 scopus
643 3734 829 3805 (cujus
858 3735 1022 3791 etiam
1043 3750 1246 3806 corpus
1276 3736 1486 3803 magnis
1516 3737 1734 3793 celebre
1764 3738 2057 3793 virtutibus

412 3823 466 3878 in
497 3824 683 3880 eadem
733 3825 971 3895 quiescit
1017 3825 1276 3896 ecclesia)
1329 3831 1611 3897 grassante
1659 3827 1785 3898 igne
1817 3835 1871 3883 et
1909 3827 2055 3884 ferro

411 3915 683 3969 Danorum
723 3915 976 3970 barbarie
1034 3930 1134 3986 per
1189 3915 1308 3971 loca
1375 3916 1665 3985 maritima,
1726 3917 1890 3988 paulo
1928 3925 2055 3975 aute

412 4002 551 4059 hanc
599 4004 919 4060 vastationis
957 4004 1102 4060 luem
1141 4019 1343 4074 corpus
1373 4005 1536 4075 hujus
1565 4006 1740 4062 sancti
1786 4015 1936 4063 certa
1965 4008 2056 4064 die

410 4097 559 4148 terra
615 4093 992 4150 recondiderit
1025 4108 1036 4149 ;
1072 4103 1333 4150 caeterum
1373 4096 1593 4164 quando
1651 4096 1733 4152 vel
1785 4111 1815 4152 a
1856 4097 2057 4168 quibus

411 4188 537 4252 post
582 4182 862 4239 inventum
907 4184 999 4252 sit,
1052 4199 1119 4240 ne
1171 4185 1378 4240 mentio
1430 4185 1652 4255 quidem
1711 4187 1914 4258 aliqua,
1965 4203 2058 4242 ex-

413 4277 574 4342 cepto
623 4273 813 4344 populi
854 4287 1094 4342 rumore,
1148 4273 1242 4344 qui
1291 4274 1434 4330 sicut
1483 4282 1634 4331 certa
1674 4291 1776 4346 pro
1805 4278 2052 4345 incertis,

414 4359 488 4415 ita
536 4360 859 4432 plerumque
909 4361 1043 4418 falsa
1084 4377 1184 4432 pro
1213 4365 1358 4420 veris
1388 4364 1620 4421 inducit.
1656 4368 1830 4437 Hujus
1867 4366 1945 4422 rei
1977 4372 2056 4422 te-

2204 3195 2258 3252 8.
2301 3197 2398 3251 Ilis
2448 3196 2708 3266 peractis,
2749 3193 3076 3265 quibusdam
3118 3193 3437 3249 domesticis
3473 3195 3592 3264 ejus
3619 3207 3778 3250 seor-

2132 3300 2251 3340 sum
2302 3285 2499 3340 excitis
2547 3284 2799 3340 eumdcm
2856 3296 3125 3338 summum
3167 3283 3456 3352 praesulem
3485 3283 3574 3338 his
3608 3283 3780 3338 inter-

2133 3375 2344 3430 nuntiis
2398 3374 2762 3443 deprecamur
2827 3371 3127 3441 supplices,
3183 3376 3454 3440 quatenus
3509 3371 3629 3426 dies
3683 3373 3779 3426 Dei

2133 3462 2340 3519 auxilio
2379 3463 2608 3533 agendae
2687 3460 3011 3515 elevationis
3083 3457 3300 3514 futurus
3373 3461 3458 3516 sui
3514 3461 3780 3518 adventus

2135 3550 2430 3620 praesentia
2493 3551 2883 3616 honoraretur,
2941 3561 3055 3603 suae
3113 3547 3398 3618 dignitatis
3452 3549 3780 3605 auctoritate

2134 3639 2490 3695 solidaretur.
2529 3639 2628 3706 Qui
2678 3650 2804 3694 mox
2854 3645 3068 3706 tempus
3097 3636 3353 3707 diemque
3391 3644 3781 3708 percunctatus

2135 3729 2357 3799 quando
2414 3729 2469 3783 id
2528 3727 2760 3783 Domino
2807 3726 3138 3796 suﬁragante
3193 3728 3368 3782 acturi
3426 3743 3689 3797 essemus,
3721 3737 3782 3785 ut

2135 3818 2370 3887 primum
2409 3816 2494 3872 vel
2542 3815 2842 3872 secundum
2875 3815 2996 3870 Maii
3037 3815 3240 3871 mensis
3268 3816 3413 3872 diem
3468 3823 3657 3874 nostro
3687 3833 3782 3875 re-

2135 3919 2342 3976 sponso
2374 3906 2642 3975 percepit,
2687 3919 2810 3962 sese
2857 3903 3122 3972 futurum,
3155 3906 3263 3960 vita
3293 3911 3474 3962 tamen
3505 3921 3568 3964 ac
3605 3907 3780 3964 salute

2137 3996 2241 4051 sibi
2275 3994 2498 4061 comite,
2530 3994 2767 4064 benigne
2825 3993 3148 4064 spopondit.
3182 3995 3337 4050 Unde
3385 3996 3780 4066 aliquantulum

2131 4089 2242 4158 jam
2308 4084 2486 4141 effecti
2549 4084 2995 4154 animaequiores,
3061 4091 3318 4154 suscepta
3392 4085 3784 4157 descriptionis

2135 4175 2369 4247 epistola
2425 4181 2762 4244 acceptaque
2834 4174 3079 4242 licentia,
3147 4175 3369 4230 domum
3443 4176 3785 4245 regredimur

2136 4267 2368 4323 celeres.
2429 4263 2529 4319 Ubi
2587 4271 2768 4318 autem
2808 4264 3106 4318 Tarvennae
3163 4263 3501 4333 pervenitur,
3550 4264 3785 4320 domnus

2137 4355 2434 4425 episcopus
2481 4352 2558 4407 ibi
2616 4349 2958 4406 offenditur:
3002 4352 3159 4420 cujus
3197 4351 3507 4419 praesentiae
3536 4351 3780 4418 admissi,

414 4451 578 4506 statio
627 4451 694 4506 ad
745 4452 824 4506 rei
863 4451 1025 4508 ﬁdem
1083 4452 1243 4507 nobis
1280 4452 1584 4521 satisfacit;
1636 4455 1733 4510 sed
1783 4463 1866 4510 est
1902 4442 2429 4514 aliudDepiSlOIam
2485 4441 2553 4496 ad
2593 4440 2759 4497 verba
2787 4454 2886 4495 sua
2925 4445 3231 4496 Γθηοῐδῐθηι
3272 4441 3514 4497 (lenem
3545 4443 3664 4512 eius
3702 4442 3786 4498 ίη·

415 4540 563 4610 quod
603 4541 799 4610 partim
858 4555 979 4608 nos,
1039 4540 1232 4612 vulgus
1289 4545 1469 4598 autem
1527 4544 1706 4599 minus
1745 4543 2059 4614 intelligens

415 4643 541 4686 non‘
564 4631 920 4688 mediocriter
974 4631 1144 4702 angit.
1184 4633 1316 4688 Nam
1367 4631 1500 4702 quid
1551 4633 1620 4689 de
1670 4634 1918 4705 reliquiis
1956 4633 2058 4689 sub

416 4719 662 4790 ejusdem
693 4720 868 4775 sancti
896 4719 1115 4776 nomine
1146 4719 1201 4777 in
1235 4720 1423 4776 eadem
1455 4720 1689 4777 ecclesia
1717 4723 1774 4779 in
1805 4735 2060 4778 reveren-

416 4811 490 4866 tia
520 4810 724 4867 habitis
754 4811 871 4866 ﬁeri
904 4816 1178 4880 oporteat,
1225 4810 1270 4865 si
1318 4824 1512 4866 receus
1558 4811 1836 4867 inventum
1882 4813 2058 4868 sancti

416 4913 620 4970 corpus
647 4899 715 4956 ad
748 4900 992 4956 debitum
1016 4899 1282 4956 honorem
1315 4898 1694 4968 transferatur,
1721 4901 1867 4956 nulla
1899 4901 2062 4958 nobis

417 4988 484 5043 ad
515 4996 697 5045 votum
747 4988 996 5045 deﬁnitio
1036 4987 1380 5059 suffragatur.
1416 4991 1711 5046 Precamur
1737 4991 1922 5062 itaque
1963 5007 2061 5062 per

418 5091 541 5132 eum
572 5078 666 5148 qui
705 5085 757 5134 te
790 5078 950 5135 nobis
970 5077 1219 5148 praefecit
1249 5079 1567 5146 antistitem,
1593 5095 1692 5150 per
1710 5087 1914 5137 sanctae
1936 5082 2062 5138 cha-

417 5166 596 5222 ritatis
640 5172 882 5223 mutuam
931 5167 1353 5236 connexionem,
1407 5174 1465 5224 ut
1511 5170 1698 5225 ascitis
1743 5171 1875 5226 viris
1921 5185 2063 5242 quos

417 5257 617 5313 divinae
647 5257 787 5328 legis
831 5257 1073 5312 illustret
1122 5256 1375 5326 scientia,
1407 5259 1532 5316 vitae
1569 5260 1730 5316 etiam
1770 5261 2063 5318 laudabilis

495 5381 826 5466 (67)”Aiun't‘
868 5380 1075 5466 posteri
1097 5381 1248 5466 ‘istas
1292 5382 1578 5466 reliquias,
1634 5385 1900 5466 hactenus
1937 5403 2058 5445 cum

418 5452 671 5524 reliquiis
700 5456 757 5510 S.
788 5452 996 5509 Bertini
1024 5452 1241 5524 abbatis
1275 5467 1382 5510 uno
1413 5456 1618 5512 scrinio
1654 5458 1916 5524 inclusas,
1940 5475 2061 5518 esse

419 5526 475 5581 S.
508 5523 716 5580 Bertini
754 5524 1014 5596 junioris,
1047 5523 1144 5579 ﬁlii
1194 5525 1457 5581 Walberti
1497 5527 1716 5584 comitis
1753 5531 1810 5586 in
1850 5523 1969 5586 Vita
2004 5535 2060 5590 S.

419 5597 628 5653 Bertini
661 5597 877 5654 abbatis
915 5596 1222 5664 memorati,
1273 5611 1433 5668 quem
1465 5599 1742 5658 Bertinum
1784 5603 2062 5672 juniorem

2135 4533 2266 4603 jeci.
2317 4533 2431 4598 Qua
2487 4531 2738 4596 recitata,
2770 4543 2893 4585 sese
2924 4528 2992 4584 ad
3026 4530 3221 4585 summi
3272 4529 3527 4600 praesulis
3563 4533 3784 4588 consul-

2141 4629 2255 4678 tum
2312 4625 2508 4676 cuncta
2574 4619 2915 4690 pollicitatur
2988 4633 3088 4689 per
3155 4618 3436 4676 dioecesim
3493 4611 3644 4676 suain
3703 4622 3784 4676 in-

2140 4711 2394 4768 dicenda.
2456 4711 2665 4766 Dehinc
2732 4710 2896 4766 nobis
2969 4709 3188 4764 domum
3266 4710 3550 4780 digressis,
3614 4711 3782 4767 obse-

2142 4801 2505 4869 crationibus,
2569 4799 2815 4870 jejuniis,
2882 4798 3084 4870 vigiliis
3160 4812 3260 4870 pro
3317 4799 3541 4856 modulo
3579 4806 3786 4858 nostra:

2141 4890 2454 4961 exiguitatis
2518 4888 2953 4944 misericordiam
3020 4888 3115 4944 Dei
3183 4889 3598 4961 patrociniaque
3662 4903 3788 4945 san-

2143 4987 2357 5037 ctorum
2420 4977 2742 5035 medullitus
2797 4992 3068 5048 quaerere,
3122 4979 3232 5047 jam
3293 4979 3514 5048 jamque
3579 4992 3787 5050 appro-

2144 5069 2463 5142 pinquantis
2527 5067 2756 5139 agendaa
2825 5067 3137 5124 festivitatis
3196 5068 3552 5139 apparatibus
3615 5069 3788 5124 omni-

2143 5160 2322 5216 modis
2369 5157 2680 5214 studuimus
2736 5158 3024 5214 intendere
3064 5176 3081 5211 :
3120 5172 3244 5214 cum
3282 5157 3502 5228 quidam
3551 5171 3650 5228 pro
3681 5157 3787 5214 hoc

2142 5251 2264 5320 ipso
2313 5247 2551 5320 grandes
2607 5246 3106 5304 contradictionum
3173 5247 3606 5319 inquietudines,
3671 5261 3790 5304 mo-

2140 5341 2348 5407 lestias,
2409 5338 2843 5410 persecutiones,
2912 5339 3141 5408 injurias
3201 5338 3361 5394 nobis
3432 5336 3657 5406 inferre,
3734 5343 3790 5393 et

2143 5467 2400 5524 Bertinus
2445 5465 2633 5522 senior
2662 5479 2692 5520 e
2722 5464 2873 5521 fonte
2904 5464 3160 5535 baptismi
3212 5463 3538 5535 susceperit.
3579 5463 3788 5521 Bertini

2139 5538 2380 5610 junioris
2427 5538 2523 5608 qui
2560 5537 2903 5610 meminerit
2945 5537 3219 5594 neminem
3266 5535 3372 5609 legi
3420 5536 3787 5608 antiquiorem

2146 5607 2728 5667 Lamberto’Ardrensi
2762 5609 3107 5682 presbytero.
