4106 6178
431 317 566 374 1155

1549 319 1874 375 FOLCARDI
1912 318 2210 374 MONACHI
2251 321 2679 378 SlTHlVENSlS.

3657 331 3790 386 1156

425 443 655 516 agendis
698 444 873 500 sancti
913 443 1188 515 mysteriis
1232 443 1523 513 plurimum
1555 441 1922 498 moliebantur
1959 442 2432 515 im-Achoroque
2461 445 2799 516 suscipiente
2851 465 2864 502 :
2906 446 3056 503 Sicut
3111 449 3373 506 incensum
3413 453 3468 506 in
3513 463 3792 527 conspectu

424 532 636 603 pedire.
678 534 749 590 Ut
794 539 976 590 autem
1027 533 1096 589 de
1144 533 1304 588 nobis
1341 533 1551 598 sileam,
1583 533 1788 602 quippe
1827 531 1922 602 qui
1953 544 2062 587 non

426 622 562 677 satis
589 621 808 694 dignam
857 622 1014 678 malis
1056 622 1260 678 nostris
1307 621 1618 691 recepimus
1665 635 1919 691 pinnam;
1965 620 2062 676 sed

423 711 480 767 in
519 718 741 768 sanctos
778 713 874 767 Dei
917 711 1187 782 quidlibet
1243 711 1422 767 moliri
1462 711 1650 780 quanti
1689 711 1761 766 sit
1794 710 2060 777 criminis,

423 815 552 856 arca
600 801 690 856 illa
746 800 1058 856 testamenti
1105 800 1285 856 bobus
1341 800 1756 856 calcitrantibus
1804 799 2064 855 inclinata

423 890 770 946 evidentibus
825 895 1094 945 monstrat
1158 889 1385 960 figuris;
1435 890 1692 960 quoniam
1750 889 1878 944 dum
1945 903 2062 944 eam

423 980 616 1036 levites
671 986 875 1035 temere
944 979 1230 1035 tractando
1301 980 1543 1036 relevare
1601 980 1814 1046 nititur,
1881 978 2064 1034 divina

422 1085 547 1127 mox
586 1069 795 1124 ultione
843 1069 1097 1125 addictus
1135 1070 1351 1124 mortali
1399 1071 1506 1124 vita
1560 1069 1873 1124 frustratur.
1907 1068 2062 1124 llaud

420 1174 581 1215 secus
629 1160 943 1229 quicunque
992 1159 1280 1229 quodlibet
1334 1175 1365 1215 a
1417 1160 1590 1215 servis
1633 1159 1729 1214 Dei
1781 1159 2064 1229 dispensa-

421 1249 562 1305 torie
609 1247 809 1304 factum
850 1249 1141 1320 objurgare
1182 1248 1500 1314 moliuntur,
1537 1255 1762 1304 caveant
1792 1263 1860 1304 ne
1890 1262 2063 1318 quau-

421 1338 624 1409 doque,
705 1338 758 1393 ni
827 1337 1204 1409 poenituerint,
1273 1338 1681 1394 vehementiore
1761 1339 2062 1393 animarum

422 1427 772 1483 damnatione
822 1427 1212 1498 percellantur.
1267 1428 1449 1483 Multis
1497 1428 1698 1484 dehinc
1745 1429 1921 1483 vexati
1970 1427 2064 1482 tri-

420 1517 815 1583 bulationibus,
850 1517 1066 1572 tandem
1099 1517 1166 1572 ab
1211 1517 1299 1572 his
1326 1517 1542 1573 Christo
1574 1517 1814 1587 propitio
1847 1517 2062 1573 liberati

421 1607 639 1663 fuimus.
673 1606 811 1674 Quid
869 1607 1066 1676 plura?
1123 1607 1304 1662 Primo
1343 1608 1464 1662 Maii
1523 1608 1726 1662 mensis
1781 1606 1870 1662 die
1910 1607 2065 1661 dom-

420 1710 524 1752 nus
552 1697 714 1753 Wido
753 1711 995 1752 summus
1044 1696 1289 1766 pontifex
1322 1696 1442 1768 (68)
1476 1712 1598 1752 cum
1637 1696 1822 1752 multis
1849 1703 2065 1767 specta-

2145 539 2253 600 tuo,
2312 535 2551 604 Domine,
2610 535 2757 590 idem
2818 535 2968 591 intus
3023 545 3286 608 extraque
3334 540 3634 598 thuriiieat.
3678 546 3789 601 Hoc

2148 631 2505 692 praecantato,
2540 623 2668 680 dum
2695 624 2890 680 eodem
2925 629 3264 695 praecinente
3285 630 3528 700 ejusdem
3561 647 3788 704 respon-

2145 713 2279 767 sorii
2335 727 2526 769 versus
2598 713 2842 769 Elevatio
2912 730 3121 771 manum
3176 732 3413 774 mearum
3474 723 3790 792 sacriﬁcium

2144 805 2487 872 uespertinum
2515 804 2970 874 subsequeretur,
3021 806 3170 876 quod
3217 809 3450 866 antehac
3487 813 3788 881 cujuscun-

2146 904 2252 959 que
2294 892 2370 946 rei
2401 894 2575 963 gratia
2614 908 2644 948 a
2684 894 2968 950 nonnullis
3006 900 3273 952 tentatum
3304 898 3627 956 difﬁcultate
3660 916 3792 972 qua-

2144 979 2266 1034 darn
2306 981 2699 1053 deuegabatur,
2751 989 2880 1040 tunc
2931 999 3225 1054 paucorum
3277 989 3530 1045 manibus
3566 990 3790 1046 insertis

2144 1082 2268 1123 eum
2324 1070 2566 1140 agilitate
2632 1085 2696 1126 ac
2746 1071 3008 1128 facilitate
3066 1075 3393 1141 extrahitur,
3437 1077 3490 1132 in
3546 1080 3791 1135 eminen-

2145 1157 2319 1214 tiores
2362 1169 2708 1216 scamnOrum
2746 1170 3041 1232 apparatus
3087 1162 3331 1231 effertur,
3380 1166 3542 1221 nobis
3589 1175 3788 1222 terrain

2145 1247 2361 1302 eunetis
2407 1249 2725 1319 petentibus
2774 1257 3087 1318 veneratur,
3140 1253 3382 1322 itemque
3420 1254 3788 1322 thuriticatur,

2144 1337 2352 1391 nostris
2407 1352 2629 1408 quoque
2682 1346 2812 1395 tunc
2869 1340 3164 1396 maculosis
3229 1343 3625 1412 conspectibus
3682 1351 3788 1398 tam

2141 1432 2354 1481 sacrata
2399 1429 2642 1484 membra
2687 1429 3019 1498 revelantur,
3067 1444 3208 1502 aqua
3257 1432 3491 1503 vinoque
3545 1432 3670 1505 (69)
3707 1448 3793 1489 ro-

2144 1519 2258 1567 rata
2291 1515 2528 1584 piantur.

2216 1603 2270 1658 9.
2327 1606 2540 1661 interea
2597 1606 2818 1676 quidam
2876 1607 3113 1663 clericus
3168 1609 3486 1665 Berwoldus
3544 1612 3790 1678 nomine,

2145 1693 2307 1748 unius
2363 1694 2508 1750 oculi
2569 1695 2774 1751 lumine
2834 1697 3061 1752 orbatus
3115 1712 3362 1754 seorsum
3421 1700 3655 1766 astabat,
3697 1701 3793 1771 qui

421 1787 627 1842 bilibus
659 1787 929 1856 personis,
963 1789 1142 1858 Drogo
1191 1788 1353 1842 etiam
1395 1788 1688 1857 episcopus
1722 1794 1911 1842 noster
1938 1801 2058 1842 cum
2081 1785 2126 1841 B
2141 1784 2468 1853 jampridem
2525 1799 2770 1856 eousque
2829 1793 3092 1858 utrosque
3149 1788 3342 1844 oculos
3399 1790 3797 1859 perspicuitate

423 1891 524 1932 suo
581 1876 889 1932 honorabili
944 1877 1114 1943 clero,
1157 1876 1468 1946 diversique
1527 1891 1646 1932 cum
1705 1877 1821 1932 suis
1875 1876 2061 1932 domui

421 1966 621 2022 adsunt
676 1966 921 2022 abbates.
970 1967 1081 2021 Nec
1138 1965 1293 2021 deest
1339 1964 1559 2020 domina
1609 1965 1836 2030 Adhela,
1894 1963 2062 2020 fratre

425 2071 524 2114 suo
554 2057 745 2113 Odone
777 2056 1058 2126 multoque
1092 2069 1378 2126 procerum
1401 2055 1600 2124 stipata
1632 2055 1824 2110 milite.
1857 2054 2064 2110 Nihilo-

422 2148 601 2202 minus
631 2161 660 2201 e
700 2146 931 2202 diversis
977 2145 1116 2201 locis
1154 2145 1512 2199 adventantes
1541 2145 1842 2200 innumerae
1875 2144 2063 2214 populi

421 2236 528 2292 huc
558 2242 723 2291 ruunt
755 2234 1154 2300 multitudines,
1188 2233 1438 2289 ecclesiae
1477 2233 1774 2302 implentur
1803 2233 2059 2303 parietes.

418 2326 802 2381 Verumtamen
869 2323 1072 2380 domno
1120 2323 1540 2393 archiepiscopo
1578 2337 1700 2377 cum
1739 2323 1854 2378 suis
1891 2329 2065 2378 caete-

421 2415 606 2484 risque
654 2414 986 2484 hospitibus,
1018 2413 1276 2484 quoniam
1308 2427 1375 2468 ex
1414 2413 1610 2467 itinere
1640 2411 1849 2483 fatigati
1883 2419 2060 2480 erant,

422 2518 484 2561 ea
542 2504 630 2560 die
687 2503 1120 2574 quiescentibus,
1180 2502 1399 2557 interim
1462 2515 1563 2558 nos
1627 2502 2061 2571 quibuscumque

423 2593 752 2650 necessariis
792 2592 1170 2663 praeparandis
1225 2590 1513 2646 intendere
1572 2604 1950 2660 procuramus,
1998 2604 2062 2646 ac

423 2685 606 2742 omnia
653 2683 721 2738 de
769 2689 962 2739 sancto
1017 2681 1226 2753 agenda
1281 2681 1338 2736 in
1387 2681 1683 2736 crastinum
1739 2679 2059 2735 differimus.

420 2774 552 2829 Cum
583 2772 725 2829 enim
746 2771 1074 2842 jampridem
1114 2770 1287 2841 prima
1321 2769 1442 2824 Maii
1473 2769 1676 2825 mensis
1705 2769 1795 2824 die
1822 2768 2062 2838 idipsum

421 2860 732 2918 faciendum
765 2861 1149 2927 deliberarem,
1174 2873 1238 2915 ac
1257 2873 1424 2929 super
1462 2857 1568 2914 hoc
1590 2858 1777 2914 domni
1814 2857 2062 2927 episcopi

421 2953 596 3010 nostri
626 2965 904 3008 assensum
936 2952 1103 3006 misso
1135 2950 1181 3004 ei
1226 2949 1420 3004 nuntio
1449 2961 1775 3018 quererem,
1815 2947 1908 3002 ille
1937 2961 2063 3003 mox

419 3042 724 3098 salubriore
781 3039 1014 3096 consilio
1071 3039 1127 3093 in
1193 3038 1494 3094 secundum
1561 3037 1806 3107 ejusdem
1860 3037 2064 3092 mensis

2147 1886 2305 1941 pares
2354 1874 2609 1941 habebat,
2661 1877 2758 1931 sed
2791 1877 2982 1932 nescio
3024 1878 3181 1946 cujus
3208 1877 3334 1932 mali
3365 1893 3528 1933 causa
3558 1880 3798 1935 antehac

2145 1963 2433 2031 quamdam
2463 1979 2651 2020 venam
2683 1966 2975 2021 secandam
3023 1967 3337 2038 contiguam
3380 1968 3544 2023 oculo
3573 1975 3635 2024 ut
3675 1984 3796 2024 me-

2145 2051 2425 2108 dicaretur
2480 2054 2586 2109 sibi
2644 2055 2817 2109 incidi
2875 2054 3101 2123 fecerat,
3165 2055 3309 2111 unde
3385 2071 3547 2112 omne
3607 2057 3795 2113 lumen

2146 2141 2388 2211 ejusdem
2429 2142 2574 2197 oculi
2623 2143 2914 2212 amiserat;
2973 2143 3070 2198 sed
3130 2144 3185 2199 id
3249 2150 3449 2213 praeter
3485 2160 3698 2216 paucos
3742 2153 3797 2202 et

2146 2230 2482 2287 domesticos
2534 2245 2664 2288 suos
2712 2232 2932 2288 ruboris
2970 2247 3132 2288 causa
3165 2248 3304 2303 pene
3333 2235 3550 2290 cunctis
3579 2236 3796 2290 celave-

2146 2325 2249 2373 rat.
2291 2321 2392 2375 Hic
2448 2321 2624 2376 sancti
2681 2321 2885 2376 Bertini
2944 2322 3308 2391 patrocinium
3369 2329 3428 2377 ut
3483 2337 3513 2378 a
3558 2325 3794 2379 Domino

2144 2408 2251 2463 sibi
2299 2409 2456 2465 reddi
2501 2410 2685 2466 lumen
2741 2410 2997 2466 amissum
3057 2411 3355 2479 obtineret,
3415 2413 3627 2467 intimis
3675 2428 3796 2483 pre-

2145 2498 2302 2554 cibus
2339 2499 2698 2569 deposcebat,
2747 2485 2911 2570 atque
2950 2502 3202 2571 quolibet
3249 2507 3564 2558 sanctorum
3617 2518 3797 2558 mem-

2145 2586 2367 2644 brorum
2398 2603 2522 2658 quie
2561 2589 2639 2644 ibi
2678 2590 3055 2645 tractabantur
3084 2593 3232 2662 tangi
3263 2591 3366 2646 sibi
3399 2592 3621 2647 oculum
3659 2593 3796 2647 mul-

2145 2683 2336 2747 t0pere
2369 2678 2683 2746 anhelabat,
2732 2680 2829 2736 sed
2877 2681 3206 2751 appropiare
3252 2681 3473 2737 minime
3511 2682 3620 2737 sibi
3661 2697 3793 2753 per-

2145 2769 2284 2823 mitti
2336 2769 2632 2824 metuebat.
2683 2772 2749 2824 At
2798 2770 2960 2825 nobis
3008 2777 3172 2826 tanta;
3222 2770 3302 2826 rei
3343 2770 3579 2826 sollicite
3613 2772 3794 2827 inten-

2145 2856 2424 2924 dentibus,
2458 2872 2522 2913 ac
2547 2858 2768 2914 interim
2799 2859 3125 2928 quibusdam
3157 2859 3389 2915 canticis
3417 2859 3582 2915 dictis
3612 2860 3794 2916 eidem

2144 2954 2486 3002 sacramento
2534 2948 3008 3016 convenientibus,
3058 2950 3526 3020 responsorioque
3584 2956 3793 3005 sancta:

2143 3037 2426 3091 Trinitatis
2472 3036 2742 3108 asignato,
2804 3038 2932 3104 Quis
2991 3039 3130 3106 Deus
3198 3054 3416 3108 magnus
3469 3039 3604 3094 sicut
3651 3041 3796 3095 Deus

424 3131 568 3187 diem
599 3130 785 3200 potius
830 3127 1029 3184 indixit
1077 3127 1304 3192 differri,
1355 3141 1423 3181 ne
1452 3125 1810 3182 celeberrima
1846 3116 2120 3181 sancto-C
2142 3130 2338 3190 noster,
2370 3130 2425 3180 tu
2480 3141 2535 3180 es
2581 3127 2720 3180 Deus
2767 3126 2854 3197 qui
2899 3127 3034 3198 facis
3099 3127 3385 3195 mirabilia,
3452 3127 3790 3196 decantata;

424 3235 543 3278 rum
574 3218 947 3291 apostolorum
987 3216 1224 3286 Philippi
1259 3223 1314 3271 et
1339 3217 1528 3270 Jacobi
1567 3215 1904 3282 solemnitas,
1936 3231 2060 3286 quae

421 3309 611 3367 eadem
659 3309 749 3364 die
797 3313 962 3374 esset,
996 3322 1026 3362 a
1074 3321 1171 3361 sua
1221 3305 1542 3360 celebritate
1579 3305 1860 3360 videretur
1888 3306 2062 3362 mino-

420 3399 552 3467 rari,
585 3406 753 3469 utque
792 3397 982 3454 eadem
1022 3395 1392 3466 praecedente,
1425 3401 1480 3449 et
1518 3394 1734 3450 demum
1764 3394 2059 3451 salutiferae

411 3489 603 3546 crucis
647 3486 984 3544 Inventionis
1047 3484 1341 3541 festivitate
1404 3483 1796 3554 subsequente,
1856 3485 2059 3554 quique

417 3577 526 3634 huc
583 3577 939 3634 adventantes
983 3575 1068 3631 vel
1124 3575 1254 3630 hinc
1318 3579 1656 3629 revertentes
1715 3573 1905 3630 festiva
1962 3575 2060 3630 otii

420 3667 834 3740 perfruerentur
862 3666 1246 3722 exsultatione.
1287 3666 1401 3733 Qua
1437 3663 1506 3720 de
1547 3679 1603 3720 re
1633 3664 1794 3720 nobis
1825 3663 2061 3719 necdum

419 3758 476 3816 id
506 3757 968 3830 cegnoscentibus
1019 3755 1202 3812 divina
1249 3753 1448 3810 factum
1488 3767 1610 3809 esse
1647 3753 2058 3824 dispensatione

419 3847 716 3916 credimus,
762 3853 818 3903 ut
869 3845 1050 3902 futura
1098 3845 1218 3901 dies
1259 3846 1368 3914 jam
1410 3843 1631 3913 quidem
1678 3841 2059 3899 convenientia

421 3937 781 3994 decoraretur
826 3956 838 3991 :
884 3942 942 3990 ut
988 3935 1132 3990 sicut
1176 3933 1352 3989 sancti
1397 3933 1663 3989 Walberti
1712 3932 2058 4002 depositione

422 4025 785 4099 magniﬁcata,
834 4025 915 4080 sie
975 4023 1192 4079 demum
1241 4022 1415 4077 sancti
1493 4022 1699 4077 Bertini
1755 4022 2060 4078 elevatione

419 4114 816 4189 magnificanda
852 4114 1168 4179 haberetur,
1218 4126 1359 4184 quos
1411 4112 1575 4168 unius
1610 4113 1747 4169 Vitae
1795 4112 2062 4168 lectiones

420 4205 891 4273 commendarent,
941 4203 1240 4273 eademque
1305 4203 1656 4272 responsoria
1709 4202 2062 4260 concelebra-

420 4302 564 4354 rent.
615 4297 712 4351 His
759 4293 977 4352 omissis
1010 4293 1293 4364 sequentis
1323 4292 1432 4348 diei
1462 4293 1640 4363 primo
1669 4305 1826 4348 mane
1856 4292 2061 4362 paratis

418 4385 767 4460 praesulibus,
818 4384 1129 4451 abbatibus,
1187 4383 1471 4439 monachis
1523 4389 1687 4453 atque
1753 4381 2055 4447 canonicis,

2143 3214 2272 3270 item
2304 3215 2548 3284 ejusdem
2597 3217 2772 3271 sancti
2822 3218 3232 3287 responsorium
3279 3237 3290 3272 :
3325 3216 3601 3273 Gloriosus
3633 3219 3797 3286 igitur

2142 3305 2240 3360 Dei
2269 3303 2483 3371 athleta,
2535 3319 2598 3360 ac
2626 3305 2849 3360 eximius
2893 3305 3144 3360 sacerdos
3187 3307 3451 3374 Bertinus,
3492 3308 3546 3361 in
3575 3307 3795 3378 prolixa

2143 3398 2296 3448 (etate
2333 3394 2548 3464 Jejuniis
2597 3399 2645 3449 et
2700 3393 3024 3449 orationibus
3069 3392 3334 3465 [aniulans
3378 3397 3494 3465 regi
3537 3411 3791 3468 superno,

2142 3497 2173 3538 ε
2203 3483 2374 3539 choro
2413 3497 2630 3540 morose
2679 3484 3009 3540 cantandum
3057 3470 3618 3558 suscipiturfsicque
3648 3489 3796 3542 inter

2143 3573 2448 3629 canendum
2490 3574 2601 3643 jam
2651 3572 2832 3629 dictus
2884 3573 3122 3629 clericus
3153 3575 3318 3630 rebus
3345 3574 3652 3644 sufﬁciens,
3693 3577 3792 3632 sed

2143 3662 2288 3718 oculi
2345 3663 2509 3718 unius
2563 3662 2770 3718 lumine
2829 3676 3046 3728 carens,
3114 3677 3234 3719 eum
3299 3666 3506 3720 sanctis
3560 3666 3796 3722 artubus

2143 3757 2224 3820 (ut
2247 3752 2359 3822 jam
2407 3751 2613 3807 dictum
2670 3757 2773 3816 est)
2829 3757 3114 3808 vereretur
3159 3753 3445 3821 accedere,
3496 3755 3790 3824 quemdam

2141 3839 2368 3897 fratrum
2424 3849 2738 3898 nostrorum
2795 3841 3020 3913 aliquod
3077 3856 3357 3898 sacrorum
3416 3844 3793 3901 membrorum

2141 3937 2520 3988 summotenus
2567 3931 2756 4002 digitis
2792 3932 2907 3987 suis
2953 3932 3210 3988 obsecrat
3246 3931 3540 4005 attingere,
3574 3947 3794 4006 suoque

2142 4029 2349 4079 cmeato
2401 4024 2562 4080 oculo
2611 4023 2818 4080 eisdem
2863 4022 3052 4095 digitis
3105 4024 3388 4094 signamen
3449 4025 3793 4096 imprimere.

2140 4113 2294 4181 Quod
2329 4113 2490 4170 nobis
2531 4114 2721 4170 insciis
2767 4113 2895 4169 dum
2945 4113 3120 4182 fieret,
3154 4114 3327 4184 magis
3363 4122 3542 4170 autem
3583 4116 3659 4170 ob
3700 4115 3797 4172 de-

2140 4203 2416 4259 votionem
2458 4203 2749 4274 praesentis
2796 4203 2972 4259 sancti
3010 4202 3101 4258 hic
3135 4202 3257 4258 ﬁnis
3301 4205 3643 4273 responsorii
3675 4206 3796 4259 ani-

2141 4306 2260 4348 mos
2315 4292 2495 4347 adhuc
2552 4292 2898 4363 psallentium
2948 4291 3306 4357 demulceret,
3367 4292 3522 4347 hodie
3575 4295 3797 4366 suscipit

2144 4382 2444 4438 meritorum
2493 4383 2710 4453 prce-mia
2784 4383 2838 4437 in
2894 4380 3194 4451 angelorum
3249 4381 3446 4447 choro;
3505 4395 3636 4438 mox
3699 4382 3798 4438 ille

418 4446 938 4548 quibusdam'etiam
967 4446 1230 4530 laicorum
1263 4472 1561 4542 majoribus
1596 4446 1652 4528 in
1685 4446 2352 4528 testimoniuleumine
2409 4446 2571 4527 datur
2625 4446 2987 4542 exspectato:
3024 4473 3089 4526 Et
3136 4483 3268 4526 sane
3324 4446 3472 4540 quod
3525 4470 3800 4528 Dominus

417 4565 564 4623 intro
603 4564 877 4630 admissis,
920 4577 1041 4620 cum
1074 4561 1525 4633 processionibus
1552 4561 1620 4616 ad
1650 4568 2060 4618 sacrosanctum

418 4653 600 4713 locum
665 4653 968 4719 acceditur,
1037 4651 1244 4706 litanize
1309 4649 1571 4706 cauendae
1639 4649 2056 4720 incceptantur;

417 4746 710 4816 missisque
762 4742 1033 4814 operariis
1079 4740 1344 4796 scrinium
1383 4739 1581 4794 sacrati
1613 4740 1867 4809 corporis
1895 4738 2060 4796 effodi

408 4835 657 4908 jubetur.
705 4834 818 4890 Nec
851 4835 1004 4902 jussa
1050 4829 1400 4896 diii'eruntur,
1430 4827 1528 4884 sed
1568 4830 1742 4898 ejecta
1772 4829 1938 4884 humo
1966 4843 2058 4884 sa-

415 4938 512 4982 cer
557 4922 715 4981 locus
769 4934 1014 4991 eousque
1070 4925 1313 4990 paratur,
1373 4931 1483 4988 quo
1538 4915 1607 4972 ad
1664 4915 2061 4972 extrahendum

414 5014 590 5070 sancti
643 5011 908 5068 scrinium
971 5006 1149 5064 facilis
1222 5021 1476 5063 accessus
1533 5007 1748 5062 cunctis
1813 5005 2058 5062 daretur.

413 5102 567 5159 Tunc
596 5099 858 5172 pontifice
906 5106 1098 5156 nostro
1148 5111 1268 5153 cum
1331 5103 1568 5166 quatuor
1605 5095 1896 5152 abbatibus
1926 5109 2059 5167 pro-

414 5191 646 5249 batioris
671 5191 798 5248 vita
835 5188 968 5246 viris
1005 5189 1100 5259 qui
1131 5191 1431 5242 tractarent
1457 5186 1600 5241 sacri
1639 5186 1892 5256 corporis
1910 5191 2061 5241 artus

416 5279 842 5352 circumpositis,
877 5290 1049 5351 panso
1079 5275 1286 5333 scrinio
1306 5289 1550 5332 summus
1587 5274 1789 5346 praesul
1821 5287 2060 5345 respon-

415 5370 620 5426 sorium
663 5390 677 5427 :
718 5371 994 5440 Dirigatur
1031 5367 1204 5425 oratio
1249 5381 1386 5434 mea,
1437 5365 1712 5422 cantando
1770 5364 2056 5436 incmptat,

488 5493 610 5568 (98)
659 5497 738 5552 En
777 5495 1226 5568 archiepiscopus
1275 5507 1503 5550 summus
1552 5491 1794 5568 pontifex
1857 5491 2061 5549 dicitur

415 5561 600 5639 medio
629 5566 834 5639 saeculo
865 5582 939 5634 ιι,
967 5561 1140 5639 supra
1169 5581 1400 5639 summus
1430 5561 1648 5638 praeut.

492 5636 614 5711 (69)
649 5638 814 5694 Moris
861 5643 979 5693 erat
1025 5635 1284 5708 antiquis,
1339 5643 1400 5694 ut
1429 5635 1743 5693 sanctorum
1775 5635 2057 5707 reliquias,

2141 4561 2209 4617 ad
2260 4561 2475 4618 laudem
2523 4561 2608 4618 sui
2653 4561 2893 4617 nominis
2922 4566 2978 4617 et
3014 4559 3082 4616 ad
3129 4560 3305 4616 sancti
3353 4561 3608 4616 meritum
3655 4575 3797 4632 pro-

2144 4650 2436 4721 palandum
2494 4651 2772 4708 concessit
2809 4649 2926 4706 fieri
2967 4650 3023 4705 in
3062 4665 3142 4718 se,
3204 4651 3322 4721 ipse
3361 4649 3530 4705 stulto
3573 4650 3798 4720 pudore

2143 4739 2365 4796 reticeri
2409 4740 2619 4808 voluit;
2651 4739 2746 4796 sed
2797 4738 2938 4796 forte
2973 4746 3104 4796 tunc
3151 4738 3366 4796 cuidam
3397 4737 3646 4795 Arnoldo
3685 4739 3798 4795 sibi

2142 4827 2485 4886 familiariter
2557 4830 2861 4886 adhaerenti
2946 4828 3243 4886 mussando
3335 4828 3540 4895 intulit,
3643 4830 3798 4885 bono

2142 4919 2325 4975 omine
2372 4933 2473 4976 suo
2511 4934 2570 4976 se
2619 4919 2750 4975 illuc
2805 4917 3124 4986 admissum,
3183 4931 3250 4974 eo
3307 4916 3455 4987 quod
3499 4917 3800 4986 praesentis

2141 5009 2318 5065 sancti
2359 5016 2564 5066 attactu
2614 5009 2708 5066 diu
2761 5008 3017 5064 amissum
3065 5007 3340 5078 receperit
3378 5006 3580 5086 visum,
3612 5007 3799 5062 eidem

2143 5099 2370 5154 omnino
2404 5106 2672 5155 attestans
2710 5103 2770 5154 ut
2799 5098 2905 5154 hoc
2935 5103 3164 5165 taceret,
3204 5094 3340 5152 nulli
3372 5109 3618 5166 unquam
3656 5110 3798 5166 ape-

2142 5187 2297 5243 riret.
2339 5188 2539 5244 Verum
2571 5187 2712 5243 alter
2749 5199 3092 5258 nequaquam
3125 5191 3293 5241 tantae
3331 5185 3450 5254 ejus
3491 5183 3799 5239 insensibi-

2141 5277 2283 5334 litati
2340 5278 2635 5349 acquievit,
2684 5277 2782 5335 sed
2831 5275 3315 5333 circumstantibus
3376 5287 3502 5330 mox
3559 5273 3797 5330 detexit.

2140 5366 2296 5435 Quod
2337 5368 2560 5438 quidam
2597 5366 2875 5423 Walterus
2913 5379 3040 5421 vere
3087 5364 3384 5436 contigisse
3417 5362 3796 5432 comperiens,

2138 5491 2186 5546 si
2235 5493 2459 5563 quando
2520 5507 2614 5549 eas
2674 5490 2976 5548 efferebant
3009 5490 3263 5563 tumulo,
3306 5502 3465 5563 aqua
3518 5486 3794 5563 lavarent,

2140 5558 2290 5689 ﬁred
2320 5563 2521 5621 factum
2643 5564 2949 5620 elevatione
2995 5562 3052 5618 S.
3085 5558 3393 5617 Ethildritz
3422 5559 3593 5617 docet
3621 5558 3791 5624 Beda,

2162 5649 2178 5691 ι
2224 5676 2238 5692 .
2270 5651 2347 5702 1v,
2380 5651 2499 5706 cap.
2619 5676 2632 5690 .
