  <div class='ocr_page' id='page_1' title='image "/cluster/home/n/w/nwhite01/storage/ocr_20150623/147/hvd.32044073505281/584.png"; bbox 0 0 4096 6156; ppageno 0'>
   <div class='ocr_carea' id='block_1_1' title="bbox 321 329 3681 387">
    <p class='ocr_par' dir='ltr' id='par_1_1' title="bbox 321 329 3681 387">
     <span class='ocr_line' id='line_1_1' title="bbox 321 329 3681 387; baseline 0 -2"><span class='ocrx_word' id='word_1_1' title='bbox 321 332 454 387; x_wconf 80' lang='lat'><strong>1157</strong></span> <span class='ocrx_word' id='word_1_2' title='bbox 1257 330 1344 383; x_wconf 85' lang='lat' dir='ltr'><strong>DE</strong></span> <span class='ocrx_word' id='word_1_3' title='bbox 1381 329 1787 385; x_wconf 82' lang='lat' dir='ltr'><strong>INVENTIONE</strong></span> <span class='ocrx_word' id='word_1_4' title='bbox 1826 330 1910 384; x_wconf 89' lang='lat' dir='ltr'><strong>ET</strong></span> <span class='ocrx_word' id='word_1_5' title='bbox 1949 329 2368 387; x_wconf 80' lang='lat' dir='ltr'><strong>ELEVATIONE</strong></span> <span class='ocrx_word' id='word_1_6' title='bbox 2406 333 2460 386; x_wconf 92' lang='lat' dir='ltr'><strong>S.</strong></span> <span class='ocrx_word' id='word_1_7' title='bbox 2504 333 2842 387; x_wconf 79' lang='lat' dir='ltr'><strong>BERTHINL</strong></span> <span class='ocrx_word' id='word_1_8' title='bbox 3547 331 3681 387; x_wconf 82' lang='lat'>1158</span> 
     </span>
    </p>
   </div>
   <div class='ocr_carea' id='block_1_2' title="bbox 313 451 3682 526">
    <p class='ocr_par' dir='ltr' id='par_1_2' title="bbox 313 451 3682 526">
     <span class='ocr_line' id='line_1_2' title="bbox 313 451 3682 526; baseline 0.001 -15"><span class='ocrx_word' id='word_1_9' title='bbox 313 461 535 512; x_wconf 86' lang='lat' dir='ltr'><strong>extenta</strong></span> <span class='ocrx_word' id='word_1_10' title='bbox 591 466 754 510; x_wconf 90' lang='lat' dir='ltr'><strong>manu</strong></span> <span class='ocrx_word' id='word_1_11' title='bbox 801 453 1017 508; x_wconf 91' lang='lat' dir='ltr'><strong>cunctis</strong></span> <span class='ocrx_word' id='word_1_12' title='bbox 1060 451 1340 508; x_wconf 90' lang='lat' dir='ltr'><strong>silentium</strong></span> <span class='ocrx_word' id='word_1_13' title='bbox 1395 452 1668 520; x_wconf 83' lang='lat' dir='ltr'><strong>indicens,</strong></span> <span class='ocrx_word' id='word_1_14' title='bbox 1710 453 2308 517; x_wconf 67' lang='lat' dir='ltr'><strong>eumdemAcomitatn</strong></span> <span class='ocrx_word' id='word_1_15' title='bbox 2357 454 2594 521; x_wconf 80' lang='lat' dir='ltr'><strong>advolat,</strong></span> <span class='ocrx_word' id='word_1_16' title='bbox 2627 462 3060 526; x_wconf 88' lang='lat' dir='ltr'><strong>proventumque</strong></span> <span class='ocrx_word' id='word_1_17' title='bbox 3108 454 3322 510; x_wconf 87' lang='lat' dir='ltr'><strong>Domini</strong></span> <span class='ocrx_word' id='word_1_18' title='bbox 3372 455 3682 514; x_wconf 75' lang='lat' dir='ltr'><strong>interventu</strong></span> 
     </span>
    </p>
   </div>
   <div class='ocr_carea' id='block_1_3' title="bbox 314 541 3683 618">
    <p class='ocr_par' dir='ltr' id='par_1_3' title="bbox 314 541 3683 618">
     <span class='ocr_line' id='line_1_3' title="bbox 314 541 3683 618; baseline 0 -17"><span class='ocrx_word' id='word_1_19' title='bbox 314 546 476 602; x_wconf 90' lang='lat' dir='ltr'><strong>unius</strong></span> <span class='ocrx_word' id='word_1_20' title='bbox 507 543 656 600; x_wconf 90' lang='lat' dir='ltr'><strong>oculi</strong></span> <span class='ocrx_word' id='word_1_21' title='bbox 704 543 821 598; x_wconf 90' lang='lat' dir='ltr'><strong>visu</strong></span> <span class='ocrx_word' id='word_1_22' title='bbox 870 541 963 598; x_wconf 85' lang='lat' dir='ltr'><strong>ditt</strong></span> <span class='ocrx_word' id='word_1_23' title='bbox 1013 541 1345 610; x_wconf 88' lang='lat' dir='ltr'><strong>damnatum,</strong></span> <span class='ocrx_word' id='word_1_24' title='bbox 1387 550 1519 598; x_wconf 91' lang='lat' dir='ltr'><strong>tunc</strong></span> <span class='ocrx_word' id='word_1_25' title='bbox 1564 556 1694 598; x_wconf 91' lang='lat' dir='ltr'><strong>vero</strong></span> <span class='ocrx_word' id='word_1_26' title='bbox 1750 543 1958 598; x_wconf 90' lang='lat' dir='ltr'><strong>meritis</strong></span> <span class='ocrx_word' id='word_1_27' title='bbox 2040 546 2094 600; x_wconf 94' lang='lat' dir='ltr'><strong>S.</strong></span> <span class='ocrx_word' id='word_1_28' title='bbox 2136 545 2342 600; x_wconf 90' lang='lat' dir='ltr'><strong>Bertini</strong></span> <span class='ocrx_word' id='word_1_29' title='bbox 2374 559 2487 616; x_wconf 65' lang='lat' dir='ltr'><strong>prae</strong></span> <span class='ocrx_word' id='word_1_30' title='bbox 2519 543 2731 601; x_wconf 91' lang='lat' dir='ltr'><strong>foribus</strong></span> <span class='ocrx_word' id='word_1_31' title='bbox 2749 545 3077 615; x_wconf 59' lang='lat' dir='ltr'><strong>praestolans</strong></span> <span class='ocrx_word' id='word_1_32' title='bbox 3105 545 3422 602; x_wconf 78' lang='lat' dir='ltr'><strong>monasterii</strong></span> <span class='ocrx_word' id='word_1_33' title='bbox 3452 546 3683 618; x_wconf 80' lang='lat' dir='ltr'><strong>supplex</strong></span> 
     </span>
    </p>
   </div>
   <div class='ocr_carea' id='block_1_4' title="bbox 314 631 3682 705">
    <p class='ocr_par' dir='ltr' id='par_1_4' title="bbox 314 631 3682 705">
     <span class='ocr_line' id='line_1_4' title="bbox 314 631 3682 705; baseline -0.001 -14"><span class='ocrx_word' id='word_1_34' title='bbox 314 634 490 691; x_wconf 85' lang='lat' dir='ltr'><strong>sancti</strong></span> <span class='ocrx_word' id='word_1_35' title='bbox 539 639 858 702; x_wconf 90' lang='lat' dir='ltr'><strong>exspectato</strong></span> <span class='ocrx_word' id='word_1_36' title='bbox 908 631 1130 687; x_wconf 92' lang='lat' dir='ltr'><strong>luminis</strong></span> <span class='ocrx_word' id='word_1_37' title='bbox 1176 631 1323 687; x_wconf 90' lang='lat' dir='ltr'><strong>dono</strong></span> <span class='ocrx_word' id='word_1_38' title='bbox 1354 631 1591 688; x_wconf 86' lang='lat' dir='ltr'><strong>clamitat</strong></span> <span class='ocrx_word' id='word_1_39' title='bbox 1624 640 1956 703; x_wconf 81' lang='lat' dir='ltr'><strong>reparatum.</strong></span> <span class='ocrx_word' id='word_1_40' title='bbox 2042 647 2166 688; x_wconf 92' lang='lat' dir='ltr'><strong>cum</strong></span> <span class='ocrx_word' id='word_1_41' title='bbox 2221 633 2336 690; x_wconf 94' lang='lat' dir='ltr'><strong>ﬁlio</strong></span> <span class='ocrx_word' id='word_1_42' title='bbox 2400 635 2700 703; x_wconf 81' lang='lat' dir='ltr'><strong>perstabat.</strong></span> <span class='ocrx_word' id='word_1_43' title='bbox 2757 636 2999 705; x_wconf 86' lang='lat' dir='ltr'><strong>Cumque</strong></span> <span class='ocrx_word' id='word_1_44' title='bbox 3047 635 3166 704; x_wconf 87' lang='lat' dir='ltr'><strong>ipsa</strong></span> <span class='ocrx_word' id='word_1_45' title='bbox 3229 634 3376 691; x_wconf 90' lang='lat' dir='ltr'><strong>inter</strong></span> <span class='ocrx_word' id='word_1_46' title='bbox 3448 635 3682 704; x_wconf 84' lang='lat' dir='ltr'><strong>compri-</strong></span> 
     </span>
    </p>
   </div>
   <div class='ocr_carea' id='block_1_5' title="bbox 309 720 3689 794">
    <p class='ocr_par' dir='ltr' id='par_1_5' title="bbox 309 720 3689 794">
     <span class='ocr_line' id='line_1_5' title="bbox 309 720 3689 794; baseline -0.001 -13"><span class='ocrx_word' id='word_1_47' title='bbox 309 725 520 794; x_wconf 88' lang='lat' dir='ltr'><strong>Quibus</strong></span> <span class='ocrx_word' id='word_1_48' title='bbox 581 722 806 786; x_wconf 85' lang='lat' dir='ltr'><strong>auditis,</strong></span> <span class='ocrx_word' id='word_1_49' title='bbox 866 720 1160 792; x_wconf 90' lang='lat' dir='ltr'><strong>plurimum</strong></span> <span class='ocrx_word' id='word_1_50' title='bbox 1217 721 1528 788; x_wconf 83' lang='lat' dir='ltr'><strong>exhilarati,</strong></span> <span class='ocrx_word' id='word_1_51' title='bbox 1583 737 1698 792; x_wconf 74' lang='lat' dir='ltr'><strong>prae</strong></span> <span class='ocrx_word' id='word_1_52' title='bbox 1755 724 1958 794; x_wconf 87' lang='lat' dir='ltr'><strong>gaudio</strong></span> <span class='ocrx_word' id='word_1_53' title='bbox 2043 729 2256 779; x_wconf 89' lang='lat' dir='ltr'><strong>mentes</strong></span> <span class='ocrx_word' id='word_1_54' title='bbox 2303 724 2491 778; x_wconf 83' lang='lat' dir='ltr'><strong>turbas</strong></span> <span class='ocrx_word' id='word_1_55' title='bbox 2547 723 2616 778; x_wconf 91' lang='lat' dir='ltr'><strong>ad</strong></span> <span class='ocrx_word' id='word_1_56' title='bbox 2674 723 3031 779; x_wconf 88' lang='lat' dir='ltr'><strong>osculandum</strong></span> <span class='ocrx_word' id='word_1_57' title='bbox 3071 725 3248 780; x_wconf 88' lang='lat' dir='ltr'><strong>sancti</strong></span> <span class='ocrx_word' id='word_1_58' title='bbox 3288 723 3551 780; x_wconf 79' lang='lat' dir='ltr'><strong>feretrum</strong></span> <span class='ocrx_word' id='word_1_59' title='bbox 3591 724 3689 778; x_wconf 84' lang='lat' dir='ltr'><strong>im-</strong></span> 
     </span>
    </p>
   </div>
   <div class='ocr_carea' id='block_1_6' title="bbox 311 811 3688 883">
    <p class='ocr_par' dir='ltr' id='par_1_6' title="bbox 311 811 3688 883">
     <span class='ocr_line' id='line_1_6' title="bbox 311 811 3688 883; baseline -0.001 -13"><span class='ocrx_word' id='word_1_60' title='bbox 311 813 652 870; x_wconf 87' lang='lat' dir='ltr'><strong>infundimur</strong></span> <span class='ocrx_word' id='word_1_61' title='bbox 708 811 986 882; x_wconf 78' lang='lat' dir='ltr'><strong>lacrymis,</strong></span> <span class='ocrx_word' id='word_1_62' title='bbox 1035 811 1135 866; x_wconf 87' lang='lat' dir='ltr'><strong>hac</strong></span> <span class='ocrx_word' id='word_1_63' title='bbox 1180 812 1290 881; x_wconf 89' lang='lat' dir='ltr'><strong>jam</strong></span> <span class='ocrx_word' id='word_1_64' title='bbox 1331 811 1566 882; x_wconf 88' lang='lat' dir='ltr'><strong>quadam</strong></span> <span class='ocrx_word' id='word_1_65' title='bbox 1617 827 1715 882; x_wconf 89' lang='lat' dir='ltr'><strong>spe</strong></span> <span class='ocrx_word' id='word_1_66' title='bbox 1763 826 1961 868; x_wconf 90' lang='lat' dir='ltr'><strong>conso-</strong></span> <span class='ocrx_word' id='word_1_67' title='bbox 2047 812 2317 882; x_wconf 74' lang='lat' dir='ltr'><strong>pingeret,</strong></span> <span class='ocrx_word' id='word_1_68' title='bbox 2367 826 2430 868; x_wconf 86' lang='lat' dir='ltr'><strong>ac</strong></span> <span class='ocrx_word' id='word_1_69' title='bbox 2480 811 2699 881; x_wconf 90' lang='lat' dir='ltr'><strong>repulsa</strong></span> <span class='ocrx_word' id='word_1_70' title='bbox 2728 812 3042 882; x_wconf 88' lang='lat' dir='ltr'><strong>importuna</strong></span> <span class='ocrx_word' id='word_1_71' title='bbox 3081 820 3382 883; x_wconf 83' lang='lat' dir='ltr'><strong>repeteret,</strong></span> <span class='ocrx_word' id='word_1_72' title='bbox 3435 826 3688 883; x_wconf 88' lang='lat' dir='ltr'><strong>puerum-</strong></span> 
     </span>
    </p>
   </div>
   <div class='ocr_carea' id='block_1_7' title="bbox 315 899 3689 972">
    <p class='ocr_par' dir='ltr' id='par_1_7' title="bbox 315 899 3689 972">
     <span class='ocr_line' id='line_1_7' title="bbox 315 899 3689 972; baseline -0.001 -13"><span class='ocrx_word' id='word_1_73' title='bbox 315 905 514 970; x_wconf 90' lang='lat' dir='ltr'><strong>lamur,</strong></span> <span class='ocrx_word' id='word_1_74' title='bbox 565 901 714 972; x_wconf 92' lang='lat' dir='ltr'><strong>quod</strong></span> <span class='ocrx_word' id='word_1_75' title='bbox 764 901 1186 970; x_wconf 89' lang='lat' dir='ltr'><strong>quibuscunque</strong></span> <span class='ocrx_word' id='word_1_76' title='bbox 1235 899 1435 957; x_wconf 75' lang='lat' dir='ltr'><strong>divinae</strong></span> <span class='ocrx_word' id='word_1_77' title='bbox 1493 904 1683 972; x_wconf 71' lang='lat' dir='ltr'><strong>gratia:</strong></span> <span class='ocrx_word' id='word_1_78' title='bbox 1740 902 1962 957; x_wconf 80' lang='lat' dir='ltr'><strong>indiciis</strong></span> <span class='ocrx_word' id='word_1_79' title='bbox 2045 915 2152 971; x_wconf 90' lang='lat' dir='ltr'><strong>que</strong></span> <span class='ocrx_word' id='word_1_80' title='bbox 2181 903 2358 957; x_wconf 89' lang='lat' dir='ltr'><strong>sancti</strong></span> <span class='ocrx_word' id='word_1_81' title='bbox 2415 900 2620 957; x_wconf 83' lang='lat' dir='ltr'><strong>feretro</strong></span> <span class='ocrx_word' id='word_1_82' title='bbox 2671 915 2950 972; x_wconf 91' lang='lat' dir='ltr'><strong>apponere</strong></span> <span class='ocrx_word' id='word_1_83' title='bbox 2997 902 3168 957; x_wconf 91' lang='lat' dir='ltr'><strong>multo</strong></span> <span class='ocrx_word' id='word_1_84' title='bbox 3217 901 3504 958; x_wconf 89' lang='lat' dir='ltr'><strong>conamine</strong></span> <span class='ocrx_word' id='word_1_85' title='bbox 3553 902 3689 957; x_wconf 91' lang='lat' dir='ltr'><strong>nite-</strong></span> 
     </span>
    </p>
   </div>
   <div class='ocr_carea' id='block_1_8' title="bbox 316 989 3689 1062">
    <p class='ocr_par' dir='ltr' id='par_1_8' title="bbox 316 989 3689 1062">
     <span class='ocr_line' id='line_1_8' title="bbox 316 989 3689 1062; baseline -0.002 -10"><span class='ocrx_word' id='word_1_86' title='bbox 316 994 574 1052; x_wconf 87' lang='lat' dir='ltr'><strong>omnibus</strong></span> <span class='ocrx_word' id='word_1_87' title='bbox 623 1008 652 1048; x_wconf 94' lang='lat' dir='ltr'><strong>a</strong></span> <span class='ocrx_word' id='word_1_88' title='bbox 691 991 956 1048; x_wconf 84' lang='lat' dir='ltr'><strong>cordibus</strong></span> <span class='ocrx_word' id='word_1_89' title='bbox 1005 989 1369 1047; x_wconf 79' lang='lat' dir='ltr'><strong>difﬁdentiam</strong></span> <span class='ocrx_word' id='word_1_90' title='bbox 1417 990 1690 1049; x_wconf 82' lang='lat' dir='ltr'><strong>dubitatio</strong></span> <span class='ocrx_word' id='word_1_91' title='bbox 1730 992 1965 1062; x_wconf 89' lang='lat' dir='ltr'><strong>pellere-</strong></span> <span class='ocrx_word' id='word_1_92' title='bbox 2047 999 2219 1058; x_wconf 89' lang='lat' dir='ltr'><strong>retur,</strong></span> <span class='ocrx_word' id='word_1_93' title='bbox 2259 993 2372 1047; x_wconf 91' lang='lat' dir='ltr'><strong>Deo</strong></span> <span class='ocrx_word' id='word_1_94' title='bbox 2439 998 2736 1058; x_wconf 87' lang='lat' dir='ltr'><strong>annuente,</strong></span> <span class='ocrx_word' id='word_1_95' title='bbox 2777 992 2922 1047; x_wconf 90' lang='lat' dir='ltr'><strong>idem</strong></span> <span class='ocrx_word' id='word_1_96' title='bbox 2980 1006 3118 1061; x_wconf 91' lang='lat' dir='ltr'><strong>puer</strong></span> <span class='ocrx_word' id='word_1_97' title='bbox 3156 992 3380 1047; x_wconf 88' lang='lat' dir='ltr'><strong>brachia</strong></span> <span class='ocrx_word' id='word_1_98' title='bbox 3420 1005 3689 1060; x_wconf 88' lang='lat' dir='ltr'><strong>cruraque</strong></span> 
     </span>
    </p>
   </div>
   <div class='ocr_carea' id='block_1_9' title="bbox 322 1080 3686 1150">
    <p class='ocr_par' dir='ltr' id='par_1_9' title="bbox 322 1080 3686 1150">
     <span class='ocr_line' id='line_1_9' title="bbox 322 1080 3686 1150; baseline -0.001 -12"><span class='ocrx_word' id='word_1_99' title='bbox 322 1093 429 1140; x_wconf 92' lang='lat' dir='ltr'><strong>tur.</strong></span> <span class='ocrx_word' id='word_1_100' title='bbox 2048 1081 2294 1136; x_wconf 90' lang='lat' dir='ltr'><strong>directus</strong></span> <span class='ocrx_word' id='word_1_101' title='bbox 2354 1080 2607 1150; x_wconf 73' lang='lat' dir='ltr'><strong>sospita&#39;i</strong></span> <span class='ocrx_word' id='word_1_102' title='bbox 2655 1080 2911 1136; x_wconf 82' lang='lat' dir='ltr'><strong>donatur.</strong></span> <span class='ocrx_word' id='word_1_103' title='bbox 2971 1082 3125 1149; x_wconf 82' lang='lat' dir='ltr'><strong>Quod</strong></span> <span class='ocrx_word' id='word_1_104' title='bbox 3184 1081 3340 1136; x_wconf 91' lang='lat' dir='ltr'><strong>multi</strong></span> <span class='ocrx_word' id='word_1_105' title='bbox 3377 1089 3686 1148; x_wconf 90' lang='lat' dir='ltr'><strong>cernentes,</strong></span> 
     </span>
    </p>
   </div>
   <div class='ocr_carea' id='block_1_10' title="bbox 393 1169 3692 1240">
    <p class='ocr_par' dir='ltr' id='par_1_10' title="bbox 393 1169 3692 1240">
     <span class='ocr_line' id='line_1_10' title="bbox 393 1169 3692 1240; baseline -0.001 -15"><span class='ocrx_word' id='word_1_106' title='bbox 393 1171 477 1225; x_wconf 86' lang='lat'><strong>10.</strong></span> <span class='ocrx_word' id='word_1_107' title='bbox 520 1173 650 1226; x_wconf 90' lang='lat' dir='ltr'><strong>Tum</strong></span> <span class='ocrx_word' id='word_1_108' title='bbox 702 1169 925 1240; x_wconf 90' lang='lat' dir='ltr'><strong>quidam</strong></span> <span class='ocrx_word' id='word_1_109' title='bbox 983 1169 1146 1224; x_wconf 89' lang='lat' dir='ltr'><strong>etiam</strong></span> <span class='ocrx_word' id='word_1_110' title='bbox 1202 1169 1540 1225; x_wconf 90' lang='lat' dir='ltr'><strong>domesticus</strong></span> <span class='ocrx_word' id='word_1_111' title='bbox 1593 1176 1805 1237; x_wconf 90' lang='lat' dir='ltr'><strong>noster,</strong></span> <span class='ocrx_word' id='word_1_112' title='bbox 1863 1169 1961 1224; x_wconf 91' lang='lat' dir='ltr'><strong>sed</strong></span> <span class='ocrx_word' id='word_1_113' title='bbox 2049 1170 2271 1239; x_wconf 89' lang='lat' dir='ltr'><strong>quidam</strong></span> <span class='ocrx_word' id='word_1_114' title='bbox 2327 1171 2620 1225; x_wconf 83' lang='lat' dir='ltr'><strong>astantiutn</strong></span> <span class='ocrx_word' id='word_1_115' title='bbox 2652 1183 2934 1239; x_wconf 70' lang='lat' dir='ltr'><strong>oppressa:</strong></span> <span class='ocrx_word' id='word_1_116' title='bbox 2982 1170 3140 1224; x_wconf 87' lang='lat' dir='ltr'><strong>matri</strong></span> <span class='ocrx_word' id='word_1_117' title='bbox 3179 1177 3529 1236; x_wconf 89' lang='lat' dir='ltr'><strong>succurrunt,</strong></span> <span class='ocrx_word' id='word_1_118' title='bbox 3571 1169 3692 1240; x_wconf 90' lang='lat' dir='ltr'><strong>qui-</strong></span> 
     </span>
    </p>
   </div>
   <div class='ocr_carea' id='block_1_11' title="bbox 316 1256 3690 1328">
    <p class='ocr_par' dir='ltr' id='par_1_11' title="bbox 316 1256 3690 1328">
     <span class='ocr_line' id='line_1_11' title="bbox 316 1256 3690 1328; baseline -0.001 -12"><span class='ocrx_word' id='word_1_119' title='bbox 316 1262 482 1316; x_wconf 91' lang='lat' dir='ltr'><strong>nimis</strong></span> <span class='ocrx_word' id='word_1_120' title='bbox 511 1266 739 1317; x_wconf 89' lang='lat' dir='ltr'><strong>eatenus</strong></span> <span class='ocrx_word' id='word_1_121' title='bbox 769 1259 930 1314; x_wconf 92' lang='lat' dir='ltr'><strong>nobis</strong></span> <span class='ocrx_word' id='word_1_122' title='bbox 980 1258 1082 1313; x_wconf 91' lang='lat' dir='ltr'><strong>hac</strong></span> <span class='ocrx_word' id='word_1_123' title='bbox 1134 1265 1287 1328; x_wconf 89' lang='lat' dir='ltr'><strong>parte</strong></span> <span class='ocrx_word' id='word_1_124' title='bbox 1318 1258 1672 1326; x_wconf 88' lang='lat' dir='ltr'><strong>dissentiens,</strong></span> <span class='ocrx_word' id='word_1_125' title='bbox 1704 1259 1964 1313; x_wconf 89' lang='lat' dir='ltr'><strong>nimium-</strong></span> <span class='ocrx_word' id='word_1_126' title='bbox 2049 1257 2174 1314; x_wconf 80' lang='lat' dir='ltr'><strong>dum</strong></span> <span class='ocrx_word' id='word_1_127' title='bbox 2244 1272 2373 1314; x_wconf 90' lang='lat' dir='ltr'><strong>vero</strong></span> <span class='ocrx_word' id='word_1_128' title='bbox 2434 1272 2663 1328; x_wconf 90' lang='lat' dir='ltr'><strong>puerum</strong></span> <span class='ocrx_word' id='word_1_129' title='bbox 2740 1258 3198 1327; x_wconf 89' lang='lat' dir='ltr'><strong>comprehensum</strong></span> <span class='ocrx_word' id='word_1_130' title='bbox 3264 1256 3516 1313; x_wconf 80' lang='lat' dir='ltr'><strong>eﬁerunt.</strong></span> <span class='ocrx_word' id='word_1_131' title='bbox 3575 1259 3690 1325; x_wconf 90' lang='lat' dir='ltr'><strong>Quo</strong></span> 
     </span>
    </p>
   </div>
   <div class='ocr_carea' id='block_1_12' title="bbox 318 1346 3693 1420">
    <p class='ocr_par' dir='ltr' id='par_1_12' title="bbox 318 1346 3693 1420">
     <span class='ocr_line' id='line_1_12' title="bbox 318 1346 3693 1420; baseline -0.001 -14"><span class='ocrx_word' id='word_1_132' title='bbox 318 1365 424 1420; x_wconf 90' lang='lat' dir='ltr'><strong>que</strong></span> <span class='ocrx_word' id='word_1_133' title='bbox 457 1350 586 1405; x_wconf 89' lang='lat' dir='ltr'><strong>huic</strong></span> <span class='ocrx_word' id='word_1_134' title='bbox 635 1350 715 1404; x_wconf 86' lang='lat' dir='ltr'><strong>rei</strong></span> <span class='ocrx_word' id='word_1_135' title='bbox 764 1349 1030 1415; x_wconf 90' lang='lat' dir='ltr'><strong>insolens,</strong></span> <span class='ocrx_word' id='word_1_136' title='bbox 1073 1354 1204 1404; x_wconf 88' lang='lat' dir='ltr'><strong>tunc</strong></span> <span class='ocrx_word' id='word_1_137' title='bbox 1254 1349 1488 1418; x_wconf 88' lang='lat' dir='ltr'><strong>primum</strong></span> <span class='ocrx_word' id='word_1_138' title='bbox 1519 1349 1687 1404; x_wconf 89' lang='lat' dir='ltr'><strong>multa</strong></span> <span class='ocrx_word' id='word_1_139' title='bbox 1719 1348 1966 1418; x_wconf 72' lang='lat' dir='ltr'><strong>pmnitu-</strong></span> <span class='ocrx_word' id='word_1_140' title='bbox 2050 1346 2214 1414; x_wconf 89' lang='lat' dir='ltr'><strong>facto,</strong></span> <span class='ocrx_word' id='word_1_141' title='bbox 2259 1347 2640 1403; x_wconf 88' lang='lat' dir='ltr'><strong>tumultuantis</strong></span> <span class='ocrx_word' id='word_1_142' title='bbox 2704 1347 3006 1404; x_wconf 76' lang='lat' dir='ltr'><strong>innumera:</strong></span> <span class='ocrx_word' id='word_1_143' title='bbox 3065 1348 3432 1404; x_wconf 88' lang='lat' dir='ltr'><strong>multitudinis</strong></span> <span class='ocrx_word' id='word_1_144' title='bbox 3487 1347 3693 1402; x_wconf 90' lang='lat' dir='ltr'><strong>clamor</strong></span> 
     </span>
    </p>
   </div>
   <div class='ocr_carea' id='block_1_13' title="bbox 319 1435 3690 1508">
    <p class='ocr_par' dir='ltr' id='par_1_13' title="bbox 319 1435 3690 1508">
     <span class='ocr_line' id='line_1_13' title="bbox 319 1435 3690 1508; baseline -0.001 -13"><span class='ocrx_word' id='word_1_145' title='bbox 319 1439 449 1495; x_wconf 87' lang='lat' dir='ltr'><strong>dine</strong></span> <span class='ocrx_word' id='word_1_146' title='bbox 480 1439 700 1506; x_wconf 92' lang='lat' dir='ltr'><strong>ductus,</strong></span> <span class='ocrx_word' id='word_1_147' title='bbox 734 1439 906 1494; x_wconf 90' lang='lat' dir='ltr'><strong>multo</strong></span> <span class='ocrx_word' id='word_1_148' title='bbox 955 1437 1318 1507; x_wconf 76' lang='lat' dir='ltr'><strong>lacrymarum</strong></span> <span class='ocrx_word' id='word_1_149' title='bbox 1370 1436 1521 1493; x_wconf 86' lang='lat' dir='ltr'><strong>fonte</strong></span> <span class='ocrx_word' id='word_1_150' title='bbox 1553 1437 1826 1507; x_wconf 89' lang='lat' dir='ltr'><strong>perfusus,</strong></span> <span class='ocrx_word' id='word_1_151' title='bbox 1868 1437 1966 1492; x_wconf 91' lang='lat' dir='ltr'><strong>sed</strong></span> <span class='ocrx_word' id='word_1_152' title='bbox 2051 1437 2355 1492; x_wconf 88' lang='lat' dir='ltr'><strong>attollitur:</strong></span> <span class='ocrx_word' id='word_1_153' title='bbox 2379 1439 2523 1492; x_wconf 91' lang='lat' dir='ltr'><strong>Deus</strong></span> <span class='ocrx_word' id='word_1_154' title='bbox 2551 1436 2818 1492; x_wconf 86' lang='lat' dir='ltr'><strong>mirabilis</strong></span> <span class='ocrx_word' id='word_1_155' title='bbox 2846 1437 2901 1492; x_wconf 90' lang='lat' dir='ltr'><strong>in</strong></span> <span class='ocrx_word' id='word_1_156' title='bbox 2933 1438 3138 1494; x_wconf 88' lang='lat' dir='ltr'><strong>sanctis</strong></span> <span class='ocrx_word' id='word_1_157' title='bbox 3167 1438 3283 1492; x_wconf 93' lang='lat' dir='ltr'><strong>suis</strong></span> <span class='ocrx_word' id='word_1_158' title='bbox 3313 1435 3483 1508; x_wconf 91' lang='lat' dir='ltr'><strong>(Psal.</strong></span> <span class='ocrx_word' id='word_1_159' title='bbox 3525 1451 3690 1504; x_wconf 83' lang='lat' dir='ltr'><strong>van,</strong></span> 
     </span>
    </p>
   </div>
   <div class='ocr_carea' id='block_1_14' title="bbox 321 1524 3692 1598">
    <p class='ocr_par' dir='ltr' id='par_1_14' title="bbox 321 1524 3692 1598">
     <span class='ocr_line' id='line_1_14' title="bbox 321 1524 3692 1598; baseline -0.001 -14"><span class='ocrx_word' id='word_1_160' title='bbox 321 1529 557 1585; x_wconf 90' lang='lat' dir='ltr'><strong>necdum</strong></span> <span class='ocrx_word' id='word_1_161' title='bbox 587 1529 766 1584; x_wconf 91' lang='lat' dir='ltr'><strong>eidem</strong></span> <span class='ocrx_word' id='word_1_162' title='bbox 797 1530 878 1584; x_wconf 92' lang='lat' dir='ltr'><strong>rei</strong></span> <span class='ocrx_word' id='word_1_163' title='bbox 921 1527 1056 1583; x_wconf 89' lang='lat' dir='ltr'><strong>satis</strong></span> <span class='ocrx_word' id='word_1_164' title='bbox 1085 1527 1363 1594; x_wconf 91' lang='lat' dir='ltr'><strong>credulus,</strong></span> <span class='ocrx_word' id='word_1_165' title='bbox 1397 1527 1539 1582; x_wconf 92' lang='lat' dir='ltr'><strong>votis</strong></span> <span class='ocrx_word' id='word_1_166' title='bbox 1576 1527 1778 1597; x_wconf 89' lang='lat' dir='ltr'><strong>quibus</strong></span> <span class='ocrx_word' id='word_1_167' title='bbox 1814 1526 1971 1582; x_wconf 63' lang='lat' dir='ltr'><strong>valea</strong></span> <span class='ocrx_word' id='word_1_168' title='bbox 2049 1524 2135 1596; x_wconf 86' lang='lat'><strong>36)</strong></span> <span class='ocrx_word' id='word_1_169' title='bbox 2170 1525 2331 1597; x_wconf 93' lang='lat' dir='ltr'><strong>vulgo</strong></span> <span class='ocrx_word' id='word_1_170' title='bbox 2367 1527 2736 1596; x_wconf 70' lang='lat' dir='ltr'><strong>praedicatur;</strong></span> <span class='ocrx_word' id='word_1_171' title='bbox 2772 1527 3027 1597; x_wconf 90' lang='lat' dir='ltr'><strong>quoniam</strong></span> <span class='ocrx_word' id='word_1_172' title='bbox 3079 1541 3307 1597; x_wconf 89' lang='lat' dir='ltr'><strong>puerum</strong></span> <span class='ocrx_word' id='word_1_173' title='bbox 3338 1541 3498 1598; x_wconf 89' lang='lat' dir='ltr'><strong>quem</strong></span> <span class='ocrx_word' id='word_1_174' title='bbox 3531 1524 3692 1597; x_wconf 88' lang='lat' dir='ltr'><strong>paulo</strong></span> 
     </span>
    </p>
   </div>
   <div class='ocr_carea' id='block_1_15' title="bbox 320 1613 3695 1688">
    <p class='ocr_par' dir='ltr' id='par_1_15' title="bbox 320 1613 3695 1688">
     <span class='ocr_line' id='line_1_15' title="bbox 320 1613 3695 1688; baseline -0.002 -15"><span class='ocrx_word' id='word_1_175' title='bbox 320 1619 414 1673; x_wconf 87' lang='lat' dir='ltr'><strong>bat</strong></span> <span class='ocrx_word' id='word_1_176' title='bbox 477 1620 655 1688; x_wconf 91' lang='lat' dir='ltr'><strong>ipsum</strong></span> <span class='ocrx_word' id='word_1_177' title='bbox 719 1617 942 1688; x_wconf 90' lang='lat' dir='ltr'><strong>pietatis</strong></span> <span class='ocrx_word' id='word_1_178' title='bbox 1006 1615 1213 1672; x_wconf 89' lang='lat' dir='ltr'><strong>fontem</strong></span> <span class='ocrx_word' id='word_1_179' title='bbox 1278 1617 1568 1673; x_wconf 90' lang='lat' dir='ltr'><strong>Dominum</strong></span> <span class='ocrx_word' id='word_1_180' title='bbox 1642 1615 1970 1686; x_wconf 89' lang='lat' dir='ltr'><strong>suppliciter</strong></span> <span class='ocrx_word' id='word_1_181' title='bbox 2052 1622 2177 1670; x_wconf 90' lang='lat' dir='ltr'><strong>ante</strong></span> <span class='ocrx_word' id='word_1_182' title='bbox 2207 1615 2295 1670; x_wconf 86' lang='lat' dir='ltr'><strong>vix</strong></span> <span class='ocrx_word' id='word_1_183' title='bbox 2341 1622 2624 1686; x_wconf 88' lang='lat' dir='ltr'><strong>repentem</strong></span> <span class='ocrx_word' id='word_1_184' title='bbox 2675 1623 2960 1684; x_wconf 84' lang='lat' dir='ltr'><strong>noverant,</strong></span> <span class='ocrx_word' id='word_1_185' title='bbox 3014 1615 3160 1671; x_wconf 91' lang='lat' dir='ltr'><strong>hunc</strong></span> <span class='ocrx_word' id='word_1_186' title='bbox 3213 1629 3327 1686; x_wconf 70' lang='lat' dir='ltr'><strong>pra:</strong></span> <span class='ocrx_word' id='word_1_187' title='bbox 3376 1613 3552 1670; x_wconf 88' lang='lat' dir='ltr'><strong>oculis</strong></span> <span class='ocrx_word' id='word_1_188' title='bbox 3580 1613 3695 1668; x_wconf 91' lang='lat' dir='ltr'><strong>suis</strong></span> 
     </span>
    </p>
   </div>
   <div class='ocr_carea' id='block_1_16' title="bbox 322 1703 3693 1776">
    <p class='ocr_par' dir='ltr' id='par_1_16' title="bbox 322 1703 3693 1776">
     <span class='ocr_line' id='line_1_16' title="bbox 322 1703 3693 1776; baseline -0.001 -13"><span class='ocrx_word' id='word_1_189' title='bbox 322 1707 539 1775; x_wconf 85' lang='lat' dir='ltr'><strong>orabat,</strong></span> <span class='ocrx_word' id='word_1_190' title='bbox 580 1713 638 1762; x_wconf 91' lang='lat' dir='ltr'><strong>ut</strong></span> <span class='ocrx_word' id='word_1_191' title='bbox 670 1706 717 1762; x_wconf 91' lang='lat' dir='ltr'><strong>si</strong></span> <span class='ocrx_word' id='word_1_192' title='bbox 756 1706 813 1762; x_wconf 91' lang='lat' dir='ltr'><strong>id</strong></span> <span class='ocrx_word' id='word_1_193' title='bbox 843 1720 1046 1776; x_wconf 93' lang='lat' dir='ltr'><strong>corpus</strong></span> <span class='ocrx_word' id='word_1_194' title='bbox 1075 1707 1128 1762; x_wconf 93' lang='lat' dir='ltr'><strong>S.</strong></span> <span class='ocrx_word' id='word_1_195' title='bbox 1170 1705 1374 1761; x_wconf 88' lang='lat' dir='ltr'><strong>Bertini</strong></span> <span class='ocrx_word' id='word_1_196' title='bbox 1415 1704 1559 1761; x_wconf 88' lang='lat' dir='ltr'><strong>foret</strong></span> <span class='ocrx_word' id='word_1_197' title='bbox 1586 1705 1734 1776; x_wconf 88' lang='lat' dir='ltr'><strong>quod</strong></span> <span class='ocrx_word' id='word_1_198' title='bbox 1764 1703 1968 1760; x_wconf 88' lang='lat' dir='ltr'><strong>ibidem</strong></span> <span class='ocrx_word' id='word_1_199' title='bbox 2053 1705 2397 1761; x_wconf 88' lang='lat' dir='ltr'><strong>incedentem</strong></span> <span class='ocrx_word' id='word_1_200' title='bbox 2429 1707 2632 1775; x_wconf 66' lang='lat' dir='ltr'><strong>praevia</strong></span> <span class='ocrx_word' id='word_1_201' title='bbox 2669 1712 2841 1762; x_wconf 87' lang='lat' dir='ltr'><strong>matre</strong></span> <span class='ocrx_word' id='word_1_202' title='bbox 2881 1707 3200 1762; x_wconf 89' lang='lat' dir='ltr'><strong>cernebant.</strong></span> <span class='ocrx_word' id='word_1_203' title='bbox 3251 1705 3421 1762; x_wconf 88' lang='lat' dir='ltr'><strong>Nobis</strong></span> <span class='ocrx_word' id='word_1_204' title='bbox 3475 1704 3693 1758; x_wconf 88' lang='lat' dir='ltr'><strong>interim</strong></span> 
     </span>
    </p>
   </div>
   <div class='ocr_carea' id='block_1_17' title="bbox 323 1776 3698 1866">
    <p class='ocr_par' dir='ltr' id='par_1_17' title="bbox 323 1776 3698 1866">
     <span class='ocr_line' id='line_1_17' title="bbox 323 1776 3698 1866; baseline -0.002 -14"><span class='ocrx_word' id='word_1_205' title='bbox 323 1803 457 1852; x_wconf 89' lang='lat' dir='ltr'><strong>tunc</strong></span> <span class='ocrx_word' id='word_1_206' title='bbox 494 1796 908 1864; x_wconf 89' lang='lat' dir='ltr'><strong>attractabatur,</strong></span> <span class='ocrx_word' id='word_1_207' title='bbox 945 1796 1089 1852; x_wconf 91' lang='lat' dir='ltr'><strong>trino</strong></span> <span class='ocrx_word' id='word_1_208' title='bbox 1129 1794 1516 1852; x_wconf 87' lang='lat' dir='ltr'><strong>miraculorum</strong></span> <span class='ocrx_word' id='word_1_209' title='bbox 1548 1795 1707 1866; x_wconf 89' lang='lat' dir='ltr'><strong>signo</strong></span> <span class='ocrx_word' id='word_1_210' title='bbox 1753 1776 2112 1850; x_wconf 83' lang='lat' dir='ltr'><strong>cunctisBin</strong></span> <span class='ocrx_word' id='word_1_211' title='bbox 2160 1795 2331 1850; x_wconf 87' lang='lat' dir='ltr'><strong>choro</strong></span> <span class='ocrx_word' id='word_1_212' title='bbox 2389 1795 2456 1849; x_wconf 90' lang='lat' dir='ltr'><strong>ad</strong></span> <span class='ocrx_word' id='word_1_213' title='bbox 2514 1795 2706 1850; x_wconf 89' lang='lat' dir='ltr'><strong>missas</strong></span> <span class='ocrx_word' id='word_1_214' title='bbox 2762 1795 3143 1865; x_wconf 90' lang='lat' dir='ltr'><strong>psallentibus,</strong></span> <span class='ocrx_word' id='word_1_215' title='bbox 3205 1795 3368 1864; x_wconf 86' lang='lat' dir='ltr'><strong>hujus</strong></span> <span class='ocrx_word' id='word_1_216' title='bbox 3426 1793 3503 1848; x_wconf 90' lang='lat' dir='ltr'><strong>rei</strong></span> <span class='ocrx_word' id='word_1_217' title='bbox 3557 1791 3698 1848; x_wconf 93' lang='lat' dir='ltr'><strong>odor</strong></span> 
     </span>
    </p>
   </div>
   <div class='ocr_carea' id='block_1_18' title="bbox 327 1882 3696 1956">
    <p class='ocr_par' dir='ltr' id='par_1_18' title="bbox 327 1882 3696 1956">
     <span class='ocr_line' id='line_1_18' title="bbox 327 1882 3696 1956; baseline -0.002 -15"><span class='ocrx_word' id='word_1_218' title='bbox 327 1885 611 1942; x_wconf 89' lang='lat' dir='ltr'><strong>declarare</strong></span> <span class='ocrx_word' id='word_1_219' title='bbox 641 1885 982 1956; x_wconf 82' lang='lat' dir='ltr'><strong>dignaretur.</strong></span> <span class='ocrx_word' id='word_1_220' title='bbox 2055 1884 2214 1939; x_wconf 85' lang='lat' dir='ltr'><strong>nobis</strong></span> <span class='ocrx_word' id='word_1_221' title='bbox 2245 1884 2488 1939; x_wconf 89' lang='lat' dir='ltr'><strong>illabitur</strong></span> <span class='ocrx_word' id='word_1_222' title='bbox 2515 1884 2888 1939; x_wconf 90' lang='lat' dir='ltr'><strong>suavissimus.</strong></span> <span class='ocrx_word' id='word_1_223' title='bbox 2921 1885 3076 1952; x_wconf 86' lang='lat' dir='ltr'><strong>Quod</strong></span> <span class='ocrx_word' id='word_1_224' title='bbox 3107 1883 3236 1939; x_wconf 89' lang='lat' dir='ltr'><strong>dum</strong></span> <span class='ocrx_word' id='word_1_225' title='bbox 3266 1898 3297 1938; x_wconf 90' lang='lat' dir='ltr'><strong>a</strong></span> <span class='ocrx_word' id='word_1_226' title='bbox 3326 1882 3487 1938; x_wconf 89' lang='lat' dir='ltr'><strong>nobis</strong></span> <span class='ocrx_word' id='word_1_227' title='bbox 3515 1889 3696 1937; x_wconf 84' lang='lat' dir='ltr'><strong>utrum</strong></span> 
     </span>
    </p>
   </div>
   <div class='ocr_carea' id='block_1_19' title="bbox 352 1969 3700 2045">
    <p class='ocr_par' dir='ltr' id='par_1_19' title="bbox 352 1969 3700 2045">
     <span class='ocr_line' id='line_1_19' title="bbox 352 1969 3700 2045; baseline -0.001 -17"><span class='ocrx_word' id='word_1_228' title='bbox 352 1983 354 1985; x_wconf 73' lang='lat'><strong><em>’</em></strong></span> <span class='ocrx_word' id='word_1_229' title='bbox 407 1975 487 2028; x_wconf 89' lang='lat' dir='ltr'><strong>ll.</strong></span> <span class='ocrx_word' id='word_1_230' title='bbox 533 1976 746 2030; x_wconf 88' lang='lat' dir='ltr'><strong>Interea</strong></span> <span class='ocrx_word' id='word_1_231' title='bbox 781 1973 1018 2030; x_wconf 90' lang='lat' dir='ltr'><strong>candido</strong></span> <span class='ocrx_word' id='word_1_232' title='bbox 1047 1975 1219 2031; x_wconf 90' lang='lat' dir='ltr'><strong>linteo</strong></span> <span class='ocrx_word' id='word_1_233' title='bbox 1250 1974 1608 2045; x_wconf 89' lang='lat' dir='ltr'><strong>pretiosoque</strong></span> <span class='ocrx_word' id='word_1_234' title='bbox 1639 1972 1828 2044; x_wconf 90' lang='lat' dir='ltr'><strong>pallio,</strong></span> <span class='ocrx_word' id='word_1_235' title='bbox 1851 1986 1975 2042; x_wconf 68' lang='lat' dir='ltr'><strong>quae</strong></span> <span class='ocrx_word' id='word_1_236' title='bbox 2057 1987 2240 2028; x_wconf 90' lang='lat' dir='ltr'><strong>verum</strong></span> <span class='ocrx_word' id='word_1_237' title='bbox 2289 1971 2431 2028; x_wconf 88' lang='lat' dir='ltr'><strong>foret</strong></span> <span class='ocrx_word' id='word_1_238' title='bbox 2477 1972 2656 2029; x_wconf 91' lang='lat' dir='ltr'><strong>adhuc</strong></span> <span class='ocrx_word' id='word_1_239' title='bbox 2714 1981 3078 2042; x_wconf 78' lang='lat' dir='ltr'><strong>quaereretur,</strong></span> <span class='ocrx_word' id='word_1_240' title='bbox 3112 1974 3257 2028; x_wconf 90' lang='lat' dir='ltr'><strong>idem</strong></span> <span class='ocrx_word' id='word_1_241' title='bbox 3307 1985 3444 2042; x_wconf 89' lang='lat' dir='ltr'><strong>puer</strong></span> <span class='ocrx_word' id='word_1_242' title='bbox 3489 1969 3700 2026; x_wconf 91' lang='lat' dir='ltr'><strong>meritis</strong></span> 
     </span>
    </p>
   </div>
   <div class='ocr_carea' id='block_1_20' title="bbox 330 2061 3700 2134">
    <p class='ocr_par' dir='ltr' id='par_1_20' title="bbox 330 2061 3700 2134">
     <span class='ocr_line' id='line_1_20' title="bbox 330 2061 3700 2134; baseline -0.002 -14"><span class='ocrx_word' id='word_1_243' title='bbox 330 2064 610 2120; x_wconf 88' lang='lat' dir='ltr'><strong>comitissa</strong></span> <span class='ocrx_word' id='word_1_244' title='bbox 641 2063 709 2118; x_wconf 90' lang='lat' dir='ltr'><strong>ad</strong></span> <span class='ocrx_word' id='word_1_245' title='bbox 738 2063 859 2120; x_wconf 78' lang='lat' dir='ltr'><strong>haec</strong></span> <span class='ocrx_word' id='word_1_246' title='bbox 907 2063 1087 2120; x_wconf 89' lang='lat' dir='ltr'><strong>libens</strong></span> <span class='ocrx_word' id='word_1_247' title='bbox 1126 2070 1430 2134; x_wconf 90' lang='lat' dir='ltr'><strong>paraverat,</strong></span> <span class='ocrx_word' id='word_1_248' title='bbox 1463 2063 1671 2118; x_wconf 88' lang='lat' dir='ltr'><strong>sanctis</strong></span> <span class='ocrx_word' id='word_1_249' title='bbox 1718 2061 1977 2118; x_wconf 88' lang='lat' dir='ltr'><strong>membris</strong></span> <span class='ocrx_word' id='word_1_250' title='bbox 2055 2063 2232 2118; x_wconf 87' lang='lat' dir='ltr'><strong>sancti</strong></span> <span class='ocrx_word' id='word_1_251' title='bbox 2263 2061 2469 2116; x_wconf 88' lang='lat' dir='ltr'><strong>Bertini</strong></span> <span class='ocrx_word' id='word_1_252' title='bbox 2518 2069 2740 2117; x_wconf 89' lang='lat' dir='ltr'><strong>sanatus</strong></span> <span class='ocrx_word' id='word_1_253' title='bbox 2770 2062 3100 2134; x_wconf 78' lang='lat' dir='ltr'><strong>ingreditur,</strong></span> <span class='ocrx_word' id='word_1_254' title='bbox 3133 2069 3464 2132; x_wconf 89' lang='lat' dir='ltr'><strong>erectusque</strong></span> <span class='ocrx_word' id='word_1_255' title='bbox 3494 2061 3551 2115; x_wconf 92' lang='lat' dir='ltr'><strong>in</strong></span> <span class='ocrx_word' id='word_1_256' title='bbox 3592 2073 3700 2115; x_wconf 90' lang='lat' dir='ltr'><strong>me-</strong></span> 
     </span>
    </p>
   </div>
   <div class='ocr_carea' id='block_1_21' title="bbox 332 2148 3700 2222">
    <p class='ocr_par' dir='ltr' id='par_1_21' title="bbox 332 2148 3700 2222">
     <span class='ocr_line' id='line_1_21' title="bbox 332 2148 3700 2222; baseline -0.001 -14"><span class='ocrx_word' id='word_1_257' title='bbox 332 2160 393 2208; x_wconf 93' lang='lat' dir='ltr'><strong>ut</strong></span> <span class='ocrx_word' id='word_1_258' title='bbox 421 2152 551 2207; x_wconf 91' lang='lat' dir='ltr'><strong>olim</strong></span> <span class='ocrx_word' id='word_1_259' title='bbox 599 2159 1003 2221; x_wconf 88' lang='lat' dir='ltr'><strong>concorporata</strong></span> <span class='ocrx_word' id='word_1_260' title='bbox 1051 2151 1267 2209; x_wconf 87' lang='lat' dir='ltr'><strong>fuerant</strong></span> <span class='ocrx_word' id='word_1_261' title='bbox 1315 2151 1658 2222; x_wconf 88' lang='lat' dir='ltr'><strong>compositis,</strong></span> <span class='ocrx_word' id='word_1_262' title='bbox 1689 2166 1754 2207; x_wconf 90' lang='lat' dir='ltr'><strong>ac</strong></span> <span class='ocrx_word' id='word_1_263' title='bbox 1783 2152 1839 2206; x_wconf 91' lang='lat' dir='ltr'><strong>in</strong></span> <span class='ocrx_word' id='word_1_264' title='bbox 1878 2152 1978 2206; x_wconf 89' lang='lat' dir='ltr'><strong>im-</strong></span> <span class='ocrx_word' id='word_1_265' title='bbox 2057 2151 2150 2208; x_wconf 92' lang='lat' dir='ltr'><strong>dio</strong></span> <span class='ocrx_word' id='word_1_266' title='bbox 2181 2159 2428 2207; x_wconf 90' lang='lat' dir='ltr'><strong>nostrum</strong></span> <span class='ocrx_word' id='word_1_267' title='bbox 2476 2151 2711 2208; x_wconf 90' lang='lat' dir='ltr'><strong>ducente</strong></span> <span class='ocrx_word' id='word_1_268' title='bbox 2759 2161 2930 2208; x_wconf 88' lang='lat' dir='ltr'><strong>matre</strong></span> <span class='ocrx_word' id='word_1_269' title='bbox 2971 2167 3153 2208; x_wconf 88' lang='lat' dir='ltr'><strong>coram</strong></span> <span class='ocrx_word' id='word_1_270' title='bbox 3203 2152 3361 2208; x_wconf 90' lang='lat' dir='ltr'><strong>altari</strong></span> <span class='ocrx_word' id='word_1_271' title='bbox 3399 2148 3700 2207; x_wconf 91' lang='lat' dir='ltr'><strong>secundum</strong></span> 
     </span>
    </p>
   </div>
   <div class='ocr_carea' id='block_1_22' title="bbox 333 2241 3702 2314">
    <p class='ocr_par' dir='ltr' id='par_1_22' title="bbox 333 2241 3702 2314">
     <span class='ocr_line' id='line_1_22' title="bbox 333 2241 3702 2314; baseline -0.001 -15"><span class='ocrx_word' id='word_1_272' title='bbox 333 2243 552 2299; x_wconf 91' lang='lat' dir='ltr'><strong>modico</strong></span> <span class='ocrx_word' id='word_1_273' title='bbox 591 2243 783 2298; x_wconf 90' lang='lat' dir='ltr'><strong>scrinii</strong></span> <span class='ocrx_word' id='word_1_274' title='bbox 821 2242 984 2298; x_wconf 90' lang='lat' dir='ltr'><strong>busto</strong></span> <span class='ocrx_word' id='word_1_275' title='bbox 1031 2257 1062 2296; x_wconf 88' lang='lat' dir='ltr'><strong>a</strong></span> <span class='ocrx_word' id='word_1_276' title='bbox 1110 2242 1312 2298; x_wconf 88' lang='lat' dir='ltr'><strong>domno</strong></span> <span class='ocrx_word' id='word_1_277' title='bbox 1343 2241 1767 2312; x_wconf 84' lang='lat' dir='ltr'><strong>archiepiscopo</strong></span> <span class='ocrx_word' id='word_1_278' title='bbox 1821 2255 1966 2296; x_wconf 83' lang='lat' dir='ltr'><strong>revc-</strong></span> <span class='ocrx_word' id='word_1_279' title='bbox 2058 2242 2338 2298; x_wconf 90' lang='lat' dir='ltr'><strong>modulum</strong></span> <span class='ocrx_word' id='word_1_280' title='bbox 2367 2256 2526 2298; x_wconf 93' lang='lat' dir='ltr'><strong>suum</strong></span> <span class='ocrx_word' id='word_1_281' title='bbox 2567 2244 2678 2298; x_wconf 92' lang='lat' dir='ltr'><strong>Deo</strong></span> <span class='ocrx_word' id='word_1_282' title='bbox 2709 2243 2913 2314; x_wconf 85' lang='lat' dir='ltr'><strong>gratias</strong></span> <span class='ocrx_word' id='word_1_283' title='bbox 2949 2253 3174 2300; x_wconf 91' lang='lat' dir='ltr'><strong>acturus</strong></span> <span class='ocrx_word' id='word_1_284' title='bbox 3212 2243 3601 2313; x_wconf 89' lang='lat' dir='ltr'><strong>prosternitur.</strong></span> <span class='ocrx_word' id='word_1_285' title='bbox 3636 2241 3702 2295; x_wconf 85' lang='lat' dir='ltr'><strong>Et</strong></span> 
     </span>
    </p>
   </div>
   <div class='ocr_carea' id='block_1_23' title="bbox 335 2330 3700 2404">
    <p class='ocr_par' dir='ltr' id='par_1_23' title="bbox 335 2330 3700 2404">
     <span class='ocr_line' id='line_1_23' title="bbox 335 2330 3700 2404; baseline -0.001 -17"><span class='ocrx_word' id='word_1_286' title='bbox 335 2338 522 2388; x_wconf 92' lang='lat' dir='ltr'><strong>renter</strong></span> <span class='ocrx_word' id='word_1_287' title='bbox 565 2333 876 2398; x_wconf 89' lang='lat' dir='ltr'><strong>collocatis,</strong></span> <span class='ocrx_word' id='word_1_288' title='bbox 919 2332 1048 2388; x_wconf 88' lang='lat' dir='ltr'><strong>item</strong></span> <span class='ocrx_word' id='word_1_289' title='bbox 1088 2330 1315 2402; x_wconf 66' lang='lat' dir='ltr'><strong>praefata</strong></span> <span class='ocrx_word' id='word_1_290' title='bbox 1364 2331 1693 2387; x_wconf 83' lang='lat' dir='ltr'><strong>venerabilis</strong></span> <span class='ocrx_word' id='word_1_291' title='bbox 1731 2338 1979 2386; x_wconf 87' lang='lat' dir='ltr'><strong>matrona</strong></span> <span class='ocrx_word' id='word_1_292' title='bbox 2060 2332 2210 2389; x_wconf 90' lang='lat' dir='ltr'><strong>dicto</strong></span> <span class='ocrx_word' id='word_1_293' title='bbox 2275 2332 2592 2403; x_wconf 84' lang='lat' dir='ltr'><strong>Evangelio,</strong></span> <span class='ocrx_word' id='word_1_294' title='bbox 2651 2333 2967 2404; x_wconf 90' lang='lat' dir='ltr'><strong>domnoque</strong></span> <span class='ocrx_word' id='word_1_295' title='bbox 3029 2333 3450 2404; x_wconf 89' lang='lat' dir='ltr'><strong>archiepiscopo</strong></span> <span class='ocrx_word' id='word_1_296' title='bbox 3517 2345 3700 2388; x_wconf 90' lang='lat' dir='ltr'><strong>coram</strong></span> 
     </span>
    </p>
   </div>
   <div class='ocr_carea' id='block_1_24' title="bbox 335 2421 3702 2494">
    <p class='ocr_par' dir='ltr' id='par_1_24' title="bbox 335 2421 3702 2494">
     <span class='ocr_line' id='line_1_24' title="bbox 335 2421 3702 2494; baseline -0.001 -16"><span class='ocrx_word' id='word_1_297' title='bbox 335 2437 544 2494; x_wconf 56' lang='lat' dir='ltr'><strong>magna?</strong></span> <span class='ocrx_word' id='word_1_298' title='bbox 597 2423 911 2478; x_wconf 89' lang='lat' dir='ltr'><strong>devotionis</strong></span> <span class='ocrx_word' id='word_1_299' title='bbox 947 2437 1063 2478; x_wconf 75' lang='lat' dir='ltr'><strong>suae</strong></span> <span class='ocrx_word' id='word_1_300' title='bbox 1111 2437 1234 2491; x_wconf 68' lang='lat' dir='ltr'><strong>quae</strong></span> <span class='ocrx_word' id='word_1_301' title='bbox 1275 2436 1404 2493; x_wconf 87' lang='lat' dir='ltr'><strong>erga</strong></span> <span class='ocrx_word' id='word_1_302' title='bbox 1441 2430 1692 2477; x_wconf 90' lang='lat' dir='ltr'><strong>sanctum</strong></span> <span class='ocrx_word' id='word_1_303' title='bbox 1744 2421 1982 2477; x_wconf 89' lang='lat' dir='ltr'><strong>habebat</strong></span> <span class='ocrx_word' id='word_1_304' title='bbox 2061 2423 2219 2478; x_wconf 90' lang='lat' dir='ltr'><strong>altari</strong></span> <span class='ocrx_word' id='word_1_305' title='bbox 2265 2421 2527 2493; x_wconf 78' lang='lat' dir='ltr'><strong>hymnum</strong></span> <span class='ocrx_word' id='word_1_306' title='bbox 2559 2424 2629 2477; x_wconf 87' lang='lat' dir='ltr'><strong>Te</strong></span> <span class='ocrx_word' id='word_1_307' title='bbox 2665 2424 2830 2478; x_wconf 86' lang='lat' dir='ltr'><strong>Deum</strong></span> <span class='ocrx_word' id='word_1_308' title='bbox 2867 2422 3143 2478; x_wconf 79' lang='lat' dir='ltr'><strong>laudamus</strong></span> <span class='ocrx_word' id='word_1_309' title='bbox 3182 2422 3498 2490; x_wconf 87' lang='lat' dir='ltr'><strong>inchoante,</strong></span> <span class='ocrx_word' id='word_1_310' title='bbox 3539 2428 3702 2490; x_wconf 88' lang='lat' dir='ltr'><strong>atque</strong></span> 
     </span>
    </p>
   </div>
   <div class='ocr_carea' id='block_1_25' title="bbox 335 2511 1981 2583">
    <p class='ocr_par' dir='ltr' id='par_1_25' title="bbox 335 2511 1981 2583">
     <span class='ocr_line' id='line_1_25' title="bbox 335 2511 1981 2583; baseline -0.002 -16"><span class='ocrx_word' id='word_1_311' title='bbox 335 2513 633 2583; x_wconf 90' lang='lat' dir='ltr'><strong>propalans</strong></span> <span class='ocrx_word' id='word_1_312' title='bbox 698 2511 998 2579; x_wconf 90' lang='lat' dir='ltr'><strong>desideria,</strong></span> <span class='ocrx_word' id='word_1_313' title='bbox 1074 2511 1364 2581; x_wconf 89' lang='lat' dir='ltr'><strong>quamdam</strong></span> <span class='ocrx_word' id='word_1_314' title='bbox 1420 2512 1714 2568; x_wconf 89' lang='lat' dir='ltr'><strong>salinarem</strong></span> <span class='ocrx_word' id='word_1_315' title='bbox 1780 2518 1981 2566; x_wconf 86' lang='lat' dir='ltr'><strong>terram</strong></span> 
     </span>
    </p>
   </div>
   <div class='ocr_carea' id='block_1_26' title="bbox 334 2599 1981 2670">
    <p class='ocr_par' dir='ltr' id='par_1_26' title="bbox 334 2599 1981 2670">
     <span class='ocr_line' id='line_1_26' title="bbox 334 2599 1981 2670; baseline -0.002 -13"><span class='ocrx_word' id='word_1_316' title='bbox 334 2613 522 2657; x_wconf 90' lang='lat' dir='ltr'><strong>coram</strong></span> <span class='ocrx_word' id='word_1_317' title='bbox 553 2600 768 2656; x_wconf 89' lang='lat' dir='ltr'><strong>cunctis</strong></span> <span class='ocrx_word' id='word_1_318' title='bbox 814 2601 909 2670; x_wconf 91' lang='lat' dir='ltr'><strong>qui</strong></span> <span class='ocrx_word' id='word_1_319' title='bbox 959 2599 1191 2656; x_wconf 89' lang='lat' dir='ltr'><strong>aderant</strong></span> <span class='ocrx_word' id='word_1_320' title='bbox 1238 2601 1416 2658; x_wconf 89' lang='lat' dir='ltr'><strong>eidem</strong></span> <span class='ocrx_word' id='word_1_321' title='bbox 1459 2611 1650 2658; x_wconf 90' lang='lat' dir='ltr'><strong>sancto</strong></span> <span class='ocrx_word' id='word_1_322' title='bbox 1681 2600 1981 2657; x_wconf 87' lang='lat' dir='ltr'><strong>donatione</strong></span> 
     </span>
    </p>
   </div>
   <div class='ocr_carea' id='block_1_27' title="bbox 333 2689 1047 2761">
    <p class='ocr_par' dir='ltr' id='par_1_27' title="bbox 333 2689 1047 2761">
     <span class='ocr_line' id='line_1_27' title="bbox 333 2689 1047 2761; baseline -0.006 -14"><span class='ocrx_word' id='word_1_323' title='bbox 333 2691 566 2747; x_wconf 89' lang='lat' dir='ltr'><strong>tradidit</strong></span> <span class='ocrx_word' id='word_1_324' title='bbox 603 2689 855 2761; x_wconf 90' lang='lat' dir='ltr'><strong>legaliter</strong></span> <span class='ocrx_word' id='word_1_325' title='bbox 884 2689 1047 2745; x_wconf 86' lang='lat' dir='ltr'><strong>facta.</strong></span> 
     </span>
    </p>
   </div>
   <div class='ocr_carea' id='block_1_28' title="bbox 415 2779 1983 2850">
    <p class='ocr_par' dir='ltr' id='par_1_28' title="bbox 415 2779 1983 2850">
     <span class='ocr_line' id='line_1_28' title="bbox 415 2779 1983 2850; baseline 0.001 -17"><span class='ocrx_word' id='word_1_326' title='bbox 415 2780 499 2835; x_wconf 86' lang='lat' dir='ltr'><strong>l2.</strong></span> <span class='ocrx_word' id='word_1_327' title='bbox 540 2781 637 2835; x_wconf 84' lang='lat' dir='ltr'><strong>His</strong></span> <span class='ocrx_word' id='word_1_328' title='bbox 665 2780 740 2834; x_wconf 88' lang='lat' dir='ltr'><strong>ita</strong></span> <span class='ocrx_word' id='word_1_329' title='bbox 760 2779 950 2849; x_wconf 84' lang='lat' dir='ltr'><strong>gestis,</strong></span> <span class='ocrx_word' id='word_1_330' title='bbox 977 2792 1098 2834; x_wconf 92' lang='lat' dir='ltr'><strong>cum</strong></span> <span class='ocrx_word' id='word_1_331' title='bbox 1118 2779 1327 2850; x_wconf 83' lang='lat' dir='ltr'><strong>ingenti</strong></span> <span class='ocrx_word' id='word_1_332' title='bbox 1357 2780 1707 2850; x_wconf 88' lang='lat' dir='ltr'><strong>psallentium</strong></span> <span class='ocrx_word' id='word_1_333' title='bbox 1740 2779 1983 2849; x_wconf 89' lang='lat' dir='ltr'><strong>tripudio</strong></span> 
     </span>
    </p>
   </div>
   <div class='ocr_carea' id='block_1_29' title="bbox 336 2867 1984 2940">
    <p class='ocr_par' dir='ltr' id='par_1_29' title="bbox 336 2867 1984 2940">
     <span class='ocr_line' id='line_1_29' title="bbox 336 2867 1984 2940; baseline 0 -16"><span class='ocrx_word' id='word_1_334' title='bbox 336 2869 396 2924; x_wconf 93' lang='lat' dir='ltr'><strong>in</strong></span> <span class='ocrx_word' id='word_1_335' title='bbox 445 2868 590 2924; x_wconf 92' lang='lat' dir='ltr'><strong>ulnis</strong></span> <span class='ocrx_word' id='word_1_336' title='bbox 647 2868 952 2936; x_wconf 82' lang='lat' dir='ltr'><strong>extollitur,</strong></span> <span class='ocrx_word' id='word_1_337' title='bbox 1006 2883 1071 2923; x_wconf 89' lang='lat' dir='ltr'><strong>ac</strong></span> <span class='ocrx_word' id='word_1_338' title='bbox 1123 2867 1270 2924; x_wconf 89' lang='lat' dir='ltr'><strong>foras</strong></span> <span class='ocrx_word' id='word_1_339' title='bbox 1326 2877 1519 2940; x_wconf 72' lang='lat' dir='ltr'><strong>crypta</strong></span> <span class='ocrx_word' id='word_1_340' title='bbox 1574 2871 1630 2925; x_wconf 91' lang='lat' dir='ltr'><strong>in</strong></span> <span class='ocrx_word' id='word_1_341' title='bbox 1686 2870 1984 2925; x_wconf 88' lang='lat' dir='ltr'><strong>sacrarium</strong></span> 
     </span>
    </p>
   </div>
   <div class='ocr_carea' id='block_1_30' title="bbox 335 2956 1985 3030">
    <p class='ocr_par' dir='ltr' id='par_1_30' title="bbox 335 2956 1985 3030">
     <span class='ocr_line' id='line_1_30' title="bbox 335 2956 1985 3030; baseline 0 -16"><span class='ocrx_word' id='word_1_342' title='bbox 335 2959 707 3014; x_wconf 88' lang='lat' dir='ltr'><strong>venerandum</strong></span> <span class='ocrx_word' id='word_1_343' title='bbox 757 2956 1023 3026; x_wconf 86' lang='lat' dir='ltr'><strong>defertur,</strong></span> <span class='ocrx_word' id='word_1_344' title='bbox 1075 2974 1200 3015; x_wconf 91' lang='lat' dir='ltr'><strong>cum</strong></span> <span class='ocrx_word' id='word_1_345' title='bbox 1240 2973 1370 3015; x_wconf 91' lang='lat' dir='ltr'><strong>ecce</strong></span> <span class='ocrx_word' id='word_1_346' title='bbox 1411 2959 1625 3030; x_wconf 88' lang='lat' dir='ltr'><strong>reliqua</strong></span> <span class='ocrx_word' id='word_1_347' title='bbox 1663 2967 1985 3016; x_wconf 87' lang='lat' dir='ltr'><strong>sanctorum</strong></span> 
     </span>
    </p>
   </div>
   <div class='ocr_carea' id='block_1_31' title="bbox 336 3036 1984 3119">
    <p class='ocr_par' dir='ltr' id='par_1_31' title="bbox 336 3036 1984 3119">
     <span class='ocr_line' id='line_1_31' title="bbox 336 3036 1984 3119; baseline 0 -15"><span class='ocrx_word' id='word_1_348' title='bbox 336 3048 473 3104; x_wconf 91' lang='lat' dir='ltr'><strong>inibi</strong></span> <span class='ocrx_word' id='word_1_349' title='bbox 515 3048 912 3117; x_wconf 88' lang='lat' dir='ltr'><strong>quiescentium</strong></span> <span class='ocrx_word' id='word_1_350' title='bbox 943 3063 1178 3119; x_wconf 91' lang='lat' dir='ltr'><strong>corpora</strong></span> <span class='ocrx_word' id='word_1_351' title='bbox 1219 3063 1331 3118; x_wconf 74' lang='lat' dir='ltr'><strong>prae</strong></span> <span class='ocrx_word' id='word_1_352' title='bbox 1363 3036 1575 3104; x_wconf 86' lang='lat' dir='ltr'><strong>foribus</strong></span> <span class='ocrx_word' id='word_1_353' title='bbox 1613 3056 1818 3119; x_wconf 73' lang='lat' dir='ltr'><strong>crypta:</strong></span> <span class='ocrx_word' id='word_1_354' title='bbox 1850 3063 1984 3118; x_wconf 87' lang='lat' dir='ltr'><strong>pro-</strong></span> 
     </span>
    </p>
   </div>
   <div class='ocr_carea' id='block_1_32' title="bbox 2063 2509 3703 2583">
    <p class='ocr_par' dir='ltr' id='par_1_32' title="bbox 2063 2509 3703 2583">
     <span class='ocr_line' id='line_1_32' title="bbox 2063 2509 3703 2583; baseline -0.003 -14"><span class='ocrx_word' id='word_1_355' title='bbox 2063 2511 2442 2582; x_wconf 90' lang='lat' dir='ltr'><strong>multipliciter</strong></span> <span class='ocrx_word' id='word_1_356' title='bbox 2493 2512 2664 2568; x_wconf 89' lang='lat' dir='ltr'><strong>choro</strong></span> <span class='ocrx_word' id='word_1_357' title='bbox 2702 2512 3096 2583; x_wconf 88' lang='lat' dir='ltr'><strong>subsequente,</strong></span> <span class='ocrx_word' id='word_1_358' title='bbox 3151 2513 3354 2568; x_wconf 89' lang='lat' dir='ltr'><strong>multos</strong></span> <span class='ocrx_word' id='word_1_359' title='bbox 3399 2511 3616 2566; x_wconf 89' lang='lat' dir='ltr'><strong>Christo</strong></span> <span class='ocrx_word' id='word_1_360' title='bbox 3647 2509 3703 2564; x_wconf 90' lang='lat' dir='ltr'><strong>in</strong></span> 
     </span>
    </p>
   </div>
   <div class='ocr_carea' id='block_1_33' title="bbox 2062 2599 3705 2674">
    <p class='ocr_par' dir='ltr' id='par_1_33' title="bbox 2062 2599 3705 2674">
     <span class='ocr_line' id='line_1_33' title="bbox 2062 2599 3705 2674; baseline -0.003 -15"><span class='ocrx_word' id='word_1_361' title='bbox 2062 2617 2122 2659; x_wconf 90' lang='lat' dir='ltr'><strong>re</strong></span> <span class='ocrx_word' id='word_1_362' title='bbox 2153 2610 2305 2673; x_wconf 84' lang='lat' dir='ltr'><strong>gesta</strong></span> <span class='ocrx_word' id='word_1_363' title='bbox 2335 2601 2760 2672; x_wconf 87' lang='lat' dir='ltr'><strong>conjubilautes,</strong></span> <span class='ocrx_word' id='word_1_364' title='bbox 2794 2603 2997 2658; x_wconf 90' lang='lat' dir='ltr'><strong>multos</strong></span> <span class='ocrx_word' id='word_1_365' title='bbox 3045 2603 3335 2674; x_wconf 82' lang='lat' dir='ltr'><strong>lacrymari</strong></span> <span class='ocrx_word' id='word_1_366' title='bbox 3367 2616 3482 2673; x_wconf 62' lang='lat' dir='ltr'><strong>prae</strong></span> <span class='ocrx_word' id='word_1_367' title='bbox 3512 2599 3705 2657; x_wconf 66' lang='lat' dir='ltr'><strong>laetitia</strong></span> 
     </span>
    </p>
   </div>
   <div class='ocr_carea' id='block_1_34' title="bbox 2064 2706 2341 2750">
    <p class='ocr_par' dir='ltr' id='par_1_34' title="bbox 2064 2706 2341 2750">
     <span class='ocr_line' id='line_1_34' title="bbox 2064 2706 2341 2750; baseline -0.018 0"><span class='ocrx_word' id='word_1_368' title='bbox 2064 2706 2341 2750; x_wconf 76' lang='lat' dir='ltr'><strong>CBI‘UCI‘CS.</strong></span> 
     </span>
    </p>
   </div>
   <div class='ocr_carea' id='block_1_35' title="bbox 2143 2780 3709 2853">
    <p class='ocr_par' dir='ltr' id='par_1_35' title="bbox 2143 2780 3709 2853">
     <span class='ocr_line' id='line_1_35' title="bbox 2143 2780 3709 2853; baseline 0.001 -20"><span class='ocrx_word' id='word_1_369' title='bbox 2143 2780 2225 2836; x_wconf 90' lang='lat' dir='ltr'><strong>l4.</strong></span> <span class='ocrx_word' id='word_1_370' title='bbox 2265 2780 2509 2837; x_wconf 82' lang='lat' dir='ltr'><strong>Necdum</strong></span> <span class='ocrx_word' id='word_1_371' title='bbox 2539 2795 2669 2837; x_wconf 90' lang='lat' dir='ltr'><strong>vero</strong></span> <span class='ocrx_word' id='word_1_372' title='bbox 2701 2782 2903 2853; x_wconf 90' lang='lat' dir='ltr'><strong>hymno</strong></span> <span class='ocrx_word' id='word_1_373' title='bbox 2943 2782 3241 2852; x_wconf 91' lang='lat' dir='ltr'><strong>completo,</strong></span> <span class='ocrx_word' id='word_1_374' title='bbox 3274 2788 3330 2838; x_wconf 89' lang='lat' dir='ltr'><strong>et</strong></span> <span class='ocrx_word' id='word_1_375' title='bbox 3357 2781 3535 2837; x_wconf 90' lang='lat' dir='ltr'><strong>adhuc</strong></span> <span class='ocrx_word' id='word_1_376' title='bbox 3574 2792 3709 2835; x_wconf 92' lang='lat' dir='ltr'><strong>non-</strong></span> 
     </span>
    </p>
   </div>
   <div class='ocr_carea' id='block_1_36' title="bbox 2065 2868 3706 2942">
    <p class='ocr_par' dir='ltr' id='par_1_36' title="bbox 2065 2868 3706 2942">
     <span class='ocr_line' id='line_1_36' title="bbox 2065 2868 3706 2942; baseline -0.001 -17"><span class='ocrx_word' id='word_1_377' title='bbox 2065 2869 2234 2925; x_wconf 90' lang='lat' dir='ltr'><strong>nullis</strong></span> <span class='ocrx_word' id='word_1_378' title='bbox 2290 2869 2452 2926; x_wconf 86' lang='lat' dir='ltr'><strong>nobis</strong></span> <span class='ocrx_word' id='word_1_379' title='bbox 2497 2870 2756 2926; x_wconf 87' lang='lat' dir='ltr'><strong>ﬂentibus</strong></span> <span class='ocrx_word' id='word_1_380' title='bbox 2815 2886 2929 2941; x_wconf 73' lang='lat' dir='ltr'><strong>pra:</strong></span> <span class='ocrx_word' id='word_1_381' title='bbox 2989 2871 3210 2942; x_wconf 87' lang='lat' dir='ltr'><strong>gaudio,</strong></span> <span class='ocrx_word' id='word_1_382' title='bbox 3243 2869 3493 2942; x_wconf 67' lang='lat' dir='ltr'><strong>quaedam</strong></span> <span class='ocrx_word' id='word_1_383' title='bbox 3544 2868 3706 2924; x_wconf 89' lang='lat' dir='ltr'><strong>etiam</strong></span> 
     </span>
    </p>
   </div>
   <div class='ocr_carea' id='block_1_37' title="bbox 2066 2958 3707 3030">
    <p class='ocr_par' dir='ltr' id='par_1_37' title="bbox 2066 2958 3707 3030">
     <span class='ocr_line' id='line_1_37' title="bbox 2066 2958 3707 3030; baseline -0.001 -16"><span class='ocrx_word' id='word_1_384' title='bbox 2066 2959 2263 3014; x_wconf 87' lang='lat' dir='ltr'><strong>mulier</strong></span> <span class='ocrx_word' id='word_1_385' title='bbox 2318 2972 2464 3014; x_wconf 62' lang='lat' dir='ltr'><strong>caeca</strong></span> <span class='ocrx_word' id='word_1_386' title='bbox 2520 2958 2684 3030; x_wconf 87' lang='lat' dir='ltr'><strong>hujus</strong></span> <span class='ocrx_word' id='word_1_387' title='bbox 2749 2961 2986 3016; x_wconf 86' lang='lat' dir='ltr'><strong>civitatis</strong></span> <span class='ocrx_word' id='word_1_388' title='bbox 3049 2960 3437 3026; x_wconf 88' lang='lat' dir='ltr'><strong>mansionaria,</strong></span> <span class='ocrx_word' id='word_1_389' title='bbox 3471 2958 3707 3027; x_wconf 90' lang='lat' dir='ltr'><strong>ideoque</strong></span> 
     </span>
    </p>
   </div>
   <div class='ocr_carea' id='block_1_38' title="bbox 2067 3044 3708 3118">
    <p class='ocr_par' dir='ltr' id='par_1_38' title="bbox 2067 3044 3708 3118">
     <span class='ocr_line' id='line_1_38' title="bbox 2067 3044 3708 3118; baseline -0.001 -14"><span class='ocrx_word' id='word_1_390' title='bbox 2067 3048 2282 3104; x_wconf 90' lang='lat' dir='ltr'><strong>cunctis</strong></span> <span class='ocrx_word' id='word_1_391' title='bbox 2311 3047 2517 3103; x_wconf 90' lang='lat' dir='ltr'><strong>nostris</strong></span> <span class='ocrx_word' id='word_1_392' title='bbox 2548 3048 2851 3117; x_wconf 86' lang='lat' dir='ltr'><strong>notissima,</strong></span> <span class='ocrx_word' id='word_1_393' title='bbox 2895 3057 3025 3105; x_wconf 89' lang='lat' dir='ltr'><strong>tunc</strong></span> <span class='ocrx_word' id='word_1_394' title='bbox 3071 3049 3244 3105; x_wconf 89' lang='lat' dir='ltr'><strong>visum</strong></span> <span class='ocrx_word' id='word_1_395' title='bbox 3291 3048 3568 3118; x_wconf 89' lang='lat' dir='ltr'><strong>recepisse</strong></span> <span class='ocrx_word' id='word_1_396' title='bbox 3607 3044 3708 3102; x_wconf 93' lang='lat' dir='ltr'><strong>de-</strong></span> 
     </span>
    </p>
   </div>
   <div class='ocr_carea' id='block_1_39' title="bbox 341 3137 3710 3222">
    <p class='ocr_par' dir='ltr' id='par_1_39' title="bbox 341 3137 3710 3222">
     <span class='ocr_line' id='line_1_39' title="bbox 341 3137 3710 3222; baseline -0.001 -30"><span class='ocrx_word' id='word_1_397' title='bbox 341 3138 640 3193; x_wconf 90' lang='lat' dir='ltr'><strong>tenduntur</strong></span> <span class='ocrx_word' id='word_1_398' title='bbox 678 3139 858 3194; x_wconf 89' lang='lat' dir='ltr'><strong>obvia.</strong></span> <span class='ocrx_word' id='word_1_399' title='bbox 889 3139 1001 3194; x_wconf 86' lang='lat' dir='ltr'><strong>Nec</strong></span> <span class='ocrx_word' id='word_1_400' title='bbox 1043 3139 1463 3208; x_wconf 86' lang='lat' dir='ltr'><strong>archiepiscopo</strong></span> <span class='ocrx_word' id='word_1_401' title='bbox 1495 3146 1626 3194; x_wconf 91' lang='lat' dir='ltr'><strong>tunc</strong></span> <span class='ocrx_word' id='word_1_402' title='bbox 1667 3139 1858 3193; x_wconf 83' lang='lat' dir='ltr'><strong>missas</strong></span> <span class='ocrx_word' id='word_1_403' title='bbox 1888 3152 2050 3222; x_wconf 74' lang='lat' dir='ltr'><strong>ce—C</strong></span> <span class='ocrx_word' id='word_1_404' title='bbox 2073 3138 2378 3207; x_wconf 88' lang='lat' dir='ltr'><strong>nuntiatur,</strong></span> <span class='ocrx_word' id='word_1_405' title='bbox 2439 3138 2666 3208; x_wconf 89' lang='lat' dir='ltr'><strong>ipsaque</strong></span> <span class='ocrx_word' id='word_1_406' title='bbox 2723 3140 2779 3194; x_wconf 94' lang='lat' dir='ltr'><strong>in</strong></span> <span class='ocrx_word' id='word_1_407' title='bbox 2829 3147 3132 3209; x_wconf 90' lang='lat' dir='ltr'><strong>conspectu</strong></span> <span class='ocrx_word' id='word_1_408' title='bbox 3170 3138 3412 3194; x_wconf 90' lang='lat' dir='ltr'><strong>omnium</strong></span> <span class='ocrx_word' id='word_1_409' title='bbox 3461 3137 3710 3192; x_wconf 91' lang='lat' dir='ltr'><strong>nuntium</strong></span> 
     </span>
    </p>
   </div>
   <div class='ocr_carea' id='block_1_40' title="bbox 342 3225 1987 3297">
    <p class='ocr_par' dir='ltr' id='par_1_40' title="bbox 342 3225 1987 3297">
     <span class='ocr_line' id='line_1_40' title="bbox 342 3225 1987 3297; baseline 0.001 -16"><span class='ocrx_word' id='word_1_410' title='bbox 342 3225 620 3282; x_wconf 88' lang='lat' dir='ltr'><strong>lebraturo</strong></span> <span class='ocrx_word' id='word_1_411' title='bbox 680 3227 858 3282; x_wconf 89' lang='lat' dir='ltr'><strong>turbis</strong></span> <span class='ocrx_word' id='word_1_412' title='bbox 914 3228 1404 3297; x_wconf 88' lang='lat' dir='ltr'><strong>comprimentibus</strong></span> <span class='ocrx_word' id='word_1_413' title='bbox 1459 3235 1515 3284; x_wconf 93' lang='lat' dir='ltr'><strong>et</strong></span> <span class='ocrx_word' id='word_1_414' title='bbox 1571 3228 1987 3283; x_wconf 89' lang='lat' dir='ltr'><strong>accurrentibns</strong></span> 
     </span>
    </p>
   </div>
   <div class='ocr_carea' id='block_1_41' title="bbox 342 3312 1988 3387">
    <p class='ocr_par' dir='ltr' id='par_1_41' title="bbox 342 3312 1988 3387">
     <span class='ocr_line' id='line_1_41' title="bbox 342 3312 1988 3387; baseline 0.002 -18"><span class='ocrx_word' id='word_1_415' title='bbox 342 3312 518 3369; x_wconf 87' lang='lat' dir='ltr'><strong>facilis</strong></span> <span class='ocrx_word' id='word_1_416' title='bbox 556 3315 790 3370; x_wconf 85' lang='lat' dir='ltr'><strong>dabatur</strong></span> <span class='ocrx_word' id='word_1_417' title='bbox 826 3315 1006 3370; x_wconf 89' lang='lat' dir='ltr'><strong>exitus</strong></span> <span class='ocrx_word' id='word_1_418' title='bbox 1039 3337 1052 3371; x_wconf 85' lang='lat'><strong>:</strong></span> <span class='ocrx_word' id='word_1_419' title='bbox 1085 3316 1324 3387; x_wconf 89' lang='lat' dir='ltr'><strong>ideoque</strong></span> <span class='ocrx_word' id='word_1_420' title='bbox 1373 3323 1528 3372; x_wconf 89' lang='lat' dir='ltr'><strong>extra</strong></span> <span class='ocrx_word' id='word_1_421' title='bbox 1563 3316 1752 3372; x_wconf 90' lang='lat' dir='ltr'><strong>limina</strong></span> <span class='ocrx_word' id='word_1_422' title='bbox 1800 3329 1988 3373; x_wconf 88' lang='lat' dir='ltr'><strong>mona-</strong></span> 
     </span>
    </p>
   </div>
   <div class='ocr_carea' id='block_1_42' title="bbox 343 3403 1988 3474">
    <p class='ocr_par' dir='ltr' id='par_1_42' title="bbox 343 3403 1988 3474">
     <span class='ocr_line' id='line_1_42' title="bbox 343 3403 1988 3474; baseline 0.001 -16"><span class='ocrx_word' id='word_1_423' title='bbox 343 3403 498 3458; x_wconf 89' lang='lat' dir='ltr'><strong>sterii</strong></span> <span class='ocrx_word' id='word_1_424' title='bbox 555 3411 684 3458; x_wconf 91' lang='lat' dir='ltr'><strong>tunc</strong></span> <span class='ocrx_word' id='word_1_425' title='bbox 742 3411 940 3458; x_wconf 90' lang='lat' dir='ltr'><strong>cuncta</strong></span> <span class='ocrx_word' id='word_1_426' title='bbox 986 3406 1138 3473; x_wconf 90' lang='lat' dir='ltr'><strong>jussa</strong></span> <span class='ocrx_word' id='word_1_427' title='bbox 1177 3412 1306 3460; x_wconf 90' lang='lat' dir='ltr'><strong>sunt</strong></span> <span class='ocrx_word' id='word_1_428' title='bbox 1360 3405 1563 3471; x_wconf 78' lang='lat' dir='ltr'><strong>efferri,</strong></span> <span class='ocrx_word' id='word_1_429' title='bbox 1606 3411 1878 3474; x_wconf 87' lang='lat' dir='ltr'><strong>quatenus</strong></span> <span class='ocrx_word' id='word_1_430' title='bbox 1925 3419 1988 3460; x_wconf 90' lang='lat' dir='ltr'><strong>ea</strong></span> 
     </span>
    </p>
   </div>
   <div class='ocr_carea' id='block_1_43' title="bbox 345 3493 1990 3564">
    <p class='ocr_par' dir='ltr' id='par_1_43' title="bbox 345 3493 1990 3564">
     <span class='ocr_line' id='line_1_43' title="bbox 345 3493 1990 3564; baseline 0 -14"><span class='ocrx_word' id='word_1_431' title='bbox 345 3493 642 3550; x_wconf 87' lang='lat' dir='ltr'><strong>comitante</strong></span> <span class='ocrx_word' id='word_1_432' title='bbox 673 3493 898 3563; x_wconf 89' lang='lat' dir='ltr'><strong>majoris</strong></span> <span class='ocrx_word' id='word_1_433' title='bbox 935 3493 1287 3550; x_wconf 90' lang='lat' dir='ltr'><strong>multitudine</strong></span> <span class='ocrx_word' id='word_1_434' title='bbox 1337 3495 1548 3564; x_wconf 91' lang='lat' dir='ltr'><strong>populi,</strong></span> <span class='ocrx_word' id='word_1_435' title='bbox 1581 3509 1822 3549; x_wconf 89' lang='lat' dir='ltr'><strong>summus</strong></span> <span class='ocrx_word' id='word_1_436' title='bbox 1851 3507 1990 3563; x_wconf 90' lang='lat' dir='ltr'><strong>pon-</strong></span> 
     </span>
    </p>
   </div>
   <div class='ocr_carea' id='block_1_44' title="bbox 346 3581 1992 3652">
    <p class='ocr_par' dir='ltr' id='par_1_44' title="bbox 346 3581 1992 3652">
     <span class='ocr_line' id='line_1_44' title="bbox 346 3581 1992 3652; baseline -0.001 -14"><span class='ocrx_word' id='word_1_437' title='bbox 346 3581 478 3638; x_wconf 83' lang='lat' dir='ltr'><strong>tifex</strong></span> <span class='ocrx_word' id='word_1_438' title='bbox 507 3581 700 3636; x_wconf 92' lang='lat' dir='ltr'><strong>missas</strong></span> <span class='ocrx_word' id='word_1_439' title='bbox 746 3589 972 3637; x_wconf 92' lang='lat' dir='ltr'><strong>acturus</strong></span> <span class='ocrx_word' id='word_1_440' title='bbox 1009 3583 1206 3637; x_wconf 89' lang='lat' dir='ltr'><strong>Sancta</strong></span> <span class='ocrx_word' id='word_1_441' title='bbox 1264 3590 1578 3638; x_wconf 88' lang='lat' dir='ltr'><strong>sanctorum</strong></span> <span class='ocrx_word' id='word_1_442' title='bbox 1639 3583 1759 3638; x_wconf 86' lang='lat' dir='ltr'><strong>sine</strong></span> <span class='ocrx_word' id='word_1_443' title='bbox 1818 3585 1992 3652; x_wconf 91' lang='lat' dir='ltr'><strong>impe-</strong></span> 
     </span>
    </p>
   </div>
   <div class='ocr_carea' id='block_1_45' title="bbox 346 3670 1990 3742">
    <p class='ocr_par' dir='ltr' id='par_1_45' title="bbox 346 3670 1990 3742">
     <span class='ocr_line' id='line_1_45' title="bbox 346 3670 1990 3742; baseline 0 -16"><span class='ocrx_word' id='word_1_444' title='bbox 346 3671 591 3727; x_wconf 88' lang='lat' dir='ltr'><strong>dimento</strong></span> <span class='ocrx_word' id='word_1_445' title='bbox 625 3679 810 3741; x_wconf 91' lang='lat' dir='ltr'><strong>posset</strong></span> <span class='ocrx_word' id='word_1_446' title='bbox 840 3671 1078 3742; x_wconf 87' lang='lat' dir='ltr'><strong>ingredi.</strong></span> <span class='ocrx_word' id='word_1_447' title='bbox 1110 3672 1264 3738; x_wconf 83' lang='lat' dir='ltr'><strong>Quod</strong></span> <span class='ocrx_word' id='word_1_448' title='bbox 1297 3686 1416 3726; x_wconf 90' lang='lat' dir='ltr'><strong>eum</strong></span> <span class='ocrx_word' id='word_1_449' title='bbox 1459 3678 1770 3741; x_wconf 84' lang='lat' dir='ltr'><strong>Opportune</strong></span> <span class='ocrx_word' id='word_1_450' title='bbox 1801 3670 1990 3726; x_wconf 87' lang='lat' dir='ltr'><strong>efﬁce-</strong></span> 
     </span>
    </p>
   </div>
   <div class='ocr_carea' id='block_1_46' title="bbox 345 3760 1990 3831">
    <p class='ocr_par' dir='ltr' id='par_1_46' title="bbox 345 3760 1990 3831">
     <span class='ocr_line' id='line_1_46' title="bbox 345 3760 1990 3831; baseline 0 -15"><span class='ocrx_word' id='word_1_451' title='bbox 345 3769 518 3828; x_wconf 89' lang='lat' dir='ltr'><strong>retur,</strong></span> <span class='ocrx_word' id='word_1_452' title='bbox 585 3762 928 3831; x_wconf 87' lang='lat' dir='ltr'><strong>maximeque</strong></span> <span class='ocrx_word' id='word_1_453' title='bbox 995 3767 1180 3831; x_wconf 90' lang='lat' dir='ltr'><strong>partes</strong></span> <span class='ocrx_word' id='word_1_454' title='bbox 1244 3761 1418 3815; x_wconf 85' lang='lat' dir='ltr'><strong>totius</strong></span> <span class='ocrx_word' id='word_1_455' title='bbox 1472 3761 1722 3830; x_wconf 79' lang='lat' dir='ltr'><strong>plurimae</strong></span> <span class='ocrx_word' id='word_1_456' title='bbox 1777 3760 1848 3831; x_wconf 79' lang='lat' dir='ltr'><strong>[id</strong></span> <span class='ocrx_word' id='word_1_457' title='bbox 1893 3766 1990 3827; x_wconf 79' lang='lat' dir='ltr'><strong>est,</strong></span> 
     </span>
    </p>
   </div>
   <div class='ocr_carea' id='block_1_47' title="bbox 345 3851 1992 3921">
    <p class='ocr_par' dir='ltr' id='par_1_47' title="bbox 345 3851 1992 3921">
     <span class='ocr_line' id='line_1_47' title="bbox 345 3851 1992 3921; baseline -0.001 -14"><span class='ocrx_word' id='word_1_458' title='bbox 345 3851 540 3921; x_wconf 66' lang='lat' dir='ltr'><strong>turbae]</strong></span> <span class='ocrx_word' id='word_1_459' title='bbox 585 3859 899 3907; x_wconf 91' lang='lat' dir='ltr'><strong>sanctorum</strong></span> <span class='ocrx_word' id='word_1_460' title='bbox 961 3851 1190 3921; x_wconf 89' lang='lat' dir='ltr'><strong>pignora</strong></span> <span class='ocrx_word' id='word_1_461' title='bbox 1245 3851 1736 3920; x_wconf 90' lang='lat' dir='ltr'><strong>subsequerentur,</strong></span> <span class='ocrx_word' id='word_1_462' title='bbox 1778 3864 1992 3906; x_wconf 83' lang='lat' dir='ltr'><strong>summo</strong></span> 
     </span>
    </p>
   </div>
   <div class='ocr_carea' id='block_1_48' title="bbox 341 3938 1995 4010">
    <p class='ocr_par' dir='ltr' id='par_1_48' title="bbox 341 3938 1995 4010">
     <span class='ocr_line' id='line_1_48' title="bbox 341 3938 1995 4010; baseline -0.001 -15"><span class='ocrx_word' id='word_1_463' title='bbox 341 3939 604 4010; x_wconf 85' lang='lat' dir='ltr'><strong>pontiﬁce</strong></span> <span class='ocrx_word' id='word_1_464' title='bbox 633 3939 1005 3995; x_wconf 88' lang='lat' dir='ltr'><strong>sanetuarium</strong></span> <span class='ocrx_word' id='word_1_465' title='bbox 1035 3939 1286 4010; x_wconf 87' lang='lat' dir='ltr'><strong>ingresso</strong></span> <span class='ocrx_word' id='word_1_466' title='bbox 1317 3940 1499 3995; x_wconf 73' lang='lat' dir='ltr'><strong>missae</strong></span> <span class='ocrx_word' id='word_1_467' title='bbox 1529 3938 1840 3994; x_wconf 88' lang='lat' dir='ltr'><strong>cardinales</strong></span> <span class='ocrx_word' id='word_1_468' title='bbox 1858 3953 1995 4010; x_wconf 81' lang='lat' dir='ltr'><strong>age-</strong></span> 
     </span>
    </p>
   </div>
   <div class='ocr_carea' id='block_1_49' title="bbox 347 4028 570 4084">
    <p class='ocr_par' dir='ltr' id='par_1_49' title="bbox 347 4028 570 4084">
     <span class='ocr_line' id='line_1_49' title="bbox 347 4028 570 4084; baseline 0 -1"><span class='ocrx_word' id='word_1_469' title='bbox 347 4028 570 4084; x_wconf 90' lang='lat' dir='ltr'><strong>bantur.</strong></span> 
     </span>
    </p>
   </div>
   <div class='ocr_carea' id='block_1_50' title="bbox 424 4115 1996 4186">
    <p class='ocr_par' dir='ltr' id='par_1_50' title="bbox 424 4115 1996 4186">
     <span class='ocr_line' id='line_1_50' title="bbox 424 4115 1996 4186; baseline 0.002 -16"><span class='ocrx_word' id='word_1_470' title='bbox 424 4116 507 4172; x_wconf 90' lang='lat'><strong>13.</strong></span> <span class='ocrx_word' id='word_1_471' title='bbox 551 4119 766 4173; x_wconf 88' lang='lat' dir='ltr'><strong>lnterea</strong></span> <span class='ocrx_word' id='word_1_472' title='bbox 799 4116 998 4172; x_wconf 89' lang='lat' dir='ltr'><strong>mulier</strong></span> <span class='ocrx_word' id='word_1_473' title='bbox 1027 4115 1276 4186; x_wconf 62' lang='lat' dir='ltr'><strong>quietiam</strong></span> <span class='ocrx_word' id='word_1_474' title='bbox 1309 4130 1432 4171; x_wconf 93' lang='lat' dir='ltr'><strong>eum</strong></span> <span class='ocrx_word' id='word_1_475' title='bbox 1472 4115 1586 4172; x_wconf 85' lang='lat' dir='ltr'><strong>filio</strong></span> <span class='ocrx_word' id='word_1_476' title='bbox 1616 4117 1841 4173; x_wconf 87' lang='lat' dir='ltr'><strong>brachia</strong></span> <span class='ocrx_word' id='word_1_477' title='bbox 1872 4133 1996 4173; x_wconf 53' lang='lat' dir='ltr'><strong>cru-</strong></span> 
     </span>
    </p>
   </div>
   <div class='ocr_carea' id='block_1_51' title="bbox 349 4205 1998 4278">
    <p class='ocr_par' dir='ltr' id='par_1_51' title="bbox 349 4205 1998 4278">
     <span class='ocr_line' id='line_1_51' title="bbox 349 4205 1998 4278; baseline -0.001 -15"><span class='ocrx_word' id='word_1_478' title='bbox 349 4221 522 4278; x_wconf 90' lang='lat' dir='ltr'><strong>raque</strong></span> <span class='ocrx_word' id='word_1_479' title='bbox 581 4212 866 4263; x_wconf 88' lang='lat' dir='ltr'><strong>contracto</strong></span> <span class='ocrx_word' id='word_1_480' title='bbox 907 4207 962 4261; x_wconf 93' lang='lat' dir='ltr'><strong>S.</strong></span> <span class='ocrx_word' id='word_1_481' title='bbox 1003 4205 1283 4261; x_wconf 87' lang='lat' dir='ltr'><strong>Bertinum</strong></span> <span class='ocrx_word' id='word_1_482' title='bbox 1346 4219 1448 4275; x_wconf 88' lang='lat' dir='ltr'><strong>pro</strong></span> <span class='ocrx_word' id='word_1_483' title='bbox 1495 4205 1645 4262; x_wconf 90' lang='lat' dir='ltr'><strong>illius</strong></span> <span class='ocrx_word' id='word_1_484' title='bbox 1695 4207 1872 4262; x_wconf 89' lang='lat' dir='ltr'><strong>salute</strong></span> <span class='ocrx_word' id='word_1_485' title='bbox 1907 4221 1998 4262; x_wconf 92' lang='lat' dir='ltr'><strong>ro-</strong></span> 
     </span>
    </p>
   </div>
   <div class='ocr_carea' id='block_1_52' title="bbox 351 4294 1997 4378">
    <p class='ocr_par' dir='ltr' id='par_1_52' title="bbox 351 4294 1997 4378">
     <span class='ocr_line' id='line_1_52' title="bbox 351 4294 1997 4378; baseline -0.002 -26"><span class='ocrx_word' id='word_1_486' title='bbox 351 4304 545 4367; x_wconf 88' lang='lat' dir='ltr'><strong>gatura</strong></span> <span class='ocrx_word' id='word_1_487' title='bbox 583 4295 718 4352; x_wconf 87' lang='lat' dir='ltr'><strong>foris</strong></span> <span class='ocrx_word' id='word_1_488' title='bbox 755 4302 908 4351; x_wconf 75' lang='lat' dir='ltr'><strong>extra</strong></span> <span class='ocrx_word' id='word_1_489' title='bbox 942 4294 1202 4365; x_wconf 90' lang='lat' dir='ltr'><strong>templum</strong></span> <span class='ocrx_word' id='word_1_490' title='bbox 1252 4295 1532 4378; x_wconf 80' lang='lat' dir='ltr'><strong>prestabat</strong></span> <span class='ocrx_word' id='word_1_491' title='bbox 1578 4295 1633 4350; x_wconf 91' lang='lat' dir='ltr'><strong>in</strong></span> <span class='ocrx_word' id='word_1_492' title='bbox 1664 4295 1826 4350; x_wconf 90' lang='lat' dir='ltr'><strong>atrio.</strong></span> <span class='ocrx_word' id='word_1_493' title='bbox 1865 4296 1997 4361; x_wconf 76' lang='lat' dir='ltr'><strong>Quae</strong></span> 
     </span>
    </p>
   </div>
   <div class='ocr_carea' id='block_1_53' title="bbox 2069 3224 3715 3297">
    <p class='ocr_par' dir='ltr' id='par_1_53' title="bbox 2069 3224 3715 3297">
     <span class='ocr_line' id='line_1_53' title="bbox 2069 3224 3715 3297; baseline -0.001 -16"><span class='ocrx_word' id='word_1_494' title='bbox 2069 3227 2382 3297; x_wconf 89' lang='lat' dir='ltr'><strong>hujusmodi</strong></span> <span class='ocrx_word' id='word_1_495' title='bbox 2431 3227 2734 3283; x_wconf 89' lang='lat' dir='ltr'><strong>illuminata</strong></span> <span class='ocrx_word' id='word_1_496' title='bbox 2783 3230 3097 3295; x_wconf 88' lang='lat' dir='ltr'><strong>comitatur,</strong></span> <span class='ocrx_word' id='word_1_497' title='bbox 3157 3242 3219 3284; x_wconf 90' lang='lat' dir='ltr'><strong>ac</strong></span> <span class='ocrx_word' id='word_1_498' title='bbox 3270 3241 3442 3297; x_wconf 89' lang='lat' dir='ltr'><strong>puero</strong></span> <span class='ocrx_word' id='word_1_499' title='bbox 3491 3224 3559 3281; x_wconf 92' lang='lat' dir='ltr'><strong>ad</strong></span> <span class='ocrx_word' id='word_1_500' title='bbox 3599 3224 3715 3280; x_wconf 90' lang='lat' dir='ltr'><strong>lau-</strong></span> 
     </span>
    </p>
   </div>
   <div class='ocr_carea' id='block_1_54' title="bbox 2070 3315 3716 3387">
    <p class='ocr_par' dir='ltr' id='par_1_54' title="bbox 2070 3315 3716 3387">
     <span class='ocr_line' id='line_1_54' title="bbox 2070 3315 3716 3387; baseline -0.002 -15"><span class='ocrx_word' id='word_1_501' title='bbox 2070 3317 2195 3372; x_wconf 91' lang='lat' dir='ltr'><strong>dem</strong></span> <span class='ocrx_word' id='word_1_502' title='bbox 2234 3317 2329 3372; x_wconf 90' lang='lat' dir='ltr'><strong>Dei</strong></span> <span class='ocrx_word' id='word_1_503' title='bbox 2360 3323 2416 3372; x_wconf 91' lang='lat' dir='ltr'><strong>et</strong></span> <span class='ocrx_word' id='word_1_504' title='bbox 2457 3317 2526 3373; x_wconf 87' lang='lat' dir='ltr'><strong>ad</strong></span> <span class='ocrx_word' id='word_1_505' title='bbox 2557 3318 2808 3374; x_wconf 89' lang='lat' dir='ltr'><strong>meritum</strong></span> <span class='ocrx_word' id='word_1_506' title='bbox 2839 3319 2894 3373; x_wconf 89' lang='lat' dir='ltr'><strong>S.</strong></span> <span class='ocrx_word' id='word_1_507' title='bbox 2918 3318 3126 3372; x_wconf 88' lang='lat' dir='ltr'><strong>Bertini</strong></span> <span class='ocrx_word' id='word_1_508' title='bbox 3167 3315 3551 3387; x_wconf 90' lang='lat' dir='ltr'><strong>protelandum</strong></span> <span class='ocrx_word' id='word_1_509' title='bbox 3591 3327 3716 3385; x_wconf 90' lang='lat' dir='ltr'><strong>pro-</strong></span> 
     </span>
    </p>
   </div>
   <div class='ocr_carea' id='block_1_55' title="bbox 2070 3405 3715 3473">
    <p class='ocr_par' dir='ltr' id='par_1_55' title="bbox 2070 3405 3715 3473">
     <span class='ocr_line' id='line_1_55' title="bbox 2070 3405 3715 3473; baseline -0.002 -13"><span class='ocrx_word' id='word_1_510' title='bbox 2070 3412 2240 3460; x_wconf 88' lang='lat' dir='ltr'><strong>strata</strong></span> <span class='ocrx_word' id='word_1_511' title='bbox 2287 3405 2642 3462; x_wconf 89' lang='lat' dir='ltr'><strong>admiscetur.</strong></span> <span class='ocrx_word' id='word_1_512' title='bbox 2684 3408 2895 3472; x_wconf 90' lang='lat' dir='ltr'><strong>Quanta</strong></span> <span class='ocrx_word' id='word_1_513' title='bbox 2944 3420 3074 3461; x_wconf 90' lang='lat' dir='ltr'><strong>vero</strong></span> <span class='ocrx_word' id='word_1_514' title='bbox 3133 3405 3498 3461; x_wconf 87' lang='lat' dir='ltr'><strong>exsultatione</strong></span> <span class='ocrx_word' id='word_1_515' title='bbox 3547 3415 3715 3473; x_wconf 85' lang='lat' dir='ltr'><strong>quan-</strong></span> 
     </span>
    </p>
   </div>
   <div class='ocr_carea' id='block_1_56' title="bbox 2071 3491 3718 3563">
    <p class='ocr_par' dir='ltr' id='par_1_56' title="bbox 2071 3491 3718 3563">
     <span class='ocr_line' id='line_1_56' title="bbox 2071 3491 3718 3563; baseline -0.001 -14"><span class='ocrx_word' id='word_1_516' title='bbox 2071 3501 2191 3549; x_wconf 89' lang='lat' dir='ltr'><strong>tave</strong></span> <span class='ocrx_word' id='word_1_517' title='bbox 2227 3493 2493 3563; x_wconf 86' lang='lat' dir='ltr'><strong>dignitate</strong></span> <span class='ocrx_word' id='word_1_518' title='bbox 2541 3508 2604 3549; x_wconf 89' lang='lat' dir='ltr'><strong>ea</strong></span> <span class='ocrx_word' id='word_1_519' title='bbox 2652 3493 2742 3548; x_wconf 91' lang='lat' dir='ltr'><strong>die</strong></span> <span class='ocrx_word' id='word_1_520' title='bbox 2790 3494 2846 3548; x_wconf 91' lang='lat' dir='ltr'><strong>in</strong></span> <span class='ocrx_word' id='word_1_521' title='bbox 2893 3495 3125 3550; x_wconf 92' lang='lat' dir='ltr'><strong>Domino</strong></span> <span class='ocrx_word' id='word_1_522' title='bbox 3174 3493 3472 3549; x_wconf 82' lang='lat' dir='ltr'><strong>exaltatum</strong></span> <span class='ocrx_word' id='word_1_523' title='bbox 3519 3506 3583 3548; x_wconf 89' lang='lat' dir='ltr'><strong>ac</strong></span> <span class='ocrx_word' id='word_1_524' title='bbox 3621 3491 3718 3547; x_wconf 92' lang='lat' dir='ltr'><strong>de-</strong></span> 
     </span>
    </p>
   </div>
   <div class='ocr_carea' id='block_1_57' title="bbox 2073 3580 3717 3653">
    <p class='ocr_par' dir='ltr' id='par_1_57' title="bbox 2073 3580 3717 3653">
     <span class='ocr_line' id='line_1_57' title="bbox 2073 3580 3717 3653; baseline -0.001 -16"><span class='ocrx_word' id='word_1_525' title='bbox 2073 3583 2331 3637; x_wconf 90' lang='lat' dir='ltr'><strong>lectatum</strong></span> <span class='ocrx_word' id='word_1_526' title='bbox 2380 3587 2484 3650; x_wconf 91' lang='lat' dir='ltr'><strong>est,</strong></span> <span class='ocrx_word' id='word_1_527' title='bbox 2518 3581 2721 3638; x_wconf 90' lang='lat' dir='ltr'><strong>nullius</strong></span> <span class='ocrx_word' id='word_1_528' title='bbox 2771 3583 3002 3639; x_wconf 89' lang='lat' dir='ltr'><strong>assertio</strong></span> <span class='ocrx_word' id='word_1_529' title='bbox 3059 3583 3126 3638; x_wconf 88' lang='lat' dir='ltr'><strong>ad</strong></span> <span class='ocrx_word' id='word_1_530' title='bbox 3187 3583 3408 3653; x_wconf 92' lang='lat' dir='ltr'><strong>plenum</strong></span> <span class='ocrx_word' id='word_1_531' title='bbox 3457 3580 3717 3653; x_wconf 88' lang='lat' dir='ltr'><strong>expedire</strong></span> 
     </span>
    </p>
   </div>
   <div class='ocr_carea' id='block_1_58' title="bbox 2072 3670 3720 3744">
    <p class='ocr_par' dir='ltr' id='par_1_58' title="bbox 2072 3670 3720 3744">
     <span class='ocr_line' id='line_1_58' title="bbox 2072 3670 3720 3744; baseline 0.001 -18"><span class='ocrx_word' id='word_1_532' title='bbox 2072 3670 2328 3728; x_wconf 90' lang='lat' dir='ltr'><strong>sufﬁciet.</strong></span> <span class='ocrx_word' id='word_1_533' title='bbox 2389 3673 2522 3728; x_wconf 89' lang='lat' dir='ltr'><strong>Nam</strong></span> <span class='ocrx_word' id='word_1_534' title='bbox 2578 3672 2938 3743; x_wconf 90' lang='lat' dir='ltr'><strong>quorumdam</strong></span> <span class='ocrx_word' id='word_1_535' title='bbox 2992 3672 3490 3744; x_wconf 86' lang='lat' dir='ltr'><strong>inquietudinibus,</strong></span> <span class='ocrx_word' id='word_1_536' title='bbox 3554 3671 3720 3728; x_wconf 88' lang='lat' dir='ltr'><strong>mole-</strong></span> 
     </span>
    </p>
   </div>
   <div class='ocr_carea' id='block_1_59' title="bbox 2073 3761 3721 3834">
    <p class='ocr_par' dir='ltr' id='par_1_59' title="bbox 2073 3761 3721 3834">
     <span class='ocr_line' id='line_1_59' title="bbox 2073 3761 3721 3834; baseline 0 -18"><span class='ocrx_word' id='word_1_537' title='bbox 2073 3762 2218 3829; x_wconf 90' lang='lat' dir='ltr'><strong>stiis,</strong></span> <span class='ocrx_word' id='word_1_538' title='bbox 2251 3763 2569 3832; x_wconf 86' lang='lat' dir='ltr'><strong>ignominiis</strong></span> <span class='ocrx_word' id='word_1_539' title='bbox 2596 3776 2843 3834; x_wconf 82' lang='lat' dir='ltr'><strong>eousque</strong></span> <span class='ocrx_word' id='word_1_540' title='bbox 2883 3763 3215 3830; x_wconf 84' lang='lat' dir='ltr'><strong>exacerbati,</strong></span> <span class='ocrx_word' id='word_1_541' title='bbox 3252 3769 3382 3820; x_wconf 89' lang='lat' dir='ltr'><strong>tunc</strong></span> <span class='ocrx_word' id='word_1_542' title='bbox 3419 3763 3516 3820; x_wconf 90' lang='lat' dir='ltr'><strong>Dei</strong></span> <span class='ocrx_word' id='word_1_543' title='bbox 3544 3761 3721 3820; x_wconf 90' lang='lat' dir='ltr'><strong>nostri</strong></span> 
     </span>
    </p>
   </div>
   <div class='ocr_carea' id='block_1_60' title="bbox 2075 3852 3723 3925">
    <p class='ocr_par' dir='ltr' id='par_1_60' title="bbox 2075 3852 3723 3925">
     <span class='ocr_line' id='line_1_60' title="bbox 2075 3852 3723 3925; baseline 0 -18"><span class='ocrx_word' id='word_1_544' title='bbox 2075 3866 2243 3922; x_wconf 91' lang='lat' dir='ltr'><strong>super</strong></span> <span class='ocrx_word' id='word_1_545' title='bbox 2299 3867 2402 3908; x_wconf 90' lang='lat' dir='ltr'><strong>nos</strong></span> <span class='ocrx_word' id='word_1_546' title='bbox 2450 3852 2659 3924; x_wconf 88' lang='lat' dir='ltr'><strong>gratius</strong></span> <span class='ocrx_word' id='word_1_547' title='bbox 2715 3861 3042 3909; x_wconf 91' lang='lat' dir='ltr'><strong>coruscante</strong></span> <span class='ocrx_word' id='word_1_548' title='bbox 3100 3853 3295 3925; x_wconf 89' lang='lat' dir='ltr'><strong>gratia,</strong></span> <span class='ocrx_word' id='word_1_549' title='bbox 3344 3855 3500 3912; x_wconf 78' lang='lat' dir='ltr'><strong>Facti</strong></span> <span class='ocrx_word' id='word_1_550' title='bbox 3547 3868 3723 3910; x_wconf 83' lang='lat' dir='ltr'><strong>sumus</strong></span> 
     </span>
    </p>
   </div>
   <div class='ocr_carea' id='block_1_61' title="bbox 2079 3941 3722 4015">
    <p class='ocr_par' dir='ltr' id='par_1_61' title="bbox 2079 3941 3722 4015">
     <span class='ocr_line' id='line_1_61' title="bbox 2079 3941 3722 4015; baseline 0.001 -18"><span class='ocrx_word' id='word_1_551' title='bbox 2079 3943 2212 3998; x_wconf 76' lang='lat' dir='ltr'><strong>sicut</strong></span> <span class='ocrx_word' id='word_1_552' title='bbox 2250 3941 2506 3998; x_wconf 81' lang='lat' dir='ltr'><strong>consolati</strong></span> <span class='ocrx_word' id='word_1_553' title='bbox 2525 3964 2544 4008; x_wconf 86' lang='lat'><strong>,-</strong></span> <span class='ocrx_word' id='word_1_554' title='bbox 2585 3947 2707 3997; x_wconf 82' lang='lat' dir='ltr'><strong>tunc</strong></span> <span class='ocrx_word' id='word_1_555' title='bbox 2746 3943 2995 4015; x_wconf 78' lang='lat' dir='ltr'><strong>repletum</strong></span> <span class='ocrx_word' id='word_1_556' title='bbox 3039 3948 3114 3999; x_wconf 84' lang='lat' dir='ltr'><strong>est</strong></span> <span class='ocrx_word' id='word_1_557' title='bbox 3160 3944 3354 4013; x_wconf 83' lang='lat' dir='ltr'><strong>gaudio</strong></span> <span class='ocrx_word' id='word_1_558' title='bbox 3383 3960 3443 4001; x_wconf 86' lang='lat' dir='ltr'><strong>os</strong></span> <span class='ocrx_word' id='word_1_559' title='bbox 3469 3947 3722 4006; x_wconf 81' lang='lat' dir='ltr'><strong>nostrum,</strong></span> 
     </span>
    </p>
   </div>
   <div class='ocr_carea' id='block_1_62' title="bbox 2080 4032 3434 4107">
    <p class='ocr_par' dir='ltr' id='par_1_62' title="bbox 2080 4032 3434 4107">
     <span class='ocr_line' id='line_1_62' title="bbox 2080 4032 3434 4107; baseline 0.002 -18"><span class='ocrx_word' id='word_1_560' title='bbox 2080 4039 2128 4089; x_wconf 83' lang='lat' dir='ltr'><strong>et</strong></span> <span class='ocrx_word' id='word_1_561' title='bbox 2156 4032 2334 4102; x_wconf 78' lang='lat' dir='ltr'><strong>lingua</strong></span> <span class='ocrx_word' id='word_1_562' title='bbox 2361 4038 2541 4089; x_wconf 76' lang='lat' dir='ltr'><strong>nostra</strong></span> <span class='ocrx_word' id='word_1_563' title='bbox 2571 4033 2924 4090; x_wconf 70' lang='lat' dir='ltr'><strong>exsultatione</strong></span> <span class='ocrx_word' id='word_1_564' title='bbox 2955 4035 3122 4107; x_wconf 78' lang='lat' dir='ltr'><strong>(Psal.</strong></span> <span class='ocrx_word' id='word_1_565' title='bbox 3165 4051 3321 4104; x_wconf 83' lang='lat' dir='ltr'><strong>cxxv,</strong></span> <span class='ocrx_word' id='word_1_566' title='bbox 3369 4035 3434 4107; x_wconf 88' lang='lat'><strong>1).</strong></span> 
     </span>
    </p>
   </div>
   <div class='ocr_carea' id='block_1_63' title="bbox 2157 4122 3725 4197">
    <p class='ocr_par' dir='ltr' id='par_1_63' title="bbox 2157 4122 3725 4197">
     <span class='ocr_line' id='line_1_63' title="bbox 2157 4122 3725 4197; baseline 0.002 -20"><span class='ocrx_word' id='word_1_567' title='bbox 2157 4122 2238 4177; x_wconf 82' lang='lat'><strong>15.</strong></span> <span class='ocrx_word' id='word_1_568' title='bbox 2291 4125 2407 4179; x_wconf 85' lang='lat' dir='ltr'><strong>Jam</strong></span> <span class='ocrx_word' id='word_1_569' title='bbox 2456 4137 2598 4179; x_wconf 89' lang='lat' dir='ltr'><strong>nunc</strong></span> <span class='ocrx_word' id='word_1_570' title='bbox 2647 4123 2950 4194; x_wconf 69' lang='lat' dir='ltr'><strong>praelibatae</strong></span> <span class='ocrx_word' id='word_1_571' title='bbox 2997 4125 3296 4197; x_wconf 89' lang='lat' dir='ltr'><strong>singularis</strong></span> <span class='ocrx_word' id='word_1_572' title='bbox 3331 4124 3523 4196; x_wconf 75' lang='lat' dir='ltr'><strong>gratiae</strong></span> <span class='ocrx_word' id='word_1_573' title='bbox 3563 4139 3725 4182; x_wconf 90' lang='lat' dir='ltr'><strong>causa</strong></span> 
     </span>
    </p>
   </div>
   <div class='ocr_carea' id='block_1_64' title="bbox 2080 4213 3725 4286">
    <p class='ocr_par' dir='ltr' id='par_1_64' title="bbox 2080 4213 3725 4286">
     <span class='ocr_line' id='line_1_64' title="bbox 2080 4213 3725 4286; baseline 0.001 -18"><span class='ocrx_word' id='word_1_574' title='bbox 2080 4213 2297 4278; x_wconf 90' lang='lat' dir='ltr'><strong>emicat,</strong></span> <span class='ocrx_word' id='word_1_575' title='bbox 2340 4214 2453 4283; x_wconf 91' lang='lat' dir='ltr'><strong>jam</strong></span> <span class='ocrx_word' id='word_1_576' title='bbox 2508 4213 2645 4270; x_wconf 88' lang='lat' dir='ltr'><strong>illud</strong></span> <span class='ocrx_word' id='word_1_577' title='bbox 2693 4215 2954 4285; x_wconf 86' lang='lat' dir='ltr'><strong>quiddam</strong></span> <span class='ocrx_word' id='word_1_578' title='bbox 2994 4216 3126 4272; x_wconf 92' lang='lat' dir='ltr'><strong>boni</strong></span> <span class='ocrx_word' id='word_1_579' title='bbox 3175 4214 3325 4286; x_wconf 91' lang='lat' dir='ltr'><strong>quod</strong></span> <span class='ocrx_word' id='word_1_580' title='bbox 3373 4215 3725 4271; x_wconf 90' lang='lat' dir='ltr'><strong>miseratione</strong></span> 
     </span>
    </p>
   </div>
   <div class='ocr_carea' id='block_1_65' title="bbox 2080 4303 3726 4374">
    <p class='ocr_par' dir='ltr' id='par_1_65' title="bbox 2080 4303 3726 4374">
     <span class='ocr_line' id='line_1_65' title="bbox 2080 4303 3726 4374; baseline -0.001 -15"><span class='ocrx_word' id='word_1_581' title='bbox 2080 4304 2176 4359; x_wconf 92' lang='lat' dir='ltr'><strong>Dei</strong></span> <span class='ocrx_word' id='word_1_582' title='bbox 2242 4303 2644 4360; x_wconf 90' lang='lat' dir='ltr'><strong>confovendum</strong></span> <span class='ocrx_word' id='word_1_583' title='bbox 2718 4312 3080 4374; x_wconf 90' lang='lat' dir='ltr'><strong>temporeque</strong></span> <span class='ocrx_word' id='word_1_584' title='bbox 3145 4318 3246 4360; x_wconf 91' lang='lat' dir='ltr'><strong>suo</strong></span> <span class='ocrx_word' id='word_1_585' title='bbox 3312 4305 3726 4374; x_wconf 91' lang='lat' dir='ltr'><strong>perducendum</strong></span> 
     </span>
    </p>
   </div>
   <div class='ocr_carea' id='block_1_66' title="bbox 353 4385 3726 4464">
    <p class='ocr_par' dir='ltr' id='par_1_66' title="bbox 353 4385 3726 4464">
     <span class='ocr_line' id='line_1_66' title="bbox 353 4385 3726 4464; baseline 0.001 -19"><span class='ocrx_word' id='word_1_586' title='bbox 353 4389 520 4444; x_wconf 83' lang='lat' dir='ltr'><strong>etiam</strong></span> <span class='ocrx_word' id='word_1_587' title='bbox 576 4387 809 4443; x_wconf 81' lang='lat' dir='ltr'><strong>antehac</strong></span> <span class='ocrx_word' id='word_1_588' title='bbox 858 4401 979 4442; x_wconf 87' lang='lat' dir='ltr'><strong>cum</strong></span> <span class='ocrx_word' id='word_1_589' title='bbox 1031 4385 1280 4442; x_wconf 83' lang='lat' dir='ltr'><strong>eumdem</strong></span> <span class='ocrx_word' id='word_1_590' title='bbox 1323 4386 1673 4442; x_wconf 82' lang='lat' dir='ltr'><strong>duodennem</strong></span> <span class='ocrx_word' id='word_1_591' title='bbox 1711 4385 1994 4442; x_wconf 78' lang='lat' dir='ltr'><strong>Coloniam</strong></span> <span class='ocrx_word' id='word_1_592' title='bbox 2084 4393 2404 4464; x_wconf 67' lang='lat' dir='ltr'><strong>praedixisse</strong></span> <span class='ocrx_word' id='word_1_593' title='bbox 2427 4393 2647 4448; x_wconf 90' lang='lat' dir='ltr'><strong>memini</strong></span> <span class='ocrx_word' id='word_1_594' title='bbox 2671 4391 3000 4449; x_wconf 89' lang='lat' dir='ltr'><strong>infulminat.</strong></span> <span class='ocrx_word' id='word_1_595' title='bbox 3023 4393 3240 4449; x_wconf 82' lang='lat' dir='ltr'><strong>Nullum</strong></span> <span class='ocrx_word' id='word_1_596' title='bbox 3266 4400 3582 4448; x_wconf 91' lang='lat' dir='ltr'><strong>nostrorum</strong></span> <span class='ocrx_word' id='word_1_597' title='bbox 3607 4391 3726 4448; x_wconf 73' lang='lat' dir='ltr'><strong>haec</strong></span> 
     </span>
    </p>
   </div>
   <div class='ocr_carea' id='block_1_67' title="bbox 352 4474 1995 4553">
    <p class='ocr_par' dir='ltr' id='par_1_67' title="bbox 352 4474 1995 4544">
     <span class='ocr_line' id='line_1_67' title="bbox 352 4474 1995 4544; baseline -0.003 -11"><span class='ocrx_word' id='word_1_598' title='bbox 352 4477 422 4532; x_wconf 92' lang='lat' dir='ltr'><strong>ad</strong></span> <span class='ocrx_word' id='word_1_599' title='bbox 462 4479 517 4533; x_wconf 92' lang='lat' dir='ltr'><strong>S.</strong></span> <span class='ocrx_word' id='word_1_600' title='bbox 561 4476 836 4533; x_wconf 81' lang='lat' dir='ltr'><strong>lleriberti</strong></span> <span class='ocrx_word' id='word_1_601' title='bbox 867 4481 1305 4544; x_wconf 65' lang='lat' dir='ltr'><strong>caeterorumque</strong></span> <span class='ocrx_word' id='word_1_602' title='bbox 1327 4482 1642 4530; x_wconf 88' lang='lat' dir='ltr'><strong>sanctorum</strong></span> <span class='ocrx_word' id='word_1_603' title='bbox 1674 4475 1811 4530; x_wconf 90' lang='lat' dir='ltr'><strong>inibi</strong></span> <span class='ocrx_word' id='word_1_604' title='bbox 1833 4474 1995 4543; x_wconf 91' lang='lat' dir='ltr'><strong>quie-</strong></span> 
     </span>
    </p>
   </div>
   <div class='ocr_carea' id='block_1_68' title="bbox 2082 4474 3728 4553">
    <p class='ocr_par' dir='ltr' id='par_1_68' title="bbox 2083 4481 3728 4553">
     <span class='ocr_line' id='line_1_68' title="bbox 2083 4481 3728 4553; baseline -0.001 -15"><span class='ocrx_word' id='word_1_605' title='bbox 2083 4483 2257 4553; x_wconf 87' lang='lat' dir='ltr'><strong>gratia</strong></span> <span class='ocrx_word' id='word_1_606' title='bbox 2295 4483 2565 4552; x_wconf 84' lang='lat' dir='ltr'><strong>ingratum</strong></span> <span class='ocrx_word' id='word_1_607' title='bbox 2599 4483 2819 4548; x_wconf 88' lang='lat' dir='ltr'><strong>habeat,</strong></span> <span class='ocrx_word' id='word_1_608' title='bbox 2851 4495 3042 4538; x_wconf 93' lang='lat' dir='ltr'><strong>omnes</strong></span> <span class='ocrx_word' id='word_1_609' title='bbox 3071 4496 3174 4538; x_wconf 89' lang='lat' dir='ltr'><strong>nos</strong></span> <span class='ocrx_word' id='word_1_610' title='bbox 3201 4482 3420 4538; x_wconf 88' lang='lat' dir='ltr'><strong>Christo</strong></span> <span class='ocrx_word' id='word_1_611' title='bbox 3465 4481 3728 4553; x_wconf 90' lang='lat' dir='ltr'><strong>deinceps</strong></span> 
     </span>
    </p>
   </div>
   <div class='ocr_carea' id='block_1_69' title="bbox 355 4563 3728 4644">
    <p class='ocr_par' dir='ltr' id='par_1_69' title="bbox 355 4563 3728 4644">
     <span class='ocr_line' id='line_1_69' title="bbox 355 4563 3728 4644; baseline 0.003 -26"><span class='ocrx_word' id='word_1_612' title='bbox 355 4566 628 4622; x_wconf 89' lang='lat' dir='ltr'><strong>scentium</strong></span> <span class='ocrx_word' id='word_1_613' title='bbox 678 4565 932 4636; x_wconf 79' lang='lat' dir='ltr'><strong>suffragia</strong></span> <span class='ocrx_word' id='word_1_614' title='bbox 981 4564 1248 4634; x_wconf 89' lang='lat' dir='ltr'><strong>cogitaret</strong></span> <span class='ocrx_word' id='word_1_615' title='bbox 1287 4563 1686 4628; x_wconf 89' lang='lat' dir='ltr'><strong>devehendum,</strong></span> <span class='ocrx_word' id='word_1_616' title='bbox 1729 4569 2000 4632; x_wconf 88' lang='lat' dir='ltr'><strong>quatenus</strong></span> <span class='ocrx_word' id='word_1_617' title='bbox 2083 4571 2396 4627; x_wconf 77' lang='lat' dir='ltr'><strong>devotiores</strong></span> <span class='ocrx_word' id='word_1_618' title='bbox 2442 4572 2718 4639; x_wconf 84' lang='lat' dir='ltr'><strong>exhibeat,</strong></span> <span class='ocrx_word' id='word_1_619' title='bbox 2751 4585 2942 4628; x_wconf 92' lang='lat' dir='ltr'><strong>omnes</strong></span> <span class='ocrx_word' id='word_1_620' title='bbox 2987 4572 3054 4627; x_wconf 89' lang='lat' dir='ltr'><strong>ad</strong></span> <span class='ocrx_word' id='word_1_621' title='bbox 3105 4572 3321 4628; x_wconf 90' lang='lat' dir='ltr'><strong>laudem</strong></span> <span class='ocrx_word' id='word_1_622' title='bbox 3372 4573 3468 4629; x_wconf 90' lang='lat' dir='ltr'><strong>Dei</strong></span> <span class='ocrx_word' id='word_1_623' title='bbox 3499 4572 3728 4644; x_wconf 89' lang='lat' dir='ltr'><strong>vigilan-</strong></span> 
     </span>
    </p>
   </div>
   <div class='ocr_carea' id='block_1_70' title="bbox 358 4650 2002 4713">
    <p class='ocr_par' dir='ltr' id='par_1_70' title="bbox 358 4650 2002 4713">
     <span class='ocr_line' id='line_1_70' title="bbox 358 4650 2002 4713; baseline -0.004 0"><span class='ocrx_word' id='word_1_624' title='bbox 358 4671 549 4713; x_wconf 91' lang='lat' dir='ltr'><strong>eorum</strong></span> <span class='ocrx_word' id='word_1_625' title='bbox 616 4657 829 4712; x_wconf 90' lang='lat' dir='ltr'><strong>meritis</strong></span> <span class='ocrx_word' id='word_1_626' title='bbox 893 4654 1147 4710; x_wconf 90' lang='lat' dir='ltr'><strong>obtinere</strong></span> <span class='ocrx_word' id='word_1_627' title='bbox 1212 4651 1397 4708; x_wconf 89' lang='lat' dir='ltr'><strong>forsan</strong></span> <span class='ocrx_word' id='word_1_628' title='bbox 1460 4660 1764 4709; x_wconf 90' lang='lat' dir='ltr'><strong>mereretur</strong></span> <span class='ocrx_word' id='word_1_629' title='bbox 1823 4650 2002 4707; x_wconf 85' lang='lat' dir='ltr'><strong>ofﬁcia</strong></span> 
     </span>
    </p>
   </div>
   <div class='ocr_carea' id='block_1_71' title="bbox 361 4742 2002 4814">
    <p class='ocr_par' dir='ltr' id='par_1_71' title="bbox 361 4742 2002 4814">
     <span class='ocr_line' id='line_1_71' title="bbox 361 4742 2002 4814; baseline -0.004 -12"><span class='ocrx_word' id='word_1_630' title='bbox 361 4747 770 4810; x_wconf 90' lang='lat' dir='ltr'><strong>membrorum;</strong></span> <span class='ocrx_word' id='word_1_631' title='bbox 802 4744 870 4800; x_wconf 92' lang='lat' dir='ltr'><strong>ad</strong></span> <span class='ocrx_word' id='word_1_632' title='bbox 901 4744 1020 4800; x_wconf 76' lang='lat' dir='ltr'><strong>hazc</strong></span> <span class='ocrx_word' id='word_1_633' title='bbox 1050 4743 1195 4800; x_wconf 92' lang='lat' dir='ltr'><strong>idem</strong></span> <span class='ocrx_word' id='word_1_634' title='bbox 1227 4756 1538 4814; x_wconf 90' lang='lat' dir='ltr'><strong>quanquam</strong></span> <span class='ocrx_word' id='word_1_635' title='bbox 1571 4756 1706 4812; x_wconf 90' lang='lat' dir='ltr'><strong>puer</strong></span> <span class='ocrx_word' id='word_1_636' title='bbox 1735 4742 1914 4811; x_wconf 88' lang='lat' dir='ltr'><strong>inquit</strong></span> <span class='ocrx_word' id='word_1_637' title='bbox 1943 4754 2002 4795; x_wconf 90' lang='lat' dir='ltr'><strong>se</strong></span> 
     </span>
    </p>
   </div>
   <div class='ocr_carea' id='block_1_72' title="bbox 359 4831 2006 4907">
    <p class='ocr_par' dir='ltr' id='par_1_72' title="bbox 359 4831 2006 4907">
     <span class='ocr_line' id='line_1_72' title="bbox 359 4831 2006 4907; baseline -0.004 -15"><span class='ocrx_word' id='word_1_638' title='bbox 359 4851 460 4907; x_wconf 92' lang='lat' dir='ltr'><strong>per</strong></span> <span class='ocrx_word' id='word_1_639' title='bbox 489 4837 661 4892; x_wconf 91' lang='lat' dir='ltr'><strong>visum</strong></span> <span class='ocrx_word' id='word_1_640' title='bbox 685 4838 796 4906; x_wconf 91' lang='lat' dir='ltr'><strong>jam</strong></span> <span class='ocrx_word' id='word_1_641' title='bbox 845 4842 931 4891; x_wconf 92' lang='lat' dir='ltr'><strong>ter</strong></span> <span class='ocrx_word' id='word_1_642' title='bbox 975 4835 1338 4901; x_wconf 90' lang='lat' dir='ltr'><strong>admonitum,</strong></span> <span class='ocrx_word' id='word_1_643' title='bbox 1380 4848 1449 4888; x_wconf 92' lang='lat' dir='ltr'><strong>ne</strong></span> <span class='ocrx_word' id='word_1_644' title='bbox 1498 4845 1774 4903; x_wconf 91' lang='lat' dir='ltr'><strong>quoquam</strong></span> <span class='ocrx_word' id='word_1_645' title='bbox 1804 4831 2006 4901; x_wconf 90' lang='lat' dir='ltr'><strong>depor-</strong></span> 
     </span>
    </p>
   </div>
   <div class='ocr_carea' id='block_1_73' title="bbox 358 4921 2003 4994">
    <p class='ocr_par' dir='ltr' id='par_1_73' title="bbox 358 4921 2003 4994">
     <span class='ocr_line' id='line_1_73' title="bbox 358 4921 2003 4994; baseline -0.003 -14"><span class='ocrx_word' id='word_1_646' title='bbox 358 4931 590 4994; x_wconf 89' lang='lat' dir='ltr'><strong>taretur,</strong></span> <span class='ocrx_word' id='word_1_647' title='bbox 643 4925 748 4980; x_wconf 90' lang='lat' dir='ltr'><strong>nisi</strong></span> <span class='ocrx_word' id='word_1_648' title='bbox 801 4925 954 4994; x_wconf 90' lang='lat' dir='ltr'><strong>prius</strong></span> <span class='ocrx_word' id='word_1_649' title='bbox 1012 4924 1080 4980; x_wconf 90' lang='lat' dir='ltr'><strong>ad</strong></span> <span class='ocrx_word' id='word_1_650' title='bbox 1127 4924 1182 4980; x_wconf 91' lang='lat' dir='ltr'><strong>S.</strong></span> <span class='ocrx_word' id='word_1_651' title='bbox 1243 4923 1520 4979; x_wconf 89' lang='lat' dir='ltr'><strong>Bertinum</strong></span> <span class='ocrx_word' id='word_1_652' title='bbox 1579 4922 1722 4976; x_wconf 92' lang='lat' dir='ltr'><strong>latus</strong></span> <span class='ocrx_word' id='word_1_653' title='bbox 1759 4921 2003 4991; x_wconf 90' lang='lat' dir='ltr'><strong>ejusdem</strong></span> 
     </span>
    </p>
   </div>
   <div class='ocr_carea' id='block_1_74' title="bbox 360 5011 2002 5086">
    <p class='ocr_par' dir='ltr' id='par_1_74' title="bbox 360 5011 2002 5086">
     <span class='ocr_line' id='line_1_74' title="bbox 360 5011 2002 5086; baseline -0.004 -14"><span class='ocrx_word' id='word_1_654' title='bbox 360 5017 556 5072; x_wconf 89' lang='lat' dir='ltr'><strong>merita</strong></span> <span class='ocrx_word' id='word_1_655' title='bbox 614 5016 978 5086; x_wconf 89' lang='lat' dir='ltr'><strong>experiretur.</strong></span> <span class='ocrx_word' id='word_1_656' title='bbox 1021 5017 1266 5085; x_wconf 90' lang='lat' dir='ltr'><strong>Cumque</strong></span> <span class='ocrx_word' id='word_1_657' title='bbox 1313 5013 1444 5069; x_wconf 94' lang='lat' dir='ltr'><strong>illuc</strong></span> <span class='ocrx_word' id='word_1_658' title='bbox 1501 5015 1663 5068; x_wconf 90' lang='lat' dir='ltr'><strong>etiam</strong></span> <span class='ocrx_word' id='word_1_659' title='bbox 1695 5027 1794 5082; x_wconf 91' lang='lat' dir='ltr'><strong>per</strong></span> <span class='ocrx_word' id='word_1_660' title='bbox 1831 5011 2002 5067; x_wconf 90' lang='lat' dir='ltr'><strong>visum</strong></span> 
     </span>
    </p>
   </div>
   <div class='ocr_carea' id='block_1_75' title="bbox 358 5101 2003 5172">
    <p class='ocr_par' dir='ltr' id='par_1_75' title="bbox 358 5101 2003 5172">
     <span class='ocr_line' id='line_1_75' title="bbox 358 5101 2003 5172; baseline -0.001 -14"><span class='ocrx_word' id='word_1_661' title='bbox 358 5111 765 5162; x_wconf 74' lang='lat' dir='ltr'><strong>ventum&#39;esset</strong></span> <span class='ocrx_word' id='word_1_662' title='bbox 808 5113 862 5161; x_wconf 91' lang='lat' dir='ltr'><strong>et</strong></span> <span class='ocrx_word' id='word_1_663' title='bbox 893 5112 1127 5171; x_wconf 90' lang='lat' dir='ltr'><strong>oratum,</strong></span> <span class='ocrx_word' id='word_1_664' title='bbox 1160 5105 1290 5160; x_wconf 91' lang='lat' dir='ltr'><strong>item</strong></span> <span class='ocrx_word' id='word_1_665' title='bbox 1329 5102 1474 5158; x_wconf 91' lang='lat' dir='ltr'><strong>idem</strong></span> <span class='ocrx_word' id='word_1_666' title='bbox 1523 5109 1759 5172; x_wconf 89' lang='lat' dir='ltr'><strong>quatuor</strong></span> <span class='ocrx_word' id='word_1_667' title='bbox 1790 5101 2003 5157; x_wconf 91' lang='lat' dir='ltr'><strong>colum-</strong></span> 
     </span>
    </p>
   </div>
   <div class='ocr_carea' id='block_1_76' title="bbox 360 5191 2008 5252">
    <p class='ocr_par' dir='ltr' id='par_1_76' title="bbox 360 5191 2008 5252">
     <span class='ocr_line' id='line_1_76' title="bbox 360 5191 2008 5252; baseline -0.002 0"><span class='ocrx_word' id='word_1_668' title='bbox 360 5197 460 5251; x_wconf 91' lang='lat' dir='ltr'><strong>bas</strong></span> <span class='ocrx_word' id='word_1_669' title='bbox 499 5196 916 5252; x_wconf 90' lang='lat' dir='ltr'><strong>eandidissimas</strong></span> <span class='ocrx_word' id='word_1_670' title='bbox 961 5195 1165 5250; x_wconf 90' lang='lat' dir='ltr'><strong>vidisse</strong></span> <span class='ocrx_word' id='word_1_671' title='bbox 1203 5209 1261 5249; x_wconf 92' lang='lat' dir='ltr'><strong>se</strong></span> <span class='ocrx_word' id='word_1_672' title='bbox 1292 5194 1369 5250; x_wconf 92' lang='lat' dir='ltr'><strong>ait</strong></span> <span class='ocrx_word' id='word_1_673' title='bbox 1407 5193 1686 5248; x_wconf 90' lang='lat' dir='ltr'><strong>avolantes</strong></span> <span class='ocrx_word' id='word_1_674' title='bbox 1716 5191 1862 5248; x_wconf 86' lang='lat' dir='ltr'><strong>foras</strong></span> <span class='ocrx_word' id='word_1_675' title='bbox 1892 5205 2008 5248; x_wconf 89' lang='lat' dir='ltr'><strong>tno-</strong></span> 
     </span>
    </p>
   </div>
   <div class='ocr_carea' id='block_1_77' title="bbox 362 5281 2006 5355">
    <p class='ocr_par' dir='ltr' id='par_1_77' title="bbox 362 5281 2006 5355">
     <span class='ocr_line' id='line_1_77' title="bbox 362 5281 2006 5355; baseline -0.002 -14"><span class='ocrx_word' id='word_1_676' title='bbox 362 5286 685 5353; x_wconf 91' lang='lat' dir='ltr'><strong>nasterium,</strong></span> <span class='ocrx_word' id='word_1_677' title='bbox 731 5285 1022 5355; x_wconf 91' lang='lat' dir='ltr'><strong>ipsumque</strong></span> <span class='ocrx_word' id='word_1_678' title='bbox 1079 5284 1249 5339; x_wconf 88' lang='lat' dir='ltr'><strong>altare</strong></span> <span class='ocrx_word' id='word_1_679' title='bbox 1298 5296 1625 5338; x_wconf 91' lang='lat' dir='ltr'><strong>concussum</strong></span> <span class='ocrx_word' id='word_1_680' title='bbox 1663 5283 1838 5337; x_wconf 87' lang='lat' dir='ltr'><strong>instar</strong></span> <span class='ocrx_word' id='word_1_681' title='bbox 1887 5281 2006 5338; x_wconf 89' lang='lat' dir='ltr'><strong>folii</strong></span> 
     </span>
    </p>
   </div>
   <div class='ocr_carea' id='block_1_78' title="bbox 363 5378 2007 5444">
    <p class='ocr_par' dir='ltr' id='par_1_78' title="bbox 363 5378 2007 5444">
     <span class='ocr_line' id='line_1_78' title="bbox 363 5378 2007 5444; baseline -0.001 -13"><span class='ocrx_word' id='word_1_682' title='bbox 363 5381 733 5443; x_wconf 91' lang='lat' dir='ltr'><strong>contremere,</strong></span> <span class='ocrx_word' id='word_1_683' title='bbox 779 5387 1011 5444; x_wconf 76' lang='lat' dir='ltr'><strong>seseque</strong></span> <span class='ocrx_word' id='word_1_684' title='bbox 1061 5386 1245 5428; x_wconf 86' lang='lat' dir='ltr'><strong>coram</strong></span> <span class='ocrx_word' id='word_1_685' title='bbox 1295 5386 1361 5428; x_wconf 79' lang='lat'><strong>80</strong></span> <span class='ocrx_word' id='word_1_686' title='bbox 1401 5378 1863 5443; x_wconf 89' lang='lat' dir='ltr'><strong>prosternentem,</strong></span> <span class='ocrx_word' id='word_1_687' title='bbox 1903 5387 2007 5429; x_wconf 89' lang='lat' dir='ltr'><strong>nec</strong></span> 
     </span>
    </p>
   </div>
   <div class='ocr_carea' id='block_1_79' title="bbox 362 5462 2006 5534">
    <p class='ocr_par' dir='ltr' id='par_1_79' title="bbox 362 5462 2006 5534">
     <span class='ocr_line' id='line_1_79' title="bbox 362 5462 2006 5534; baseline -0.002 -12"><span class='ocrx_word' id='word_1_688' title='bbox 362 5479 517 5522; x_wconf 90' lang='lat' dir='ltr'><strong>mora</strong></span> <span class='ocrx_word' id='word_1_689' title='bbox 583 5466 711 5522; x_wconf 91' lang='lat' dir='ltr'><strong>inde</strong></span> <span class='ocrx_word' id='word_1_690' title='bbox 769 5465 981 5522; x_wconf 90' lang='lat' dir='ltr'><strong>meritis</strong></span> <span class='ocrx_word' id='word_1_691' title='bbox 1025 5463 1200 5520; x_wconf 89' lang='lat' dir='ltr'><strong>sancti</strong></span> <span class='ocrx_word' id='word_1_692' title='bbox 1249 5465 1512 5534; x_wconf 91' lang='lat' dir='ltr'><strong>sospitem</strong></span> <span class='ocrx_word' id='word_1_693' title='bbox 1569 5463 1896 5520; x_wconf 89' lang='lat' dir='ltr'><strong>surrexisse.</strong></span> <span class='ocrx_word' id='word_1_694' title='bbox 1947 5462 2006 5518; x_wconf 90' lang='lat' dir='ltr'><strong>1d</strong></span> 
     </span>
    </p>
   </div>
   <div class='ocr_carea' id='block_1_80' title="bbox 363 5552 2010 5628">
    <p class='ocr_par' dir='ltr' id='par_1_80' title="bbox 363 5552 2010 5628">
     <span class='ocr_line' id='line_1_80' title="bbox 363 5552 2010 5628; baseline -0.002 -16"><span class='ocrx_word' id='word_1_695' title='bbox 363 5557 532 5628; x_wconf 88' lang='lat' dir='ltr'><strong>igitur</strong></span> <span class='ocrx_word' id='word_1_696' title='bbox 563 5570 735 5627; x_wconf 89' lang='lat' dir='ltr'><strong>puero</strong></span> <span class='ocrx_word' id='word_1_697' title='bbox 775 5554 1030 5626; x_wconf 89' lang='lat' dir='ltr'><strong>genitrici</strong></span> <span class='ocrx_word' id='word_1_698' title='bbox 1061 5553 1334 5610; x_wconf 87' lang='lat' dir='ltr'><strong>referente</strong></span> <span class='ocrx_word' id='word_1_699' title='bbox 1357 5555 1690 5624; x_wconf 86' lang='lat' dir='ltr'><strong>jamjamque</strong></span> <span class='ocrx_word' id='word_1_700' title='bbox 1720 5553 1859 5610; x_wconf 88' lang='lat' dir='ltr'><strong>fama</strong></span> <span class='ocrx_word' id='word_1_701' title='bbox 1897 5552 2010 5609; x_wconf 91' lang='lat' dir='ltr'><strong>ele-</strong></span> 
     </span>
    </p>
   </div>
   <div class='ocr_carea' id='block_1_81' title="bbox 364 5642 2007 5716">
    <p class='ocr_par' dir='ltr' id='par_1_81' title="bbox 364 5642 2007 5716">
     <span class='ocr_line' id='line_1_81' title="bbox 364 5642 2007 5716; baseline -0.002 -13"><span class='ocrx_word' id='word_1_702' title='bbox 364 5645 527 5704; x_wconf 90' lang='lat' dir='ltr'><strong>vandi</strong></span> <span class='ocrx_word' id='word_1_703' title='bbox 594 5645 769 5702; x_wconf 90' lang='lat' dir='ltr'><strong>sancti</strong></span> <span class='ocrx_word' id='word_1_704' title='bbox 818 5651 1168 5716; x_wconf 88' lang='lat' dir='ltr'><strong>assequente,</strong></span> <span class='ocrx_word' id='word_1_705' title='bbox 1210 5644 1400 5700; x_wconf 90' lang='lat' dir='ltr'><strong>eadem</strong></span> <span class='ocrx_word' id='word_1_706' title='bbox 1457 5657 1580 5700; x_wconf 91' lang='lat' dir='ltr'><strong>cum</strong></span> <span class='ocrx_word' id='word_1_707' title='bbox 1621 5658 1795 5715; x_wconf 89' lang='lat' dir='ltr'><strong>puero</strong></span> <span class='ocrx_word' id='word_1_708' title='bbox 1834 5642 2007 5700; x_wconf 90' lang='lat' dir='ltr'><strong>multo</strong></span> 
     </span>
    </p>
   </div>
   <div class='ocr_carea' id='block_1_82' title="bbox 2086 4660 3724 4730">
    <p class='ocr_par' dir='ltr' id='par_1_82' title="bbox 2086 4660 3724 4730">
     <span class='ocr_line' id='line_1_82' title="bbox 2086 4660 3724 4730; baseline 0.001 -14"><span class='ocrx_word' id='word_1_709' title='bbox 2086 4662 2258 4716; x_wconf 89' lang='lat' dir='ltr'><strong>tiores</strong></span> <span class='ocrx_word' id='word_1_710' title='bbox 2304 4660 2566 4730; x_wconf 89' lang='lat' dir='ltr'><strong>impellat.</strong></span> <span class='ocrx_word' id='word_1_711' title='bbox 2619 4663 2753 4716; x_wconf 91' lang='lat' dir='ltr'><strong>Dum</strong></span> <span class='ocrx_word' id='word_1_712' title='bbox 2812 4660 3060 4730; x_wconf 87' lang='lat' dir='ltr'><strong>profecto</strong></span> <span class='ocrx_word' id='word_1_713' title='bbox 3118 4661 3206 4716; x_wconf 91' lang='lat' dir='ltr'><strong>his</strong></span> <span class='ocrx_word' id='word_1_714' title='bbox 3263 4661 3523 4730; x_wconf 91' lang='lat' dir='ltr'><strong>intendo,</strong></span> <span class='ocrx_word' id='word_1_715' title='bbox 3563 4662 3724 4718; x_wconf 89' lang='lat' dir='ltr'><strong>etiam</strong></span> 
     </span>
    </p>
   </div>
   <div class='ocr_carea' id='block_1_83' title="bbox 2087 4750 3728 4822">
    <p class='ocr_par' dir='ltr' id='par_1_83' title="bbox 2087 4750 3728 4822">
     <span class='ocr_line' id='line_1_83' title="bbox 2087 4750 3728 4822; baseline 0.001 -16"><span class='ocrx_word' id='word_1_716' title='bbox 2087 4751 2250 4806; x_wconf 90' lang='lat' dir='ltr'><strong>trium</strong></span> <span class='ocrx_word' id='word_1_717' title='bbox 2273 4750 2561 4806; x_wconf 91' lang='lat' dir='ltr'><strong>verborum</strong></span> <span class='ocrx_word' id='word_1_718' title='bbox 2593 4751 2646 4805; x_wconf 92' lang='lat' dir='ltr'><strong>in</strong></span> <span class='ocrx_word' id='word_1_719' title='bbox 2679 4750 2898 4806; x_wconf 81' lang='lat' dir='ltr'><strong>inventa</strong></span> <span class='ocrx_word' id='word_1_720' title='bbox 2922 4751 3201 4807; x_wconf 89' lang='lat' dir='ltr'><strong>crucicula</strong></span> <span class='ocrx_word' id='word_1_721' title='bbox 3222 4751 3561 4822; x_wconf 92' lang='lat' dir='ltr'><strong>sculptorum</strong></span> <span class='ocrx_word' id='word_1_722' title='bbox 3594 4752 3728 4807; x_wconf 91' lang='lat' dir='ltr'><strong>mihi</strong></span> 
     </span>
    </p>
   </div>
   <div class='ocr_carea' id='block_1_84' title="bbox 2086 4839 3732 4898">
    <p class='ocr_par' dir='ltr' id='par_1_84' title="bbox 2086 4839 3732 4898">
     <span class='ocr_line' id='line_1_84' title="bbox 2086 4839 3732 4898; baseline 0.001 -3"><span class='ocrx_word' id='word_1_723' title='bbox 2086 4839 2285 4895; x_wconf 91' lang='lat' dir='ltr'><strong>incidit</strong></span> <span class='ocrx_word' id='word_1_724' title='bbox 2333 4840 2556 4895; x_wconf 92' lang='lat' dir='ltr'><strong>mentio.</strong></span> <span class='ocrx_word' id='word_1_725' title='bbox 2591 4841 2660 4896; x_wconf 92' lang='lat' dir='ltr'><strong>Ut</strong></span> <span class='ocrx_word' id='word_1_726' title='bbox 2687 4840 2832 4895; x_wconf 90' lang='lat' dir='ltr'><strong>enim</strong></span> <span class='ocrx_word' id='word_1_727' title='bbox 2882 4847 3014 4897; x_wconf 87' lang='lat' dir='ltr'><strong>tunc</strong></span> <span class='ocrx_word' id='word_1_728' title='bbox 3063 4842 3242 4897; x_wconf 89' lang='lat' dir='ltr'><strong>tribus</strong></span> <span class='ocrx_word' id='word_1_729' title='bbox 3293 4842 3732 4898; x_wconf 90' lang='lat' dir='ltr'><strong>evidentioribus</strong></span> 
     </span>
    </p>
   </div>
   <div class='ocr_carea' id='block_1_85' title="bbox 2086 4927 3731 5000">
    <p class='ocr_par' dir='ltr' id='par_1_85' title="bbox 2086 4927 3731 5000">
     <span class='ocr_line' id='line_1_85' title="bbox 2086 4927 3731 5000; baseline 0.002 -16"><span class='ocrx_word' id='word_1_730' title='bbox 2086 4929 2260 5000; x_wconf 90' lang='lat' dir='ltr'><strong>signis</strong></span> <span class='ocrx_word' id='word_1_731' title='bbox 2297 4929 2494 4984; x_wconf 90' lang='lat' dir='ltr'><strong>claruit</strong></span> <span class='ocrx_word' id='word_1_732' title='bbox 2522 4927 2776 4985; x_wconf 88' lang='lat' dir='ltr'><strong>elevatio.</strong></span> <span class='ocrx_word' id='word_1_733' title='bbox 2808 4930 2939 4984; x_wconf 85' lang='lat' dir='ltr'><strong>Nam</strong></span> <span class='ocrx_word' id='word_1_734' title='bbox 2965 4930 3108 4986; x_wconf 91' lang='lat' dir='ltr'><strong>sicut</strong></span> <span class='ocrx_word' id='word_1_735' title='bbox 3137 4931 3193 4985; x_wconf 91' lang='lat' dir='ltr'><strong>in</strong></span> <span class='ocrx_word' id='word_1_736' title='bbox 3225 4931 3542 4987; x_wconf 91' lang='lat' dir='ltr'><strong>inventione</strong></span> <span class='ocrx_word' id='word_1_737' title='bbox 3572 4931 3731 5000; x_wconf 90' lang='lat' dir='ltr'><strong>quis-</strong></span> 
     </span>
    </p>
   </div>
   <div class='ocr_carea' id='block_1_86' title="bbox 2089 5019 3728 5092">
    <p class='ocr_par' dir='ltr' id='par_1_86' title="bbox 2089 5019 3728 5092">
     <span class='ocr_line' id='line_1_86' title="bbox 2089 5019 3728 5092; baseline 0.002 -19"><span class='ocrx_word' id='word_1_738' title='bbox 2089 5033 2213 5074; x_wconf 89' lang='lat' dir='ltr'><strong>nam</strong></span> <span class='ocrx_word' id='word_1_739' title='bbox 2263 5024 2408 5074; x_wconf 91' lang='lat' dir='ltr'><strong>esset</strong></span> <span class='ocrx_word' id='word_1_740' title='bbox 2463 5019 2790 5084; x_wconf 89' lang='lat' dir='ltr'><strong>nesciretur,</strong></span> <span class='ocrx_word' id='word_1_741' title='bbox 2842 5019 2896 5073; x_wconf 93' lang='lat' dir='ltr'><strong>ni</strong></span> <span class='ocrx_word' id='word_1_742' title='bbox 2947 5019 3052 5074; x_wconf 90' lang='lat' dir='ltr'><strong>tria</strong></span> <span class='ocrx_word' id='word_1_743' title='bbox 3106 5020 3273 5076; x_wconf 88' lang='lat' dir='ltr'><strong>verba</strong></span> <span class='ocrx_word' id='word_1_744' title='bbox 3329 5021 3728 5092; x_wconf 87' lang='lat' dir='ltr'><strong>loquerentur;</strong></span> 
     </span>
    </p>
   </div>
   <div class='ocr_carea' id='block_1_87' title="bbox 2089 5105 3733 5178">
    <p class='ocr_par' dir='ltr' id='par_1_87' title="bbox 2089 5105 3733 5178">
     <span class='ocr_line' id='line_1_87' title="bbox 2089 5105 3733 5178; baseline 0.001 -14"><span class='ocrx_word' id='word_1_745' title='bbox 2089 5109 2169 5164; x_wconf 91' lang='lat' dir='ltr'><strong>sic</strong></span> <span class='ocrx_word' id='word_1_746' title='bbox 2199 5121 2419 5178; x_wconf 91' lang='lat' dir='ltr'><strong>quoque</strong></span> <span class='ocrx_word' id='word_1_747' title='bbox 2459 5106 2515 5161; x_wconf 89' lang='lat' dir='ltr'><strong>in</strong></span> <span class='ocrx_word' id='word_1_748' title='bbox 2553 5106 2860 5163; x_wconf 88' lang='lat' dir='ltr'><strong>elevatione</strong></span> <span class='ocrx_word' id='word_1_749' title='bbox 2891 5105 3036 5163; x_wconf 91' lang='lat' dir='ltr'><strong>hand</strong></span> <span class='ocrx_word' id='word_1_750' title='bbox 3067 5109 3201 5164; x_wconf 90' lang='lat' dir='ltr'><strong>satis</strong></span> <span class='ocrx_word' id='word_1_751' title='bbox 3229 5110 3298 5166; x_wconf 85' lang='lat' dir='ltr'><strong>ab</strong></span> <span class='ocrx_word' id='word_1_752' title='bbox 3329 5110 3585 5167; x_wconf 88' lang='lat' dir='ltr'><strong>omnibus</strong></span> <span class='ocrx_word' id='word_1_753' title='bbox 3613 5124 3733 5166; x_wconf 91' lang='lat' dir='ltr'><strong>cre-</strong></span> 
     </span>
    </p>
   </div>
   <div class='ocr_carea' id='block_1_88' title="bbox 2088 5195 3734 5263">
    <p class='ocr_par' dir='ltr' id='par_1_88' title="bbox 2088 5195 3734 5263">
     <span class='ocr_line' id='line_1_88' title="bbox 2088 5195 3734 5263; baseline 0.002 -10"><span class='ocrx_word' id='word_1_754' title='bbox 2088 5196 2336 5263; x_wconf 90' lang='lat' dir='ltr'><strong>deretur,</strong></span> <span class='ocrx_word' id='word_1_755' title='bbox 2369 5195 2473 5251; x_wconf 93' lang='lat' dir='ltr'><strong>nisi</strong></span> <span class='ocrx_word' id='word_1_756' title='bbox 2512 5196 2598 5252; x_wconf 92' lang='lat' dir='ltr'><strong>his</strong></span> <span class='ocrx_word' id='word_1_757' title='bbox 2630 5197 2794 5252; x_wconf 91' lang='lat' dir='ltr'><strong>trium</strong></span> <span class='ocrx_word' id='word_1_758' title='bbox 2841 5197 3232 5255; x_wconf 90' lang='lat' dir='ltr'><strong>miraculorum</strong></span> <span class='ocrx_word' id='word_1_759' title='bbox 3283 5199 3505 5256; x_wconf 90' lang='lat' dir='ltr'><strong>indiciis</strong></span> <span class='ocrx_word' id='word_1_760' title='bbox 3532 5201 3734 5256; x_wconf 89' lang='lat' dir='ltr'><strong>veritas</strong></span> 
     </span>
    </p>
   </div>
   <div class='ocr_carea' id='block_1_89' title="bbox 2089 5285 3732 5357">
    <p class='ocr_par' dir='ltr' id='par_1_89' title="bbox 2089 5285 3732 5357">
     <span class='ocr_line' id='line_1_89' title="bbox 2089 5285 3732 5357; baseline 0.002 -14"><span class='ocrx_word' id='word_1_761' title='bbox 2089 5287 2504 5344; x_wconf 83' lang='lat' dir='ltr'><strong>clarificaretur.</strong></span> <span class='ocrx_word' id='word_1_762' title='bbox 2562 5285 2702 5354; x_wconf 90' lang='lat' dir='ltr'><strong>Quid</strong></span> <span class='ocrx_word' id='word_1_763' title='bbox 2760 5286 2988 5357; x_wconf 81' lang='lat' dir='ltr'><strong>igitur?</strong></span> <span class='ocrx_word' id='word_1_764' title='bbox 3044 5289 3284 5346; x_wconf 90' lang='lat' dir='ltr'><strong>Tantane</strong></span> <span class='ocrx_word' id='word_1_765' title='bbox 3345 5288 3483 5345; x_wconf 88' lang='lat' dir='ltr'><strong>nihil</strong></span> <span class='ocrx_word' id='word_1_766' title='bbox 3540 5289 3732 5348; x_wconf 89' lang='lat' dir='ltr'><strong>harum</strong></span> 
     </span>
    </p>
   </div>
   <div class='ocr_carea' id='block_1_90' title="bbox 2090 5376 3830 5445">
    <p class='ocr_par' dir='ltr' id='par_1_90' title="bbox 2090 5376 3830 5445">
     <span class='ocr_line' id='line_1_90' title="bbox 2090 5376 3830 5445; baseline 0.003 -13"><span class='ocrx_word' id='word_1_767' title='bbox 2090 5390 2274 5432; x_wconf 90' lang='lat' dir='ltr'><strong>rerum</strong></span> <span class='ocrx_word' id='word_1_768' title='bbox 2313 5376 2696 5432; x_wconf 90' lang='lat' dir='ltr'><strong>convenientia</strong></span> <span class='ocrx_word' id='word_1_769' title='bbox 2735 5384 3122 5434; x_wconf 79' lang='lat' dir='ltr'><strong>moveremur?</strong></span> <span class='ocrx_word' id='word_1_770' title='bbox 3172 5379 3294 5434; x_wconf 89' lang='lat' dir='ltr'><strong>Tria</strong></span> <span class='ocrx_word' id='word_1_771' title='bbox 3331 5379 3498 5435; x_wconf 88' lang='lat' dir='ltr'><strong>verba</strong></span> <span class='ocrx_word' id='word_1_772' title='bbox 3546 5380 3737 5438; x_wconf 87' lang='lat' dir='ltr'><strong>inven-</strong></span> <span class='ocrx_word' id='word_1_773' title='bbox 3827 5440 3830 5445; x_wconf 73' lang='grc'><strong>,</strong></span> 
     </span>
    </p>
   </div>
   <div class='ocr_carea' id='block_1_91' title="bbox 2090 5465 3736 5536">
    <p class='ocr_par' dir='ltr' id='par_1_91' title="bbox 2090 5465 3736 5536">
     <span class='ocr_line' id='line_1_91' title="bbox 2090 5465 3736 5536; baseline 0.003 -15"><span class='ocrx_word' id='word_1_774' title='bbox 2090 5467 2318 5532; x_wconf 92' lang='lat' dir='ltr'><strong>tionem,</strong></span> <span class='ocrx_word' id='word_1_775' title='bbox 2388 5465 2494 5521; x_wconf 90' lang='lat' dir='ltr'><strong>tria</strong></span> <span class='ocrx_word' id='word_1_776' title='bbox 2558 5465 2820 5522; x_wconf 88' lang='lat' dir='ltr'><strong>miracula</strong></span> <span class='ocrx_word' id='word_1_777' title='bbox 2885 5465 3192 5536; x_wconf 67' lang='lat' dir='ltr'><strong>praedicant</strong></span> <span class='ocrx_word' id='word_1_778' title='bbox 3254 5466 3634 5526; x_wconf 89' lang='lat' dir='ltr'><strong>elevationem.</strong></span> <span class='ocrx_word' id='word_1_779' title='bbox 3693 5472 3736 5526; x_wconf 93' lang='lat'><strong>0</strong></span> 
     </span>
    </p>
   </div>
   <div class='ocr_carea' id='block_1_92' title="bbox 2090 5555 3739 5628">
    <p class='ocr_par' dir='ltr' id='par_1_92' title="bbox 2090 5555 3739 5628">
     <span class='ocr_line' id='line_1_92' title="bbox 2090 5555 3739 5628; baseline 0.004 -19"><span class='ocrx_word' id='word_1_780' title='bbox 2090 5559 2296 5625; x_wconf 88' lang='lat' dir='ltr'><strong>quanta</strong></span> <span class='ocrx_word' id='word_1_781' title='bbox 2325 5567 2557 5624; x_wconf 87' lang='lat' dir='ltr'><strong>cperum</strong></span> <span class='ocrx_word' id='word_1_782' title='bbox 2595 5555 2692 5612; x_wconf 90' lang='lat' dir='ltr'><strong>Dei</strong></span> <span class='ocrx_word' id='word_1_783' title='bbox 2725 5556 3146 5627; x_wconf 89' lang='lat' dir='ltr'><strong>consequentia,</strong></span> <span class='ocrx_word' id='word_1_784' title='bbox 3197 5562 3401 5628; x_wconf 89' lang='lat' dir='ltr'><strong>quanta</strong></span> <span class='ocrx_word' id='word_1_785' title='bbox 3430 5556 3580 5614; x_wconf 89' lang='lat' dir='ltr'><strong>lucet</strong></span> <span class='ocrx_word' id='word_1_786' title='bbox 3609 5571 3739 5615; x_wconf 90' lang='lat' dir='ltr'><strong>eon-</strong></span> 
     </span>
    </p>
   </div>
   <div class='ocr_carea' id='block_1_93' title="bbox 2091 5641 3739 5720">
    <p class='ocr_par' dir='ltr' id='par_1_93' title="bbox 2091 5641 3739 5720">
     <span class='ocr_line' id='line_1_93' title="bbox 2091 5641 3739 5720; baseline 0.004 -23"><span class='ocrx_word' id='word_1_787' title='bbox 2091 5641 2320 5698; x_wconf 85' lang='lat' dir='ltr'><strong>cordiat</strong></span> <span class='ocrx_word' id='word_1_788' title='bbox 2365 5643 2479 5700; x_wconf 86' lang='lat' dir='ltr'><strong>Hac</strong></span> <span class='ocrx_word' id='word_1_789' title='bbox 2522 5644 2812 5702; x_wconf 90' lang='lat' dir='ltr'><strong>verborum</strong></span> <span class='ocrx_word' id='word_1_790' title='bbox 2862 5645 3258 5718; x_wconf 82' lang='lat' dir='ltr'><strong>signorumque</strong></span> <span class='ocrx_word' id='word_1_791' title='bbox 3307 5645 3539 5720; x_wconf 82' lang='lat' dir='ltr'><strong>(supple,</strong></span> <span class='ocrx_word' id='word_1_792' title='bbox 3589 5647 3739 5719; x_wconf 89' lang='lat' dir='ltr'><strong>luce)</strong></span> 
     </span>
    </p>
   </div>
  </div>
