4106 6178
454 325 590 383 1159

1573 321 1900 377 FOLCARDI
1939 321 2235 376 MONACHI
2277 321 2704 377 SlTHIVENSIS.

3689 322 3827 378 1160

450 425 633 510 omnia
670 451 738 507 ab
767 448 1022 505 omnibus
1069 448 1165 502 Dei
1211 447 1384 517 gratia
1433 445 1713 517 pelluntur
1750 446 2086 516 umbracula,
2111 447 2238 506 Aet
2275 447 2564 502 abbatibus
2593 445 2852 517 quiddam
2897 451 3208 502 sanctarum
3249 445 3602 518 reliquiarum
3655 451 3826 519 impe-

452 544 556 599 hac
587 541 724 596 tanti
756 539 974 610 patroni
1001 551 1146 592 nunc
1175 535 1451 607 fulgurant
1481 535 1692 590 merita.

527 630 610 686 16.
653 631 944 694 Caterum,
980 625 1218 697 peractis
1266 640 1386 681 cum
1436 631 1602 680 tanta
1652 624 1842 696 gloria
1891 626 2096 695 magni-

452 721 672 777 ﬁcentia
733 717 1102 775 sacrosanctis
1147 715 1434 771 missarum
1491 714 1707 781 ofﬁciis,
1766 714 2093 783 caterisque

451 817 768 867 sanctorum
799 805 1128 875 corporibus
1164 804 1302 860 locis
1331 804 1447 859 suis
1475 803 1798 874 deportatis,
1830 804 2092 859 scrinium

449 900 624 957 sancti
657 896 860 953 Bertini
899 895 1078 951 adhuc
1118 896 1461 950 immunitum
1500 909 1666 964 super
1704 908 1849 949 aram
1887 900 2092 951 sancta

451 990 632 1046 crucis
680 985 885 1056 populo
944 983 1403 1054 frequentandum
1453 983 1765 1053 exponitur,
1811 985 1922 1053 jam
1975 984 2092 1039 sole

451 1081 517 1136 ad
567 1090 822 1134 occasum
872 1079 1152 1146 vergente,
1205 1075 1401 1144 positis
1456 1073 1780 1129 custodibus
1837 1073 1892 1127 in
1947 1074 2091 1129 diem

450 1168 749 1224 crastinum
799 1165 1124 1236 signandum
1175 1171 1548 1220 conservatur.
1595 1165 1692 1218 His
1738 1163 1876 1218 bene
1923 1163 2094 1232 gestis

451 1271 685 1328 corpora
737 1257 904 1311 rebus
959 1260 1346 1324 procurentur,
1395 1259 1557 1322 atque
1606 1253 1685 1307 sic
1737 1252 2093 1307 celeberrima

452 1349 571 1404 dies
620 1347 713 1402 illa
742 1360 863 1401 cum
916 1343 1267 1400 inenarrabili
1316 1343 1490 1412 gloria
1522 1347 1950 1398 consummatur.
1999 1343 2090 1396 Se-

449 1443 653 1507 quente
691 1448 820 1492 vero
871 1434 957 1490 die
1007 1434 1134 1489 item
1184 1432 1484 1497 acceditur,
1517 1437 1680 1500 atque
1730 1432 1886 1486 testis
1921 1438 2090 1502 gesta

449 1526 530 1581 rei
587 1525 770 1581 cautio
827 1522 1098 1588 ordinem,
1161 1529 1402 1590 tempus,
1465 1534 1753 1589 personam
1801 1535 1865 1574 ac
1922 1527 2093 1575 testes

451 1613 744 1670 continens
781 1616 992 1666 astante
1023 1611 1308 1665 innumera
1342 1609 1529 1679 populi
1564 1609 1913 1664 multitudine
1957 1609 2091 1664 reci-

2177 538 2354 599 tratis,
2413 537 2614 607 singuli
2671 536 2904 607 singulis
2962 535 3154 592 donati
3221 537 3541 593 muneribus
3597 539 3666 593 ad
3726 555 3824 594 sua

2176 634 2488 682 remearunt
2527 626 2726 681 latius.

2253 716 2336 770 18.
2395 718 2634 783 Quorum
2692 730 2851 784 unus,
2906 717 3168 772 videlicet
3232 717 3401 772 abbas
3452 720 3506 774 S.
3564 719 3824 774 Walerici

2175 807 2368 870 Wazo,
2430 811 2741 860 sanctarum
2799 806 3156 876 reliquiarum
3225 806 3483 876 quiddam
3554 808 3823 878 adeptus,

2176 901 2463 964 postquam
2511 900 2734 963 peracto
2776 909 2948 950 sacra
3001 895 3326 950 elevationis
3373 895 3648 952 solemnio
3697 913 3826 968 gau-

2175 983 2313 1038 dens
2361 984 2581 1039 domum
2629 989 2713 1039 est
2758 999 3063 1055 regressus,
3108 984 3335 1054 quidam
3388 986 3632 1042 rusticus
3679 995 3824 1042 utro-

2175 1087 2404 1142 rumque
2453 1072 2668 1128 orbium
2722 1072 2946 1142 pupillis
2993 1074 3252 1144 gravibus
3290 1073 3518 1129 maculis
3565 1076 3824 1130 obductis

2175 1168 2430 1228 cacatus,
2474 1175 2649 1230 puero
2697 1161 2802 1216 sibi
2852 1161 3126 1232 dirigente
3176 1177 3417 1232 gressus,
3470 1166 3710 1219 accessit
3756 1165 3821 1219 ad

2174 1265 2318 1318 eum,
2353 1251 2625 1321 quidlibet
2663 1251 3047 1307 medicationis
3092 1252 3490 1321 postulaturus.
3541 1255 3641 1308 Cui
3690 1254 3820 1309 ille:

2172 1339 2342 1404 Nihil,
2384 1340 2586 1409 inquit,
2625 1341 2862 1395 antidoti
2902 1340 2996 1395 tali
3036 1341 3230 1397 morbo
3282 1342 3405 1396 novi
3455 1341 3822 1404 salutiferum,

2171 1435 2376 1498 prater
2440 1429 2872 1498 cunctipotentis
2927 1429 3294 1500 salutarisque
3362 1432 3579 1486 Domini
3649 1434 3825 1487 nostri

2167 1519 2295 1574 Jesu
2367 1518 2569 1574 Christi
2648 1523 2991 1588 proventum.
3071 1522 3454 1576 Verumtamen
3537 1520 3825 1590 cujusdam

2169 1609 2404 1664 celebris
2450 1609 2625 1664 sancti
2665 1610 3012 1665 sanctissimo
3052 1609 3373 1665 elevationis
3404 1611 3679 1679 obsequio
3723 1625 3828 1665 nu-

451 1707 616 1769 tatur,
666 1715 729 1756 ac
787 1700 1029 1770 perlecta
1069 1715 1191 1755 cum
1242 1699 1462 1754 inventa
1517 1712 1680 1753 cruce
1737 1703 2150 1770 sacrosancto_
2179 1699 2415 1768 perrime
2465 1698 2746 1754 nonnullis
2791 1699 3253 1754 concurrentibus
3299 1705 3354 1754 et
3405 1714 3506 1770 ego
3565 1701 3825 1764 conveni,

451 1792 673 1861 corpori
741 1790 1090 1859 componitur
1122 1832 1135 1854 ,
1201 1790 1392 1858 sicque
1459 1788 1822 1857 compositum
1897 1764 2484 1858 summiBsanctoque
2522 1789 2904 1857 hujuscemodi
2953 1791 3175 1860 negotio
3224 1790 3470 1858 quamvis
3521 1791 3830 1845 immeritus

450 1880 706 1950 prasulis
744 1878 930 1949 sigillo
961 1879 1230 1948 signatur,
1262 1878 1524 1932 scrinium
1566 1877 1859 1943 clauditur,
1901 1877 2096 1932 ferreis

452 1969 679 2024 circulis
721 1968 996 2037 clavisque
1044 1971 1307 2032 arctatur,
1359 1967 1664 2033 consuitur,
1718 1967 1974 2033 vincitur,
2019 1967 2097 2021 in-

452 2058 961 2127 dissolubiliterque
1010 2071 1316 2114 connexum
1349 2073 1470 2112 cum
1504 2058 1810 2113 innumera
1852 2057 2097 2112 multitu-

451 2149 599 2204 dinis
649 2147 892 2218 tripudio
951 2147 1005 2201 in
1063 2149 1260 2202 Sancta
1298 2152 1611 2202 sanctorum
1665 2161 1788 2201 cum
1847 2146 2096 2216 reliquiis

453 2238 736 2294 inducitur
765 2236 1216 2308 magniﬁcandum
1253 2256 1265 2290 :
1298 2237 1392 2291 ubi
1425 2250 1570 2290 nunc
1603 2250 1774 2306 usque
1803 2243 2098 2291 veneratur

452 2333 526 2393 et,
571 2326 798 2382 Domino
838 2331 1136 2393 annuente,
1169 2324 1521 2380 venerabitur
1565 2325 1621 2379 in
1667 2323 1868 2380 sacula
1914 2339 2094 2381 sacu-

451 2415 650 2472 lorum.

528 2505 612 2559 17.
656 2503 861 2560 Dehinc
907 2507 1089 2559 autem
1140 2516 1312 2558 sacra
1354 2501 1678 2558 elevationis
1707 2503 1850 2571 diem
1891 2516 2096 2558 memo-

450 2593 640 2650 rialem
688 2605 931 2648 summus
978 2590 1178 2661 prasul
1218 2606 1282 2646 ac
1321 2591 1554 2647 domnus
1583 2593 1879 2661 episcopus
1907 2598 2097 2648 noster

451 2695 481 2736 a
521 2686 720 2736 cuncto
771 2679 974 2750 populo
1008 2680 1171 2750 hujus
1200 2680 1507 2736 diaceseos
1545 2681 1808 2750 deinceps
1836 2694 2098 2736 veneran-

452 2772 602 2838 dum,
634 2769 913 2841 multaque
953 2770 1246 2826 devotione
1294 2770 1526 2840 singulis
1572 2771 1732 2825 annis
1780 2771 2096 2826 indixerunt

450 2860 762 2918 colendum.
816 2861 913 2916 His
959 2861 1035 2916 ita
1083 2861 1344 2931 peractis,
1395 2867 1449 2917 et
1498 2861 1717 2916 domnis
1764 2861 2097 2930 prasulibus

2174 1876 2446 1932 interfui:
2499 1878 2574 1932 ibi
2634 1892 2856 1947 quoque
2909 1879 3096 1948 quanti
3155 1878 3298 1933 idem
3355 1885 3580 1933 sanctus
3637 1878 3824 1942 fuerit,

2179 1967 2412 2023 diversis
2468 1967 2858 2023 miraculorum
2906 1967 3247 2037 magnalibus
3301 1968 3564 2023 Dominus
3611 1973 3831 2024 cunctis

2181 2058 2342 2114 nobis
2398 2057 2717 2112 declaravit.
2773 2059 2848 2112 De
2901 2071 3011 2126 quo
3067 2057 3229 2112 etiam
3289 2057 3451 2112 unius
3506 2066 3830 2114 sanctorum

2179 2146 2422 2201 dentium
2473 2145 2620 2201 dono
2681 2145 2888 2201 ditatus
2943 2145 3049 2201 huc
3108 2146 3428 2215 regrediens
3483 2147 3673 2211 attuli,
3736 2147 3830 2202 tali

2178 2249 2404 2290 munere
2464 2235 2681 2305 gavisus
2731 2255 2743 2290 :
2805 2240 2861 2290 et
2907 2235 2953 2289 si
3003 2234 3163 2289 ﬁdem
3209 2235 3530 2291 adhibueris
3577 2238 3828 2306 ejusdem

2179 2325 2391 2380 meritis
2437 2317 2612 2380 sancti
2661 2329 2715 2379 te
2744 2324 2915 2393 posse
2954 2325 3157 2391 sanari,
3199 2333 3440 2380 actutum
3481 2326 3581 2380 tibi
3619 2328 3830 2394 jubebo

2181 2415 2524 2485 prasentari.
2555 2413 2633 2468 Ad
2667 2414 2786 2470 hac
2817 2413 2908 2470 ille
2935 2434 2946 2468 :
2982 2413 3231 2480 Conﬁdo,
3263 2415 3463 2484 inquit.
3507 2416 3673 2485 Isque
3706 2431 3836 2472 mox

2179 2504 2234 2558 in
2266 2510 2568 2574 conspectu
2599 2504 2891 2558 astantium
2930 2503 3124 2558 afferre
3164 2505 3447 2573 praecpit.
3500 2507 3622 2572 Quo
3664 2507 3834 2563 allato

2180 2599 2234 2648 et
2283 2593 2531 2663 utrisque
2585 2596 2704 2662 ejus
2752 2593 3052 2674 luminibus
3097 2593 3367 2657 adhibito,
3409 2593 3710 2651 confestim
3754 2613 3837 2653 re—

2178 2683 2370 2738 velatis
2417 2683 2594 2739 oculis
2641 2683 2787 2738 clare
2826 2683 3013 2739 videre
3062 2684 3249 2754 capit,
3290 2690 3454 2753 atque
3503 2700 3680 2755 super
3729 2689 3834 2745 hoc

2179 2774 2400 2828 nomine
2448 2773 2661 2828 Domini
2692 2773 3009 2838 benedicto,
3044 2787 3239 2844 sospes
3267 2773 3570 2845 hilarisque
3605 2778 3835 2834 domum

2179 2863 2345 2919 rediit
2378 2863 2526 2934 (70).

525 2980 642 3052 (70)
675 2983 728 3054 S.
772 2982 982 3037 Bertini
1013 2995 1220 3051 corpus
1250 2983 1426 3038 theca
1457 2989 1735 3054 argentea
1765 2997 1932 3052 super
1960 2981 2132 3038 altare
2162 2983 2356 3051 majus,
2390 2989 2555 3052 caput
2583 2982 2788 3038 scrinio
2819 2982 3080 3038 deaurato
3102 2981 3370 3037 inclusum
3401 2981 3456 3035 in
3489 2994 3658 3036 sacro
3689 2995 3836 3050 penu

451 3067 482 3107 a
511 3053 842 3107 Bertinianis
868 3053 1075 3108 nostris
1103 3060 1436 3109 asservatur.

1350 3313 1638 3380 SERMO
1701 3314 1789 3382 IN
1854 3314 2120 3380 FESTO
2186 3313 2572 3380 EJUSDEM
2633 3313 2931 3380 SANCTI

1856 3481 2406 3572 (Fragmentum)

520 3637 782 3707 Gaudete,
825 3640 1170 3700 dilectissimi
1217 3643 1434 3714 fratres,
1486 3647 1542 3703 in
1589 3646 1842 3712 Domino,
1884 3647 1978 3716 qui
2024 3643 2490 3708 adCcumuletur
2544 3643 2740 3715 gloria,
2801 3648 2856 3700 et
2913 3658 3016 3700 nos
3066 3658 3188 3706 cum
3243 3643 3338 3700 illo
3395 3641 3830 3698 desiderabilem

448 3729 779 3786 sanctissimi
827 3732 1004 3789 Patris
1058 3739 1113 3790 et
1151 3735 1484 3804 protectoris
1529 3737 1725 3804 nostri,
1773 3736 1947 3791 sancti
1989 3735 2091 3790 sci-

449 3815 580 3872 licet
619 3819 823 3874 Bertini
873 3821 1140 3879 solemnia
1189 3826 1542 3894 convenistis,
1593 3831 1648 3883 et
1686 3825 1961 3896 spirituali
2009 3827 2091 3895 ju-

449 3906 732 3963 cunditate
771 3908 1054 3978 latamini,
1087 3919 1142 3969 et
1190 3929 1258 3970 ex
1304 3916 1498 3971 intimo
1538 3915 1723 3971 cordis
1752 3915 1948 3970 affectu
1988 3913 2095 3969 cle-

450 3996 706 4050 mentiam
747 3999 962 4055 Domini
1008 4005 1183 4058 nostri
1229 4006 1359 4060 Jesu
1397 4005 1599 4061 Christi
1638 4004 1968 4071 collaudate,
2000 4003 2094 4074 qui

451 4095 554 4138 nos
577 4084 645 4138 ab
675 4084 1005 4144 idololatria
1036 4092 1320 4148 erroribus
1341 4094 1408 4150 ad
1441 4094 1774 4166 agnitionem
1805 4093 1978 4150 sancti
2008 4093 2095 4149 sui

450 4173 691 4229 nominis
738 4190 840 4245 per
867 4176 1030 4248 hujus
1067 4183 1242 4237 sancti
1291 4183 1598 4239 sacerdotis
1645 4183 2092 4255 pradicationem

451 4261 758 4332 perducere
807 4266 1062 4339 dignatus
1111 4275 1214 4327 est.
1263 4273 1567 4344 Sequamur
1613 4274 1945 4330 unanimiter
1985 4277 2092 4328 tam

449 4353 627 4408 sancti
687 4353 934 4413 doctoris
987 4361 1254 4432 vestigia;
1324 4377 1436 4420 non
1493 4363 1664 4420 simus
1719 4364 1856 4419 tanti
1919 4363 2096 4418 Patris

449 4439 754 4512 degeneres
801 4445 936 4516 ﬁlii,
985 4449 1082 4506 sed
1129 4452 1475 4508 sanctitatem
1515 4454 1641 4508 vita
1689 4451 1838 4508 illius
1883 4465 2094 4508 morum

449 4531 740 4590 nobilitate
786 4535 1083 4594 imitemur.
1124 4540 1458 4611 Abjiciamus
1486 4556 1517 4596 a
1547 4542 1707 4598 nobis
1736 4555 1904 4613 opera
1942 4547 2096 4598 tene-

451 4618 693 4691 brarum,
740 4629 796 4680 et
841 4625 1132 4685 induamus
1181 4643 1282 4687 nos
1319 4644 1466 4686 arma
1512 4630 1673 4699 lucis,
1727 4631 1871 4688 sicut
1919 4631 1974 4686 in
2005 4630 2095 4686 die

450 4709 682 4769 honeste
715 4715 1058 4774 ambulemus
1097 4720 1266 4786 (Rom.
1298 4735 1416 4788 xm,
1456 4718 1534 4790 l2)
1573 4739 1586 4775 :
1628 4719 1756 4789 quia
1795 4733 1903 4776 nox
1939 4720 2096 4791 igno-

450 4801 644 4857 rantia
674 4804 925 4874 recessit,
957 4811 1013 4861 et
1041 4821 1184 4863 vera
1212 4807 1460 4864 scientia
1490 4808 1652 4864 nobis
1680 4808 1863 4864 lumen
1892 4808 2091 4877 illuxit,

449 4893 510 4945 ut
540 4889 634 4945 ﬁlii
669 4890 809 4948 lucis
839 4894 894 4948 in
927 4895 1075 4950 omni
1107 4897 1358 4953 castitate
1399 4903 1454 4954 et
1501 4897 1703 4969 pietate
1734 4897 2092 4954 ambulemus.

2176 3749 2483 3790 mereamur
2547 3735 2737 3790 audire
2804 3735 3130 3790 sententiam
3197 3755 3209 3789 :
3284 3734 3497 3800 Venite,
3568 3731 3832 3787 benedicti

2174 3825 2350 3880 Patris
2397 3824 2514 3892 mei,
2551 3825 2804 3896 percipite
2847 3839 3062 3894 regnum
3099 3823 3236 3894 quod
3273 3822 3417 3878 vobis
3459 3827 3718 3893 paratum
3756 3821 3833 3873 est

2176 3911 2242 3968 ab
2291 3914 2493 3982 origine
2545 3914 2721 3968 mundi
2772 3913 2988 3984 (Matth.
3022 3929 3143 3978 xxv,
3183 3911 3306 3982 34).
3355 3911 3450 3967 llle
3489 3911 3559 3966 de
3611 3908 3828 3966 cmlesti

2177 4003 2354 4072 patria
2420 4003 2525 4072 piis
2574 4003 2919 4059 orationibus
2966 4006 3211 4058 nostrum
3277 4000 3528 4072 quotidie
3589 4012 3828 4070 agonem

2175 4092 2432 4162 adjuvare
2481 4106 2590 4148 non
2640 4092 2880 4160 desistit,
2918 4092 3241 4149 desiderans
3287 4105 3416 4147 suos
3463 4091 3829 4146 charissimos

2176 4182 2339 4247 ﬁlios,
2363 4195 2504 4251 quos
2532 4185 2759 4252 paterna
2789 4182 2991 4251 pietate
3020 4181 3210 4252 genuit
3239 4182 3294 4236 in
3325 4181 3568 4245 Christo,
3611 4179 3682 4234 ad
3715 4178 3832 4249 gle-

2177 4271 2312 4326 riam
2357 4276 2638 4341 perpetua
2687 4271 3046 4327 beatitudinis
3093 4270 3400 4340 pervenire.
3451 4271 3829 4338 Quapropter,

2177 4360 2505 4428 charissimi,
2539 4361 2917 4431 unusquisque
2948 4360 3002 4415 in
3035 4374 3134 4416 suo
3173 4360 3369 4416 ordine
3409 4358 3723 4414 secundum
3756 4358 3835 4412 vi-

2176 4451 2316 4506 rium
2369 4465 2586 4506 suarum
2633 4449 2946 4507 facultatem
2993 4448 3212 4506 fortiter
3257 4449 3551 4505 diabolicis
3601 4449 3834 4503 resistat

2177 4539 2650 4612 suggestionibus;
2703 4547 2764 4595 ut
2802 4545 3061 4596 aternam
3103 4539 3363 4609 triumphi
3405 4551 3672 4593 coronam
3709 4551 3833 4592 cum

2179 4628 2271 4698 pio
2312 4634 2536 4698 parente
2588 4633 2776 4685 nostro
2815 4629 3069 4699 accipere
3107 4628 3306 4699 dignus
3351 4625 3626 4682 efficiatur
3658 4646 3673 4681 :
3713 4629 3834 4681 Non

2176 4723 2296 4774 sunt
2325 4719 2459 4774 enim
2497 4719 2786 4789 condigna,
2819 4724 2880 4774 ut
2908 4719 2987 4774 ait
3014 4718 3331 4789 Apostolus,
3370 4717 3647 4788 passiam
3676 4715 3836 4786 hujus

2179 4809 2425 4880 temporis
2471 4809 2542 4865 ad
2596 4813 3024 4880 superventuram
3069 4807 3291 4877 gloriam
3338 4821 3452 4878 qua:
3504 4804 3837 4860 revelabitur

2177 4899 2233 4952 in
2262 4897 2410 4954 nobis
2440 4897 2608 4969 (Rom.
2641 4915 2761 4965 vui,
2799 4895 2904 4969 18).
2955 4897 3126 4969 Igitur
3155 4897 3318 4952 breve
3357 4894 3566 4950 laboris
3610 4901 3835 4965 tempus

447 4979 569 5036 Non
619 4981 731 5037 sint
777 4982 1012 5056 alicujus
1063 4988 1326 5057 nequitia
1372 4987 1458 5044 vel
1505 4987 1728 5044 malitia
1775 4986 1991 5044 occulta
2040 4981 2366 5043 inDdivina
2423 4987 2584 5044 nobis
2642 4987 2814 5044 voluit
2852 5001 2971 5043 esse
3029 4986 3226 5056 pietas,
3286 4990 3341 5041 et
3395 4983 3592 5054 agonis
3650 4984 3832 5039 nostri

449 5069 612 5125 nobis
642 5072 880 5140 semina;
913 5075 1042 5144 quia
1081 5074 1246 5132 homo
1275 5077 1426 5134 videt
1455 5079 1510 5134 in
1549 5077 1710 5145 facie,
1742 5080 1886 5134 Deus
1913 5081 2093 5132 autem

449 5159 618 5215 corda
673 5162 989 5220 considerat
1032 5163 1094 5236 (Ι
1127 5167 1255 5235 Reg.
1296 5182 1410 5230 ΧΠ,
1449 5167 1523 5237 7),
1558 5181 1662 5222 nec
1695 5167 1904 5238 aliquid
1948 5165 2096 5221 illius

451 5249 867 5320 omnipotentia
916 5253 1095 5311 oculis
1141 5255 1420 5312 occultare
1467 5261 1669 5326 potest.
1720 5258 2097 5326 Praparemus

451 5341 506 5391 et
557 5351 660 5395 nos
706 5341 762 5396 in
802 5343 952 5398 omni
1009 5343 1278 5414 bonitate,
1330 5349 1390 5401 ut
1450 5345 1750 5416 praeclarus
1808 5350 1997 5418 pastor
2042 5350 2098 5400 et

451 5426 576 5495 pius
614 5431 948 5498 pradicator
976 5441 1167 5492 noster
1193 5441 1418 5492 sanctus
1457 5437 1708 5493 Bertinus
1744 5438 1935 5504 abbas,
1965 5449 2097 5507 gau-

450 5513 590 5572 dens
618 5530 720 5574 nos
747 5526 874 5577 ante
922 5523 1163 5580 tribunal
1207 5525 1403 5581 summi
1448 5525 1653 5596 judicis
1690 5527 1747 5582 in
1781 5526 1872 5583 die
1902 5525 2095 5581 ultimo

449 5604 733 5664 deducat:
785 5615 1056 5680 quatenus
1104 5628 1171 5669 ex
1218 5616 1616 5672 numerositate
1661 5615 1897 5674 ﬁliorum
1948 5614 2096 5671 illius

2181 5077 2600 5132 retributionem
2640 5091 2760 5132 esse
2800 5083 3141 5146 perpetuam,
3184 5083 3239 5130 et
3269 5088 3369 5145 pro
3406 5073 3703 5143 temporali
3739 5074 3836 5127 tri-

2180 5165 2462 5222 bulatione
2539 5166 2911 5236 permanentis
2973 5165 3165 5236 gloria
3231 5164 3482 5219 mercede
3559 5163 3830 5232 gaudere.

2180 5254 2503 5312 Audivimus
2543 5255 2746 5326 itaque,
2797 5269 2916 5311 cum
2967 5256 3078 5311 Deo
3128 5253 3316 5310 dilecti
3363 5251 3678 5308 sacerdotis
3711 5253 3832 5307 Vita

2181 5345 2482 5415 legeretur,
2532 5351 2796 5415 quantum
2847 5344 2902 5399 in
2951 5344 3098 5400 omni
3137 5342 3384 5399 bonitate
3431 5341 3630 5396 habuit
3669 5341 3835 5396 devo-

2181 5435 2424 5501 tionem;
2487 5433 2764 5505 quomodo
2823 5448 2922 5503 per
2977 5433 3324 5489 abstinentia
3371 5431 3612 5502 rigorem
3671 5443 3832 5486 suum

2181 5523 2471 5594 castigavit
2536 5537 2772 5593 corpus;
2843 5522 3084 5592 qualiter
3147 5536 3246 5592 per
3304 5520 3594 5576 charitatis
3651 5519 3835 5577 ofﬁcia

2181 5613 2436 5670 omnibus
2483 5612 2747 5684 prodesse
2797 5611 3105 5669 contendit.
3154 5609 3477 5668 Incedamus
3512 5623 3642 5666 cum
3684 5607 3833 5666 omni
