4106 6178
222 330 337 385 1161

1308 326 1465 384 VlTA
1505 329 1561 382 ὃ.
1601 327 1876 383 JOANNIS
1914 326 2470 383 BEVERLACENSIS.

3444 328 3584 385 1162

214 454 487 509 alacritate
534 452 736 508 mentis
773 457 829 507 et
875 458 991 507 tota
1019 450 1213 507 virium
1243 449 1500 507 facultate
1546 450 1698 506 illius
1725 452 1851 507 vita
1870 451 2045 516 Alter
2073 459 2344 508 nostrum.
2393 452 2724 519 Exspectant
2754 462 2856 505 nos
2884 449 3034 506 cives
3078 454 3302 505 aterna
3339 451 3580 508 civitatis

215 541 451 613 vestigia,
485 548 546 597 ut
586 541 968 608 beatitudinis,
1001 542 1057 596 in
1088 556 1194 610 qua
1233 544 1425 612 regnat
1454 554 1574 595 cum
1607 540 1846 607 Christo,

1933 545 1989 596 et
2034 555 2131 596 rex
2175 541 2314 610 ipse,
2365 539 2459 609 qui
2498 539 2613 593 vult
2660 551 2850 594 omnes
2886 538 3138 595 homines
3184 538 3367 595 salvos
3411 540 3529 596 ﬁeri
3556 583 3572 608 ,

219 638 498 691 consortes
541 630 684 687 effici
724 645 1052 686 mereamur.
1104 631 1235 686 Ideo
1265 643 1397 700 ergo
1435 628 1583 684 nulla
1614 630 1849 685 carnalis
1931 636 2174 686 nostram
2242 643 2365 684 cum
2433 628 2639 684 sanctis
2701 628 2817 683 suis
2872 628 3224 684 vehementer
3288 628 3569 685 desiderat

213 721 674 792 concupiscentia.
727 720 875 776 nulla
921 720 1207 777 sacularis
1261 719 1488 775 ambitio
1542 718 1844 789 impediat;

1931 718 2184 785 salutem,
2221 723 2328 774 etc.

301 998 726 1129 VITA
871 1001 999 1135 S.
1124 998 1883 1128 JOANNIS
2015 993 3461 1126 BEVERLAGENSIS

1375 1207 1882 1263 ARCHIEPISCOPI
1924 1206 2395 1271 EBOBACENSIS,

667 1336 1183 1423 AUCTORE
1239 1338 1824 1424 FOLCARDO
1895 1336 2506 1422 SITHIVENSI
2566 1336 3105 1423 MONACHO

891 1509 1068 1581 (Apud
1097 1512 1372 1567 Bormann.
1402 1508 1526 1565 Maii
1566 1514 1701 1565 tom.
1733 1509 1801 1575 11,
1828 1506 1917 1563 die
1945 1506 2001 1575 7,
2038 1521 2091 1577 p.
2137 1506 2258 1574 166,
2286 1520 2354 1562 ex
2381 1520 2485 1561 ms.
2524 1505 2869 1577 Anglicano.)

1065 1735 2047 1836 COMMENTARIUS
2139 1736 2706 1834 PREVIUS

262 2017 602 2075 Beuerlacum
630 2063 648 2087 ,
723 2018 967 2090 oppidum
1039 2016 1264 2090 amplum
1337 2022 1385 2073 et

188 2091 528 2155 Cambdeno,
560 2091 723 2145 situm
754 2089 838 2146 est
867 2091 921 2145 in
953 2094 1107 2159 parte
1127 2089 1399 2146 orientali

190 2165 459 2226 racensis,
499 2162 661 2233 vulgo
707 2162 1074 2230 East-Riding,
1124 2161 1269 2217 haud
1324 2162 1516 2230 procul
1560 2161 1628 2216 ab
1676 2162 1833 2233 Hallo

188 2234 381 2301 ﬂuvio,
413 2234 507 2303 qui
550 2231 762 2303 aliquot
794 2233 923 2289 inde
948 2233 1137 2303 leucis
1166 2234 1221 2287 in
1254 2234 1568 2303 astuarium
1606 2231 1834 2286 Humbri

187 2302 447 2361 fluminis
481 2304 762 2360 dilabitur.
813 2305 887 2359 Ea
925 2302 1065 2359 ditio
1118 2303 1278 2359 Beda
1326 2302 1638 2372 appellatur
1674 2303 1832 2356 Deir-

186 2376 366 2443 waud,
402 2375 457 2431 id
489 2381 573 2431 est
598 2374 731 2430 silua
762 2375 1055 2430 Deirorum.
1105 2374 1208 2428 lbi.
1249 2375 1311 2429 8.
1343 2376 1594 2437 Joannes,
1626 2373 1693 2428 de
1724 2386 1834 2442 quo

185 2447 279 2502 hic
317 2448 552 2517 agimus,
592 2446 785 2517 reperit
822 2444 1095 2500 ecclesiam
1129 2443 1502 2517 parochialem,
1545 2444 1607 2500 S.
1644 2443 1837 2517 Joanni

184 2514 549 2587 Evanjelista
593 2514 822 2572 sacram.
862 2514 1154 2587 _Acqnisitis
1190 2516 1342 2584 hujus
1369 2514 1472 2569 loci
1506 2517 1612 2569 situ
1646 2520 1695 2569 et
1734 2516 1834 2569 do-

184 2585 377 2655 minio,
397 2588 722 2671 praedictam
766 2585 1039 2671 ecclesiam
1087 2593 1325 2671 sanctam
1448 2587 1837 2671 anonasterium

184 2656 448 2715 conuertit
496 2663 547 2714 et
589 2658 857 2714 monachis
902 2658 1209 2727 assignavit.
1240 2656 1644 2727 Presbyterium,
1674 2656 1731 2727 id
1761 2661 1837 2710 est

186 2731 411 2787 chorum
440 2728 689 2797 ecclesia,
719 2729 792 2784 ibi
820 2730 1130 2793 construxit,
1162 2727 1382 2783 habente
1404 2726 1585 2798 priore
1606 2726 1838 2782 ecclesia

184 2803 251 2858 8.
286 2802 517 2858 Joannis
545 2800 714 2856 locum
741 2802 797 2855 in
830 2801 955 2856 naui
990 2800 1238 2855 ecclesia.
1287 2798 1583 2856 Fabricacit
1620 2799 1693 2853 ad
1720 2801 1836 2853 Au-

183 2873 417 2928 stralem
458 2872 724 2943 pradicta
768 2871 998 2943 ecclesia
1044 2871 1331 2943 oratorium
1379 2872 1440 2926 8.
1475 2870 1717 2943 Martini,
1736 2868 1839 2943 ubi

178 2950 385 3016 postea
414 2941 668 3016 moniales
695 2941 999 3016 collocavit.
1028 2942 1322 3016 Associavit
1358 2942 1688 3016 monasteriis
1705 2941 1839 3016 _ist_is

182 3009 399 3086 septem
430 3013 767 3086 presbyteros
795 3018 851 3086 et
872 3014 1082 3086 totidem
1114 3012 1331 3067 clericos
1344 3012 1413 3086 in
1450 3012 1572 3066 navi
1607 3009 1840 3086 ecclesia

180 3082 258 3142 Sf
284 3082 538 3140 Joannis.
586 3082 875 3154 Acquisivit
914 3085 1024 3139 suis
1071 3083 1402 3139 monasteriis
1447 3083 1733 3154 munerinm
1776 3082 1840 3154 de

178 3156 413 3224 Riding.
473 3153 691 3210 Extunc’
737 3157 1030 3211 construxit
1091 3154 1361 3211 ecclesiam
1410 3155 1471 3211 8.
1528 3153 1740 3210 Nicolai
1785 3153 1841 3208 in

173 3226 356 3297 fundo
406 3226 622 3281 dominii
665 3227 768 3281 sui.
817 3227 948 3293 Qua
997 3228 1178 3282 omnia
1218 3240 1285 3281 ex
1321 3225 1691 3297 Collectaneis
1732 3226 1839 3279 Le-

174 3296 343 3353 landi
377 3297 693 3352 indicantur
722 3305 871 3353 tomo
902 3299 1078 3367 primo
1107 3297 1393 3354 Monastici
1412 3296 1717 3367 Anglicani,
1742 3310 1836 3365 pa-

211 3369 312 3424 ina
358 3368 479 3434 170,
513 3368 606 3422 ubi
654 3375 1124 3438 repraesentantur
1167 3368 1381 3438 sculpta
1421 3368 1595 3438 ipsius
1632 3369 1834 3422 Bever-

192 3440 432 3496 acensis
479 3437 795 3495 monasterii
845 3447 1140 3507 structura,
1174 3446 1230 3496 et
1267 3437 1437 3495 facies
1475 3438 1835 3495 occidentalis

171 3512 447 3567 ecclesia
486 3511 883 3567 conventualis.
936 3513 1053 3567 Huc
1098 3525 1158 3566 se
1206 3510 1443 3566 contulit
1487 3511 1549 3566 8.
1581 3511 1831 3571 Joannes,

166 3597 331 3647 cum,
356 3582 518 3637 senio
545 3589 819 3653 gravatus,
844 3596 965 3637 sese
990 3580 1833 3653 archiepiscopatuEboracensi

164 3654 504 3709 abdicasset
525 3649 638 3720 {et
666 3653 883 3709 tandem
914 3652 1021 3708 hoc
1048 3654 1083 3705 7
1113 3649 1235 3708 Maii
1264 3649 1409 3707 anno
1438 3651 1640 3706 Christi
1676 3649 1830 3717 1221,

162 3732 436 3781 sanctam
466 3724 698 3779 animam
729 3723 948 3781 Christo
981 3723 1228 3790 tradidit,
1252 3722 1532 3778 miraculis
1561 3723 1617 3777 in
1645 3722 1754 3776 vita
1779 3728 1834 3777 et

163 3802 306 3867 post
342 3795 562 3852 obitum
600 3795 799 3851 clarus.

241 3868 304 3923 2.
353 3869 436 3923 De
464 3867 758 3922 virtutibus
806 3867 1081 3936 rebusque
1119 3867 1289 3937 gestis
1335 3866 1390 3921 S.
1430 3863 1831 3937 Joannisﬁplu-

158 3940 340 3995 ribus
374 3938 515 3994 locis
547 3939 660 4009 agit
697 3938 1026 3993 venerabilis
1072 3938 1238 4003 Beda,
1273 3937 1615 4009 potissimum
1648 3936 1746 4009 lib.
1778 3950 1829 3989 ν.

160 4010 450 4066 Historia
501 4006 890 4066 ecclesiastica
936 4009 1117 4080 gentis
1162 4008 1480 4080 Anglorum,
1512 4021 1635 4077 cap.
1684 4006 1740 4071 2,
1777 4014 1833 4062 et

157 4080 906 4162 sequentibus._‘At_postea
941 4078 1028 4136 res
1055 4080 1174 4162 ejus
1202 4078 1387 4162 gestas
1423 4078 1480 4162 in
1523 4090 1834 4162 unumnvol-

155 4148 369 4209 lumen
404 4151 630 4223 collegit
676 4148 988 4217 Folcardus,
1038 4148 1270 4207 ecclesia
1307 4151 1521 4207 Sancta
1562 4148 1832 4223 Trinitatis

155 4224 515 4294 Cantuaria
548 4219 852 4286 monachus,
891 4224 963 4294 ad
1014 4237 1219 4294 precem
1271 4227 1322 4277 et
1375 4222 1679 4294 instantiam
1730 4219 1830 4294 Al-

149 4296 331 4351 dredi
402 4293 783 4365 archiepiscopi
846 4292 1260 4365 Eboracensis:
1313 4300 1374 4348 ut
1437 4292 1631 4365 titulus
1693 4293 1832 4347 actis

148 4367 331 4423 hisce
380 4363 639 4434 prafixus
667 4363 892 4420 indicat.
942 4366 1172 4421 Videtur
1207 4363 1328 4419 bac
1365 4364 1673 4432 scripsisse,
1707 4377 1830 4417 cum

149 4439 213 4494 S.
264 4436 575 4493 Eduardus
625 4436 911 4492 confessor
957 4450 1053 4492 rex
1101 4441 1365 4506 praesset
1404 4434 1636 4506 Anglia,
1676 4447 1829 4506 mor;-

148 4514 301 4566 tuus
334 4522 491 4564 anno
528 4506 683 4572 1056,
714 4521 743 4562 a
782 4509 942 4577 cujus
986 4504 1221 4577 conjuge
1269 4505 1468 4577 Editha
1514 4504 1724 4577 regina,
1758 4504 1829 4559 ob

144 4580 722 4637 commendationem
769 4574 993 4635 Aldredi
1032 4574 1460 4646 archiepiscopi,
1493 4589 1554 4631 se
1584 4574 1830 4643 adjutum

1470 2094 1662 2145 ucatus
1691 2090 1833 2145 Ebo-

1493 2017 1793 2093 erlrequens
1812 2062 1830 2085 ,
1855 2017 1904 2075 B
1925 2015 2084 2093 annis
2134 2015 2369 2093 (absque
2418 2016 2828 2093 benedictione,
2860 2016 3080 2093 abbatis
3103 2018 3250 2093 vices
3294 2021 3562 2093 supplen-

1923 2088 2022 2157 do)
2075 2090 2282 2144 rexisse
2332 2094 2564 2144 testatur
2598 2088 2895 2145 0rdericus
2922 2089 3132 2155 Vitalis,
3167 2091 3261 2146 lib.
3294 2088 3566 2152 xr'e‘ccle-

1917 2160 2154 2214 siastica
2200 2160 2458 2215 Historia
2488 2160 2555 2214 ad
2603 2173 2804 2215 annum
2841 2159 2995 2226 1108,
3036 2163 3183 2230 quod
3224 2163 3440 2220 initium
3479 2174 3559 2222 est

1917 2245 1993 2306 xu
2032 2243 2155 2306 non_
2173 2244 2301 2306 vero
2332 2230 2635 2306 xr_saculi.
2685 2231 2977 2306 subjungit
3014 2232 3273 2288 Mabillon
3319 2235 3559 2306 aliquam

1916 2302 2092 2355 Vitam
2124 2302 2178 2356 S.
2218 2300 2464 2367 Joannis,
2498 2315 2564 2356 ex
2603 2315 2703 2356 ms.
2746 2300 2975 2371 legenda
3012 2305 3331 2361 monasterii
3367 2300 3430 2361 SI
3463 2309 3557 2364 Gi-

1918 2371 2077 2448 dalsii
2110 2372 2177 2448 d_e
2206 2373 2445 2448 Nemore
2487 2378 2789 2448 acceptam,
2827 2374 3084 2448 opinatus
3129 2389 3249 2431 esse
3296 2378 3555 2448 scriptam

1918 2444 2186 2498 Folcardo
2234 2443 2505 2499 monacho
2553 2444 2889 2499 Bertiniano.
2923 2445 3120 2500 Verum
3160 2460 3224 2502 ea
3261 2443 3437 2504 solum
3474 2457 3559 2506 est

1917 2514 2139 2584 aliquod
2196 2515 2581 2587 compendium
2618 2529 2690 2587 ex
2736 2515 2931 2585 majori
2973 2517 3109 2583 Vita,
3142 2532 3302 2587 quam
3342 2520 3555 2585 damus,

1919 2594 2257 2657 excerptum.
2306 2586 2490 2652 Aliud,
2535 2586 2633 2641 sed
2674 2588 2844 2657 magis
2882 2586 3244 2656 contractum,
3294 2590 3559 2649 habemus

1920 2656 1975 2710 in
2023 2658 2250 2727 antiquo
2300 2670 2651 2728 pergameno,
2684 2656 3030 2715 ab’iienrico
3070 2661 3555 2727 Huntindoniensi.

1919 2728 2124 2783 saculo
2170 2743 2247 2783 xn
2293 2729 2687 2800 conscriptum.
2735 2728 2853 2784 Alia
2902 2731 3021 2800 ejus
3057 2732 3197 2796 Vita,
3229 2746 3375 2791 anno
3424 2735 3561 2790 1516

1920 2805 2367 2877 excusakexstat
2412 2801 2468 2854 in
2518 2800 2748 2877 legenda
2796 2801 3097 2877 Anglicana
3136 2804 3362 2877 Joannis
3415 2808 3561 2877 Cap-

1920 2871 2361 2945 gravii.__Quibus
2405 2872 2662 2926 omnibus
2699 2872 2938 2945 omissis,
2979 2873 3360 2945 subiungimus
3404 2871 3568 2934 mira-

1922 2940 2043 2995 cula
2093 2941 2349 3006 illustria,
2387 2956 2418 2996 a
2466 2950 2704 3011 quatuor
2732 2942 2966 2998 diversis
3009 2940 3330 3002 auctoribus
3360 2954 3415 3004 et
3451 2946 3568 3005 fere

1922 3011 2157 3067 testibus
2194 3012 2428 3067 oculatis
2465 3014 2802 3082 conscripta,
2835 3028 2864 3068 a
2907 3014 3129 3071 laudato
3169 3017 3418 3075 Leandro
3448 3021 3569 3076 Pri-

1922 3081 2114 3139 charto
2167 3083 2458 3156 submissa.
2513 3081 2719 3140 Horum
2761 3084 2971 3154 primus
3017 3087 3327 3156 appellatur
3362 3090 3572 3149 Willet-

1922 3167 2042 3227 mus
2080 3154 2354 3220 Kecellus,
2395 3168 2459 3209 ac
2507 3156 2685 3224 primo
2732 3157 2954 3227 attingit
2998 3154 3248 3227 tempora
3294 3161 3569 3219 Cuilielmi

1922 3226 2322 3295 Conquestoris
2366 3226 2530 3296 regis,
2562 3232 2623 3282 ut
2654 3226 2902 3282 videatur
2929 3228 3032 3284 sub
3080 3228 3243 3285 tinem
3291 3235 3480 3290 saeuli
3510 3250 3566 3291 ιι

1926 3303 2019 3351 aut
2054 3297 2269 3352 initium
2310 3298 2596 3366 sequentis
2632 3298 2942 3367 scripsisse;
2991 3302 3337 3367 sequentium
3376 3313 3563 3361 aucto-

1917 3381 2033 3423 rum
2052 3369 2287 3441 nomina
2318 3381 2425 3441 non
2450 3369 2791 3441 indicantur.
2831 3370 2931 3435 Qui
2963 3384 3029 3441 ex
3066 3369 3154 3426 his
3188 3374 3433 3441 proxima
3465 3377 3564 3431 mi-

1914 3439 2098 3514 racula
2155 3440 2519 3514 conscripsit,_
2561 3439 2839 3514 meminit
2871 3440 3134 3514 Stephani
3185 3439 3349 3514 regis,
3409 3459 3554 3503 anno

1922 3508 2057 3581 1136
2102 3508 2611 3581 coronamregiam
2657 3511 2864 3579 adepti,
2915 3508 2981 3565 et
3018 3508 3343 3570 ultimorum
3379 3516 3553 3574 Thur-

1914 3579 2058 3634 stani
2085 3579 2491 3651 archiepiscopi
2519 3588 2847 3651 temporum,
2879 3582 2974 3650 qui
3003 3596 3147 3638 anno
3182 3583 3321 3639 1140
3347 3587 3552 3645 obiisse

1915 3650 2138 3706 dicitur.
2198 3650 2289 3707 At
2328 3654 2525 3707 tertius
2580 3650 2774 3708 auctor
2828 3651 3035 3707 indicat
3090 3654 3351 3711 miracula
3407 3658 3552 3716 intra

1915 3722 2383 3798 quinqueannos
2432 3724 2938 3798 patrata._Quartus
2988 3724 3235 3798 meminit
3280 3731 3554 3798 generalis

1914 3792 2195 3869 interdicti
2218 3792 2516 3869 cui_Anglia
2547 3795 2648 3869 sub
2671 3796 2880 3869 Joanne
2912 3808 3039 3869 rege
3054 3792 3314 3869 subjecta
3345 3798 3466 3869 fuit,
3489 3816 3554 3858 ac

1913 3864 2133 3939 videtur
2167 3865 2270 3920 sub
2302 3864 2540 3939 Henrico
2580 3867 2648 3921 111
2688 3866 2879 3939 ultima
2913 3864 3185 3923 miracula
3213 3864 3550 3939 arljunxissc.

1984 3936 2039 3990 3.
2073 3937 2260 3991 Exstat
2306 3936 2452 3992 inter
2492 3937 2683 3992 decem
2730 3937 3032 4006 scriptores
3080 3936 3335 3997 Historia
3371 3945 3559 4006 Angli-

1915 4020 2087 4073 cana,
2132 4006 2364 4062 Londini
2412 4021 2559 4063 anno
2594 4006 2730 4061 1652
2777 4022 3031 4076 excusos,
3063 4010 3379 4069 Chronicon
3415 4006 3560 4073 Tho-

1914 4092 2016 4133 ma
2046 4078 2230 4144 Stubs,
2263 4079 2376 4134 sive
2422 4080 2611 4136 Stubei
2651 4080 3013 4148 Dominicani,
3048 4096 3141 4136 xxv
3169 4083 3375 4142 saculo
3421 4088 3559 4144 scri-

1914 4156 2064 4229 ptum
2107 4151 2179 4205 De
2209 4150 2428 4229 actibus
2476 4150 2792 4229 pontiﬁcum
2840 4151 3306 4229 Eboracensinm;
3362 4157 3418 4212 in
3445 4173 3545 4229 qut

1914 4222 2166 4276 columna
2206 4219 2331 4275 1691
2370 4228 2425 4279 et
2469 4219 2722 4293 sequenti
2766 4224 3122 4280 continentur
3149 4233 3269 4281 acta
3294 4219 3362 4283 'S.
3392 4219 3555 4285 Joan-

1913 4294 2001 4365 niis
2029 4292 2455 4363 archiepiscopi,
2488 4292 2559 4350 et
2579 4293 2681 4348 sub
2712 4293 2874 4348 ﬁnem
2912 4294 3015 4365 ista
3045 4294 3339 4365 leguntur:
3372 4300 3556 4355 Seces-

1910 4364 1978 4446 s_it
2022 4364 2088 4446 ‘in
2150 4365 2518 4446 monasterium
2564 4379 2749 4446 suum,
2809 4363 2973 4446 quod.
3011 4363 3154 4446 apud
3214 4366 3552 4446 Beuerlacum

1908 4434 2243 4507 fundaverat,
2278 4435 2463 4507 ibique
2506 4432 2875 4507 miraculorum
2920 4432 3117 4507 gloria
3135 4436 3376 4507 insignis,
3428 4442 3551 4497 Νο-

1909 4504 1992 4560 nis
2013 4506 2169 4577 ,Maii
2216 4504 2443 4575 feliciter
2485 4507 2641 4562 vitam
2706 4504 2893 4577 ﬁnivit.
2951 4504 3200 4577 Sepultus
3241 4504 3327 4564 est
3368 4504 3448 4565 ibi
3492 4513 3548 4567 in

1911 4576 2162 4647 ecclesia,
2184 4590 2255 4630 ex
2295 4583 2417 4633 tunc
2441 4592 2603 4647 usque
2637 4575 2774 4631 nunc
2797 4590 3000 4647 semper
3024 4575 3271 4646 gloriosis
3295 4595 3400 4635 non
3430 4597 3544 4638 ces-

142 4654 210 4708 in
250 4651 594 4707 monasterii
623 4652 707 4706 sui
751 4650 1093 4706 desolatione
1141 4645 1552 4721 commemorat,
1586 4646 1891 4721 in_pra_-D
1911 4652 1995 4702 sat
2038 4645 2299 4721 publicari
2341 4645 2638 4721 uirtutibus.
2683 4645 2984 4721 Deinde‘in
3022 4647 3228 4721 Alfrico
3264 4652 3546 4721 archiepi-

140 4723 393 4780 fatione
432 4721 502 4777 ad
537 4723 677 4776 hanc
707 4722 903 4785 Vitam,

142 4808 339 4861 cano,
408 4793 572 4849 nobis
625 4787 1003 4862 Macloviopoli
1059 4790 1382 4862 submissam
1439 4804 1468 4843 a
1525 4787 1827 4862 reverendo

136 4859 415 4924 domino
473 4864 720 4920 Leandro
774 4859 1080 4928 Pric'harto,
1122 4861 1392 4918 monacho
1443 4859 1824 4916 Benedictino.

136 4940 209 4995 In
260 4937 459 4994 citato
507 4936 807 4991 Monastico
851 4934 1174 5005 Anglicano,
1221 4948 1344 5003 pag.
1389 4930 1830 5005 169,7indicatur

137 5009 323 5081 quod
368 5006 735 5081 _Folchardus
799 5002 1202 5081 Cantuaiiensis
1226 5002 1470 5081 scripsit
1528 5002 1825 5081 Vitamup.

132 5070 409 5148 ioannis
456 5077 835 5148 archiepiscopi
880 5076 1250 5141 Eboracensis,
1298 5070 1410 5131 non
1457 5079 1651 5148 tamen
1686 5070 1832 5148 dici-

134 5159 250 5208 tur
283 5143 645 5207 Folchardus'
674 5143 1094 5220 archiepiscopus
1131 5145 1542 5220 Cantuariensis,
1574 5144 1654 5199 uti
1684 5143 1832 5220 d_ic_ta

130 5223 343 5280 verba
414 5221 811 5290 interpretatur
852 5215 1103 5275 'Joan'nes
1160 5216 1437 5290 Mabillon,
1479 5222 1537 5290 et
1581 5215 1830 5290 corrigit,

127 5305 425 5362 eumque
488 5286 687 5347 asserit
741 5290 1047 5346 monachum
1105 5289 1479 5362 Bertinianum
1520 5286 1667 5362 initio
1705 5299 1831 5362 _sa-

127 5365 266 5422 culi
317 5357 398 5419 ὃς]
443 5364 500 5418 in
528 5361 723 5432 Anglia
760 5362 980 5431 degisse.
1014 5363 1212 5432 Verum
1263 5357 1833 5432 Folcaldushic‘Ber-

123 5438 433 5495 tinianus
479 5426 654 5490 altero
693 5426 1070 5490 Cantuariensi
1116 5431 1398 5501 aliquanto
1439 5430 1629 5499 junior
1664 5426 1832 5483 fuisse

120 5508 427 5570 videtur,
482 5512 742 5561 evocatus
798 5504 853 5560 in
910 5502 1099 5574 Anglia
1155 5500 1527 5574 a’Gnilielmo
1582 5513 1733 5574 rege,
1768 5504 1832 5574 _e_t

120 5577 523 5656 praepositus
568 5576 891 5633 Torneiensi
943 5569 1221 5642 canobio,
1253 5572 1401 5643 quod
1441 5584 1565 5627 eum
1611 5569 1726 5628 fere
1767 5569 1832 5623 16

357 5683 602 5741 ΡΑτιιοῐ..
632 5683 877 5741 CXLVII.

992 4720 1343 4792 namdamus
1391 4732 1459 4774 ex
1504 4731 1606 4772 ms.
1642 4716 1849 4792 Angli?
1912 4716 2105 4787 scopo,
2147 4719 2241 4792 qui
2298 4719 2717 4792 prafuitgdicta
2766 4717 3029 4792 Ecclesia
3072 4720 3141 4775 ab
3186 4735 3332 4778 anno
3388 4716 3543 4792 1023,

1910 4802 2084 4859 usque
2131 4789 2200 4845 ad
2248 4804 2447 4846 annum
2503 4789 2818 4865 1051,__hac
2865 4790 3060 4865 scribit
3100 4810 3113 4847 :
3155 4793 3263 4847 Iste
3308 4789 3544 4865 capsum,

1911 4866 2125 4937 aurget
2154 4867 2368 4937 argento
2408 4866 2457 4917 et
2490 4860 2774 4937 lapidibus
2803 4861 3049 4937 pretiosis
3087 4877 3249 4937 opere
3275 4860 3549 4937 incompa-l

1909 4930 2088 4992 rabili.
2127 4930 2269 5003 apud
2316 4932 2652 4988 Beverlacum
2693 4930 2949 5003 fabricari
2992 4930 3156 5003 fecit}
3205 4942 3253 4990 et
3299 4930 3554 4993 eleuatum

1916 5003 1980 5080 de
2026 5003 2264 5075 sepulcro
2311 5003 2502 5080 ligneo,
2549 5003 2777 5080 mirabili
2824 5003 3052 5080 artiﬁcio
3090 5004 3379 5080 insculpto,
3428 5023 3556 5080 pre-

1914 5073 2101 5161 tim"?
2130 5090 2317 5161 σονρςιε
2352 5073 2590 5161 aerios.
2607 5074 2785 5161 cum:
2906 5076 3128 5161 {earinis
3156 5073 3554 5161 «renasci-ea.

1915 5159 2029 5200 cum
2074 5144 2269 5215 ingenti
2315 5144 2443 5201 cleri
2486 5144 2749 5216 plebisque
2793 5144 3164 5212 exsultatione,
3196 5144 3368 5204 multis
3396 5144 3559 5206 addi?-

1916 5216 1985 5293 tis
2010 5216 2266 5288 reliquiis,
2299 5218 2352 5293 in
2381 5232 2511 5293 eam
2536 5217 3053 5293 honoriﬁcentissime
3100 5217 3396 5293 collocauit.
3438 5224 3562 5293 Ipse

1914 5288 2073 5342 etiam
2109 5287 2144 5343 a
2197 5288 2421 5359 quodam
2458 5287 2636 5355 divite,
2685 5288 2891 5343 nomine
2935 5288 3152 5355 Forceo,
3193 5292 3414 5359 pecunia
3461 5287 3562 5349 sua

1915 5359 2190 5431 acquisivit
2237 5359 2468 5431 ecclesia
2505 5359 2568 5416 S.
2599 5360 2821 5431 Joannis
2866 5363 3061 5414 terram
3106 5360 3247 5431 apud
3294 5361 3563 5420 Milletune

1915 5435 1963 5485 et
2001 5430 2143 5501 apud
2180 5429 2355 5509 Helm,
2375 5435 2449 5509 ,δι’
2465 5431 2686 5509 quinque
2714 5429 2931 5509 bonatus
2977 5430 3119 5509 apud
3142 5429 3554 5509 ‘Ifredighthorp,

1912 5500 2288 5564 cum’pecunia
2335 5506 2385 5556 et
2430 5500 2721 5557 hominibus
2757 5500 2812 5556 in
2857 5515 2969 5556 ea:
3011 5500 3140 5559 Hac
3186 5502 3285 5557 ibi.
3325 5504 3420 5560 Est
3458 5500 3553 5564 an;

1910 5575 2021 5628 tem
2053 5572 2244 5630 bovata
2290 5576 2444 5629 terra
2479 5577 2737 5643 quantam
2785 5572 2886 5629 bos
2931 5585 3073 5629 unus
3100 5572 3268 5632 colat.
3307 5576 3552 5650 Contigit

3190 5679 3262 5736 37
