4106 6178
287 326 420 382 1165

1382 324 1535 380 νιτΑ
1574 323 1627 377 8.
1667 319 1942 377 JOANNIS
1977 312 2541 373 BEVERLACENSIS.

3512 307 3646 364 1166

280 443 3646 476 ________________________—————————

1351 599 2027 733 INCIPIT
2122 593 2579 726 VITA.

921 922 1286 980 PROLOGUS.

357 1087 402 1142 l.
418 1088 679 1142 Lucerna
697 1085 914 1142 ardenti
935 1089 990 1141 et
1009 1084 1215 1141 lucenti
1237 1084 1292 1140 in
1315 1081 1617 1153 caliginoso
1644 1079 1791 1143 loco,
1817 1079 1925 1132 An-

287 1174 514 1247 glorum
570 1174 949 1245 archiprasuli
987 1177 1242 1231 ALDREDO
1286 1172 1424 1245 (‘71),
1466 1170 1723 1226 minimus
1761 1167 1928 1224 devo-

286 1273 468 1322 torum
498 1267 618 1336 ejus
643 1264 811 1322 frater
843 1267 1188 1332 FOLCARDUS,
1237 1263 1468 1320 salutem
1499 1275 1620 1318 cum
1652 1259 1800 1315 ﬁdeli
1840 1256 1925 1313 fa-

284 1355 511 1412 mulatu.
1770 1339 1781 1347 ’

355 1447 416 1500 In
483 1449 764 1516 pracepto
830 1445 1109 1501 servitutis
1167 1449 1296 1511 tua,
1365 1443 1438 1498 mi
1488 1438 1927 1497 reverentissime

287 1537 450 1590 Pater
487 1539 543 1590 et
572 1535 819 1602 Domine,
861 1548 1087 1590 necesse
1117 1540 1201 1589 est
1232 1530 1482 1603 parvitati
1544 1544 1680 1586 mea
1728 1541 1930 1583 memo-

287 1626 398 1680 rari
437 1638 548 1681 non
601 1624 777 1680 solum
833 1630 1078 1681 veterum
1117 1622 1477 1678 amicitiarum
1535 1625 1590 1675 et
1629 1615 1932 1687 frequentis

287 1715 561 1782 beneﬁcii,
591 1729 779 1771 verum
819 1716 980 1771 etiam
1018 1713 1192 1785 (quod
1223 1713 1309 1768 his
1339 1711 1512 1782 pluris
1551 1709 1658 1780 est)
1695 1706 1933 1764 auctori-

287 1806 416 1862 tatis
454 1810 583 1872 tua,
617 1819 740 1875 qua
772 1805 916 1859 inter
945 1805 1195 1860 homines
1225 1807 1308 1857 est
1335 1801 1584 1857 Christus
1612 1799 1728 1854 Dei.
1762 1799 1931 1852 Tanta

291 1897 496 1966 quippe
537 1895 842 1951 calestium
883 1894 1270 1950 charismatum
1329 1889 1689 1962 prarogativa
1744 1886 1933 1942 sufful-

289 1991 400 2052 tus,
435 1985 654 2056 pondus
683 1985 853 2040 habes
883 1984 1168 2054 praecepti,
1203 1983 1348 2039 unde
1380 1989 1435 2037 et
1463 1979 1681 2051 gravius
1711 1989 1931 2047 quoque

291 2076 539 2130 imminet
563 2075 830 2145 judicium
871 2074 1169 2130 resistenti.
1211 2075 1278 2128 Et
1316 2086 1437 2128 cum
1479 2071 1597 2126 hac
1651 2066 1934 2138 pusillani-

289 2165 534 2219 mitatem
599 2178 774 2219 meam
837 2164 1202 2234 persuadeant
1258 2169 1446 2232 patere
1508 2158 1744 2229 jussioni
1784 2163 1929 2220 tua,

1880 983 1882 986 ν
1946 911 2247 974 Asolertia
2286 910 2712 966 emolumentum
2761 907 3115 978 provideatur
3153 908 3440 978 prasentis
3467 907 3646 979 regni.

2077 999 2132 1055 3.
2159 1001 2225 1056 Ut
2255 1006 2434 1055 autem
2465 998 2720 1068 superius
2747 998 2939 1054 relicta
2969 1005 3234 1068 repetam,
3269 997 3648 1053 consolatione

2009 1097 2064 1145 et
2102 1089 2315 1145 medela
2371 1089 2471 1156 tui,
2532 1090 2604 1144 mi
2645 1088 3013 1144 amantissime
3078 1090 3259 1152 Pater,
3319 1086 3651 1143 clauduntur

2009 1179 2228 1250 quidem
2259 1179 2506 1245 vulnera,
2537 1179 2634 1234 sed
2666 1194 2695 1234 e
2730 1179 2910 1234 vicino
2949 1178 3309 1248 quorumdam
3358 1177 3647 1233 lividorum

2008 1269 2147 1325 clam
2186 1267 2500 1324 insidiantia
2533 1269 2895 1339 perhorresco
2924 1268 3124 1338 jacula.
3168 1270 3363 1323 Verum
3420 1268 3648 1324 multum

2008 1359 2247 1429 respiro,
2280 1359 2380 1414 sub
2405 1365 2676 1428 potestate
2708 1365 2976 1428 patrona,
3005 1359 3140 1429 quin
3172 1365 3226 1414 et
3255 1359 3357 1414 sub
3379 1371 3652 1414 commen-

2008 1449 2248 1504 dationis
2287 1456 2394 1504 tua
2425 1449 2757 1505 constitutus
2794 1448 2984 1515 tutela,
3026 1462 3128 1504 nec
3169 1463 3268 1519 per
3296 1449 3389 1504 Dei
3422 1447 3650 1519 gratiam

2011 1539 2312 1594 timendum
2344 1545 2427 1594 est
2465 1539 2636 1609 quod,
2678 1543 2730 1594 te
2763 1543 2945 1595 tutore
2977 1539 3058 1594 vel
3098 1545 3335 1603 rectore,
3378 1552 3479 1593 nos
3517 1537 3648 1603 ulla,

2012 1629 2417 1698 quantumlibet
2455 1629 2637 1684 minax
2687 1633 2742 1684 et
2780 1629 3068 1695 insidians,
3130 1628 3328 1684 obruat
3385 1627 3650 1698 procella.

2013 1720 2144 1772 Nam
2183 1733 2436 1788 semper,
2478 1719 2693 1774 Domini
2756 1718 3104 1788 pracedcute
3161 1718 3356 1789 gratia,
3419 1717 3654 1787 sperabo

2012 1810 2114 1865 sub
2157 1809 2346 1863 umbra
2380 1809 2586 1863 alarum
2619 1814 2854 1874 tuarum,
2897 1808 3075 1863 donec
3130 1814 3371 1862 transeat
3403 1807 3662 1876 iniquitas

2013 1899 2260 1955 omnium
2293 1898 2637 1953 insidiarum.
2679 1897 2784 1952 Sed
2837 1896 2957 1952 hac
2996 1897 3283 1953 hactenus.
3326 1896 3403 1951 Ad
3447 1896 3663 1965 pondus

2013 1995 2198 2044 autem
2260 1988 2475 2057 imperii
2542 1988 2622 2043 tui
2687 1992 2934 2042 vertatur
2984 2000 3166 2042 sermo
3223 2000 3396 2052 meus,
3438 1985 3554 2054 qui,
3596 1998 3661 2040 ex

2014 2078 2414 2148 consequentia
2453 2077 2558 2143 sui,
2602 2077 2707 2133 hoc
2739 2079 3050 2133 necessario
3091 2077 3281 2147 paucis
3328 2075 3659 2146 pralibabit,

2016 2167 2217 2237 quibus
2256 2166 2613 2222 incrementis
2658 2167 2828 2221 divini
2877 2165 3168 2221 famulatus
3213 2171 3401 2220 sancta
3449 2166 3660 2220 Ebora-

287 2253 583 2323 D'm'imllm
622 2254 897 2310 succurrit
918 2253 1178 2309 memoria
1199 2253 1317 2321 eius
1345 2247 1743 2306 misericordia?
1773 2257 1933 2315 quam
1956 2243 2203 2312 Bcensis
2233 2256 2496 2324 Ecclesia,
2531 2255 2608 2310 tui
2651 2255 2978 2326 praesulatus
3026 2254 3342 2326 (tempore),
3376 2253 3658 2324 pristinam

285 2345 452 2400 nobis
478 2342 659 2400 fecisti
699 2343 825 2399 ﬁdei
864 2344 966 2398 hac
1004 2342 1500 2399 commendatione.

361 2433 416 2488 2.
457 2434 698 2490 Turbato
737 2433 1011 2503 siquidem
1050 2431 1366 2487 ﬂuctuantis
1404 2427 1643 2485 canobii
1685 2424 1798 2495 (72)
1826 2426 1932 2482 mei

283 2523 506 2594 pelago,
539 2523 993 2594 gementibusque
1031 2535 1172 2592 pene
1213 2519 1427 2576 cunctis
1465 2516 1802 2572 charissimis
1843 2514 1930 2584 pi-

278 2613 553 2684 gnoribus
591 2613 930 2679 monasterii,
973 2610 1121 2682 quod
1161 2610 1209 2665 is
1246 2611 1340 2680 qui
1382 2607 1617 2678 pastoris
1648 2610 1704 2660 et
1731 2603 1931 2660 medici

280 2703 470 2760 locum
500 2707 883 2774 occupaverat,
935 2701 989 2757 in
1029 2701 1320 2772 languente
1360 2696 1574 2754 ovicula
1611 2708 1722 2751 nou
1754 2693 1930 2763 culpa

280 2807 624 2864 pressuram,
656 2793 752 2850 sed
793 2798 1032 2849 veterem
1063 2790 1346 2846 familiaris
1383 2789 1498 2844 odii
1546 2787 1933 2855 insequeretur

268 2886 590 2955 jacturam:
643 2891 698 2941 et
748 2898 868 2940 cum
919 2882 1134 2940 collatis
1190 2880 1323 2936 totis
1377 2878 1545 2934 animi
1601 2874 1686 2931 sui
1724 2873 1932 2928 viribus

274 2975 603 3032 consociam
634 2987 788 3030 ovem
827 2974 896 3029 ab
927 2974 1170 3028 irruente
1212 2969 1372 3040 (proh
1413 2966 1634 3037 dolor!)
1666 2964 1828 3020 nimis
1858 2960 1932 3017 fa-

272 3063 485 3119 miliari
516 3063 647 3134 lupo
679 3077 790 3120 non
822 3069 1118 3119 conaretur
1146 3059 1309 3125 tueri,
1342 3057 1437 3114 sed
1470 3068 1756 3127 perperam
1789 3066 1932 3108 com-

277 3159 480 3223 parato
521 3158 810 3222 potentatu
867 3151 1119 3208 saculari
1166 3148 1486 3205 exturbatos
1535 3159 1638 3201 nos
1676 3158 1706 3198 e
1744 3141 1930 3198 carina

285 3243 665 3297 monasteriali
706 3242 964 3298 ﬂuctibus
1003 3239 1320 3295 immitteret
1376 3236 1569 3307 ponti;
1607 3237 1828 3305 jamque
1860 3231 1932 3285 ir-

285 3331 581 3386 ruentibus
616 3330 857 3386 vicissim
897 3336 952 3386 et
991 3329 1395 3386 involventibus
1423 3325 1607 3392 undis,
1640 3337 1760 3380 cum
1792 3323 1931 3378 inte-

281 3421 428 3476 ritus
465 3420 811 3477 solummodo
852 3420 1183 3486 immineret,
1245 3432 1347 3473 nec
1403 3416 1513 3471 ulla
1570 3428 1698 3484 spes
1753 3424 1929 3467 emer-

2016 2347 2380 2402 rusticitatem
2443 2344 2783 2412 excusserit;
2844 2345 2992 2400 etin
3049 2345 3146 2399 Dei
3212 2343 3486 2410 laudibus,
3537 2341 3659 2402 rudi

2014 2438 2256 2494 novitate
2311 2437 2418 2492 tuis
2457 2435 2727 2492 doctrinis
2765 2436 3117 2503 commonita,
3167 2435 3431 2492 decenter
3475 2433 3662 2491 adole-

2011 2527 2172 2583 verit.
2207 2527 2322 2581 Hoc
2352 2525 2615 2582 divinitus
2645 2539 2869 2582 corona
2914 2531 3022 2581 tua
3071 2525 3301 2582 dixerim
3346 2524 3659 2593 adauctum,

2014 2615 2162 2687 quod
2228 2615 2446 2682 clerus,
2489 2630 2519 2670 a
2576 2615 2922 2672 sacularium
2989 2615 3256 2671 hactenus
3285 2615 3482 2671 usitata
3511 2620 3660 2671 veste

2014 2705 2371 2771 indiscretus,
2417 2717 2563 2759 nunc
2617 2705 2670 2759 in
2711 2711 2861 2759 veste
2911 2703 3141 2773 nuptiali
3191 2703 3380 2760 laudes
3419 2703 3662 2760 celebrat

2012 2795 2106 2849 Dei
2141 2801 2196 2850 et
2253 2793 2519 2849 talaribus
2550 2794 2752 2849 tunicis
2781 2798 3110 2850 conventum
3148 2793 3394 2850 celebrat
3421 2793 3658 2865 synodi;

2015 2884 2255 2954 itemque
2286 2883 2449 2939 nimis
2489 2882 2799 2954 neglectum
2849 2884 2904 2938 in
2948 2883 3311 2954 eleemosynis
3359 2889 3414 2939 et
3456 2896 3662 2954 paupe-

2013 2987 2134 3028 rum
2191 2972 2568 3028 oblationibus
2625 2986 2767 3041 opus
2825 2978 3045 3028 exercet
3099 2969 3537 3039 misericordia,
3605 2976 3660 3026 et

2016 3062 2164 3132 quod
2225 3063 2544 3117 memoriam
2594 3061 2833 3117 ﬁdelium
2882 3060 3264 3118 defunctorum
3305 3061 3526 3118 assidua
3577 3060 3660 3117 eis

2013 3150 2304 3207 inculcasti
2353 3150 2853 3208 commendatione.
2913 3151 3067 3218 Quod
3117 3151 3264 3217 dico,
3311 3164 3422 3208 non
3473 3157 3535 3206 ut
3581 3151 3657 3208 la-

2010 3255 2210 3311 queum
2239 3239 2574 3297 adulationis
2604 3241 2702 3297 tibi
2732 3240 2994 3311 injiciam,
3027 3240 3124 3296 sed
3166 3241 3350 3310 potius
3380 3241 3442 3311 (si
3473 3239 3660 3296 dicen-

2009 3328 2137 3385 dum
2176 3345 2207 3385 a
2244 3345 2330 3386 me
2380 3332 2479 3400 est)
2537 3336 2597 3386 ut
2654 3330 2722 3385 ad
2785 3330 2914 3384 talia
2971 3330 3267 3385 accendam
3299 3343 3423 3399 qua
3462 3330 3654 3400 utique

2007 3420 2321 3477 necessario
2393 3426 2445 3474 te
2512 3420 2623 3474 Deo
2690 3418 2893 3474 debere
2960 3419 3252 3489 cognoscis
3309 3433 3337 3473 e
3395 3424 3654 3488 suscepto

275 3510 450 3582 gendi
482 3516 647 3576 esset,
682 3510 802 3566 hac
833 3508 1072 3575 tandem,
1113 3507 1262 3563 velut
1302 3507 1467 3562 maris
1516 3502 1694 3566 stella,
1739 3502 1829 3571 pio
1863 3499 1928 3554 il-
1958 3523 2234 3582 “munere
2267 3507 2607 3578 pralationis
2645 3521 2769 3562 cum
2801 3507 3056 3577 imposita
3104 3506 3370 3578 dignitate
3401 3506 3650 3563 honoris.

277 3577 425 3656 luxit
477 3597 689 3670 fulgore
714 3644 729 3666 ,
789 3596 1221 3668 naufragumque
1277 3609 1436 3651 suum
1493 3598 1656 3663 portu
1718 3577 1991 3658 recepitC
2079 3597 2132 3650 4.
2175 3598 2234 3652 In
2265 3577 2370 3653 hoc
2401 3608 2621 3666 quoque
2651 3594 2874 3666 dignum
2917 3577 3294 3652 successorem
3325 3595 3652 3666 praeceden-

276 3689 654 3746 miserationis
681 3704 816 3756 sua,
850 3694 905 3744 et
934 3688 1222 3744 doloribus
1249 3684 1535 3741 vulnerum
1564 3681 1743 3737 adhuc
1771 3679 1928 3734 hian-

279 3779 423 3834 tium
455 3784 510 3835 et
537 3780 840 3836 recentium
875 3790 1180 3848 compassa,
1214 3780 1462 3830 materno
1494 3771 1770 3828 conductu
1802 3767 1923 3833 tibi,

277 3867 434 3924 velut
470 3869 652 3940 sagaci
692 3867 928 3934 medico,
981 3866 1130 3921 misit
1188 3863 1490 3921 curandum
1531 3867 1586 3918 et
1637 3857 1926 3916 consolan-

283 3958 417 4014 dum
451 3971 550 4029 pro
591 3963 858 4027 tempore,
889 3963 1077 4012 secuta
1123 3955 1338 4012 scilicet
1394 3952 1541 4010 ﬁdeli
1576 3953 1688 4006 Deo
1727 3947 1926 4004 femina

281 4047 595 4118 exemplum
651 4047 799 4103 illius
862 4046 1025 4103 electi
1080 4043 1434 4109 Samaritani,
1493 4041 1609 4113 qui,
1642 4038 1926 4096 vulnerato

278 4150 316 4192 a
372 4136 678 4194 latronibus
735 4142 790 4193 et
846 4151 875 4192 a
933 4135 1222 4192 sacerdote
1279 4138 1335 4190 et
1389 4130 1575 4189 Levita
1631 4127 1924 4200 neglecto,

284 4225 557 4283 miserans
616 4226 1096 4298 appropinquavit,
1137 4223 1382 4280 saucium
1419 4221 1547 4278 vino
1601 4219 1752 4287 lavit,
1803 4216 1928 4274 oleo

285 4315 448 4385 fovit,
483 4318 685 4388 pietate
741 4316 1003 4387 alligavit,
1061 4313 1361 4370 stabulario
1418 4313 1520 4368 sub
1561 4308 1928 4382 promissione

279 4407 557 4464 mercedis
622 4405 924 4464 curandum
993 4405 1286 4462 commisit.
1355 4404 1533 4472 thue
1573 4406 1775 4456 tantam
1815 4398 1933 4468 pie-

282 4501 456 4553 tatem
487 4498 666 4554 omnis
703 4502 895 4553 noscat
943 4494 1275 4566 posteritas,
1337 4491 1580 4562 reginam
1641 4487 1742 4560 (73)
1804 4486 1930 4542 dico

281 4584 456 4643 fuisse
510 4602 633 4658 qua
663 4587 781 4642 hac
819 4585 1032 4652 fecerit,
1067 4585 1224 4654 cujus
1253 4581 1558 4652 probitates
1587 4578 1794 4634 nullius
1832 4590 1932 4631 un-

283 4691 451 4746 quam
495 4675 897 4747 quantumlibet
935 4674 1128 4730 diserti
1164 4670 1402 4728 rethoris
1440 4667 1674 4724 facunda
1721 4665 1933 4722 evolvet

282 4765 632 4836 loquacitas;
690 4779 851 4836 quam
899 4764 1109 4820 idcirco
1139 4761 1400 4818 divinitus
1436 4759 1748 4830 adjunctam
1781 4755 1932 4826 regio

283 4855 568 4912 credimus
623 4854 781 4910 lateri
839 4859 900 4910 ut
931 4858 1080 4910 tanta
1112 4853 1230 4922 ejus
1258 4847 1590 4920 invigilantis
1645 4845 1932 4902 industria

367 4979 490 5054 (71)
533 4980 804 5054 Aldredus
842 4995 909 5036 ex
937 4980 1200 5054 episcopo
1240 4973 1647 5054 Wigorniensi,
1690 4972 1748 5026 in
1785 4971 1934 5054 Natif

285 5046 719 5118 vitate'Christi,
761 5065 904 5108 anno
941 5046 1096 5119 1060,
1133 5046 1347 5105 electus
1375 5046 1846 5115 archiepiscOpus,
1881 5049 1935 5099 et

297 5127 489 5182 Roma
517 5131 897 5180 consecratus.

365 5197 478 5266 (‘72)
545 5194 839 5252 Canobium
902 5193 1005 5250 SS.
1078 5191 1344 5247 Trinitatis
1401 5186 1708 5266 Cantuaria
1765 5185 1940 5266 fuerat

291 5257 421 5324 ante
455 5257 516 5323 'a
572 5267 740 5322 Danis
797 5266 1182 5332 combustum,
1245 5261 1593 5334 postmodum
1659 5257 1941 5314 canobium

293 5339 489 5396 Christi
526 5336 756 5393 dictum.

374 5409 496 5481 ('73)
530 5410 738 5481 Regina
778 5407 996 5474 Editha,
1036 5419 1176 5481 uxor
1204 5406 1258 5460 S.
1293 5403 1534 5481 Ed_uardi
1583 5399 1938 5481 confessoris,

291 5470 502 5552 de‘qua
543 5470 643 5537 ad“
661 5481 824 5550 hujus
861 5470 1036 5552 Vitam
1093 5478 1302 5552 egimus
1359 5476 1395 5530 5
1448 5473 1712 5552 Januarii.
1752 5470 1942 5552 lngul-

297 5541 442 5624 phus
495 5541 921 5624 Croylandensis
971 5551 1091 5620 ejus
1118 5541 1431 5624 pietatem,
1469 5546 1796 5611 castitatem,
1824 5541 1942 5599 ’do-

297 5617 532 5681 latrinam
564 5617 808 5694 aliasque
833 5617 1064 5678 virtutes
1101 5617 1460 5690 depradicat.

2009 3687 2145 3742 tium
2175 3690 2490 3742 sanctorum
2531 3690 2638 3741 tua
2669 3685 2818 3741 sedis
2848 3685 3143 3756 prasulum
3175 3689 3226 3740 te
3258 3683 3496 3755 prabes,
3529 3698 3652 3740 cum

2010 3790 2198 3833 eorum
2228 3781 2382 3832 actus
2420 3781 2476 3831 et
2510 3776 2673 3831 vitam
2714 3775 2993 3831 celebrare
3031 3782 3087 3830 et
3124 3774 3324 3830 litteris
3370 3787 3653 3830 commen-

2010 3865 2141 3922 dare
2171 3864 2399 3921 sedulus
2435 3863 2648 3920 studes.
2691 3863 2845 3920 Unde
2868 3864 3146 3935 etlaccidit
3171 3869 3251 3931 ut,
3286 3862 3654 3933 responsoriis

2009 3955 2339 4012 sanctissimi
2369 3954 2595 4010 Joannis
2628 3959 2679 4009 te
2703 3953 2933 4024 jubente
2964 3954 3286 4025 compositis
3307 3967 3408 4024 pro
3429 3952 3653 4009 modulo

2010 4045 2295 4118 parvitatis
2323 4058 2480 4111 mea,
2521 4044 2856 4114 praciperes
2892 4044 2960 4099 ad
3011 4047 3130 4115 ejus
3178 4045 3355 4100 Vitam
3390 4044 3654 4100 inchoan-

2011 4137 2135 4192 dam
2186 4135 2385 4205 stylum
2422 4138 2676 4201 vertere;
2718 4133 2867 4203 quod
2911 4147 3051 4204 opus
3102 4139 3252 4190 certe
3293 4138 3445 4190 tanto
3483 4133 3655 4203 magis

2013 4225 2368 4296 cognoscitur
2397 4221 2619 4278 difﬁcile
2651 4229 2705 4278 et
2733 4222 2985 4288 arduum,
3019 4228 3225 4292 quanto
3273 4223 3444 4293 magis
3490 4220 3656 4276 fuerit

2012 4319 2224 4370 notum.
2255 4313 2316 4367 In
2357 4313 2578 4367 nomine
2603 4323 2733 4380 ergo
2764 4309 2999 4374 Domini,
3034 4314 3092 4364 tu
3122 4311 3407 4380 remigium
3439 4308 3652 4377 subige,

2010 4404 2131 4460 vela
2161 4402 2358 4473 pande,
2392 4414 2612 4456 cursum
2642 4403 2887 4454 nostrum
2929 4399 3038 4453 Deo
3085 4397 3385 4454 committe.
3417 4398 3496 4453 Eo
3533 4409 3656 4467 gra-

2015 4495 2144 4550 tiam
2173 4505 2325 4547 suam
2357 4490 2616 4560 precibus
2647 4490 2755 4545 tuis
2793 4488 3263 4554 accommodante,
3296 4488 3468 4557 ripam
3493 4487 3657 4542 attin-

2014 4589 2227 4654 gentes,
2270 4577 2507 4635 feliciter
2557 4592 2778 4635 arenam
2817 4577 3150 4634 calcabimus
3198 4576 3420 4642 littoris,
3475 4576 3656 4632 securi

2014 4685 2119 4727 nec
2149 4668 2374 4725 solliciti
2405 4668 2473 4724 de
2506 4668 2965 4724 tumultuantibus
2995 4666 3236 4736 aquoris
3283 4665 3528 4731 canibus,
3562 4665 3658 4734 qui

2018 4764 2223 4830 quanto
2253 4757 2467 4813 acutius
2494 4759 2549 4813 in
2583 4757 2780 4813 latratu
2811 4757 3007 4813 cristas
3035 4755 3273 4828 erigunt,
3306 4761 3458 4811 tanto
3489 4753 3660 4810 imbe-

2021 4848 2264 4905 cilliores
2293 4859 2391 4904 eos
2418 4851 2610 4902 natura
2641 4845 2826 4917 prodit
2855 4845 2981 4916 (74).

2089 4972 2203 5044 (74)
2242 4972 2358 5044 Hoc
2389 4972 2544 5044 quasi
2587 4970 2815 5044 prologo
2855 4970 3008 5044 ﬁnito
3048 4970 3306 5044 subditur
3341 4971 3397 5026 in
3424 4983 3532 5044 ms.
3565 4982 3665 5039 per

2024 5040 2244 5101 medum
2277 5043 2534 5098 rubrica.
2577 5043 2678 5096 Hic
2704 5042 2839 5097 redit
2887 5043 2979 5096 Fr.
3036 5040 3330 5097 Folcardus
3366 5042 3436 5097 ad
3465 5055 3664 5112 propo-

2022 5117 2176 5172 situm
2212 5129 2363 5169 suum
2402 5113 2466 5168 de
2515 5113 2879 5185 S.7Joannje:i
2907 5127 2973 5168 ex
3011 5127 3121 5182 quo
3171 5113 3399 5185 colligas
3437 5118 3667 5169 cateras

2025 5187 2296 5251 rubricas,
2331 5199 2430 5255 per
2486 5184 2704 5240 modum
2760 5184 3044 5240 titulorum
3097 5184 3413 5254 capitalium
3471 5197 3667 5240 conse-

2025 5263 2261 5330 quenter
2298 5256 2637 5324 interjectas,
2680 5269 2791 5312 non
2822 5270 2943 5330 esse
2981 5256 3244 5330 auctoris,
3273 5257 3368 5312 sed
3410 5256 3669 5330 transcri-

2026 5327 2241 5402 ptoris;
2270 5342 2407 5398 quas
2447 5335 2650 5402 tamen,
2677 5341 2777 5398 pro
2807 5327 3156 5402 antiquitatis
3188 5327 3542 5402 veneratione
3577 5327 3666 5402 hic

2024 5397 2386 5458 voluissemus
2441 5399 2772 5469 subj'ungere
2812 5400 3073 5469 continua
3101 5399 3266 5466 serie,
3299 5399 3404 5469 nisi
3442 5412 3537 5454 eas
3565 5397 3669 5454 de-

2025 5471 2509 5544 prehendissemus
2539 5467 2680 5544 satis
2736 5476 2940 5544 temere
2996 5467 3302 5540 descriptas
3357 5467 3547 5538 fuisse,
3589 5470 3670 5526 uti

2025 5539 2152 5602 inox
2181 5548 2306 5614 post
2344 5556 2494 5598 num.
2534 5539 2569 5593 8
2597 5541 2902 5612 apparebit.
