4106 6178
533 276 666 330 1167

1076 396 1292 452 CAPUT
1330 394 1609 449 PRIMUM.

527 506 739 573 Studia,
781 505 1074 569 conciones,
1124 503 1450 573 episcopatus
1481 498 1935 573 Haguistadensis,
1966 499 2169 555 archie-

846 571 1545 648 piscopatus—Eboracensis,
1586 571 1862 626 miracula.

596 666 652 723 5.
704 669 924 723 IEterna
990 663 1374 733 compatientis
1437 661 1533 716 Dei
1574 661 1905 731 ‘miseratio,
1963 660 2169 716 mundo

528 766 859 810 succurrens
897 750 1137 821 perdito,
1162 764 1263 819 per
1289 749 1632 804 incarnatum
1664 762 1821 803 suum
1854 748 2047 803 Filium
2079 761 2174 803 an-

526 842 737 913 tiquum
804 838 1171 895 damnationis
1207 837 1459 893 humana
1501 836 1753 893 dissolvit
1785 837 2080 907 judicium,
2112 841 2173 892 ut

526 933 670 987 sicut
726 943 826 999 per
865 927 1359 999 transgredientem
1396 926 1567 983 Adam
1617 942 1832 983 eramus
1860 927 1956 982 ﬁlii
1981 928 2175 983 mortis

527 1026 582 1076 et
610 1018 845 1075 inferni:
880 1020 960 1074 sic
1000 1032 1101 1088 per
1150 1016 1426 1073 Christum
1458 1019 1665 1083 Jesum,
1706 1018 1803 1072 Dei
1843 1025 1899 1073 et
1938 1017 2175 1087 Virginis

525 1109 897 1177 Unigenitum,
931 1107 1351 1162 restitueremur
1389 1106 1484 1160 ﬁlii
1530 1106 1656 1161 vita
1696 1106 1751 1160 in
1791 1106 2174 1162 haredilatem

525 1198 768 1255 caelestis
806 1197 982 1267 regni.
1023 1197 1129 1251 Per
1158 1196 1302 1251 hunc
1333 1200 1767 1266 conregnantem
1789 1195 1896 1251 sibi
1919 1197 1974 1250 in
1998 1194 2173 1261 calis,

529 1295 584 1344 et
611 1287 929 1342 hominibus
960 1285 1368 1341 cohabitantem
1399 1286 1455 1340 in
1497 1285 1679 1351 terris,
1713 1285 1956 1340 divinum
1991 1284 2179 1353 dispo-

527 1375 748 1431 sitionis
785 1389 900 1430 sua
950 1374 1211 1429 reseravit
1249 1373 1586 1444 mysterium,
1629 1374 1681 1428 in
1732 1379 1935 1443 quanta
1963 1373 2179 1428 scilicet

496 1480 499 1483 ·
529 1462 909 1520 misericordia
940 1462 1149 1517 salvare
1182 1461 1517 1518 decrevisset
1536 1463 1679 1517 Deus
1707 1462 1851 1517 ﬁlios
1870 1461 2175 1529 hominum,

530 1567 654 1609 cum
686 1552 755 1608 ad
786 1566 882 1608 eos
910 1551 1265 1607 viviﬁcandos
1294 1552 1351 1606 in
1382 1557 1614 1606 mortem
1636 1549 1927 1606 tradiderit
1956 1550 2178 1606 unicum

531 1641 727 1698 Filium
768 1655 946 1697 suum.
978 1643 1217 1710 Accepta
1255 1639 1528 1710 siquidem
1559 1639 1759 1709 injuria
1789 1638 1956 1695 illata
1986 1646 2181 1696 contu-

1656 268 1983 325 FOLCARDI
2024 266 2435 325 SITHIVENSIS
2472 264 2769 321 MONACHI

2185 389 2498 454 Aclemens
2525 389 2670 443 Deus
2696 391 2911 443 tantum
2946 386 3129 443 lumen
3158 399 3269 443 non
3309 400 3504 457 passus
3539 386 3638 443 diu
3674 388 3896 444 modico

3764 262 3897 320 1168

2251 478 2459 534 includi
2489 476 2710 544 locello,
2751 475 3006 532 eductum
3045 475 3115 531 de
3155 474 3324 532 modii
3362 474 3596 532 latibulo
3632 476 3896 548 imposuit

2252 566 2604 633 candelabro,
2625 573 2688 621 ut
2717 563 2973 621 omnibus
3001 564 3215 621 luceret
3241 563 3685 636 ingredientibus
3713 566 3774 621 in
3801 579 3895 620 sua

2253 656 2439 713 domo.

2321 745 2377 799 7.
2409 743 2610 800 Exiens
2638 755 2770 813 ergo
2817 742 2967 808 inde,
3016 741 3256 798 fraterna
3302 743 3674 799 commonitus
3720 743 3900 799 chari-

2254 838 2386 901 tate,
2418 832 2649 888 rudibus
2695 830 2875 887 adhuc
2921 830 3218 902 Anglorum
3266 831 3488 902 populis
3531 832 3767 888 verbum
3806 832 3898 887 Dei

2255 923 2425 993 capit
2481 920 2874 992 evangelizare.
2921 920 3115 975 Divina
3160 927 3341 976 autem
3388 920 3593 976 affatim
3634 920 3902 990 praeditus

2255 1012 2566 1083 largitione,
2606 1010 2877 1067 facundus
2922 1010 3114 1066 rhetor
3160 1011 3364 1065 eratin
3401 1010 3699 1066 verborum
3742 1010 3903 1080 digna

2257 1102 2562 1168 eﬁ‘usione;
2604 1100 2889 1170 prabebat
2925 1099 3088 1155 etiam
3127 1106 3317 1155 sancta
3353 1100 3465 1155 vita
3493 1105 3903 1170 eompetentem

2257 1189 2493 1246 favorem
2525 1187 2759 1245 assidua
2808 1186 3213 1258 pradicatioui,
3245 1202 3370 1244 cum
3397 1202 3429 1243 a
3455 1188 3658 1244 semita
3704 1189 3906 1244 audita

2258 1278 2624 1335 institutionis
2686 1292 2956 1347 nusquam
3022 1276 3323 1333 diverteret
3350 1277 3659 1333 exhibitum
3721 1292 3906 1333 exem-

2260 1369 2409 1439 plum
2466 1367 2522 1423 in
2587 1382 2648 1423 se
2704 1366 3160 1422 conversationis.
3201 1366 3579 1422 Comitabatur
3640 1374 3910 1436 praterea

2258 1460 2432 1513 virtus
2484 1457 2582 1512 Dei
2636 1456 2893 1512 virtutem
2948 1455 3100 1511 verbi
3158 1456 3265 1521 sui,
3322 1460 3379 1511 et
3431 1456 3783 1511 sanabantur
3820 1470 3913 1527 per

2261 1560 2382 1603 eum
2414 1545 2620 1616 quique
2651 1544 2872 1611 inﬁrmi,
2913 1549 2975 1600 ut
3028 1549 3085 1600 et
3137 1544 3196 1600 in
3253 1544 3360 1601 hoc
3417 1544 3566 1601 ﬁdeli
3608 1558 3779 1601 servo
3817 1558 3912 1601 suo

2262 1635 2555 1706 promissio
2613 1634 2922 1690 ﬁrmaretur
2985 1633 3208 1689 Christi.
3277 1634 3461 1705 Signa,
3521 1635 3733 1703 inquit,
3796 1648 3912 1703 qua

533 1730 734 1795 melia,
776 1729 879 1784 hac
935 1729 991 1783 in
1048 1728 1523 1797 contemptoribus
1560 1728 1676 1783 suis
1730 1742 1863 1783 usus
1918 1735 2002 1783 est
2059 1714 2242 1799 legeB
2262 1739 2365 1796 ego
2403 1723 2566 1790 facio,
2598 1729 2654 1779 et
2681 1737 2778 1778 vos
2814 1720 3048 1791 facietis,
3089 1727 3144 1777 et
3182 1724 3387 1792 majora
3426 1723 3627 1778 horum
3676 1722 3912 1779 facietis.

534 1817 952 1883 misericordia,
985 1822 1046 1871 ut
1074 1817 1168 1871 ubi
1216 1817 1687 1886 superabundavit
1733 1816 1915 1885 culpa,
1956 1816 2031 1871 ibi
2080 1817 2181 1872 mi-

535 1905 872 1962 serationum
903 1907 1023 1974 ejus
1046 1904 1283 1975 largiora
1321 1904 1697 1960 redundarent
1737 1905 2003 1975 exempla.
2036 1907 2183 1961 Con-

537 1994 765 2050 ﬁrmatis
803 1994 988 2064 itaque
1038 1993 1327 2063 discipulis
1382 1994 1516 2059 suis,
1577 1993 1899 2050 doctoribus
1937 1992 2180 2059 nostris,

538 2098 637 2154 per
665 2083 972 2139 divinorum
1012 2090 1413 2152 praceptorum
1454 2082 1729 2153 dogmata,
1785 2096 2001 2138 omnem
2040 2094 2183 2151 pene

533 2173 642 2241 jam
681 2170 964 2237 mundum,
1015 2184 1046 2225 a
1084 2172 1169 2225 sui
1209 2170 1679 2234 denominatione,
1730 2171 1832 2226 sub
1871 2170 2182 2226 Christiano

536 2259 891 2331 pratitulavit
938 2260 1196 2326 nomine;
1263 2266 1732 2330 penetraruntque
1780 2260 1945 2315 verba
1993 2273 2182 2315 eorum

535 2349 674 2404 ﬁnes
699 2357 755 2404 et
783 2348 1014 2419 angulos
1045 2355 1336 2415 terrarum,
1377 2350 1522 2405 unde
1562 2356 1616 2404 et
1655 2349 1904 2418 pervenit
1942 2348 2077 2404 ﬁdes
2114 2348 2184 2403 ad

536 2438 785 2494 notitiam
815 2440 1058 2493 omnium
1090 2438 1417 2509 linguarum.
1470 2439 1538 2492 Ut
1585 2441 1729 2493 enim
1781 2437 1926 2491 ﬁdeli
1967 2443 2181 2507 patrum

535 2527 796 2582 traditum
836 2533 920 2581 est
967 2526 1257 2592 relatione,
1314 2526 1634 2596 jamdudum
1691 2525 1797 2581 ﬁde
1864 2525 2185 2581 illuminatis

536 2614 737 2670 ﬁnibus
766 2615 937 2670 totius
965 2614 1173 2681 Gallia,
1205 2614 1384 2670 serius
1422 2614 1690 2684 perlatum
1722 2622 1806 2670 est
1835 2615 2061 2670 verbum
2087 2614 2185 2670 Dei

537 2702 606 2758 ad
638 2703 779 2758 hanc
822 2702 1054 2758 insulam
1093 2703 1410 2758 Britannia.
1452 2705 1603 2770 Qua,
1644 2710 1833 2759 secuta
1877 2703 2186 2773 exemplum

541 2792 690 2848 illius
718 2791 1021 2863 evangelici
1045 2792 1284 2861 junioris
1338 2792 1455 2857 ﬁlii,
1498 2792 1593 2861 qui
1643 2791 1821 2861 primo
1874 2805 2188 2862 repugnans

537 2881 756 2951 jubenti
797 2881 963 2950 patri,
1004 2887 1198 2950 postea
1227 2894 1357 2936 vero
1397 2880 1725 2949 panitentia
1777 2880 1978 2935 ductus
2006 2881 2188 2937 acrius

544 2969 786 3039 perstitit
842 2970 897 3023 in
954 2969 1273 3025 excolendis
1309 2967 1579 3024 fructibus
1624 2970 1799 3025 vinea
1854 2968 2026 3039 patris
2063 2971 2185 3037 sui,

2266 1814 2449 1886 (Joan.
2490 1828 2604 1879 xxv,
2643 1811 2757 1882 l2).
2798 1813 2968 1866 Tanta
3004 1816 3185 1867 autem
3232 1811 3438 1867 ditatus
3479 1812 3661 1883 gratia
3712 1811 3913 1867 divini-

2266 1903 2414 1970 tatis,
2445 1906 2730 1972 acceptum
2761 1900 3025 1956 talentum
3057 1900 3273 1956 Domini
3294 1902 3379 1956 sui
3404 1902 3554 1956 vario
3580 1900 3913 1971 multiplicat

2262 1991 2475 2059 fenore,
2508 1996 2569 2047 ut
2596 1992 2652 2046 in
2681 1990 2937 2062 gaudium
2978 1989 3192 2045 Domini
3229 1991 3314 2045 sui
3362 1990 3488 2046 lata
3535 1990 3786 2046 intraret
3821 2004 3912 2046 vo-

2266 2084 2507 2138 catione.

2336 2170 2390 2226 8.
2451 2170 2778 2224 Litterarum
2835 2167 2980 2223 enim
3034 2167 3279 2224 afﬁuenti
3328 2169 3574 2225 imbutus
3623 2170 3815 2239 copia,
3860 2169 3907 2224 in

2265 2258 2533 2315 docendis
2569 2256 2858 2327 discipulis
2896 2259 3011 2312 suis
3059 2257 3250 2313 solerti
3301 2258 3538 2313 instabat
3587 2258 3907 2329 vigilantia;

2267 2350 2411 2405 inter
2439 2360 2580 2417 quos
2609 2346 2829 2411 Bedam,
2854 2346 2948 2416 qui
2978 2347 3125 2402 inter
3153 2347 3413 2403 doctores
3430 2348 3708 2403 Ecclesia
3740 2348 3912 2403 clarus

2267 2438 2535 2504 habetur,
2594 2449 2723 2491 caro
2761 2435 2957 2491 affectu
3015 2449 3115 2505 pro
3172 2436 3492 2505 capacitatis
3546 2451 3672 2492 sua
3731 2438 3913 2508 vigore

2266 2526 2737 2596 amplectebatur;
2782 2539 2943 2595 quem
2972 2531 3196 2580 secutus
3240 2525 3545 2581 industrius
3578 2526 3911 2591 tirunculus,

2266 2632 2296 2672 a
2324 2622 2473 2671 tanto
2506 2615 2790 2685 pedagogo
2821 2612 3110 2669 afﬂuenter
3138 2614 3397 2680 imbutus,
3438 2621 3495 2670 et
3551 2615 3614 2670 in
3641 2630 3916 2686 exponenc

2268 2705 2354 2760 dis
2419 2703 2747 2774 Evangeliis,
2809 2709 2865 2758 et
2920 2703 2975 2758 in
3034 2703 3314 2759 historicis
3369 2704 3537 2759 rebus
3596 2704 3916 2775 digerendis

2269 2808 2497 2864 magnus
2534 2793 2767 2856 enituit;
2819 2798 2874 2847 et
2913 2791 3207 2860 descriptis
3234 2800 3542 2863 temporum
3575 2800 3639 2853 et
3674 2796 3916 2865 computi

2270 2881 2578 2937 rationibus
2631 2878 3027 2945 subtilissimis,
3068 2879 3296 2935 inditam
3354 2881 3696 2937 Britannica
3748 2883 3917 2954 gentis

2269 2968 2658 3026 hebetudinem
2721 2969 2987 3038 purgavit,
3047 2969 3490 3039 scriptorumque
3546 2985 3791 3028 suorum
3848 2973 3917 3027 di-

548 3071 614 3112 eo
646 3058 816 3126 capit
844 3056 1095 3112 devotius
1124 3057 1179 3111 in
1204 3064 1462 3126 suscepta
1491 3057 1757 3127 religione
1788 3058 2055 3126 proﬁcere
2077 3071 2186 3127 quo
2210 3042 2532 3131 anitatem
2563 3059 2822 3113 Romana
2860 3056 3009 3112 sedis
3053 3058 3323 3128 acquisita
3367 3061 3711 3116 auctoritate
3766 3063 3919 3117 nobi-

542 3160 604 3201 se
634 3145 772 3199 vidit
801 3144 870 3199 ad
904 3144 1066 3199 ﬁdem
1095 3145 1297 3201 Christi
1335 3144 1547 3199 tardius
1586 3145 1819 3200 venisse.

611 3236 667 3289 6.
700 3234 880 3304 Capit
904 3236 1014 3303 jam
1046 3233 1177 3289 hinc
1206 3233 1407 3289 Christi
1440 3233 1680 3303 propitia
1724 3233 1945 3289 bonitas
1988 3235 2042 3289 in
2093 3236 2189 3289 tri-

538 3323 685 3381 bulis
713 3323 904 3380 dulces
944 3323 1079 3379 ﬁcus
1119 3337 1432 3393 procreare,
1480 3322 1536 3378 in
1586 3323 1724 3378 rubo
1771 3322 2002 3379 decoras
2056 3338 2187 3379 uvas

537 3413 928 3484 multiplicare,
970 3419 1025 3469 et
1057 3412 1288 3469 novella
1317 3412 1501 3483 gentis
1529 3427 1643 3467 sua
1692 3412 1917 3482 stirpem
1967 3419 2187 3470 sancto-

539 3520 659 3561 rum
706 3504 941 3559 ﬁliorum
1002 3502 1157 3572 prole
1205 3501 1524 3557 fecundare.
1566 3504 1729 3573 Ergo,
1785 3503 1930 3558 inter
1984 3508 2185 3559 catera

537 3593 664 3649 rudi
695 3591 991 3647 Britannia
1038 3590 1303 3645 divinitus
1350 3595 1480 3646 tunc
1528 3590 1726 3645 collata
1763 3588 2073 3659 luminaria,
2115 3591 2183 3646 ad

537 3680 896 3753 depellendas
926 3685 1173 3736 veterum
1204 3694 1453 3736 errorum
1486 3680 1744 3735 tenebras
1782 3679 1985 3736 clarius
2013 3694 2043 3736 a
2070 3682 2183 3737 Deo

537 3758 790 3837 accensa,
823 3768 1026 3826 effulsit
1056 3768 1145 3824 hic
1183 3768 1377 3824 beatus
1416 3783 1552 3839 puer
1585 3771 1845 3835 Joannes,
1887 3769 2034 3825 velut
2062 3784 2182 3825 ma-

537 3862 715 3917 tutina
752 3858 950 3914 stella:
986 3857 1079 3926 qui
1110 3857 1178 3911 ab
1214 3857 1335 3927 ipso
1373 3858 1614 3912 nominis
1661 3858 1821 3913 initio
1878 3856 1933 3912 in
1981 3856 2183 3912 Christi

536 3950 785 4005 initiatus
804 3947 997 4017 gratia,
1030 3946 1307 4016 gloriosus
1336 3947 1430 4001 Dei
1460 3946 1617 4001 miles
1646 3946 1918 4002 ﬁnetenus
1947 3947 2002 4002 in
2032 3945 2186 4002 Chri-

538 4038 608 4094 sti
641 4037 883 4106 perstitit
942 4035 1156 4089 militia.
1215 4034 1483 4089 Subduxit
1540 4037 1717 4104 primo
1775 4050 1935 4092 manu
1992 4035 2182 4092 ferula

543 4124 667 4197 (75)
700 4122 973 4179 Theodori
1013 4123 1424 4192 archiprasulis
1456 4124 1683 4190 Cantia,
1717 4126 1875 4194 cujus
1913 4124 2184 4180 doctrinis

537 4229 602 4270 ac
649 4226 779 4268 cura
826 4218 944 4267 erat
993 4211 1298 4276 ἱηδῑὶῐιιῐιιδ,
1331 4225 1361 4264 ει
1391 4225 1603 4266 summo
1643 4212 1873 4267 doctore
1911 4228 2180 4268 summum

2271 3149 2466 3211 litavit,
2516 3146 2778 3216 quodque
2834 3146 2922 3201 his
2960 3149 3133 3217 majus
3187 3154 3292 3213 est,
3344 3156 3559 3204 servata
3601 3150 3917 3207 innocentia

2270 3237 2417 3301 vita,
2448 3237 2560 3292 Deo
2592 3235 2829 3291 ﬁdeliter
2857 3236 3067 3291 studuit
3095 3235 3201 3291 ﬁne
3241 3242 3401 3292 tenus
3430 3236 3679 3307 placere,
3711 3247 3782 3295 ut
3809 3255 3915 3297 cum

2269 3330 2460 3381 sancto
2490 3330 2713 3380 sanctus
2759 3330 2926 3391 esset,
2976 3331 3029 3380 et
3077 3340 3199 3380 cum
3256 3325 3433 3382 electo
3493 3327 3774 3398 magistro
3831 3344 3916 3384 suo

2268 3414 2615 3470 sanctissimo
2661 3414 2870 3468 Joanne
2908 3413 2965 3467 in
2998 3413 3270 3469 electione
3310 3414 3683 3484 discipulatus
3722 3418 3918 3472 Christi

2269 3510 2633 3572 permaneret.
2665 3500 3005 3557 Succedente
3044 3502 3207 3557 etiam
3246 3510 3515 3573 tempore,
3546 3518 3724 3574 quem
3756 3521 3790 3561 ει
3819 3507 3919 3577 pri-

2269 3591 2371 3646 mis
2407 3603 2688 3646 sacrorum
2719 3590 2985 3660 graduum
3018 3591 3308 3660 ordinibus
3335 3592 3446 3647 Deo
3478 3593 3914 3664 mancipaverat,

2267 3678 2563 3736 sacerdotii
2594 3678 2859 3749 dignitate
2884 3678 3031 3735 hunc
3064 3680 3258 3736 Bedam
3285 3695 3405 3735 cum
3425 3680 3551 3736 aliis
3583 3684 3915 3752 quibusdam

2266 3784 2379 3824 sua
2412 3768 2777 3824 institutionis
2803 3769 2955 3835 viris,
2987 3769 3185 3840 dignos
3212 3771 3324 3826 Deo
3352 3769 3672 3841 adjutorem
3705 3788 3918 3842 promo-

2267 3858 2379 3922 vit;
2414 3864 2475 3913 ut
2503 3865 2656 3913 tanto
2689 3858 2936 3913 tenacius
2971 3859 3190 3915 Christo
3227 3860 3325 3914 viti
3371 3874 3487 3917 sua
3535 3861 3914 3928 adharerent.

2267 3953 2473 4016 quanto
2512 3947 2760 4002 strictius
2788 3946 3061 4017 complexi
3090 3948 3343 4017 palmites
3384 3951 3505 4018 ejus
3551 3959 3778 4008 essent.
3828 3955 3919 4007 νε-

2265 4050 2385 4090 rum
2416 4035 2543 4105 quia
2574 4036 2768 4091 horum
2806 4035 3116 4106 aliquorum
3167 4039 3429 4094 memoria
3477 4038 3724 4111 reliqua
3772 4045 3913 4107 vita,

2266 4139 2333 4180 ex
2362 4126 2689 4180 necessitate
2715 4138 2897 4180 rerum
2943 4126 3405 4193 convenientium,
3441 4126 3546 4183 fuit
3602 4128 3914 4195 inferenda,

2264 4214 2552 4270 redeamus
2589 4227 2736 4269 nunc
2772 4214 2840 4269 ad
2887 4221 3130 4285 accepta
3177 4217 3510 4273 narrationis
3553 4227 3723 4289 gesta
3772 4221 3920 4277 evol-

537 4300 863 4361 conscendit
900 4300 1111 4370 apicem
1170 4299 1557 4369 philosophia.
1608 4301 1781 4370 Hujus
1835 4301 2176 4356 excellentia
2220 4372 2225 4373 7
2265 4302 2439 4358 venda
2480 4301 2608 4373 (7'7).

537 4398 794 4449 evocatus
820 4391 994 4461 gratia
1025 4390 1081 4444 in
1111 4388 1444 4443 monasterio
1471 4388 1902 4445 Streveshalensi
1932 4390 2178 4460 aliquan-
2198 4372 2246 4429 D
2337 4391 2392 4445 9.
2425 4372 2705 4463 Regnante
2745 4391 2950 4463 inclle
2988 4392 3285 4465 Anglorum
3323 4410 3451 4466 rege
3488 4395 3759 4456 Aldfrido
3795 4401 3913 4473 σε),

536 4485 609 4539 tis
647 4482 927 4538 detinetur
954 4478 1150 4535 diebus
1180 4478 1249 4533 ab
1287 4476 1492 4532 Elﬁeda
1540 4478 1815 4535 abbatissa
1874 4480 2015 4550 (76).
2074 4480 2179 4537 Sed

608 4657 715 4731 (75)
745 4656 958 4713 Colitur
985 4657 1040 4711 S.
1073 4653 1397 4731 Theodorus
1430 4651 1495 4705 19
1522 4655 1887 4731 _septembris._
1902 4659 2027 4731 ⁸ῌὶε
2073 4659 2182 4714 Ro-

536 4726 639 4787 ma
678 4726 1035 4786 consecratus
1074 4726 1222 4781 venit
1276 4726 1623 4781 Cantuariam
1668 4739 1814 4783 anno
1858 4728 1986 4796 690,
2036 4743 2183 4785 mor-

537 4812 666 4859 tuus
693 4814 822 4857 ann.
863 4798 989 4852 699.
1040 4798 1274 4852 Thomas
1317 4796 1483 4851 Stubs
1531 4798 1727 4852 asserit
1773 4798 1839 4853 ab
1886 4814 1968 4864 eo,
2008 4801 2182 4855 excel-

541 4874 729 4929 lentem
779 4875 835 4926 in
888 4869 1176 4941 Scriptnris
1238 4867 1430 4941 ingenii
1486 4869 1845 4941 vioaeitatem,
1887 4872 2179 4941 Joannem,

539 4946 596 5001 id
626 4949 701 5000 est
738 4943 963 5013 gratiam
999 4940 1095 4994 Dei
1151 4939 1489 5010 appellatum.
1548 4940 1623 4995 De
1680 4953 1747 4996 eo
1804 4941 1959 5010 plura
1997 4939 2179 5013 infra,

538 5030 688 5073 num.
727 5013 811 5078 l5,
842 5011 1173 5067 referuntur.
1362 5028 1374 5038 ο

606 5086 708 5158 (76)
768 5086 951 5158 Vitam
996 5084 1051 5137 S.
1108 5081 1332 5158 Elﬁeda
1388 5080 1899 5158 ill_ust_ravimus__ad
1956 5084 2099 5158 diem
2137 5086 2181 5158 78

533 5152 838 5222 Februarii,
862 5156 976 5221 ubi,
1000 5166 1151 5208 num.
1174 5152 1265 5218 60,
1290 5152 1411 5208 hac
1440 5154 1494 5207 S.
1515 5155 1744 5208 Joannis
1774 5154 1849 5209 ibi
1881 5156 2179 5212 residentia

534 5244 564 5285 e
594 5232 798 5287 Thoma
829 5227 996 5283 Stubs
1023 5224 1337 5289 adducitur,
1375 5224 1669 5295 Beda,lib.
1722 5239 1796 5291 1v,
1838 5239 1961 5295 cap.
1992 5226 2063 5281 23
2095 5242 2181 5283 as-

531 5304 684 5366 serit,
708 5316 779 5355 επ
797 5301 895 5354 hoc
915 5296 1228 5356 monasterio
1251 5294 1671 5370 Streneshaglensi
1696 5294 1939 5370 prodisse
1957 5299 2180 5370 quinque

529 5365 820 5444 episcopos,
851 5376 900 5426 et
937 5370 1032 5425 hos
1068 5381 1245 5423 omnes
1280 5365 1570 5444 singuiaris
1607 5365 1778 5422 meriti
1805 5373 1854 5423 et
1881 5365 2179 5426 sanctitatis

530 5438 871 5506 erasnm:-
899 5454 1041 5511 quos
1079 5446 1400 5511 numeratur
1425 5438 1685 5511 Joannes.

607 5514 728 5584 (77)
797 5509 934 5571 llic‘
963 5510 1419 5581 interponebatur
1478 5510 1582 5565 iste
1650 5509 1878 5565 titulus:
1936 5512 2177 5579 Quali/er

2266 4480 2566 4536 excedente
2612 4480 2865 4536 humanis
2912 4483 3078 4538 rebus
3106 4481 3284 4539 felicis
3311 4485 3435 4540 vita
3481 4487 3617 4542 Eata
3652 4489 3778 4559 (79)
3810 4494 3916 4561 epi-

2263 4660 2327 4715 S.
2359 4661 2589 4735 Joannes
2618 4659 2809 4717 electus
2836 4666 2913 4716 est
2954 4662 3025 4735 in,
3057 4662 3506 4735 archiepiscopum
3548 4665 3911 4725 Eboracensis

2264 4729 2513 4807 ecclesia.
2546 4733 2744 4807 verum
2776 4747 2899 4803 qua
2947 4734 3050 4789 sub
3079 4729 3250 4807 initioi
3269 4729 3607 4803 referuntur,
3635 4743 3914 4807 pertinent

2264 4802 2333 4857 ad
2366 4803 2484 4883 ejus
2531 4802 2908 4883 episcopatum
2958 4802 3597 4883 Hagulstadensem‘pet
3634 4802 3768 4879 ejus
3814 4815 3913 4883 epi-

2264 4880 2526 4949 scopatus
2564 4876 2925 4949 Eboracensis
2962 4876 3080 4949 erat
3118 4892 3403 4949 perperam
3432 4876 3600 4946 infra,
3638 4876 3803 4940 tium.
3842 4876 3908 4949 i4,

2265 4946 2613 5030 insertusLet
2643 4946 2897 5030 indehie
2919 4948 3021 5003 sub
3050 4946 3476 5030 ﬁnem'relatus.

2329 5016 2448 5140 Ις7.8)
2479 5017 2579 5072 Hic
2609 5030 2693 5073 εει
2720 5018 2961 5088 Atfridus
3014 5020 3200 5075 nothus
3236 5035 3333 5104 seu
3373 5021 3577 5090 junior,
3622 5038 3655 5079 a
3695 5028 3911 5082 seniore

2351 5087 2484 5170 rido
2527 5081 2893 5170 fratre_apud
2945 5091 3477 5170 Malmesbprtensem
3518 5100 3578 5170 et
3626 5095 3781 5153 alios
3820 5111 3910 5154 non

2263 5159 2577 5241 distinctus,
2640 5160 2733 5241 qui
2790 5163 3057 5241 successit
3084 5162 3563 5241 _ngrido_fratr_i,
3609 5180 3770 5225 anno
3800 5170 3909 5233 684,

2263 5232 2412 5309 circa
2442 5232 2803 5309 Pentecosten
2835 5235 3042 5309 occiso.
3074 5232 3310 5291 Consule
3340 5235 3639 5292 Ricardum
3674 5241 3909 5309 priorem

2263 5302 2772 5375 Hagustaldensem,
2804 5318 2927 5375 cap.
2971 5303 3052 5360 10.

2334 5373 2537 5444 (79),S.
2589 5376 2751 5442 Eata,
2802 5373 2940 5432 teste
2978 5376 3174 5433 eodem
3220 5377 3478 5444 Ricardo,
3529 5386 3806 5440 mortuus
3841 5388 3909 5439 est

2260 5443 2558 5573 31:33:23,
2591 5446 2890 5517 inscriptus
2938 5449 3114 5505 Fastis
3164 5443 3478 5520 Anglicanis
3525 5451 3599 5507 ad
3642 5453 3805 5512 diem
3849 5451 3907 5507 ﬁ
