4106 6178
243 347 371 403 1169

1332 347 1485 402 VlTA
1522 348 1576 403 S.
1617 349 1895 408 JOANNIS
1932 353 2491 411 BEVERLACENSIS.

3467 361 3603 417 1170

234 487 421 546 scopo,
472 474 796 529 cunctorum
843 470 987 528 votis
1030 471 1415 541 poscentibus,
1476 473 1705 531 maxime
1741 482 1940 555 verofA
1956 478 2123 551 longo
2151 485 2399 551 tempore
2428 480 2497 536 ab
2525 481 2847 553 episcopatu
2885 497 2986 540 suo
3025 485 3235 555 ejectus
3272 484 3394 554 fuit,
3425 502 3457 543 a
3494 490 3603 546 Ro-

236 570 365 622 nutu
415 562 513 619 Dei
552 567 770 633 agente,
810 560 903 617 hic
946 559 1183 617 dilectus
1220 561 1316 617 Dei
1355 562 1410 618 in
1459 564 1579 633 ejus
1606 566 1875 621 successit

235 654 553 726 episcopatu
596 666 610 705 :
652 656 961 721 unctusque
1009 651 1065 705 in
1113 650 1386 707 Christum
1425 653 1660 720 Domini,
1704 668 1874 725 Opera

232 743 379 800 auxit
416 740 640 811 pietatis
670 745 727 795 et
769 738 919 803 fidei,
961 740 1331 810 competentia
1361 742 1553 811 utique
1583 747 1736 800 tanto
1776 758 1875 800 or-

233 832 343 889 dini
383 837 437 887 et
484 829 686 885 divina
734 827 1009 898 dignitati,
1055 843 1179 899 qua
1226 828 1358 885 licet
1395 831 1577 886 omnia
1616 846 1871 890 enarrare

231 933 566 992 nequeamus
603 930 705 989 pro
754 930 983 974 numero
1030 917 1158 985 sui,
1207 918 1398 974 saltem
1445 920 1514 975 ad
1560 920 1743 992 aliqua
1782 936 1875 979 ex-

231 1010 480 1083 plicanda
536 1008 907 1079 accingamur,
957 1007 1025 1062 ad
1076 1007 1341 1064 honorem
1391 1015 1446 1065 et
1490 1010 1719 1081 gloriam
1759 1014 1875 1069 Do-

229 1099 382 1165 mini,
422 1112 546 1169 qua
592 1097 786 1167 utique
814 1094 1073 1152 veridicis
1109 1095 1310 1151 tradita
1354 1099 1675 1168 agnovimus
1712 1096 1873 1155 testi-

229 1190 350 1255 bus,
382 1192 438 1243 et
466 1185 808 1258 potissimum
840 1198 871 1240 a
908 1184 1072 1240 beato
1110 1185 1401 1241 Brithtuno
1441 1185 1543 1255 (80)
1568 1187 1662 1257 qui
1693 1188 1871 1257 primo

228 1280 347 1348 ejus
394 1282 513 1333 erat
561 1274 849 1340 diaconus,
900 1280 956 1329 et
1002 1280 1195 1344 postea
1242 1275 1361 1344 ejus
1398 1275 1546 1331 dono
1586 1282 1641 1331 et
1679 1290 1874 1334 conse-

227 1368 476 1423 cratione
542 1364 880 1421 monasterio
945 1363 1014 1419 ab
1079 1377 1146 1419 eo
1211 1362 1458 1420 funditus
1521 1371 1870 1435 constructo,

228 1456 377 1527 quod
444 1454 705 1525 Beverley
772 1454 979 1509 dicitur
1010 1495 1024 1520 ,
1092 1452 1262 1507 abbas
1326 1452 1545 1524 prafuit
1608 1454 1874 1527 dignissi-

227 1560 363 1602 mus.

303 1634 390 1688 10.
431 1633 790 1690 Dedicaverat
836 1632 980 1688 idem
1030 1631 1266 1687 dilectus
1304 1634 1415 1689 Deo
1462 1632 1664 1703 prasul
1695 1633 1873 1690 eccle-

224 1726 359 1781 siam
430 1725 485 1780 in
554 1724 820 1781 honorem
881 1723 1027 1778 beati
1093 1721 1373 1778 Michaelis
1427 1723 1763 1795 archangeli,
1815 1725 1871 1781 in

1956 583 2117 627 mano
2173 570 2414 627 concilio
2481 576 2537 627 et
2599 586 2630 626 a
2695 573 2758 627 D.
2827 587 2966 644 papa
3021 574 3305 645 Agathone
3370 577 3605 647 epistola

1954 663 2181 729 accepta
2228 658 2284 713 in
2324 658 2554 728 patriam
2594 660 2825 728 revenit,
2877 668 2933 716 et
2979 662 3357 734 episcopatum
3396 666 3607 737 Hagni-

1954 747 2229 803 stadensis
2265 748 2516 806 ecclesia
2564 764 2687 807 eum
2746 750 3015 822 synodadi
3073 754 3312 810 concilio
3371 756 3602 826 recepit,

1956 845 2009 893 et
2050 843 2273 894 sanctus
2317 841 2556 895 Joannes
2594 839 2652 895 in
2690 841 2939 898 Eboraco
2971 842 3191 899 civitate
3224 844 3605 915 episcopatum

1954 927 2190 996 accepit,
2224 932 2279 984 et
2317 929 2474 984 annis
2512 929 2738 1001 triginta
2769 931 2948 987 tribus
2978 932 3244 990 nobiliter
3272 934 3470 990 tenuit.

2033 1014 2117 1070 l2.
2147 1016 2269 1072 Alio
2299 1032 2520 1088 quoque
2553 1032 2819 1090 tempore,
2844 1036 2965 1077 cum
2997 1022 3104 1077 iter
3132 1021 3339 1079 faceret
3370 1025 3603 1081 Sanctus

1955 1105 2072 1171 Dei,
2134 1107 2385 1176 pervenit
2423 1107 2490 1162 ad
2538 1109 2717 1165 vicum
2775 1111 2868 1181 qui
2909 1111 3160 1167 Yatadini
3224 1112 3330 1184 (85)
3377 1112 3601 1181 dicitur,

1955 1195 2048 1251 ubi
2081 1201 2211 1252 tunc
2248 1203 2366 1252 erat
2404 1199 2793 1255 monasterium
2834 1200 3154 1258 ancillarum
3207 1202 3431 1270 Christi,
3473 1204 3603 1274 qui-

1954 1284 2058 1340 bus
2105 1292 2340 1355 praerat
2386 1288 2721 1360 Hereburgis
2767 1290 2913 1345 dicta
2943 1291 3239 1359 abbatissa,
3270 1292 3468 1347 mulier
3496 1293 3603 1348 tide

1956 1374 2154 1444 plena,
2201 1383 2254 1431 et
2304 1382 2436 1432 tunc
2483 1378 2555 1433 ob
2602 1378 2895 1435 adventum
2940 1380 3044 1436 viri
3092 1382 3188 1436 Dei
3227 1395 3347 1437 cum
3388 1381 3603 1437 filiabus

1954 1463 2070 1518 suis
2107 1463 2165 1518 in
2213 1464 2433 1532 Christo
2468 1465 2627 1522 valde
2662 1468 2985 1537 jucundata.
3037 1468 3226 1525 Refert
3264 1484 3395 1540 ergo
3452 1470 3603 1527 illico

1955 1551 2045 1620 pia
2101 1559 2275 1608 mater
2332 1568 2454 1609 cum
2511 1554 2701 1622 luctu,
2761 1569 3111 1626 conquerens
3147 1565 3340 1614 sancto
3381 1558 3604 1628 prasuli

1955 1654 2311 1698 consororem
2373 1643 2662 1712 quamdam
2710 1659 2904 1715 magna
2960 1647 3214 1715 corporis
3272 1647 3603 1717 agritudine

1955 1729 2212 1800 deprimi,
2246 1746 2350 1787 nec
2373 1732 2608 1802 aliquam
2641 1749 2794 1804 spem
2832 1736 2958 1790 vita
2998 1738 3119 1806 ejus
3156 1736 3368 1792 haberi.
3407 1739 3604 1792 Preca-

223 1813 412 1870 villula
440 1811 586 1869 dicta
616 1812 948 1878 CarnestC.
990 1825 1098 1866 non
1131 1811 1291 1882 longe
1321 1825 1351 1865 a
1390 1811 1667 1868 deï¬‚uente
1712 1820 2048 1878 amneBtur
2075 1820 2402 1890 suppliciter
2429 1828 2491 1877 ut
2537 1836 2654 1877 eam
2703 1823 3026 1893 dignaretur
3065 1824 3308 1891 visitare,
3360 1824 3606 1893 dicitque

219 1905 391 1975 Tyna
432 1903 578 1959 fluvii
619 1901 748 1973 (81).
782 1901 882 1957 Hic
919 1898 1257 1972 frequenter,
1299 1906 1353 1957 et
1384 1902 1614 1957 maxime
1634 1902 1863 1969 Quadra-

220 1993 471 2064 gesimali
511 1998 778 2063 tempore,
812 1990 960 2062 quod
999 2005 1030 2046 a
1079 1990 1331 2061 populari
1369 1990 1678 2061 frequentia
1715 1990 1872 2048 locus

219 2081 493 2138 remotior
521 2086 658 2148 erat,
691 2081 747 2136 in
779 2081 1006 2151 jejuniis
1042 2087 1099 2136 et
1143 2079 1485 2136 orationibus
1534 2084 1589 2136 et
1626 2080 1868 2140 eleemo-

217 2185 480 2243 synarum
562 2170 947 2242 largitionibus
1021 2169 1266 2225 intentus
1339 2174 1563 2225 sanctus
1632 2170 1870 2225 Joannes

215 2261 502 2328 manebat,
543 2260 637 2316 ubi
669 2274 791 2315 cum
832 2258 1069 2330 quodam
1109 2265 1358 2328 tempore
1403 2258 1619 2313 turbam
1658 2272 1873 2329 paupe-

215 2365 364 2419 rum,
399 2350 564 2406 solito
603 2364 704 2406 suo
739 2363 911 2415 more,
953 2346 1342 2403 consolandam
1386 2346 1641 2415 jussisset
1687 2347 1871 2404 intro-

211 2439 372 2506 duci,
425 2440 681 2496 convenit
719 2439 865 2494 inter
902 2450 1001 2493 eos
1047 2433 1274 2506 quidam
1313 2434 1643 2490 miserabilis
1679 2434 1870 2492 forma

209 2531 318 2585 vir.
364 2532 499 2585 Nam
538 2534 595 2584 et
627 2536 809 2584 mutus
847 2533 1024 2583 erata
1052 2526 1355 2592 nativitate,
1385 2531 1440 2580 et
1467 2524 1608 2581 adeo
1648 2526 1873 2582 obsca-

211 2632 323 2674 nus
376 2618 556 2674 lurida
603 2617 801 2687 capitis
837 2615 1103 2681 fmditate,
1137 2620 1197 2669 ut
1225 2618 1615 2685 praoccupato
1653 2628 1684 2669 a
1724 2616 1871 2671 tinea

209 2715 337 2765 toto
370 2708 583 2765 circulo
613 2707 829 2779 capitis,
864 2721 964 2777 pro
1004 2706 1132 2777 pilis
1166 2704 1431 2761 horrebat
1463 2704 1603 2759 raris
1649 2705 1870 2761 ethir-

205 2799 361 2855 sutis
401 2798 558 2869 quasi
599 2811 890 2868 porcorum
921 2796 1055 2852 setis
1090 2792 1211 2867 (83)
1258 2815 1270 2849 :
1306 2808 1466 2865 quem
1497 2799 1720 2851 sanctus
1756 2794 1874 2865 epi-

204 2903 431 2959 scopus
477 2888 619 2943 bene
667 2891 912 2953 noverat,
954 2884 1082 2955 quia
1138 2884 1206 2939 ad
1265 2883 1667 2953 eleemosynam
1719 2898 1870 2940 suam

203 2979 373 3035 inter
421 2976 561 3033 alios
616 2990 887 3046 pauperes
932 2989 1055 3030 eum
1094 2973 1413 3045 frequenter
1448 2973 1680 3029 viderat.
1732 2975 1875 3030 Tan-

206 3069 348 3125 dem
394 3080 527 3137 ergo
565 3064 819 3121 dilectam
849 3066 961 3121 Deo
990 3063 1223 3119 animam
1254 3062 1379 3119 talis
1422 3061 1590 3119 facies
1635 3062 1872 3121 miseria

1952 1923 2013 1964 se
2043 1909 2098 1964 in
2136 1910 2232 1965 Dei
2272 1911 2476 1979 pietate
2525 1917 2580 1967 et
2619 1912 2738 1980 ejus
2776 1912 2988 1967 meritis
3034 1912 3263 1968 multum
3302 1912 3604 1978 conlidere,

1952 1999 2101 2069 quod
2158 2000 2208 2054 ei
2266 2000 2462 2056 melius
2519 2003 2839 2071 proveniret
2896 2016 2962 2058 ex
3000 2002 3356 2072 impositione
3412 2016 3609 2058 manus

1951 2102 2086 2144 sua.
2128 2090 2381 2158 Requirit
2407 2090 2600 2145 beatus
2639 2090 2886 2160 pontifex
2916 2105 3134 2148 causam
3174 2093 3372 2159 morbi,
3406 2092 3606 2148 discit-

1953 2190 2061 2245 que
2098 2177 2167 2232 ab
2225 2177 2503 2233 abbatissa
2559 2179 2705 2233 illam
2749 2179 2805 2233 in
2864 2188 3056 2249 quarta
3107 2180 3236 2236 luna
3284 2181 3607 2251 sanguinem

1952 2266 2236 2329 minuisse,
2286 2267 2617 2336 turbatoque
2666 2268 2917 2337 corporis
2956 2274 3124 2335 statu,
3156 2269 3444 2324 brachium
3484 2270 3608 2338 ejus

1951 2355 2338 2411 miserabiliter
2385 2355 2727 2412 intumuisse.
2790 2358 3131 2413 Protestatur
3168 2358 3277 2414 hoc
3315 2364 3602 2427 comperto

1953 2458 2073 2500 esse
2128 2442 2331 2500 factum
2390 2445 2838 2515 imprudentius,
2896 2452 3274 2517 memoratque
3340 2461 3401 2502 se
3456 2461 3487 2501 a
3547 2448 3606 2501 Î’.

1953 2533 2245 2590 Theodoro
2290 2534 2712 2605 archiepiscopo
2759 2536 3021 2606 magistro
3060 2549 3162 2592 suo
3200 2535 3443 2603 audisse,
3484 2550 3607 2592 cum

1954 2637 2092 2692 puer
2130 2632 2275 2679 esset
2315 2630 2369 2679 et
2417 2626 2538 2694 ejus
2566 2625 2891 2695 discipulus,
2926 2625 3446 2694 periculosissimam
3485 2639 3607 2681 esse

1954 2712 2011 2766 in
2068 2722 2262 2781 quarta
2324 2713 2454 2769 luna
2511 2714 2947 2770 imminutionem
2996 2714 3318 2784 sanguinis,
3388 2721 3443 2770 et
3496 2727 3605 2770 non

1954 2809 2213 2871 oportere
2246 2803 2558 2872 hujusmodi
2599 2803 2914 2859 curationes
2943 2816 3203 2860 exercere
3242 2802 3300 2857 in
3338 2796 3603 2858 teueriori

1954 2890 2258 2946 crescentis
2322 2892 2466 2947 luna
2535 2897 2736 2960 atate,
2810 2892 2896 2948 vel
2962 2898 3219 2948 recenter
3284 2895 3607 2961 erumpente

1955 2979 2175 3034 liuentis
2233 2981 2410 3052 pelagi
2476 2980 2781 3037 rheumate.
2840 2982 3026 3037 Victus
3082 2980 3305 3037 tandem
3354 2979 3609 3051 lacrymis

1956 3075 2119 3140 atque
2169 3070 2428 3139 precibus
2473 3071 2758 3127 marentis
2794 3070 3086 3127 abbatissa
3119 3076 3175 3125 et
3221 3082 3604 3135 consororum,

202 3157 392 3213 altius
422 3168 692 3227 pungens,
725 3154 1052 3209 clementius
1079 3152 1294 3224 tetigit;
1346 3152 1657 3222 injectaque
1684 3166 1865 3219 manu,
1892 3149 1935 3209 G
1956 3157 2284 3213 inï¬rmantis
2322 3158 2539 3215 femina
2569 3159 2738 3215 intrat
2774 3158 3127 3226 cubiculum;
3170 3157 3398 3229 visoque
3436 3156 3608 3213 nimio

202 3254 267 3302 ut
306 3250 437 3302 erat
465 3243 911 3315 benignissimus,
954 3249 1139 3298 mento
1179 3254 1471 3312 pauperem
1502 3242 1870 3312 comprehen-

200 3334 312 3398 dit,
373 3333 658 3390 benedixit
699 3330 826 3399 (83),
876 3336 931 3386 et
970 3332 1028 3385 in
1067 3330 1163 3386 Dei
1194 3330 1414 3386 nomine
1454 3335 1514 3385 ut
1552 3329 1873 3400 loqueretur

199 3423 510 3492 praecepit.
567 3420 838 3477 Pracedit
886 3420 1181 3489 episcopus
1231 3419 1445 3473 litteras
1500 3420 1767 3489 quasdam
1815 3425 1871 3476 et

195 3512 385 3565 verba
438 3508 714 3574 dicendo;
773 3507 866 3563 ille
905 3508 999 3577 qui
1041 3514 1226 3562 mutus
1262 3512 1401 3573 erat,
1442 3506 1624 3563 soluto
1667 3507 1869 3578 lingua

193 3598 425 3665 officio,
458 3597 816 3668 subsequitur
843 3595 1035 3652 eadem
1065 3610 1132 3650 ex
1160 3609 1257 3650 ore
1287 3594 1534 3664 episcopi
1564 3594 1864 3665 loquendo.

192 3687 458 3743 Tandem
498 3693 625 3757 post
660 3685 825 3742 verba
858 3684 1117 3756 paulatim
1167 3683 1371 3739 invadit
1413 3684 1683 3740 orationis
1733 3698 1867 3740 sen-

190 3778 441 3844 tentias,
494 3780 659 3846 prout
697 3774 951 3845 prasulis
998 3773 1253 3844 exigebat
1303 3772 1587 3828 sanctitas.
1627 3774 1867 3844 Fugatur

189 3866 377 3921 etiam
430 3864 501 3919 ab
539 3863 636 3920 illo
684 3864 863 3919 omnis
908 3862 1002 3918 illa
1051 3861 1276 3918 horrida
1332 3861 1531 3931 capitis
1584 3861 1860 3933 contagio,

189 3956 561 4024 vestiturque
590 3952 913 4023 capillorum
935 3958 1132 4009 ornatu
1154 3951 1337 4020 crispo
1354 3956 1413 4015 et
1443 3950 1601 4021 nigro
1626 3970 1640 4017 ;
1673 3951 1863 4021 sicque

187 4043 521 4101 consulatis
549 4042 778 4113 reliquis
824 4041 1161 4113 pauperibus
1188 4039 1426 4111 simplici
1457 4039 1736 4107 alimonia,
1772 4040 1862 4096 ille

186 4148 300 4205 per
342 4132 539 4189 Sancti
586 4132 814 4187 Joannis
852 4132 1046 4187 merita
1093 4130 1237 4185 redit
1304 4130 1509 4186 ditatus
1571 4128 1862 4200 multiplici

183 4221 630 4280 miseratiouum
667 4222 762 4278 Dei
792 4223 951 4293 c0pia
981 4221 1107 4291 (84).
1844 4264 1851 4271 .

274 4312 369 4369 ll.
436 4314 569 4369 Post
631 4313 751 4369 hac
806 4326 937 4385 ergo
994 4313 1052 4368 Î’.
1093 4309 1379 4367 Wilfridus
1426 4310 1721 4382 episcopus
1766 4312 1860 4382 qui

263 4420 388 4488 (80)
436 4420 600 4476 Beda.
643 4420 740 4475 lib.
783 4434 838 4484 v,
889 4433 1011 4489 cap.
1060 4418 1116 4484 2,
1165 4417 1454 4489 sequentia
1493 4418 1678 4483 habet,
1710 4432 1855 4486 qua,

1956 3252 2171 3302 tumore
2211 3247 2446 3314 brachii,
2479 3248 2693 3319 signum
2733 3248 2966 3318 opponit
3002 3247 3203 3313 crucis,
3246 3246 3609 3316 pralibatque

1955 3335 2067 3389 Deo
2116 3334 2384 3391 intentius
2430 3335 2591 3391 thura
2641 3350 2794 3405 pura
2842 3334 3131 3399 orationis,
3183 3333 3611 3402 consolatusque

1948 3424 2225 3493 jaceutem
2273 3424 2557 3493 egreditur
2603 3438 2633 3479 e
2683 3424 2869 3479 domo.
2901 3423 3009 3479 Sed
3050 3436 3171 3478 cum
3212 3422 3505 3493 languente
3534 3419 3613 3477 fe-

1952 3513 2100 3567 mina
2128 3510 2321 3567 eflicax
2352 3518 2635 3581 permanet
2682 3511 3023 3577 benedictio,
3064 3518 3120 3566 et
3149 3511 3329 3566 omnis
3358 3509 3452 3565 illa
3479 3524 3604 3565 cum

1952 3600 2251 3656 recedente
2317 3600 2582 3669 episcopo
2650 3600 2863 3655 recedit
2927 3599 3157 3655 inflatio.
3226 3599 3326 3653 Vix
3389 3601 3614 3653 sanctus

1951 3689 2279 3745 consederat
2316 3688 2385 3744 ad
2424 3689 2629 3755 cibum,
2663 3695 2719 3743 et
2756 3688 3099 3758 Capuburgis
3132 3686 3240 3758 (sic
3269 3687 3415 3742 enim
3443 3699 3601 3743 voca-

1949 3778 2135 3849 batur)
2188 3777 2257 3833 ad
2305 3781 2426 3848 ejus
2478 3778 2771 3834 diaconum
2812 3777 3181 3842 Brithtunum,
3231 3790 3389 3832 suum
3439 3776 3609 3832 mittit

1949 3866 2223 3934 nuntium,
2265 3874 2461 3936 petens
2499 3874 2558 3922 ut
2606 3866 2687 3922 illi
2734 3880 2892 3921 suum
2924 3872 3215 3935 praestaret
3244 3864 3607 3934 colloquium.

1948 3956 2122 4011 Petita
2179 3955 2272 4011 ille
2330 3956 2578 4026 episcopi
2635 3955 3027 4012 benedictione
3086 3968 3209 4010 cum
3270 3954 3399 4018 iret,
3460 3953 3608 4009 illam

1941 4045 2053 4114 jam
2096 4058 2284 4101 sanam
2331 4045 2551 4101 obviam
2595 4045 2782 4111 habet,
2822 4044 3098 4114 discitque
3137 4042 3407 4099 medelam
3438 4056 3608 4099 cura-

1946 4133 2115 4188 tionis
2145 4133 2462 4203 provenisse
2492 4133 2599 4189 sibi
2648 4148 2747 4204 per
2775 4133 3084 4189 orationem
3115 4131 3422 4203 pontiï¬cis.
3478 4133 3608 4191 Post

1943 4222 2065 4277 hac
2093 4222 2227 4277 vixit
2264 4236 2396 4278 sana
2434 4221 2601 4293 longo
2632 4227 2904 4292 tempore,
2948 4221 3196 4291 jucunda
3243 4219 3607 4289 frequentans

1944 4310 2211 4369 relatione
2237 4314 2577 4369 curationem
2606 4312 2714 4367 sibi
2750 4326 2782 4366 a
2813 4312 2973 4366 beato
3006 4309 3241 4380 prasule
3272 4310 3599 4379 impensam-

2024 4418 2147 4489 (83)
2181 4420 2345 4474 Beda.
2388 4421 2608 4488 Signum
2634 4423 2831 4473 sancta
2858 4417 3026 4489 crucis
3076 4416 3266 4485 lingua:
3310 4411 3584 4485 impressit

180 4468 417 4563 manu,
436 4468 620 4547 á¼·á½·á½²á¼±Îµá¿–á½²
643 4468 803 4546 Elei
819 4468 1465 4563 unae'ansaaaaa
1493 4468 1863 4563 á½–á½²á¼·á¾±á½²á¼±ÎµÎµá¿–á¾—Î¾á¿–Î¹á½³
1877 4468 1927 4526 1)
1949 4468 2143 4563 Ï…Î´á¿–Î¾á½²Î¹á¿–
2158 4468 2370 4559 {aliqua
2388 4468 2903 4563 amuniagpioa
2913 4468 2981 4543 Et.

183 4559 504 4629 Berhthun,
552 4563 803 4617 diaconus
851 4561 1111 4631 quondam
1139 4560 1270 4628 ejus,
1312 4574 1446 4631 nunc
1472 4564 1656 4631 autem
1703 4559 1868 4631 abbas

185 4635 526 4691 mouaslerii
570 4634 707 4703 quod
754 4629 970 4688 vocatur
1010 4630 1370 4703 Inderauuda
1394 4672 1408 4695 ,
1460 4629 1519 4703 id
1563 4636 1639 4703 est
1695 4629 1867 4703 insula

184 4709 515 4764 Deirorum.
550 4700 654 4760 Pro
685 4704 772 4759 his
802 4704 857 4759 in
889 4704 1007 4758 Vita
1036 4718 1066 4757 a
1096 4701 1387 4756 Mabillone
1434 4700 1580 4756 edita
1626 4700 1862 4770 legitur:

183 4784 366 4835 Nunc
413 4781 587 4831 autem
636 4774 801 4831 abba:
849 4776 1158 4829 monasterii
1193 4772 1331 4843 quod
1360 4770 1627 4843 Beveirlick
1655 4772 1863 4827 dicitur.

178 4854 247 4908 in
321 4847 628 4905 monastici
687 4846 967 4918 Anglicani
1006 4854 1141 4918 tom_.
1199 4842 1437 4918 l,7pag._
1489 4842 1612 4918 170,
1664 4844 1869 4918 dicitur

178 4923 409 4977 abiisse
461 4918 739 4974 Brilhunus
774 4914 985 4989 primus
1041 4915 1206 4989 abbas
1250 4914 1641 4989 Beverlacensis
1689 4914 1867 4970 Idibus

181 4994 341 5050 Maii
389 5005 533 5046 anno
561 4989 770 5045 Domini
788 4986 925 5055 '733,
957 4993 1007 5044 et
1042 4986 1277 5058 sepultus
1306 4987 1467 5057 juxta
1493 4986 1555 5042 S.
1586 4987 1861 5041 Joannem.

180 5068 389 5132 Hujus
422 5062 596 5116 Vitam
637 5061 974 5132 illustramus
1014 5058 1081 5132 1_5
1117 5059 1259 5114 Maii.

266 5126 415 5206 (81)
457 5132 625 5206 Addit
671 5131 835 5206 Beda,
870 5146 980 5206 non
1024 5129 1184 5206 longe
1222 5127 1288 5206 ab
1336 5126 1748 5206 Hagulsladensi
1778 5142 1864 5206 ec-

175 5199 398 5269 clesia;
452 5204 508 5259 id
551 5208 628 5259 est
670 5203 822 5258 unius
847 5204 1010 5274 [mne
1055 5199 1271 5274 milliari
1315 5204 1365 5255 et
1420 5199 1623 5274 dimidii
1669 5200 1861 5274 spatio.

172 5280 448 5336 Videtur
502 5289 534 5330 a
588 5275 795 5331 'lâ€˜homa
846 5271 1011 5330 Stubs
1066 5271 1417 5342 Arneshange
1469 5271 1609 5337 dici,
1668 5271 1723 5326 id
1782 5274 1865 5325 est

171 5355 363 5409 Mons
410 5344 623 5409 aquila.

263 5364 363 5405 ms
410 5362 445 5401 a
480 5362 623 5402 uuae.

263 5418 418 5496 (82)
448 5362 648 5496 (Beda;
686 5416 928 5473 Smbiem
966 5419 1164 5496 tantum
1211 5419 1259 5469 et
1292 5414 1523 5496 furfures
1559 5412 1782 5495 liabebat
1810 5414 1865 5496 in

435 5493 490 5543 ut
514 5487 643 5565 nillil
670 5503 895 5565 unquam
922 5484 1301 5565 capillorumei
1331 5484 1387 5565 in
1409 5485 1677 5565 superiore
1712 5490 1866 5565 parte

170 5502 410 5565 capue,
435 5502 490 5543 ut
514 5502 641 5543 mnu
670 5503 891 5559 unquam
922 5502 1228 5557 capillorum
1255 5502 1300 5539 ÎµÎ¹
1331 5502 1384 5538 Î¹Î·
1409 5502 1677 5612 ÎµÏ…á½·ÎµÎ½Î¹Î¿Î¹Ï„Îµ
1712 5502 1864 5555 parte

170 5564 406 5636 capitis
430 5559 595 5636 nasci
622 5560 838 5636 ualeret,
879 5564 1077 5615 tantum
1108 5558 1160 5612 in
1201 5557 1419 5613 circuitu
1490 5557 1657 5613 arridi
1694 5557 1864 5611 crines

164 5629 347 5697 stare
380 5629 717 5688 uidebantur.

2025 4559 2146 4630 (84)
2190 4556 2319 4616 Î Î±á½·Ï‚
2367 4561 2436 4617 ad
2489 4576 2638 4617 num.
2680 4556 2770 4626 25,
2814 4572 3099 4630 perperam
3138 4556 3401 4613 translata
3440 4556 3602 4630 culpa

1949 4629 2382 4696 amanuensium,
2425 4633 2790 4702 reposuimus,
2842 4631 2919 4685 uti
2968 4637 3024 4686 et
3064 4629 3239 4702 habet
3280 4630 3400 4702 Vita
3448 4629 3596 4698 apud

1950 4702 2316 4759 Mahillonem.
2358 4698 2625 4759 Ricardus
2672 4717 2807 4757 anno
2857 4716 2958 4757 uno
2995 4700 3171 4757 solum
3212 4705 3267 4755 et
3305 4698 3449 4756 forte
3489 4713 3601 4757 non

1948 4772 2166 4844 integro
2224 4775 2641 4845 Hagulstadensi
2709 4773 2969 4829 Ecclesia
3035 4770 3323 4845 prafuisse
3380 4772 3599 4845 asserit.

1951 4843 2144 4918 [factus
2192 4843 2331 4918 ergo
2374 4854 2519 4903 esset
2568 4845 3017 4918 archiepiscopus
3065 4843 3430 4918 Eboracensis
3454 4856 3602 4918 anno

1948 4914 2075 4983 686,
2125 4912 2360 4983 scilicet,
2414 4926 2473 4973 ut
2520 4917 2663 4973 Beda
2702 4912 2779 4970 ait
2823 4912 2931 4971 lib.â€˜
2952 4931 3003 4981 Î½,
3036 4930 3158 4985 cap.
3190 4914 3244 4969 5.
3286 4916 3413 4971 Cum
3453 4912 3594 4985 Wil-

1945 4987 2118 5057 fridus
2173 4990 2228 5044 in
2285 4992 2642 5061 episcopatum
2689 4992 2823 5043 esset
2860 4984 3309 5061 ï¬‚agulstadensis
3367 4984 3600 5061 ecclesiae

1947 5065 2202 5131 receptus,
2250 5057 2329 5117 est
2384 5057 2520 5115 idem
2563 5062 2794 5116 Joannes
2840 5059 3079 5126 defuncto
3125 5059 3268 5113 Bosa
3323 5057 3597 5131 episcopus

1945 5127 2147 5198 pro'eo
2187 5127 2425 5189 Eboraci
2467 5131 2792 5188 constitutus.
2826 5131 2999 5186 Vitam
3038 5132 3104 5184 B.
3144 5131 3297 5184 Bosa:
3343 5127 3599 5183 dedimus

1945 5199 1981 5252 9
2017 5204 2216 5269 martii,
2269 5203 2489 5274 quando
2527 5216 2650 5274 eum
2699 5201 3033 5274 dictoianno
3062 5198 3168 5274 6_86
3205 5198 3409 5274 obiisse
3447 5199 3594 5274 dixi-

1946 5284 2089 5396 á¼“á½¶Î¹á¿—
2155 5269 2330 5396 Vlitam
2397 5275 2460 5331 S.
2538 5272 2775 5337 Wilï¬â€˜idi
2846 5272 3238 5329 illustravimus
3300 5270 3369 5325 ad
3444 5269 3588 5326 diem

2097 5361 2178 5396 Dl'l
2207 5361 2271 5396 IS-

2049 5347 2271 5402 Aprilis.

2023 5361 2451 5488 (agni/Eadm,
2476 5416 2636 5473 Beda
2666 5415 2914 5488 Vetadum
2942 5420 3033 5469 aut
3076 5413 3351 5468 Wetadum
3371 5412 3426 5468 in
3451 5412 3588 5468 Vita

1944 5483 2861 5566 apudlblabillonemIlumedatum.
2947 5555 2976 5566 __
3076 5555 3122 5566 __
3182 5556 3211 5566 Î·
3462 5518 3467 5523 Î¹

2018 5561 2141 5632 (86)
2178 5561 2338 5618 Beda
2369 5560 2591 5625 dicitur,
2623 5558 2735 5630 ï¬lia
2772 5555 3003 5613 carnalis
3034 5555 3332 5613 abbatissa.
