4106 6178
511 303 639 366 1171

1639 297 1963 353 FOLCARDI
2003 300 2416 354 SlTHlVENSlS
2455 299 2752 355 MONACHI

3752 293 3884 347 H72

578 429 661 486 l3.
711 427 976 484 Invitatus
1019 439 1240 497 quoque
1283 424 1372 479 hic
1411 425 1522 478 Deo
1553 421 1762 479 electus
1793 422 2037 494 pontifex
2075 424 2143 481 ad
2166 424 2297 489 Aad
2327 423 2646 481 bibendum.
2679 421 2966 480 Exsultaut
2994 434 3190 478 omnes
3217 420 3366 492 quod
3404 419 3454 477 is
3483 420 3624 492 petit
3668 419 3885 488 bibere,

503 518 865 576 dedicandam
924 515 1211 572 ecclesiam
1265 511 1406 568 villae
1469 510 1632 583 (87),
1693 527 1816 582 qua;
1879 512 2186 568 Australis-

505 611 710 666 Burton
741 607 964 675 dicitur,
992 604 1157 662 officii
1185 603 1270 659 sui
1324 615 1435 659 non
1481 603 1800 659 instrenuus
1837 609 2146 670 exsecutor,

504 699 739 756 accessit
793 703 849 752 et
899 693 1211 760 dedicavit,
1266 691 1676 763 perfectisque,
1735 698 1795 748 ut
1852 706 1972 749 mos
2027 699 2148 758 est,

506 788 790 852 omnibus,
830 785 898 840 ad
940 783 1163 854 pr0pria
1221 783 1404 838 redire
1461 782 1653 840 voluit.
1713 784 1765 838 Is
1808 797 1938 838 vero
1997 784 2153 852 cujus

502 877 630 933 villa
686 879 820 942 erat,
873 874 967 944 qui
1015 887 1140 928 eum
1187 873 1550 940 invitaverat,
1609 871 1866 942 precibus
1913 871 2153 927 humilli-

505 967 607 1022 mis
645 979 767 1021 cum
817 964 932 1019 suis
978 963 1147 1019 instat
1192 971 1251 1018 ut
1300 964 1518 1020 domum
1568 964 1688 1032 ejus
1734 963 1939 1018 intrare
1992 969 2048 1019 et
2088 977 2154 1018 ex

505 1058 622 1126 ejus
671 1053 940 1123 obsequio
990 1052 1278 1122 prandium
1329 1052 1651 1122 dignaretur
1697 1053 2001 1121 suscipere.
2052 1052 2151 1108 Cui

505 1158 627 1200 cum
677 1149 901 1199 sanctus
937 1141 1033 1198 Dei
1068 1145 1307 1198 Joannes
1363 1143 1574 1198 diceret
1629 1142 1799 1213 magis
1837 1143 2155 1212 episcopum

508 1235 704 1290 decere
735 1233 802 1288 ad
835 1233 1223 1288 monasterium
1258 1231 1461 1298 redire,
1495 1238 1549 1286 et
1579 1233 1689 1287 Deo
1727 1231 1782 1286 in
1813 1231 1928 1286 suis
1958 1245 2158 1300 paupe-

510 1325 664 1380 ribus
709 1323 916 1380 servire
964 1336 1125 1393 quam
1189 1336 1288 1391 per
1333 1322 1528 1377 domos
1575 1321 1802 1377 divitum
1858 1321 2155 1387 convivari,

511 1413 796 1486 promissis
852 1412 954 1468 sub
1005 1413 1106 1466 hac
1162 1411 1336 1481 gratia
1391 1411 1756 1482 eleemosynis
1807 1410 2058 1482 pluribus
2105 1415 2160 1466 et

510 1504 742 1561 maxime
790 1517 819 1558 a
857 1504 918 1557 B.
971 1502 1260 1558 Brithtuno
1301 1501 1444 1557 idem
1494 1501 1792 1571 pollicente
1841 1515 2157 1572 persuasus,

509 1607 790 1650 assensum
813 1591 1032 1647 tandem
1059 1591 1296 1661 praebuit
1319 1591 1696 1661 poscentibus.

589 1680 670 1735 14.
740 1679 1142 1736 Materfamilias
1205 1686 1418 1747 autem,
1486 1694 1627 1735 uxor
1692 1680 1812 1748 ejus
1877 1677 1972 1748 qui
2038 1692 2161 1734 eum

2233 515 2302 569 de
2340 514 2496 583 cujus
2535 511 2698 583 paulo
2731 517 2858 568 ante
2887 510 3334 567 sollicitabantur
3379 507 3595 566 funere.
3647 509 3889 580 Porrigit

2233 603 2382 660 illico
2409 602 2650 673 inclytus
2679 601 2879 672 praesul
2911 601 3138 657 calicem
3168 601 3300 668 vini,
3341 600 3612 670 jubetque
3642 599 3886 656 sitibun-

2234 694 2357 749 dam
2386 693 2532 749 sitim
2564 707 2631 748 ex
2669 705 2736 748 eo
2775 690 3104 747 refocillare.
3145 692 3262 759 Quo
3291 691 3486 747 hausto
3517 689 3612 746 ille
3644 690 3890 760 acceptis

2234 784 2568 840 indumentis
2615 782 2864 849 vestitur,
2923 780 2990 836 ad
3048 781 3402 836 convivantes
3451 779 3792 850 ingreditur,
3837 787 3889 834 et

2236 874 2364 944 quia
2388 875 2499 943 jam
2529 872 2622 928 diu
2654 885 2764 927 non
2795 869 3238 937 manducaverat,
3263 869 3472 926 esurire
3502 883 3562 925 se
3582 866 3815 936 fatetur,
3839 875 3892 923 et

2237 976 2415 1020 escam
2483 960 2742 1031 postulat.
2801 960 2998 1015 Laetari
3037 958 3359 1015 solemniter
3414 957 3636 1014 videres
3693 972 3888 1013 omnes

2239 1052 2492 1108 convivas
2529 1064 2630 1121 pro
2679 1050 2942 1106 consocio
2990 1047 3209 1106 reddito
3253 1049 3403 1116 vitae,
3451 1047 3706 1104 venerari
3763 1062 3892 1102 san-

2240 1148 2386 1198 ctum
2425 1141 2520 1198 Dei
2559 1141 2732 1196 virum
2764 1139 2968 1196 mundo
2999 1145 3149 1194 tanta
3187 1138 3543 1195 clarificatum
3571 1140 3890 1203 sanctitate,

2240 1231 2526 1287 laudantes
2573 1229 2861 1286 Dominum
2911 1228 3102 1299 procul
3141 1228 3310 1286 dubio
3357 1229 3451 1300 qui
3501 1227 3633 1284 talia
3686 1228 3747 1283 in
3798 1241 3896 1282 suo

2239 1323 2447 1379 Joanne
2487 1319 2669 1377 favore
2709 1325 2970 1391 operatur
3008 1319 3272 1390 propitio.

2907 1445 3122 1501 CAPUT
3161 1445 3226 1500 ll.

2243 1561 2367 1618 Alia
2421 1560 2676 1618 miracula
2732 1565 2853 1617 ante
2899 1565 2947 1616 et
2993 1566 3112 1632 post
3161 1559 3372 1616 obitum.
3419 1562 3640 1631 Tempus
3677 1559 3826 1614 sedes
3855 1566 3900 1613 et

2963 1651 3166 1705 mortis.

511 1769 850 1837 invitaverat,
909 1771 1058 1840 gravi
1126 1771 1376 1840 corporis
1441 1769 1812 1825 invaletudine
1876 1768 2226 1826 detineba-B
2318 1765 2402 1822 l6.
2479 1765 2837 1836 Magnificavit
2909 1765 3173 1822 Dominus
3244 1765 3398 1820 illum
3463 1765 3522 1820 in
3588 1772 3901 1834 conspectu

516 1865 628 1922 tur,
666 1859 741 1914 ita
789 1863 847 1914 ut
898 1859 1019 1928 plus
1065 1859 1243 1914 tribus
1294 1859 1614 1927 septimanis
1651 1858 1796 1914 lecto
1827 1857 2162 1914 decumbens

518 1947 940 2018 periclitaretur.
982 1950 1099 2016 Quo
1149 1956 1430 2018 comperto
1460 1949 1542 2003 vir
1579 1948 1696 2014 Dei,
1727 1962 1890 2003 verus
1920 1948 2165 2003 medicus

517 2038 818 2093 animarum
867 2043 922 2093 et
968 2051 1282 2108 corporum,
1336 2039 1405 2093 de
1469 2039 1627 2108 aquis
1684 2038 1750 2093 ad
1802 2036 2165 2093 dedicandam

517 2126 802 2183 ecclesiam
862 2127 1200 2183 consecratis
1259 2128 1425 2197 jussit
1482 2141 1599 2182 eam
1660 2127 1878 2196 potari;
1938 2132 2011 2193 et,
2072 2126 2166 2182 ubi

519 2215 695 2272 morbi
745 2215 907 2270 dolor
952 2216 1134 2271 aerius
1175 2216 1424 2286 urgebat,
1477 2231 1544 2270 ex
1581 2215 1769 2272 eadem
1799 2229 1940 2285 aqua
1979 2216 2163 2286 rigari.

518 2307 636 2373 Quo
683 2305 828 2361 facto
879 2305 1059 2362 omnis
1103 2305 1328 2361 morbus
1374 2306 1557 2361 subito
1600 2304 1837 2376 fugatur,
1887 2310 1941 2359 et
1981 2305 2072 2359 illa
2112 2306 2167 2360 in

521 2408 719 2450 novum
771 2394 1023 2449 sanitatis
1077 2393 1316 2465 vigorem
1375 2399 1681 2463 reparatur.
1740 2395 1924 2464 Surgit
1975 2393 2171 2449 mulier

527 2485 814 2550 continuo,
858 2490 1012 2553 parat
1057 2499 1115 2540 se
1159 2490 1356 2540 ornatu
1395 2497 1518 2548 suo,
1559 2483 1985 2554 ingrediensque
2035 2485 2172 2553 petit

529 2573 1002 2640 benedictionem,
1053 2577 1108 2629 et
1145 2573 1560 2628 convivantibus
1609 2573 1733 2628 laeta
1782 2574 2004 2628 exhibet
2057 2589 2172 2629 ser-

528 2663 754 2719 vitutem
780 2705 794 2729 ,
846 2668 1160 2733 tantamque
1191 2662 1557 2718 valetudinem
1596 2663 1702 2718 sibi
1741 2662 1993 2718 collatam
2044 2677 2172 2718 cun-

530 2755 634 2810 ctis
662 2753 923 2818 innotuit,
956 2760 1014 2808 ut
1054 2753 1146 2823 pio
1178 2752 1399 2822 praesuli
1438 2767 1735 2824 secumque
1765 2753 2086 2810 sedentibus
2115 2754 2171 2809 in

527 2850 662 2913 potu
693 2842 872 2898 fidelis
909 2842 1174 2912 pincerna
1203 2843 1468 2909 serviens,
1501 2857 1604 2898 nec
1633 2843 1800 2898 semel
1833 2849 1890 2899 ut
1922 2844 2171 2914 quiesce-

524 2939 610 2988 ret
647 2932 951 2988 recederet.
988 2931 1202 2999 Videte,
1253 2947 1466 3002 quzeso,
1518 2933 1574 2987 in
1622 2921 1785 2988 beato
1822 2935 2030 2989 Joanne
2079 2933 2168 2988 hic

522 3021 807 3092 impletum
847 3020 995 3089 quod
1043 3021 1293 3076 Christus
1340 3022 1591 3090 promisit
1628 3022 1785 3077 suis:
1830 3025 2004 3092 Opera
2043 3037 2166 3093 quae

2248 1870 2435 1927 regum
2465 1897 2479 1923 ,
2537 1863 2593 1912 et
2643 1857 2700 1911 in
2759 1861 3032 1912 conventu
3089 1855 3396 1926 principum
3446 1853 3697 1910 ostendit
3758 1853 3906 1908 illius

2248 1945 2478 2016 gloriam
2516 1953 2570 2000 et
2621 1945 2896 2002 meritum.
2945 1945 3134 2016 Regali
3181 1945 3363 2002 edicto
3402 1945 3750 2000 conveniunt
3799 1944 3907 2014 pri-

2249 2042 2421 2091 mates
2467 2036 2662 2107 regni;
2713 2035 2972 2092 convenit
3017 2035 3180 2090 etiam
3228 2049 3350 2090 cum
3403 2033 3526 2089 aliis
3573 2040 3632 2088 et
3682 2033 3780 2088 hic
3827 2035 3906 2088 vir

2251 2126 2366 2182 Dei.
2396 2125 2582 2182 Adfuit
2611 2140 2832 2196 quoque
2863 2131 2920 2182 et
2957 2126 3075 2196 ipse
3103 2125 3346 2182 Osredus
3391 2139 3508 2190 rex,
3551 2125 3641 2179 vir
3671 2123 3904 2193 religio-

2250 2217 2337 2271 nis
2373 2223 2428 2272 et
2456 2216 2605 2284 fidei,
2647 2222 2703 2271 et
2740 2216 3017 2272 communi
3047 2221 3282 2271 tractatu
3313 2213 3553 2270 fidelium
3586 2214 3901 2268 ordinatio-

2251 2321 2350 2363 nes
2405 2306 2481 2362 ibi
2537 2307 2882 2362 constituunt
2919 2305 3210 2360 multarum
3259 2319 3439 2360 rerum
3479 2304 3731 2359 utilium.
3777 2304 3903 2358 Nam

2253 2401 2308 2450 et
2336 2396 2552 2465 injuriae
2581 2395 2656 2450 ibi
2689 2395 3061 2466 corriguntur,
3087 2394 3238 2464 leges
3263 2394 3360 2449 Dei
3378 2393 3736 2458 sanciuntur,
3762 2393 3908 2462 pacis

2254 2483 2484 2553 aequitas
2513 2483 2778 2550 firmatur,
2809 2497 2898 2538 res
2944 2482 3299 2538 ecclesiarum
3346 2487 3401 2538 et
3438 2482 3908 2538 monasteriorum

2253 2575 2398 2646 regis
2433 2574 2730 2629 munimine
2761 2573 3213 2629 corroborantur.
3259 2572 3468 2640 Quibus
3511 2571 3765 2627 feliciter
3809 2579 3910 2626 sta-

2254 2664 2408 2730 tutis,
2455 2663 2711 2718 dominus
2756 2662 3226 2732 archiepISCOpus,
3259 2662 3355 2717 Dei
3383 2662 3559 2732 gratia
3595 2668 3654 2717 et
3684 2662 3909 2717 nomine

2255 2757 2309 2807 et
2338 2750 2520 2808 officio
2548 2753 2808 2817 Joannes,
2855 2764 3039 2822 regem
3079 2765 3200 2806 cum
3231 2751 3344 2805 suis
3372 2750 3437 2805 ad
3471 2764 3726 2806 mensam
3760 2765 3908 2806 suam

2253 2842 2481 2909 invitat;
2525 2840 2620 2912 qui
2666 2840 2910 2912 gratifice
2941 2840 3152 2907 obedit,
3185 2847 3245 2896 ut
3275 2841 3528 2907 decebat,
3572 2842 3912 2897 comitatus-

2251 2946 2358 3002 que
2415 2929 2739 3002 proceribus
2775 2930 2890 2986 suis
2935 2930 3289 2986 discumbens
3334 2931 3402 2985 ad
3450 2935 3650 2986 nutum
3702 2932 3910 2987 assedit

2250 3022 2546 3093 pontificis,
2577 3021 2860 3091 utiturque
2891 3035 3012 3076 cum
3043 3019 3354 3076 carnalibus
3385 3021 3566 3091 epulis
3596 3022 3909 3078 ccelestium

522 3124 625 3181 ego
657 3109 798 3164 facio
829 3116 885 3164 et
915 3123 1009 3164 vos
1039 3108 1271 3165 facietis.
1304 3109 1401 3166 Ille
1431 3110 1692 3167 Dominus
1731 3119 1920 3167 noster
1949 3113 2168 3168 domum
2193 3097 2494 3168 Cmonitis.
2553 3110 2760 3177 Quibus
2807 3111 3020 3166 cunctis
3065 3109 3352 3165 afuenter
3412 3108 3662 3178 refectis,
3697 3111 3908 3175 audite,

520 3199 764 3266 intravit,
805 3211 1026 3254 socrum
1075 3199 1223 3254 Petri
1276 3198 1677 3255 febricitantem
1726 3201 1952 3266 invenit,
1987 3200 2170 3256 febres
2251 3215 2462 3270 quaeso,
2499 3199 2761 3256 cordibus
2791 3200 3036 3266 intentis,
3069 3199 3255 3263 audite
3295 3208 3350 3254 et
3386 3199 3476 3255 hic
3517 3202 3906 3270 operationem

524 3287 756 3359 depulit,
791 3287 1052 3358 illamque
1085 3287 1193 3343 sibi
1242 3287 1553 3344 ministrare
1593 3291 1879 3360 praecepit.
1931 3293 2168 3360 Uterque
2251 3290 2610 3356 Dominicam,
2643 3288 2824 3344 videte
2873 3296 2926 3344 et
2970 3288 3060 3344 hic
3099 3289 3457 3344 assertionem
3485 3289 3906 3360 evangelicam:

525 3392 691 3434 unum
722 3383 776 3432 et
805 3377 981 3432 simile
1033 3375 1242 3433 faciunt
1271 3392 1448 3448 opus;
1491 3380 1587 3435 sed
1637 3380 1714 3436 ibi
1757 3381 1964 3452 absque
2011 3396 2169 3439 servo
2251 3362 2429 3448 Opera
2483 3392 2606 3448 quae
2665 3392 2766 3448 ego
2813 3375 2954 3432 facio
3009 3383 3065 3432 et
3111 3391 3204 3433 vos
3251 3376 3482 3433 facietis.
3522 3378 3787 3448 lmplete,
3839 3380 3908 3434 ait

524 3467 828 3534 Dominus,
880 3466 970 3521 hic
1019 3481 1149 3523 vero
1199 3481 1298 3537 per
1345 3468 1633 3524 Dominum
1673 3475 1728 3525 et
1777 3485 1900 3526 cum
1940 3473 2169 3528 Domino
2253 3470 2306 3524 S.
2366 3470 2606 3523 Joannes
2663 3467 2942 3538 pincernis
2997 3467 3131 3537 suis,
3191 3467 3413 3537 implete
3479 3473 3596 3523 tres
3657 3468 3906 3540 hydrias,

526 3555 704 3613 fidelis
729 3562 784 3611 et
813 3555 1057 3625 prudens
1094 3569 1304 3612 servus.

603 3645 685 3701 15.
727 3644 1000 3701 Claricat
1037 3645 1166 3701 item
1198 3645 1459 3702 Dominus
1497 3647 1552 3702 in
1601 3647 1764 3702 simili
1805 3662 1973 3718 opere
2009 3651 2173 3705 Joan-

527 3749 649 3792 nem
706 3749 919 3791 servum
979 3749 1176 3801 suum,
1238 3750 1359 3791 cum
1427 3751 1526 3806 per
1590 3737 1879 3807 quemdam
1947 3739 2169 3794 divitem

524 3825 693 3880 Adam
742 3823 847 3894 (88)
887 3825 1128 3890 nomine,
1185 3825 1444 3880 invitatur
1481 3825 1548 3881 ad
1600 3827 2033 3883 consecrandum
2084 3844 2175 3884 ec-

526 3914 710 3970 clesiaa
742 3928 880 3982 opus
910 3927 1127 3968 novum.
1173 3916 1300 3969 Erat
1330 3915 1458 3970 huic
1489 3916 1641 3971 diviti
1673 3917 1893 3986 quidam
1925 3932 2171 3985 suorum,

2178 3621 2192 3631 _
2253 3569 2414 3611 unam
2445 3557 2594 3624 vino,
2628 3556 2787 3611 aliam
2827 3556 3024 3624 mulso,
3056 3556 3270 3613 tertiam
3302 3556 3547 3613 cervisia.

2331 3646 2412 3700 l7.
2454 3646 2662 3713 Quibus
2710 3645 2951 3716 impletis
2997 3661 3170 3716 usque
3217 3645 3284 3702 ad
3330 3660 3626 3713 summum,
3666 3648 3910 3704 Joannes

2255 3736 2348 3805 qui
2377 3741 2432 3792 et
2470 3735 2645 3806 gratia
2672 3737 2789 3803 Dei,
2823 3743 3047 3792 extensa
3095 3750 3256 3793 manu
3305 3736 3589 3793 benedixit
3619 3745 3676 3794 et
3717 3739 3907 3809 propi-

2253 3826 2374 3882 nari
2405 3827 2688 3896 praecepit.
2717 3827 2987 3882 llauriunt
3026 3827 3306 3897 pincernm
3337 3828 3650 3884 crescentia
3691 3829 3910 3899 hydria-

2259 3929 2374 3971 rum
2407 3916 2611 3971 fluenta
2641 3913 2890 3972 fecundis
2920 3915 3203 3984 calicibus,
3246 3924 3303 3972 et
3331 3931 3431 3988 per
3459 3917 3624 3973 laetos
3653 3921 3914 3975 convivas

528 3999 684 4054 valde
715 4001 915 4055 charus
946 4001 1024 4056 illi
1055 4011 1109 4058 et
1148 4003 1334 4068 utilis;
1371 4006 1464 4074 qui
1495 4020 1562 4060 ex
1600 4007 1950 4063 incumbente
1980 3993 2173 4064 morbo
2260 4005 2608 4076 propinando
2656 4005 2890 4061 redeunt
2936 4005 3302 4077 frequentius,
3334 4007 3599 4063 hauriunt
3638 4010 3911 4066 inexhau-

530 4088 598 4144 ad
655 4089 712 4144 id
769 4100 1096 4160 pervenerat
1144 4098 1201 4148 ut
1243 4095 1397 4161 juxta
1445 4095 1862 4153 decumbentem
1922 4098 1978 4152 in
2031 4098 2174 4154 lecto
2260 4101 2382 4162 ste,
2443 4094 2690 4164 nihilque
2749 4095 2807 4150 in
2855 4095 3068 4166 hydriis
3113 4103 3342 4166 apparet
3393 4099 3560 4153 toties
3619 4099 3911 4165 hausisse;

528 4177 791 4235 feretrum
831 4181 1052 4250 corpori
1095 4187 1399 4252 aptaretur,
1453 4184 1673 4240 sudaria
1725 4193 2071 4255 pararentur,
2124 4193 2179 4244 et
2261 4198 2479 4253 semper
2518 4168 2829 4240 redundant
2857 4187 2924 4241 ad
2969 4201 3237 4242 summum
3286 4201 3481 4258 usque.
3513 4189 3792 4245 Potantes
3821 4194 3915 4261 ipsi

530 4283 653 4338 quae
693 4267 870 4324 funeri
915 4279 1289 4342 congruerent
1329 4273 1382 4327 in
1419 4276 1712 4342 praesentia
1762 4275 2074 4345 languentis
2111 4277 2178 4333 ad
2262 4279 2486 4343 stupent
2518 4281 2778 4331 renovato
2828 4284 3068 4343 nectare,
3103 4276 3361 4347 quodque
3410 4278 3610 4333 bibunt
3649 4282 3918 4335 mirantur

531 4373 748 4415 manum
795 4367 1001 4416 essent.
1055 4363 1154 4416 Hic
1204 4363 1464 4418 invitatur
1509 4364 1706 4419 iterum
1739 4364 1830 4420 ille
1862 4365 2026 4422 homo
2058 4367 2232 4433 Dei,_
2265 4376 2537 4430 crescere,
2597 4369 2652 4420 et
2703 4365 2918 4433 placida
2975 4365 3267 4422 dulcedine
3314 4373 3369 4424 et
3412 4369 3654 4424 mirabili
3711 4373 3916 4426 cmicsti

530 4456 719 4505 noster
774 4449 1060 4518 medicus,
1120 4451 1213 4520 qui
1278 4451 1548 4521 pressuris
1602 4454 1858 4524 gravibus
1913 4429 2655 4512 antidotisDexundatione.
2706 4456 2764 4510 In
2814 4455 2975 4525 hujus
3023 4462 3186 4526 potus
3237 4459 3507 4524 crescenti
3555 4459 3810 4517 valentia
3849 4476 3919 4515 re-

531 4547 848 4595 occurreret
904 4539 1282 4607 validioribus,
1333 4542 1572 4612 visisque
1630 4558 1697 4599 ex
1740 4559 1891 4601 more
1938 4546 2180 4603 funereis
2263 4540 2428 4597 colite
2468 4544 2688 4614 nuptias
2725 4544 2782 4600 in
2812 4545 2956 4601 Cana
2985 4545 3245 4614 Galileze;
3288 4560 3410 4602 nam
3449 4548 3528 4603 ibi
3580 4550 3916 4607 architricli-

532 4628 912 4699 apparatibus,
969 4643 1196 4700 magnus
1257 4638 1446 4686 orator
1499 4637 1648 4688 totus
1695 4634 1840 4690 intro
1888 4635 2064 4692 fertur
2110 4637 2178 4693 ad
2264 4649 2367 4690 nus
2395 4633 2578 4689 vinum
2629 4634 2833 4691 bonum
2881 4649 3001 4691 esse
3050 4638 3390 4705 pronuntiat.
3438 4639 3499 4694 In
3538 4643 3915 4699 exundatioue

534 4717 803 4786 coelestia,
864 4725 919 4775 et
977 4726 1169 4790 rogata
1225 4720 1482 4776 obtinuit.
1533 4721 1612 4777 Ad
1671 4732 2007 4794 praeceptum
2056 4740 2181 4783 mox
2264 4731 2446 4780 autem
2494 4722 2811 4794 hydriarum
2859 4725 3045 4792 trium,
3088 4734 3420 4783 mementote
3461 4730 3750 4788 Dominici
3793 4747 3920 4790 con-

535 4821 854 4874 conversus,
894 4807 1160 4866 velociter
1212 4824 1334 4866 eum
1381 4812 1564 4867 sanari
1614 4821 1668 4868 et
1715 4829 1941 4885 surgere
1995 4817 2178 4886 jussit,
2264 4813 2411 4881 vivii,
2462 4827 2572 4884 quo
2619 4818 2863 4884 quinque
2910 4815 3081 4871 millia
3129 4816 3410 4872 hominum
3459 4827 3514 4874 et
3565 4833 3637 4875 eo
3693 4824 3919 4894 amplius

537 4911 772 4968 moxque
813 4897 1059 4954 recessit.
1112 4898 1207 4954 Ille
1257 4898 1441 4971 fugato
1496 4902 1687 4959 morbo
1740 4903 1990 4960 redditus
2034 4905 2180 4972 vitae,
2266 4903 2499 4970 satiavit,
2533 4909 2588 4959 et
2619 4904 2967 4962 considerate
2996 4906 3051 4960 in
3083 4908 3281 4962 vestris
3327 4907 3594 4965 cordibus
3642 4913 3788 4981 quid
3835 4926 3919 4982 per

538 4985 819 5058 paululum
851 4986 1009 5042 haesit
1035 4993 1284 5058 stupens,
1318 4996 1500 5046 utrum
1529 4999 1674 5048 esset
1703 4992 1848 5049 idem
1874 4994 2013 5064 ipse.
2045 4997 2185 5052 Caro
2265 4995 2531 5049 Joannem
2576 5007 2734 5049 suum
2782 5001 3044 5064 operatur
3089 4998 3349 5054 Dominus
3385 5013 3535 5054 suus.
3583 5002 3822 5072 Legitur
3856 5003 3918 5056 ibi

539 5076 606 5131 ad
656 5075 820 5131 vitam
876 5083 1129 5146 reparata
1175 5079 1344 5148 coepit
1392 5081 1610 5152 exigere
1654 5082 1858 5151 vitalia,
1910 5085 2076 5140 mittit
2118 5085 2185 5140 ad
2269 5083 2398 5152 quia
2434 5083 2550 5137 viso
2584 5083 2742 5152 signo
2773 5084 2882 5138 vini
2913 5085 3270 5142 crediderunt
3310 5089 3364 5142 in
3400 5090 3592 5145 Jesum
3632 5094 3723 5147 sui
3768 5093 3919 5148 disci-

541 5165 901 5237 prandentem
932 5165 1234 5236 dominum,
1270 5168 1516 5240 petitque
1548 5174 1608 5226 ut
1635 5170 1842 5242 aliquid
1871 5173 1976 5229 sibi
2009 5175 2188 5231 mittat

613 5291 725 5363 (87)
775 5291 937 5350 Bedae
991 5307 1112 5362 cap.
1169 5293 1224 5362 4,
1282 5294 1408 5351 villa
1539 5299 1852 5354 monasterio
1902 5300 2186 5358 Beverlaco

541 5363 920 5439 (-[
963 5364 1182 5439 millium
1234 5367 1406 5439 spatio
1462 5375 1734 5439 separata.
1783 5370 1971 5428 Eidem
2020 5388 2188 5430 comes

542 5435 684 5516 Puch_
748 5435 948 5516 dictus,
1014 5438 1175 5516 cujus
1234 5435 1702 5516 lia__Yolfrida,__
1738 5442 1979 5499 moniahs
2041 5446 2189 5516 facta

545 5505 685 5579 cpite!
740 5507 996 5579 Beverlic,
1053 5505 1180 5565 obiit
1234 5505 1295 5566 iu
1344 5511 1472 5567 Idus
1507 5505 1724 5579 Martii,
1784 5529 1920 5569 anno
1977 5505 2190 5572 Domini

583 5570 673 5644 42,
722 5577 866 5647 cujus
922 5570 1043 5634 ossa
1090 5579 1295 5652 sepulta
1347 5589 1465 5639 sunt
1524 5570 1814 5640 Beverlcci.
1872 5570 2011 5642 Puch

2270 5170 2423 5242 puli;
2465 5171 2556 5227 hic
2586 5185 2805 5243 quoque
2838 5187 2932 5229 rex
2961 5175 3202 5232 Osredus
3244 5176 3364 5249 (89)
3401 5179 3811 5252 principesque
3847 5182 3916 5235 sui

2268 5297 2398 5372 lia;
2419 5297 2560 5353 dedit
2598 5300 2883 5372 ntanerium
2911 5301 2976 5355 de
3017 5301 3367 5372 Valkt'ngione.
3403 5306 3480 5360 lta
3513 5306 3640 5362 Vita
3683 5310 3746 5366 S.
3776 5312 3917 5366 Joan-

2271 5370 2442 5442 nisiu
2471 5371 2776 5442 monastico
2807 5373 3128 5442 Anglicano.

2373 5440 2465 5514 88)
2481 5441 2662 5509 Bedze,
2677 5457 2798 5514 cap.
2813 5445 2866 5498 5.
2881 5440 3026 5500 Addi
3043 5445 3265 5514 dicitur,
3282 5446 3374 5504 ubi
3395 5447 3588 5505 eadem
3610 5460 3914 5509 narrantur.

2373 5511 2468 5582 89)
2501 5511 3006 5591 Osrednsregnavit
3034 5517 3102 5591 ab
3131 5511 3274 5575 anno
3301 5518 3410 5573 705
3428 5535 3611 5591 usque
3635 5525 3710 5580 ad
3733 5538 3918 5582 annum

2269 5581 2396 5650 716,
2437 5581 2547 5654 Quo
2577 5585 2709 5642 belli
2738 5581 3041 5645 infortunio
3073 5590 3435 5662 interemptus
3464 5581 3576 5650 est.
