4106 6178
230 353 365 408 H73

1332 350 1483 405 \‘lTA
1520 350 1575 405 S.
1614 350 1890 405 JOANNIS
1927 349 2488 405 BEVERLACENSIS.

3458 353 3595 407 1174

221 479 436 551 experti
486 482 636 547 sunt,
694 478 812 534 viso
851 478 958 534 hoc
1002 477 1184 547 signo,
1241 488 1364 531 esse
1418 474 1476 530 in
1512 475 1722 531 Joanne
1759 486 1861 531 suo
1880 472 2191 535 Ahominis
2228 472 2636 531 resurrectione
2667 488 2767 531 sua
2794 479 3026 533 mortem
3050 475 3311 545 calcaret,
3341 482 3398 533 et
3434 478 3600 536 vitam

222 571 453 642 gratiam
502 569 620 635 Dei,
672 575 1074 637 veneratusque
1111 566 1208 621 Dei
1255 564 1552 631 hominem,
1602 568 1762 619 vocat
1802 562 1871 618 ad

222 673 284 715 se
313 660 435 729 ejus
463 658 807 728 pincernam,
855 653 1243 711 Brithdredum
1292 653 1552 719 nomine;
1602 651 1874 721 laetusque

223 748 375 817 regia
396 745 770 822 jucunditate,
804 745 1033 814 optime,
1066 743 1265 812 inquit,
1299 739 1583 811 proiecisti
1618 741 1674 795 in
1704 740 1873 796 servi-

227 842 344 891 tute
382 842 497 903 tua,
529 848 653 889 nam
684 840 741 889 et
769 833 981 903 optimo
1017 839 1147 901 potu
1198 836 1253 886 et
1291 830 1527 885 mirabili
1565 844 1597 885 a
1644 830 1876 886 Domino

232 930 330 981 tuo
387 922 579 979 refecti
632 936 820 977 sumus
874 920 1185 986 afﬂuenter,
1241 919 1643 989 sanctitateque
1697 919 1875 974 sancti

228 1012 493 1069 laetiﬁcati
552 1024 715 1082 quam
752 1010 1009 1077 vidimus,
1067 1007 1353 1065 discedere
1413 1021 1560 1063 nunc
1612 1007 1877 1064 habemus

229 1115 354 1159 cum
395 1102 515 1171 ejus
550 1100 742 1171 gratia.

308 1190 394 1243 18.
442 1188 662 1256 Audite,
712 1201 923 1258 quaeso,
963 1186 1144 1241 adhuc
1186 1185 1471 1241 Dominum
1509 1185 1566 1240 in
1624 1184 1875 1254 exemplo

230 1281 316 1336 sui
384 1279 765 1335 miriﬁeantem
834 1279 1101 1333 Joannem
1165 1289 1345 1341 suum,
1415 1274 1876 1343 exhibentemque

233 1381 432 1423 novum
470 1366 780 1423 sanctitatis
807 1366 926 1435 ejus
963 1364 1247 1420 indicium.
1291 1365 1345 1419 Si
1394 1363 1616 1434 quando
1661 1363 1719 1418 in
1758 1376 1875 1418 me-

230 1457 435 1528 tropoli
492 1457 743 1513 Eboraco
790 1454 1300 1525 archiepiscopatus
1337 1453 1553 1509 scilicet
1588 1453 1673 1509 sui
1719 1452 1875 1518 sede,

232 1560 358 1601 eum
397 1545 720 1617 contigisset
757 1543 981 1610 morari,
1041 1542 1477 1612 amplectebatur
1534 1540 1693 1597 valde
1733 1540 1880 1596 basi-

231 1635 392 1691 licam
430 1635 615 1691 Sancti
663 1633 945 1690 Michaelis
994 1632 1331 1703 archangeli,
1381 1632 1569 1702 ibique
1618 1630 1879 1687 excubias

230 1725 546 1781 celebrabat
601 1723 752 1780 soliti
808 1723 995 1793 operis
1058 1723 1182 1788 sui;
1242 1723 1501 1792 contigua
1557 1721 1702 1776 enim
1761 1726 1880 1775 erat

231 1815 502 1871 mansioni
532 1828 667 1870 suae.
703 1814 857 1869 Unde
886 1812 1090 1867 accidit
1126 1811 1359 1881 quadam
1389 1812 1507 1866 vice
1555 1818 1635 1876 ut,
1690 1824 1757 1865 eo
1788 1810 1873 1864 la-
1896 1796 1945 1854 Β

232 1909 417 1959 tenter
444 1901 810 1973 agente.inibi
833 1900 957 1956 illas
978 1900 1259 1957 orationes
1281 1913 1428 1966 suas,
1453 1898 1745 1955 visibiliter
1764 1913 1881 1953 cer—

235 1992 467 2047 nendam
490 1992 630 2047 sein
660 1990 846 2061 specie
876 1990 1166 2045 candentis
1191 1989 1462 2045 columba:
1492 1988 1573 2043 illi
1604 1987 1882 2058 praeberet

234 2082 472 2151 Spiritus
508 2081 685 2135 sancti
716 2081 992 2150 majestas,
1027 2079 1278 2134 ﬂammeo
1307 2077 1603 2147 splendore
1626 2090 1877 2143 corusca,

233 2183 401 2240 supra
438 2169 843 2239 caput‘orantis
872 2168 1119 2238 episcopi
1157 2167 1306 2223 sedis
1345 2181 1459 2222 sua:
1489 2166 1719 2237 gloriam
1755 2166 1881 2236 (po-

236 2258 385 2328 nere)
420 2258 663 2329 dignata,
687 2260 829 2313 Deus
850 2264 1057 2313 aeterne
1087 2262 1142 2311 et
1167 2256 1579 2325 benignissime,
1618 2255 1687 2311 de
1717 2268 1880 2325 quam

236 2348 440 2404 mundo
470 2347 640 2404 corde
671 2351 1064 2418 processerunt
1101 2346 1382 2401 orationes
1411 2344 1521 2400 illae
1550 2359 1675 2413 quae
1703 2344 1880 2400 sancti

232 2438 471 2509 Spiritus
500 2438 850 2508 praesentiam
880 2436 1194 2501 obtinuere,
1244 2434 1392 2489 illam
1440 2435 1684 2503 inquam,
1734 2447 1882 2489 eam—

234 2527 358 2583 dem
389 2542 513 2597 quae
551 2528 608 2583 in
644 2529 773 2583 Jesu
805 2525 917 2581 ﬁlio
956 2525 1051 2579 Dei
1082 2523 1355 2593 baptizato
1383 2523 1638 2592 apparuit
1667 2523 1722 2577 in
1750 2524 1882 2578 Jor-

234 2617 377 2672 dane
403 2624 415 2671 !
439 2618 607 2684 Quam
634 2616 851 2686 placita:
872 2613 1241 2669 ascenderunt
1271 2613 1326 2667 in
1358 2616 1714 2681 conspectum
1743 2611 1883 2667 divi-

235 2706 445 2773 uitatis,
504 2705 760 2762 ﬁdelibus
824 2703 986 2759 etiam
1046 2701 1270 2773 perlatae
1325 2701 1701 2767 internuntiis,
1757 2715 1881 2771 quae

234 2802 445 2850 tantum
476 2793 723 2869 referunt
760 2792 1013 2849 eﬁ‘ectum
1044 2790 1298 2846 virtutis!
1350 2789 1587 2845 Irradiat
1620 2803 1752 2859 ergo
1782 2804 1883 2859 per

232 2898 471 2955 quaeque
510 2882 778 2939 foramina
817 2888 872 2937 et
919 2881 1190 2937 fenestras
1218 2879 1461 2935 basilicae
1493 2878 1588 2934 illa
1616 2879 1881 2935 immensa

232 2973 458 3028 claritas
487 2972 789 3041 majestatis
818 2971 1069 3036 inclusas,
1103 2983 1167 3025 ac
1204 2969 1251 3023 si
1291 2969 1485 3024 relicto
1537 2968 1743 3024 aethere
1795 2969 1878 3025 sol

233 3062 368 3119 illuc
429 3061 861 3131 commigrasset,
920 3059 1383 3130 splendoremque
1439 3072 1595 3114 suum
1650 3058 1706 3113 in
1762 3060 1882 3129 ejus

1957 564 2190 620 mortuis
2227 570 2528 634 repararet.
2580 563 2791 620 Videtis
2838 570 2894 621 et
2929 565 3022 621 hic
3056 567 3324 623 Joannem
3362 567 3603 625 imitato-

1959 667 2074 708 rem
2104 654 2320 709 Domini
2349 653 2455 721 sui,
2489 658 2685 710 testem
2739 652 2939 710 divina;
2993 654 3413 725 gloriﬁcationis
3465 672 3602 725 suae,

1958 744 2113 812 quasi
2155 743 2430 810 mercede,
2472 743 2806 810 conducere,
2839 744 3099 814 precibus
3136 744 3363 817 alligare
3393 750 3453 803 ut
3489 746 3605 802 visa

1960 833 2266 888 conticeret
2297 833 2477 889 donec
2501 832 2609 890 hoc
2638 833 2868 889 mortale
2898 838 3124 889 exueret
3170 838 3227 889 et
3272 834 3449 892 beatae
3496 836 3607 893 im-

1959 921 2311 976 mortalitatis
2375 922 2608 991 gloriam
2681 921 2956 978 indueret.
3031 921 3396 979 Dubitandum
3471 938 3605 996 ergo

1959 1022 2070 1065 non
2102 1016 2185 1065 est
2214 1009 2348 1079 quin
2378 1009 2469 1065 hic
2506 1016 2729 1065 sanctus
2766 1011 2862 1066 Dei
2898 1024 3108 1080 magna:
3148 1011 3406 1082 puritatis
3434 1010 3602 1069 fuerit

1959 1098 2015 1154 in
2040 1105 2340 1168 conspectu
2371 1100 2468 1154 Dei
2498 1099 2553 1154 in
2584 1099 2759 1166 caelis,
2801 1100 2896 1169 qui
2935 1106 3101 1155 tanta:
3135 1100 3402 1158 claritatis
3447 1116 3603 1158 com-

1960 1201 2061 1257 pos
2091 1186 2268 1243 factus
2295 1188 2368 1243 sit
2398 1200 2582 1244 coram
2613 1188 2929 1245 hominibus
2957 1190 3015 1244 in
3045 1191 3228 1246 terris.

2031 1311 2121 1366 20.
2155 1312 2357 1367 Habuit
2403 1313 2566 1368 etiam
2606 1321 2661 1368 et
2710 1312 2877 1368 alium
2926 1320 3119 1369 testem
3159 1313 3442 1384 signorum
3482 1330 3606 1386 quae

1962 1413 2062 1470 per
2098 1413 2221 1455 eum
2253 1401 2492 1471 propitia
2530 1400 2702 1472 gessit
2740 1401 3032 1469 divinitas;
3076 1402 3443 1458 Herebaldum
3479 1402 3607 1474 (91)

1959 1489 2175 1545 scilicet
2195 1489 2725 1547 Tenemuthenensis
2745 1492 3008 1557 ccenobii,
3042 1492 3137 1561 qui
3168 1493 3287 1561 ejus
3306 1492 3613 1563 discipulus

1960 1592 1990 1632 a
2027 1591 2201 1646 puero
2234 1584 2288 1633 et
2338 1577 2592 1633 doctrina
2635 1584 2753 1633 erat
2800 1579 3059 1647 imbutus,
3111 1592 3407 1650 comesque
3455 1592 3611 1635 com-

1965 1680 2192 1721 manens
2238 1666 2572 1722 individuus.
2622 1666 2947 1722 Testabatur
2990 1667 3081 1722 hic
3120 1668 3324 1738 saepius
3372 1683 3432 1723 se
3470 1668 3612 1725 bene

1965 1754 2127 1809 etiam
2192 1769 2291 1824 per
2353 1756 2594 1825 seipsum
2659 1756 2996 1824 comperisse
3053 1756 3200 1811 hunc
3247 1757 3301 1811 S.
3348 1758 3613 1813 Joannem

1964 1857 2090 1899 vere
2129 1858 2250 1899 esse
2289 1844 2650 1899 sanctissimae
2694 1844 2859 1913 vitaz;
2911 1845 3006 1914 qui
3055 1844 3202 1900 inter
3249 1844 3385 1899 alias
3428 1844 3616 1901 multis

1960 1931 2193 1987 infirmis
2223 1932 2468 2002 prestita
2508 1932 2795 1999 beneﬁcia,
2828 1933 3004 2003 ipsum
3028 1933 3097 1989 de
3127 1939 3304 1990 morte
3329 1935 3614 1989 reduxerit

1962 2028 2017 2077 et
2054 2022 2251 2077 subitae
2282 2021 2534 2092 sospitati
2565 2022 2979 2078 condonaverit.
3013 2022 3240 2079 Dicebat
3276 2023 3445 2078 semel
3476 2037 3614 2079 con-

1963 2110 2150 2181 tigisse
2182 2111 2560 2166 convivantem
2591 2124 2713 2166 cum
2752 2111 2867 2166 suis
2905 2111 3053 2167 hunc
3086 2112 3310 2167 charum
3364 2113 3458 2168 Dei
3500 2113 3607 2168 ho-

1962 2201 2163 2254 minem
2195 2199 2454 2255 devenire
2493 2200 2550 2254 in
2591 2199 2857 2269 planioris
2886 2200 2987 2255 viae
3017 2206 3170 2270 grata
3200 2203 3396 2271 spatia,
3451 2203 3610 2271 cujus

1956 2287 2201 2357 jucunda
2231 2287 2457 2358 planitie
2488 2286 2747 2343 delectati
2798 2291 3047 2358 juvenes,
3108 2289 3330 2345 militari
3370 2302 3611 2345 consue-

1963 2376 2154 2432 tudine
2195 2383 2491 2446 precantur
2527 2376 2674 2433 hunc
2729 2377 3012 2433 dominum
3037 2392 3216 2444 suum,
3250 2385 3311 2433 ut
3342 2378 3503 2434 liceat
3530 2378 3613 2434 eis

1962 2479 2136 2535 equos
2164 2479 2295 2521 suos
2315 2466 2371 2520 in
2394 2464 2589 2521 eodem
2612 2465 2847 2535 probare
2869 2465 3142 2523 inoffenso
3164 2467 3341 2537 campi
3363 2480 3608 2537 aequore.

1960 2554 2115 2622 Quod
2148 2569 2269 2610 cum
2302 2555 2480 2625 primo
2509 2555 2593 2609 vir
2620 2554 2715 2610 Dei
2755 2569 2855 2625 pro
2887 2555 3105 2611 levitate
3137 2556 3347 2612 ducens
3376 2555 3613 2626 denega-

1964 2652 2084 2711 ret;
2128 2644 2348 2700 tandem
2390 2644 2628 2714 petendo
2667 2645 3040 2702 instantibus:
3080 2646 3259 2717 Agite,
3300 2646 3502 2716 inquit,
3544 2645 3611 2701 ad

1964 2732 2200 2799 libitum,
2234 2732 2578 2789 Herebaldus
2615 2747 2745 2789 vero
2786 2741 3000 2790 maneat
3048 2749 3280 2791 mecum.
3330 2734 3486 2802 Quod
3518 2733 3613 2790 ille

1962 2822 2194 2877 audiens
2225 2822 2456 2892 juvenili
2486 2822 2657 2892 coepit
2687 2822 2891 2878 tristari
2918 2823 3158 2889 levitate,
3191 2824 3320 2893 quia
3358 2829 3615 2879 recenter

1963 2910 2148 2965 datum
2200 2910 2268 2966 ab
2326 2911 2588 2981 episcopo
2646 2925 2867 2982 equum,
2910 2912 2999 2967 cui
3046 2910 3355 2979 insedebat,
3395 2910 3617 2966 volebat

1963 3000 2219 3069 probare.

235 3152 343 3207 loci
374 3115 662 3222 angustia;
682 3115 1015 3206 inclusisset.
1058 3151 1236 3218 thue
1266 3115 1346 3203 rei
1384 3149 1668 3204 veritatem
1710 3115 1939 3219 dignae
1982 3115 2127 3222 “21'
2159 3116 2399 3222 Τθῑξςξευξ
2435 3115 2924 3222 θῗεοιέυφηξδξξδ
2961 3115 3133 3222 ῖίξθῖξίξ
3174 3116 3618 3222 οωοίδβξξωρυδ

236 3254 638 3311 prosequamur
686 3239 908 3295 laudum
964 3239 1203 3295 novitate
1230 3281 1244 3304 ,
1312 3253 1437 3294 vere
1494 3238 1881 3295 includebatur

234 3329 316 3385 ibi
354 3328 435 3385 sol
460 3328 690 3399 justitiae
722 3330 885 3394 Deus,
917 3328 972 3382 in
999 3341 1099 3383 suo
1131 3328 1376 3384 inclusus
1395 3329 1628 3394 Joanne,
1671 3327 1878 3382 illumi-

236 3431 377 3474 nans
404 3432 526 3474 eum
564 3416 737 3487 gratia
766 3416 1003 3487 Spiritus
1030 3419 1227 3485 sancti,
1260 3431 1363 3473 nec
1393 3431 1515 3473 eum
1546 3417 1660 3473 ullo
1691 3430 1881 3473 errore

239 3507 563 3578 permittens
589 3506 962 3563 obtenebrari.

318 3595 401 3649 19.
432 3596 626 3651 Cuncti
658 3596 765 3651 hoc
801 3594 1052 3651 videntes
1079 3601 1323 3664 stupent,
1357 3600 1418 3650 ut
1446 3594 1515 3649 de
1545 3609 1604 3650 re
1636 3594 1880 3661 insolita,

239 3683 617 3755 miranturque
656 3698 780 3754 quae
829 3697 950 3739 esse
1002 3683 1217 3753 possint
1256 3684 1346 3738 illa
1384 3682 1695 3751 luminaria,
1738 3682 1883 3738 unde

240 3779 320 3828 tot
377 3772 517 3829 lucis
573 3772 714 3827 radii
771 3777 926 3832 tanto
982 3770 1233 3827 lucerent
1270 3772 1566 3841 splendore
1623 3778 1884 3840 tantaque

238 3861 541 3919 emicarent
614 3860 882 3917 claritate.
950 3861 1196 3916 Accessit
1259 3861 1477 3916 tandem
1535 3860 1695 3931 Sigga
1757 3858 1880 3930 (90)

240 3953 362 4022 ejus
399 3951 684 4017 diaconus,
716 3949 1049 4019 pessuloque
1088 3949 1269 4005 soluto
1300 3951 1478 4019 aperit
1507 3950 1728 4015 ostium,
1762 3962 1887 4017 par-

241 4040 543 4111 ticipatque
598 4040 829 4111 gloriam
868 4039 1116 4095 visionis.
1164 4039 1319 4093 Videt
1366 4045 1616 4093 sanetum
1656 4037 1885 4107 pontiﬁ-

243 4143 383 4194 cem,
416 4129 644 4185 intentis
675 4128 730 4182 in
770 4127 967 4183 caelum
1017 4127 1317 4181 luminibus
1363 4128 1675 4196 erectisque
1714 4125 1858 4180 mani

240 4219 365 4284 bus,
398 4220 454 4274 in
485 4224 785 4287 conspectu
814 4216 910 4272 Dei
938 4215 1328 4282 eﬁ'undentem,
1351 4216 1494 4271 sicut
1522 4229 1739 4285 aquam,
1771 4214 1889 4269 ani-

241 4322 383 4362 mam
420 4322 594 4374 suam,
628 4314 682 4362 et
714 4308 767 4361 in
808 4308 927 4376 ejus
956 4306 1136 4375 capite
1176 4305 1482 4361 columbam
1513 4320 1681 4375 super
1708 4305 1884 4360 nivem

243 4397 554 4453 candidam.
607 4398 775 4465 Cujus
812 4396 929 4451 viso
968 4395 1224 4450 candenti
1264 4395 1558 4464 splendore
1613 4395 1882 4450 diaconus

1965 3205 2405 3262 discurrentibus
2434 3212 2829 3276 perstreperet,
2854 3206 3218 3275 Herebaldus,
3241 3221 3306 3264 ac
3332 3207 3380 3263 si
3412 3206 3617 3265 invitus

1964 3302 2020 3351 et
2046 3295 2203 3365 quasi
2235 3295 2522 3351 incitatum
2555 3309 2755 3365 equum
2786 3295 3028 3352 retinere
3060 3309 3171 3351 non
3204 3302 3413 3365 posset,
3447 3296 3616 3352 recla-

1965 3392 2147 3442 mante
2186 3384 2450 3456 episcopo
2486 3384 2683 3451 evolat,
2717 3383 3105 3454 volucremque
3134 3384 3492 3454 cornipedem
3529 3385 3613 3441 la-

1965 3475 2216 3531 xioribus
2268 3474 2439 3531 frenis
2492 3475 2558 3529 ad
2610 3488 2831 3529 cursum
2869 3474 3129 3530 concitat.
3163 3474 3372 3530 Testari
3401 3474 3616 3531 solebat

1965 3564 2112 3619 idem
2144 3562 2488 3618 Herebaldus
2523 3577 2583 3618 se
2632 3568 2763 3618 tunc
2809 3562 3030 3618 audisse
3067 3562 3137 3617 ab
3183 3564 3449 3634 episcopo
3489 3568 3616 3633 post

1967 3661 2181 3724 tergum
2219 3652 2524 3708 clamante:
2586 3652 2741 3718 Male,
2796 3653 2997 3722 inquit,
3064 3653 3182 3724 agis
3237 3652 3530 3709 discedens
3584 3668 3617 3709 a

1968 3758 2073 3810 me,
2109 3749 2163 3799 et
2192 3743 2299 3799 hoc
2330 3742 2493 3798 modo
2523 3755 2848 3813 cognosces.
2874 3743 2970 3798 Vix
3004 3741 3157 3798 [inita
3190 3742 3615 3799 comminatione

1967 3834 2065 3890 viri
2122 3834 2297 3889 sancti
2363 3847 2538 3903 equus
2593 3832 2798 3887 labitur
2843 3832 3175 3899 Herebaldi;
3237 3847 3612 3904 excussusque

1968 3922 2309 3978 Herebaldus
2338 3935 2506 3991 super
2533 3922 2727 3991 ingens
2764 3936 2972 3988 saxum,
3014 3922 3172 3977 ruina
3210 3921 3418 3978 decidit
3465 3937 3617 3992 prae-

1967 4012 2122 4082 cipiti
2183 4011 2362 4081 capite
2419 4008 2803 4080 confringitur,
2844 4010 3205 4067 interioribus
3260 4010 3611 4079 discinditur,

1967 4100 2278 4170 debilisque
2309 4113 2471 4154 manu
2501 4105 2556 4155 et
2589 4099 2790 4169 pollice
2837 4099 3108 4155 redditur.
3160 4100 3384 4155 Turbati
3422 4114 3616 4157 omnes

1968 4204 2035 4245 eo
2086 4194 2446 4255 concurrunt,
2492 4187 2702 4244 relictis
2749 4189 2908 4259 equis
2945 4190 3013 4245 ad
3061 4195 3264 4246 terram
3294 4188 3614 4259 prosiliunt,

1967 4278 2065 4335 sed
2096 4280 2143 4334 is
2172 4278 2267 4349 qui
2297 4277 2581 4333 colliditur
2599 4279 2770 4349 magis
2791 4278 3008 4334 videtur
3026 4278 3234 4348 absque
3254 4292 3421 4334 sensu
3449 4292 3613 4346 quam

1967 4383 2184 4439 sapere,
2216 4368 2387 4439 magis
2439 4374 2663 4437 putatur
2716 4367 2855 4422 mori
2894 4381 3056 4437 quam
3094 4367 3296 4422 vivere.
3346 4365 3614 4422 Tenditur

241 4487 390 4541 velut
420 4456 704 4552 decoctus,
746 4484 884 4541 facie
923 4491 1205 4539 contracta
1252 4456 1311 4537 in
1358 4497 1540 4554 rugas,
1601 4490 1715 4539 tota
1754 4456 1946 4539 cuteD
1971 4474 2139 4528 super
2169 4457 2555 4554 moribunqum
2587 4457 2815 4554 Ρδῐζίιίον
2846 4457 3049 4554 “Aelius
3078 4456 3614 4554 οῆυδίίρθτλδρδξίὼ

242 4590 433 4646 poenas
471 4577 687 4646 excepit
723 4574 1047 4631 temeritatis
1085 4573 1271 4628 illatae.
1313 4573 1495 4628 Sensit
1530 4578 1753 4627 sanctus
1790 4572 1886 4627 Dei

242 4666 533 4721 diaconum
575 4665 898 4735 participem
947 4663 1211 4729 visionis;
1254 4668 1308 4716 et
1338 4662 1585 4731 quamvis
1614 4661 1881 4725 irritatus,

242 4755 487 4810 habitum
548 4761 729 4810 tamen
796 4768 906 4809 non
973 4753 1124 4808 exuit
1181 4759 1479 4807 mansueta:
1536 4751 1880 4807 intentionis.

240 4844 487 4899 Accitum
518 4858 649 4914 ergo
680 4843 747 4899 ad
786 4858 845 4899 se
883 4849 1033 4898 tactu
1063 4841 1331 4897 emaculat
1361 4842 1623 4907 dexterae,
1656 4854 1881 4910 compo-

239 4934 456 5003 sitaque
494 4935 550 4987 in
599 4932 888 5002 pristinum
928 4931 1185 4987 decorem
1222 4930 1361 4986 facie
1392 4931 1667 4997 obsecrat,
1699 4937 1885 4999 prote-

238 5029 438 5088 statur,
470 5022 687 5091 adjurat
725 5034 816 5087 ne,
867 5020 1050 5090 quoad
1091 5020 1208 5090 ipse
1246 5020 1303 5075 in
1350 5019 1453 5075 hac
1499 5019 1608 5074 vita
1654 5020 1881 5086 viveret,

237 5112 506 5167 visionem
536 5111 683 5166 illam
724 5110 888 5166 alicui
926 5110 1236 5166 mortalium
1285 5110 1587 5179 detegeret.
1640 5109 1886 5165 Audistis

240 5201 528 5257 Dominum
555 5203 760 5267 Jesum,
794 5206 917 5270 post
954 5200 1184 5271 gloriam
1215 5199 1518 5254 divinitatis
1554 5213 1668 5254 sua:
1698 5206 1882 5255 osten-

236 5304 354 5345 sam
385 5291 442 5346 in
480 5297 667 5346 monte
704 5292 867 5346 Petro
894 5290 1099 5347 Jacobo
1140 5296 1193 5345 et
1238 5288 1456 5357 Joanni,
1488 5288 1882 5346 descendenti-

239 5381 345 5435 bus
372 5379 484 5435 illis
521 5379 993 5436 commendantem
1034 5378 1482 5447 taciturnitatem,
1523 5378 1702 5435 donec
1740 5378 1885 5435 ﬁlius

315 5484 422 5557 ι,90)
452 5487 515 5542 S.
558 5487 744 5554 Sigga.
788 5486 1039 5541 diaconus
1077 5488 1139 5541 S.
1171 5486 1622 5553 Jemmis,dicitur
1669 5486 1723 5541 in
1764 5488 1881 5543 Μο-

240 5558 456 5613 nastico
486 5558 805 5628 Anglicano.

1967 4563 2087 4604 sum
2137 4560 2329 4617 aequor
2370 4548 2638 4616 cujusque
2676 4545 3057 4617 frequentatur
3093 4544 3462 4601 obumbratio.
3504 4545 3611 4600 Do-

1967 4637 2083 4692 lent
2112 4650 2303 4692 omnes
2333 4636 2664 4703 cucurrisse,
2697 4635 2794 4692 sed
2827 4634 3146 4691 nesciebant
3183 4632 3317 4705 quid
3345 4633 3415 4690 de
3444 4648 3608 4690 cursu

1965 4725 2295 4797 providisset
2322 4726 2467 4780 Deus
2495 4726 2632 4794 ipse.

2034 4841 2125 4895 22.
2157 4844 2388 4897 Sanetus
2416 4848 2598 4897 autem
2628 4840 2722 4895 Dei
2752 4840 2822 4896 de
2862 4841 3018 4896 ruina
3057 4847 3251 4897 maeret
3292 4838 3609 4911 specialiter

1964 4931 2152 4988 dilecti
2218 4930 2497 5001 discipuli,
2557 4930 2988 5001 compositisque
3035 4930 3213 4987 saccis
3248 4930 3305 4986 in
3363 4928 3603 4985 tentorio
3698 4924 3705 4927 ’

1964 5023 2270 5077 insomnem
2326 5028 2544 5076 noctem
2608 5019 2781 5085 ducit,
2842 5021 3251 5091 propitiumque
3317 5018 3604 5075 Dominum

1965 5109 2308 5167 inobedienti
2338 5123 2439 5165 suo
2471 5110 2759 5179 propitiari
2790 5110 3050 5180 precibus
3088 5117 3143 5166 et
3172 5108 3427 5179 lacrymis
3464 5119 3609 5163 con-

1964 5201 2134 5256 venit.
2168 5201 2234 5255 Et
2260 5197 2417 5255 valde
2448 5212 2604 5253 mane
2650 5198 2719 5254 ad
2768 5198 3111 5254 debilitatum
3163 5197 3388 5254 charum
3425 5196 3609 5268 ingre-

1964 5290 2153 5357 ditur;
2185 5290 2418 5359 primum
2449 5292 2655 5353 oratur,
2688 5295 2744 5344 et
2772 5288 2973 5345 deinde
3003 5287 3152 5344 dulci
3180 5286 3378 5343 affectu
3404 5301 3474 5343 ex
3510 5298 3610 5343 no-

1966 5378 2113 5435 mine
2167 5376 2531 5449 compellatur
2587 5377 2946 5434 Herebaldus.
3008 5378 3075 5433 Et
3128 5376 3325 5433 mirum
3381 5376 3439 5432 in
3496 5387 3611 5431 mo-

1965 5486 2086 5556 quit
2114 5491 2235 5541 tunc
2272 5486 2325 5540 in
2366 5484 2507 5541 clero
2563 5484 2703 5539 illius
2740 5489 3095 5556 conversatus,
3152 5498 3288 5539 nunc
3344 5483 3401 5539 in
3426 5497 3609 5556 mana-

1963 5553 2145 5623 sterio,
2185 5558 2322 5628 quod
2351 5563 2428 5612 est
2464 5556 2625 5626 juxta
2656 5556 2867 5628 postiam
2926 5555 3041 5628 Tini
3094 5556 3340 5625 ﬂuminis,
3400 5553 3607 5611 abbatis

314 5628 416 5698 £91)
452 5627 597 5685 Beda
627 5629 747 5685 haec
788 5627 976 5696 refert,
1012 5644 1132 5700 cap.
1168 5629 1221 5691 6,
1284 5636 1339 5683 et
1394 5628 1743 5695 Herebaldus,
1804 5630 1883 5684 in-
1953 5629 2076 5697 jure
2100 5627 2306 5699 puteal,
2348 5629 2428 5684 uti
2459 5628 2549 5683 hic
2584 5627 2687 5683 sub
2725 5627 2887 5685 ﬁnem
2925 5627 3147 5684 dicitur.
