4106 6178
538 330 557 383 l
573 328 673 385 175
1664 332 1989 417 FOLCARDI
2031 331 2155 385 SITI

2254 331 2445 385 ENSIS
2482 331 2783 386 MONACHI
3777 331 3900 384 1176

533 458 684 524 dum,
718 471 838 513 cum
880 471 910 511 a
951 457 1316 527 praecedentis
1371 455 1481 511 diei
1538 455 1674 509 hora
1731 455 1962 524 septima
2001 455 2425 525 usqueAbatur
2481 455 2713 522 meritis,
2771 455 3099 511 accersitum
3139 455 3429 525 quemdam
3485 455 3732 522 fratrem,
3793 457 3902 511 Ple-

530 549 599 603 ad
631 546 766 602 illud
806 560 964 602 mane
993 547 1148 616 quasi
1179 545 1442 600 exanimis
1465 545 1722 614 jacuerit,
1762 559 1793 600 a
1842 553 2032 601 sancto
2083 545 2178 600 Dei
2261 543 2533 598 chelmum
2564 545 2805 609 nomine,
2842 544 3147 600 introducit
3175 544 3243 599 ad
3273 545 3541 601 visionem
3573 545 3657 600 rei
3683 546 3899 600 insueta:

529 641 775 703 vocatus,
839 636 995 706 quasi
1051 635 1119 689 de
1174 635 1322 704 gravi
1383 647 1577 688 somno
1634 636 1926 701 excitatus,
1983 636 2177 691 oculos
2261 637 2316 686 et
2372 633 2658 698 mirabilis,
2718 640 2778 688 ut
2832 635 3206 689 testimonium
3267 635 3495 690 haberet
3551 637 3607 690 in
3667 642 3900 704 tempore

529 729 727 798 aperit,
761 732 816 781 et
855 727 909 780 in
939 724 1112 778 virum
1144 724 1238 778 Dei
1270 724 1526 778 intendit.
1570 725 1878 795 interrogat
1906 727 2032 795 pius
2068 726 2178 782 do-
2260 723 2564 778 relationis.
2597 722 2915 791 Suscipiunt
2945 736 3078 793 ergo
3119 722 3255 778 illud
3294 723 3349 778 in
3388 723 3498 780 alio
3528 738 3678 787 vase,
3709 726 3900 794 gratias

529 826 653 875 ctor
709 822 890 871 utrum
956 819 1218 883 agnoscat
1284 811 1693 881 colloquentem
1751 813 1879 878 sibi,
1939 829 2174 884 moxque

529 904 829 975 respondet
859 910 1100 972 aegrotus
1129 915 1262 957 voce
1304 900 1680 971 lacrymabili:
1716 903 1792 957 Tu
1841 917 1920 969 es,
1972 903 2170 973 inquit,

528 997 766 1050 Joannes
816 993 1113 1061 episcopus
1151 990 1542 1045 dilectissimus
1599 990 1855 1046 dominus
1893 1006 2065 1049 meus.
2109 995 2174 1048 Et

528 1083 682 1152 ipse:
716 1083 972 1146 Putasne,
1005 1079 1206 1148 inquit,
1240 1094 1307 1134 ex
1337 1079 1563 1134 instanti
1605 1080 1852 1149 periculo
1901 1096 2022 1136 cum
2062 1083 2171 1137 vita

527 1184 689 1241 posse
729 1169 979 1226 evadere.
1023 1168 1146 1223 Scio
1178 1176 1233 1222 et
1262 1168 1451 1234 credo,
1484 1169 1662 1237 inquit
1695 1168 1809 1235 ille,
1842 1170 1888 1225 si
1921 1185 2019 1239 per
2050 1186 2173 1240 pre-

525 1275 618 1316 ces
647 1266 767 1314 tuas
805 1259 910 1313 hoc
942 1257 1072 1312 mihi
1102 1258 1246 1312 Deus
1274 1258 1549 1312 annuerit.
1581 1258 1718 1324 Quid
1760 1259 1958 1328 plura?
1997 1264 2173 1330 Impo-

523 1350 604 1404 nit
628 1348 828 1418 praesul
850 1347 946 1402 Dei
977 1360 1168 1401 manus
1206 1345 1487 1401 contracto
1527 1348 1717 1417 capiti,
1741 1356 1982 1403 sacratas
2001 1363 2171 1418 aquas

521 1438 809 1494 debilitate
851 1436 1052 1491 irrorat
1101 1435 1362 1503 corpori;
1413 1437 1578 1490 Deum
1632 1437 1894 1492 invocans
1933 1452 2171 1494 cernuus

519 1526 600 1582 illi
640 1526 892 1594 inspirat,
933 1523 1135 1579 deinde
1169 1538 1332 1578 cruce
1371 1524 1570 1592 signat,
1622 1531 1676 1579 et
1714 1525 1949 1580 subitam
1992 1528 2170 1582 mede-

521 1616 624 1672 lam
672 1617 820 1670 Deus
867 1620 1112 1683 praestat.
1155 1615 1270 1669 Hoc
1308 1614 1512 1680 sapius
1553 1614 1697 1669 idem
1738 1614 1855 1683 ipse
1895 1615 2170 1672 referebat

522 1711 710 1773 postea
769 1703 932 1774 longo
983 1703 1169 1757 vivens
1207 1708 1492 1770 tempore;
1553 1701 1925 1773 maturiorque
1965 1711 2163 1771 aetate,

2258 820 2481 883 agentes
2530 813 2662 877 Deo,
2704 812 2798 880 qui
2849 811 2978 866 talia
3027 817 3296 881 operatur
3324 812 3380 866 in
3411 816 3466 868 S.
3491 815 3725 880 Joanne,
3757 828 3899 870 com-

2257 903 2460 970 placito
2490 915 2616 955 vase
2645 900 3064 956 inhabitationis
3101 915 3238 956 suae.

2326 989 2415 1044 25.
2459 991 2622 1065 Multa
2651 989 2870 1058 quidem
2905 997 2960 1044 et
2988 991 3091 1044 alia
3119 991 3275 1060 signa
3314 1005 3414 1060 per
3441 993 3693 1047 eumdem
3731 995 3898 1047 Domi-

2256 1093 2358 1134 nus
2387 1087 2646 1148 operatus
2685 1087 2789 1133 est.
2829 1079 3112 1148 Quotquot
3165 1080 3309 1135 enim
3359 1081 3748 1136 vestimentum
3789 1083 3897 1148 ejus

2255 1168 2513 1223 cumtide
2567 1168 2884 1236 tangebant,
2945 1169 3187 1223 omnium
3248 1168 3627 1225 inﬁrmitatum
3687 1185 3895 1226 suarum

2254 1257 2493 1312 celerem
2530 1257 2636 1312 sibi
2675 1258 2963 1312 sanitatem
3031 1257 3318 1313 advenisse
3385 1259 3703 1329 gaudebant
3781 1261 3898 1329 (92').

2252 1347 2387 1400 Dum
2416 1354 2596 1400 autem
2645 1346 2878 1414 quadam
2927 1345 3016 1400 die
3056 1346 3124 1401 ad
3177 1355 3425 1419 sanctum
3470 1349 3740 1403 Joannem
3788 1352 3900 1419 epi-

2252 1449 2479 1503 scopum
2512 1435 2680 1488 multa
2710 1434 3035 1501 conveniret
3083 1435 3264 1500 turba,
3306 1441 3366 1490 ut
3401 1437 3543 1492 sacri
3592 1437 3904 1492 chrismatis

2252 1523 2567 1578 unctionem
2614 1522 2912 1591 acciperet,
2972 1524 3260 1592 quemdam
3313 1526 3568 1594 juvenem
3629 1533 3898 1582 mortuum

2252 1612 2398 1666 inter
2435 1611 2572 1668 alios
2610 1612 2751 1667 sacri
2791 1612 3105 1667 chrismatis
3167 1613 3430 1668 unctione
3481 1613 3679 1679 linivit,
3723 1621 3781 1669 et
3829 1616 3902 1670 sic

2251 1699 2321 1754 de
2351 1705 2526 1754 morte
2577 1699 2645 1754 ad
2695 1700 2858 1754 vitam
2912 1699 3150 1755 reduxit.
3193 1701 3454 1756 Similiter
3506 1707 3561 1756 et
3599 1701 3902 1758 damonem

519 1791 697 1848 factus
734 1800 817 1856 est
855 1791 1024 1846 abbas
1061 1791 1510 1861 vigilantissimus
1548 1806 1613 1846 eo
1653 1793 1707 1846 in
1738 1792 1862 1848 loco
1894 1794 1987 1849 ubi
2019 1784 2228 1863 pela-B
2251 1787 2318 1842 ab
2349 1788 2570 1844 homine
2610 1778 2849 1857 (Ιιιοάθηι
2897 1787 3145 1857 εΧΡιιΙίῐς
3189 1789 3414 1845 insanos
3451 1791 3617 1845 ctiam
3668 1797 3726 1846 et
3765 1791 3906 1846 inﬁr-

520 1895 623 1951 gus
679 1881 859 1936 inﬂuit
915 1880 1049 1935 Tina
1104 1880 1336 1945 ﬂuvius;
1394 1879 1538 1934 unde
1577 1889 1632 1935 et
1688 1882 1973 1937 Tinemuta
2020 1884 2165 1939 idem

521 1969 744 2025 dicitur.

591 2058 681 2113 23.
714 2056 1006 2114 Referebat
1062 2057 1226 2113 etiam
1281 2057 1613 2112 venerabilis
1667 2059 1793 2115 vita:
1849 2060 2018 2116 abbas
2073 2062 2166 2118 ille

519 2149 676 2216 cujus
706 2161 870 2225 supra
909 2147 1273 2210 meminimus,
1303 2146 1456 2215 quod
1487 2147 1719 2215 quadam
1757 2149 1876 2204 vice
1915 2150 2005 2206 hic
2043 2166 2164 2207 san-

516 2241 638 2291 ctus
668 2235 762 2290 Dei
791 2236 1032 2290 Joannes
1088 2234 1479 2289 Beverlacense
1519 2238 1908 2293 monasterium
1940 2239 2160 2307 adierit,

513 2323 730 2379 duabus
777 2324 958 2378 causis
1020 2324 1397 2393 poscentibus,
1440 2328 1500 2378 ut
1536 2324 1751 2380 scilicet
1788 2342 2008 2398 gregem
2067 2331 2162 2384 Dei

510 2411 647 2467 inibi
677 2418 1107 2468 commorantem
1145 2411 1203 2466 in
1242 2411 1510 2480 obsequio
1541 2413 1635 2468 Dei
1667 2415 2164 2474 commonefaceret

508 2499 704 2556 salutis
740 2514 877 2565 suaz,
921 2506 976 2553 et
1014 2505 1074 2553 ut
1105 2499 1158 2553 in
1203 2499 1520 2568 temporalis
1548 2502 1870 2559 substantiae
1925 2505 2164 2562 adminié

507 2589 780 2643 stratione
813 2586 951 2642 nihil
981 2586 1090 2641 illis
1113 2587 1332 2642 abesset
1369 2602 1479 2656 quo
1533 2589 1715 2644 minus
1755 2591 1954 2647 divinis
1983 2595 2162 2650 inten-

509 2676 730 2732 derent.
772 2676 854 2732 Ibi
911 2675 1126 2731 cunctis
1172 2675 1516 2732 manifestum
1574 2679 1728 2733 dedit
1775 2689 2026 2752 prompta
2065 2685 2160 2739 Dei

507 2765 749 2835 largitio,
783 2771 1003 2835 quantae
1036 2765 1368 2835 integritatis
1398 2768 1678 2836 praeconio
1709 2771 1853 2838 apud
1893 2785 1953 2826 se
1991 2774 2161 2828 exsti-

510 2855 640 2910 terit
669 2854 760 2910 hic
789 2869 921 2909 suus
959 2866 1188 2922 magnus
1225 2869 1434 2910 servus.
1489 2859 1776 2912 Paraverat
1823 2859 1967 2915 idem
2004 2877 2164 2917 vene-

514 2942 706 2998 rabilis
742 2943 913 2998 abbas
942 2942 1195 2997 balneum
1240 2944 1351 3012 jam
1383 2943 1600 3000 defesso
1645 2960 1711 3000 ex
1748 2948 1975 3004 instanti
2006 2951 2162 3006 senio

2251 1889 2369 1932 mos
2397 1891 2616 1945 semper
2643 1878 2871 1943 sanavit,
2905 1877 3238 1946 ubicumque
3286 1892 3383 1934 eos
3423 1879 3675 1942 invenit;
3727 1879 3825 1934 sed
3855 1890 3906 1934 et

2249 1971 2633 2036 tempestatum
2664 1965 2902 2022 habebat
2938 1972 3266 2035 potestatem
3307 1981 3407 2034 per
3443 1969 3625 2022 sancti
3665 1968 3902 2037 Spiritus

2248 2053 2510 2123 vigorem.

2317 2141 2406 2194 26.
2467 2143 2578 2197 Nec
2633 2142 2826 2196 mirum
2885 2141 2932 2196 si
2984 2142 3262 2212 gratiosus
3319 2142 3461 2212 apud
3517 2144 3816 2200 Dominum
3853 2153 3902 2198 et

2246 2229 2498 2286 homines
2535 2230 2625 2285 hic
2663 2231 2872 2286 electus
2925 2231 3021 2286 Dei
3079 2232 3318 2286 Joannes
3355 2233 3650 2296 exstiterit,
3706 2241 3892 2302 utpote

2246 2319 2338 2388 qui
2364 2333 2394 2373 a
2424 2319 2684 2388 magistro
2715 2325 2770 2373 et
2800 2319 3028 2374 doctore
3068 2319 3374 2375 clarissimo
3415 2329 3470 2375 et
3502 2322 3656 2375 inter
3695 2320 3902 2376 theolo-

2245 2421 2345 2477 gos
2374 2407 2765 2464 facundissimo
2805 2406 3145 2464 sufﬁcienter
3183 2408 3414 2463 edoctus
3459 2409 3552 2472 sit,
3606 2409 3900 2465 Theodoro

2244 2497 2458 2553 scilicet
2487 2497 2864 2553 Cantuariensi
2895 2497 3340 2566 archiepiscopo,
3395 2498 3462 2553 de
3511 2513 3626 2568 quo
3676 2508 3902 2554 sanctus

2245 2587 2389 2642 Beda
2462 2585 2632 2642 refert
2691 2587 2747 2641 in
2815 2586 3191 2641 ecclesiastica
3262 2586 3563 2656 Anglorum
3636 2588 3899 2643 Historia.

2245 2677 2392 2742 Erat,
2425 2676 2624 2744 inquit,
2652 2684 2898 2745 tempore
2929 2675 3129 2730 Cedd-.2
3170 2675 3438 2745 episcopi,
3468 2677 3659 2730 Romae
3681 2678 3904 2746 quidam

2246 2764 2568 2831 monachus,
2621 2766 2839 2820 nomine
2884 2765 3227 2830 Theodorus,
3281 2772 3438 2818 natus
3478 2765 3671 2819 Tharsi
3726 2766 3785 2820 iu
3826 2769 3905 2821 αἰ-

2244 2853 2392 2919 licia,
2435 2854 2516 2907 vir
2559 2860 2614 2908 et
2643 2854 2895 2908 saeculari
2925 2862 2981 2908 et
3010 2853 3195 2908 divina
3245 2853 3553 2908 litteratura
3601 2856 3825 2919 Greece,
3855 2865 3903 2910 et

2245 2944 2455 3008 Latine,
2517 2949 2573 2996 et
2629 2943 2897 2998 Hebraice
2927 2942 3266 2997 sufficienter
3303 2943 3629 3008 instructus,
3697 2945 3902 3013 probus

516 3030 761 3100 presuli.
796 3031 935 3096 Quo,
977 3035 1102 3099 post
1149 3031 1366 3101 longius
1405 3039 1710 3102 protractas
1758 3050 1825 3090 ex
1863 3051 2014 3093 more
2061 3055 2161 3096 suo
2247 3031 2511 3099 moribus.
2545 3039 2599 3087 θι
2637 3039 2798 3088 teme
2837 3032 3203 3096 venerandus,
3245 3033 3339 3101 (Ιυί
3387 3031 3682 3086 ordinatus
3735 3047 3768 3087 ³
3817 3035 3901 3088 Ἦ·

517 3117 942 3187 psalmodiarum
982 3125 1038 3173 et
1083 3119 1393 3174 orationum
1451 3121 1872 3190 celebrationes,
1933 3113 2451 3195 abluto,CtaliallO
2519 3134 2659 3190 papa
2717 3120 3050 3175 Britanniam
3106 3121 3305 3174 missus
3351 3127 3456 3185 εει.
3514 3127 3569 3174 ει
3630 3123 3792 3176 νθιὶὶι
3839 3122 3900 3174 ad

519 3205 761 3276 postulat
791 3205 961 3260 abbas
989 3214 1049 3262 ut
1079 3206 1360 3262 cellarium
1391 3209 1751 3280 ingrediatur,
1785 3220 1840 3268 et
1869 3230 1992 3284 quae
2021 3218 2165 3273 Deus
2247 3209 2534 3264 Θοοιθδὶείηι
2563 3223 2716 3264 suam
2754 3210 3083 3275 Cantuariw,
3130 3207 3374 3264 secundo
3425 3215 3729 3277 ροδιίιυεω
3779 3225 3903 3266 σοῦ’

515 3293 594 3350 ibi
623 3295 681 3349 in
711 3308 841 3350 usus
869 3309 1153 3350 servorum
1182 3309 1405 3352 suorum
1446 3301 1799 3368 praestiterat,
1833 3303 2162 3362 benedicere
2245 3304 2491 3353 sectatus
2547 3305 2631 3353 est
2685 3312 2851 3354 anno.
2911 3299 3011 3353 Hic
3049 3298 3212 3353 ctiam
3268 3296 3593 3352 TheOdOI‘US
3650 3298 3715 3351 in
3756 3313 3901 3352 suam

512 3383 853 3454 dignaretur.
894 3384 1102 3452 Quibus
1139 3386 1208 3440 ad
1240 3393 1424 3442 votum
1463 3388 1678 3444 abbatis
1708 3392 1949 3461 impletis
1986 3394 2163 3452 fessus
2243 3390 2490 3458 suscepit
2519 3388 2865 3458 disciplinam
2895 3388 3248 3458 quamplures
3278 3388 3346 3442 de
3397 3388 3628 3456 regione
3679 3390 3900 3444 Britan-

506 3487 676 3529 senex
731 3475 1017 3541 consedit;
1087 3490 1249 3545 quem
1307 3477 1476 3532 abbas
1541 3479 1822 3536 humiliter
1880 3487 2158 3554 consulit,

506 3569 688 3617 utrum
741 3568 866 3632 post
924 3563 1178 3642 balneum
1235 3565 1631 3635 aliquantulum
1699 3570 1810 3625 vini
1869 3572 2160 3644 degustare

508 3650 659 3705 velit.
693 3653 760 3706 At
789 3651 882 3706 ille
926 3652 1144 3721 placido
1185 3654 1335 3709 vultu
1393 3654 1528 3710 dicit
1565 3656 1671 3712 sibi
1710 3657 1950 3727 placere,
2006 3664 2052 3717 si
2091 3665 2158 3719 ad

511 3753 728 3795 manum
761 3741 937 3808 possit
983 3741 1090 3796 sibi
1137 3741 1344 3796 venire.
1403 3743 1684 3800 Detulerat
1739 3754 1919 3803 autem
1980 3751 2158 3818 pridie

511 3828 734 3897 quidam
771 3835 1047 3885 mercator
1083 3845 1114 3884 a
1153 3830 1368 3886 civitate
1404 3832 1581 3888 eidem
1630 3835 1814 3890 abbati
1864 3838 2158 3896 ﬂasconem

508 3917 656 3984 vini;
692 3931 852 3986 quem
887 3917 1046 3972 laetus
1074 3919 1403 3988 suscipiens,
1437 3921 1494 3975 in
1532 3922 1758 3980 cellario
1811 3929 2004 3995 reponi
2048 3931 2156 3998 jus-

511 4013 658 4060 serat
693 4005 762 4060 ad
803 4020 943 4074 opus
971 4007 1216 4076 ejusdem
1246 4010 1576 4066 sanctissimi
1608 4013 1729 4067 viri.

583 4093 672 4147 24.
732 4095 1049 4149 Accersitur
1113 4097 1433 4153 Brithredus
1501 4101 1784 4169 pincerna,
1820 4105 2158 4176 jubeturque

511 4187 572 4238 ut
599 4181 783 4236 vinum
823 4183 1081 4251 propinet
1137 4186 1399 4255 episcopo
1453 4188 1509 4242 in
1568 4190 1738 4246 vitrea
1795 4193 1995 4261 phiala.
2055 4195 2156 4261 Qui

508 4270 638 4326 dum
691 4269 923 4327 festinus
974 4279 1130 4342 paret
1161 4275 1399 4343 jubenti,
1443 4280 1829 4348 properantius
1875 4297 2043 4352 agens
2090 4299 2157 4340 ex

507 4360 704 4416 affectu
745 4362 1018 4431 obsequii,
1060 4364 1333 4420 incautius
1385 4367 1610 4437 reliquit
1657 4369 2058 4438 dependentem
2099 4375 2154 4428 in

511 4449 718 4518 pariete
758 4450 1081 4520 praedictum
1113 4453 1402 4510 ﬂasconem
1434 4457 1544 4510 vini
1573 4478 1586 4522 ;
1629 4459 1722 4527 qui
1754 4472 1820 4513 ex
1867 4460 1978 4516 alto
2026 4478 2155 4518 cor-

512 4552 676 4594 ruens
708 4553 807 4608 per
835 4540 1074 4596 medium
1113 4543 1405 4613 rumpitur,
1457 4545 1532 4600 ita
1588 4552 1645 4600 ut
1683 4547 1738 4601 in
1789 4549 1924 4604 duas
1973 4559 2157 4618 partes

509 4625 867 4684 divideretur.
927 4629 1056 4692 Sed,
1116 4632 1243 4700 quia
1291 4631 1340 4687 is
1378 4634 1464 4688 cui
1507 4641 1668 4703 potus
1707 4636 1798 4691 ille
1838 4640 2157 4696 servabatur

509 4730 602 4770 vas
631 4715 824 4772 electae
854 4717 1185 4788 integritatis
1215 4722 1325 4775 Deo
1355 4728 1492 4786 erat,
1523 4723 1599 4777 nil
1632 4725 1825 4780 mirum
1857 4728 2004 4796 quod
2036 4728 2155 4799 ipse

510 4806 654 4861 Deus
683 4813 873 4875 potum
904 4807 1057 4863 illum
1088 4809 1144 4862 in
1195 4811 1439 4878 partibus
1485 4813 1628 4867 vasis
1684 4814 1874 4871 divisis
1931 4832 2156 4875 conser-

509 4901 683 4948 varet.
713 4894 846 4948 Nam
885 4893 1016 4950 hinc
1066 4896 1196 4952 inde
1234 4904 1443 4955 semota
1482 4915 1609 4970 pars
1654 4917 1685 4957 a
1735 4913 1888 4972 parte
1936 4908 2152 4976 stabat,

512 4981 806 5051 vinumque
836 4981 892 5037 in
921 4998 982 5040 se
1011 4986 1168 5055 quasi
1208 4988 1548 5057 congelatum
1598 4990 1869 5061 liquorem
1901 4995 1982 5051 vel
2014 4998 2154 5054 soli-

512 5069 636 5126 dam
691 5072 1009 5142 crystallum
1058 5076 1398 5132 continebat.
1437 5081 1481 5134 A
1517 5081 1675 5150 cujus
1723 5085 1935 5140 ruentis
1971 5088 2155 5144 sonitu

513 5167 796 5229 permotus
849 5162 995 5219 idem
1054 5164 1317 5233 pincerna
1370 5167 1694 5226 Brithredus
1748 5175 1922 5228 currit
1966 5175 2152 5243 intro,

513 5248 829 5320 invenitque
868 5251 1018 5321 quod
1057 5251 1134 5308 ibi
1173 5259 1354 5309 actum
1404 5262 1519 5312 erat
1559 5257 1840 5316 divinitus.
1882 5262 1985 5318 Sed
2028 5266 2156 5334 quia

513 5336 676 5408 hujus
705 5339 784 5394 rei
818 5339 1143 5398 relationem
1171 5342 1436 5413 ingratam
1476 5347 1685 5403 sciebat
1732 5350 1782 5405 ei
1830 5353 1987 5421 cujus
2033 5368 2159 5425 age-

729 5447 828 5528 Iiic
857 5448 1316 5530 interponebatur
1362 5451 1943 5530 laus_discipulorum,
1996 5475 2155 5530 quam

513 5513 892 5596 transierimus
946 5513 1235 5596 adﬁnem
1293 5525 1504 5580 numeri
1562 5513 1686 5596 seq:
1723 5533 1778 5584 et
1833 5513 2156 5589 electioﬂad

514 5583 912 5646 Eboracensem
946 5592 1499 5665 archiepiscopatum,
1549 5583 1710 5667 quam
1735 5583 2024 5659 dedimus
2057 5583 2157 5661 suo

2243 3477 2386 3544 nica,
2415 3479 2560 3533 inter
2588 3491 2728 3546 quos
2757 3478 3046 3548 quemdam
3077 3477 3314 3531 habebat
3342 3489 3554 3546 magnae
3584 3479 3900 3533 sanctitatis

2243 3566 2614 3636 discipulum,
2684 3568 2906 3623 nomine
2969 3569 3258 3633 Joannem,
3317 3580 3482 3636 quem
3542 3569 3900 3636 postmodum

2243 3655 2476 3710 vidimus
2530 3656 2978 3726 archipraasulem
3033 3655 3459 3724 metropoliticee
3515 3656 3784 3713 ecclesia:
3839 3659 3892 3712 Β.

2241 3745 2387 3800 Petri
2419 3745 2802 3811 Eboracensis,
2837 3754 3083 3814 tempore
3131 3744 3326 3800 All'ridi
3356 3745 3522 3815 regis,
3557 3746 3895 3811 ordinatum,

2240 3848 2402 3903 quem
2443 3835 2704 3889 Dominus
2738 3837 2896 3889 Jesus
2925 3834 3173 3888 Christus
3203 3838 3412 3888 tantum
3443 3833 3642 3889 dilexit
3675 3843 3740 3890 ut
3767 3837 3817 3891 ei
3847 3838 3898 3889 in

2240 3923 2553 3977 colutubiua
2581 3922 2766 3992 specie
2796 3923 3058 3992 Spiritum
3089 3930 3337 3977 sanctum
3370 3923 3557 3978 divina
3589 3923 3894 3979 celebranti

2240 4013 2624 4068 transmiserit.
2685 4013 2808 4067 Fuit
2862 4019 3043 4067 autem
3101 4011 3424 4067 Theodorus
3489 4011 3544 4066 in
3613 4013 3896 4082 archiepi-

2239 4109 2468 4170 scopatu
2498 4102 2876 4158 Cantuariensi
2900 4116 3000 4170 per
3021 4115 3198 4156 annos
3217 4101 3408 4171 viginti
3441 4109 3497 4155 et
3526 4114 3726 4168 unum,
3753 4117 3899 4157 meno

2238 4205 2329 4246 ses
2361 4199 2491 4256 tres,
2525 4191 2645 4247 dies
2688 4191 2879 4261 viginti
2919 4197 2974 4246 et
3003 4205 3119 4256 sex,
3161 4199 3216 4245 et
3246 4191 3326 4244 sic
3357 4190 3614 4259 migravit
3643 4191 3716 4245 ad
3747 4192 3898 4247 Chri-

2237 4285 2402 4346 stum,
2431 4281 2670 4336 Joannes
2699 4294 2826 4335 vero
2858 4280 3059 4334 multos
3089 4293 3308 4348 quoque
3339 4279 3668 4333 diaconatus
3701 4281 3896 4335 ordine

2239 4374 2294 4425 et
2325 4369 2649 4440 presbyterii
2679 4369 3037 4424 sanctificavit
3067 4368 3300 4434 honore,
3332 4367 3400 4422 de
3443 4380 3683 4436 quorum
3738 4369 3900 4424 colle

2239 4459 2330 4528 gio
2360 4469 2583 4514 sanctus
2614 4458 2824 4514 exstitit
2861 4457 3026 4523 Beda,
3059 4458 3152 4526 qui
3201 4457 3369 4511 multa
3398 4457 3734 4525 apostolicae
3778 4459 3895 4513 ﬁdei

2239 4548 2462 4616 scripsit
2493 4547 2668 4603 utilia.
2702 4549 2822 4615 ipse
2850 4547 3013 4601 etiam
3041 4547 3281 4602 Joannes
3330 4545 3572 4600 habebat
3601 4548 3897 4615 quemdam

2239 4650 2449 4706 magna:
2489 4635 2796 4691 sanctitatis
2851 4636 3184 4702 diaconum,
3236 4633 3456 4690 nomine
3503 4634 3896 4698 Brithiauum,

2238 4739 2401 4795 quem
2446 4727 2503 4780 in
2552 4726 2884 4781 monasterio
2940 4738 3062 4790 suo,
3123 4723 3273 4793 quod
3328 4722 3589 4793 Beverley
3648 4725 3895 4788 dicitur,

2238 4814 2492 4869 abbatem
2523 4813 2955 4869 sanctimonialis
3003 4814 3126 4868 vitae
3185 4811 3491 4867 constituit.
3552 4812 3716 4867 ldcm
3774 4826 3894 4868 vero

2236 4907 2475 4962 Joannes
2505 4905 2799 4974 episcopus
2828 4917 3019 4960 omnes
3055 4904 3122 4958 ad
3181 4917 3240 4956 se
3281 4903 3565 4957 venientes
3622 4903 3699 4958 ad
3761 4905 3890 4958 viam

2237 4995 2486 5050 veritatis
2513 4993 2805 5060 convertit,
2855 5000 2910 5047 et
2957 5006 3055 5061 pro
3110 5006 3276 5062 grege
3319 4991 3425 5045 sibi
3477 4993 3789 5049 commisso
3844 5001 3895 5046 et

2239 5086 2386 5140 omni
2417 5084 2622 5154 populo
2651 5083 2961 5138 Christiano
2995 5082 3203 5152 jugiter
3232 5087 3288 5136 et
3317 5081 3436 5136 sine
3477 5082 3894 5138 intermissione

2239 5174 2433 5232 oravit.

2309 5263 2402 5318 27.
2460 5264 2655 5319 Mansit
2705 5270 2885 5319 autem
2924 5262 2980 5317 in
3020 5261 3341 5331 episcopatu
3375 5259 3500 5332 (93)
3552 5261 3646 5316 hic
3690 5262 3893 5318 Christi

2240 5351 2444 5408 athleta
2466 5354 2704 5409 Joannes
2740 5351 2964 5423 triginta
2993 5351 3171 5406 tribus
3207 5349 3384 5416 annis,
3417 5356 3549 5405 octo
3582 5353 3893 5411 mensibus.

2243 5459 2886 5604 loc(%’3;nllglepilscopatu
2917 5538 3172 5601 utroque,
3203 5530 3316 5585 sive
3345 5529 3414 5585 ab
3447 5529 3811 5589 ordinatione
3842 5533 3893 5586 in

2242 5606 2583 5676 episcopum.
