4106 6178
344 307 480 363 1177

1449 308 1603 363 νιΤΑ
1639 308 1692 362 8.
1732 305 2008 362 JOANNIS
2044 304 2603 385 BEVERLACENSIS.

3578 310 3714 365 1178

337 442 393 493 et
425 434 692 492 tredecim
721 433 937 501 diebus,
981 439 1036 491 et
1073 427 1286 505 postea",
1318 447 1440 491 cum
1464 434 1576 503 jam
1606 430 2345 503 episcopatumAabbatem,
2385 436 2446 487 ut
2482 445 2687 502 corpus
2714 446 2899 500 suum,
2924 433 2973 490 si
3000 433 3210 490 obisset
3236 435 3395 502 inibi,
3427 436 3483 491 in
3513 422 3715 493 creme-

335 540 450 598 prae
481 525 688 594 majore
715 528 1002 580 senectute
1029 522 1264 580 circuire
1288 534 1400 579 non
1431 526 1639 592 posset,
1670 534 1772 577 suo
1801 534 1985 577 sacer-

335 617 466 674 dote
503 612 761 669 Wilfrido
796 612 917 685 (94)
946 627 1069 669 cum
1108 614 1281 670 totius
1328 612 1516 683 populi
1548 612 1820 668 electione
1854 626 1987 682 pon-

335 705 599 762 tiﬁcatum
629 703 904 759 commisit
934 703 1356 770 Eboracensem,
1398 707 1454 758 et
1491 703 1610 773 ipse
1639 716 1763 758 cum
1794 702 1985 758 consi-

337 794 411 851 lio
441 796 496 850 8.
530 791 779 849 Britbuni
819 791 1033 846 abbatis
1069 791 1154 847 sui
1202 791 1549 848 Beverlacum
1593 791 1773 860 petiit,
1815 797 1871 847 et
1908 791 1984 847 ibi

337 884 430 940 diu
469 884 525 939 in
553 882 652 939 Dei
681 882 943 938 servitute
983 881 1306 952 persistens,
1347 882 1518 938 Nonis
1556 882 1683 937 Maii
1713 882 1876 937 vitam
1907 880 1987 937 fe-

336 973 518 1029 liciter
554 972 728 1028 ﬁnivit
765 969 886 1043 (95)
916 991 928 1026 :
964 978 1019 1026 et
1047 972 1127 1027 sic
1152 971 1220 1027 ad
1248 971 1492 1028 coelestia
1523 985 1690 1043 regna
1719 986 1989 1028 conscen-

338 1063 495 1129 dens,
537 1061 788 1132 sepultus
814 1066 899 1117 est
927 1061 983 1116 in
1016 1062 1232 1131 porticu
1262 1063 1316 1118 8.
1348 1062 1576 1117 Joannis
1614 1062 1983 1133 evangelista,

337 1154 393 1210 in
434 1151 768 1209 monasterio
817 1164 939 1217 suo,
1007 1164 1152 1207 anno
1200 1151 1268 1205 ab
1324 1152 1711 1208 Incarnatione
1772 1153 1987 1209 Domini

335 1240 824 1312 septingentesimo
870 1239 1132 1295 vicesimo
1198 1240 1399 1309 primo.
1459 1242 1516 1296 In
1574 1240 1767 1296 eodem
1807 1248 1986 1298 autem

337 1331 461 1388 loco
493 1330 587 1386 ubi
620 1329 869 1400 sepultus
897 1336 1001 1396 est,
1036 1343 1136 1400 per
1164 1330 1283 1400 ejus
1311 1330 1505 1386 merita
1542 1330 1743 1386 inﬁrmi
1783 1345 1987 1387 sanan-

338 1428 447 1488 tur,
497 1420 778 1476 dmmones
817 1419 1147 1491 eﬁ‘ugantur,
1189 1420 1323 1475 caeci
1363 1419 1762 1488 illuminantur,
1804 1422 1991 1477 surdis

340 1524 500 1565 aures
549 1514 885 1574 reserantur,
928 1509 1094 1564 mutis
1158 1509 1324 1564 verba
1379 1514 1724 1579 reparantur,
1775 1509 1990 1565 claudis

336 1599 563 1670 vestigia
611 1598 1017 1666 condonantur,
1059 1603 1256 1654 cuncta
1302 1611 1505 1667 genera
1555 1598 1811 1655 dolorum
1857 1598 1992 1655 effu-

2067 521 2211 577 terio
2259 520 2355 578 illo
2411 522 2635 592 sepeliri
2695 524 3075 592 permitteret:
3135 525 3263 594 quia
3319 524 3439 594 ipse
3492 532 3715 582 sanctus

2069 611 2383 681 episcopus,
2415 611 2617 681 inquit,
2649 626 2708 668 se
2738 618 2899 668 antea
2947 612 3015 668 ad
3057 612 3454 670 sacerdotalem
3497 629 3714 685 promo-

2068 706 2221 755 verat
2248 700 2498 770 gradum.
2538 701 2693 769 Quod
2743 710 3031 772 postquam
3082 702 3486 772 impetraverat,
3535 703 3714 759 eidem

2069 790 2187 859 ipse
2226 790 2517 860 presbyter
2564 790 2769 861 gratias
2819 805 2981 861 prece
3031 790 3267 861 supplici
3315 797 3479 862 atque
3519 790 3715 847 devota

2070 877 2356 948 persolvit.

2139 965 2230 1021 30.
2276 967 2593 1037 Insequenti
2640 981 2774 1023 vero
2804 974 2967 1023 nocte
2997 968 3052 1023 in
3084 973 3292 1024 tantum
3324 968 3718 1039 aggravabatur

2068 1054 2404 1122 inﬁrmitate,
2456 1055 2603 1125 quod
2647 1070 2763 1111 eam
2793 1057 2948 1111 vivus
2977 1056 3199 1111 minime
3229 1056 3525 1127 putabatur
3554 1070 3717 1127 posse

2070 1143 2327 1199 transire.
2388 1145 2541 1199 Mane
2607 1150 2785 1200 autem
2841 1144 2987 1200 facto
3027 1145 3145 1216 ipse
3210 1146 3380 1201 abbas
3434 1147 3583 1201 venit
3649 1145 3716 1200 ad

2070 1231 2270 1302 ipsum,
2303 1233 2496 1289 dicens
2524 1233 2576 1288 ei
2601 1254 2613 1289 :
2648 1234 2826 1290 Credo
2857 1235 2968 1290 cito
2998 1235 3193 1291 melius
3222 1240 3276 1291 te
3306 1234 3422 1291 fore
3451 1234 3716 1302 futurum,

2071 1321 2119 1376 si
2148 1321 2345 1377 allatus
2373 1320 2573 1377 fuisses
2600 1324 2666 1378 ad
2699 1324 3112 1392 monasterium,
3146 1323 3201 1379 in
3232 1338 3343 1394 quo
3373 1331 3502 1380 sunt
3531 1323 3718 1380 multae

2072 1411 2323 1481 reliquiae
2370 1417 2683 1467 sanctorum
2748 1419 3065 1482 martyrum.
3124 1414 3241 1467 Hoc
3289 1413 3432 1468 idem
3495 1427 3717 1483 quoque

2075 1499 2190 1572 (ait)
2220 1515 2279 1555 se
2310 1500 2536 1555 credere
2574 1501 2774 1571 ipsum,
2817 1508 2873 1557 et
2915 1507 3233 1557 contestans
3270 1502 3554 1568 continuo,
3595 1507 3720 1571 post

2073 1589 2264 1645 horam
2323 1590 2539 1644 tertiam
2590 1589 2787 1645 allatus
2824 1596 2908 1645 est
2964 1591 3019 1645 in
3079 1591 3256 1660 ipsum
3304 1592 3716 1657 monasterium,

335 1693 553 1760 gantur,
586 1688 814 1757 ejusque
845 1688 1160 1743 interventu
1199 1686 1427 1742 crimina
1482 1693 1671 1743 nostra
1709 1687 2044 1760 delentur,_
2076 1678 2182 1748 ipsi
2228 1677 2389 1733 etiam
2438 1679 2550 1733 Deo
2597 1685 2780 1749 grates
2827 1678 3072 1734 referens
3109 1680 3237 1749 quia
3276 1680 3329 1735 in
3362 1680 3537 1749 ipsum
3568 1679 3721 1734 vivus

338 1755 393 1834 et
447 1755 646 1848 gaudia
691 1755 884 1833 critica
932 1777 1331 1843 conceduntur,
1383 1782 1680 1848 prmsmnte
1737 1777 1855 1845 illo,
1897 1755 2273 1834 cuiBmeruit
2301 1768 2553 1824 introire.
2588 1770 2805 1823 Etcum
2838 1768 3104 1824 intentius
3129 1775 3254 1823 ante
3285 1768 3456 1823 altare
3481 1770 3534 1823 8.
3557 1770 3723 1823 Joan-

339 1873 536 1924 cuncta
573 1866 924 1923 famulantur.

409 1956 499 2013 28.
536 1955 637 2028 (96)
678 1957 940 2013 Dominus
978 1960 1033 2012 et
1070 1955 1316 2013 Salvator
1339 1961 1530 2012 noster
1554 1957 1713 2011 Jesus
1741 1956 1990 2012 Christus

341 2046 508 2104 multa
547 2046 807 2102 miracula
840 2059 940 2116 per
981 2045 1244 2102 dilectum
1282 2059 1440 2102 suum
1477 2047 1742 2101 Joannem
1786 2059 1988 2116 opera-
2020 2088 2027 2095 .

341 2142 430 2192 tus
479 2139 580 2191 est.
621 2136 860 2202 Quorum
902 2133 1135 2204 primum
1174 2134 1281 2191 hoc
1328 2138 1410 2190 est
1455 2154 1466 2189 :
1510 2133 1714 2190 accidit
1751 2134 1989 2204 quodam

341 2230 588 2294 tempore
608 2232 669 2280 ut
684 2224 1135 2295 quidam,ardore
1164 2222 1397 2279 febrium
1420 2223 1814 2293 Oppressus,ad
1837 2237 1988 2280 sanc-

341 2319 455 2370 tum
484 2313 660 2384 ipsius
687 2313 1001 2384 sepulcrum
1033 2312 1367 2383 pervenerit,
1402 2326 1466 2367 ac
1496 2325 1666 2367 censu
1698 2312 1987 2379 alienatus,

341 2405 469 2460 dum
508 2404 585 2460 ibi
624 2402 719 2459 diu
767 2402 1170 2469 devolveretur,
1212 2402 1432 2457 tandem
1463 2402 1691 2471 spiritus
1722 2400 1992 2472 malignus

339 2493 409 2548 ab
464 2493 586 2564 ipso
645 2490 862 2563 fugatus
917 2496 1020 2546 est.
1080 2489 1182 2556 Qui
1231 2498 1287 2545 et
1337 2490 1566 2560 integrae
1616 2490 1838 2545 sanitati
1892 2504 1991 2559 per

339 2584 394 2638 S.
415 2582 642 2638 Joannis
670 2581 863 2637 merita
894 2581 1203 2645 restitutus,
1237 2585 1518 2648 assumpto
1551 2579 1748 2634 baculo
1770 2592 1891 2644 suo,
1920 2578 1987 2633 ad

340 2670 616 2741 propriam
647 2669 868 2727 domum
900 2668 1180 2740 perrexit;
1216 2673 1381 2737 atque
1419 2666 1599 2738 ipsum
1631 2674 1823 2737 postea
1852 2681 1989 2722 nun-

339 2774 499 2829 quam
541 2759 745 2815 ezedem
778 2758 1123 2814 inﬁrmitates
1150 2757 1485 2812 invaserunt.

411 2847 501 2902 29.
540 2849 603 2903 1n
651 2847 890 2916 quodam
940 2851 1130 2916 postea
1176 2852 1425 2915 tempore
1474 2845 1645 2899 abbas
1692 2845 1988 2901 Britbunus

343 2936 590 2991 invitavit
618 2936 869 2991 abbatem
901 2934 970 2989 de
1009 2933 1187 2990 vaina
1230 2932 1348 3004 (97)
1398 2933 1453 2988 in
1483 2933 1858 2989 anniversario
1898 2934 1988 2989 die

342 3026 398 3080 8.
438 3024 664 3080 Joannis
691 3023 758 3079 ad
799 3023 1076 3094 Beverley,
1109 3023 1399 3079 habentem
1431 3036 1615 3078 secum
1647 3022 1778 3078 illuc
1806 3036 1991 3092 quem-

2070 1856 2157 1911 nis
2185 1856 2534 1927 evangelistaa
2566 1864 2799 1923 orasset,
2830 1857 2957 1912 inde
2986 1857 3053 1911 ad
3085 1857 3394 1926 sepulcrum
3428 1857 3545 1927 ipse
3589 1870 3724 1926 pro-

2070 1956 2292 2013 gressus
2339 1949 2443 2011 est,
2485 1944 2723 2015 supplici
2755 1959 2877 2000 eum
2911 1959 3073 2015 prece
3104 1945 3413 2015 deposcens
3451 1950 3722 2015 quatenus

2072 2032 2177 2088 sibi
2210 2034 2265 2088 in
2298 2033 2609 2090 inﬁrmitate
2640 2048 2737 2089 sua
2767 2048 2897 2105 erga
2924 2049 3079 2090 suum
3111 2034 3382 2091 medicum
3404 2034 3724 2106 dignaretur

2073 2121 2344 2177 auxiliari.
2367 2125 2443 2177 Ac
2472 2123 2675 2192 saepius
2714 2125 2887 2194 gratia
2916 2124 3243 2192 impetrandi
3275 2127 3719 2189 commemorata,

2073 2224 2235 2281 quam
2276 2224 2403 2280 erga
2452 2212 2621 2266 Deum
2668 2211 2927 2278 habebat,
2955 2211 3085 2267 inde
3124 2210 3487 2283 progrediens
3525 2224 3718 2266 mona-

2073 2300 2300 2356 sterium
2348 2301 2403 2355 S.
2455 2300 2693 2363 Martini,
2744 2301 2893 2369 quod
2941 2300 2998 2355 in
3051 2314 3111 2356 se
3157 2300 3477 2356 continebat
3524 2299 3721 2355 multas

2074 2404 2295 2460 quoque
2316 2395 2628 2445 sanctorum
2661 2394 2957 2460 martyrum
2991 2388 3272 2459 reliquias,
3306 2390 3585 2460 ingressus
3615 2394 3718 2444 est.

2071 2480 2307 2546 Quarum
2347 2478 2516 2549 igitur
2561 2478 2922 2547 impressione
2970 2485 3030 2533 ut
3059 2479 3274 2548 signum
3304 2482 3509 2533 sancta
3539 2477 3721 2532 crucis

2073 2568 2240 2623 fronti
2271 2582 2385 2623 suae
2425 2567 2694 2622 intentum
2745 2572 2850 2633 est,
2881 2580 2946 2621 ac
2975 2580 3042 2623 eo
3072 2580 3325 2637 regresso
3355 2566 3423 2621 ad
3455 2564 3721 2622 tumulum

2070 2657 2244 2713 sancti
2295 2654 2648 2721 confessoris,
2703 2656 2969 2711 continuo
3001 2656 3069 2711 ab
3099 2657 3217 2726 ipsa
3252 2656 3567 2711 inﬁrmitate
3614 2669 3721 2725 qua

2071 2745 2422 2801 detinebatur
2450 2751 2673 2800 curatus
2702 2750 2822 2809 est;
2856 2751 2912 2800 et
2941 2750 3132 2815 postea
3161 2760 3327 2801 sanus
3347 2750 3402 2801 et
3428 2743 3723 2801 incolumis

2076 2835 2295 2891 domum
2346 2835 2585 2900 rediens,
2636 2834 2743 2889 hoc
2793 2834 2968 2903 ipsum
3010 2834 3353 2899 miraculum,
3387 2834 3536 2904 quod
3569 2833 3625 2889 in
3663 2848 3722 2888 se

2072 2922 2274 2979 factum
2322 2922 2520 2992 fuerat,
2571 2937 2692 2979 cum
2742 2922 2951 2993 ingenti
3002 2921 3190 2978 laetitia
3228 2936 3377 2993 saepe
3407 2928 3462 2977 et
3493 2911 3718 2976 multum

2073 3013 2289 3069 solebat
2318 3010 2544 3068 referre.

343 3111 467 3167 dam
508 3112 907 3189 presbyterum,
948 3091 1170 3167 nomine
1208 3109 1555 3176 Druchwald,
1605 3111 1731 3181 quit
1749 3115 1804 3167 et
1824 3091 2053 3173 tantae
2145 3102 2235 3159 31.
2284 3102 2526 3170 Quodam
2567 3102 2755 3189 _etiam
2825 3108 3072 3173 tempore
3138 3099 3372 3171 contigit
3431 3098 3720 3170 quamdam

347 3200 660 3256 inﬁrmitate
707 3200 1060 3257 detinebatur
1096 3206 1156 3256 ut
1199 3200 1287 3256 vix
1317 3199 1448 3256 illuc
1478 3200 1559 3255 ire
1590 3206 1825 3269 poterat.
1858 3202 1992 3256 Item

345 3294 534 3359 postea
567 3303 689 3345 cum
740 3289 910 3344 abbas
952 3289 1022 3345 de
1065 3290 1251 3366 §wina
1289 3289 1509 3345 domum
1560 3289 1743 3345 redire
1782 3303 1992 3360 propo-

343 3380 473 3445 suit,
522 3385 717 3450 rogatu
774 3392 876 3435 suo
925 3378 1225 3435 Britbunus
1278 3378 1449 3434 abbas
1503 3379 1682 3449 ipsum
1721 3378 1992 3435 inﬁrmum

348 3468 747 3539 presbyterum,
807 3468 988 3523 donec
1045 3468 1340 3524 incolumis
1394 3467 1570 3533 ﬁeret,
1629 3467 1685 3522 in
1744 3468 1994 3524 custodia

346 3558 576 3627 recepit,
628 3564 684 3613 et
728 3557 961 3612 maxime
1011 3564 1241 3625 propter
1296 3556 1699 3611 invocationem
1758 3557 1998 3611 nominis

346 3648 399 3702 S.
430 3646 657 3701 Joannis
687 3651 853 3716 atque
890 3659 1152 3700 amorem.
1185 3646 1317 3700 Cum
1351 3657 1462 3714 quo
1494 3649 1549 3699 et
1579 3643 1697 3714 ipse
1728 3644 1899 3699 abbas
1927 3645 1996 3700 de

347 3737 526 3792 Swina
571 3735 861 3806 quemdam
926 3734 1220 3790 diaconum
1286 3748 1466 3800 suum,
1534 3733 1628 3804 qui
1698 3735 1998 3792 vocabatur

346 3825 518 3891 Adde,
570 3828 841 3895 quatenus
888 3827 1282 3893 procuraretur
1328 3823 1614 3888 attentius,
1656 3822 1994 3893 reliquerat;

348 3914 435 3969 cui
457 3913 601 3970 enim
622 3926 753 3969 vero
784 3912 954 3967 abbas
982 3912 1284 3967 Britbunus
1315 3911 1585 3967 Welwerd
1617 3912 1996 3982 presbyterum

348 4002 655 4068 addiderat,
697 4007 757 4057 ut
793 4000 912 4071 ipse
969 4000 1266 4055 inﬁrmanti
1333 4000 1661 4071 presbytero
1718 4000 1900 4056 omnia
1949 4000 2000 4057 ei

352 4090 700 4163 procurando
738 4089 1048 4145 necessaria
1094 4087 1471 4145 famularetur.
1503 4087 1659 4143 Tunc’
1684 4094 1864 4145 autem
1906 4091 2001 4160 qui

351 4180 727 4238 inﬁrmabatur
790 4178 1051 4235 sacerdos
1124 4178 1353 4250 rogabat
1426 4178 1603 4248 ipsum
1679 4177 1999 4235 Britbunum

426 4303 543 4376 (94)
575 4303 674 4376 ilic
705 4304 874 4376 estus.
906 4300 1195 4358 Wilfridus
1218 4301 1430 4372 junior,
1462 4303 1622 4372 cujus
1650 4302 1816 4358 vitam
1847 4302 2002 4359 dedi-

352 4373 533 4431 dimus
564 4375 634 4428 27
666 4373 890 4444 Aprilis.

2076 3190 2545 3252 sanctimonialem
2567 3182 2655 3246 'de
2694 3190 2890 3257 Esech,
2950 3192 3106 3260 cujus
3173 3203 3365 3245 manus
3423 3194 3723 3244 contracta:

2077 3289 2254 3348 erant,
2298 3281 2652 3350 membraque
2685 3279 2936 3334 universa
2984 3277 3355 3333 invaletudine
3393 3276 3722 3331 detineban-

2076 3378 2187 3438 tur,
2245 3370 2311 3426 ad
2370 3368 2545 3424 sancti
2604 3365 2940 3422 confessoris
2995 3365 3261 3421 tumulum
3310 3365 3618 3430 devenisse,
3659 3377 3723 3418 ac

2078 3462 2161 3517 sui
2210 3457 2450 3514 universi
2500 3454 2780 3525 languoris
2818 3454 2937 3509 sine
2986 3468 3138 3509 mora
3188 3454 3525 3509 curationem
3584 3452 3721 3507 inibi

2078 3549 2355 3617 recepisse
2404 3559 2503 3615 per
2540 3543 2989 3598 intercessionem
3021 3542 3196 3612 ipsius
3223 3543 3398 3598 sancti
3437 3540 3724 3597 Confessa-

2081 3639 2176 3694 ris.
2209 3635 2449 3692 Sanitate
2480 3632 2648 3703 igitur
2677 3637 2919 3701 recepta,
2953 3632 3070 3700 ipsa
3101 3630 3285 3685 multis
3317 3630 3629 3685 hominibus
3667 3630 3723 3684 in

2080 3727 2272 3784 eodem
2305 3725 2394 3779 die
2425 3736 2536 3793 quo
2562 3728 2751 3776 curata
2790 3726 2872 3775 est
2902 3718 3249 3789 propinando
3288 3718 3635 3785 ministravit,
3671 3726 3725 3774 et

2081 3818 2138 3873 in
2177 3830 2241 3871 ea
2289 3819 2477 3885 postea
2525 3810 2757 3865 sanitate
2806 3808 2992 3864 multis
3036 3809 3245 3864 vixerat
3291 3808 3469 3862 annis.
3499 3809 3568 3864 Et
3605 3808 3725 3864 haec

2083 3920 2184 3977 per
2230 3900 2681 3959 intercessionem
2730 3898 2893 3967 hujus
2938 3897 3114 3952 sancti
3152 3895 3486 3952 confessoris
3523 3895 3726 3952 ﬁebant

2083 3996 2151 4051 ad
2183 3993 2396 4049 laudem
2430 3998 2484 4046 et
2513 3989 2781 4044 honorem
2829 3986 3107 4042 Creatoris
3136 3986 3310 4041 nostri
3338 3987 3468 4041 Jesu
3495 3984 3723 4052 Christi,

2085 4084 2179 4154 qui
2226 4081 2357 4136 vivit
2402 4085 2457 4135 et
2504 4083 2697 4148 regnat
2741 4078 2885 4131 Deus
2932 4089 3033 4145 per
3078 4076 3262 4131 omnia
3298 4073 3501 4130 saacuIa
3548 4088 3727 4130 saecu-

2085 4173 2280 4229 lorum.

2084 4311 2215 4354 num
2243 4293 2350 4348 719
2379 4298 2434 4349 et
2476 4302 2715 4347 mensem
2745 4288 2968 4353 Julium,
3001 4293 3055 4342 et
3087 4286 3227 4341 ultra
3257 4290 3507 4341 octavum
3536 4285 3681 4339 diem
3706 4304 3721 4350 ;

2084 4368 2231 4426 unde
2260 4366 2327 4421 ad
2356 4364 2505 4420 hunc
2530 4361 2673 4417 diem
2700 4360 2735 4411 7
2766 4359 2887 4413 Maii
2912 4358 3040 4412 anni
3068 4355 3194 4417 721,
3241 4356 3330 4411 vix
3359 4356 3549 4426 decem
3580 4368 3727 4410 men-

559 4407 931 4517 Deda?
948 4445 1063 4517 Deo
1092 4443 1253 4511 digna
1280 4445 1671 4517 conversatione
1699 4443 1988 4517 complevit,
2009 4407 2063 4469 Β
2081 4407 3225 4517 ξζιξῇξιςθδδθιὶ
3255 4407 3728 4496 ἀδονάνέίιῖίῖέίῖίίι

350 4513 551 4575 omisSa
594 4513 862 4587 particula
899 4515 1009 4581 diu,
1061 4528 1162 4583 pro
1210 4528 1318 4587 qua
1372 4513 1712 4587 substituunt
1758 4516 1993 4571 Thomas

350 4590 517 4648 Stubs
562 4585 618 4644 et
660 4594 854 4643 auctor
882 4588 1018 4642 Vitae.
1047 4587 1102 4641 8.
1134 4585 1385 4641 Britbuni
1415 4589 1643 4656 quatuor
1672 4599 1858 4641 annos.
1891 4587 1990 4642 Ri-

353 4660 552 4717 cardus
607 4674 773 4714 annos
835 4663 940 4714 (res
985 4657 1219 4722 asserit;
1273 4662 1328 4712 at
1383 4669 1493 4713 non
1551 4657 1797 4726 integros
1852 4657 1995 4713 duos

354 4732 679 4802 reperimus.
720 4731 849 4785 Nam
886 4731 1033 4802 ,Easa
1073 4734 1290 4802 mortuo
1321 4741 1469 4802 anno
1482 4726 1620 4802 685,
1663 4733 1717 4802 et
1745 4726 1886 4802 forte
1924 4726 1994 4802 26

352 4799 627 4868 Octobris,
684 4801 898 4856 etiamsi
955 4799 1146 4869 paucis
1198 4799 1374 4855 solum
1439 4799 1635 4853 diebus
1691 4799 1996 4868 interjectis

353 4873 521 4931 fuerit
546 4873 834 4930 ordinatus
862 4873 1176 4942 episcopus,
1216 4878 1273 4926 et
1308 4871 1365 4942 in
1397 4869 1489 4942 illa
1518 4869 1994 4942 administratione

355 4945 719 5017 permanserit
761 4939 1070 5017 annos_33_,'
1104 4956 1319 5017 menses
1345 4941 1401 5010 8,
1435 4940 1554 4997 dies
1588 4939 1670 5017 l3,
1702 4949 1994 5017 antequam

356 5012 548 5074 relicta
576 5015 708 5073 sede
736 5014 988 5086 migravit
1026 5015 1394 5082 Beverlacum,
1437 5012 1755 5083 pervenitur
1792 5012 1860 5069 ad
1890 5027 1992 5069 an-

2074 4513 2291 4569 dicatur
2320 4508 2396 4562 ibi
2425 4505 2605 4560 adhuc
2634 4500 2724 4557 diu
2762 4500 3090 4570 perstitisse.

2146 4581 2252 4652 (96)
2300 4580 2431 4652 Quae
2479 4568 2786 4652 sequuntur
2819 4568 3102 4652 miracula,
3136 4575 3195 4625 ut
3224 4584 3292 4625 ex
3321 4582 3462 4625 novo
3492 4575 3724 4640 apparet

2075 4646 2327 4717 exordio,
2361 4646 2582 4704 aliunde
2613 4646 2826 4717 adjecta
2855 4650 3001 4717 sunt.

2150 4723 2253 4796 (97)
2272 4793 2282 4796 Α
2303 4711 2547 4796 Ᾱδιπιιὶεε
2574 4711 2907 4796 _Swiniensis
2934 4714 2989 4768 in
3022 4711 3521 4796 agronEboracensi
3568 4723 3725 4796 mgn-

2076 4779 2166 4853 tio‘
2204 4779 2515 4850 celebratur
2571 4789 2625 4843 in
2677 4786 2980 4842 monastico
3032 4779 3353 4853 Knglicano,
3397 4796 3520 4852 pag.
3568 4779 3723 4845 1026,

2076 4852 2165 4925 cui
2196 4881 2263 4922 ex
2293 4866 2399 4920 hoc
2432 4863 2555 4918 loco
2594 4859 2713 4928 ejus
2754 4856 3054 4928 antiquitas
3094 4852 3417 4928 adstruitur,
3450 4852 3725 4928 cumbae

2077 4922 2413 5008 contigerint
2456 4937 2583 4988 ante
2621 4922 2834 4985 annum
2882 4922 2991 4982 733
3037 4939 3174 5009 quo.
3205 4925 3506 4981 Britbunus
3556 4922 3727 4979 abbas

2079 5012 2242 5070 obiit.

1793 5305 2276 5365 WW'
