4106 6178
420 317 555 372 1179

1604 311 1930 367 FOLCABDI
1968 310 2315 375 OPUSCULA
2353 312 2571 369 DUBIA.

3654 316 3795 370 nso

1131 599 1583 687 CABMEN
1639 597 2192 685 FOLCARDI
2257 599 2401 683 DE
2472 597 2561 683 S.
2634 598 3044 686 VIGORE

1554 784 1821 851 (ACHERY,
1852 781 2041 854 Spicil.
2072 786 2184 838 vet.
2224 781 2316 838 ed.
2357 782 2444 849 IV,
2474 781 2627 854 576.)

411 1018 567 1073 Festa
597 1015 717 1071 dies
743 1014 919 1070 Patris
947 1011 1137 1069 rutilat
1164 1009 1492 1067 celebranda
1522 1010 1758 1082 Vigoris,

410 1106 622 1161 Patrem
652 1105 898 1174 Bajocas,
923 1116 1084 1173 quem
1113 1100 1336 1158 fratrem
1366 1099 1568 1171 gaudet
1592 1100 1842 1156 Atrebas.

410 1196 582 1264 Hujus
608 1198 763 1265 grata
792 1194 903 1249 Deo
927 1191 1186 1264 genitrix,
1208 1203 1478 1262 generosa
1506 1190 1694 1261 virago

408 1284 642 1354 Pignore
673 1282 741 1338 de
779 1287 932 1338 tanto
971 1281 1118 1351 capit
1146 1285 1421 1336 assertore
1451 1292 1695 1349 superno

407 1373 622 1440 Natum,
655 1385 817 1442 quem
847 1377 1044 1443 gestat,
1073 1370 1356 1427 benedixit
1379 1369 1503 1425 diva
1533 1373 1798 1439 potestas,

407 1462 759 1533 Sacravitque
787 1462 916 1532 sibi,
950 1466 1150 1518 cuncto
1181 1461 1416 1516 sacravit
1445 1464 1500 1515 et
1528 1459 1670 1516 orbi.

405 1553 661 1609 Nascitur
689 1565 821 1623 ergo
860 1565 997 1622 puer
1019 1549 1193 1607 forma
1221 1549 1526 1620 speciosus,
1560 1552 1615 1604 et
1645 1547 1784 1603 alter

407 1640 494 1696 Fit
529 1641 766 1708 Samuel,
800 1640 1028 1697 Domino
1059 1639 1369 1711 condignus
1406 1639 1474 1694 ab
1505 1651 1685 1708 ungue
1714 1635 1939 1692 tenello.

406 1730 639 1800 Moxque
672 1731 805 1800 jugo
833 1728 1049 1785 Domini
1088 1727 1364 1785 subclinat
1394 1726 1536 1782 lenia
1567 1725 1716 1790 colli,

405 1817 753 1888 lnferturque
782 1819 935 1890 gregi
965 1816 1266 1874 monachus
1294 1830 1433 1885 puer
1467 1813 1849 1871 Atrebatensi:

407 1907 708 1964 Proﬂciens
737 1908 953 1964 cunctis
982 1906 1254 1973 Patribus,
1288 1904 1522 1975 profecit
1549 1904 1617 1958 ab
1648 1903 1779 1970 illis,

409 1996 647 2067 inclytus
675 1995 769 2051 ille
800 2010 957 2066 puer,
989 1995 1203 2051 cunctis
1240 1994 1522 2064 subjectus
1551 1998 1797 2048 ovanter.

404 2088 518 2141 Jam
549 2084 827 2155 quoddam
858 2086 1033 2155 majus
1061 2084 1358 2141 meditatur
1386 2083 1493 2139 tiro
1522 2083 1737 2149 beatus,

404 2176 523 2231 Fiat
549 2181 609 2231 ut
638 2188 669 2230 a
697 2174 874 2244 patria
897 2173 1207 2245 peregrinis
1245 2186 1367 2229 cum
1398 2171 1728 2242 patriarcha.

2063 1011 2353 1072 AExsulat
2383 1026 2514 1084 ergo
2546 1011 2740 1083 procul
2769 1012 2860 1069 hic
2891 1012 3312 1071 seminiverbius
3341 1016 3517 1084 exsul,

2134 1101 2388 1157 Tendens
2417 1101 2485 1157 ad
2517 1101 2780 1173 populum
2809 1102 2916 1158 sibi
2942 1102 3161 1159 caelitus
3189 1104 3546 1173 insinuatum,

2134 1191 2276 1246 Urbs
2304 1196 2388 1246 est
2416 1191 2662 1260 Bajocas,
2695 1205 2855 1261 quam
2886 1193 3067 1263 prisca
3095 1194 3348 1249 Neustria
3377 1202 3675 1253 monstras.

2134 1281 2285 1335 Hanc
2313 1279 2427 1335 adit
2459 1285 2516 1334 ut
2547 1278 2745 1336 doceat
2774 1294 2914 1351 quos
2941 1281 3144 1352 impius
3174 1297 3333 1339 error
3362 1284 3623 1353 habebat,

2132 1368 2314 1424 Gratia
2343 1369 2604 1423 virtutum
2636 1368 2842 1424 Christi
2872 1369 3167 1426 comitatur
3193 1369 3490 1428 alumnum.

2131 1459 2373 1528 Quaeque
2438 1456 2694 1513 docendo
2742 1465 2968 1525 .monet,
3036 1459 3210 1531 signis
3266 1462 3493 1531 probat,
3563 1466 3790 1521 actibus

3543 1554 3784 1625 [implet.

2132 1636 2352 1692 Viribus
2381 1650 2684 1707 exsangues
2713 1637 3005 1708 reparavit,
3048 1637 3260 1710 depulit
3298 1655 3524 1714 angues,

2131 1724 2210 1779 Ad
2248 1738 2481 1795 superos
2507 1726 2619 1781 vita
2646 1724 2891 1782 functum
2920 1727 3059 1783 taxit
3086 1743 3251 1798 prece
3280 1729 3418 1787 fusa.

2131 1813 2229 1869 His
2256 1813 2496 1884 populus
2520 1815 2671 1883 visis,
2700 1830 2759 1871 se
2788 1816 2961 1873 sacris
2990 1816 3221 1875 devovet
3249 1819 3449 1889 undis;

2132 1904 2394 1973 Hancque
2423 1905 2534 1960 Deo
2565 1904 2774 1974 prolem
2806 1920 2905 1975 per
2932 1908 3074 1963 sacri
3103 1906 3272 1964 fontis
3296 1908 3590 1977 honorem,

2131 1994 2327 2048 Sancte
2357 1991 2543 2063 Vigor,
2575 2007 2845 2064 generas:
2877 2009 3063 2052 sacras
3100 1998 3190 2054 cui
3218 1997 3480 2055 solvimus
3509 2001 3672 2057 odas.

2097 2080 2492 2137 'Flammarum
2522 2080 2783 2147 domitor,
2815 2085 2909 2153 qui
2948 2085 3139 2141 mundi
3160 2088 3478 2157 comprimis
3506 2087 3688 2159 ignes,

2062 2157 2110 2216 Β
2130 2171 2207 2227 Ne
2238 2184 2340 2226 nos
2369 2177 2618 2240 exurant,
2660 2172 2902 2229 ﬂammas
2931 2188 3220 2245 compesce
3249 2157 3538 2247 gehennae.

768 2470 1643 2603 FOLGARDI
1759 2465 2695 2675 OPUSGULA
2799 2471 3390 2630 DUBIA.

1504 2803 1793 2901 VITA
1852 2803 1947 2909 S.
2007 2802 2661 2902 AUDOMARI

1666 3000 1950 3045 EPISCOPI
1986 3001 2489 3046 TERWENNENSIS

398 3139 665 3235 Scwjptq
728 3140 804 3205 ab
868 3151 1131 3206 auctore
1187 3158 1538 3235 anonymo,
1598 3137 1730 3235 qui
1790 3147 1944 3235 ante
2009 3136 2554 3235 qunimtno'rttm
2628 3139 2885 3235 cladem
2929 3142 3168 3235 uixisse
3214 3145 3478 3211 videtur
3508 3173 3532 3213 :
3584 3153 3783 3235 apud

485 3227 765 3294 Surium
812 3239 1165 3308 contracta,
1218 3240 1278 3293 et
1327 3228 1722 3317 interpolata
1767 3227 2039 3309 fortasse
2084 3226 2125 3290 ἀ
2172 3226 2503 3291 Folcardo
2550 3230 2869 3294 monacho
2916 3230 3286 3299 Sithivensi
3342 3238 3583 3302 swculo
3625 3226 3713 3305 ’Χῖ
3755 3260 3771 3317 ;

485 3318 785 3384 restituta
828 3320 923 3384 ad
969 3318 1431 3404 apographum
1480 3315 1868 3382 Corbeiense.

1120 3460 1292 3531 (Apud
1332 3461 1558 3515 ΜΑΒιιΑ.
1591 3460 1723 3514 Acta
1764 3458 1871 3515 SS.
1905 3455 2023 3511 0rd.
2066 3457 2128 3512 S.
2170 3457 2392 3526 Bened.,
2431 3460 2571 3516 Saac.
2614 3461 2682 3529 ll,
2717 3475 2841 3532 pag.
2874 3461 3024 3534 559.)

1410 3648 2044 3806 PROLOGUS
2100 3717 2674 3808 AUCTORIS.

465 3880 514 3936 1.
590 3884 817 3939 Domino
891 3886 1275 3956 omnipotenti,
1349 3899 1634 3943 munerum
1696 3883 2026 3954 spiritalium
2050 3869 2221 3949 Ctos,
2254 3886 2559 3959 eodemque
2589 3891 2788 3961 spiritu
2818 3868 3061 3964 repletos
3105 3896 3483 3966 apostolorum
3522 3897 3770 3954 vicarios

392 3982 817 4041 magnarumque
872 3974 1130 4029 virtutum
1196 3974 1465 4045 largitori,
1525 3973 1859 4044 multiplices
1901 3987 2030 4044 gra-

391 4057 497 4112 tias
546 4058 845 4129 laudesque
891 4062 1113 4117 sedulas
1168 4062 1353 4119 dicere
1410 4064 1694 4129 debemus,
1753 4063 1868 4133 qui,
1914 4075 2031 4117 om-

392 4146 541 4202 nium
590 4154 960 4205 creaturarum
1011 4149 1302 4206 visibilium
1352 4157 1407 4207 et
1443 4151 1795 4207 invisibilium
1824 4149 2033 4206 Condi-

391 4242 480 4291 tor
525 4242 579 4292 et
635 4237 972 4308 gubernator
1014 4239 1273 4307 existens,
1324 4240 1517 4296 Filium
1566 4254 1723 4296 suum
1772 4238 2029 4310 unigeni-

391 4334 505 4382 tum
534 4329 821 4385 Dominum
859 4338 1107 4386 nostrum
1144 4332 1328 4387 Jesum
1367 4331 1641 4387 Christum
1696 4330 1765 4386 ad
1820 4329 2034 4385 docen-

389 4416 488 4472 das
562 4416 1019 4490 redimendasque
1104 4420 1426 4491 omnigenas
1492 4426 1685 4491 gentes
1750 4419 1897 4475 misit
1960 4418 2056 4476 ad‘

388 4514 585 4574 terras,
617 4513 725 4563 etc.
757 4509 857 4575 Qui
887 4509 1104 4565 duobus
1142 4516 1197 4565 et
1245 4510 1436 4567 decem
1473 4509 1741 4580 apostolis
1766 4510 1834 4566 de
1871 4509 2030 4565 turba

389 4597 559 4653 totius
603 4598 822 4666 generis
868 4599 1088 4654 humani
1128 4599 1339 4666 electis,
1380 4599 1519 4656 alios
1555 4613 1776 4670 quoque
1805 4599 2031 4655 alterius

387 4687 600 4744 ordinis
644 4687 927 4758 sexaginta
957 4695 1013 4744 et
1041 4688 1182 4745 duos
1228 4689 1547 4760 regionibus
1577 4688 1717 4744 albis
1746 4703 1815 4744 ne
1845 4688 2028 4745 multae

386 4776 626 4846 operarii
654 4777 910 4834 deessent
941 4779 1105 4834 messi
1129 4778 1289 4849 jubet
1324 4780 1684 4849 Omnipotens
1726 4779 2030 4849 discipulos

386 4881 506 4923 esse
553 4881 703 4934 suos,
752 4866 963 4937 hosque
1002 4867 1059 4923 in
1105 4868 1390 4924 cmnaculo
1436 4869 1567 4924 Sion
1624 4874 1813 4924 sancto
1852 4869 2029 4939 spira-

387 4958 531 5012 mine
579 4956 841 5028 repletos,
884 4958 1236 5027 omniumque
1275 4957 1581 5029 linguarum
1612 4957 1846 5013 mirabili
1878 4958 2025 5015 dono

386 5046 608 5115 ditatos,
689 5046 758 5102 ad
832 5046 1113 5104 docendas
1177 5047 1639 5118 baptizandasque
1705 5049 2025 5119 omnigenas

384 5139 577 5203 gentes
620 5134 703 5191 ire
750 5134 1036 5206 praecepit,
1076 5139 1186 5190 etc.
1221 5135 1350 5190 Post
1380 5134 1483 5191 hos
1512 5140 1747 5205 postque
1777 5136 2022 5205 ipsorum

2115 3969 2171 4024 in
2229 3975 2483 4033 omnibus
2548 3980 2734 4036 mundi
2801 3982 3049 4051 partibus
3113 3999 3233 4041 esse
3289 3987 3588 4053 concessit,
3653 3996 3768 4044 etc.

2115 4062 2269 4119 Unde
2300 4066 2739 4126 occidentalibus
2791 4073 2978 4130 mundi
3019 4075 3287 4145 partibus,
3335 4076 3538 4133 divinis
3567 4093 3769 4134 mune-

2114 4152 2268 4209 ribus
2297 4155 2637 4226 decoratum,
2668 4160 2841 4231 signis
2877 4177 2941 4219 ac
2978 4164 3274 4221 virtutibus
3302 4166 3357 4222 in
3388 4167 3578 4224 multis
3608 4169 3770 4224 orbis

2116 4243 2362 4312 partibus
2400 4253 2588 4302 notum
2635 4249 3001 4308 Audomarum
3055 4255 3132 4324 (S.
3176 4254 3353 4327 Omer)
3389 4256 3766 4325 apostolicum

2114 4332 2337 4389 donavit
2383 4334 2688 4393 doctorem.
2747 4339 2878 4397 Ideo
2925 4349 3000 4409 te,
3048 4344 3192 4400 Deus
3237 4346 3609 4417 omnipotens,
3660 4362 3772 4418 per

2113 4422 2353 4493 gloriosa
2402 4426 2646 4495 ejusdem
2695 4430 2973 4498 pontiﬁcis
3014 4434 3321 4502 patrocinia
3368 4449 3661 4505 precamur
3698 4447 3767 4493 ut

2113 4511 2358 4583 largiﬂua
2397 4520 2506 4572 tua;
2550 4519 2837 4588 sapientia:
2886 4520 2957 4577 de
2997 4524 3253 4592 supernis
3298 4525 3501 4581 ﬂuenta
3546 4530 3771 4585 nostris

2113 4600 2243 4657 licet
2290 4604 2573 4662 maculatis
2618 4609 2893 4666 mentibus
2940 4624 3129 4675 rorare
3196 4615 3489 4683 concedas,
3547 4624 3632 4683 ut,
3687 4618 3765 4676 de

2112 4691 2247 4745 tanti
2295 4692 2396 4747 viri
2437 4695 2647 4752 meritis
2674 4704 2839 4769 atque
2868 4700 3163 4758 virtutibus
3190 4717 3315 4773 quae
3345 4717 3445 4775 per
3474 4704 3629 4761 illum
3663 4715 3765 4765 tua

2110 4779 2282 4849 gratia
2327 4783 2497 4853 gessit
2541 4786 2685 4843 scire
2732 4788 3001 4855 volentes,
3032 4791 3163 4849 licet
3209 4792 3279 4849 de
3328 4794 3538 4866 magnis
3588 4811 3766 4866 parva

2109 4881 2172 4924 ac
2222 4868 2290 4925 de
2330 4870 2516 4928 multis
2562 4888 2735 4943 pauca
2762 4876 3087 4947 depromere
3118 4882 3409 4951 possimus.
3441 4883 3576 4951 Quis
3606 4886 3765 4943 enim

2108 4958 2481 5027 quotidianam
2529 4964 2648 5033 ejus
2696 4969 3165 5025 conversationem
3213 4977 3379 5043 atque
3409 4973 3465 5028 in
3496 4974 3592 5030 Dei
3636 4992 3762 5033 ser-

2106 5045 2238 5103 vitio
2278 5052 2661 5120 constantiam,
2712 5059 3050 5127 cunctosque
3099 5058 3316 5116 labores
3363 5075 3506 5131 quos
3549 5064 3611 5121 in
3660 5080 3760 5124 oc-

2107 5137 2277 5204 culto,
2326 5141 2437 5197 Deo
2484 5146 2695 5201 tantum
2742 5151 2901 5214 teste,
2943 5154 3203 5218 operatus
3249 5157 3352 5215 est,
3400 5152 3544 5211 scire
3579 5161 3755 5229 atque

384 5237 732 5282 successores
775 5223 916 5280 alios
959 5223 1211 5280 homines
1246 5223 1402 5294 agios
1444 5225 1539 5281 Dei
1584 5226 1760 5295 gratia
1805 5225 2081 5296 praedi-D
2100 5239 2320 5286 narrare
2349 5235 2571 5302 potest?

1822 5456 2301 5515 mutnan
