4106 6178
316 352 441 406 1181

1670 359 1820 416 VITA
1858 361 1912 415 S.
1953 361 2319 416 AUDOMARI.

3540 367 3674 422 1182

1366 580 2042 712 INCIPIT
2149 584 2612 715 VITA.

374 820 430 874 2.
466 819 566 876 Hic
615 820 785 892 igitur
831 822 988 893 agius
1036 823 1282 892 pontifex
1329 825 1672 882 Audomarus
1701 833 1756 884 et
1785 827 2178 888 nobi-Aenim
2246 834 2428 885 mente
2485 837 2669 886 castus
2728 838 2783 887 et
2841 845 3096 902 corpore,
3155 831 3471 888 obedientia
3509 837 3675 902 atque

305 909 452 966 libus
495 916 550 965 et
596 909 819 981 inclytis
856 911 1157 968 secundum
1206 914 1395 970 saculi
1445 915 1768 986 dignitatem
1807 922 1863 972 et
1892 918 1948 972 in

307 997 412 1055 ﬁde
444 997 717 1054 catholica
764 999 997 1056 eruditis
1045 1005 1202 1057 ortus
1247 1001 1349 1058 fuit
1380 1005 1702 1073 parentibus
1734 1005 1854 1076 (98)
1892 1006 1946 1061 in

304 1087 762 1144 Constantinense
821 1090 1068 1160 regione,
1147 1106 1250 1148 nec
1319 1092 1483 1165 longe
1539 1109 1568 1149 a
1633 1096 1952 1151 Constantia

309 1178 618 1248 (Constance
646 1177 713 1233 ad
754 1178 1024 1246 Rhenum)
1082 1182 1322 1249 civitate,
1371 1189 1426 1238 et
1454 1184 1509 1238 in
1542 1197 1608 1239 eo
1637 1184 1954 1254 specialiter

305 1267 429 1323 loco
495 1267 590 1336 qui
654 1269 1036 1324 Aurea-Vallis
1105 1272 1358 1341 (Imperio
1423 1273 1584 1343 vulgo
1643 1272 1954 1342 Gutdindal)

304 1362 550 1436 vocatur,
610 1364 772 1412 natus
828 1363 932 1414 est.
990 1359 1216 1416 Genitor
1269 1374 1399 1417 vero
1449 1363 1611 1432 hujus
1649 1363 1794 1419 inter
1821 1378 1952 1420 suos

307 1446 487 1502 clarus
517 1445 755 1502 Friulfus
799 1448 1137 1516 vocabatur;
1171 1450 1405 1506 Domitta
1446 1458 1626 1508 autem
1677 1468 1775 1508 sua
1804 1468 1955 1509 nun-

307 1542 502 1604 cupata
572 1534 674 1591 fuit
748 1537 1007 1607 genitrix.
1070 1539 1133 1594 lli
1191 1553 1321 1595 vero
1387 1541 1630 1612 religiosi
1696 1549 1954 1612 parentes

195 1656 216 1666 ς
308 1623 630 1694 pradictum
680 1638 909 1694 puerum
957 1627 1259 1683 secundum
1308 1629 1636 1687 Christiana
1668 1633 1953 1704 religionis

305 1728 336 1768 a
366 1713 654 1770 cunabulis
701 1715 865 1770 ritum
915 1716 1098 1772 divina
1127 1718 1302 1788 gratia
1331 1719 1660 1790 suﬁ'ragante
1691 1722 1745 1777 in
1777 1723 1954 1779 eccle-

305 1803 542 1858 siasticis
581 1804 899 1861 nutriebant
945 1806 1256 1876 disciplinis
1299 1829 1310 1864 :
1355 1811 1576 1866 unicum
1637 1813 1781 1867 enim
1837 1816 1952 1868 Au-

221 1956 226 1959 ,
306 1892 588 1948 domarum
637 1893 914 1950 habebant
961 1895 1152 1950 ﬁlium.
1202 1897 1441 1953 Friulfus
1486 1914 1616 1956 vero
1649 1908 1773 1970 post
1803 1916 1950 1972 pra-

307 1981 470 2037 dicta
509 1983 764 2053 conjugis
803 1999 917 2040 sua
948 1985 1181 2052 obitum,
1216 1993 1271 2041 et
1301 2001 1473 2056 puero
1505 1995 1667 2045 atate
1697 1997 1751 2045 et
1777 1991 1951 2060 gratia

306 2077 611 2138 crescente,
660 2073 810 2128 suavi
845 2075 979 2145 jugo
1025 2075 1228 2131 Christi
1267 2091 1331 2132 ac
1379 2077 1504 2144 levi,
1541 2078 1723 2134 divina
1772 2078 1950 2134 famu-

2034 915 2339 972 humilitate
2411 917 2666 986 refertus,
2728 921 2785 976 in
2851 920 3034 976 divina
3108 921 3339 976 scientia
3403 921 3673 987 eruditus,

2035 1003 2300 1061 charitate
2358 1013 2413 1062 et
2469 1008 2886 1064 mansuetudine
2936 1008 3151 1079 plenus,
3195 1008 3462 1064 districtis
3491 1009 3676 1078 parci-

2034 1094 2233 1150 monia
2263 1096 2560 1166 castigatus
2601 1098 2848 1166 jejuniis,
2900 1097 3130 1168 prolixis
3175 1098 3417 1154 noctium
3451 1097 3678 1168 pervigil

2034 1183 2303 1252 excubiis,
2348 1185 2531 1241 sciens
2561 1186 2709 1256 quod
2751 1188 3017 1257 scriptum
3048 1194 3132 1243 est
3165 1208 3177 1242 :
3208 1188 3362 1242 Beati
3389 1193 3506 1242 sunt
3543 1188 3682 1242 servi

2032 1271 2110 1327 illi
2155 1289 2302 1344 quos,
2361 1289 2476 1329 cum
2530 1275 2724 1331 venerit
2781 1276 3050 1342 Dominus,
3107 1277 3358 1332 invenerit
3405 1276 3680 1346 vigilantes

2037 1364 2179 1432 tLuc.
2207 1378 2310 1430 xu,
2338 1362 2451 1434 37).

2104 1450 2160 1503 4.
2230 1451 2436 1507 Dehinc
2494 1454 2553 1506 B.
2629 1453 2924 1510 Audomari
2984 1453 3123 1509 fama
3181 1469 3279 1524 per
3336 1454 3503 1510 multa
3560 1454 3681 1510 loca

2033 1538 2253 1610 vulgata
2303 1555 2476 1611 usque
2523 1542 2591 1598 ad
2640 1543 2933 1613 Dagoberti
2981 1546 3313 1600 Francorum
3353 1545 3499 1614 regis
3529 1545 3680 1599 noti-

2035 1628 2161 1683 tiam
2218 1631 2504 1700 pervenit;
2555 1633 2820 1689 abscondi
2868 1634 3014 1689 enim
3078 1647 3189 1689 non
3246 1641 3428 1704 potest
3490 1633 3681 1689 civitas

2035 1732 2202 1788 super
2231 1727 2468 1776 montem
2502 1723 2681 1790 posita
2719 1724 2931 1788 (Matth.
2964 1738 3016 1788 v,
3056 1722 3156 1793 l4).
3189 1723 3463 1787 Posthac,
3496 1722 3682 1777 multis

2034 1807 2527 1865 intervenientibus
2574 1812 2752 1879 annis,
2804 1827 2834 1866 a
2897 1813 3354 1868 reverendissimo
3413 1811 3679 1880 praedicto

2035 1897 2287 1966 principe
2337 1899 2670 1968 Dagoberto,
2722 1907 2777 1955 et
2822 1901 2890 1954 ab
2923 1901 3072 1955 omni
3103 1901 3435 1956 Francorum
3475 1903 3680 1968 populo

2033 1992 2278 2051 vocatus,
2309 1987 2364 2040 8.
2396 1987 2630 2042 Achario
2661 1988 3024 2044 Noviomense
3055 1989 3318 2058 episcopo
3351 1987 3679 2058 opitulante,

2033 2075 2101 2130 ad
2152 2075 2461 2132 docendum
2511 2084 2675 2148 atque
2728 2078 2794 2132 ad
2849 2079 3265 2149 gubernandum
3305 2079 3683 2134 Terwanensis

305 2161 451 2216 laute
507 2162 906 2230 misericordia,
967 2179 1088 2220 cum
1155 2164 1500 2223 confortante
1556 2183 1620 2223 ac
1676 2163 2184 2225 suadenteBurbis
2251 2165 2533 2233 populum,
2615 2167 2985 2236 episcopalem
3042 2182 3166 2223 cum
3223 2182 3414 2238 magna
3481 2167 3681 2222 mentis

304 2250 615 2307 Audomaro
647 2251 759 2308 ﬁlio
790 2266 891 2308 suo
922 2267 980 2309 se
1010 2253 1248 2310 subdere
1278 2255 1508 2311 studuit.

375 2339 430 2394 3.
486 2341 658 2397 Ambo
709 2342 898 2412 igitur,
943 2344 1164 2412 genitor
1229 2343 1485 2400 videlicet
1543 2344 1780 2401 Friulfus
1827 2359 1949 2400 cum

305 2428 466 2484 beato
499 2428 611 2484 ﬁlio
643 2443 744 2488 suo
789 2429 1124 2498 Audomaro,
1158 2432 1450 2501 implentes
1479 2433 1629 2503 quod
1683 2433 1948 2504 scriptum

305 2523 388 2572 est
419 2537 432 2572 :
477 2517 642 2584 Vade,
666 2524 716 2574 et
745 2520 908 2574 vende
927 2521 1099 2575 omnia
1121 2535 1234 2591 qua:
1252 2521 1433 2586 habes,
1449 2528 1498 2578 et
1521 2523 1591 2577 da
1609 2523 1948 2594 pauperibus,

306 2610 355 2660 et
383 2607 537 2673 veni;
578 2623 796 2680 sequere
826 2624 923 2676 me,
947 2615 996 2664 et
1026 2608 1239 2664 habebis
1275 2612 1432 2666 vitam
1461 2616 1706 2666 (sternam
1741 2613 1948 2681 (Matth.

307 2709 417 2762 xtx,
461 2694 574 2763 21),
608 2697 813 2754 mundo
844 2699 1066 2765 mortui,
1115 2701 1228 2756 Deo
1277 2700 1402 2765 vivi,
1454 2700 1678 2756 caducis
1733 2702 1948 2770 inopes,

308 2785 644 2852 perennibus
695 2785 1020 2856 locupletes,
1055 2788 1165 2843 Deo
1215 2788 1444 2853 subditi,
1496 2789 1717 2846 diabolo
1766 2790 1950 2845 rebel-

306 2874 408 2942 les,
486 2883 667 2932 mente
737 2878 967 2941 similes,
1035 2885 1195 2934 atate
1271 2880 1539 2950 dispares,
1615 2881 1683 2936 ad
1749 2882 1951 2938 Christi

309 2963 539 3019 militum
589 2980 882 3035 perrexere
911 2968 1224 3024 canobium
1273 2969 1421 3039 quod
1468 2968 1678 3026 famoso
1731 2971 1952 3026 nomine

307 3059 534 3109 vocatur
601 3055 920 3123 Luxovium,
981 3058 1240 3128 quodque
1307 3074 1338 3114 a
1402 3065 1606 3116 sancta
1673 3062 1949 3117 memoria

307 3143 648 3201 llibernense
678 3146 796 3202 viro
836 3149 894 3202 Β.
927 3147 1265 3205 Columbano
1295 3149 1491 3205 abbate
1531 3151 1586 3205 in
1622 3151 1950 3222 Burgundia

306 3233 530 3303 regione
597 3236 653 3289 iu
722 3236 817 3290 Dei
892 3237 1114 3294 nomine
1182 3237 1284 3293 fuit
1362 3237 1668 3296 fundatum.
1746 3243 1948 3298 Sancto

306 3322 474 3392 igitur
500 3324 751 3380 Austasio
799 3325 996 3382 abbate
1045 3327 1139 3397 qui
1188 3333 1318 3383 tunc
1359 3328 1414 3383 in
1457 3330 1725 3399 pradicto
1758 3345 1953 3387 mona-

307 3415 476 3470 sterio
523 3421 728 3472 sancta
777 3423 941 3488 atque
981 3418 1155 3476 beata
1185 3420 1579 3477 monachorum
1611 3422 1951 3478 multitudini

2034 2252 2339 2307 humilitate
2386 2253 2619 2323 sumpsit
2666 2255 2934 2311 honorem
2968 2272 2981 2310 :
3015 2256 3069 2311 in
3103 2269 3213 2325 quo
3253 2256 3424 2326 gradu
3454 2255 3678 2310 verbum

2032 2341 2273 2396 divinum
2322 2341 2377 2395 in
2427 2342 2595 2398 corda
2634 2344 2976 2400 credentium
3029 2345 3326 2411 seminans,
3377 2345 3677 2400 animarum

2032 2443 2438 2499 corporumque
2495 2430 2788 2502 languores
2861 2447 3080 2501 curans,
3140 2434 3388 2503 captivos
3440 2432 3682 2488 vincula-

2034 2524 2238 2588 tosque
2270 2519 2566 2586 redimens,
2599 2521 2882 2578 viduarum
2914 2523 3249 2594 inopumque
3281 2537 3394 2593 pra
3425 2522 3682 2578 omnibus

2034 2623 2220 2664 curam
2269 2622 2488 2679 gerens,
2531 2610 2746 2679 plebem
2797 2612 2903 2666 sibi
2943 2627 2974 2666 a
3013 2613 3243 2669 Domino
3274 2612 3538 2668 creditam
3577 2612 3682 2667 rite

2032 2697 2394 2768 gubernabat.
2436 2699 2742 2754 Pradictus
2798 2700 2966 2771 igitur
3013 2703 3391 2757 Terwanensis
3446 2701 3683 2771 populus

2035 2788 2165 2843 licet
2211 2795 2339 2842 ante
2377 2787 2666 2844 adventum
2718 2791 2777 2845 B.
2828 2790 3122 2846 Audomari
3162 2807 3192 2845 a
3230 2791 3398 2846 sociis
3435 2791 3680 2861 Dionysii

2035 2878 2306 2947 martyris,
2375 2878 2646 2934 Fusciano
2695 2878 2952 2934 videlicet
3000 2887 3055 2934 et
3104 2879 3401 2944 Victorico,
3453 2878 3681 2934 verbum

2034 2966 2241 3021 audivit
2288 2965 2552 3034 divinum,
2609 2968 2804 3023 eodem
2855 2974 3103 3039 tempore
3151 2982 3262 3039 quo
3301 2972 3354 3024 8.
3387 2968 3682 3035 Quintinus

2036 3056 2094 3111 in
2121 3056 2484 3113 Ambianense
2525 3057 2862 3127 pradicabat
2894 3059 3069 3126 urbe;
3101 3059 3257 3114 multi
3289 3064 3470 3114 tamen
3499 3057 3680 3114 adhuc

2037 3161 2104 3202 ex
2151 3147 2287 3217 ipsis
2342 3148 2797 3204 'l‘erwanensibus
2854 3148 3026 3204 cultui
3093 3149 3452 3206 adharebant
3506 3148 3683 3204 idolo-

2037 3250 2178 3292 rum.
2201 3238 2493 3307 Postquam
2515 3238 2660 3294 enim
2686 3239 2795 3295 duo
2816 3239 2961 3293 beati
2984 3239 3086 3294 viri
3109 3239 3361 3309 pradicti
3381 3240 3682 3295 Fuscianus

2036 3332 2092 3381 et
2124 3326 2430 3382 Victoricus
2476 3327 2544 3384 de
2585 3327 2852 3398 pradicta
2891 3329 3332 3384 Terwanensium
3364 3329 3498 3384 urbe
3548 3342 3684 3397 per-

2039 3422 2320 3483 rexerunt,
2343 3424 2399 3471 et
2428 3417 2484 3471 in
2514 3417 2959 3472 Ambianensium
2990 3418 3208 3472 civitate
3230 3418 3490 3487 martyrio
3520 3429 3682 3472 coro-

308 3511 561 3574 praeerat,
609 3506 954 3563 Audomarus
1009 3524 1131 3564 cum
1183 3524 1284 3566 suo
1332 3512 1664 3568 unanimiter
1700 3513 1950 3582 genitore
1972 3494 2014 3554 C
2039 3506 2150 3560 uati
2180 3511 2327 3570 sunt,
2363 3511 2492 3560 tunc
2533 3506 2923 3562 Terwanenses
2951 3505 3018 3560 ad
3051 3506 3319 3561 culturam
3357 3507 3554 3561 iterum
3585 3519 3678 3560 re-

310 3594 568 3665 religiosa
613 3594 1096 3652 manifestaverunt
1143 3599 1438 3666 desideria,
1479 3607 1775 3670 sequentes
1803 3602 1951 3671 quod

307 3685 572 3754 scriptum
619 3691 745 3740 est:
797 3688 1074 3756 Interroga
1108 3693 1314 3759 patrem
1345 3694 1508 3757 tuum,
1539 3696 1586 3744 et
1625 3691 1952 3746 annuntiabit

303 3773 414 3840 tibi,
465 3779 513 3829 et
571 3775 795 3844 majores
853 3781 988 3842 tuos,
1027 3781 1075 3830 et
1124 3777 1293 3832 dicent
1324 3777 1417 3833 tibi
1469 3781 1641 3843 (Deut.
1676 3795 1842 3847 χχχιι,
1875 3781 1947 3849 7).

307 3864 538 3918 Sanctus
594 3876 725 3919 vero
790 3865 1074 3920 Austasius
1131 3879 1227 3921 eos
1300 3867 1395 3921 Dei
1470 3881 1656 3923 amore
1722 3869 1952 3938 ﬂagrare

307 3966 562 4019 cernens,
613 3959 668 4008 et
715 3954 770 4008 in
821 3955 878 4008 Β.
927 3953 1221 4009 Audomari
1250 3955 1401 4010 vultu
1432 3963 1487 4010 et
1513 3957 1696 4011 verbis
1723 3959 1951 4027 gratiam

308 4057 650 4112 cognoscens
697 4058 817 4098 esse
868 4043 1126 4110 divinam,
1178 4045 1397 4100 salubre
1445 4053 1608 4115 atque
1650 4047 1950 4116 perfectum

304 4131 605 4187 secundum
655 4147 826 4188 sacra
876 4134 1176 4204 Scriptura
1236 4136 1618 4190 auctoritatem
1669 4137 1952 4205 pradictis

311 4222 402 4276 Dei
432 4221 649 4276 famulis
678 4222 832 4277 dedit
874 4223 1186 4291 consilium,
1219 4225 1457 4280 suadens
1485 4225 1743 4282 videlicet
1777 4229 1950 4282 utris-

305 4325 411 4381 que
451 4311 748 4382 aliquando
796 4312 978 4377 simul,
1034 4313 1332 4383 aliquando
1379 4317 1697 4384 separatim,
1751 4323 1808 4371 ut
1847 4317 1948 4372 sub

307 4400 544 4472 regulari
575 4401 866 4471 disciplina
913 4416 1099 4457 secum
1144 4403 1199 4458 in
1239 4403 1332 4459 Dei
1382 4414 1799 4474 perseverarent
1828 4421 1950 4462 ser-

304 4490 456 4546 vitio.
502 4491 674 4546 Ambo
724 4490 893 4562 igitur
911 4490 1106 4546 divino
1155 4492 1412 4547 ardentes
1448 4507 1654 4552 amore.
1686 4496 1953 4564 spiritalis

307 4579 484 4633 Patris
556 4579 793 4634 Austasii
869 4585 1167 4648 sequentes
1207 4580 1552 4657 “consilium,
1620 4582 1722 4636 sub
1779 4597 1950 4638 sacra

308 4668 512 4739 regula
551 4670 740 4739 jugum
791 4676 973 4724 mente
1005 4668 1200 4724 devota
1241 4683 1299 4724 se
1348 4669 1722 4739 subjecerunt.
1756 4673 1952 4728 Beatus

307 4759 475 4828 igitur
502 4758 787 4813 Austasius
815 4758 1083 4814 immenso
1103 4757 1304 4829 gaudio
1336 4758 1599 4829 repletus,
1633 4774 1729 4816 eos
1758 4769 1948 4817 sancto

2036 3595 2179 3649 versi
2217 3600 2345 3648 sunt
2392 3593 2692 3649 idolorum.
2724 3595 2844 3648 Non
2885 3593 3062 3650 solum
3093 3596 3238 3650 enim
3268 3595 3323 3650 hi
3354 3595 3448 3664 qui
3481 3609 3678 3651 nomen

2035 3683 2249 3738 Domini
2299 3689 2460 3738 antea
2490 3683 2739 3752 recipere
2771 3683 3087 3748 noluerunt,
3121 3684 3217 3739 sed
3249 3685 3413 3740 etiam
3443 3685 3499 3740 hi
3524 3685 3618 3754 qui
3648 3699 3679 3739 a

2038 3773 2319 3842 pradictis
2364 3773 2617 3828 Patribus
2672 3771 2894 3828 fuerunt
2969 3773 3248 3843 baptizati,
3315 3774 3432 3844 pari
3489 3787 3680 3830 errore

2035 3862 2186 3918 ducti
2217 3862 2365 3918 idola
2413 3862 2689 3918 colebant.
2733 3865 2984 3918 Summus
3013 3863 3182 3933 igitur
3211 3863 3509 3933 pradictus
3551 3877 3683 3932 pon-

2034 3951 2167 4007 tifex
2197 3951 2539 4007 Audomarus
2568 3951 2814 4006 eamdem
2844 3953 3126 4023 ingressus
3154 3953 3366 4020 urbem,
3399 3951 3680 4008 salutifera

2034 4041 2204 4096 divini
2235 4041 2385 4096 verbi
2437 4047 2714 4110 pracepta
2759 4041 2980 4097 stolidis
3033 4055 3368 4113 paganorum
3415 4042 3680 4098 cordibus

2034 4129 2283 4196 tradidit,
2339 4128 2592 4199 ferasque
2649 4144 2839 4186 eorum
2880 4139 3093 4187 mentes
3144 4132 3303 4188 tetris
3354 4133 3682 4202 ignorantia

2035 4220 2363 4291 caliginibus
2413 4227 2646 4275 cacatas
2695 4221 2847 4291 largo
2896 4222 3172 4292 Evangelii
3222 4221 3427 4277 lumine
3481 4221 3686 4277 illumi-

2033 4311 2202 4375 navit,
2253 4323 2498 4378 vanaque
2544 4309 2834 4364 simulacra
2883 4311 3215 4366 destruenda
3266 4313 3377 4381 igni
3432 4309 3679 4375 tradidit,

2034 4399 2469 4470 sacrilegamque
2512 4398 2785 4453 idolorum
2835 4399 3102 4454 culturam
3152 4401 3208 4453 in
3249 4398 3513 4466 pradicta
3543 4397 3680 4452 urbe

2035 4488 2281 4544 funditus
2318 4490 2535 4556 evertit,
2587 4501 2915 4556 omnemque
2946 4488 3003 4542 in
3038 4502 3102 4542 ea
3141 4487 3475 4542 habitantem
3508 4500 3684 4556 popu-

2035 4576 2144 4630 lum
2210 4575 2278 4630 ad
2344 4576 2504 4632 ﬁdem
2582 4576 2853 4632 convertit
2924 4575 3270 4642 catholicam,
3331 4575 3512 4630 divina
3574 4575 3681 4629 sibi

2033 4665 2363 4736 suffragante
2427 4666 2654 4737 gratia:
2723 4665 2871 4722 omni
2936 4666 3081 4720 enim
3148 4665 3400 4734 operanti
3475 4665 3681 4721 bonum

2037 4756 2201 4826 (Rom.
2243 4771 2302 4822 ιι,
2360 4754 2438 4826 10)
2496 4758 2640 4810 Deus
2696 4762 3046 4825 cooperatur.
3105 4756 3169 4812 Si
3220 4755 3386 4819 enim,
3443 4760 3681 4810 testante

309 4846 700 4902 monachorum
755 4847 1038 4902 consortio
1087 4848 1392 4916 conjunxit.
1435 4848 1640 4903 Dehinc.
1671 4852 1725 4904 S.
1759 4830 2324 4914 Audo-DApostolo,
2394 4848 2531 4900 Deus
2593 4859 2692 4916 pro
2766 4844 2932 4912 nobis,
2991 4845 3107 4915 quis
3162 4849 3343 4900 contra
3401 4858 3496 4899 nos
3553 4842 3684 4898 est?

307 4949 490 4990 marus
545 4936 781 5005 spiritali
856 4936 1031 5006 gratia
1108 4938 1328 5005 plenus,
1391 4943 1552 4992 atate
1610 4945 1787 5006 tener,
1845 4940 1950 4996 ﬁde

310 5025 588 5092 robustus,
648 5025 902 5080 districto
959 5025 1162 5096 regula
1228 5027 1398 5096 rigori
1472 5027 1747 5094 subditus,
1809 5029 1954 5085 inter

310 5114 490 5184 agium
521 5113 912 5169 monachorum
954 5114 1213 5183 populum
1245 5113 1346 5169 fuit
1372 5114 1632 5182 imbutus,
1665 5118 1951 5174 omnibus-

311 5217 419 5274 que
456 5203 660 5260 Christi
708 5203 973 5259 militibus
1020 5204 1076 5258 in
1131 5204 1399 5274 pradicto
1430 5207 1764 5263 monasterio
1795 5208 1954 5263 habi-

313 5291 577 5360 tantibus,
612 5291 795 5348 divina
839 5291 1107 5348 suadente
1155 5293 1349 5363 gratia,
1382 5293 1633 5350 amabilis
1674 5294 1795 5352 fuit.
1831 5299 1958 5353 Erat

388 5415 495 5499 {98)
551 5419 607 5499 8ἶ
665 5415 1686 5499 Audomari“consanguineusdicitur
1723 5421 1954 5499 quipq-

313 5487 522 5558 putaris
560 5489 680 5558 ejus
724 5487 827 5544 fuit
873 5489 927 5543 S.
979 5487 1266 5556 Bertinus;
1309 5505 1416 5560 qua
1445 5491 1514 5546 de
1546 5506 1603 5548 re
1631 5493 1687 5548 in
1717 5487 1867 5549 Actis
1896 5496 1951 5550 S.

313 5560 519 5634 Bertini
567 5560 774 5634 saculo
826 5559 1164 5634 insequenti.
1209 5559 1376 5634 Addit
1419 5564 1657 5619 Joannes
1703 5563 1772 5618 de
1832 5566 1952 5634 lpra

313 5646 410 5688 seu
439 5632 652 5703 lperius
679 5632 848 5688 abbas
875 5631 1199 5688 Sithivensis
1228 5633 1282 5688 in
1312 5633 1518 5690 Chron.
1567 5649 1666 5690 ms.
1700 5631 1948 5705 quod'ad

2037 4936 2206 5004 (Rom.
2240 4949 2359 5001 vui,
2391 4933 2510 5003 31.)

2103 5024 2158 5076 5ο
2192 5025 2484 5092 Postquam
2533 5037 2662 5079 vero
2713 5022 3034 5093 pradictam
3075 5021 3289 5092 plebem
3339 5022 3406 5078 ad
3437 5022 3551 5078 veri
3582 5020 3677 5077 Dei

2036 5111 2240 5167 cultum
2273 5111 2533 5182 pratatus
2573 5111 2816 5183 pontifex
2860 5112 3150 5179 convertit,
3183 5112 3406 5168 verbum
3436 5110 3678 5168 divinum

2039 5203 2500 5258 concurrentibus
2536 5203 2602 5258 ad
2635 5217 2757 5259 eum
2806 5203 3050 5273 undique
3093 5202 3448 5273 pradicando
3479 5203 3676 5269 turbis,

2039 5290 2351 5364 multosque
2381 5293 2438 5348 in
2477 5293 2573 5348 Dei
2617 5293 2838 5348 nomine
2885 5292 3050 5348 variis
3078 5291 3365 5349 liberando
3404 5291 3682 5363 languori-

2039 5431 2240 5473 annum
2331 5416 2466 5471 1295
2545 5416 2821 5487 perduxit,
2886 5416 3254 5474 Audomarum
3319 5417 3376 5472 in
3441 5417 3679 5488 quodam

2039 5489 2406 5546 instrumento
2460 5489 2640 5545 Caroli
2687 5489 2860 5560 Magni
2919 5490 3384 5560 consanguineum
3442 5490 3511 5544 ab
3559 5491 3680 5560 ipso

2037 5561 2370 5631 imperatore
2397 5560 2686 5631 appellari.
