4106 6178
404 265 538 319 1183

1599 266 1920 321 FOLCARDI
1959 262 2305 322 OPUSCULA
2342 260 2563 316 DUBIA.

3640 260 3781 314 1184

396 391 518 456 bus,
555 405 870 460 magnarum
900 389 1005 445 sibi
1044 390 1198 460 signa
1246 389 1506 445 virtutum
1553 389 1770 459 largitio
1819 386 2390 455 conces-Anipotens
2425 391 2645 440 ventum
2701 383 2781 438 illi
2841 383 3157 440 concedens
3211 391 3418 454 aptum,
3488 386 3781 443 mitescere

397 480 469 534 sit
499 479 701 544 divina,
743 478 813 534 de
853 479 1054 548 quibus
1084 492 1229 533 nunc
1258 478 1534 547 almigeris
1563 477 1713 534 illius
1750 480 2046 536 virtutibus

397 569 743 636 subsequens
800 581 1002 630 sermo,
1052 566 1268 622 Christo
1330 566 1564 632 favente,
1622 581 1793 635 pauca
1835 569 2042 639 depro-

399 671 547 714 mere
581 661 859 725 properat.
907 655 1145 722 Quadam
1196 669 1325 710 vero
1373 656 1461 712 die
1501 656 1843 712 Audomarus
1882 673 2043 729 egre-

397 747 520 818 gius
575 747 776 802 Christi
816 743 1101 800 confessor
1159 745 1215 800 in
1257 746 1501 801 Bononia
1543 745 1648 816 (99)
1697 748 1831 803 urbe
1864 763 2044 818 perse-

397 849 612 901 verans,
682 840 807 903 post
872 840 1172 889 nocturnas
1266 835 1477 904 vigilias
1569 834 1813 890 diluculo
1891 849 2044 891 more

399 925 562 981 solito
629 936 880 993 surgens,
923 923 979 977 in
1019 922 1308 979 ecclesiam
1348 924 1570 979 intravit
1627 938 1806 992 orare,
1857 924 2043 994 ibique

401 1013 669 1084 prolixum
720 1012 892 1067 aestivi
941 1011 1051 1066 diei
1113 1013 1346 1082 spatium
1414 1013 1637 1068 verbum
1676 1014 1772 1068 Dei
1813 1013 2046 1068 circum-

397 1101 669 1159 stantibus
723 1101 898 1156 turbis
956 1102 1286 1171 praedicans.
1351 1103 1676 1172 Missamque
1733 1102 2044 1158 Christiano

399 1191 602 1262 populo
642 1197 891 1254 cantans,
932 1191 1156 1262 aegrotis
1204 1191 1368 1247 variis
1397 1192 1691 1262 generibus
1729 1192 2043 1247 morborum

400 1295 590 1336 manus
621 1281 930 1350 imponens,
977 1280 1296 1336 meridianis
1325 1279 1436 1336 diei
1476 1280 1629 1336 horis
1657 1281 1782 1336 vitae
1811 1295 2042 1336 venera-

398 1370 524 1426 bilis
571 1383 740 1426 senex
801 1369 977 1424 lassus
1033 1384 1154 1424 sese
1214 1370 1412 1426 locavit
1463 1371 1529 1425 ad
1585 1369 1804 1425 lectum.
1838 1370 2044 1424 Dehine

397 1473 620 1530 parvum
680 1459 944 1529 pausandi
1026 1461 1262 1530 spatium
1335 1459 1526 1515 volens
1600 1474 1698 1516 suo
1759 1459 2044 1530 indulgere

397 1549 582 1604 multis
613 1549 896 1605 laboribus
951 1549 1175 1620 fatigato
1234 1549 1586 1618 corpusculo,
1637 1563 1778 1604 unus
1824 1550 1892 1605 de
1933 1550 2042 1603 cir-

396 1638 797 1693 cumstantibus
844 1636 1019 1708 ipsius
1059 1638 1324 1693 ministris
1356 1638 1587 1708 juvenili
1619 1644 1780 1694 aetate
1812 1638 2048 1694 lascivus

2127 475 2321 546 pelago
2346 473 2548 544 jubens
2577 479 2702 528 ante
2734 474 2993 539 tumenti,
3044 474 3296 528 navicula
3327 481 3524 531 natans
3561 491 3780 532 rursum

2129 578 2227 632 per
2251 576 2400 618 mare
2433 575 2710 628 serenum,
2762 566 3004 616 actutum
3056 562 3252 618 iterum
3291 563 3472 620 salvus
3511 567 3781 621 remeavit

2126 653 2194 708 ad
2235 658 2472 722 portum,
2506 651 2575 706 de
2606 666 2715 721 quo
2746 651 2898 707 illum
2927 659 3087 706 antea
3127 650 3285 708 fortis
3315 662 3574 723 rapuerat
3605 656 3782 711 Eurus

2127 747 2179 797 et
2221 741 2520 811 praedictus
2577 741 2786 796 rivulus
2841 741 2997 808 Elna,
3067 741 3162 796 ubi
3227 742 3450 798 intravit
3498 745 3554 798 in
3605 758 3777 800 mare.

2124 834 2300 887 Nauta
2337 843 2570 902 surgens
2599 831 2750 887 illico
2782 838 2947 886 notos
2993 845 3302 901 agnoscens
3329 845 3512 902 agros,
3548 833 3780 889 illaasam

2127 921 2384 991 linquens
2435 934 2586 976 suam
2639 921 2693 974 in
2744 921 2929 976 littore
2979 934 3192 986 navem,
3250 920 3504 977 littoreas
3557 923 3783 979 calcans

2127 1010 2335 1080 rapidis
2389 1008 2668 1078 gressibus
2724 1009 2892 1080 algas,
2953 1008 3304 1065 multimodas
3357 1024 3528 1081 agens
3575 1014 3784 1082 gratias

2126 1097 2520 1167 Omnipotenti,
2581 1097 2648 1152 ad
2711 1111 2870 1152 suum
2931 1099 3206 1167 paenitens
3265 1113 3478 1154 rursum
3541 1103 3783 1156 recurrit

2128 1193 2438 1257 patronum.
2461 1188 2521 1240 1n
2539 1199 2606 1242 eo
2628 1186 2924 1256 episcopus
2953 1187 3129 1242 adhuc
3165 1196 3410 1244 moratus
3439 1204 3550 1258 quo
3583 1204 3783 1246 somno

2127 1277 2366 1346 sepitum
2434 1282 2560 1330 ante
2629 1275 2930 1344 reliquerat
2975 1275 3152 1343 illum,
3207 1277 3345 1332 mira
3383 1279 3786 1349 omnipotentis

2128 1366 2222 1421 Dei
2255 1364 2636 1421 misericordia
2681 1365 2737 1419 in
2771 1365 2978 1420 eisdem
3029 1365 3182 1420 horis
3213 1365 3362 1421 celer
3398 1366 3493 1422 ille
3526 1352 3786 1424 reversus

2128 1461 2231 1510 est.
2281 1455 2431 1508 Tunc
2463 1454 2781 1522 proximans
2833 1453 3084 1523 postibus
3121 1453 3261 1509 aulae
3297 1454 3390 1509 ubi
3428 1468 3601 1510 senex
3649 1469 3782 1510 ora-

2127 1543 2240 1609 bat,
2274 1543 2440 1598 miser
2488 1542 2673 1599 multis
2713 1543 2942 1600 vocibus
2971 1544 3083 1599 cito
3115 1549 3423 1613 prostratus
3451 1544 3520 1599 ad
3551 1552 3780 1609 terram,

2127 1631 2367 1688 humidis
2396 1632 2636 1688 vultibus
2675 1631 2891 1702 culpam
2921 1631 3208 1688 confessus
3233 1655 3246 1700 ;
3274 1648 3398 1688 cum
3429 1634 3557 1688 ﬂetu
3597 1635 3782 1703 suspi-

396 1726 627 1782 accessit
674 1727 741 1780 ad
793 1725 944 1781 illum
995 1725 1187 1781 dicens
1220 1747 1231 1780 :
1269 1728 1576 1792 «Domine,
1619 1726 1686 1782 da
1726 1726 1859 1782 mihi
1898 1723 2276 1788 nuncBrans,
2345 1721 2600 1792 lacrymis
2664 1722 2876 1776 veniam
2953 1722 3232 1792 ﬂagitabat
3298 1722 3554 1792 profusis.
3625 1724 3781 1778 Tunc

397 1821 543 1871 tuam
598 1828 810 1870 mecum
867 1815 1070 1870 habere
1111 1815 1426 1882 licentiam;
1477 1815 1544 1870 ad
1612 1815 1792 1870 vicina
1849 1815 2044 1885 pelago

395 1905 520 1961 volo
560 1917 706 1961 nunc
754 1918 983 1975 pergere
1033 1904 1174 1960 loca.
1210 1922 1238 1955 )›
1296 1906 1445 1959 Tunc
1490 1918 1658 1960 senex
1691 1905 1876 1975 juveni
1907 1905 2045 1961 dixit

397 2008 580 2051 coram
621 1994 779 2049 turba
805 1993 1016 2064 petenti
1049 2013 1061 2048 :
1107 2014 1133 2042 «
1167 1995 1287 2050 Non
1317 1994 1488 2049 habes
1516 1993 1815 2062 licentiam,
1840 1994 1915 2050 ﬁli
1945 1996 2040 2062 mi,

395 2083 575 2139 adhuc
616 2098 844 2154 pergere
902 2082 1088 2149 foras;
1159 2097 1282 2138 nam
1323 2083 1423 2139 tibi
1490 2083 1580 2139 hic
1659 2083 1852 2139 melius
1917 2099 2045 2141 reor

396 2179 718 2243 exspectare
751 2185 1066 2242 parumper,
1122 2173 1301 2229 donec
1340 2187 1424 2228 me
1454 2173 1721 2243 sospitem
1753 2173 1820 2228 de
1848 2187 2042 2230 somno

394 2275 623 2330 surgere
657 2275 870 2316 cernas.
907 2281 933 2312 »
968 2262 1224 2317 Prmvidit
1255 2263 1398 2317 enim
1443 2262 1703 2330 providus
1730 2263 2045 2332 speculator

395 2352 480 2407 sui
510 2352 694 2422 gregis
742 2351 1069 2421 prophetico
1120 2352 1316 2421 plenus
1363 2353 1584 2421 spiritu,
1625 2353 1832 2407 erranti
1855 2353 2043 2423 juveni

393 2439 543 2510 quod
575 2445 722 2495 esset
753 2441 952 2495 malum
984 2441 1157 2496 abire.
1191 2443 1342 2495 Tunc
1373 2454 1583 2496 sommo
1614 2441 1828 2510 sopitus
1867 2440 2044 2499 fessus

393 2530 474 2586 sic
521 2529 673 2584 siluit
719 2543 908 2585 senex.
961 2533 1058 2585 Ast
1102 2530 1319 2599 juvenis
1358 2529 1550 2599 Optimi
1589 2543 1856 2600 spernens
1894 2545 2041 2601 pree-

393 2625 554 2688 cepta
595 2619 837 2688 patroni,
872 2623 931 2674 ut
960 2631 1079 2674 mos
1131 2624 1214 2674 est
1247 2619 1540 2687 juvenibus
1589 2621 1742 2689 jussa
1771 2619 1852 2675 sic
1890 2634 2044 2689 sper-

394 2723 526 2764 nere
585 2721 800 2776 senum,
840 2713 971 2763 tunc
1029 2708 1237 2778 rapidis
1283 2709 1564 2779 gressibus
1599 2708 1758 2764 velox
1786 2709 1854 2764 ad
1893 2722 2042 2765 mare

393 2798 666 2870 migravit.
714 2798 846 2853 Tum
881 2811 1100 2868 parvam
1139 2798 1441 2854 naviculam
1488 2811 1722 2854 cernens
1768 2799 1823 2853 in
1855 2797 2041 2854 littore

393 2893 650 2954 stantem,
687 2902 796 2956 qua
848 2887 997 2942 soliti
1044 2887 1265 2942 fuerunt
1314 2887 1564 2942 homines
1613 2902 1835 2956 parvum
1867 2895 2044 2943 trans-

394 2977 662 3032 scendere
729 2976 929 3030 ﬂumen
979 2976 1125 3044 quod
1186 2976 1390 3031 accolae
1454 2977 1736 3032 nominant
1794 2976 1929 3045 ipsis
1983 2976 2040 3031 in

2126 1825 2294 1866 senex
2340 1810 2541 1866 leniter
2595 1811 2776 1881 inquit
2834 1811 3143 1880 corripiens
3199 1811 3353 1868 illum
3395 1833 3408 1868 :
3446 1833 3472 1860 α
3504 1813 3630 1878 Fili,
3674 1813 3778 1868 tibi

2125 1909 2286 1955 antea
2315 1899 2429 1954 dixi
2462 1899 2595 1969 quid
2625 1907 2772 1955 esset
2810 1907 3119 1967 venturum,
3161 1902 3310 1971 quod
3352 1915 3466 1958 non
3506 1908 3560 1957 te
3590 1901 3781 1958 decuit

2126 1989 2292 2046 hodie
2323 2003 2554 2060 pergere
2598 1987 2765 2057 foras,
2817 2003 2916 2044 cur
2964 2004 3130 2046 ausus
3179 2005 3240 2046 es
3287 1996 3478 2060 postea
3525 1999 3776 2047 nostrum

2127 2087 2481 2135 contemnere
2529 2080 2800 2135 verbum?
2838 2095 2866 2133 »
2899 2081 3050 2135 Tunc
3110 2080 3375 2136 tremulus
3415 2081 3639 2151 juvenis
3674 2095 3777 2136 suo

2126 2169 2414 2239 respondit
2439 2176 2674 2238 patrono
2711 2188 2725 2224 :
2760 2184 2789 2222 (ι
2830 2170 2943 2224 Mea
2974 2168 3156 2238 culpa,
3190 2169 3432 2238 domine,
3464 2184 3587 2225 mea
3615 2185 3777 2225 vera-

2127 2259 2264 2313 citer
2309 2258 2491 2328 culpa,
2533 2257 2758 2328 ignosce
2808 2259 3010 2312 misero
3050 2259 3182 2313 mihi
3215 2273 3314 2328 per
3339 2266 3391 2316 te
3420 2274 3451 2314 a
3481 2266 3662 2316 morte
3693 2275 3780 2315 re-

2127 2347 2316 2403 ducto.
2350 2366 2378 2398 »
2408 2349 2558 2402 Tunc
2587 2348 2727 2417 ipse,
2753 2351 2814 2402 ut
2843 2347 3100 2414 diximus,
3125 2361 3223 2403 sua
3244 2347 3490 2415 pericula
3523 2362 3776 2414 narrans,

2125 2435 2275 2505 quod
2323 2435 2474 2491 solus
2512 2435 2657 2491 inter
2703 2441 2980 2491 tumentes
3033 2437 3237 2491 Oceani
3267 2437 3484 2503 ﬂuctus,
3518 2437 3778 2507 interque

2125 2537 2352 2581 voraces
2408 2524 2556 2580 circa
2612 2524 2873 2594 scopulos
2911 2525 3250 2580 currentium
3301 2525 3578 2596 gurgitum
3610 2533 3782 2581 aestus

2123 2612 2178 2667 in
2230 2627 2393 2684 parva
2440 2613 2711 2682 navicula,
2762 2612 2931 2668 multa
2988 2627 3298 2684 perpessus
3330 2614 3387 2670 in
3433 2620 3631 2684 ponto,
3673 2628 3780 2670 nec

2123 2701 2258 2756 mari
2303 2716 2363 2757 se
2410 2701 2648 2758 credidit
2711 2701 2890 2757 vivum
2947 2702 3178 2758 evadere
3227 2716 3408 2772 posse,
3457 2703 3564 2758 nisi
3618 2702 3776 2758 illum

2124 2791 2393 2847 misellum
2455 2792 2744 2847 humanam
2817 2791 3200 2862 desperantem
3257 2806 3416 2862 opem
3474 2792 3778 2848 Audomari

2122 2881 2336 2937 meritis
2373 2882 2517 2935 Deus
2546 2880 2836 2936 liberasset
2887 2880 2956 2936 de
3000 2886 3194 2936 morte.
3228 2882 3378 2936 Tunc
3407 2881 3572 2936 silere
3609 2883 3774 2950 juve-

2123 2983 2245 3024 nem
2275 2969 2438 3039 jussit
2481 2970 2561 3024 sic
2607 2969 2827 3025 sobrius
2874 2983 3062 3035 senex,
3112 2970 3389 3025 incautum
3435 2970 3770 3039 discipulum

397 3065 645 3131 partibus
685 3065 818 3118 Elna
861 3063 1067 3134 (Eine),
1102 3065 1390 3120 immemor
1438 3073 1491 3120 at
1534 3066 1771 3135 juvenis,
1804 3055 2315 3120 czecatusChumili
2347 3059 2654 3128 reprimens
2684 3066 2866 3114 mente
2898 3079 2910 3113 :
2948 3079 2974 3107 ι
3004 3059 3116 3114 Nec
3146 3059 3252 3114 hoc
3283 3059 3530 3126 verbum,
3564 3059 3771 3128 inquit,

395 3167 582 3208 amore
623 3153 758 3218 ludi,
819 3152 1126 3208 inconsulte
1185 3161 1424 3208 actutum
1493 3155 1644 3210 solus
1699 3153 1947 3209 ascendit
1985 3155 2040 3209 in

395 3241 562 3305 illam,
616 3241 732 3311 ipse
774 3241 964 3296 volens
1013 3241 1202 3296 ludere
1253 3242 1306 3296 in
1348 3243 1508 3312 hujus
1548 3243 1708 3298 rivuli
1750 3244 1914 3312 ripas.
1947 3246 2044 3298 Ast

395 3329 546 3384 illum
615 3330 669 3384 in
738 3330 962 3400 pelagus
1038 3330 1218 3400 rapuit
1285 3332 1364 3386 vis
1424 3332 1601 3386 valida
1658 3331 1825 3386 venti.
1893 3333 2042 3387 Tunc

394 3420 578 3475 subito
608 3434 840 3490 surgens
892 3421 948 3474 in
1004 3427 1174 3489 ponto
1233 3436 1373 3476 saeva
1426 3429 1740 3491 tempestas,
1785 3423 1900 3490 ipsa
1939 3436 2041 3476 na-

384 3501 570 3564 vicula
652 3509 815 3564 undis
898 3509 1332 3564 tumescentibus
1414 3518 1689 3579 quassata,
1775 3525 1877 3566 nec
1946 3526 2044 3581 gu-

396 3597 691 3654 bernacula
749 3612 850 3652 nec
901 3599 1327 3668 gubernatorem
1381 3598 1611 3664 habens,
1672 3599 1778 3654 huc
1818 3607 1872 3654 et
1911 3599 2044 3654 illuc

395 3688 652 3742 ﬂuctibus
708 3701 901 3742 errans
932 3688 1152 3742 natabat
1208 3688 1264 3742 in
1305 3688 1440 3742 mari
1499 3687 1648 3757 quod
1700 3702 1894 3758 magno
1929 3689 2044 3743 Bri-

395 3777 636 3830 tanniam
694 3775 909 3846 gurgite
984 3776 1225 3831 secernit
1280 3791 1309 3831 a
1384 3778 1628 3843 Francis,
1689 3776 1836 3845 quod
1895 3791 2042 3846 saepe

395 3862 712 3918 fortissimis
750 3866 946 3920 mersis
993 3866 1082 3919 hic
1130 3865 1358 3920 navibus
1398 3871 1580 3920 nocet.
1622 3868 1718 3920 Ast
1746 3865 1912 3920 miser
1941 3879 2044 3920 nec

399 3953 672 4020 propriam
725 3967 958 4007 cernens
998 3967 1100 4009 nec
1152 3954 1378 4008 alteram
1429 3959 1651 4022 terram,
1710 3961 1839 4008 tunc
1889 3953 2040 4008 illum

400 4040 656 4109 paenituit
717 4042 865 4108 quod
924 4043 1130 4110 sprevit
1187 4043 1353 4097 verba
1410 4044 1666 4111 patroni;
1728 4044 1865 4100 mori
1923 4058 2044 4099 sese

396 4128 636 4183 credidit
666 4129 842 4184 ventis
886 4129 1259 4200 pugnantibus
1287 4130 1343 4184 in
1376 4131 1576 4198 undis;
1620 4146 1720 4187 nec
1752 4132 1904 4186 navis
1941 4146 2044 4188 nec

385 4217 609 4286 juvenis
678 4225 894 4287 poterat
949 4219 1207 4275 resistere
1273 4227 1465 4289 ponto.
1532 4222 1681 4275 Tunc
1737 4220 1888 4276 illum
1947 4235 2044 4289 per

397 4307 588 4361 merita
647 4309 791 4362 Deus
844 4308 1138 4363 Audomari
1196 4314 1530 4379 precantem,
1576 4308 1849 4378 trepidum
1880 4311 2044 4365 Saxo-

2125 3149 2324 3204 iterum
2354 3148 2501 3204 foras
2539 3149 2606 3203 ab
2646 3161 2742 3203 ore
2774 3147 3087 3216 depromas,
3119 3161 3221 3204 nec
3250 3148 3344 3203 ulli
3376 3149 3618 3205 hominis
3649 3149 3776 3204 haec

2125 3237 2193 3292 dc
2237 3252 2321 3292 mc
2369 3238 2555 3292 dicere
2595 3237 2784 3302 debes,
2835 3237 3078 3306 quandiu
3128 3252 3213 3293 me
3251 3237 3452 3293 videris
3481 3238 3584 3293 hac
3617 3239 3776 3294 brevi

2125 3325 2332 3397 perfrui
2357 3327 2486 3392 vita,
2522 3340 2590 3382 ne
2619 3325 2845 3381 zabulus
2872 3331 3096 3395 superet
3130 3339 3231 3382 nos
3253 3328 3534 3396 jactantiaa
3565 3328 3773 3397 culpa;

2126 3428 2227 3472 nec
2276 3417 2342 3470 ab
2382 3429 2477 3470 ore
2533 3415 2810 3471 hominum
2871 3429 3123 3483 quaerere
3182 3414 3420 3481 laudem,
3483 3430 3551 3472 ne
3592 3417 3778 3472 inanis

2123 3504 2299 3574 gloria
2329 3517 2427 3558 cor
2457 3509 2702 3560 nostrum
2732 3502 2876 3558 levet
2905 3503 2961 3558 in
2991 3502 3178 3559 altum.
3223 3523 3250 3555 »
3283 3505 3422 3559 Hinc
3452 3512 3581 3574 post
3609 3505 3780 3574 hujus

2125 3594 2334 3649 obitum
2365 3601 2561 3648 cuncta
2602 3608 2700 3662 per
2737 3592 2986 3647 ordinem
3029 3602 3342 3649 monstrans
3383 3595 3629 3650 narravit
3666 3594 3781 3649 dis-

2125 3683 2341 3752 cipulus
2369 3681 2462 3737 ille
2493 3681 2584 3751 qui
2617 3695 2812 3750 passus
2850 3688 2935 3737 est
2963 3682 3019 3736 in
3047 3681 3212 3737 undis
3249 3681 3412 3752 (100).

2195 3773 2248 3826 7.
2294 3773 2426 3826 Post
2455 3771 2562 3826 hoc
2602 3784 2712 3826 non
2757 3770 2930 3826 multo
2972 3772 3239 3840 temporis
3287 3771 3576 3828 intervallo
3611 3772 3680 3828 ad
3715 3773 3776 3827 Β.

2123 3860 2491 3916 Audomarum
2558 3859 2625 3914 de
2689 3858 2952 3929 praedicta
3016 3860 3475 3916 Constantinense
3543 3861 3777 3931 regione

2126 3955 2240 4005 tres
2267 3963 2374 4005 una
2404 3963 2526 4004 cum
2565 3954 2746 4003 mente
2791 3947 2892 4002 viri
2940 3948 3344 4015 Mummolinus,
3377 3949 3779 4005 Ebertramnus

2131 4038 2287 4110 (101)
2339 4045 2670 4108 sanctusque
2731 4037 2981 4092 Bertinus
3027 4037 3237 4110 pariter
3273 4045 3562 4105 venerunt,
3605 4037 3778 4094 relin-

2126 4134 2358 4198 quentes
2405 4127 2567 4182 etiam
2615 4126 2917 4182 secundum
2958 4126 3172 4182 Domini
3203 4135 3543 4198 praeceptum
3575 4142 3778 4198 paren-

2126 4223 2229 4284 tes,
2273 4215 2523 4286 patriam,
2558 4229 2859 4287 omnesque
2885 4217 3228 4287 propinquos
3269 4217 3482 4287 (Matth.
3514 4232 3628 4283 xxx,
3654 4216 3773 4288 29).

2125 4306 2354 4360 Sanctus
2418 4318 2547 4360 vero
2610 4304 2954 4361 Audomarus
3021 4305 3319 4375 praedictos
3374 4306 3469 4361 Dei
3536 4304 3780 4362 famulos

396 4395 572 4450 nicam
628 4396 1016 4465 [Anglicanam]
1078 4397 1228 4452 illico
1279 4397 1507 4452 deduxit
1536 4397 1603 4452 ad
1654 4403 1874 4452 terram.
1908 4385 2369 4464 Tungratiﬂce
2408 4394 2638 4464 recepit,
2689 4394 3091 4464 immensasque
3131 4394 3496 4463 omnipotenti
3537 4395 3779 4452 Domino

396 4483 593 4539 iterum
642 4485 896 4553 stupidus
945 4485 1130 4555 ignota
1181 4500 1415 4540 cernens
1452 4501 1598 4552 arva,
1654 4493 1904 4554 raptores
1933 4492 2044 4541 tre-

397 4571 576 4626 mulus
629 4586 688 4627 se
731 4572 1012 4628 denudare
1052 4573 1299 4639 timebat,
1359 4574 1404 4627 si
1462 4573 1612 4629 solus
1669 4574 1877 4629 diutius
1926 4575 2042 4630 illic

395 4668 716 4730 exspectare
749 4667 1036 4718 tentasset.

464 4749 518 4802 6.
581 4750 718 4804 Hinc
784 4757 968 4806 notam
1027 4751 1296 4806 confitens
1353 4751 1744 4807 inobedientiae
1801 4753 2037 4822 culpam,

396 4836 650 4907 lacrymis
696 4839 931 4894 ubertim
993 4838 1231 4908 profusis
1289 4841 1573 4909 postulans
1629 4838 1810 4911 opem,
1850 4839 2039 4896 Audo-

395 4941 602 4982 marum
659 4927 892 4982 tremula
948 4927 1188 4983 clamans
1245 4936 1376 4985 tunc
1441 4944 1574 4986 voce
1633 4937 1943 4999 patronum,
1984 4933 2039 4988 in

397 5019 681 5074 Dominum
727 5017 903 5074 ﬂdens
941 5019 1052 5074 cito
1110 5020 1344 5074 recurrit
1383 5020 1450 5074 ad
1482 5034 1691 5076 navem.
1734 5021 1888 5078 lllico
1917 5026 2040 5079 Om-

465 5121 574 5191 (99)
604 5124 869 5191 Bononia,
901 5125 1036 5180 alias
1066 5125 1312 5192 Bolonia,
1345 5127 1633 5196 Baulog-ue,
1667 5128 1811 5184 haud
1846 5127 2037 5196 procul

393 5193 460 5274 ab
489 5197 706 5252 Oceano
738 5196 815 5274 ad
861 5197 1049 5274 Elnan_1
1089 5198 1331 5266 ﬂuvium,
1365 5193 1535 5274 sedes
1565 5193 1895 5274 episcopalis
1926 5201 2038 5274 Μοτ

396 5269 670 5340 rimorum,
738 5269 826 5340 uti
899 5271 950 5325 ei
1008 5270 1286 5324 Tarvenna
1353 5270 1626 5340 quondam
1693 5272 1903 5336 civitas,
1967 5271 2035 5326 ad

395 5336 610 5411 Degiam
648 5339 946 5411 ﬂuviolum,
978 5354 1009 5395 a
1039 5341 1235 5398 Carolo
1275 5343 1316 5396 V
1341 5336 1473 5410 imp.
1497 5356 1640 5398 anno
1677 5342 1804 5396 1551
1830 5342 2032 5398 excisa.

395 5407 694 5483 Episcopus
722 5409 862 5483 _ol_im
893 5407 992 5482 pro
1024 5419 1333 5483 temporum
1364 5407 1655 5469 occasione
1689 5414 1744 5470 in
1767 5413 2033 5469 alterutra

389 5477 611 5557 civitate
639 5477 908 5557 sedebatf
935 5477 1290 5557 Morinorum
1313 5485 1475 5542 sedes
1522 5485 1685 5541 modo
1735 5486 2032 5557 tripartita,

389 5549 648 5606 Bononiae
672 5550 1096 5624 Audomaropoli
1128 5562 1184 5611 et
1213 5555 1344 5625 [piae
1373 5557 1636 5613 attributa
1667 5563 1770 5614 est.

2122 4483 2325 4554 gratias
2361 4497 2529 4554 agens
2576 4484 2669 4554 qui
2710 4483 2847 4538 tales
2893 4484 2998 4538 sibi
3037 4483 3102 4538 ad
3136 4483 3548 4554 prmdicandum
3588 4486 3779 4540 Evan-

2121 4572 2323 4642 gelium
2381 4573 2662 4641 adjutores
2717 4572 2965 4628 deduxit.
3017 4573 3187 4648 Erant
3224 4573 3368 4628 enim
3421 4571 3634 4642 praefati
3667 4575 3775 4630 viri

2121 4662 2179 4717 in
2218 4662 2323 4717 ﬂde
2363 4661 2592 4732 perfecti
2649 4661 2942 4728 catholica,
2993 4668 3048 4717 et
3078 4661 3134 4716 in
3174 4661 3567 4717 ecclesiasticis
3600 4662 3780 4719 disci-

2122 4751 2288 4821 plinis
2326 4759 2489 4820 atque
2529 4751 2584 4805 in
2617 4750 2798 4805 divina
2829 4750 3110 4820 Scriptura
3138 4750 3361 4805 eruditi.

2193 4841 2247 4892 8.
2289 4842 2458 4895 Parvo
2519 4839 2763 4910 posthaec
2817 4839 3080 4909 temporis
3135 4840 3314 4910 spatio
3380 4847 3662 4895 transacto
3714 4842 3774 4896 S.

2121 4929 2462 4986 Audomarus
2511 4943 2633 4984 cum
2672 4929 2956 4999 praedictis
3000 4928 3177 4984 beatis
3231 4929 3382 4995 viris,
3433 4929 3621 4984 divina
3661 4930 3773 4984 sibi

2121 5017 2435 5074 stimulante
2501 5018 2695 5088 gratia,
2754 5017 3145 5073 monasterium
3211 5017 3471 5088 cogitavit
3543 5019 3603 5072 in
3673 5019 3771 5074 Dei

2192 5123 2328 5196 (100)
2376 5123 2628 5196 Posthaac
2674 5125 2729 5179 in
2773 5123 3090 5196 apographo
3131 5121 3464 5179 Fuliensium
3494 5123 3772 5196 Parisien-

2119 5194 2259 5250 siu‘m
2289 5195 2552 5251 recitatur
2589 5195 2820 5251 tentatio
2868 5194 3071 5262 carnis,
3115 5209 3275 5264 quam
3306 5196 3360 5249 S.
3391 5194 3766 5261 Audomarus,

2119 5267 2368 5337 exemplo
2409 5269 2463 5322 S.
2499 5267 2776 5335 Benedici,
2819 5266 3117 5323 urticarum
3147 5274 3202 5321 et
3239 5267 3519 5337 spinarum
3547 5265 3769 5322 aculeis

2117 5353 2406 5410 superasse
2433 5339 2656 5394 dicitur.

2193 5407 2347 5481 (101)
2383 5411 2774 5467 Ebertramnus
2827 5407 2929 5466 fuit
2977 5416 3170 5480 postea
3222 5409 3390 5464 abbas
3436 5409 3769 5481 monasterii

2115 5478 2446 5610 iSliffg‘uintini
2474 5483 2620 5553 apud
2655 5486 2951 5553 Augustam
2978 5478 3486 5546 Veromandorum;
3527 5478 3600 5535 de
3639 5480 3766 5536 aliis

2199 5569 2225 5609 r
2263 5597 2275 5609 .

2199 5569 2275 5609 ['3.
