4122 6184
313 308 448 368 1185

309 434 538 492 fundare
586 435 808 491 nomine
859 455 873 489 :

309 524 493 580 divina
542 525 649 580 sibi
699 523 967 594 largiente
1014 521 1440 588 misericordia,
1482 520 1663 577 locum
1715 522 1952 577 habebat

308 620 516 683 aptum.
567 614 697 668 Erat
755 611 900 668 enim
947 611 1171 681 quidam
1221 610 1306 665 vir
1350 615 1548 680 potens
1592 609 1953 665 Adrowaldus

309 702 550 769 nomine,
592 702 649 757 in
697 700 904 757 divitiis
948 699 1113 769 hujus
1159 698 1350 756 saeculi
1398 698 1552 753 vanis
1588 698 1746 754 valde
1776 698 1949 766 dives,

310 806 471 864 quem
502 794 560 847 Β.
590 791 935 847 Audomarus
979 789 1048 845 de
1097 802 1286 846 errore
1314 788 1642 858 gentilitatis
1678 789 1745 844 ad
1792 788 1954 844 fidem

312 881 583 938 convertit
610 879 959 945 catholicam,
1001 892 1274 949 quemque
1314 891 1437 933 cum
1460 878 1610 933 omni
1649 892 1746 933 sua
1776 877 1956 947 bapti-

311 970 449 1026 zavit
501 968 725 1025 familia.
793 967 1156 1024 Adrowaldus
1221 981 1352 1023 vero
1410 966 1667 1037 prudenti
1717 964 1954 1022 consilio

310 1057 534 1115 fallaces
590 1058 809 1114 divitias
874 1057 1167 1128 praesentis
1229 1055 1419 1112 saeculi
1486 1069 1795 1126 spernens,
1852 1067 1957 1109 nec

313 1148 481 1205 ullum
521 1147 732 1203 habens
775 1146 967 1214 lilium,
1000 1159 1249 1217 magnam
1287 1160 1403 1201 sua:
1453 1144 1779 1200 hereditatis
1826 1157 1956 1214 par-

315 1244 422 1294 tem
452 1251 574 1293 cum
606 1238 755 1292 omni
783 1250 882 1291 sua
911 1235 1203 1306 multiplici
1233 1234 1539 1290 substantia
1567 1234 1680 1288 Deo
1711 1239 1767 1288 et
1795 1233 1957 1287 beato

313 1327 517 1383 obtulit
541 1325 877 1391 Audomaro,
915 1324 1099 1380 villam
1129 1324 1389 1379 videlicet
1426 1338 1550 1393 qua:
1581 1327 1716 1379 noto
1738 1322 1959 1378 nomine

314 1422 543 1472 vocatur
571 1415 782 1471 Sithiu:
806 1416 1004 1470 Beatus
1050 1428 1182 1470 vero
1220 1413 1563 1469 Audomarus
1611 1412 1665 1467 in
1696 1410 1962 1482 prtedicta

314 1503 442 1560 villa
471 1511 598 1561 ante
628 1503 921 1559 adventum
970 1503 1362 1573 praedictorum
1403 1503 1643 1558 virorum
1673 1502 1961 1558 ecclesiam

318 1592 628 1659 aediﬁcavit,
680 1594 735 1648 in
785 1606 852 1649 eo
907 1593 1071 1649 etiam
1110 1592 1234 1648 loco
1264 1592 1321 1647 in
1351 1605 1462 1661 quo
1493 1605 1651 1646 suum
1674 1597 1868 1660 pausat
1905 1592 1963 1646 in

319 1697 455 1754 pace
504 1683 912 1752 corpusculum.
957 1684 1249 1752 Postquam
1302 1693 1434 1752 ergo
1484 1680 1694 1751 praefati
1745 1680 1839 1735 Dei
1888 1678 1965 1735 fa-

1668 308 1823 365 Vl'l‘A
1860 308 1915 366 S.
1956 307 2326 366 AUDOMARI.

3540 312 3677 371 1186

925 433 994 490 ad
1033 429 1392 490 habitandum
1440 434 1587 488 enim
1644 432 1949 500 monachis,
1973 432 2173 493 Adicti
2204 431 2306 488 viri
2353 438 2480 503 post
2515 430 2737 502 aliquod
2789 433 3078 502 praevisum
3108 434 3214 490 sibi
3252 439 3488 506 spatium
3526 440 3676 497 illico

2035 520 2267 576 deduxit
2329 520 2398 575 ad
2457 526 2677 575 terram.
2738 521 2888 575 Tunc
2953 522 3115 576 etiam
3180 523 3283 590 illi,
3345 529 3676 595 praedictum

2035 618 2298 665 canentes
2333 609 2683 677 versiculum,
2715 608 2835 665 sine
2876 624 3026 665 mora
3072 625 3260 667 navem
3303 615 3681 686 relinquentes

2035 698 2150 753 laeti
2179 698 2522 753 intraverunt
2550 698 2606 752 in
2637 704 2859 765 terram,
2883 707 3285 768 cognoscentes
3313 703 3474 758 etiam
3497 704 3677 760 locum

2035 787 2189 842 illum
2246 801 2276 841 a
2325 786 2555 841 Domino
2613 786 2748 855 ipsis
2801 787 3080 842 traditum.
3140 791 3346 847 Dehinc
3398 794 3457 847 B.
3498 795 3682 850 Audo-

2037 889 2210 941 maro,
2244 875 2335 944 pio
2393 888 2584 930 eorum
2628 876 2809 941 Patre,
2860 873 3095 943 favente,
3139 882 3531 937 monasterium
3580 896 3683 940 no-

2038 966 2184 1019 mine
2222 963 2398 1019 Sithiu
2452 963 2595 1034 (104)
2632 964 2899 1032 praedicta
2947 965 3074 1022 villa
3130 969 3468 1026 nominatum
3515 986 3685 1042 super

2040 1053 2345 1124 Agnionam
2395 1053 2615 1108 ﬂuvium
2674 1054 2730 1107 in
2779 1053 2875 1109 Dei
2916 1056 3137 1111 nomine
3176 1057 3449 1115 aedificare
3506 1076 3682 1131 cmpe-

2040 1150 2188 1198 runt.
2229 1142 2753 1211 Coulluentibusque
2803 1143 3047 1213 undique
3108 1146 3382 1216 religiosis
3427 1151 3560 1205 viris
3615 1151 3683 1206 ad

2042 1231 2341 1302 praedictos
2378 1232 2472 1287 Dei
2512 1230 2764 1298 famulos,
2799 1232 2858 1285 B.
2899 1233 3239 1291 Audomarus
3275 1237 3683 1295 Mummolinum

2043 1320 2380 1377 multitudini
2420 1320 2724 1390 praeposuit
2771 1322 3203 1393 monachorum;
3236 1327 3334 1382 sed
3374 1341 3483 1384 non
3513 1330 3685 1386 multo

2046 1409 2292 1481 posthaec
2351 1410 2620 1479 temporis
2675 1410 2985 1479 intervallo,
3045 1412 3305 1481 praefatus
3358 1417 3689 1473 venerabilis

2044 1500 2214 1555 abbas
2242 1498 2626 1554 Mummolinus
2673 1498 2741 1554 ad
2788 1501 3170 1558 Noviomensis
3209 1506 3362 1560 urbis
3391 1507 3685 1577 episcOpa-

2044 1594 2180 1654 tum,
2238 1587 2424 1642 divina
2470 1587 2738 1658 largiente
2786 1590 2981 1660 gratia,
3029 1600 3321 1661 provectus
3349 1600 3452 1664 est,
3495 1602 3551 1652 et
3588 1610 3688 1667 per

2045 1676 2236 1748 viginti
2258 1683 2314 1733 et
2332 1691 2430 1732 sex
2462 1674 2620 1748 (105)
2655 1690 2830 1733 annos
2861 1679 3142 1748 praedictae
3162 1681 3398 1738 civitatis
3424 1683 3687 1754 populum

318 1772 453 1828 muli
491 1771 561 1827 ad
592 1785 717 1827 eum
764 1777 1156 1842 pervenerunt,
1197 1769 1476 1827 concessit
1523 1769 1635 1825 illis
1682 1777 1744 1824 ut
1773 1764 2078 1825 mena-Ba
2113 1766 2344 1822 Domino
2375 1765 2482 1820 sibi
2512 1766 2784 1822 creditum
2814 1767 2919 1822 rite
2948 1768 3296 1838 gubernavit.

320 1861 550 1918 chorum
588 1860 962 1917 habitaculum
1002 1860 1360 1926 aediﬁcarent,
1402 1859 1718 1928 ubicunque
1757 1858 1869 1913 illis
1907 1858 1962 1912 in

320 1950 913 2021 praedicta‘placuisset
943 1949 1090 2005 villa.
1131 1949 1314 2004 Sancti
1350 1948 1520 2019 igitur
1549 1948 1651 2004 viri
1692 1950 1961 2004 Mummo-

320 2040 468 2096 linus
519 2038 658 2109 (102)
712 2044 877 2109 atque
937 2038 1194 2093 Bertinus
1240 2051 1364 2092 cum
1421 2038 1640 2093 czeteris
1682 2050 1871 2093 eorum
1909 2035 1967 2090 in

322 2128 539 2185 Christo
603 2127 772 2183 sociis
825 2127 1218 2182 monasterium
1276 2125 1549 2181 aedificare
1607 2128 1665 2181 in
1730 2124 1968 2196 quodam

325 2220 614 2287 coeperunt
677 2215 824 2283 loco,
866 2215 1015 2286 quod
1064 2229 1240 2285 usque
1296 2214 1462 2270 hodie
1519 2216 1688 2270 Vetus
1743 2218 1970 2270 vocatur

325 2305 717 2362 monasterium
751 2303 899 2377 (103)
932 2325 947 2371 ;
994 2304 1093 2360 sed
1128 2305 1185 2359 in
1216 2317 1283 2360 eo
1315 2304 1439 2360 loco
1471 2305 1662 2374 paucis
1691 2306 1971 2360 morantes

326 2394 505 2462 annis,
547 2394 730 2450 divina
787 2394 871 2451 eis
916 2393 1184 2449 suadente
1230 2394 1426 2463 gratia,
1482 2393 1646 2451 alium
1678 2393 1972 2450 voluerunt

327 2484 532 2556 eligere
561 2483 765 2540 locum.

398 2573 455 2628 9.
494 2574 646 2630 Beati
674 2571 844 2644 igitur
869 2571 994 2639 viri,
1026 2571 1082 2627 in
1113 2572 1328 2629 Domini
1370 2572 1715 2629 confidentes
1761 2573 1975 2628 miseri-

328 2660 541 2728 cordia,
596 2658 898 2730 perfectum
963 2660 1291 2716 invenerunt
1342 2661 1653 2717 consilium.
1716 2661 1975 2717 Protinus

331 2750 478 2805 enim
508 2749 566 2804 in
603 2762 795 2804 navem
833 2749 1197 2804 ascendentes
1244 2749 1363 2804 sine
1391 2750 1761 2820 gubernatore
1800 2757 1857 2804 et
1893 2764 1978 2805 re-

331 2839 520 2909 migio,
559 2851 624 2893 ac
679 2836 799 2892 sine
837 2836 948 2892 ulla
996 2837 1105 2892 cibi
1155 2843 1212 2893 et
1268 2842 1433 2906 potus
1470 2852 1621 2904 cura,
1664 2839 1772 2895 huc
1811 2845 1976 2908 atque

334 2926 466 2982 illuc
520 2925 766 2997 spatioso
831 2931 1026 2997 stagno
1083 2926 1402 2983 adhaerente
1460 2926 1727 2996 praedicto
1785 2941 1975 2983 eorum

334 3015 649 3071 babitaculo
732 3015 1052 3086 navigantes
1085 3058 1099 3082 ,

2123 1852 2208 1908 10.
2270 1853 2555 1910 Gloriosus
2610 1854 2778 1924 igitur
2845 1853 3095 1925 pontifex
3156 1859 3501 1917 Audomarus
3563 1854 3691 1931 post

2049 1942 2455 1998 Mummolinum
2485 1943 2542 1997 in
2573 1943 2842 2012 praedicto
2883 1948 3217 2002 monasterio
3264 1955 3456 2006 sancto
3494 1963 3692 2007 mona-

2050 2031 2278 2087 chorum
2326 2031 2498 2087 choro
2547 2031 2767 2087 beatum
2816 2036 3122 2103 praeposuit
3159 2036 3437 2095 Bertinum
3489 2038 3688 2113 (106);

2050 2122 2257 2176 sanctis
2302 2121 2448 2177 enim
2490 2120 2765 2177 fratribus
2815 2123 2871 2177 in
2921 2123 3115 2180 eodem
3156 2124 3280 2183 loco
3333 2129 3436 2184 sub
3484 2130 3692 2187 strictze

2052 2210 2257 2281 regulae
2296 2210 2479 2280 rigore
2529 2211 2642 2267 Deo
2685 2211 3053 2269 servientibus
3082 2214 3317 2272 dilectus
3343 2222 3510 2288 atque
3539 2233 3692 2275 ama-

2052 2300 2182 2355 bilis
2208 2301 2404 2355 beatus
2432 2297 2533 2355 fuit
2562 2301 2835 2356 Bertinus.
2877 2303 3006 2358 Erat
3044 2304 3190 2360 enim
3221 2304 3305 2362 vir
3341 2309 3692 2375 venerabilis,

2054 2389 2111 2445 in
2158 2389 2358 2446 divinis
2422 2390 2588 2445 rebus
2644 2391 2905 2460 prudens,
2949 2399 3005 2448 et
3064 2395 3326 2463 providus
3380 2398 3564 2469 gregis
3610 2400 3695 2454 sui

2055 2484 2263 2549 pastor,
2304 2479 2361 2533 in
2400 2478 2558 2534 malis
2615 2492 2746 2536 vero
2803 2481 3037 2551 simplex
3070 2488 3127 2538 et
3170 2484 3459 2554 innocens,
3491 2502 3697 2544 secun-

2056 2571 2186 2626 dum
2243 2570 2459 2625 Domini
2518 2574 2856 2641 praeceptum
2919 2591 2932 2627 :
2994 2574 3176 2629 Estote
3225 2576 3509 2646 prudentes
3563 2579 3695 2634 sicut
3733 2627 3752 2644 _

2056 2663 2341 2730 serpentes,
2410 2663 2458 2713 et
2512 2657 2775 2730 simplices
2837 2660 2972 2715 sicut
3046 2660 3295 2719 columbae
3359 2666 3569 2737 (Matth.
3643 2683 3698 2736 x,

2065 2746 2170 2817 16).

2137 2837 2220 2891 11.
2263 2836 2514 2893 Posthaac
2542 2850 2696 2903 vero,
2738 2837 2926 2894 multis
2984 2839 3480 2899 intervenientibus
3516 2845 3695 2912 annis,

2060 2929 2119 2982 B.
2159 2925 2501 2982 Audomarus
2557 2927 2805 2983 carnales
2860 2929 3118 2986 amittens
3174 2932 3367 2989 oculos
3414 2934 3702 3004 temporali

1188 3016 1625 3086 omnipotentem
1711 3016 1978 3087 rogabant
2032 3017 2307 3087 privatus
2345 3020 2429 3071 est
2460 3015 2685 3083 lumine,
2720 3023 2779 3072 ut
2828 3027 3092 3087 perpetua
3117 3018 3239 3077 luce
3268 3022 3608 3079 illuminatus
3646 3025 3701 3079 in

332 3104 620 3161 Dominum
687 3108 749 3160 ut
785 3104 854 3158 ad
912 3104 1093 3161 locum
1129 3118 1293 3175 quem
1344 3119 1469 3160 sua-
1500 3104 1610 3159 illis
1647 3086 2349 3175 praeparavitC-Dominum
2395 3120 2613 3176 semper
2661 3086 2954 3175 aspiceret,
3004 3109 3149 3165 sicut
3202 3112 3259 3166 Β.
3304 3113 3469 3169 David
3517 3114 3699 3169 dicit:

333 3192 715 3250 misericordia
745 3207 842 3249 eos
862 3193 1165 3249 deduceret
1193 3193 1434 3261 illaesos;
1469 3193 1718 3249 dicentes
1744 3194 1977 3249 invicem

334 3284 482 3354 quod
511 3295 624 3339 non
650 3283 937 3338 ascensuri
978 3289 1165 3338 essent
1213 3283 1282 3338 de
1324 3282 1591 3352 praedicto
1621 3287 1836 3354 stagno,
1869 3282 1975 3338 nisi

334 3371 577 3443 quando,
608 3370 857 3427 navicula
878 3384 1068 3427 eorum
1097 3378 1282 3441 aptum
1307 3371 1548 3427 tenendo
1579 3378 1818 3442 portum,
1844 3384 1977 3427 cou-

333 3462 549 3533 tigisset
576 3460 688 3517 illis
715 3461 1019 3517 secundum
1059 3461 1311 3518 ordinem
1350 3462 1598 3531 psalterii
1635 3462 1977 3531 subsequen-

335 3556 446 3606 tem
475 3555 695 3606 cantare
722 3548 1053 3605 versiculum
1087 3569 1099 3604 :
1130 3551 1260 3604 Haec
1304 3550 1509 3620 requies
1556 3564 1672 3606 mea
1721 3551 1776 3604 in
1813 3564 1978 3605 saecu-

336 3638 440 3693 lum
466 3638 648 3694 seculi
666 3661 683 3706 ;
743 3640 827 3695 hic
880 3636 1148 3704 habitabo,
1190 3639 1435 3708 quoniam
1481 3636 1618 3706 elegi
1656 3652 1771 3693 eam
1809 3637 1975 3703 (Psal.

338 3743 516 3796 cxxn,
564 3728 667 3800 l4).
708 3727 1020 3784 Misericors
1048 3727 1216 3797 igitur
1253 3726 1517 3782 Dominus
1561 3726 1656 3797 qui
1699 3727 1815 3783 suis
1861 3728 1978 3783 ubi-

336 3834 444 3891 que
482 3832 729 3890 praesens
774 3824 860 3875 est
896 3817 1134 3882 famulis,
1175 3830 1346 3887 prepe
1396 3823 1481 3871 est
1529 3817 1677 3872 enim
1720 3818 1981 3873 Dominus

338 3909 722 3966 invocantibus
751 3922 897 3974 eum,
931 3921 1122 3964 navem
1169 3908 1226 3962 in
1264 3921 1374 3976 qua
1413 3908 1558 3963 beati
1587 3906 1809 3963 fuerunt
1840 3920 1981 3976 prae-

413 4014 571 4086 (102)
606 4014 909 4070 Adroaldus
942 4014 1162 4085 (scribit
1190 4013 1428 4086 lperius)
1461 4012 1981 4086 uoluitdonationem

336 4084 488 4143 suam
532 4085 824 4141 litterarum
871 4084 1203 4141 attestutione
1258 4085 1479 4155 ﬁrmari,
1510 4090 1566 4140 ut
1618 4084 1809 4155 futuris
1846 4091 1980 4140 lem-

338 4157 553 4229 poribus
573 4156 798 4212 ualidior
830 4160 1179 4229 permaneret.
1221 4157 1315 4229 Sic
1360 4171 1483 4225 ergo
1517 4172 1580 4211 ea
1616 4157 1796 4228 incipit
1827 4175 1843 4211 :
1876 4159 1981 4214 Do-

340 4228 506 4284 minis
552 4229 757 4284 sanctis
805 4228 1059 4283 Patribus
1106 4228 1352 4294 Bertino,
1420 4229 1790 4296 Mummelino,
1868 4235 1976 4284 etc.

345 4302 509 4356 Facta
558 4300 771 4354 donatio
836 4314 957 4371 vni
996 4299 1085 4371 Id.
1140 4298 1426 4371 Septemb.,
1497 4314 1633 4355 anno
1690 4316 1766 4365 x1,
1832 4301 1982 4370 regni

341 4372 537 4427 domini
589 4372 754 4426 nostri
792 4370 1091 4426 Chlodovei
1136 4370 1297 4439 regis.
1336 4372 1521 4426 Actum
1564 4373 1621 4426 in
1648 4372 1823 4428 Sithiu
1851 4371 1977 4427 villa

2060 3194 2213 3251 Oculi
2259 3194 2360 3250 mei
2405 3208 2608 3266 semper
2645 3194 2717 3249 ad
2768 3196 3041 3251 Dominum
3090 3197 3261 3269 (Psal.
3302 3216 3410 3269 XIV,
3459 3201 3590 3274 l5),-
3650 3210 3707 3259 et

2059 3286 2202 3341 idem
2235 3284 2370 3340 dicit
2404 3304 2417 3341 :
2447 3285 2535 3341 Ad
2573 3288 2625 3339 te
2663 3283 2831 3340 levavi
2868 3285 3045 3342 oculos
3088 3303 3248 3355 meos,
3289 3294 3380 3360 qui
3415 3292 3624 3349 habitas
3649 3296 3705 3348 ia

2067 3374 2204 3430 cazlis
2254 3372 2427 3445 (Psal.
2486 3388 2655 3438 cxxn,
2703 3372 2781 3442 1).
2840 3374 2945 3428 Per
2999 3377 3348 3432 amissionem
3405 3395 3538 3437 vero
3577 3397 3704 3438 car-

2061 3463 2262 3519 nalium
2327 3461 2612 3516 oculorum
2670 3461 2907 3531 spiritali
2948 3462 3151 3519 lumine
3196 3466 3460 3536 repletus,
3529 3484 3706 3541 popu-

2060 3551 2171 3606 lum
2227 3563 2257 3604 a
2303 3550 2535 3605 Domino
2592 3549 2697 3604 sibi
2757 3550 3025 3607 creditum
3085 3552 3281 3610 eodem
3342 3557 3568 3628 regebat
3605 3574 3704 3616 or-

2061 3639 2188 3695 dine
2226 3636 2386 3710 (107).

2140 3727 2224 3781 12.
2244 3726 2498 3783 Posthaec
2515 3740 2643 3783 vero
2664 3728 2852 3796 paucis
2881 3729 3375 3789 intervenientibus
3402 3736 3562 3791 annis
3582 3751 3705 3793 cum

2065 3817 2364 3888 praedictus
2391 3816 2721 3871 venerabilis
2765 3818 2891 3874 vita;
2943 3833 3111 3876 senex
3153 3822 3497 3881 Audomarus
3534 3826 3705 3883 nimio

2062 3904 2234 3962 febris
2270 3904 2471 3961 ardore
2508 3902 2702 3961 fuisset
2738 3905 3015 3978 fatigatus,
3057 3924 3291 3982 cumque
3344 3913 3490 3971 diem
3521 3916 3706 3973 obitus

2061 4014 2109 4068 Il
2139 4026 2283 4094 anno
2310 4012 2754 4094 _t_ertio,_Chris_ti
2792 4013 3248 4094 640,_ordinatus
3276 4019 3348 4075 sit
3387 4023 3703 4094 episcopus,

2064 4083 2458 4155 praefueritque
2506 4084 2768 4140 Ecclesiae:
2815 4087 3233 4155 Noviomagensi
3279 4100 3335 4147 et
3371 4083 3703 4152 Tornacensi

2063 4156 2221 4212 annis
2250 4156 2441 4211 decem
2479 4170 2543 4211 ac
2573 4169 2789 4222 novem,
2831 4170 2974 4213 anno
3013 4156 3119 4213 649
3163 4161 3346 4217 locum
3374 4162 3506 4220 fecit
3535 4168 3706 4223 Mum-

2064 4228 2303 4302 moleno,
2337 4227 2532 4302 quiob
2573 4242 2773 4302 equum
2822 4229 2997 4284 sancti
3039 4232 3138 4286 viri
3168 4233 3488 4302 subreptum
3519 4239 3703 4293 abbati

2063 4299 2406 4376 basilicae}.
2448 4299 2621 4368 Elegit
2676 4307 2968 4376 correptus
3014 4302 3226 4376 dicitur
3269 4299 3352 4357 in‘
3380 4306 3494 4360 Vita
3533 4308 3706 4376 ipsius

2066 4371 2245 4441 Eligii,
2294 4369 2391 4424 lib.
2446 4385 2509 4437 11,
2569 4384 2691 4439 cap.
2714 4369 2821 4441 A44,
2855 4372 2950 4425 ubi
3006 4373 3061 4425 8.
3102 4373 3396 4429 Audoenus
3436 4369 3703 4433 Manimo-

341 4414 723 4516 ᾇόἧξῆοάῗὲἐ
753 4414 1107 4516 ιῶεἶῗεῖριῖξι
1136 4414 1634 4516 Ηῗέξεύἰιῖῗῦὂῃέἱ.
1648 4414 1823 4512 νιὶἷξίἓῖ
1850 4414 1977 4512 ἑέἱρῗ
1998 4414 2048 4470 D
2064 4414 2249 4498 Ῐὲἰιῗὶἁί
2294 4414 3407 4516 αρἴεῖὸζίςῴνῗξξῦοῷίἨεᾌῖἑέἧ
3436 4414 3703 4516 ἭὅίἓὶΕέ

339 4514 397 4581 3,
447 4514 647 4581 legitur
679 4534 692 4569 :
724 4514 911 4568 Actum
964 4513 1120 4567 Ascio
1176 4512 1301 4567 uilla
1350 4512 1629 4568 dominica.
1688 4517 1875 4569 Annus
1922 4529 1977 4569 x1

340 4582 641 4641 Chlodovei
672 4597 815 4640 anno
853 4583 1054 4638 Christi
1093 4582 1199 4637 648
1230 4584 1548 4652 respondet.

416 4655 553 4726 (103')
593 4655 953 4727 Suriusglegit
1008 4659 1151 4710 uetus
1202 4653 1439 4727 templum
1480 4654 1703 4727 lperius
1744 4676 1756 4711 :
1798 4657 1975 4727 Iussu,

341 4725 545 4797 inquit,
584 4729 650 4782 Β.
686 4725 979 4782 Audomari
1024 4731 1128 4782 tres
1174 4727 1273 4782 uiri
1300 4725 1487 4781 sancti
1522 4725 1765 4797 prtedicti
1811 4725 1979 4782 eccle-

339 4797 528 4855 siolam
578 4802 980 4854 construxerunt
1028 4804 1076 4853 et
1121 4797 1305 4853 cellam
1350 4797 1407 4852 in
1454 4798 1715 4853 territorio
1753 4799 1982 4868 ejusdem

340 4869 501 4938 uilla,
531 4870 586 4925 in
613 4868 727 4925 loco
756 4870 845 4940 qui
874 4869 1043 4925 adhuc
1089 4874 1137 4924 et
1181 4873 1399 4941 propter
1443 4868 1539 4924 hoc
1586 4870 1738 4941 Vetus
1765 4874 1983 4941 uocatur

340 4942 716 4997 monasterium
761 4939 920 5011 super
945 4939 1441 5011 ﬂuvium—Agniona
1488 4956 1627 4996 anno
1672 4939 1798 4996 626.
1844 4940 1980 5011 (lege

341 5026 489 5069 anno
529 5013 677 5069 circa
726 5010 873 5067 649.)
924 5010 990 5067 In
1044 5027 1102 5067 eo
1159 5010 1272 5067 loco
1326 5012 1617 5083 supradicti
1671 5013 1771 5067 uiri
1814 5010 1985 5068 sancti

341 5084 499 5153 quasi
543 5085 600 5139 in
644 5083 940 5140 eremitorio
986 5084 1228 5141 sederunt
1273 5097 1388 5138 cum
1433 5083 1781 5139 conuenticqu
1813 5098 1981 5154 parvo

341 5156 610 5211 constricti
638 5155 791 5211 annis
832 5154 917 5222 l4,
950 5160 1057 5210 etc.

420 5226 574 5298 (104)
637 5226 1024 5283 Monasterium
1084 5225 1415 5298 Sithivense,
1464 5224 1616 5298 alias
1669 5225 1980 5298 Ulterense,

342 5296 553 5355 dictum
591 5313 622 5354 a
669 5298 834 5354 ﬂuvio
880 5298 1034 5352 Ultro
1068 5296 1189 5366 (qui
1236 5303 1291 5368 et
1336 5297 1533 5368 Agnio,
1562 5297 1829 5368 Agniona,
1870 5298 1984 5352 En-

342 5383 513 5437 neno,
545 5383 691 5426 nunc
718 5371 815 5436 Aa,
856 5374 1096 5440 vocatur)
1126 5367 1292 5440 modo
1322 5367 1625 5440 sgBertini
1653 5370 1984 5440 appellatur,

343 5442 431 5497 vel
457 5443 577 5512 ipso
616 5443 838 5497 nomine
869 5438 1307 5505 celeberrimum,
1340 5439 1409 5496 de
1448 5453 1558 5511 quo
1616 5438 1703 5496 in’
1727 5438 1877 5497 Actis
1928 5441 1983 5496 S.

345 5513 566 5584 Bertini
584 5512 760 5569 fusius
788 5524 1030 5584 agemus.

421 5583 585 5656 (105)
625 5580 846 5655 Nempe'
878 5588 1005 5654 post
1050 5581 1305 5653 Eligium,
1347 5580 1463 5652 qui,
1508 5597 1630 5639 cum
1686 5581 1988 5641 Chlodovei

2062 4511 2458 4587 blummolenus
2504 4510 2648 4587 a_nno
2686 4510 2830 4587 684,
2871 4511 2961 4567 die
3018 4512 3081 4587 l6
3111 4515 3323 4587 ροισι).
3376 4510 3487 4587 quo
3518 4519 3608 4575 die
3646 4522 3703 4576 in

2061 4582 2466 4652 Martyrologiis
2520 4582 2879 4637 Benedictino
2940 4591 2995 4638 et
3030 4584 3309 4642 Gallicano
3363 4582 3703 4649 celebratur.

2061 4656 2191 4733 Ejus
2215 4667 2445 4733 _corpus
2500 4653 2558 4708 in
2603 4654 2796 4733 majori
2835 4654 3067 4733 ecclesia
3104 4656 3542 4733 Noviomagensi,
3580 4677 3706 4733 pars

2062 4725 2259 4795 capitis
2323 4726 2380 4780 in
2447 4725 2781 4780 monasterio
2845 4725 3140 4782 Sithivensi
3206 4724 3702 4790 adservantu'rfln

2062 4799 2181 4876 ejus
2205 4797 2366 4876 _Ac_tis
2554 4796 2712 4876 _ni_hil
2743 4802 2945 4876 praeter
2982 4798 3085 4853 ista
3115 4802 3375 4876 occurrit,
3410 4806 3514 4860 nisi
3555 4806 3703 4876 quod

2063 4866 2440 4993 agihllgéhari‘o
2469 4866 2769 4923 Chlodovei
2816 4866 2931 4924 tilio
2970 4879 3255 4940 promotus
3297 4866 3369 4930 ad
3418 4866 3705 4947 episcopa-

2091 4955 2120 4993 U
2300 4955 2313 4993 Ι
2415 4980 2428 4993 .

2066 4947 2176 4997 tum
2208 4939 2428 5010 legitur.

2135 5010 2276 5090 (106)
2317 5011 2602 5090 Et_ta_men
2630 5011 2854 5090 Bertino
2887 5013 3119 5090 primum
3149 5014 3329 5090 locum
3361 5019 3415 5074 in
3456 5019 3704 5090 catalogo

2065 5082 2321 5138 abbatum
2386 5080 2775 5138 Sithivensium
2830 5080 3024 5140 tribuit
3078 5087 3312 5157 lperius,
3354 5080 3704 5149 Mummoliﬁo

2068 5168 2294 5224 prorsus
2323 5158 2619 5224 expuncto.

2142 5225 2297 5296 (107)
2341 5225 2400 5279 In
2460 5223 2579 5296 Vita
2616 5224 2672 5280 S.
2713 5225 2932 5281 Vedasti
2968 5228 3232 5285 Alcuinus
3295 5232 3488 5288 scribit
3523 5233 3708 5291 Audo-

2068 5294 2310 5377 marum__
2332 5296 2387 5351 8.
2456 5294 2677 5377 Yedasti
2726 5298 3079 5377 translationi
3110 5301 3423 5377 interfuisse
3455 5324 3468 5360 :
3504 5307 3569 5377 In
3603 5321 3706 5377 qua

2068 5366 2430 5435 translatione,
2461 5366 2662 5439 inquit,
2692 5368 2990 5439 perhibetur
3044 5375 3109 5426 B.
3157 5375 3491 5432 Audomarus
3539 5366 3709 5433 lumen

2068 5441 2326 5521 recepisse
2355 5437 2642 5521 oculorum,
2670 5437 2768 5521 sed
2808 5439 2957 5521 illico
3004 5444 3246 5521 precibus
3292 5447 3523 5521 eamdem
3552 5465 3708 5521 quam

2070 5510 2335 5588 ultroneus
2361 5510 2562 5588 ferebat
2589 5511 2968 5588 _rei_mpetrasse
3002 5510 3316 5588 feracitatem.
3348 5520 3501 5588 Quod
3541 5510 3707 5579 etiam

2072 5582 2368 5640 Fulbertns’
2396 5583 2454 5639 in
2482 5582 2634 5639 Actis
2662 5583 2718 5640 S.
2763 5583 3013 5642 Autberti
3054 5591 3303 5645 testatur.
