4106 6178
473 279 606 334 1187

1672 283 1998 342 FOLCARDI
2036 281 2383 341 OPUSCULA
2420 282 2637 340 DUBIA.

3706 288 3843 346 1188

465 405 552 460 sui
605 403 846 461 adfuisse
905 407 1275 477 cognovisset,
1315 406 1509 462 eodem
1557 408 1648 463 die
1706 408 1774 463 de
1807 407 2010 464 lectulo
2051 409 2351 476 inAquas,
2384 405 2598 464 favente
2631 407 2882 475 Domino,
2911 408 3285 480 subsequente
3333 410 3680 468 narrabimus
3717 428 3843 470 ser-

465 507 574 564 quo
607 495 828 563 jacebat
883 495 1145 562 surrexit,
1187 501 1350 565 atque
1391 495 1445 550 in
1487 495 1776 552 ecclesiam
1805 497 2106 567 ingressus,

465 595 675 652 pronus
707 596 891 638 coram
927 583 1120 649 altare,
1181 597 1303 638 cum
1355 583 1611 654 lacrymis
1666 585 1953 642 Dominum
2008 598 2107 655 pro

463 687 523 728 se
554 679 610 729 et
649 687 748 744 pro
806 674 1195 729 circumstante
1255 689 1377 730 eum
1417 675 1593 732 oravit
1632 676 1859 745 populo.
1893 678 2108 746 Corpus

463 777 594 818 vero
625 763 828 818 Christi
859 768 915 818 et
950 764 1269 834 sanguinem
1315 765 1770 821 communicando
1819 766 2105 835 turbisque

464 867 524 908 se
581 853 1050 908 circumdantibus
1105 853 1460 923 praedicando
1495 898 1508 921 ,
1561 855 1735 910 oculis
1785 856 1838 910 in
1907 855 2105 911 cmlum

465 941 708 1007 elevatis,
751 942 1108 1013 tremulisque
1149 944 1400 999 manibus
1430 945 1711 1014 quatiente
1751 943 1901 1000 febre
1941 951 2104 1014 atque

462 1035 747 1087 senectute
813 1033 1074 1099 extensis,
1142 1047 1274 1089 suos
1339 1034 1536 1090 devota
1585 1040 1766 1089 mente
1824 1034 2106 1090 benedixit

464 1121 786 1192 discipulos,
820 1123 1045 1178 dicens:
1072 1140 1100 1173 «
1124 1125 1442 1179 lmmensam
1466 1124 1861 1193 omnipotentis
1892 1124 2104 1179 Domini

464 1225 662 1282 precor
690 1211 1033 1268 clementiam
1083 1219 1142 1267 ut
1190 1227 1306 1278 vos,
1338 1213 1492 1268 ﬁlioli
1542 1213 1672 1278 mei,
1712 1213 1766 1267 in
1799 1226 1969 1283 regno
2007 1212 2104 1268 Dei

463 1314 676 1356 merear
712 1302 898 1356 videre
928 1299 1137 1357 felices.
1183 1322 1209 1352 »
1253 1302 1348 1357 His
1377 1316 1506 1358 vero
1538 1302 1793 1358 omnibus
1822 1302 1877 1357 in
1908 1302 2102 1358 eodem

463 1389 552 1445 die
584 1390 686 1446 rite
737 1391 995 1460 peractis,
1037 1390 1102 1444 ad
1161 1405 1318 1446 suum
1369 1391 1565 1446 iterum
1616 1405 1867 1446 reversus
1905 1396 1988 1446 est
2027 1391 2104 1445 le-

463 1478 688 1543 ctulum,
732 1479 980 1548 atquein
1021 1479 1214 1534 eodem
1258 1481 1449 1547 jacens
1497 1485 1614 1534 toto
1655 1493 1888 1550 corpore
1937 1479 2100 1535 solito

463 1581 614 1622 more
655 1553 909 1634 extenso,
949 1567 1211 1638 vultuque
1271 1581 1489 1634 sereno,
1531 1569 1708 1624 anima
1773 1569 1859 1624 sui
1925 1569 2100 1624 sancti

462 1655 794 1712 confessoris
868 1656 1184 1727 angelorum
1249 1658 1556 1728 agminibus
1620 1657 1956 1714 circumdata
2029 1659 2097 1713 ad

2195 508 2380 552 mone.

2269 583 2352 639 14.
2395 586 2566 641 Parvo
2595 585 2766 657 igitur
2796 593 2920 656 post
2973 588 3031 642 Β.
3071 587 3368 644 Audomari
3407 588 3620 646 obitum
3660 593 3838 661 spatio

2193 680 2490 740 transacto,
2559 675 2782 744 quidam
2837 675 2921 731 vir
2967 677 3210 733 avaritiae
3267 679 3493 736 aestibus
3546 693 3834 745 accensus,

2191 763 2479 833 pravisque
2539 764 2616 834 (ut
2653 762 2844 830 fertur)
2886 766 3133 822 moribus
3171 767 3367 837 plenus
3421 769 3486 823 ad
3538 783 3699 824 suum
3749 784 3837 826 ac-

2192 852 2358 907 cessit
2406 858 2763 922 compatrem,
2797 855 3086 924 postulans
3142 857 3210 911 ab
3267 871 3335 913 eo
3392 863 3453 913 ut
3508 872 3680 913 unum
3727 859 3834 914 sibi

2192 946 2508 1011 argenteum
2549 957 2723 1013 usque
2754 943 2823 998 ad
2867 949 3131 1001 statutum
3179 952 3395 1017 tempus
3442 947 3834 1004 accommoda-

2190 1035 2274 1085 ret
2320 1030 2578 1098 solidum,
2633 1046 2732 1102 per
2795 1047 2947 1088 suam
3006 1035 3169 1090 etiam
3227 1035 3513 1092 subdolam
3573 1037 3830 1094 testando

2189 1120 2349 1175 tidem
2379 1121 2526 1190 quod
2557 1127 2763 1178 statuto
2822 1123 2890 1178 ad
2941 1137 3063 1180 eum
3105 1131 3353 1195 tempore
3392 1126 3592 1182 iterum
3643 1127 3838 1183 reddi-

2189 1213 2345 1264 turus
2392 1214 2557 1265 esset.
2617 1209 2770 1266 Alter
2798 1225 2928 1268 vero
2985 1213 3224 1284 simplici
3273 1215 3453 1270 animo
3500 1230 3663 1271 suum
3719 1231 3839 1272 cre-

2187 1296 2370 1354 dendo
2426 1304 2784 1368 compatrem,
2820 1309 3107 1372 argentum
3165 1303 3366 1359 callido
3407 1307 3656 1375 precanti
3703 1320 3840 1375 prte-

2185 1386 2328 1441 stitit
2357 1387 2554 1442 amico.
2589 1389 2784 1445 Paucis
2811 1404 2942 1445 vero
2992 1392 3286 1448 transactis
3325 1398 3532 1449 statuto
3581 1393 3652 1448 ad
3712 1409 3836 1449 eum

2184 1476 2334 1530 venit
2391 1482 2641 1546 tempore
2686 1477 2876 1534 dicens
2911 1499 2922 1534 :
2961 1497 2989 1530 α
3027 1481 3218 1537 Redde
3275 1481 3408 1537 mihi
3449 1497 3632 1537 meum
3684 1484 3835 1552 quod

2185 1563 2283 1618 tibi
2321 1564 2727 1621 accommodavi
2764 1570 3084 1638 argentum;
3127 1575 3389 1625 statutum
3423 1571 3566 1626 enim
3618 1577 3839 1641 tempus

2183 1660 2292 1708 tum
2325 1655 2708 1723 promissionis
2737 1656 2976 1712 advenit.
3021 1675 3049 1708 ››
3091 1659 3240 1714 Tunc
3278 1658 3438 1713 fallax
3467 1660 3680 1715 amicus
3717 1666 3835 1716 tor-

461 1746 893 1815 omnipotentem
950 1761 1168 1816 egressa
1217 1753 1300 1802 est
1329 1749 1614 1803 Dominum
1649 1747 1807 1818 (108).
1850 1749 1916 1804 Hi
1968 1763 2097 1805 vero
2119 1753 2165 1810 Β
2188 1743 2268 1797 vis
2306 1758 2427 1799 eum
2461 1744 2679 1800 intuens
2708 1745 2903 1811 oculis,
2937 1747 3259 1818 asperisque
3286 1763 3408 1804 cum
3448 1763 3517 1803 eo
3549 1749 3838 1819 loquendo

461 1835 553 1903 qui
587 1835 641 1888 in
673 1835 863 1889 eadem
896 1835 1030 1890 hora
1090 1837 1143 1891 in
1191 1850 1254 1891 ea
1303 1837 1476 1899 domo,
1517 1845 1820 1906 praesentes
1857 1836 2098 1904 fuerunt,

461 1925 644 1978 testati
683 1930 811 1979 sunt
850 1925 998 1994 quod
1048 1925 1172 1980 talis
1221 1940 1410 1982 eorum
1449 1941 1610 1983 nares
1649 1933 1704 1984 et
1742 1941 1838 1984 ora
1876 1929 2100 1985 intravit

459 2013 618 2079 odor,
656 2014 812 2083 quasi
843 2014 936 2069 illa
995 2013 1190 2071 domus
1230 2017 1484 2072 omnibus
1521 2019 1858 2072 aromatibus
1907 2017 2099 2074 fuisset

458 2103 637 2172 plena,
681 2103 824 2158 sicut
861 2118 1009 2173 saepe
1049 2105 1105 2159 in
1144 2105 1375 2161 aliorum
1406 2111 1720 2162 sanctorum
1778 2107 1929 2163 exitu
1969 2121 2102 2163 con-

456 2191 578 2262 tigit
612 2212 623 2246 :
657 2192 898 2247 Pretiosa
956 2199 1039 2249 est
1077 2194 1218 2249 enim
1277 2195 1331 2249 in
1387 2200 1666 2267 conspectu
1716 2198 1930 2253 Domini
1960 2212 2096 2254 mors

452 2284 751 2336 sanctorum
779 2281 890 2351 ejus
920 2281 1082 2351 (1)εαί.
1116 2297 1239 2349 cxv,
1287 2283 1391 2349 15).

529 2368 611 2424 13.
672 2370 978 2427 Praedictus
1034 2385 1162 2428 vero
1219 2373 1548 2429 venerabilis
1595 2374 1765 2430 abbas
1820 2375 2093 2443 Bertinus,

449 2459 639 2514 divina
693 2460 799 2515 sibi
858 2462 1033 2531 gratia
1094 2462 1390 2529 revelante,
1431 2464 1615 2519 statim
1663 2464 1730 2519 ad
1781 2464 1960 2520 locum
2001 2467 2094 2522 ubi

373 2614 384 2624 .
450 2549 784 2605 venerabilis
829 2565 998 2607 senex
1035 2551 1175 2606 obiit
1231 2566 1352 2607 cum
1402 2554 1516 2608 suis
1570 2553 1849 2623 pergendo
1898 2568 2091 2610 mona-

451 2637 590 2705 chis,
632 2652 848 2695 sacrum
899 2641 958 2694 B.
999 2640 1295 2696 Audomari
1347 2655 1550 2712 corpus
1596 2657 1718 2698 cum
1770 2643 1992 2713 psalmis
2039 2649 2094 2700 et

450 2727 664 2797 hymnis
720 2733 775 2784 et
830 2729 1060 2785 canticis
1114 2731 1181 2786 ad
1241 2731 1420 2787 locum
1476 2732 1776 2803 sepulturae
1825 2733 2090 2802 deduxit,

448 2830 681 2886 eumque
730 2817 786 2873 in
835 2818 1101 2888 pradicta
1141 2819 1374 2876 ecclesia
1412 2836 1572 2891 quam
1605 2822 1696 2877 ille
1735 2824 1794 2878 Β.
1847 2822 2092 2892 pontifex

447 2905 503 2960 in
565 2907 746 2962 Sithiu
813 2908 1102 2964 aedificavit
1167 2923 1289 2965 cum
1356 2910 1620 2967 immenso
1687 2912 2093 2968 circumstantis

448 2995 638 3065 populi
668 2995 1008 3067 sepelierunt
1037 2997 1187 3054 luctu
1241 2999 1422 3070 (109).
1465 3002 1697 3056 Sanctus
1726 3001 1871 3057 enim
1899 3003 2088 3058 Audo-

2186 1834 2388 1899 verbis,
2427 1834 2620 1889 audaci
2653 1835 2835 1890 animo
2858 1835 3063 1905 juravit
3092 1838 3342 1907 negando
3375 1840 3524 1908 quod
3555 1853 3839 1910 nunquam

2182 1922 2250 1976 ab
2283 1936 2347 1977 eo
2381 1922 2553 1978 ullum
2606 1924 2912 1993 accepisset
2959 1925 3304 1994 scriptulum.
3373 1928 3524 1982 Tunc
3579 1928 3677 1984 ille
3739 1931 3830 1999 qui

2185 2012 2511 2081 praedictum
2569 2014 3002 2069 accommodavit
3032 2015 3292 2081 solidum,
3326 2024 3472 2072 recta
3543 2020 3833 2087 respondit

2183 2102 2395 2158 ratione
2428 2103 2619 2158 dicens
2650 2122 2663 2157 :
2701 2122 2726 2150 ‹‹
2768 2104 3064 2172 Pergamus
3091 2104 3252 2160 simul
3283 2119 3456 2175 usque
3487 2106 3555 2160 ad
3589 2108 3650 2161 B.
3693 2121 3833 2162 con-

2181 2189 2408 2247 fessoris
2437 2191 2640 2248 Christi
2688 2191 2982 2247 Audomari
3030 2193 3343 2249 venerabile
3390 2195 3731 2264 sepulcrum,
3774 2205 3831 2252 ut

2183 2283 2243 2333 tu
2273 2281 2407 2335 mihi
2434 2281 2637 2336 ibidem
2688 2295 2786 2351 per
2830 2281 3072 2351 gloriosa
3111 2283 3358 2352 ejusdem
3407 2283 3690 2353 pontiﬁcis
3719 2299 3830 2340 me.

2180 2369 2284 2425 rita
2317 2371 2555 2440 jurando
2603 2370 2893 2426 confirmes
2931 2371 3079 2440 quod
3119 2371 3209 2428 hic
3247 2386 3450 2446 negare
3512 2375 3756 2430 conaris.
3800 2395 3825 2424 υ

2178 2458 2328 2513 Tunc
2380 2458 2471 2514 ille
2521 2459 2688 2514 miser
2735 2458 3002 2525 mortalis,
3057 2459 3196 2514 lucri
3244 2475 3429 2516 amore
3479 2469 3722 2518 caecatus
3775 2470 3828 2518 et

2177 2561 2208 2603 a
2241 2548 2490 2618 principe
2545 2548 2816 2603 mendacii
2864 2547 3086 2604 diabolo
3118 2549 3281 2604 etiam
3312 2549 3680 2618 confortatus,
3733 2554 3825 2622 qui

2176 2637 2411 2694 mendax
2459 2636 2561 2693 fuit
2589 2638 2657 2693 ab
2690 2638 2850 2693 initio
2901 2644 2956 2692 et
3002 2637 3058 2692 in
3089 2639 3316 2694 veritate
3356 2653 3464 2696 non
3505 2643 3684 2707 stetit,
3728 2656 3828 2697 ve-

2175 2741 2311 2784 sano
2368 2727 2550 2783 animo
2595 2726 2663 2782 ad
2723 2728 2781 2781 B.
2821 2725 3116 2782 Audomari
3156 2727 3334 2783 iturus
3385 2728 3672 2785 basilicam
3724 2732 3827 2786 iter

2179 2804 2432 2886 arripuit,
2467 2821 2691 2886 paratus
2719 2816 2884 2872 etiam
2914 2817 2971 2871 in
3018 2830 3115 2871 sua
3173 2818 3577 2887 perseverando
3619 2821 3824 2890 nequi-

2175 2908 2251 2962 tia
2284 2908 2588 2976 pcrjurium
2619 2906 2906 2977 perlicere.
2939 2906 3089 2961 Tunc
3136 2906 3296 2962 ambo
3337 2907 3548 2978 asperis
3588 2910 3742 2965 inter
3769 2925 3825 2966 se

2177 2995 2467 3065 loquentes
2498 2996 2703 3062 verbis,
2737 3009 2835 3065 per
2863 3008 3023 3050 unam
3049 2995 3405 3051 commeando
3448 2997 3590 3052 viam
3643 2999 3713 3054 ad
3745 3014 3824 3056 ve-

448 3098 631 3139 marus
671 3086 832 3142 beato
890 3086 1147 3155 praedixit
1177 3088 1399 3144 Bertino
1449 3091 1772 3160 cunctisque
1830 3081 2477 3148 fratribttanerabilem
2528 3087 2588 3142 Β.
2646 3084 2938 3141 Audomari
3007 3084 3306 3152 basilicam,
3361 3100 3480 3141 eam
3535 3088 3821 3144 cernendo

450 3178 697 3243 tempore
758 3174 852 3230 illo
905 3176 1136 3232 Domino
1204 3178 1258 3232 in
1324 3179 1500 3234 Sithiu
1557 3180 1923 3236 servientibus
1959 3223 1972 3248 ,
2032 3187 2092 3237 ut
2173 3175 2646 3244 approximabant.
2692 3176 2844 3230 Tunc
2901 3173 2994 3229 ille
3043 3174 3137 3244 qui
3185 3175 3421 3231 solidum
3474 3178 3819 3247 requirebat.

449 3263 669 3332 quando
700 3264 750 3320 ei
784 3277 932 3320 mors
960 3265 1172 3321 incerta
1219 3271 1478 3323 extremae
1543 3269 1868 3340 contigisset
1912 3270 2086 3338 horae,
2171 3264 2238 3320 ad
2271 3279 2428 3320 suum
2468 3266 2545 3320 ait
2584 3271 2919 3334 compatrem
2954 3284 2966 3320 :
3005 3285 3030 3313 εί
3072 3263 3210 3332 Quid
3251 3265 3412 3321 nobis
3459 3273 3544 3322 est
3586 3282 3820 3326 necesse

443 3351 500 3407 in
552 3353 820 3423 praedicto
903 3354 1028 3410 loco
1094 3369 1251 3411 suum
1309 3357 1610 3426 sepelirent
1675 3359 2083 3430 corpusculum.

446 3442 617 3499 Parvo
657 3444 826 3514 igitur
882 3445 1148 3515 temporis
1195 3445 1503 3514 intervallo,
1557 3453 1845 3518 postquam
1885 3463 2112 3527 corpus-

443 3532 773 3588 venerabilis
828 3532 930 3588 viri
977 3535 1034 3589 in
1092 3535 1359 3604 praadicto
1411 3536 1534 3592 loco
1591 3535 1694 3592 fuit
1768 3538 2082 3608 sepultum,

436 3622 592 3692 juxta
629 3622 942 3692 sepulcrum
984 3625 1103 3694 ejus
1141 3625 1486 3695 expendentc
1535 3626 1774 3696 desuper
1813 3627 2082 3698 lampade,

441 3710 629 3768 divino
678 3711 884 3768 lumine
922 3713 1151 3784 repleta,
1187 3729 1286 3785 per
1344 3716 1553 3786 prolixa
1609 3730 1875 3772 annorum
1908 3718 2084 3788 spatia

439 3801 718 3860 lucitluum
771 3803 1012 3860 stillabat
1049 3805 1251 3862 oleum.
1286 3808 1344 3861 ln
1395 3806 1500 3863 hoc
1538 3821 1666 3864 vero
1698 3807 1933 3863 divinam
1974 3808 2086 3864 cle-

443 3893 700 3948 mentiam
742 3893 1039 3963 diligenter
1085 3894 1429 3952 intuentibus
1459 3902 1687 3967 apparet
1723 3901 1978 3968 quantam
2028 3898 2082 3952 in

440 3989 742 4051 conspectu
782 3983 975 4038 aeterni
1006 3985 1152 4054 regis
1190 3985 1384 4042 beatus
1412 4001 1544 4042 suus
1591 3986 1877 4044 confessor
1903 3987 2084 4044 Audo-

441 4084 625 4126 marus
678 4071 908 4142 gloriam
964 4073 1149 4142 habet,
1192 4090 1315 4130 cum
1366 4077 1521 4145 juxta
1571 4091 1727 4132 suum
1766 4077 2080 4134 venerabile

439 4159 753 4229 sepulcrum
817 4159 1059 4229 gloriosa
1117 4176 1264 4232 saepe
1314 4163 1599 4232 hucusque
1629 4164 1873 4220 ostendit
1901 4165 2077 4235 signa.

436 4248 588 4305 Multi
619 4249 764 4305 enim
803 4250 969 4306 variis
1033 4249 1390 4323 languoribus
1447 4251 1676 4324 fatigati,
1732 4267 1854 4309 cum
1903 4253 1971 4309 ad
2017 4256 2076 4310 Β.

432 4339 730 4395 Audomari
791 4339 1058 4396 tumulum
1125 4341 1501 4410 perveniunt,
1571 4342 1753 4398 divina
1810 4343 2076 4414 largiente

2170 3353 2239 3409 ad
2275 3357 2332 3410 B.
2374 3354 2669 3410 Audomari
2709 3355 2938 3424 prepius
2975 3354 3240 3410 accedere
3301 3356 3629 3413 basilicam?
3669 3359 3821 3416 Deus

2169 3444 2313 3498 enim
2355 3445 2557 3514 ubique
2597 3457 2843 3514 praesens
2881 3450 2982 3511 est,
3021 3445 3146 3514 jura
3183 3445 3318 3500 mihi
3356 3445 3412 3501 in
3450 3446 3558 3503 isto
3599 3447 3730 3504 loco
3760 3450 3819 3504 in

2168 3547 2278 3603 quo
2317 3541 2542 3601 stamus,
2588 3549 2686 3603 per
2714 3535 2773 3588 Β.
2814 3533 3109 3589 Audomari
3148 3535 3360 3604 merita,
3404 3537 3552 3606 quod
3595 3552 3819 3595 accom-

2168 3623 2445 3678 modatum
2484 3638 2515 3678 a
2553 3637 2638 3678 me
2697 3636 2807 3678 non
2845 3623 3108 3692 accepisti
3146 3623 3406 3680 solidum.
3449 3646 3475 3673 ιι
3518 3627 3673 3682 Tunc
3723 3627 3818 3683 ille

2167 3713 2389 3783 iniquus
2427 3711 2730 3768 extendens
2769 3725 2979 3778 manus,
3021 3712 3373 3784 linguamque
3408 3713 3478 3770 ad
3517 3715 3818 3785 proferen-

2165 3802 2294 3857 dum
2337 3802 2638 3872 perjurium
2679 3815 2925 3869 movens,
2975 3803 3278 3873 oculosque
3315 3803 3384 3859 ad
3423 3804 3714 3862 basilicam
3756 3808 3815 3862 Β.

2162 3890 2457 3946 Audomari
2497 3891 2736 3959 elevans,
2778 3891 2963 3946 subito
3022 3891 3231 3948 ultione
3289 3907 3586 3963 percussus
3627 3896 3817 3952 divina

2163 3993 2372 4049 pronus
2409 3980 2478 4036 ad
2529 3987 2731 4036 terram
2771 3979 2993 4047 cecidit,
3026 3979 3283 4051 oculique
3337 3983 3395 4037 in
3453 3983 3652 4040 eodem
3693 4001 3818 4042 cre-

2163 4075 2400 4140 puerunt
2428 4076 2705 4127 momento
2749 4089 2762 4127 :
2806 4076 2860 4126 et
2889 4070 3138 4140 posthaec
3166 4070 3384 4126 duobus
3405 4077 3588 4128 tamen
3611 4074 3815 4132 diebus

2161 4160 2271 4215 vita
2309 4159 2414 4215 sibi
2455 4173 2738 4227 concessa,
2770 4159 2837 4215 ad
2891 4159 3181 4217 terrendos
3217 4160 3477 4218 videlicet
3514 4162 3658 4219 alios
3713 4166 3811 4235 qui

2161 4263 2284 4304 eum
2323 4250 2379 4304 in
2430 4249 2525 4305 tali
2562 4251 2815 4320 angustia
2853 4249 3126 4319 viderunt,
3167 4249 3258 4307 die
3297 4251 3459 4308 tertia
3498 4253 3816 4311 miserrima

2161 4337 2453 4395 defunctus
2481 4344 2565 4395 est
2602 4344 2799 4396 morte.

432 4427 608 4498 gratia
639 4470 654 4496 ,
707 4429 944 4485 subitam
1000 4430 1275 4500 recipiunt
1347 4431 1659 4488 sanitatem.
1716 4417 2142 4503 OmnipotensD
2235 4428 2317 4484 15.
2359 4431 2454 4484 Est
2492 4442 2623 4500 ergo
2647 4429 2796 4484 aliud
2837 4428 3161 4486 miraculum
3191 4430 3340 4500 quod
3379 4445 3481 4501 per
3516 4432 3580 4487 Β.
3611 4434 3816 4491 Audo-

435 4516 578 4572 enim
611 4519 873 4575 Dominus
901 4533 1012 4577 non
1044 4519 1220 4576 solum
1269 4520 1540 4591 gloriosas
1588 4536 1687 4592 per
1723 4536 1855 4579 suos
1906 4522 2075 4579 famu-

432 4604 517 4660 los
550 4607 766 4676 perlicit
794 4609 1026 4666 virtutes
1057 4609 1184 4665 dum
1216 4609 1318 4665 hac
1349 4616 1578 4666 utuntur
1613 4610 1742 4678 vita,
1799 4612 1896 4668 sed
1949 4618 2074 4683 post

429 4693 645 4752 felicem
688 4712 878 4755 eorum
940 4699 1171 4762 obitum,
1203 4699 1376 4770 signis
1429 4714 1494 4756 ac
1530 4700 1824 4757 virtutibus
1876 4702 1932 4758 in
1990 4703 2073 4759 di-

429 4785 604 4840 versis
634 4787 822 4843 mundi
881 4789 1131 4857 partibus
1186 4801 1283 4844 eos
1337 4787 1646 4860 gloriﬁcare
1705 4803 1815 4846 non
1870 4797 2067 4858 cessat,

427 4872 574 4931 sicut
603 4889 704 4945 per
762 4877 1084 4947 praedictum
1125 4879 1304 4948 agium
1343 4892 1500 4934 suum
1550 4877 1920 4936 confessorem
1965 4884 2072 4937 Au-

429 4963 714 5021 domarum
771 4964 969 5020 multas
1025 4971 1152 5036 post
1179 4967 1390 5022 obitum
1437 4981 1596 5023 suum
1639 4965 1772 5024 fecit
1816 4969 2067 5039 virtutes,

501 5053 975 5131 (108)__l‘{imirum
1030 5055 1086 5131 in
1141 5054 1269 5131 villa
1344 5057 1650 5131 Waurantis
1713 5059 2064 5131 (Wauarant)

428 5141 552 5197 qua:
585 5140 623 5199 a
652 5125 1011 5199 Sithiuitribus
1037 5127 1148 5199 fere
1168 5127 1328 5182 distat
1351 5125 1594 5199 millibus,
1630 5125 1807 5199 inquit
1835 5125 2067 5199 lperius,

428 5211 538 5268 quo
577 5198 633 5253 in
665 5197 791 5270 loco
821 5198 876 5270 S.
908 5198 1263 5254 Austreberta
1301 5197 1479 5254 velum
1509 5199 1576 5255 ab
1605 5197 1727 5270 ipso
1758 5197 2068 5260 Audomaro

427 5271 708 5326 accepisse
740 5269 961 5326 dicitur.

502 5340 658 5413 (109)
726 5341 1094 5412 Interpolator
1147 5341 1223 5396 ita
1274 5341 1469 5397 scribit
1528 5362 1540 5397 :
1603 5341 1936 5413 Translatum
1991 5352 2068 5403 est

428 5417 599 5485 autem
633 5412 840 5485 corpus
886 5413 998 5483 ejus
1049 5427 1083 5469 a
1119 5413 1546 5485 reverendissimo
1607 5412 1796 5471 abbate
1854 5417 2066 5474 Βενιίηο

426 5497 493 5538 ac
538 5482 706 5557 choro
741 5482 1162 5557 monachorum,
1212 5490 1296 5557 et“
1321 5483 1575 5557 sepultum
1629 5500 1743 5542 cum
1797 5484 1966 5556 gloria
2013 5489 2068 5544 in

425 5555 740 5639 monasterio
778 5556 976 5639 Sithiu,
1034 5556 1090 5612 in
1143 5554 1585 5639 bqsiticgiquant.
1615 5557 1728 5639 ipse
1769 5554 2067 5639 praeturas

423 5624 664 5699 pontifex
717 5626 773 5680 in
817 5627 1012 5683 honore
1062 5631 1258 5682 sanctae
1304 5626 1400 5682 Dei
1422 5624 1711 5697 "genitricis
1758 5624 1949 5687 Maria:
1995 5633 2064 5687 ad

2156 4517 2291 4572 mari
2330 4520 2522 4575 merita
2578 4517 2780 4574 factum
2819 4516 2986 4574 fuisse
3026 4531 3137 4574 non
3193 4518 3498 4588 dubitatur,
3537 4521 3814 4594 quodque

2155 4622 2329 4678 usque
2359 4609 2427 4664 ad
2457 4614 2784 4678 praesentem
2814 4607 2980 4675 diem,
3013 4608 3197 4664 divina
3228 4616 3494 4680 operante
3527 4615 3813 4681 potentia,

2155 4697 2322 4752 certis
2353 4696 2665 4753 declaratur
2702 4696 2942 4752 indiciis.
2987 4696 3229 4765 Quadam
3267 4696 3411 4754 forte
3450 4698 3539 4754 die
3572 4699 3708 4756 dum
3742 4702 3813 4757 de

2156 4786 2504 4842 Terwanensi
2543 4787 2680 4842 urbe
2724 4785 2793 4842 ad
2832 4786 3011 4842 vicina
3065 4793 3324 4857 pergeret
3361 4786 3503 4854 loca,
3564 4803 3815 4860 cumque

2155 4877 2476 4933 meridianis
2513 4875 2623 4932 diei
2663 4875 2817 4932 horis
2854 4889 3078 4946 parvum
3126 4875 3392 4946 pausandi
3429 4878 3670 4946 spatium
3703 4895 3812 4936 suo

2152 4966 2417 5022 voluisset
2481 4965 2767 5036 indulgere
2818 4964 3170 5035 corpusculo,
3213 4966 3315 5021 sub
3355 4966 3593 5036 quadam
3627 4969 3812 5039 jacuit

2156 5055 2461 5136 tumulando
2480 5054 2866 5136 monachorum
2897 5068 3174 5136 corpora“
3201 5059 3594 5136 construxerat:
3616 5125 3632 5136 ‘
3657 5057 3808 5136 Lege

2154 5129 2326 5182 Vitam
2365 5129 2420 5183 S.
2480 5127 2706 5182 Bertini.
2765 5125 2979 5198 lperius
3016 5124 3070 5180 in
3117 5124 3346 5192 Chron.,
3387 5139 3520 5198 cap.
3554 5125 3663 5198 _‘ll,
3699 5124 3802 5198 §'l

2151 5200 2348 5254 scribit
2397 5198 2762 5268 Fridogisumﬂ
2795 5197 3047 5252 abbatem
3102 5199 3421 5252 saecularem
3469 5196 3810 5255 Sithivetisis

2153 5271 2479 5326 monasterii
2510 5267 2800 5340 in’capetla
2828 5272 3042 5340 sancta
3077 5269 3172 5323 Dei
3213 5268 3510 5334 Genitricis,
3529 5285 3707 5340 quam
3737 5274 3807 5327 Β.

2154 5343 2488 5398 Audomarus
2553 5341 2625 5396 ad
2657 5339 2673 5340 ί
2695 5339 3021 5412 sepeliendos
3072 5340 3365 5412 monachos
3436 5339 3808 5409 dedicat-erat,

2153 5413 2388 5485 expulsis
2464 5409 2816 5485 quadraginta
2855 5409 3175 5485 imonachis,
3237 5411 3452 5485 triginta
3516 5413 3812 5485 canonicos

2151 5481 2439 5540 sticulares
2472 5481 2796 5539 instituisse.
2848 5484 3003 5539 Nunc
3051 5488 3136 5538 est
3180 5481 3414 5538 ecclesia
3462 5482 3811 5540 cathedralis

2146 5554 2725 5626 Audomampolitana.
