4106 6178
345 280 480 337 1189

1720 281 1872 339 νιτΑ
1910 282 1965 340 8.
2006 282 2332 342 OSWALDI.

3578 286 3715 345 1190

338 406 540 463 arbore
572 416 684 461 non
714 402 879 476 longe
902 417 933 460 a
958 401 1085 461 villa
1114 417 1239 474 quae
1266 405 1545 461 Orneacus
1570 410 1817 462 vocatur.
1850 405 2056 468 DumA
2075 405 2285 463 idcirco
2316 405 2412 462 tali
2440 419 2586 463 nunc
2615 405 2820 464 lumine
2850 405 3040 480 fulget,
3064 409 3195 479 quia
3223 422 3290 466 ex
3318 411 3378 467 Β.
3398 411 3709 472 Audomaro

337 508 468 551 vero
497 494 582 549 vir
609 492 942 549 venerabilis
978 491 1310 564 evigilasset,
1349 492 1584 566 ligneam
1624 496 1807 550 statim
1837 495 1986 551 dola-

336 585 415 640 vit
447 597 691 650 crucem,
719 589 775 638 et
798 597 917 639 eam
948 582 1004 638 in
1035 583 1300 652 praedicta
1328 584 1432 640 sub
1454 598 1560 654 qua
1586 584 1759 654 jacuit
1786 585 1985 641 arbore

341 672 495 741 fixit;
549 674 605 728 in
641 672 895 743 sequenti
926 685 1057 728 vero
1088 678 1250 729 nocte
1283 673 1339 728 in
1388 672 1583 729 eodem
1632 673 1756 730 loco
1787 675 1842 729 in
1873 688 1983 745 quo

335 763 491 833 agius
538 762 742 818 Christi
788 759 1074 817 confessor
1112 762 1307 831 jacuit,
1357 762 1682 818 immensum
1728 766 1985 833 apparuit

335 852 543 917 lumen,
577 840 878 921 omnesque
918 850 976 905 in
1023 850 1171 905 illius
1208 850 1315 907 loci
1363 852 1599 907 circuitu
1648 852 1980 920 habitantes,

334 942 443 998 hoc
471 942 724 997 videntes
753 940 1077 995 miraculum
1108 939 1365 996 dicebant
1393 962 1407 997 :
1443 960 1471 993 ‹‹
1503 942 1604 997 llic
1633 943 1795 998 etiam
1826 942 1981 999 locus

408 1048 568 1121 (110)
611 1047 1331 1121 Interpolatorgaliarefert
1375 1051 1429 1106 S.
1471 1049 1769 1106 Audomari
1809 1051 1977 1107 mira-

334 1119 479 1187 cula,
512 1121 582 1176 de
630 1134 728 1176 reo
767 1133 940 1189 prope
986 1119 1268 1176 basilicam
1311 1120 1367 1176 in
1406 1135 1512 1191 qua
1550 1123 1605 1178 S.
1637 1122 1980 1179 Audomarus

328 1193 566 1262 jacebat,
609 1191 853 1260 ejusdem
891 1192 944 1246 S.
989 1192 1200 1246 meritis
1235 1191 1456 1258 soluto;
1507 1192 1576 1247 de
1625 1193 1862 1263 quodam
1901 1196 1980 1250 vi-

334 1277 453 1320 nea:
474 1263 799 1319 Sithivensis
828 1263 1138 1332 praedatore
1169 1265 1362 1332 punito
1384 1271 1439 1319 et
1458 1270 1680 1330 sanato;
1712 1265 1781 1320 de
1805 1280 1976 1335 puero

333 1349 364 1391 e
414 1336 565 1405 putei
616 1335 770 1404 lapsu
820 1335 1049 1390 reducto
1098 1336 1379 1391 incolumi.
1452 1336 1586 1391 Aliis
1634 1337 1852 1392 omissis
1896 1340 1977 1393 sic

333 1407 509 1462 Vitam
560 1405 843 1461 concludit
876 1426 889 1461 :
930 1407 1086 1479 Rexit
1114 1412 1305 1479 autem
1340 1405 1633 1479 Ecclesium
1680 1423 1775 1478 per
1800 1411 1976 1479 spatia

334 1479 552 1546 triginta
581 1492 857 1533 annorum:
884 1482 1040 1549 atque
1065 1477 1147 1532 his
1166 1478 1406 1549 expletis,
1430 1478 1614 1534 ultima
1635 1477 1974 1549 depositionis

334 1493 552 1546 triginta
581 1493 857 1533 annorum:
884 1493 938 1532 at
974 1493 1040 1532 ue
1065 1493 1147 1532 ms
1166 1493 1406 1549 expleas,
1430 1493 1614 1534 umma
1635 1493 1972 1549 depositionis

330 1548 484 1616 hora,
524 1549 889 1621 circumstante
935 1493 1164 1621 gadium
1211 1549 1583 1621 discipulorum
1628 1550 1972 1615 multitudine,

334 1635 385 1691 vi
416 1621 549 1676 Idus
597 1619 855 1691 Septemb.
906 1619 1091 1690 plenus
1138 1619 1355 1690 Spiritu
1385 1626 1566 1676 sancto
1615 1622 1855 1690 migravit
1905 1623 1975 1679 ad

330 1690 592 1765 Christum
617 1712 633 1745 :
658 1690 811 1765 cujus
840 1705 1037 1765 corpus
1054 1691 1364 1765 translatum
1390 1698 1466 1748 est
1498 1692 1571 1763 (id
1603 1700 1686 1749 est
1710 1694 1970 1765 delatum)

2067 497 2125 552 in
2172 496 2523 567 praecedente
2561 496 2651 554 die
2701 496 2905 553 ibidem
2964 497 3245 569 paulisper
3293 507 3556 570 pausante
3606 502 3708 559 fuit

2067 592 2423 642 consecratus
2469 592 2635 656 atque
2675 585 3001 642 benedictus
3039 587 3201 657 (110).
3233 606 3262 639 »
3314 590 3378 644 Et
3416 604 3589 661 usque
3637 591 3704 646 ad

2067 680 2392 744 prmsentem
2424 675 2568 731 diem
2608 673 2765 730 multi
2800 675 2998 730 inﬁrmi
3028 676 3084 730 in
3116 676 3308 733 eodem
3349 677 3475 734 loco
3504 681 3707 735 sanita-

2066 770 2175 819 tem
2207 764 2502 835 recipiunt,
2527 764 2794 835 largiente
2823 766 3054 821 Domino
3084 773 3277 823 nostro
3305 768 3433 823 Jesu
3463 768 3702 837 Christo,

2064 854 2154 908 cui
2192 859 2277 910 est
2306 854 2485 910 honor
2512 858 2567 909 et
2594 853 2770 924 gloria
2809 867 2931 910 cum
2971 856 3130 910 Patre
3160 862 3216 911 et
3256 857 3462 927 Spiritu
3509 866 3703 914 sancto

2063 956 2164 1012 per
2193 949 2397 999 aeterna
2425 943 2646 999 saecula.
2677 946 2867 998 Amen.

2062 1049 2199 1121 ligas
2262 1049 2630 1106 Audomarum
2678 1049 2894 1106 abbatis
2940 1050 3163 1108 nomine
3208 1051 3445 1109 concilio
3495 1054 3705 1111 Rotho—

2061 1123 2305 1195 magensi
2334 1122 2437 1195 sub
2474 1122 2745 1195 Ansberto
2784 1135 2904 1195 non
2936 1122 3349 1195 subscripsisse,
3385 1131 3443 1179 ut
3481 1124 3701 1195 quidam

2063 1198 2187 1263 post
2232 1193 2522 1249 Baronium
2569 1194 2741 1248 aiunt.
2789 1192 3131 1250 Audomarus
3158 1192 3579 1251 ’Waldetrudem
3618 1212 3703 1253 sa-

2060 1264 2332 1328 cerdotio,
2373 1264 2782 1320 Austrcbertam
2825 1270 2879 1319 et
2908 1265 3316 1322 Waldetrudem
3347 1267 3468 1323 velo
3508 1283 3703 1324 conse-

2059 1350 2243 1392 crasse
2282 1337 2338 1391 in
2378 1337 2620 1406 propriis
2658 1337 2888 1392 istorum
2935 1343 3248 1393 sanctorum
3286 1340 3436 1394 Actis
3474 1339 3697 1396 dicitur.

2057 1407 2484 1480 Commendatur
2525 1409 2583 1463 in
2613 1408 2833 1480 sincero
2867 1409 3099 1464 Usuardi
3128 1409 3515 1480 Martyrologio
3545 1426 3580 1465 v
3617 1412 3700 1467 ld.

2057 1480 2338 1550 Septemb.
2389 1479 2476 1535 his
2522 1479 2705 1535 verbis
2749 1499 2762 1535 :
2812 1482 2877 1535 In
2929 1481 3191 1535 territorio
3248 1479 3596 1537 Tamennensi
3632 1484 3695 1539 S.

2056 1551 2303 1606 Autmari
2349 1552 2508 1622 episc.
2559 1556 2608 1606 et
2655 1551 2792 1621 conf.
2850 1552 2915 1606 Et
2960 1552 3106 1621 apud
3152 1551 3444 1608 Adonem:
3485 1552 3701 1610 Natalis

2056 1623 2120 1678 S.
2170 1622 2463 1677 Audomari
2518 1623 2918 1677 Tarwanuensis
2973 1624 3222 1694 episcopi,
3272 1625 3417 1693 cujus
3466 1622 3699 1693 gloriosa

2061 1694 2384 1749 conversatio
2408 1694 2783 1766 miraculorum
2806 1693 3070 1765 praeconio
3103 1693 3454 1751 collaudatur.
3487 1697 3700 1766 Corpus

332 1778 367 1817 a
414 1763 480 1819 s.
520 1739 754 1827 Bertini,
796 1767 845 1816 et
889 1739 1144 1834 sepultum
1188 1763 1245 1817 in
1291 1739 1973 1831 ηιοηαὲὠᾱοᾝίῖῑῖῑίἷξῗὶί
1993 1739 2041 1797 Β
2062 1739 3702 1834 εἷάέ’ἰιῗὸεείέεἰεῖ’ἐίῖιίίγὲᾖὲἰξῖιῖὄὶιὶεὶἒῖᾗ’ἦέὗὲιίιιῗρἵἷ

328 1838 539 1901 gnante,
571 1839 678 1889 etc.
730 1833 968 1888 Proinde
1014 1835 1068 1890 S.
1110 1833 1406 1889 Audomari
1454 1835 1858 1892 ordinationem
1897 1837 1965 1892 ad

327 1918 531 1960 annum
581 1905 729 1961 circa
773 1904 899 1970 617,
951 1905 1046 1975 qui
1097 1906 1391 1976 Dagoberti
1454 1907 1787 1976 penultimus
1842 1907 1964 1974 fuit,

327 1982 559 2033 mortem
588 1989 718 2033 vero
746 1989 892 2032 anno
922 1977 1068 2032 circa
1106 1976 1212 2029 647
1241 1976 1595 2033 collocamus.
1630 1979 1768 2034 Hinc
1808 1978 1970 2035 intel-

2052 1843 2137 1892 ter
2165 1843 2329 1906 caput
2366 1842 2422 1891 et
2458 1851 2583 1891 ossa
2613 1836 2886 1906 quaedam,
2915 1850 3038 1906 qua:
3070 1836 3125 1891 in
3158 1838 3217 1891 B.
3250 1838 3432 1893 Maria:
3463 1836 3697 1894 ecclesia

2050 1907 2590 1977 Audomaripolitana
2622 1914 2928 1962 servantur.
2954 1909 3028 1962 De
3061 1908 3180 1977 ejus
3198 1908 3363 1963 variis
3389 1908 3701 1964 translatio-

2051 1979 2234 2045 nibus,
2259 1978 2327 2033 ad
2353 1979 2523 2034 Vitam
2554 1981 2608 2034 S.
2632 1979 2839 2034 Bertini
2868 1992 3094 2050 agemus
3121 1977 3335 2035 Samnio
3361 1979 3697 2050 insequenti.

1199 2224 1627 2355 VITA
1732 2225 1860 2355 S.
1974 2224 2807 2355 OSWALDI

1000 2430 1299 2486 EPISCOPI
1338 2431 1829 2497 WIGORNIENSIS
1866 2432 1950 2486 ET
1987 2431 2497 2487 ARCHIEPISCOPI
2536 2431 3013 2498 EBORACENSIS,

1437 2554 1704 2614 Auctore
1746 2572 2046 2634 anonymo
2091 2554 2333 2616 incerta
2376 2554 2594 2615 atatis.

743 2685 991 2757 (MARILL.
1022 2688 1158 2743 Acta
1188 2688 1296 2745 SS.
1332 2687 1528 2744 Bened.
1557 2689 1696 2743 Saec.
1728 2689 1814 2753 V.,
1851 2693 2006 2758 parte
2043 2686 2090 2755 l,
2134 2702 2256 2759 pag.
2288 2687 2416 2756 727,
2449 2702 2517 2743 ex
2546 2689 2846 2760 Capgravio
2875 2694 2932 2745 et
2959 2688 3265 2759 Bollando.)

1090 2905 2046 3021 OBSERVATION
2062 2906 2219 3019 ES

2347 2906 2922 3023 ΡΗᾸΝΙΕ

398 3084 565 3157 ΙτΕχ
604 3084 950 3157 tribusillis,
981 3100 1123 3156 quos
1159 3101 1308 3157 saape
1354 3085 1713 3153 laudavimus,
1754 3086 1969 3142 eximiis
1989 3087 2032 3146 C
2054 3085 2412 3157 monasterio,
2444 3084 2592 3155 quod
2622 3084 2812 3157 itidem
2843 3082 3094 3157 Oswaldo
3126 3083 3393 3157 originem
3426 3096 3577 3157 suam
3610 3096 3696 3138 re-

317 3155 529 3227 Angliae
559 3156 858 3227 episcopis,
890 3152 1190 3224 Dunstano,
1233 3152 1577 3213 Ethelwoldo
1609 3165 1663 3213 et
1690 3157 1965 3224 Oswaldo,
2052 3155 2158 3213 fert
2211 3152 2512 3227 acceptam.
2573 3156 2679 3212 Sed
2737 3169 2851 3225 prae
2900 3155 3118 3211 cmteris
3164 3155 3387 3227 illustre
3427 3152 3529 3210 fuit
3569 3166 3693 3227 mo:

320 3226 445 3300 aliis
473 3227 691 3283 duobus
728 3226 1030 3298 supervixit
1076 3228 1379 3300 Oswaldus,
1432 3242 1628 3299 nempe
1681 3246 1709 3280 ‹‹
1745 3229 1970 3300 quinque

322 3297 475 3353 annis
500 3300 813 3370 ,Dunstano.
863 3300 1038 3355 decem
1084 3298 1426 3356 Ethelwaldo.
1460 3318 1490 3351 »
1531 3297 1713 3370 inquit
1749 3297 1969 3355 Willel-

321 3382 443 3424 mus
490 3369 989 3427 Malmesburiensis
1034 3373 1089 3427 in
1121 3372 1218 3427 lib.
1251 3387 1332 3436 III,
1366 3372 1459 3426 ubi
1496 3371 1565 3427 de
1611 3369 1968 3441 pontiﬁcibus

321 3441 818 3514 Eboracensibus‘:
861 3447 1158 3514 tantamque
1197 3444 1281 3513 sui
1327 3443 1727 3499 admirationem
1760 3442 1967 3511 Anglia:

315 3511 561 3594 praebuit,
610 3517 666 3568 ut
705 3510 849 3568 solus
895 3528 984 3568 eos
1031 3510 1277 3569 eihibere
1322 3515 1605 3581 uideretur,
1655 3510 1967 3569 auctoritate

319 3582 486 3649 illum,
517 3584 756 3655 efficacia
797 3584 970 3650 istum,
1003 3584 1182 3640 ambos
1217 3585 1583 3639 sanctimonia.
1630 3585 1761 3653 Ejus
1790 3586 1963 3640 Vitam

320 3654 609 3725 scripsisse
648 3655 854 3710 dicitur
902 3657 1131 3711 Senatus
1176 3656 1494 3721 Bravonius,
1546 3669 1707 3725 quem
1751 3656 1963 3725 Wigor—

322 3726 574 3782 nensium
639 3727 1029 3783 monachorum
1079 3726 1397 3796 praefectum
1454 3727 1556 3782 sub
1622 3740 1766 3783 anno
1830 3725 1965 3780 1170

321 3797 574 3853 ﬂoruisse
634 3797 834 3854 ferunt.
902 3798 1008 3853 Sed
1072 3798 1238 3854 alium
1304 3799 1616 3868 quempiam
1683 3803 1964 3854 auctorem

321 3875 483 3924 antea
534 3869 589 3924 id
631 3869 952 3939 praestitisse
983 3875 1236 3937 constat,-
1276 3883 1417 3939 quos
1468 3872 1615 3925 inter
1663 3869 1964 3925 Fulcardus

320 3940 509 3996 Sancti
544 3940 744 3995 Bertini
791 3940 1069 3997 Sithiensis
1113 3941 1413 4008 monachus,
1444 3955 1606 4011 quem
1644 3940 1965 3997 Guillelmus

322 4025 439 4078 rex,
479 4016 621 4067 teste
657 4012 921 4068 Orderico
951 4013 1112 4068 Vitali
1162 4013 1215 4068 in
1266 4013 1523 4068 Historiae
1570 4012 1961 4068 ecclesiastica:

322 4081 534 4156 lib._i_r,
586 4082 733 4156 circa
779 4096 980 4156 annum
1036 4083 1171 4156 1108
1206 4085 1460 4156 Taraciae
1503 4084 1805 4156 praeposuit.
1862 4084 1965 4156 Hic

322 4153 552 4224 affabilis
578 4158 629 4210 et
664 4154 926 4223 jocundus
950 4156 1068 4226 fuit,
1108 4155 1264 4211 addit
1285 4153 1794 4226 .Ordericus,_atque
1830 4155 1961 4210 cha-

320 4226 583 4299 ritatiuus,
631 4227 986 4299 grammatica:
1032 4228 1165 4282 artis
1212 4243 1277 4283 ac
1323 4227 1532 4282 musicae
1572 4227 1959 4299 peritissimus;

319 4296 459 4369 unde
516 4298 751 4369 pretiosa
813 4298 1015 4369 peritiae
1075 4313 1185 4353 sua
1247 4296 1592 4354 monumenta'
1636 4296 1845 4369 reliquit
1908 4298 1964 4352 in

322 4366 533 4441 Angliai
568 4368 759 4441 futuris
813 4366 1251 4439 generationibus.
1304 4372 1447 4427 Nam
1490 4369 1669 4441 plures
1707 4366 1961 4424 tractatus

321 4439 573 4494 memoria
626 4440 812 4509 dignos
868 4441 1049 4508 edidit,
1109 4446 1158 4496 et
1220 4441 1390 4496 sancti
1448 4439 1680 4496 0swaldi
1732 4440 1964 4509 Guigor-

320 4510 496 4566 nensis
516 4511 793 4592 _episcopi,
843 4511 1165 4592 aliorumque
1205 4517 1529 4592 sanctorum,
1569 4525 1787 4592 quorum
1828 4525 1965 4592 pro-

314 4596 457 4707 pago
496 4580 827 4665 de‘Albione
870 4580 1152 4666 processit,-
1185 4581 1513 4665 delectabiles
1559 4580 1630 4666 ad
1675 4580 1963 4666 canendum

354 4658 571 4707 istortas
614 4659 846 4707 suaviter
890 4658 1193 4707 composuit.
1242 4655 1440 4707 Nescno
1470 4666 1539 4707 an
1576 4659 1649 4707 snt
1686 4667 1805 4707 eius
1841 4652 1962 4707 haec

354 4653 571 4730 iston'as
614 4653 846 4709 suaviter
872 4652 1193 4730 composuit.
1219 4653 1440 4730 _Nescio
1470 4666 1539 4730 an
1576 4654 1649 4730 si_t
1686 4653 1805 4730 ejus
1841 4652 1962 4730 haec

319 4725 571 4796 scriptio,
630 4738 791 4795 quam
854 4724 1063 4795 primus
1119 4726 1262 4796 typis
1316 4725 1555 4796 vulgavit
1608 4724 1958 4795 Capg'ravius,

319 4795 513 4851 Surius
540 4796 822 4866 expolivit,
854 4795 1237 4854 Heuscbenius
1265 4797 1321 4852 in
1350 4795 1591 4852 nativum
1628 4796 1829 4866 stylum
1867 4808 1962 4850 re-

319 4867 518 4923 stituit.

388 4938 444 4994 2.
503 4939 580 4995 De
637 4940 971 4995 monasterio
1027 4939 1366 4996 Ramesiensi
1426 4936 1701 5010 (Ramsey)
1728 4980 1765 5010 ,7
1805 4937 1961 5010 cujus

319 5014 514 5065 auctor
557 5010 860 5076 Oswaldus,
911 5010 1169 5068 fundator
1220 5012 1331 5067 dux
1376 5009 1958 5077 Ailwinus,'Aimoino

319 5080 712 5154 Hebelguiuus,
745 5082 914 5138 multa
951 5082 1209 5154 leguntur
1237 5084 1293 5138 in
1336 5083 1474 5137 actis
1509 5081 1686 5154 sancti
1714 5079 1961 5154 Abbonis

319 5150 536 5225 abbatis
585 5152 970 5219 Floriaceusis,
1010 5150 1069 5210 et
1112 5154 1257 5225 apud
1294 5153 1731 5225 Willelmumin
1754 5150 1874 5225 ilib.
1907 5164 1960 5205 1v

319 5223 396 5279 De
440 5225 794 5296 pontiﬁcibus
832 5223 1161 5296 Anglorum,
1184 5225 1277 5281 ubi
1307 5225 1377 5281 de
1424 5224 1703 5296 episcopis
1750 5224 1956 5296 Dorce-

319 5295 645 5368 strcntibus,
670 5302 859 5368 atque
906 5294 963 5352 in
1008 5298 1306 5354 Monastico
1342 5294 1645 5368 Anglicano
1683 5308 1715 5351 a
1762 5294 1958 5368 pagina

317 5363 446 5434 231,
476 5366 581 5440 ubi
599 5363 816 5423 Ailwini
854 5368 1013 5424 ducis
1057 5368 1379 5440 genealogia
1426 5363 1723 5440 profertur.
1762 5363 1959 5421 Ethel-

318 5439 657 5510 stanusejus
694 5445 869 5510 pater,
916 5438 1162 5496 Semirea:
1205 5438 1406 5507 dictus,
1434 5438 1729 5496 Glastoniae
1770 5449 1959 5510 mona-

319 5509 457 5566 chus
511 5508 711 5568 factus'
752 5516 857 5567 est.
924 5511 1312 5568 Monacborum
1380 5511 1673 5569 duodecim
1739 5508 1958 5565 colonia

318 5580 623 5638 Ramesiam
678 5581 915 5639 deducta
971 5587 1056 5639 est
1108 5595 1254 5641 anno
1308 5580 1407 5636 9'71
1459 5596 1527 5639 ex
1572 5578 1957 5639 Westhiriensl

2050 3225 2362 3284 nasterium‘
2406 3229 2622 3284 Sanctae
2660 3228 2841 3282 Mariae
2876 3227 2944 3282 ab
2984 3228 3179 3283 eodem
3229 3226 3511 3282 conditum
3549 3225 3694 3284 apud

2049 3301 2408 3371 Wigorniam,
2460 3313 2635 3370 prope
2682 3300 2971 3371 ecclesiam
3019 3297 3567 3371 cathedralemhquai
3593 3297 3695 3352 hac

2048 3368 2166 3428 arté
2209 3372 2278 3428 ad
2332 3368 2634 3428 monachus
2684 3369 2846 3425 facile
2905 3370 3141 3424 transiit.
3202 3369 3342 3424 Hinc
3390 3368 3695 3423 Willelmus

2048 3443 2547 3498 Malmesburiensis
2595 3442 2650 3496 in
2695 3440 2792 3495 lib.
2824 3456 2863 3495 ιι
2909 3442 2984 3495 De
3028 3440 3272 3510 regibus,
3320 3453 3442 3509 cap.
3474 3439 3551 3491 8:
3584 3439 3695 3510 _Se-

2049 3513 2164 3568 dem
2199 3512 2546 3585 episcopalem
2593 3511 2900 3585 Wigorniaz,
2951 3508 3302 3585 clericisnon
3339 3511 3391 3564 vi
3429 3508 3691 3585 expulsis,

2044 3585 2139 3639 sed
2177 3580 2291 3640 arte
2335 3580 2522 3639 sancta
2569 3582 2948 3646 circumventis,
2989 3581 3203 3653 repleuit
3238 3580 3520 3653 monachis
3541 3595 3695 3653 regu-

2046 3654 2264 3711 laribus.
2296 3654 2592 3726 Eazpulerat
2644 3660 2801 3726 antea
2852 3652 3019 3726 regali
3043 3651 3296 3722 “jussione
3340 3651 3694 3726 Ethelwaldus

2045 3728 2318 3798 episcopus
2375 3723 2592 3781 clericos
2640 3725 2705 3780 de
2752 3725 3042 3790 Wintonia,
3093 3730 3235 3798 etc._
3260 3723 3472 3798 Anglia:
3530 3736 3690 3793 reges

2046 3795 2159 3853 tres
2195 3795 2305 3854 una
2351 3812 2474 3853 cum
2524 3799 2804 3852 Dunstano
2851 3796 3155 3851 coronavit.
3197 3795 3503 3866 Eadgarum
3545 3807 3691 3866 anno

2044 3867 2172 3935 973,
2217 3868 2556 3994 S])§I(18wardum
2616 3868 2841 3924 biennio
2901 3873 3047 3937 post,
3105 3871 3270 3937 atque
3337 3865 3690 3922 Ethelredum

2044 3953 2189 3994 anno
2331 3982 2343 3994 .

2044 3953 2189 3996 anno
2217 3953 2343 3995 υἸδ.

2114 4010 2169 4066 3.
2228 4013 2302 4067 De
2358 4015 2536 4068 morte
2581 4011 2639 4067 S.
2697 4008 2931 4067 Oswaldi
2990 4008 3095 4065 ista
3151 4007 3322 4064 tradit
3377 4007 3690 4065 Florentius

2043 4082 2492 4154 Wigorniensis:
2535 4083 2764 4154 Sanctus
2807 4080 3081 4138 Oswaldus
3130 4080 3550 4154 archiepiscopus
3605 4082 3690 4135 in-

2045 4152 2169 4227 dici.
2204 4170 2258 4223 v,
2296 4154 2436 4227 prid.
2469 4153 2836 4227 Kal._Martii,
2865 4154 3002 4227 feria
3039 4152 3304 4227 secunda,
3323 4153 3582 4227 transiens
3620 4167 3690 4206 ex

2045 4223 2147 4280 hac
2173 4223 2311 4293 vita,
2332 4226 2479 4294 regni
2525 4224 2745 4280 caelestis
2791 4224 2987 4293 gaudia
3026 4223 3346 4290 conscendit,
3377 4229 3426 4277 et
3468 4224 3683 4291 Wigor-

2042 4297 2144 4351 nite
2172 4297 2228 4352 in
2257 4296 2477 4351 ecclesia
2503 4301 2700 4351 sancta:
2717 4295 2926 4361 Mariae,
2955 4309 3108 4364 quam
3137 4296 3249 4365 ipse
3277 4309 3311 4347 a
3336 4294 3688 4365 fundamentis

2046 4373 2432 4434 construxerat,
2464 4367 2796 4437 conquiescit.
2840 4367 2942 4437 illae
2982 4371 3129 4437 nota:
3167 4364 3445 4419 chronica;
3477 4364 3687 4437 coinci-

1980 4415 2031 4472 Β
2047 4415 2203 4495 dum"
2224 4415 2289 4494 ἷιῖ
2299 4415 2516 4494 Ξίιῖὸὶιὶιί
2528 4415 2802 4506 qui
2837 4415 3138 4506 tissimi
3174 4415 3684 4504 ania'a'piaiazie

2047 4524 2114 4565 eo
2143 4523 2289 4565 anno
2327 4509 2657 4565 Februarius
2694 4505 2980 4563 cOnstabat
3018 4505 3215 4561 diebus
3244 4505 3434 4575 viginti
3466 4519 3682 4573 novem,

2046 4594 2278 4649 quorum
2329 4587 2604 4636 extremus
2633 4577 2868 4634 Oswaldi
2916 4590 3205 4649 supremus
3233 4575 3355 4649 fuit.
3407 4576 3563 4633 Hunc
3592 4590 3685 4632 an-

2046 4647 2173 4731 num
2221 4653 2340 4721 ejus
2388 4652 2544 4731 obitu
2592 4650 2860 4731 insignem
2910 4648 3142 4731 tradunt
3197 4647 3499 4731 Anglicani.
3538 4650 3684 4703 scri-

2046 4719 2263 4794 ptores,
2285 4737 2353 4779 ex
2389 4724 2590 4794 quibus
2634 4719 3022 4792 corrigendum
3069 4719 3457 4794 monasticam,
3484 4719 3539 4775 in
3572 4732 3683 4794 quo

2044 4791 2282 4851 refertur
2326 4791 2643 4851 ad‘annum
2680 4791 3023 4862 seqdentem.
3073 4792 3148 4847 De
3195 4797 3387 4847 sancto
3430 4791 3683 4862 Oswaldo

2044 4865 2104 4921 lit
2150 4866 2356 4923 mentio
2409 4866 2466 4921 in
2522 4860 2925 4922 recentioribus
2982 4862 3386 4933 Martyrologiis
3434 4877 3507 4917 vn
3550 4860 3679 4917 Kal.

2041 4938 2246 4994 Martii.
2280 4937 2527 4993 Molanus
2555 4935 2805 4993 eumdem
2838 4933 3022 4990 laudat
3049 4933 3117 4989 ad
3149 4932 3299 4989 diem
3320 4932 3384 4988 15
3403 4932 3679 5001 Octobris,

2042 5022 2098 5064 et
2125 5008 2359 5065 Thomas
2397 5008 2731 5075 Maihewius,
2764 5007 2857 5078 qui
2890 5020 2953 5061 ea
2983 5005 3072 5078 die
3102 5004 3170 5061 de
3208 5011 3400 5061 sancto
3427 5004 3681 5078 oswaldo

2037 5094 2099 5135 se
2132 5087 2387 5136 acturum
2428 5075 2954 5149 promiserat,‘hunc
2984 5076 3128 5149 diem
3167 5078 3287 5149 ejus
3334 5075 3681 5149 translationi

2039 5152 2310 5207 attribuit.
2343 5147 2540 5207 Verum
2581 5151 2754 5222 prima
2783 5152 2903 5220 ejus
2940 5148 3226 5222 translatio
3255 5148 3399 5222 facta
3428 5153 3513 5204 est
3538 5147 3679 5219 prid.

2039 5222 2126 5278 Id.
2146 5223 2304 5291 Maii,
2328 5228 2389 5279 ut
2407 5237 2533 5280 mox
2552 5219 2826 5279 dicemus.
2844 5220 3222 5277 Henschenius
3247 5219 3412 5276 alium
3433 5224 3681 5291 sanctum

2040 5289 2438 5421 probgsvvaldo
2476 5296 2534 5353 in
2576 5294 2723 5351 diem
2775 5292 2840 5347 15
2888 5292 3145 5349 Octobris
3197 5292 3468 5348 intrusum
3512 5289 3679 5347 fuisse

2040 5379 2146 5421 seri
2190 5381 2250 5421 1.

2038 5365 2250 5421 scribit.

2108 5437 2162 5490 4.
2229 5437 2481 5494 Oswaldo
2546 5436 2602 5493 in
2676 5435 2863 5492 sedem
2935 5435 3337 5491 Eboracensem
3410 5434 3679 5491 successit

2036 5506 2349 5565 uenerabilis
2404 5507 2569 5565 abbas
2621 5506 3210 5577 Medeshamstedensis,
3259 5505 3314 5563 id
3359 5510 3437 5563 est
3478 5505 3677 5577 Burgh.

2035 5578 2284 5651 Adultus,
2314 5580 2403 5652 qui
2431 5584 2487 5636 et
2514 5579 2656 5650 ipse,
2687 5578 2830 5635 sicut
2877 5576 3257 5649 predecessor
3282 5578 3403 5649 ejus
3430 5576 3674 5646 sanctus,
