4106 6178
467 280 595 337 1191

1667 283 1997 341 FOLCARDI
2032 283 2379 341 OPUSCULA
2414 283 2636 341 DUBIA.

3699 282 3842 340 1192

459 404 764 479 Oswaldus,
814 406 1155 479 concedente
1200 420 1322 479 rege
1355 405 1652 479 ‘Adelredo,
1708 408 2103 477 Wigornensem
2121 406 2505 479 AdeiAldulfo
2538 407 2860 479 {Successit
2895 408 2946 461 ei
2977 408 3035 462 in
3070 411 3291 479 utraque
3313 407 3450 479 sede
3482 406 3731 479 Aldultu
3768 422 3844 462 ea:

460 477 826 548 episcopatum
858 478 911 531 in
959 493 1116 533 manu
1142 493 1240 533 sua
1278 476 1477 545 habuit,
1509 484 1649 534 teste
1696 479 1904 535 Thoma
1934 481 2099 535 Stub-

461 547 575 620 bio.
626 547 1105 620 Ipseiduodecimo
1160 549 1489 620 episcopatus
1542 550 1628 604 sui
1673 565 1831 617 anno,
1882 566 2104 620 congre-

460 619 597 689 gatis
621 619 972 691 coepiscopis,
1006 619 1299 685 abbatibus,
1342 619 1614 691 multisque
1658 621 1920 691 religiosis
1957 619 2104 687 viris,

458 690 630 745 sancti
659 689 891 746 Ostoaldi
936 690 1313 762 archiepiscopi
1360 707 1483 747 ossa
1511 689 1647 747 anno
1685 689 1824 761 regis
1853 693 2108 748 Adelredi

461 777 589 827 xxv,
611 762 804 834 indict.
844 777 936 834 xv,
971 777 1048 817 vn
1091 763 1228 833 [lege
1267 763 1391 833 xvn]
1432 765 1563 818 Kal.
1596 765 1753 831 Maii,
1792 764 1928 834 feria
1966 780 2045 831 1v,
2077 779 2106 818 e

462 831 653 906 tumulo
679 832 911 906 __lcvavit,
956 837 1005 887 et
1050 831 1106 889 in
1149 831 1343 906 scrinio
1380 831 1521 905 quod
1556 831 1864 906 paraverat,
1896 835 2108 890 honori-

461 902 922 977 ﬁcehcollocaoit;
962 908 1010 958 et
1046 920 1149 960 non
1185 904 1342 960 multo
1376 902 1518 976 post,
1550 902 1604 960 id
1633 912 1709 960 est
1743 907 1887 977 prid.
1920 908 2107 962 Nonas

462 975 618 1040 Maii,
659 977 770 1046 ipse
799 976 1069 1045 defunctus
1099 981 1194 1041 est,
1227 981 1275 1031 et
1311 975 1623 1032 in’ecclesia
1666 975 1879 1033 Sanctae
1916 979 2106 1033 Maria:

473 1047 758 1114 Wigornite
811 1046 1061 1118 sepultus.
1114 1048 1423 1103 Florentius
1468 1049 1869 1173 Wigornicnsis
1914 1049 2102 1105 eadem

473 1118 628 1172 habet
673 1118 742 1172 ad
792 1132 992 1172 annum
1031 1118 1185 1173 1002.
1219 1132 1328 1173 auo
1369 1120 1489 1173 haec
1539 1134 1567 1173 e
1594 1127 1770 1173 ovatio
1809 1119 1951 1173 facta
1998 1128 2101 1173 est.

462 1117 628 1172 habet
673 1118 742 1172 ad
792 1132 992 1172 annum
1031 1118 1185 1184 1002,
1219 1132 1328 1187 quo
1369 1120 1489 1174 haec
1539 1117 1770 1175 elcvatio
1809 1119 1951 1175 facta
1998 1128 2101 1176 est.

460 1190 701 1259 Uterque
750 1188 1042 1259 exscripsit
1093 1191 1402 1245 Simeonem
1451 1190 1866 1246 Dunelmensem
1907 1192 1964 1246 in
2005 1192 2101 1246 lib.

462 1261 536 1315 De
599 1260 769 1331 gestis
833 1274 1022 1330 regum
1076 1261 1393 1332 Anglorum.
1463 1262 1717 1331 Ejusdem
1785 1262 2107 1318 elevationis

458 1332 708 1386 meminit
772 1332 1077 1387 Willelmus
1141 1332 1641 1388 Malmesburiensis
1707 1333 1763 1388 in
1828 1335 2106 1402 episcopis

460 1403 920 1459 Eboracensibns.
980 1405 1138 1470 Tunc,
1189 1404 1389 1473 inquit,
1429 1405 1485 1458 in
1529 1404 1750 1459 ecclesia
1799 1407 1866 1460 B.
1915 1406 2107 1461 Maria:

458 1473 710 1545 sepultus,
750 1480 873 1545 post
918 1474 1190 1530 duodecim
1228 1490 1394 1530 annos
1429 1475 1593 1544 signis
1644 1476 1893 1531 divinitus
1940 1482 2108 1531 osten-

458 1546 532 1599 sis
561 1561 594 1600 a
635 1550 777 1601 terra
824 1545 993 1600 elatus
1033 1550 1133 1618 est.
1185 1546 1322 1613 Quid
1368 1561 1498 1601 sane
1541 1546 1785 1618 miraculi
1828 1548 1918 1612 sit,
1969 1547 2106 1618 quod

460 1620 568 1672 toto
607 1631 825 1689 corpore
859 1618 916 1671 in
952 1615 1216 1688 pulverem
1244 1622 1530 1689 assumpto,
1562 1617 1699 1673 stola
1735 1615 2103 1684 sacerdotalis,

460 1703 565 1812 321a
610 1688 785 1757 fuerat
831 1688 1069 1755 amictus,
1119 1688 1431 1760 corruptela:
1470 1704 1633 1760 usque
1674 1689 1745 1745 ad
1791 1689 1928 1745 hanc
1971 1689 2105 1744 diem

498 1773 704 1812 omnum
739 1774 845 1812 non
878 1760 1089 1812 sentiat.
1121 1761 1329 1812 Domini
1362 1767 1655 1812 reseruetur
1690 1761 1940 1812 examini.
1972 1763 2105 1812 Tum

2189 478 2378 534 abbate
2422 478 2731 547 Burchensi,
2779 483 3014 545 sanctus,
3056 483 3114 534 ut
3153 477 3446 549 perhibent,
3486 479 3570 534 uir
3602 477 3654 534 et
3690 494 3844 534 reve-

2186 551 2398 622 rendus.
2447 551 2561 622 Ipsi
2618 565 2744 621 pro,
2773 551 3053 622 sanctitate
3114 550 3401 619 ignoscitur
3453 550 3591 621 quod
3648 555 3843 622 contra

2186 620 2398 690 regulas
2444 620 2697 676 canonum
2756 622 2891 677 duas
2949 620 3101 676 sedes
3150 622 3391 685 tenuerit,
3441 620 3578 692 quod
3635 621 3843 677 scilicet

2184 708 2289 747 non
2335 694 2435 747 hoc
2479 692 2780 758 ambitione,
2828 692 2924 747 sed
2974 693 3281 748 necessitate
3325 694 3524 762 fecerit.
3587 692 3840 748 Wlstano

2186 779 2295 818 non
2323 764 2419 829 ita,
2462 766 2552 834 qui
2595 767 2876 836 sanctitate
2920 762 3262 836 discrepabat
3299 770 3350 836 et
3394 763 3592 819 habitu.
3643 765 3748 819 Hic
3781 765 3841 819 in

2188 836 2721 891 Malmesburiensem
2778 835 3105 906 indignatur
3150 835 3450 891 Godwinus
3501 842 3671 891 sectae
3725 838 3843 890 An-

2184 906 2445 976 glicanas,
2497 906 2645 976 quod
2702 905 2957 962 Adulfum
3014 906 3242 962 duarum
3301 906 3660 962 ecclesiarum
3716 906 3842 977 epi-

2185 991 2412 1047 scopum
2472 978 2669 1045 probet
2719 977 3047 1037 Willelmus.
3082 983 3277 1033 contra
3324 978 3381 1033 id
3430 977 3680 1033 Wlstano
3729 991 3840 1047 pro

2184 1050 2395 1104 scelere
2424 1048 2676 1119 imputet.
2724 1051 2792 1104 At
2838 1049 3133 1119 legitimam
3174 1062 3391 1104 causam
3434 1049 3596 1118 hujus
3627 1050 3840 1104 discri-

2186 1121 2350 1175 minis
2376 1120 2553 1186 aﬂ‘ert,
2587 1133 2783 1189 nempe
2812 1121 2870 1175 in
2900 1119 3098 1175 Adulfo
3127 1122 3475 1176 sanctitatem
3510 1120 3842 1176 ambitionis

2185 1197 2486 1261 expertem,
2519 1197 2575 1247 et
2604 1191 2989 1247 necessitatem
3017 1190 3312 1257 Ecclesiae;
3347 1207 3470 1262 qua:
3500 1192 3557 1246 in
3578 1191 3839 1248 Wlstano

2187 1277 2300 1318 non
2333 1263 2568 1317 inerant.
2609 1265 2760 1318 Jacet
2786 1261 3033 1334 Aldulfus
3070 1261 3379 1331 Wigorniaz,
3406 1262 3594 1318 subdit
3624 1263 3841 1318 Willel-

2186 1348 2328 1400 mus,
2361 1335 2519 1405 etiam
2563 1333 2890 1389 Floriacensi
2937 1333 3276 1402 monasterio,
3303 1349 3401 1405 pro
3448 1335 3601 1405 copia
3647 1336 3840 1389 xenio-

2183 1420 2299 1460 rum
2318 1475 2325 1477 A
2343 1404 2533 1477 quibus
2586 1404 2817 1462 Oswaldi
2871 1406 3272 1477 muniﬁcentiam
3306 1404 3566 1477 ’cemula’ri
3619 1406 3836 1474 sategit.

2184 1475 2572 1548 praedicandus.
2622 1478 2765 1546 Lege
2794 1480 2916 1532 acta
2952 1475 3019 1532 S.’
3048 1477 3314 1533 Abhonis.
3354 1476 3592 1533 Oswaldi
3638 1478 3839 1533 stolam

2185 1547 2975 1619 Sacerdotalempurpuream,
3006 1562 3157 1619 _auro
3208 1552 3258 1602 et
3303 1549 3514 1617 gemmis
3564 1553 3834 1613 ornatam,

2187 1633 2252 1673 ac
2293 1619 2471 1689 prisca
2517 1617 2906 1689 pulchritudine
2940 1617 3216 1690 fulgidam,
3250 1619 3307 1673 in
3338 1619 3719 1690 Beverlacensi
3749 1633 3840 1674 ec-

2188 1690 2355 1745 clesia
2384 1694 2651 1746 servatam
2681 1703 2782 1747 suo
2819 1689 3068 1760 tempore
3104 1689 3275 1746 fuisse
3303 1690 3539 1747 Thomas
3564 1689 3839 1746 Stubbins

498 1749 704 1813 omnum
739 1774 845 1814 non
878 1749 1089 1827 sentiat,
1121 1749 1329 1815 Domini
1362 1749 1655 1816 reseruetur
1690 1761 1940 1817 examini.
1972 1763 2105 1816 Tum
2124 1749 2375 1817 Btradit.

537 1934 586 1992 1.
627 1936 859 1992 Sanctus
903 1934 1187 1991 Oswaldus
1240 1936 1712 2007 archiepiscopus,
1761 1937 2103 1994 nobilissima

462 2027 724 2096 progenie
773 2030 948 2092 ortus,
998 2024 1235 2096 eleganti
1293 2024 1465 2081 forma
1522 2027 1741 2082 enituit.
1792 2028 1914 2093 Hic,
1966 2042 2105 2097 puer

459 2113 654 2181 factus,
710 2114 951 2183 pueriles
997 2114 1234 2183 ineptias
1279 2114 1541 2179 devitarc,
1585 2123 1640 2171 et
1687 2116 1755 2170 ad
1795 2118 2104 2172 sanctitatis

459 2217 628 2272 opera
685 2204 1036 2272 semetipsum
1095 2202 1392 2259 informare
1453 2205 1642 2273 coepit.
1710 2206 1901 2260 Frater
1956 2207 2101 2260 enim

460 2293 633 2363 patris
661 2292 745 2347 sui
788 2297 906 2347 erat
952 2299 1176 2348 sanctus
1203 2292 1343 2359 Odo,
1374 2294 1785 2349 Cantuariensis
1830 2294 2105 2364 archiepi-

457 2396 682 2452 scopus,
709 2382 1043 2438 discretione
1074 2382 1343 2450 sublimis,
1376 2383 1622 2439 moribus
1644 2385 1845 2453 gravis,
1872 2385 2102 2453 justitize

458 2472 658 2539 cultor,
685 2480 741 2527 et
770 2472 920 2527 omni
949 2471 1167 2527 actione
1196 2486 1296 2527 sua
1324 2471 1759 2543 circonspectus.
1790 2474 1928 2529 Huic
1956 2476 2102 2547 enim

458 2574 635 2630 nepos
678 2574 811 2616 suus
839 2559 1122 2615 Oswaldus
1165 2559 1435 2616 doctrinis
1477 2562 1823 2627 imbuendus,
1856 2569 1912 2617 et
1941 2564 2104 2620 bonis

460 2648 726 2719 exemplis
754 2656 810 2705 et
855 2649 1102 2704 moribus
1139 2650 1498 2705 instruendus
1523 2664 1556 2706 a
1595 2651 1915 2721 parentibus
1944 2665 2101 2708 com-

458 2737 769 2793 mendatur.
792 2736 1052 2793 Saeculari
1074 2737 1291 2792 demum
1321 2738 1551 2794 scientia
1573 2746 1627 2794 et
1645 2740 1928 2809 Scriptura
1946 2742 2102 2796 sacra

457 2827 526 2882 ad
558 2827 776 2896 plenum
828 2824 1172 2893 informatus,
1205 2842 1235 2881 a
1275 2828 1330 2882 S.
1362 2827 1550 2884 Odone
1590 2827 1735 2898 apud
1767 2829 2101 2884 Wintoniam

458 2916 758 2972 canonicus
800 2914 1055 2979 eﬂ‘ectus,
1106 2929 1230 2970 cum
1277 2917 1465 2971 caeteri
1513 2922 1698 2985 spreta
1753 2917 2101 2973 institutione

459 3004 671 3061 ordinis
716 3004 822 3071 sui,
854 3003 1129 3058 desideria
1177 3003 1363 3058 cordis
1399 3005 1484 3059 sui
1522 3012 1906 3073 sequerentur,
1949 3007 2103 3061 insti-

2187 1937 2257 1992 ab
2324 1937 2522 1994 abbate
2588 1938 2644 1994 in
2710 1938 2945 1995 ecclesia
3017 1941 3234 2012 accepit
3306 1940 3526 2008 locum,
3605 1942 3663 1996 in
3727 1956 3836 2013 quo

2188 2026 2298 2081 Deo
2364 2025 2687 2083 familiarius
2751 2028 3080 2085 adhaereret.
3157 2028 3276 2085 Illic
3341 2033 3483 2085 enim
3551 2032 3833 2097 orationi,

2187 2114 2553 2179 meditationi,
2604 2116 3058 2185 contemplationi
3089 2119 3216 2173 vitae
3262 2119 3542 2187 perennis,
3582 2119 3659 2174 ab
3703 2118 3835 2175 alio-

2188 2215 2306 2256 rum
2364 2203 2747 2273 inquietudine
2813 2212 3078 2272 remotus,
3134 2219 3359 2276 operam
3416 2207 3549 2262 dare
3614 2207 3832 2273 solitus,

2186 2304 2439 2361 magnum
2498 2292 2720 2349 humani
2776 2295 2999 2365 generis
3054 2295 3199 2351 hosti
3256 2294 3501 2352 fomitem
3550 2296 3748 2353 livoris
3784 2302 3837 2352 et

2187 2380 2301 2435 odii
2330 2381 2695 2438 ministrabat.

2255 2468 2311 2525 3.
2368 2473 2483 2527 Una
2538 2477 2702 2527 nocte
2769 2472 3025 2542 quadam,
3082 2473 3209 2528 dum
3268 2474 3729 2544 contemplationi
3782 2483 3834 2531 et

2186 2559 2425 2614 orationi
2461 2567 2700 2627 vacaret,
2733 2559 2909 2616 adfuit
2953 2561 3181 2631 spiritus
3228 2563 3518 2634 malignus,
3559 2569 3618 2619 et
3663 2577 3833 2621 sonos

2185 2646 2477 2703 horriﬁcos
2533 2648 2704 2703 edens
2761 2654 2821 2704 ut
2876 2657 3060 2718 empto
3117 2650 3428 2716 desisteret,
3487 2657 3544 2707 et
3609 2653 3832 2722 segnius

2185 2742 2279 2789 aut
2316 2735 2630 2791 nullatenus
2669 2737 2798 2792 talia
2835 2743 3151 2805 attentaret,
3187 2739 3444 2795 hominen
3493 2740 3591 2795 Dei
3622 2748 3831 2796 terrere

2185 2823 2533 2880 moliebatur.
2566 2829 2634 2880 At
2670 2825 2785 2891 ille,
2819 2826 2945 2882 ﬁdei
2984 2833 3143 2883 scuto
3181 2834 3483 2897 protectus,
3517 2841 3631 2884 non
3661 2829 3834 2899 magis

2183 2912 2253 2967 ad
2302 2911 2577 2969 fremitum
2627 2914 2806 2970 leonis
2834 2916 2918 2971 vel
2956 2916 3177 2971 sibilum
3220 2919 3514 2988 serpentis,
3547 2932 3718 2987 quam
3762 2918 3828 2974 ad

2184 3001 2423 3057 balatum
2489 3003 2607 3058 ovis
2665 3004 2961 3060 exterritus
3027 3011 3131 3060 est.
3200 3006 3400 3061 Harum
3476 3013 3533 3061 et
3596 3006 3828 3062 aliarum

458 3093 727 3147 tutionem
757 3093 883 3146 vitae
915 3092 1307 3147 canonicorum
1335 3091 1644 3148 indefessus
1672 3094 2095 3163 exsequebatur.
2123 3090 2486 3153 Cbestiarum
2551 3094 2602 3147 ei
2669 3093 2955 3162 improbus
3015 3093 3108 3149 ille
3173 3107 3338 3150 voces
3401 3095 3667 3165 ingessit;
3728 3095 3827 3151 sed

458 3182 708 3236 Decanus
752 3180 938 3250 itaque
987 3179 1043 3233 in
1092 3179 1243 3234 brevi
1290 3177 1486 3247 factus,
1536 3181 1858 3237 maculatam
1908 3197 2100 3239 senum

458 3269 620 3325 vitam
662 3269 975 3337 emendare,
1007 3273 1063 3323 et
1093 3268 1333 3337 pueriles
1361 3283 1550 3324 eorum
1580 3284 1776 3327 sensus
1803 3271 1986 3328 studio
2018 3272 2102 3327 di-

456 3358 707 3429 sciplinae
727 3357 965 3414 caelestis
990 3371 1254 3412 evacuare
1283 3357 1464 3413 adhuc
1485 3358 1602 3428 ipse
1627 3360 1846 3429 juvenis
1867 3361 2095 3417 curavit.

455 3447 539 3503 Illi
570 3461 701 3504 vero
738 3446 911 3517 magis
947 3446 1171 3516 antiqua
1210 3460 1391 3516 pravae
1431 3447 1851 3505 consuetudinis
1896 3451 2097 3507 itinera

455 3543 645 3593 tenere
672 3535 940 3604 volentes,
982 3534 1134 3591 nullo
1166 3540 1327 3605 pacto
1360 3534 1511 3591 illum
1540 3536 1599 3592 in
1630 3536 1831 3594 talibus
1858 3553 1919 3594 se
1947 3539 2100 3596 audi-

453 3633 609 3683 turos
655 3625 1017 3682 affirmabant.

522 3714 578 3769 2.
618 3716 736 3783 Quo
774 3714 1079 3781 intellecto,
1108 3721 1293 3784 spreta
1322 3715 1575 3772 saeculari
1625 3730 1824 3787 pompa
1852 3732 1957 3774 nec
1984 3732 2095 3775 non

454 3806 679 3873 divitiis,
748 3805 1077 3871 Floriacum,
1141 3805 1235 3860 ubi
1301 3819 1506 3876 corpus
1569 3808 1744 3862 sancti
1810 3809 2094 3864 Benedicti

453 3895 771 3964 requiescit,
823 3907 1054 3964 pergere
1094 3893 1356 3950 decrevit.
1406 3895 1595 3950 Missis.
1630 3896 1777 3952 enim
1823 3911 1854 3952 a
1903 3902 2094 3952 sancto

451 3984 644 4040 Odone
704 3982 1165 4039 commendatitiis
1216 3983 1437 4051 litteris,
1488 3990 1543 4040 et
1599 3984 1762 4041 donis
1822 3986 2092 4056 plurimis,

446 4075 702 4142 juvenem
759 4070 909 4127 dicto
966 4071 1367 4126 commendavit
1423 4077 1479 4126 et
1530 4070 1693 4129 facto.
1755 4073 1905 4129 Idem
1962 4087 2093 4130 vero

444 4166 673 4219 sanctus
714 4159 832 4217 Odo
876 4160 933 4215 in
972 4160 1257 4230 juventute
1302 4161 1655 4231 constitutus,
1687 4163 1823 4217 mari
1862 4165 2093 4220 transito

448 4252 696 4308 habitum
744 4249 1107 4307 monasticum
1152 4249 1297 4319 apud
1344 4251 1596 4307 eumdem
1644 4251 1952 4309 Floriacum
2001 4269 2094 4310 su-

447 4346 720 4411 sceperat.
774 4340 1040 4409 Suscepto
1071 4337 1256 4408 itaque
1286 4337 1475 4394 habitu
1510 4339 1647 4410 (111)
1681 4355 1862 4409 sacro,
1895 4343 1989 4413 qui
2020 4343 2088 4399 ab

2185 3180 2589 3248 imperterritus
2617 3187 2813 3237 cuncta
2844 3195 2967 3237 cum
2997 3196 3097 3238 suo
3126 3185 3362 3239 Auctore
3392 3184 3609 3239 derisit.
3665 3183 3824 3251 Quod

2183 3266 2402 3323 daemon
2430 3269 2720 3324 advertens
2749 3269 3057 3339 disparuit;
3091 3272 3187 3326 sed
3237 3272 3291 3327 in
3322 3272 3586 3343 Angelum
3617 3271 3759 3328 lucis
3794 3286 3826 3328 e

2180 3356 2412 3426 vestigio
2468 3357 2905 3428 transfiguratus,
2938 3359 3115 3415 eidem
3168 3365 3360 3416 sancto
3403 3361 3676 3431 apparuit.
3718 3359 3824 3416 Sed

2179 3444 2263 3499 vir
2317 3445 2413 3500 Dei
2445 3447 2627 3516 signo
2683 3447 2865 3502 crucis
2920 3461 2980 3502 se
3039 3448 3318 3514 munivit,
3377 3450 3561 3504 sciens
3627 3448 3826 3504 exinde

2180 3534 2434 3605 angelum
2501 3535 2643 3590 lucis
2716 3548 2828 3591 non
2903 3535 3267 3598 irritandum;
3327 3537 3580 3608 angelum
3638 3543 3819 3593 autem

2180 3624 2531 3680 tenebrarum
2581 3626 2795 3681 eminus
2840 3626 3208 3697 eﬁ‘ugandum.
3250 3628 3317 3683 Et
3360 3626 3561 3684 factum
3610 3632 3696 3683 est
3726 3628 3822 3685 ita.

2178 3712 2313 3767 Nam
2352 3712 2623 3783 malignus
2653 3719 2914 3779 tentator,
2944 3715 3062 3771 viso
3110 3716 3293 3770 crucis
3336 3715 3644 3787 signaculo,
3676 3716 3824 3772 velut

2178 3799 2360 3857 fumus
2387 3803 2456 3857 ab
2486 3802 2666 3858 oculis
2694 3805 2814 3873 ejus
2842 3805 3081 3859 evanuit.

2249 3891 2304 3946 4.
2343 3890 2543 3947 Audita
2606 3891 2828 3947 tandem
2894 3897 3083 3948 sancta
3138 3894 3556 3950 conversatione
3603 3895 3824 3965 nepotis

2177 3979 2261 4034 sui
2305 3980 2546 4047 Osvaldi,
2578 3981 2873 4038 immensas
2920 3982 3288 4052 omnipotenti
3334 3984 3447 4039 Deo
3476 3985 3679 4054 gratias
3709 3984 3822 4055 egit

2177 4075 2400 4124 sanctus
2427 4069 2566 4134 Odo,
2600 4077 2656 4125 et
2702 4071 2883 4126 missis
2912 4071 3145 4127 diversis
3194 4072 3516 4127 muneribus
3551 4072 3733 4128 abbati
3763 4078 3818 4129 et

2178 4158 2482 4225 monachis,
2516 4172 2617 4229 pro
2655 4174 2756 4216 suo
2786 4166 2988 4229 nepote
3030 4161 3236 4231 gratias
3259 4162 3514 4217 exsolvit.
3553 4162 3817 4219 Indicavit

2176 4247 2339 4303 etiam
2369 4245 2479 4301 illis
2506 4261 2566 4302 se
2595 4247 2745 4303 illius
2774 4249 3068 4318 praesentia
3098 4262 3430 4321 magnopere
3449 4249 3588 4306 velle
3618 4253 3812 4320 potiri;

2175 4344 2289 4392 tum
2346 4336 2476 4405 quia
2530 4337 2687 4393 senio
2744 4336 2922 4394 fessus
2984 4344 3215 4395 mortem
3280 4338 3388 4395 sibi
3454 4341 3815 4410 propinquam

446 4430 569 4487 aliis
607 4430 796 4487 doceri
842 4433 1086 4495 venerat,
1131 4428 1294 4484 talem
1340 4443 1398 4484 se
1446 4428 1715 4498 exhibuit,
1758 4437 1818 4487 ut
1855 4432 1988 4488 satis
2031 4423 2420 4488 inDsciebat:
2461 4429 2577 4481 tum
2605 4427 2735 4496 auia
2764 4427 3001 4497 regulari
3030 4429 3448 4484 conversatione
3485 4442 3602 4484 suae
3638 4429 3815 4499 gentis

448 4534 515 4578 eo
545 4519 694 4590 quod
725 4519 1010 4585 docerent,
1042 4517 1190 4588 quod
1235 4518 1582 4575 imitarentur
1618 4519 1906 4576 haberent.
1960 4523 2090 4577 Erat

444 4608 591 4664 enim
636 4620 829 4663 somno
868 4620 1087 4677 parcus,
1129 4605 1255 4661 cibo
1299 4605 1539 4672 sobrius,
1581 4607 1636 4661 in
1684 4606 1965 4677 loquendo
1995 4608 2086 4665 di-

444 4705 678 4764 scretus,
711 4697 769 4752 in
798 4696 1050 4753 oratione
1095 4695 1370 4751 assiduus.
1418 4697 1587 4763 Quam
1641 4697 1875 4767 patiens,
1910 4697 2088 4754 humi-

443 4789 533 4855 lis,
588 4787 880 4857 benignus,
943 4788 1260 4840 mansuetus
1323 4785 1596 4840 exstiterit
1652 4789 1707 4841 et
1762 4786 2084 4854 benevolus,

443 4893 511 4936 ex
574 4877 791 4932 sincera
855 4873 1121 4930 charitatc
1151 4916 1166 4941 ,
1243 4886 1351 4943 qua
1424 4888 1590 4944 supra
1665 4875 2085 4932 aestimationem

438 4967 730 5024 humanam
823 4961 1057 5026 enituit,
1152 4961 1421 5032 perpendi
1506 4969 1707 5032 potest.
1802 4964 2083 5022 Secretum

513 5073 673 5146 (111)
716 5069 1026 5146 Willelmus
1059 5069 1267 5146 :_Apud
1307 5069 1642 5146 ΔΙθιιξζσῇτισῃιηι,
1694 5071 1893 5146 inquit,
1953 5070 2085 5127 alte-

438 5140 589 5202 ratus
648 5140 731 5200 est
785 5143 840 5198 in
902 5140 1226 5214 monachum,
1292 5140 1549 5214 familiari
1604 5156 1703 5213 per
1764 5140 1821 5198 id
1885 5147 2083 5214 tempus

440 5216 627 5288 Anglis
686 5213 1057 5288 consuetudine
1085 5232 1123 5288 _:
1155 5216 1254 5288 Aut‘
1272 5213 1320 5266 si
1367 5213 1483 5288 qui
1518 5211 1640 5268 boni
1690 5214 1860 5288 amati
1913 5211 2082 5270 essent

439 5283 722 5356 desiderio,
770 5287 826 5342 in
881 5283 1172 5356 beatissimi
1216 5283 1484 5340 Benedicti
1542 5283 1859 5356 monasterio
1915 5300 2082 5341 coeno-

435 5359 624 5415 bialem
676 5354 997 5429 susciperent
1052 5354 1302 5429 habitum,
1334 5369 1395 5429 Aa
1417 5426 1431 5429 _
1452 5369 1551 5426 quo
1609 5355 1877 5429 religionis
1932 5356 2082 5427 huju-

433 5431 661 5486 scemodi
707 5426 936 5486 manauit
983 5428 1278 5483 exordium.
1320 5427 1386 5481 In
1413 5426 1511 5482 hoc
1537 5441 1659 5496 ergo
1690 5426 1802 5483 loco
1830 5426 2082 5498 juventu-

433 5502 500 5558 tis
544 5501 698 5581 fregit
747 5500 1027 5581 lubricum,
1077 5498 1264 5581 multis.
1297 5499 1449 5581 annis
1482 5495 1739 5581 “religioni
1791 5495 1845 5554 et
1892 5497 2079 5581 litteris
2159 5495 2503 5581 tur,_.crebris
2548 5496 2743 5581 restitit
2787 5497 3047 5581 epistolis,
3076 5502 3211 5581 priet

2173 4514 2322 4569 viros
2369 4528 2470 4584 per
2516 4528 2640 4570 eum
2688 4516 2977 4571 instituere
3024 4517 3376 4587 disponebat.
3429 4518 3547 4585 Quo
3602 4517 3811 4584 audito,

2172 4603 2323 4674 gravi
2361 4616 2598 4660 maerore
2628 4604 2850 4675 dejecti,
2883 4618 2993 4661 non
3032 4606 3300 4662 audentes
3339 4612 3520 4662 tamen
3547 4607 3811 4663 voluntati

2171 4692 2435 4748 antistitis
2464 4693 2685 4749 obviare
2716 4693 2882 4763 (112),
2906 4701 3122 4764 parent,
3146 4700 3201 4750 et
3229 4694 3419 4751 debito
3448 4709 3573 4751 cum
3601 4694 3810 4751 honore

2169 4781 2238 4836 ad
2286 4788 2477 4837 nutum
2526 4782 2781 4852 prmsulis
2828 4783 3092 4854 dirigunt.
3134 4786 3437 4854 Antequam
3468 4789 3649 4840 tamen
3677 4785 3814 4841 Can-

2168 4871 2400 4926 tuariam
2429 4871 2617 4927 venire
2664 4873 2864 4942 potuit,
2906 4877 3132 4928 sanctus
3175 4872 3294 4928 Odo
3341 4873 3587 4929 debitum
3632 4875 3813 4930 carnis

2168 4959 2421 5016 humanae
2478 4959 2729 5016 exsolvit.
2793 4960 3132 5017 Praesidebat
3189 4961 3303 5017 illis
3357 4961 3556 5018 diebus
3609 4963 3813 5019 Dorce-

2164 5067 2570 5139 suscepit,_non
2604 5081 2650 5139 a
2698 5065 2936 5124 Wlfaldo
2984 5068 3203 5133 abbate,
3253 5068 3349 5139 qui
3397 5068 3519 5125 iniit
3567 5068 3811 5139 regimen

2163 5152 2309 5194 anno
2358 5137 2483 5203 962,
2517 5138 2615 5194 sed
2663 5139 2732 5194 ab
2775 5140 2895 5208 ejus
2946 5139 3245 5197 decessore-
3271 5137 3706 5207 ﬁArchembaldo,
3738 5140 3809 5197 de

2163 5224 2274 5281 quo
2313 5209 2432 5280 lege
2464 5210 2701 5281 Aimoini
2749 5210 2846 5266 lib.
2889 5226 2907 5265 ι
2951 5212 3025 5268 De
3074 5212 3354 5267 miraculis
3394 5213 3449 5268 S.
3502 5211 3807 5281 Benedicti,

2162 5280 2313 5365 num.
2355 5281 2417 5365 l3
2446 5287 2501 5337 et
2535 5280 2620 5348 14,
2653 5289 2709 5338 et
2755 5289 2916 5339 notas
2961 5281 3029 5339 ad
3075 5283 3387 5340 Aimoinum
3431 5283 3489 5338 in
3524 5290 3671 5340 tomo
3718 5297 3809 5339 su-

2162 5366 2676 5498 Ρθῖἶῗέἶίψίιιειω
2705 5444 2717 5480 :
2760 5428 2830 5482 Et
2867 5424 2986 5498 licet
3016 5425 3084 5483 ab
3130 5425 3521 5498 archiepiscopo
3555 5425 3805 5483 inuitare-

3450 5512 3666 5554 causam
3709 5511 3805 5552 no-

430 5567 723 5631 seruiendo.
780 5570 1064 5629 Oswaldus
1118 5569 1354 5627 Floriaci
1411 5568 1655 5627 habitum
1714 5570 2074 5628 monasticum
2157 5568 2337 5625 vitatis
2393 5567 2449 5623 in
2502 5572 2663 5637 veste,
2714 5567 3094 5626 teneritudinis'
3124 5571 3180 5626 in
3232 5568 3487 5639 religione
3516 5589 3533 5624 :
3570 5584 3666 5626 nec
3699 5569 3804 5624 nisi
