4122 6184
203 236 323 292 1193

1566 231 1719 285 VITA
1757 231 1813 286 S.
1855 228 2159 285 OSWALDI
2170 271 2182 283 .

3420 228 3554 283 1194

193 362 383 419 strensi
418 360 578 433 (113)
614 359 874 416 Ecclesim
924 358 1144 429 quidam
1200 355 1505 413 Osketillus
1560 355 1782 411 nomine
1807 352 2173 421 ,Acutiendo
2213 352 2391 408 locum
2450 351 2639 407 altaris
2686 350 3041 408 construendi
3082 352 3345 411 divinitus
3381 355 3557 427 signi-

199 454 304 524 qui,
345 451 534 507 audito
590 450 811 520 nepotis
862 449 946 504 sui
985 446 1220 504 Oswaldi
1279 446 1539 511 adventu,
1597 445 1834 515 benigne
1918 443 2116 498 ficavit.
2164 443 2359 497 Comes
2404 455 2536 512 ergo
2593 443 2761 497 Deum
2802 442 3047 508 laudans,
3090 442 3378 501 confestim
3408 451 3562 503 trun-

197 542 429 610 suscepit
494 539 667 605 illum,
729 544 783 593 et
832 538 1047 594 sincere
1104 536 1317 601 dilexit,
1377 541 1432 591 et
1495 535 1580 590 sui
1636 532 1836 589 secreti
1920 532 2058 588 catis
2087 531 2250 602 lignis
2279 531 2541 601 capellam
2582 532 2658 587 ibi
2697 533 3024 588 construxit.
3064 535 3184 590 Non
3224 535 3396 592 multo
3434 551 3565 593 vero

202 630 471 684 conscium
530 627 681 683 fecit.
722 630 1016 695 Assumpto
1074 625 1290 680 tandem
1350 625 1418 679 ad
1458 624 1837 693 archiepisco-
1922 628 2068 691 post,
2137 621 2337 677 comite
2401 621 2631 676 Ailwino
2698 621 2844 691 (116)
2915 622 3122 692 amplas
3190 626 3570 694 possessiones

202 726 374 789 patum
436 719 834 773 Eboracensem
890 715 1175 780 Osketillo,
1242 721 1466 770 sanctus
1532 716 1843 768 Dunstanus
1924 709 2287 776 concedente,
2328 711 2381 765 S.
2425 710 2708 765 Oswaldus
2758 708 2898 765 infra
2962 712 3398 781 quinquennium
3440 716 3573 772 aedi-

204 806 499 863 Oswaldum
525 807 640 878 regi
672 806 884 876 Edgaro
906 804 1344 861 commendatum
1366 802 1685 858 familiarem
1707 800 1842 856 eﬁ‘e-

207 897 296 963 cit,
311 904 359 951 et
378 898 565 966 jussus
584 896 730 966 regis
747 894 1116 966 Wigorniensi
1143 893 1279 964 (114)
1303 893 1552 949 ecclesiae
1576 890 1843 962 praefecit.

274 985 325 1041 5.
357 986 718 1057 Congregavit
755 992 936 1039 autem
991 983 1275 1040 Oswaldus
1330 982 1621 1038 duodecim
1662 994 1849 1035 mona-

212 1075 340 1131 chos
376 1076 431 1129 in
463 1075 609 1140 villa,
643 1074 864 1129 nomine
895 1072 1199 1142 Westsbyri
1230 1070 1398 1143 (115),
1429 1085 1570 1140 quos
1598 1068 1849 1139 frequen-

212 1170 293 1219 ter
337 1164 579 1229 visitare,
630 1164 834 1219 monita
882 1162 1075 1218 salutis
1134 1168 1357 1216 aeternae
1422 1160 1732 1215 ministrare
1799 1162 1855 1212 et

219 1252 507 1318 consolari,
551 1258 603 1307 et
638 1252 880 1321 jejuniis,
921 1250 1122 1321 vigiliis
1160 1256 1214 1306 et
1253 1249 1598 1306 orationibus
1644 1247 1857 1303 solebat

219 1354 435 1411 operam
475 1341 629 1395 dare.

282 1430 334 1484 6.
374 1429 590 1485 Accidit
650 1429 812 1484 etiam
881 1434 940 1483 ut
977 1428 1242 1482 Ailwinus
1298 1440 1483 1483 comes
1547 1426 1747 1481 diurno
1796 1439 1859 1480 ac

220 1520 494 1575 laborioso
542 1520 786 1573 cruciatu
855 1517 1111 1588 podagrae
1150 1516 1349 1586 pedum
1386 1529 1610 1572 suorum
1677 1514 1863 1569 multis

1928 800 2107 854 ficavit
2144 799 2358 869 insigne
2398 797 2602 853 ibidem
2652 801 3070 868 monasterium,
3097 808 3153 858 et
3189 817 3334 860 anno
3360 805 3575 861 Domini

1932 889 2348 959 nongentesimo
2406 889 2810 959 septuagesimo
2864 896 3061 959 quarto
3127 891 3449 949 solemniter
3487 895 3579 951 de-

1931 979 2153 1045 dicavit,
2179 977 2487 1033 Ednothum
2528 979 2852 1034 monachum
2881 981 3135 1037 abbatem
3164 984 3471 1039 constituit.

2003 1068 2058 1120 7.
2122 1069 2225 1122 Per
2280 1067 2423 1122 idem
2491 1073 2707 1136 tempus
2762 1070 3090 1126 auctoritate
3155 1073 3381 1127 Joannis
3428 1087 3583 1143 papae

1934 1159 2248 1213 Dunstanus
2302 1156 2754 1225 archiepiscopus
2817 1164 3009 1215 coacto
3047 1161 3290 1229 generali
3347 1162 3586 1218 concilio

1936 1245 2087 1317 (117)
2128 1245 2318 1300 statuit
2357 1250 2411 1299 et
2449 1245 2675 1300 decreto
2724 1246 2956 1302 firmavit
2994 1255 3055 1303 ut
3084 1262 3274 1305 omnes
3312 1251 3586 1317 canonici,

1942 1335 2272 1405 presbyteri,
2325 1334 2566 1400 diaconi,
2616 1334 2941 1391 subdiaconi
2989 1343 3082 1392 aut
3121 1346 3269 1393 caste
3306 1339 3590 1407 viverent,

1943 1429 2037 1479 aut
2094 1423 2358 1479 ecclesias
2418 1438 2555 1493 quas
2607 1425 2868 1479 tenebant
2927 1425 3287 1483 dimitterent.
3347 1430 3597 1485 Habebat

1944 1519 2124 1568 autem
2164 1526 2346 1582 regem
2379 1513 2648 1583 Edgarum
2688 1514 2742 1568 in
2782 1514 2888 1569 hoc
2927 1517 3149 1585 negotio
3189 1516 3405 1573 ﬁdelem
3444 1517 3600 1587 adju-

222 1609 493 1664 laboraret
521 1608 716 1663 annis:
759 1614 963 1662 etcum
1004 1606 1336 1676 piscatorum
1367 1605 1610 1675 quidam,
1644 1602 1863 1659 nemine
1949 1608 2122 1657 torem
2183 1609 2237 1656 et
2294 1602 2505 1657 firmum
2563 1600 2928 1658 defensorem.
2980 1606 3153 1675 IIujus
3208 1606 3353 1661 enim
3390 1605 3600 1661 decreti

226 1697 460 1768 Walgit,
537 1710 660 1753 cum
735 1695 982 1751 navicula
1056 1709 1152 1750 sua
1226 1708 1441 1764 aquam,
1520 1684 2207 1748 RamesmereBexecutio
2263 1692 2514 1747 Oswaldo
2571 1692 2940 1762 Wigorniensi
2994 1695 3258 1765 episcopo
3316 1701 3371 1750 et
3410 1695 3601 1751 Ethel-

227 1792 613 1856 nuncupatam,
676 1784 922 1855 piscandi
988 1784 1162 1855 gratia
1199 1784 1268 1839 ad
1308 1796 1465 1838 usum
1522 1782 1729 1838 domini
1786 1779 1869 1835 sui

229 1875 444 1932 comitis
490 1876 773 1947 ingressus
829 1880 1011 1929 esset:
1074 1879 1129 1928 et
1185 1872 1278 1927 diu
1335 1872 1537 1926 frustra
1595 1871 1871 1934 laborans,

231 1966 399 2021 nimio
430 1965 597 2021 taedio
628 1963 903 2034 fatigatus,
944 1962 1163 2018 tandem
1193 1961 1512 2017 obdormire
1543 1960 1750 2029 cmpit;
1784 1957 1872 2013 cui

230 2062 451 2112 sanctus
479 2055 808 2111 Benedictus
854 2066 1127 2123 apparens
1164 2051 1335 2106 dixit:
1398 2065 1429 2103 ‹‹
1485 2052 1694 2105 Aurora
1752 2061 1874 2103 cum

236 2145 576 2210 surrexerit,
655 2150 807 2199 tuum
883 2142 1021 2209 ejice
1096 2147 1329 2209 tragum,
1408 2142 1463 2193 et
1537 2136 1877 2192 multitudini

233 2235 473 2306 c0piosae
537 2234 649 2288 voti
716 2245 944 2300 compos
981 2229 1229 2284 obviabis
1269 2228 1521 2297 piscium.
1584 2228 1877 2294 Captorum

234 2339 451 2396 quoque
519 2322 749 2393 piscium
808 2322 1090 2390 majorem,
1143 2318 1336 2383 Haket,
1405 2317 1459 2372 id
1517 2324 1601 2371 est
1656 2316 1881 2370 Lucium

236 2421 507 2480 vocatum,
548 2412 782 2467 Ailwino
811 2409 1036 2465 domino
1066 2414 1162 2462 tuo
1192 2420 1310 2461 mea
1341 2420 1407 2461 ex
1436 2412 1590 2475 parte
1622 2404 1879 2468 offerens,

236 2504 387 2559 dices
424 2504 474 2557 ei
515 2509 595 2566 tu,
655 2512 829 2554 meam
879 2496 1231 2553 donationem
1272 2496 1506 2565 benigne
1553 2494 1881 2562 suscipiens,

238 2592 343 2662 piae
382 2590 542 2645 matri
594 2586 989 2644 misericordiae
1046 2586 1249 2652 Mariae,
1307 2584 1459 2650 mihi,
1520 2583 1885 2651 omnibusque

238 2680 414 2735 sacris
450 2678 754 2748 virginibus
792 2675 1182 2731 monasterium
1226 2673 1280 2727 in
1318 2672 1421 2727 hac
1477 2672 1655 2728 insula
1691 2686 1885 2727 mona-

239 2770 469 2824 chorum
538 2768 657 2821 sine
716 2765 980 2819 dilatione
1038 2762 1258 2817 studeat
1311 2760 1619 2825 fabricare;
1677 2768 1890 2817 scrute-

241 2864 441 2927 turque
516 2855 796 2925 quomodo
862 2860 1027 2909 nocte
1101 2852 1157 2906 in
1226 2850 1403 2905 insula
1476 2851 1729 2905 animalia
1794 2865 1891 2906 sua

1954 1780 2137 1837 woldo
2167 1781 2536 1835 Wintoniensi
2593 1783 2857 1851 episcopo
2897 1783 3187 1838 commissa
3244 1790 3346 1839 est.
3408 1785 3607 1840 Beatus

1957 1884 2089 1940 ergo
2126 1869 2411 1925 Oswaldus
2465 1875 2673 1938 septem
2736 1872 3067 1926 monasteria
3104 1872 3161 1927 in
3200 1886 3299 1928 sua
3355 1872 3607 1941 dioecesi,

1958 1960 2151 2030 ejectis
2216 1958 2434 2014 clericis
2499 1958 2804 2015 insolenter
2858 1960 3190 2030 viventibus,
3260 1963 3606 2029 construxit,

1959 2056 2014 2105 et
2044 2049 2343 2105 monachos
2382 2049 2707 2111 introduxit,
2740 2056 2795 2103 et
2823 2050 3052 2107 abbates
3088 2052 3169 2107 eis
3198 2051 3465 2121 praefecit.

2032 2139 2084 2194 8.
2146 2142 2360 2194 Interea
2415 2139 2585 2193 abbas
2649 2140 3001 2195 Persorensis
3055 2155 3216 2211 quem
3273 2142 3611 2209 instituerat,

1962 2228 2184 2283 nomine
2259 2227 2568 2282 Fudbertus
2631 2226 2797 2296 (118),
2858 2229 3222 2300 morigeratus
3278 2237 3334 2286 et
3398 2229 3617 2286 fervens

1964 2317 2250 2388 religionis
2288 2317 2606 2372 monasticis
2653 2317 2879 2383 zelator,
2937 2319 3153 2375 scilicet
3208 2320 3265 2374 in
3321 2319 3614 2386 subditos,

1966 2406 2112 2476 quod
2154 2404 2308 2460 valde
2364 2406 2419 2459 in
2459 2418 2526 2460 eo
2583 2406 3109 2475 reprehendebatur,
3152 2407 3335 2464 nimim
3375 2414 3431 2463 et
3467 2406 3621 2463 indi-

1966 2502 2163 2550 screta:
2194 2494 2504 2549 severitatis
2547 2493 2667 2549 fuit.
2702 2496 2752 2549 Is
2806 2496 2872 2551 ad
2934 2502 3176 2552 extrema
3207 2497 3525 2567 perductus,
3566 2500 3622 2550 et

1968 2584 2097 2639 huic
2145 2584 2269 2638 vitae
2308 2582 2575 2647 sublatus,
2619 2590 2673 2638 et
2712 2584 2766 2638 in
2824 2583 3029 2642 feretro
3082 2586 3332 2653 locatus,
3395 2590 3621 2655 recepto

1969 2674 2208 2743 spiritu,
2278 2673 2681 2741 trepidantibus
2746 2676 2979 2740 cunctis,
3036 2677 3212 2731 erexit
3267 2690 3325 2730 se
3364 2676 3557 2730 dicens
3592 2688 3625 2729 a

1972 2763 2149 2838 heato'
2201 2762 2499 2816 Benedicto
2564 2762 2620 2817 in
2686 2763 2952 2818 visionem
3020 2765 3115 2819 Dei
3181 2779 3240 2819 se
3299 2765 3626 2833 perductum

1974 2851 2163 2917 fuisse,
2207 2857 2262 2905 et
2297 2852 2465 2905 Deum
2513 2866 2609 2907 sua
2651 2859 2876 2921 peccata
2934 2854 3145 2908 meritis
3196 2853 3485 2910 dilectoris
3541 2853 3628 2909 sui

242 2946 590 3010 incumbunt,
630 2950 684 2998 et
739 2944 833 2999 ubi
884 2950 1098 2997 taurum
1156 2947 1468 3011 surgentem
1501 2941 1695 2995 dextro
1752 2940 2211 3011 pede_Oswaldi
2271 2939 2588 3002 indulsisse,
2658 2948 2822 3011 atque
2879 2942 2945 2996 ad
3004 2942 3360 2997 intimandam
3425 2942 3631 2997 sancti-

239 3036 462 3101 viderit,
496 3040 696 3089 terram
739 3040 1048 3103 percutere,
1083 3031 1159 3086 ibi
1190 3045 1336 3085 aram
1388 3031 1599 3101 erigere
1639 3030 1888 3085 festinet:
1912 3000 1957 3064 α
1980 3037 2144 3086 tatem
2178 3030 2297 3099 ejus
2325 3044 2384 3084 se
2416 3030 2672 3085 revivisse
2712 3031 2965 3086 asseruit.
2999 3033 3116 3098 Quo
3147 3032 3297 3087 dicto
3336 3031 3628 3100 conticuit,

242 3130 414 3193 utque
479 3124 685 3179 certius
742 3122 878 3175 meis
933 3120 1124 3176 credat
1182 3118 1472 3185 mandatis,
1542 3118 1688 3174 hunc
1744 3125 1895 3173 tuum

245 3214 350 3269 tibi
388 3212 714 3268 exteriorem
756 3211 981 3265 incurvo
1022 3208 1273 3279 digitum,
1316 3222 1476 3277 quem
1508 3213 1563 3262 et
1602 3208 1739 3277 ipse,
1773 3223 1898 3265 mox

245 3318 277 3358 a
337 3316 480 3357 nexu
546 3300 803 3371 podagra:
849 3298 1093 3365 solutus,
1148 3297 1249 3351 tibi
1288 3296 1461 3366 erigat
1507 3298 1894 3365 reparandum.

244 3391 524 3461 Evigilans
594 3395 775 3444 autem
841 3388 1119 3456 copiosam
1189 3386 1417 3455 piscium
1493 3387 1898 3442 multitudinem

244 3479 542 3545 conclusit,
584 3480 955 3547 majoremque
994 3475 1219 3529 domino
1249 3487 1348 3528 suo
1399 3487 1465 3527 ex
1518 3480 1672 3541 parte
1724 3475 1898 3529 sancti

241 3569 473 3635 obtulit,
495 3582 617 3637 quae
646 3566 859 3621 viderat
879 3570 934 3619 et
963 3562 1212 3618 audierat
1242 3561 1552 3630 replicans;
1585 3571 1644 3616 ut
1670 3563 1900 3632 digitum

242 3672 410 3715 suum
487 3657 829 3711 incurvatum
905 3653 1080 3722 erigat
1171 3651 1371 3707 obnixe
1447 3650 1676 3720 regavit.
1752 3652 1901 3706 Tunc

240 3748 515 3804 Ailwinus
573 3746 802 3815 digitum
860 3742 961 3797 viri
1019 3742 1200 3796 manui
1252 3741 1549 3795 hmrentem
1590 3740 1805 3806 erexit,
1848 3746 1904 3796 et

239 3838 315 3893 ad
360 3834 593 3891 insulam
626 3840 686 3888 ut
718 3832 897 3901 potuit
935 3829 1268 3899 properavit.
1303 3830 1545 3897 Cumque
1574 3829 1630 3883 in
1670 3830 1901 3885 insulam

240 3928 537 3996 ingressus
564 3936 594 3977 a
622 3935 723 3976 suo
753 3920 947 3975 morbo
971 3917 1213 3987 perfecte
1238 3923 1460 3972 curatus
1479 3916 1689 3982 fuisset,
1717 3926 1905 3975 taurus

242 4016 319 4071 de
378 4012 561 4068 medio
601 4009 914 4065 animalium
953 4021 1275 4078 exsurgens,
1336 4012 1533 4061 terram
1594 4007 1732 4076 pede
1772 4023 1904 4077 per-

244 4122 413 4179 tarde
442 4119 596 4185 venit,
638 4116 814 4171 nuntio
854 4115 981 4183 aegri
1019 4116 1123 4183 iam
1155 4112 1520 4168 discumbentis
1561 4110 1635 4181 (α)
1666 4116 1906 4172 avunculi

242 4190 547 4267 perculsus.
605 4190 725 4267 tam
780 4201 901 4255 ergo
951 4188 1123 4267 _I?o[as
1180 4185 1558 4267 appulsuskut
1614 4185 1907 4267 defunctum

246 4256 459 4319 audivit
490 4306 507 4328 ,
572 4260 836 4314 minimam
908 4256 1073 4326 abfuit
1155 4258 1277 4326 quin
1357 4256 1533 4311 statim
1607 4256 1907 4316 Floriacam

1981 3127 2035 3175 et
2064 3124 2291 3188 accepto
2321 3119 2521 3174 viatico
2552 3119 2819 3174 Dominici
2859 3121 3112 3190 corporis
3159 3121 3447 3176 dimidium
3487 3119 3632 3175 diem

1980 3208 2302 3280 supervixit,
2344 3214 2397 3264 et
2436 3210 2597 3264 vitam
2639 3210 2792 3265 obitu
2823 3210 3021 3266 iterato
3062 3210 3254 3265 finivit.

2051 3300 2105 3353 9.
2147 3302 2204 3354 In
2245 3299 2367 3353 aliis
2395 3301 2540 3353 enim
2578 3299 2786 3368 Angliae
2813 3301 3061 3367 partibus
3098 3300 3344 3369 insignes
3372 3297 3636 3354 ecclesias

1984 3390 2054 3444 ob
2087 3388 2359 3458 praefixam
2393 3400 2608 3440 causam
2651 3387 2869 3442 clericis
2908 3389 3206 3453 evacuavit,
3262 3394 3317 3443 et
3364 3402 3457 3443 eas
3503 3386 3636 3442 viris

1983 3477 2303 3533 monasticae
2362 3476 2648 3545 religionis
2685 3476 3017 3543 sublimavit,
3080 3490 3311 3547 quorum
3370 3476 3489 3531 haec
3528 3488 3637 3530 no-

1986 3568 2130 3621 mina
2158 3571 2321 3621 sunt:
2367 3564 2609 3619 Ecclesia
2657 3565 2710 3618 S.
2769 3565 2985 3631 Albani,
3027 3567 3081 3619 S.
3142 3564 3489 3621 Etheldredaa
3526 3563 3638 3619 vir-

1986 3657 2127 3738 ginis
2157 3657 2212 3710 in
2245 3653 2398 3723 Hely,
2435 3659 2488 3707 et
2518 3667 2580 3708 ea
2608 3667 2730 3722 qua:
2760 3654 2904 3722 apud
2947 3655 3303 3710 Beamﬂedam
3338 3654 3638 3709 constituta

1986 3744 2330 3802 honorabilis
2387 3742 2710 3798 habebatur.
2778 3744 3023 3798 Instituit
3088 3743 3232 3798 enim
3290 3744 3348 3798 in
3403 3743 3637 3799 ecclesia

1988 3837 2041 3890 S.
2073 3833 2265 3889 Albani
2308 3830 2564 3885 Elfricum
2614 3832 2863 3887 abbatem
2918 3832 3084 3897 (119),
3127 3834 3220 3902 qui
3258 3832 3327 3887 ad
3366 3831 3640 3902 archiepi-

1987 3930 2272 3993 scopatum
2302 3922 2747 3977 Cantuariensem
2798 3929 2988 3992 postea
3037 3923 3364 3979 sublimatus
3409 3922 3532 3988 fuit,
3581 3922 3638 3977 in

1988 4012 2232 4069 Ecclesia
2263 4011 2480 4080 Elyensi
2512 4012 2890 4068 Brithonotum
2938 4013 3214 4081 abbatem,
3248 4004 3641 4069 Beamtledensi

1991 4119 2416 4190 chronographo
2450 4119 2733 4188 probatur.

2063 4191 2202 4259 (114)
2254 4190 2396 4245 Infra
2453 4191 2520 4245 ad
2561 4205 2762 4245 annum
2817 4190 2925 4244 960
2977 4191 3222 4247 referunt
3273 4192 3493 4246 Simeon
3534 4192 3642 4245 Du-

1993 4264 2290 4320 nelmensis
2354 4268 2410 4317 et
2476 4263 2743 4331 Rogerius
2809 4262 3178 4329 Hovedenus,
3266 4262 3359 4330 qui
3435 4260 3644 4315 Odonis

244 4335 473 4390 rediret.
517 4331 620 4385 Sed
658 4329 924 4385 admonitu
959 4328 1218 4402 sociorum
1262 4328 2223 4402 necessitatcsiparentumDmortem
2262 4345 2406 4387 anno
2457 4328 2577 4385 958'
2616 4332 2960 4402 consignant,
3003 4347 3125 4401 quae
3183 4328 3424 4387 triennio
3462 4330 3646 4386 secius

244 4421 366 4460 non
412 4401 767 4472 negligendas,
811 4405 931 4471 post
967 4400 1113 4469 justa
1160 4403 1340 4472 sancto
1390 4397 1779 4472 archiepiscopo
1826 4420 1912 4458 so-

250 4477 416 4543 luta,
478 4469 565 4529 ad
612 4469 1079 4543 archiepiscopum
1120 4469 1501 4543 Eboracensem
1567 4469 1865 4527 Oslutellam
1893 4519 1908 4543 ,

248 4539 413 4619 quem
483 4546 726 4619 proximo
763 4539 1264 4619 _'consanguinitalis
1337 4539 1507 4607 gradu
1580 4539 1910 4619 attingebat,

245 4612 441 4674 acuit:
483 4612 619 4685 ἐάας
684 4614 956 4671 dulcedine
1028 4617 1253 4685 captus,
1328 4625 1431 4664 non
1484 4612 1721 4685 _p_aucis_
1758 4617 1915 4671 annis

254 4681 593 4758 religione’et
623 4686 956 4742 contubernio
987 4681 1102 4753 ejus
1123 4682 1312 4753 [ruitus
1341 4687 1437 4736 est.
1469 4681 1586 4758 (ξρρ
1615 4682 1916 4755 archiepis-

249 4751 448 4831 copus
483 4758 891 4814 Cantuariensis
926 4751 1286 4831 mortuushest
1314 4766 1457 4831 anno
1486 4751 1610 4831 991,
1649 4769 1758 4823 quo
1791 4751 1917 4825 ῥιοο-

249 4825 401 4889 inde
424 4844 567 4886 anno
591 4828 1064 4900 contigitOswaldi
1086 4825 1298 4881 reditus
1318 4827 1371 4879 in
1394 4825 1655 4893 Angliam,
1682 4842 1801 4882 cum
1826 4833 1919 4885 Ar-

250 4902 631 4961 chembaldus
650 4902 821 4956 abbas
835 4901 1084 4955 Floriaco
1099 4904 1454 4967 przeesset,ut
1487 4909 1609 4950 mox
1641 4901 1912 4955 notaliam.

339 4973 506 5046 (113)
552 4975 995 5046 Dorccstrensem
1026 4972 1188 5046 etiam
1227 4970 1545 5046 episcopum
1585 4978 1741 5046 vocat
1782 4972 1920 5026 infra

248 5039 729 5115 chronographus
775 5042 1196 5115 Ramesiensis:
1256 5039 1561 5115 Willelmus
1616 5040 1922 5098 Eboracen-

248 5132 409 5175 sem.
466 5107 692 5185 Utrique
749 5116 868 5170 sedi
923 5114 1231 5169 successive
1288 5107 1570 5179 praefuisse
1625 5124 1688 5165 οξ(
1727 5116 1922 5170 eodem

329 5244 406 5305 (a)
445 5239 980 5305 Legegdecumbentis.
1009 5233 1335 5305 Discumbere
1360 5232 1503 5305 enirn
1520 5234 1736 5283 verbum
1768 5238 1928 5305 tricli-

254 5294 550 5367 mima;
558 5302 807 5367 pluribus,
823 5301 1060 5367 diversos
1083 5300 1246 5367 lectos
1267 5294 1507 5367 coeuaqdi
1532 5312 1691 5348 causa
1710 5300 1925 5367 petenti-

256 5370 393 5421 bus,
434 5357 573 5414 ’(1ὶοὶ⁸
595 5357 830 5430 solitum.
882 5360 1190 5430 Decumbere
1220 5366 1396 5430 autem
1427 5357 1488 5405 de
1513 5357 1921 5430 aegrotantibus:

259 5430 610 5492 Fatigatione
652 5428 852 5476 itineris
872 5421 1625 5492 affectam...aliquammattis
1646 5424 1821 5492 diebus
1840 5441 1926 5475 ne-

258 5481 465 5542 συνηῧο
521 5492 703 5553 Αιιυιιἒ
754 5481 978 5553 Apol);
1038 5481 1321 5536 Accedenfe
1378 5481 1534 5545 febri,
1588 5485 1928 5539 decubueram

260 5557 451 5620 (GBLL
463 5590 474 5602 .
487 5555 522 5616 ).
556 5557 642 5602 ED.
677 5552 914 5601 PATROL.

470 5636 709 5693 PATROL.
744 5632 986 5690 CXLVII.

1992 4406 2214 4470 accidit,
2249 4411 2309 4458 ut
2348 4403 2633 4472 probatum
2685 4412 2768 4458 est
2822 4402 2889 4457 ad
2941 4404 3103 4458 vitam
3152 4404 3206 4457 S.
3246 4403 3473 4458 Odonis.
3523 4403 3644 4459 Non

1995 4491 2126 4547 ergo
2175 4482 2300 4529 ante
2351 4487 2551 4528 annum
2608 4475 2705 4527 961
2770 4481 3054 4543 promotus
3110 4481 3192 4529 est
3248 4473 3532 4529 Oswaldus
3586 4474 3646 4528 in

1995 4549 2179 4603 sedem
2207 4547 2666 4603 Wigorniensem.

1995 4560 2179 4604 sedem
2214 4560 2666 4604 thormensem.

2072 4560 2179 4603 tem
2214 4560 2666 4614 ngorntensem.

2072 4616 2213 4687 (115)
2272 4619 2343 4671 De
2410 4617 2809 4672 Westburiensi
2866 4616 3200 4673 monasterio
3257 4617 3373 4686 agri
3432 4616 3649 4686 Wigor-

1998 4690 2205 4745 niensis
2244 4688 2362 4755 lege
2392 4689 2676 4743 Monastici
2707 4696 2910 4743 tomum
2940 4690 2959 4742 1
3001 4704 3031 4743 a
3062 4702 3184 4758 pag.
3223 4687 3343 4741 125.

2071 4759 2229 4831 (116),
2270 4761 2346 4813 De
2392 4759 2621 4831 Ailwino
2679 4762 2877 4831 comite
2933 4760 2989 4814 in
3046 4757 3152 4814 alia
3188 4760 3326 4815 Vita.
3368 4757 3652 4815 Oswaldus

2000 4830 2290 4887 duodecim
2322 4830 2622 4885 monachos
2669 4830 2735 4883 de
2777 4832 3036 4886 Westbiri
3076 4832 3378 4887 Ramesiam
3437 4830 3652 4886 misisse

2002 4904 2205 4959 dicitur
2234 4904 2287 4956 in
2322 4903 2623 4956 MonaStico
2654 4915 2777 4971 pag.
2813 4902 2936 4957 231.

2078 4973 2228 5041 (117)
2264 4975 2334 5027 De
2367 4974 2471 5028 hoc
2501 4974 2740 5028 concilio
2791 4974 2911 5029 vide
2940 4977 3071 5029 Acta
3092 4978 3146 5031 S.
3172 4974 3435 5029 Dunstani
3465 4989 3651 5045 supra.

2075 5045 2211 5114 (118)
2273 5047 2344 5099 De
2393 5058 2458 5098 eo
2516 5045 2659 5114 apud
2719 5046 2954 5100 Pitseum
3014 5046 3081 5100 ad
3137 5059 3337 5100 annum
3394 5044 3657 5110 980,7uhi

2005 5131 2126 5172 eum
2161 5116 2546 5171 Fuldebertum
2586 5124 2766 5172 vocat.
2805 5119 2878 5171 De
2936 5131 3001 5171 eo
3059 5122 3114 5170 et
3170 5117 3238 5171 de
3298 5116 3657 5172 Pershorensi

2006 5188 2339 5243 monasterio
2371 5188 2488 5258 lege
2519 5187 2665 5243 dicta
2705 5188 2959 5258 superius
2990 5203 3110 5257 pag.
3152 5186 3247 5239 641
3282 5187 3482 5258 Saeculi
3522 5188 3584 5242 V.

2084 5258 2242 5329 (119)
2286 5256 2507 5314 Fuit—et
2562 5259 2703 5315 alius
2757 5256 3001 5315 Alfricus
3049 5256 3145 5313 Seu
3202 5257 3437 5313 Elfricus
3492 5256 3688 5314 abbas’

2008 5328 2448 5386 Abandoniensis
2514 5337 2639 5398 post
2694 5333 2747 5387 S.
2810 5328 3211 5393 Ethelwolfum,
3272 5331 3430 5399 cujus
3485 5332 3660 5384 Vitam

2010 5400 2245 5457 Alfricus
2274 5403 2391 5470 ipse
2421 5403 2663 5470 scripsit,
2716 5408 2775 5457 ut
2824 5401 3078 5471 superius
3104 5400 3359 5457 vidimus.
3392 5401 3663 5457 Godman-

2014 5488 2117 5528 nus
2146 5472 2731 5541 Thorneiensisabbas
2768 5471 2891 5541 fuit,
2934 5487 3001 5528 ex
3028 5473 3287 5530 secundae
3325 5471 3451 5529 vita:
3494 5480 3549 5528 et
3598 5486 3665 5526 ex

2013 5544 2151 5600 actis
2179 5546 2232 5599 S.
2266 5543 2613 5600 Ethelwoldi.
3463 5543 3477 5569 ‘

3418 5632 3491 5689 38
