4122 6184
539 238 676 295 1195

1736 235 2063 292 FOLCARDI
2099 236 2445 293 OPUSCULA
2483 236 2705 293 DUBIA.

3782 235 3915 290 1196

530 363 791 421 Ecclesiae
818 360 1191 418 Godmannum
1227 361 1514 417 constituit
1534 361 1808 416 abbatem.
1840 361 2166 416 Monasteria
2186 363 2410 433 Aquasi
2452 361 2584 416 nihil
2617 362 2805 416 oneris
2840 359 3028 429 ferret,
3080 361 3147 415 ad
3194 361 3366 429 ripam
3425 373 3696 430 prospero
3755 361 3910 430 lapsu

529 468 653 525 quae
710 451 1075 508 aediﬁcaverat
1130 451 1385 517 circuire,
1443 449 1612 505 verbo
1671 449 1832 505 simul
1890 456 1945 505 et
1982 464 2170 520 opere,

526 556 652 613 qua:
689 541 882 597 salutis
910 545 1065 596 erant
1101 543 1331 609 paterno
1370 538 1606 608 quodam
1636 538 1833 594 affectu
1864 538 2173 594 ministrare

525 631 756 687 curavit.

602 734 683 790 10.
711 735 901 791 Posuit
947 746 1170 803 quoque
1202 733 1256 787 in
1288 732 1622 788 monasterio
1652 733 1951 788 Rameseize
1986 732 2173 787 Abbo-

522 835 645 879 nem
719 822 1123 878 Floriacensem
1188 822 1537 887 monachum,
1606 835 1816 877 morum
1881 822 2171 877 sanctitate

519 906 866 982 praclarum,
928 911 1231 967 litterarum
1291 911 1520 967 scientia
1577 911 1913 967 excellenter
1969 912 2171 966 instru-

517 1008 687 1068 ctum,
720 1001 816 1071 qui
845 1001 1146 1057 monachos
1173 1001 1420 1066 doceret,
1462 1000 1681 1056 scholas
1724 1007 1960 1070 regeret,
2012 1007 2065 1055 et
2113 1002 2168 1054 in

514 1092 809 1163 disciplina
864 1090 1102 1162 regulari
1170 1097 1224 1146 et
1279 1091 1509 1146 scientia
1566 1090 1789 1146 litterali
1849 1090 2159 1160 prodesset.

510 1181 777 1238 Dunstani
843 1181 1073 1251 insuper
1136 1180 1358 1236 hortatu
1427 1181 1738 1250 passionem
1795 1182 1854 1235 Β.
1895 1180 2166 1236 Edmundi

508 1271 658 1341 regis
696 1278 750 1325 et
788 1270 1046 1340 martyris
1100 1268 1246 1325 idem
1303 1269 1458 1325 Abbo
1516 1269 1869 1324 laudabiliter
1922 1270 2164 1338 scripsit.

505 1361 703 1418 Postea
771 1359 1080 1415 Floriacum
1146 1372 1432 1429 regressus
1496 1364 1552 1415 et
1616 1358 1786 1413 abbas
1851 1358 2079 1415 effectus
2135 1371 2165 1411 a

507 1448 795 1505 monachis
833 1447 981 1520 (120)
1013 1448 1129 1504 suis
1158 1448 1451 1503 occiditur.

581 1556 663 1609 ll.
714 1557 848 1612 Cum
905 1562 1087 1612 autem
1144 1556 1536 1612 monasterium
1574 1554 1630 1609 in
1698 1552 1982 1623 Wigornia
2022 1549 2163 1607 infra

500 1647 676 1717 ipsam
723 1646 909 1702 sedem
953 1646 1320 1716 episcopalem
1380 1651 1702 1701 construere
1760 1644 2040 1713 coepisset,
2100 1642 2156 1696 in

498 1749 610 1805 quo
657 1750 781 1791 cum
828 1735 1113 1792 monachis
1168 1742 1611 1801 conversaretur,
1678 1747 1788 1788 non
1857 1733 2017 1802 longe
2085 1731 2153 1786 ab

500 1836 670 1894 opere
700 1824 823 1894 ipso
862 1824 1084 1893 quidam
1114 1824 1255 1894 lapis
1284 1824 1526 1893 quadrus
1571 1822 1790 1891 jacebat
1845 1822 1913 1875 ad
1972 1821 2157 1889 operis

497 1911 761 1969 fabricam
800 1914 1025 1969 omnino
1074 1913 1455 1969 necessarius:
1517 1925 1678 1981 quem
1736 1924 1857 1966 cum
1916 1910 2156 1965 artiﬁces

496 2001 679 2059 levare
717 2002 943 2070 vellent,
1013 2003 1170 2073 quasi
1228 2002 1494 2057 radicitus
1558 2008 1722 2056 terra:
1789 1999 2029 2064 inbzesit,
2099 2005 2154 2053 et

495 2092 648 2149 nullo
703 2097 904 2149 conatu
962 2092 1170 2148 moveri
1221 2091 1419 2161 potuit.
1471 2091 1675 2159 Stupor
1728 2090 1924 2159 ingens
1962 2101 2153 2143 omnes

492 2188 749 2252 occupat,
782 2179 1073 2237 mandatur
1127 2180 1196 2236 de
1234 2180 1457 2252 negotio
1507 2179 1653 2234 Patri
1708 2176 1993 2233 Oswaldo:
2055 2176 2150 2245 qui

489 2271 758 2338 veniens,
826 2277 881 2327 et
942 2260 1347 2326 m'ultitudinem
1404 2282 1652 2340 magnam
1709 2268 1855 2323 circa
1913 2266 2149 2336 lapidem

490 2374 648 2417 casso
716 2359 905 2416 labore
971 2360 1259 2415 sudantem
1318 2359 1613 2428 aspiciens,
1670 2356 1899 2431 miratus
1954 2360 2039 2410 est
2094 2358 2149 2409 et

488 2450 759 2505 attonitus
786 2455 958 2515 stans,
993 2449 1273 2517 Deumque
1302 2446 1525 2503 silentio
1564 2446 1890 2516 deprecans,
1932 2445 2149 2514 aspexit

488 2539 546 2593 in
577 2538 759 2609 lapide
788 2538 885 2593 illo
914 2538 1225 2608 z’Ethiopem
1246 2537 1535 2607 quemdam
1566 2536 1782 2601 sedere,
1807 2540 1861 2590 et
1891 2534 2148 2589 obscenis

487 2628 729 2683 motibus
767 2627 1082 2683 laborantes
1120 2625 1509 2682 subsannando
1549 2625 1827 2680 deridere.
1861 2625 1925 2679 Et
1962 2623 2145 2679 statim

485 2722 677 2787 contra
709 2718 1014 2773 daemonem
1044 2718 1260 2787 signum
1291 2717 1471 2771 crucis
1500 2716 1742 2781 intorsit,
1784 2721 1841 2770 et
1891 2713 2145 2768 territum

483 2804 637 2861 illum
663 2804 787 2877 fuga
836 2805 942 2862 sibi
992 2806 1281 2863 consulere
1338 2804 1623 2875 compulit.
1681 2807 1749 2859 At
1805 2803 1945 2873 lapis
1982 2816 2143 2872 quem

482 2896 764 2967 octoginta
829 2909 1048 2951 movere
1104 2896 1443 2965 nequibant,
1500 2909 1531 2949 a
1587 2895 1777 2963 paucis
1828 2892 2144 2948 hominibus

481 2982 739 3040 facillime
798 2983 1007 3039 levatus
1064 2986 1121 3039 in
1160 2998 1329 3053 opere
1368 2983 1691 3039 collocatur.
1736 2980 1982 3037 Perfecta
2038 2980 2893 3053 ita-i11:“[ffi’j'fu‘jfjt
2935 2980 3807 3053 ’ς;;;;’“Ϊ;ζ’ςζῖςςξηεῄζινῖ-ξῖς

2160 3029 2201 3090 C
2226 3047 2344 3088 rum
2378 3034 2479 3088 luit
2508 3032 2914 3089 accommodus.
2950 3031 3067 3087 lllic
3110 3032 3254 3087 enim
3286 3030 3514 3101 pervigil
3544 3031 3599 3085 in
3662 3031 3871 3086 oratio-

482 3085 590 3142 que
622 3072 856 3128 ecclesia
911 3073 969 3127 in
1027 3073 1238 3128 honore
1298 3074 1358 3127 B.
1417 3073 1619 3136 Mariae,
1682 3078 1737 3125 et
1792 3071 2139 3141 congregatis

482 3160 689 3217 ibidem
720 3161 1046 3231 quibusdam
1077 3162 1381 3227 monachis,
1424 3162 1614 3216 clerici
1655 3162 1709 3215 in
1750 3162 1881 3217 sede
1922 3163 2138 3231 episco-

480 3249 592 3320 pali
640 3250 913 3317 nonuulli,
977 3258 1164 3321 spreto
1222 3250 1428 3306 saeculo
1469 3251 1832 3306 monasticum
1889 3250 2134 3306 habitum

462 3326 883 3409 'susceperunt:
920 3345 975 3395 et
1003 3340 1071 3395 ab
1110 3339 1345 3395 ecclesia
1396 3340 1456 3395 B.
1516 3339 1663 3395 Petri
1719 3339 1789 3394 ad
1847 3339 2137 3394 ecclesiam

479 3428 538 3483 B.
590 3428 772 3485 Maria:
811 3443 843 3484 a
880 3428 1100 3486 clericis
1128 3429 1195 3484 ad
1246 3428 1548 3485 monachos
1594 3428 1929 3498 epis00palis
1975 3428 2137 3484 sedes

480 3517 745 3574 translata
776 3523 877 3575 est.

556 3642 639 3699 12.
708 3645 923 3700 Mortuo
981 3644 1314 3701 Eboracensi
1382 3644 1803 3713 archiepiscopo
1840 3638 2001 3714 (121),
2044 3656 2137 3698 co-

477 3732 735 3802 gentibus
771 3747 900 3804 rege
947 3732 1160 3804 Edgaro
1200 3741 1256 3789 et
1292 3739 1483 3788 sancto
1512 3733 1813 3799 Dunstano,
1855 3732 2132 3787 omnium-

477 3835 585 3891 que
642 3820 971 3878 clericorum
1025 3835 1272 3889 assensu,
1330 3822 1399 3877 ad
1464 3821 1997 3890 archiepiscopatum
2053 3835 2134 3875 as-

477 3915 731 3978 sumptus
759 3914 861 3964 est.
895 3909 961 3964 Et
990 3923 1059 3966 ne
1098 3910 1351 3966 monachi
1391 3923 1532 3979 quos
1560 3910 1896 3976 instituerat,
1928 3910 2132 3979 aliqua,

478 3996 624 4053 ultra
652 4011 815 4066 quam
844 3996 988 4053 ferre
1018 3999 1283 4065 valerent,
1325 3999 1631 4054 tentatione
1679 4005 2132 4066 concuterentur,

476 4085 523 4142 si
580 4085 841 4156 pastorali
893 4100 1026 4141 cura
1087 4087 1338 4142 destituti
1391 4100 1501 4143 non
1541 4087 1808 4142 haberent
1847 4102 1956 4157 quo
1998 4090 2133 4144 nite-

476 4181 687 4242 rentur,
722 4175 1049 4232 auctoritate
1096 4178 1152 4231 S.
1210 4174 1474 4232 Dunstani
1532 4176 1883 4245 episcopatus
1921 4178 2136 4247 Wigor-

476 4264 687 4321 niensis
715 4278 902 4321 curam
931 4278 1039 4321 una
1077 4279 1201 4321 cum
1247 4264 1726 4335 archiepiscopatu
1786 4264 1938 4336 (122)
1973 4266 2135 4323 solli-

475 4354 584 4410 cite
622 4354 785 4410 rexit.

547 4458 636 4515 13.
704 4460 837 4515 Cum
910 4465 1090 4517 autem
1159 4460 1413 4517 monachi
1478 4461 1800 4527 Rameseiaz,
1870 4460 2133 4531 episcopo

473 4546 725 4604 Oswaldo
793 4549 850 4603 in
922 4549 1041 4618 ripa
1106 4554 1307 4615 stante,
1361 4562 1556 4619 aquam
1622 4550 1839 4619 navigio
1896 4551 2132 4605 transire

472 4636 697 4704 vellent,
737 4638 890 4692 navis
924 4637 1090 4693 nimis
1144 4644 1371 4693 onerata
1428 4638 1599 4708 mergi
1658 4640 1847 4708 coepit.
1907 4639 2131 4695 Turbati

472 4724 748 4791 monachi,
782 4731 838 4779 et
875 4725 1015 4781 mori
1045 4731 1353 4781 metuentes
1400 4739 1561 4795 Opem
1618 4728 1795 4781 sancti
1854 4726 2132 4795 pontiﬁcis

472 4813 861 4884 implorabant.
929 4814 1084 4881 Quod
1144 4815 1339 4870 videns
1394 4820 1618 4870 sanctus
1673 4816 1890 4886 signum
1947 4817 2129 4871 crucis

472 4902 670 4969 edidit,
703 4907 758 4957 et
796 4902 949 4957 navis
993 4902 1063 4957 ad
1100 4916 1363 4973 aquarum
1403 4902 1775 4973 profunditate
1818 4918 2125 4975 emergens,

546 5024 695 5097 (120)
728 5025 930 5097 Nona
979 5026 1295 5097 monachis,
1316 5026 1415 5082 sed
1479 5041 1510 5081 a
1576 5027 1748 5083 servis
1805 5030 2125 5085 monasterii

470 5096 676 5168 regula:
706 5096 1184 5165 tumultuantibus,
1218 5096 1357 5153 infra
1389 5099 1447 5153 in
1487 5099 1606 5166 ejus
1641 5099 1811 5153 Actis.

538 5168 685 5238 (121)
723 5168 1001 5225 Osketello
1040 5170 1274 5235 scilicet,
1343 5169 1898 5240 superiusilaudato,
1966 5173 2126 5240 cujus

468 5246 700 5311 mortem
749 5253 894 5295 anno
949 5240 1057 5295 972
1111 5239 1717 5311 assignant’lngulfus,
1758 5242 1976 5296 Simeon
2016 5239 2124 5298 Du-

2256 458 2444 507 evecta
2469 457 2570 507 est.

2334 540 2414 593 l4.
2438 543 2570 596 Cum
2590 540 2733 595 enim
2765 539 3152 595 nuntiaverunt
3185 538 3234 593 ei
3258 538 3547 609 quemdam
3581 539 3907 593 monachum

2258 627 2527 682 Eliensem
2576 627 2644 681 ab
2700 639 2870 695 opere
2926 626 3178 681 ecclesia:
3246 625 3652 693 praecipitatum
3722 625 3903 679 subita

2257 721 2431 768 morte
2497 714 2868 778 occubuisse,
2938 713 3248 768 vehementi
3308 726 3544 768 mcerore
3603 713 3901 775 turbatur;

2256 810 2482 857 noverat
2521 802 2672 857 illum
2707 816 2816 857 non
2873 816 3269 872 usquequaque
3306 801 3468 855 vitam
3508 802 3733 856 duxisse
3784 800 3903 856 feli-

2256 906 2394 946 cem.
2463 892 2794 948 Convocatis
2860 898 3042 947 autem
3109 891 3409 946 Rameseiae
3465 890 3755 945 monachis
3819 891 3899 945 rei

2254 985 2506 1035 eventum
2538 980 2749 1045 retulit,
2782 986 2837 1035 et
2866 988 2927 1035 ut
2956 993 3058 1049 pro
3097 981 3274 1034 anima
3314 977 3556 1033 defuncti
3608 980 3898 1034 Dominum

2252 1069 2555 1125 studiosius
2593 1076 2834 1135 orarent,
2876 1069 3179 1124 admonuit.
3212 1068 3424 1138 Vigiliis
3468 1068 3639 1138 igitur
3678 1076 3896 1133 vacant,

2252 1159 2477 1228 psalmis
2532 1165 2588 1214 et
2646 1158 2917 1229 lacrymis,
2969 1166 3024 1214 et
3088 1158 3156 1214 ad
3218 1159 3437 1227 januam
3495 1158 3897 1213 misericordiae

2251 1248 2638 1318 Redemptoris
2695 1248 2960 1317 pulsant:
3023 1253 3079 1303 et
3136 1262 3265 1305 ecce
3307 1254 3466 1303 nocte
3505 1247 3742 1317 quadam
3785 1248 3900 1315 epi-

2248 1352 2419 1408 scopo
2450 1339 2794 1394 orationibus
2838 1338 3113 1393 insistenti
3154 1337 3298 1392 idem
3332 1336 3628 1391 defunctus
3655 1337 3897 1391 visibili-

2248 1433 2334 1482 ter
2369 1428 2643 1497 apparuit,
2678 1433 2733 1482 et
2762 1432 3118 1496 percontatus
3147 1427 3271 1495 quis
3299 1434 3463 1492 esset,
3499 1426 3653 1479 illum
3681 1440 3745 1479 se
3777 1439 3896 1481 esse

2248 1528 2349 1585 pro
2380 1529 2489 1585 quo
2512 1517 2679 1571 Deum
2709 1522 2999 1585 rogaverat
3027 1513 3339 1584 respondit.
3357 1517 3425 1568 At
3444 1514 3537 1569 ille
3567 1515 3891 1583 respirans:

2249 1623 2276 1655 «
2307 1604 2552 1672 Qualiter
2578 1605 2778 1674 inquit,
2809 1603 2998 1671 frater,
3026 1604 3125 1659 tibi
3164 1602 3285 1669 fuit,
3327 1602 3411 1657 vel
3460 1603 3700 1673 qualiter
3748 1617 3892 1658 nunc

2174 1701 2221 1758 B
2244 1701 2368 1750 est?
2394 1725 2466 1733 —
2493 1696 2785 1763 Hactenus,
2826 1695 2923 1760 ait,
2956 1693 3110 1748 valde
3141 1692 3300 1758 male,
3335 1706 3481 1747 nunc
3509 1700 3692 1748 autem
3736 1693 3890 1749 valde

2240 1784 2399 1840 bene.
2428 1786 2557 1839 Tuis
2585 1785 2789 1854 quippe
2820 1785 3031 1839 meritis
3051 1788 3107 1838 et
3137 1782 3394 1851 precibus
3421 1797 3450 1836 a
3482 1783 3663 1851 poenis
3686 1784 3891 1852 quibus

2238 1873 2525 1929 cruciabar
2554 1888 2654 1943 per
2680 1872 2933 1943 angelum
2962 1885 3119 1927 suum
3150 1884 3235 1925 me
3264 1871 3354 1926 die
3394 1871 3653 1926 hesterna
3683 1873 3887 1941 eripuit

2237 1962 2522 2017 Dominus.
2556 1963 2710 2030 Quod
2746 1969 2801 2017 et
2831 1962 2929 2016 tibi
2961 1960 3293 2016 insinuando
3323 1960 3445 2015 veni
3475 1960 3683 2029 gratias
3699 1974 3883 2030 agere.

2236 2057 2311 2118 et,
2353 2053 2615 2121 quoniam
2653 2053 2931 2122 gratiosus
2959 2064 3061 2120 pro
3092 2051 3198 2106 hoc
3233 2057 3287 2104 et
3339 2049 3463 2104 aliis
3501 2051 3631 2118 jure
3679 2050 3883 2105 debeas

2234 2142 2346 2196 Deo
2406 2142 2641 2197 existere
2711 2142 2928 2207 merito,
2986 2140 3351 2195 insinuare.»
3389 2140 3506 2206 Quo
3565 2138 3716 2194 dicto
3774 2154 3880 2196 non

2233 2232 2561 2300 comparuit.

2308 2319 2393 2375 15.
2453 2319 2741 2375 Diuecesim
2780 2333 2931 2375 suam
2981 2320 3311 2389 opportunis
3367 2320 3712 2388 temporibus
3752 2334 3879 2389 per-

2231 2422 2446 2478 agrans,
2479 2408 2748 2477 quidquid
2779 2408 2980 2464 elicere
3020 2414 3237 2477 poterat
3275 2409 3331 2462 in
3372 2408 3620 2463 moribus
3648 2422 3872 2463 suorum

2231 2497 2423 2552 oculos
2450 2498 2647 2552 summi
2707 2498 2800 2552 Dei
2865 2497 3165 2561 offendere,
3236 2508 3462 2565 paterna
3518 2497 3884 2565 castigatione

2230 2587 2513 2656 corripere
2542 2593 2706 2655 atque
2737 2587 3016 2656 corrigere
3073 2586 3375 2656 satagebat.
3438 2587 3565 2640 Haec
3623 2592 3877 2655 agentem

2229 2677 2463 2746 contigit
2513 2676 2633 2731 vice
2692 2676 2923 2745 quadam
2979 2676 3194 2731 venisse
3254 2676 3472 2744 Ripum,
3530 2675 3625 2729 ubi
3682 2676 3881 2729 beatus

2228 2766 2502 2835 quondam
2559 2764 2843 2821 Wilfridus
2891 2764 3042 2835 (123)
3095 2765 3267 2820 nobili
3316 2771 3636 2821 constructo
3687 2778 3877 2819 mona-

2226 2855 2398 2911 sterio
2438 2855 2637 2911 meruit
2673 2854 2917 2923 sepeliri.
2966 2855 3145 2909 Locus
3184 2854 3362 2908 tamen
3412 2853 3505 2908 ille
3549 2867 3579 2907 a
3620 2853 3874 2908 barbaris

2227 2944 2356 3000 olim
2397 2958 2588 3015 magna
2627 2958 2692 2999 ex
2732 2950 2886 3013 parte
2935 2943 3171 3011 dirutus,
3212 2941 3456 2997 latibulis
3503 2948 3687 2996 tamen
3737 2940 3872 2996 fera-

2220 3123 2383 3178 nibus
2439 3129 2605 3178 noctu
2664 3122 2984 3190 persistens,
3043 3120 3227 3175 divina
3285 3120 3621 3175 revelatione
3671 3120 3873 3175 didicit

2226 3215 2348 3283 ipso
2396 3212 2520 3268 loco
2576 3218 2891 3267 sanctorum
2957 3224 3189 3280 corpora
3247 3210 3469 3265 condita
3523 3223 3684 3264 esse:
3746 3225 3875 3279 quae

2223 3302 2557 3371 investigans
2596 3315 2718 3356 cum
2757 3300 3073 3357 nominibus
3100 3299 3439 3370 singulorum
3472 3298 3667 3368 procul
3701 3298 3875 3353 dubio

2218 3392 2509 3447 inveniret.
2544 3393 2710 3446 Facto
2747 3398 2929 3446 autem
2969 3404 3126 3445 mane
3165 3404 3288 3446 cum
3339 3396 3540 3445 terram
3588 3387 3870 3455 foderent,

2219 3488 2533 3537 sanctorum
2600 3494 2835 3549 corpora
2902 3494 3024 3535 cum
3101 3479 3285 3534 tabula
3361 3479 3479 3534 haec
3545 3479 3874 3534 continente

2219 3576 2437 3639 reperta
2511 3575 2683 3623 sunt:
2764 3570 2865 3622 Hic
2936 3568 3211 3639 requiescit
3290 3573 3502 3622 sanctus
3588 3567 3871 3637 Wilﬁidu

2220 3661 2435 3715 anlislrs
2474 3657 2842 3723 Eboracensis,
2898 3662 2949 3712 et
3001 3657 3268 3712 reverendi
3326 3656 3542 3712 abbales
3589 3654 3867 3723 πιθα-ιω,

2222 3750 2505 3815 Bolwinus,
2563 3746 2828 3810 Alberlus,
2888 3746 3142 3815 Sigredus
3181 3751 3336 3816 atque
3384 3744 3679 3800 Wildcnus.
3721 3745 3872 3800 Reli-

2220 3837 2379 3906 quias
2422 3842 2603 3892 autem
2652 3841 2900 3903 repertas
2944 3836 3162 3891 interim
3204 3835 3327 3891 loco
3370 3840 3498 3904 apto
3547 3834 3863 3890 collocavit.

2218 3926 2573 3981 Postmodum
2638 3938 2770 3980 vero
2829 3938 3032 3994 corpus
3088 3925 3263 3980 sancti
3302 3923 3542 3978 Wilfridi
3587 3921 3750 3993 (124)
3809 3924 3865 3978 in

2217 4013 2424 4070 feretro
2476 4014 2739 4070 decenter
2785 4019 2972 4083 aptato
3029 4028 3152 4069 cum
3211 4013 3514 4068 reverentia
3572 4012 3865 4077 condidit,

2220 4111 2409 4173 utpote
2449 4117 2611 4173 quem
2667 4116 2863 4173 magno
2921 4102 3174 4158 Wilfrido
3230 4102 3380 4158 illius
3434 4101 3544 4157 loci
3584 4099 3867 4157 fundatori

2217 4193 2692 4263 consanguinitate
2735 4194 2984 4261 junctum
3042 4198 3287 4247 noverat.
3354 4194 3567 4259 Corpus
3626 4204 3865 4260 namque

2220 4282 2442 4350 majoris
2481 4279 2716 4335 Wilfridi
2746 4294 2775 4333 a
2813 4281 2867 4334 S.
2918 4279 3107 4335 Odone
3160 4278 3538 4334 Cantuariensi
3587 4278 3866 4349 archiepi-

2140 4383 2384 4444 Dscopo
2434 4369 2639 4425 dudum
2696 4368 3017 4424 translatum
3072 4367 3269 4424 fuerat.
3324 4369 3541 4424 Locatis
3578 4368 3769 4437 itaque
3808 4368 3865 4423 in

2214 4457 2419 4513 feretro
2476 4458 2747 4527 reliquiis,
2807 4457 3142 4527 Wigorniam
3210 4470 3333 4512 rum
3390 4469 3590 4529 magno
3647 4456 3865 4512 honore

2216 4547 2536 4602 transmisit.

2291 4635 2372 4689 16.
2416 4636 2508 4690 Vir
2544 4634 2765 4705 quidam
2832 4640 3029 4704 potens
3080 4633 3257 4689 valida
3313 4632 3465 4689 febre
3520 4639 3857 4703 correptus,

2214 4739 2312 4794 per
2341 4726 2591 4780 nuntium
2649 4724 2766 4779 viro
2823 4724 2919 4779 Dei
2976 4738 3033 4778 se
3092 4723 3353 4779 infirmari
3412 4721 3735 4777 insinuavit.
3795 4726 3859 4777 At

2210 4814 2303 4869 ille
2342 4814 2678 4869 benedicens
2716 4827 2929 4883 panem,
2981 4813 3143 4883 eique
3190 4812 3589 4877 transmittens,
3632 4818 3699 4866 ut
3737 4825 3856 4866 cum

2210 4902 2316 4958 ﬁde
2364 4903 2615 4958 sanitatis
2660 4901 3065 4972 consequentiae
3113 4900 3428 4957 comederet
3468 4900 3655 4969 jussit.
3701 4899 3855 4967 Quod

2282 5026 2421 5093 (123)
2490 5026 2725 5083 Wilfridi
2792 5027 3028 5083 senioris
3091 5032 3210 5082 acta
3277 5026 3564 5082 retulimus
3621 5030 3743 5081 tum
3802 5026 3855 5080 in

2208 5100 2381 5169 prima
2413 5106 2565 5167 parte
2595 5098 2792 5154 Smculi
2832 5100 3002 5164 tertii,
3046 5104 3159 5153 tum
3208 5098 3263 5153 in
3302 5097 3623 5167 Appendice
3653 5097 3855 5154 Saeculi

2206 5172 2409 5241 quarti.
2446 5171 2537 5224 ubi
2568 5171 2636 5225 de
2668 5171 2894 5239 Ripensi
2921 5171 3258 5225 monasterio
3288 5178 3470 5224 actum
3500 5175 3606 5241 est.

2281 5240 2435 5312 (124)
2469 5244 2544 5296 De
2583 5241 2836 5297 Wilfrido
2860 5242 3067 5311 juniori
3099 5242 3219 5312 lege
3259 5253 3479 5312 carmen
3526 5239 3597 5295 de
3637 5240 3855 5312 episco-

469 5310 786 5394 nelmensis,
826 5312 1097 5394 Rogerius
1153 5310 1871 5379 llovedenus,’Florentius
1909 5313 2123 5384 Wigor-
2202 5310 2306 5438 Eis
2341 5313 2780 5369 Eboracensibus
2838 5310 2893 5368 in
2950 5310 3268 5395 Appendice
3307 5311 3504 5368 Saeculi
3543 5310 3726 5375 tertii,
3786 5312 3852 5365 de

469 5381 698 5438 niensns.
730 5389 786 5437 et
822 5383 935 5438 alu.
2240 5399 2304 5438 ac
2369 5398 2498 5438 vero
2564 5386 2921 5438 translatione
2993 5386 3307 5438 Gervasmm
3379 5382 3739 5438 monachum.
3799 5389 3851 5436 et

468 5381 698 5447 niensis,
730 5389 786 5437 et
822 5381 935 5438 alii:

2240 5399 2304 5439 ac
2369 5398 2498 5439 vero
2564 5386 2921 5441 translatione
2993 5385 3307 5440 Gervasium
3379 5382 3739 5449 monachum,
3799 5389 3851 5436 et

546 5449 699 5527 (122)
763 5454 936 5527 Hujus
989 5452 1119 5527 tacti
1182 5468 1402 5527 causam
1433 5454 1677 5527 suggerit
1731 5453 1995 5511 Radulfus
2050 5456 2119 5512 de
2200 5454 2513 5511 Chronicon
2542 5457 2769 5512 Joannis
2806 5457 3137 5513 Bromtonis.

466 5518 685 5594 Diceto,
719 5518 1011 5593 quia'Dani
1037 5518 1900 5583 Northam'mbn‘mi'vastaverant.
