4106 6178
205 310 322 365 1197

1569 305 1722 361 VITA
1761 305 1816 359 S.
1857 304 2185 360 OSWALDI.

3418 298 3553 354 1198

197 450 303 492 cum
355 433 600 498 fecisset,
650 432 889 502 perfecte
945 432 1107 489 saluti
1155 447 1216 489 se
1267 433 1582 488 restitutum
1629 429 1823 485 sensit.
1847 430 2067 490 Aretur
2112 442 2317 498 corpus
2362 428 2499 496 ejus,
2546 426 2702 481 nivea
2748 423 2999 482 columba
3046 424 3115 481 de
3153 425 3294 483 coelo
3324 426 3556 484 descen-

200 524 391 581 Sedens
418 530 601 578 autem
630 522 699 577 ad
734 536 974 578 mensam
1004 523 1299 593 episcopus
1327 527 1383 578 et
1422 533 1615 592 panem
1655 520 1828 574 bene-

200 613 393 679 dicens,
452 618 508 667 et
559 610 979 667 considentibus
1029 611 1404 677 distribuens,
1463 609 1604 665 forte
1664 609 1833 663 micas

200 702 505 759 decidentes
552 714 715 756 sorex
770 702 1166 771 superveniens
1221 701 1380 756 avido
1437 712 1622 755 morsu
1681 698 1834 754 colli-

200 806 313 863 gere
368 791 556 859 cmpit,
616 796 672 845 et
725 791 908 845 statim
967 789 1265 846 suffocatus
1321 790 1504 859 periit,
1564 795 1620 844 et
1683 788 1832 857 quod

202 882 251 937 in
284 894 376 936 ore
405 884 691 935 voraverat
714 921 728 945 ,
777 879 1091 935 nullatenus
1137 893 1390 935 evomere
1428 879 1637 949 quibat.
1670 879 1735 932 Et
1764 891 1833 931 ne

202 984 301 1026 suae
343 968 491 1023 laudi
524 968 706 1038 quivis
748 968 855 1024 hoc
904 969 1226 1035 ascriberet,
1260 968 1563 1024 exanimem
1604 967 1833 1021 bestiam

202 1072 230 1113 a
254 1065 547 1127 conspectu
579 1058 909 1113 intuentium
939 1058 1103 1127 abjici
1142 1059 1225 1113 vir
1261 1066 1484 1113 sanctus
1506 1058 1690 1127 jussit.

272 1148 347 1202 17.
390 1147 688 1203 Monachus
730 1146 953 1216 quidam
1004 1153 1129 1216 post
1177 1147 1451 1213 balneum,
1484 1148 1541 1202 in
1581 1146 1703 1201 loco
1744 1145 1835 1200 ubi

204 1237 487 1306 episcopus
531 1234 876 1305 frequentius
923 1236 1121 1291 sedere
1170 1242 1549 1301 consueverat,
1586 1248 1837 1290 somnum

204 1338 386 1395 capere
444 1324 631 1394 erepit.
692 1325 759 1378 Et
813 1338 942 1379 ecce
996 1331 1176 1380 astant
1221 1325 1334 1380 illic
1385 1325 1571 1395 plures
1613 1324 1840 1392 spiritus

206 1413 480 1479 teterrimi,
532 1419 588 1468 et
635 1412 703 1466 ab
752 1425 818 1467 eo
869 1413 1119 1469 districta
1169 1414 1569 1470 examinatione
1609 1412 1838 1482 perqui-

208 1507 341 1569 runt,
373 1515 473 1557 cur
512 1501 566 1556 in
597 1500 721 1556 loco
753 1501 888 1555 tanti
921 1502 1197 1571 pontiﬁsis
1223 1504 1510 1571 quiescere
1541 1514 1651 1556 non
1683 1501 1839 1555 time-

210 1598 319 1658 ret;
378 1590 556 1660 ipsum
615 1589 917 1655 invadunt,
979 1596 1276 1659 torquent,
1340 1591 1574 1655 laniant,
1636 1590 1736 1644 hac
1788 1595 1843 1643 et

209 1680 321 1734 illac
367 1678 627 1742 trahunt;
679 1677 748 1732 ab
796 1677 905 1733 imo
953 1692 1169 1734 sursum
1210 1679 1507 1748 rapientes,
1557 1678 1842 1733 desursum

1913 516 2089 583 dens,
2140 515 2395 585 expansis
2450 514 2553 569 alis
2601 514 2751 569 lento
2788 514 2971 569 volatu
3019 520 3309 586 protegere
3355 529 3557 587 corpus

1913 605 2177 660 antistitis
2224 604 2339 659 visa
2389 608 2490 659 est.
2543 604 2760 672 Igneam
2807 616 3027 673 quoque
3074 603 3346 674 sphzeram
3385 604 3559 661 instar

1914 694 2055 749 scuti
2101 694 2169 749 de
2209 693 2352 749 coelo
2400 693 2607 762 lapsam
2654 706 2821 762 super
2865 691 3125 748 feretrum
3182 694 3538 751 intuebantur

1915 784 2176 853 Deposito
2224 789 2407 839 autem
2457 796 2641 837 coram
2688 782 2845 837 altari
2904 796 3138 851 corpore
3181 791 3395 851 sancto,
3426 783 3564 840 visio

1916 887 2040 942 qute
2078 873 2332 942 apparuit
2384 872 2540 941 quasi
2581 871 2761 926 locum
2816 871 3110 944 designans
3157 874 3476 943 sepulturae,
3510 873 3568 929 in

1916 962 2208 1016 australem
2256 960 2506 1016 ecclesia:
2557 960 2766 1030 plagam
2816 974 2989 1031 prope
3036 960 3207 1017 altare
3238 961 3482 1029 divertit,
3514 967 3570 1017 et

1917 1050 1985 1105 ab
2037 1050 2214 1105 oculis
2254 1049 2585 1105 intuentium
2630 1051 2872 1105 evanuit.
2924 1050 3187 1106 Ailwinus
3250 1050 3389 1121 (127)
3440 1064 3570 1106 vero

1919 1154 2105 1196 comes
2135 1147 2260 1210 post
2289 1141 2498 1197 obitum
2529 1140 2703 1195 sancti
2734 1140 2836 1195 viri
2876 1140 3041 1195 nimia
3089 1140 3275 1196 cordis
3322 1142 3572 1211 angustia

1920 1234 1977 1285 et
2013 1229 2206 1286 dolore
2246 1244 2489 1300 pressus,
2542 1230 2811 1285 universae
2851 1231 3034 1285 carnis
3071 1231 3207 1286 viam
3256 1231 3574 1302 ingrediens

1920 1319 2223 1374 Rameseite
2259 1320 2517 1375 coenobio
2550 1318 2799 1389 sepultus
2828 1326 2931 1373 est.

1993 1409 2082 1462 21.
2133 1411 2263 1464 Cum
2322 1415 2503 1464 autem
2542 1410 2596 1464 S.
2653 1408 2937 1464 Oswaldus
2984 1408 3038 1463 in
3074 1409 3361 1478 juventute
3391 1410 3575 1466 suain

1923 1498 2181 1554 coenobio
2250 1497 2586 1553 Floriacensi
2652 1499 2817 1553 vitam
2885 1499 3241 1554 monasticam
3304 1499 3362 1554 in
3428 1501 3577 1556 omni

1925 1588 2152 1644 duceret
2181 1589 2494 1653 sanctitate,
2522 1589 2676 1657 juxta
2705 1587 2887 1643 locum
2919 1588 2974 1642 in
3007 1602 3117 1657 quo
3148 1602 3307 1644 orare
3336 1588 3569 1656 solebat,

1925 1682 2043 1730 erat
2099 1681 2290 1746 crypta
2339 1677 2612 1746 quaedam,
2660 1692 2774 1746 pra:
2820 1675 3031 1732 foribus
3079 1679 3236 1747 cujus
3282 1677 3574 1734 duodecim

208 1769 271 1823 ad
315 1768 419 1822 ima
471 1767 815 1836 dejicientes,
870 1766 1100 1823 horrido
1140 1768 1356 1823 tandem
1397 1767 1638 1823 clamore
1684 1758 2199 1835 voci-Bpauperes
2236 1773 2645 1833 conversantes,
2678 1766 3058 1836 quotidianum
3097 1767 3299 1823 victum
3333 1782 3363 1821 a
3411 1768 3578 1823 mini-

211 1856 403 1923 t‘erans,
452 1856 586 1927 quid
634 1856 740 1910 sibi
788 1857 1116 1927 contigerat,
1167 1858 1423 1913 omnibus
1472 1856 1648 1927 palam
1688 1869 1846 1911 enar-

212 1948 356 2002 ravit.

282 2034 360 2088 18.
411 2034 653 2105 Singulis
702 2034 920 2100 diebus,
971 2041 1179 2105 praeter
1224 2036 1383 2101 alios,
1430 2049 1571 2105 quos
1599 2034 1848 2105 quotidie

215 2124 525 2179 innumeros
546 2123 748 2190 alebat,
772 2123 1065 2181 duodecim
1087 2140 1385 2197 pauperum
1414 2126 1583 2195 pedes
1602 2124 1849 2191 abluere,

214 2212 581 2269 deosculando
611 2213 764 2269 crine
805 2218 862 2268 et
900 2213 1072 2270 linteo
1111 2221 1347 2285 tergere,
1379 2215 1631 2269 manibus
1656 2226 1851 2282 aquam

213 2299 455 2370 fundere,
489 2302 749 2358 denarios
776 2303 1044 2372 praebere,
1078 2304 1260 2359 cibum
1290 2310 1345 2359 et
1385 2311 1572 2373 potum
1603 2303 1854 2371 apposita

216 2406 395 2447 mensa
423 2391 756 2457 ministrare,
792 2392 847 2445 in
894 2392 1100 2447 Pascha
1128 2393 1370 2448 vestibus
1413 2393 1568 2447 novis
1605 2392 1849 2455 indutos,

218 2494 312 2550 per
336 2480 548 2550 aliquot
576 2480 697 2536 dies
726 2480 781 2535 in
811 2480 963 2535 curia
983 2495 1080 2536 sua
1106 2495 1291 2536 secum
1321 2481 1524 2536 habere
1546 2481 1848 2535 consuevit.

214 2569 366 2626 Nulla
414 2583 537 2625 eum
588 2568 875 2624 inﬁrmitas
921 2570 1173 2639 corporis
1217 2570 1285 2625 ab
1333 2570 1455 2625 istis
1499 2568 1849 2633 retardabat;

214 2660 306 2714 sed
338 2673 449 2729 quo
478 2674 538 2714 se
568 2672 802 2728 corpore
846 2658 1120 2714 sentiebat
1147 2659 1495 2726 debiliorem,
1529 2673 1596 2715 eo
1639 2659 1743 2714 sibi
1784 2657 1851 2712 ad

216 2748 558 2805 serviendum
599 2748 681 2803 eis
708 2749 814 2803 vim
845 2748 1165 2805 validiorem
1195 2748 1443 2819 ingessit.

288 2835 369 2892 19.
419 2838 516 2891 Die
564 2837 797 2907 quadam
848 2851 971 2892 cum
1018 2837 1135 2892 suis
1164 2838 1465 2893 oratorium
1496 2850 1767 2906 egressus,
1800 2842 1856 2891 et

1930 1854 2101 1910 sterio
2143 1856 2542 1925 percipiebant,
2594 1856 2662 1911 de
2701 1856 2903 1925 quibus
2948 1856 3066 1911 viro
3118 1856 3213 1910 Dei
3260 1870 3445 1911 sacras
3483 1857 3582 1913 ho-

1930 1944 2065 1999 stias
2129 1944 2382 2000 oﬂ‘erenti
2447 1958 2589 2000 unus
2656 1945 2964 2000 ministrare
3031 1945 3264 2002 solebat.
3340 1945 3581 2013 Quadam

1932 2033 2078 2088 enim
2130 2032 2220 2088 die
2272 2032 2400 2088 dum
2449 2040 2675 2089 sanctus
2723 2040 2848 2103 post
2903 2034 3252 2105 Evangelium
3302 2035 3479 2092 oculis
3525 2037 3581 2091 in

1933 2122 2132 2177 coelum
2164 2123 2366 2177 erectis
2394 2123 2699 2177 orationem
2741 2124 3119 2191 praemitteret,
3160 2124 3295 2178 vidit
3333 2126 3584 2180 minister

1935 2213 2054 2278 ejus
2070 2210 2353 2266 rever-cudi
2372 2210 2556 2264 vultus
2578 2224 2867 2279 personam
2890 2211 3339 2266 candidissimum
3362 2226 3580 2283 panem,

1936 2299 2033 2354 sed
2080 2300 2384 2368 quantitate
2437 2299 2732 2365 modicum,
2782 2299 2928 2354 inter
2966 2313 3175 2366 manus,
3227 2315 3365 2371 quas
3408 2316 3582 2372 usque

1935 2388 2005 2442 ad
2035 2392 2201 2457 caput
2237 2401 2394 2442 suum
2427 2394 2709 2457 pot-rectas
2737 2386 2991 2455 habebat,
3026 2388 3193 2459 digno
3217 2403 3340 2444 cum
3370 2391 3583 2446 honore

1934 2483 2212 2533 tenentem
2261 2497 2272 2532 :
2324 2483 2379 2532 et
2422 2476 2551 2532 licet
2588 2478 2757 2533 nimio
2789 2484 3000 2534 terrore
3040 2481 3367 2548 perterritus
3396 2480 3585 2536 obstu-

1937 2566 2165 2635 puisset,
2206 2567 2467 2621 sustinuit
2514 2572 2714 2633 tamen,
2769 2581 2869 2622 nec
2916 2567 3150 2623 subitam
3208 2569 3453 2639 arripere
3503 2568 3586 2625 fu-

1934 2670 2055 2726 gam
2086 2654 2278 2711 voluit.
2325 2657 2520 2711 Verum
2568 2671 2689 2711 cum
2739 2656 2990 2712 eumdem
3038 2671 3233 2727 panem
3282 2660 3585 2716 secundum

1936 2745 2243 2800 sacerdotis
2283 2745 2336 2799 in
2375 2745 2538 2799 missa
2581 2760 2900 2814 processum
2940 2747 3200 2815 paulatim
3240 2763 3492 2804 crescere
3522 2765 3585 2805 ac

1938 2832 2176 2888 insolitae
2244 2834 2636 2903 magnitudinis
2703 2835 3006 2889 crescendo
3074 2836 3191 2891 ﬁeri
3258 2840 3585 2907 conspexit;

210 2926 309 2981 sub
358 2940 484 2982 aere
533 2932 723 2989 stans,
780 2928 930 2982 acies
974 2926 1259 2982 oculorum
1309 2926 1449 2982 caelo
1492 2925 1853 2981 intentissime
1938 2921 2080 2977 ultra
2128 2922 2371 2978 residere
2412 2937 2521 2978 non
2570 2938 2754 2988 ausus,
2810 2930 2962 2978 extra
3013 2926 3213 2981 ostium
3243 2925 3369 2997 fuga
3404 2926 3591 2997 lapsus

209 3014 345 3079 ﬁxit,
404 3013 678 3069 Christum
735 3014 803 3069 ad
860 3029 1023 3084 quem
1078 3016 1370 3071 anhelabat
1426 3015 1517 3085 pio
1575 3014 1743 3069 corde
1801 3020 1856 3068 et
1940 3018 2045 3067 est.
2086 3012 2366 3067 Remansit
2414 3013 2597 3082 itaque
2648 3014 2937 3083 presbyter
2982 3015 3152 3082 solus,
3206 3023 3261 3072 et
3309 3019 3402 3087 qui
3440 3018 3593 3074 vide-

209 3116 305 3158 ore
364 3101 632 3156 intentius
687 3115 871 3157 orans.
931 3105 1043 3159 Nec
1100 3110 1284 3159 erecta
1341 3104 1584 3169 lumina,
1644 3109 1705 3158 ut
1759 3089 2102 3168 ﬁt,Cbatur
2140 3102 2195 3155 in
2236 3101 2436 3176 dextra
2483 3110 2635 3157 stans
2692 3102 2918 3172 angelus
2966 3104 3104 3172 ejus.
3159 3106 3408 3162 Minister
3462 3121 3591 3163 vero

212 3191 323 3246 cito
381 3190 640 3256 deﬂexit;
701 3191 798 3247 sed
858 3193 1016 3262 quasi
1062 3192 1271 3261 aliquid
1329 3192 1455 3248 novi
1501 3206 1565 3246 ac
1622 3192 1862 3247 delecta-

217 3278 324 3334 bile
354 3278 842 3348 contemplaretur,
879 3280 972 3335 ubi
1022 3295 1083 3336 ea
1132 3281 1353 3347 ﬁxerat,
1403 3280 1708 3336 diutissime
1759 3280 1861 3334 ﬁxa

215 3368 457 3423 tenebat.
490 3368 811 3423 Sciscitatus
836 3375 1017 3424 autem
1055 3369 1188 3439 quid
1218 3368 1466 3436 vidisset,
1499 3370 1575 3424 ait
1609 3390 1620 3423 :
1667 3388 1694 3419 «
1720 3370 1862 3424 Con-

215 3455 401 3512 sidero
452 3470 561 3526 quo
603 3458 794 3523 tendo,
842 3463 897 3513 et
934 3472 1077 3525 cras,
1109 3458 1267 3513 vobis
1298 3465 1351 3513 et
1390 3472 1473 3513 me
1505 3464 1742 3523 tacente,
1774 3472 1863 3512 res

216 3544 336 3613 ipsa
390 3544 622 3600 notabit.
690 3545 846 3600 Salus
902 3546 1104 3601 etenim
1162 3552 1386 3611 teterna,
1438 3559 1538 3614 pro
1596 3559 1702 3614 qua
1756 3544 1863 3600 huc

214 3645 389 3701 usque
439 3632 680 3687 laboravi
728 3634 783 3687 in
835 3640 1000 3699 terra,
1051 3634 1237 3699 instat,
1289 3648 1391 3688 nec
1438 3640 1563 3688 ante
1608 3633 1865 3688 transibit

213 3721 455 3776 crastina
511 3721 668 3788 dies,
720 3736 881 3791 quam
939 3736 1024 3777 me
1084 3723 1138 3776 in
1197 3736 1314 3777 eam
1372 3722 1632 3777 Dominus
1689 3736 1859 3788 meus,

212 3809 360 3865 sicut
392 3810 669 3880 pollicitus
700 3818 804 3877 est,
834 3811 1168 3866 introducat.
1194 3827 1223 3865 »
1256 3813 1320 3865 Et
1350 3825 1631 3882 regressus
1660 3813 1716 3866 in
1747 3824 1867 3866 ora-

210 3898 440 3965 torium,
490 3900 809 3955 convocatis
855 3898 1155 3967 fratribus,
1215 3899 1468 3955 hortatur
1513 3913 1611 3955 eos
1657 3900 1867 3969 impen-

209 3984 349 4041 dere
405 3986 511 4042 sibi
569 3988 934 4043 ministerium
982 4001 1156 4043 sacrae
1204 3988 1484 4044 unctionis
1541 3987 1686 4055 (125)
1742 4002 1865 4043 cum

208 4075 418 4132 viatico
447 4077 717 4132 Dominici
748 4077 1020 4147 corporis.

282 4164 377 4220 20.
420 4166 592 4221 Nocte
641 4165 917 4234 sequenti,
968 4165 1248 4236 languoris
1294 4166 1378 4221 sui
1428 4165 1651 4233 oblitus,
1685 4166 1865 4223 eccle-

1946 3205 2046 3260 per
2073 3190 2221 3245 vices
2251 3192 2395 3246 ostio
2440 3198 2606 3259 caput
2651 3191 2955 3260 ingerebat,
2989 3199 3043 3248 et
3073 3194 3206 3263 quid
3238 3195 3383 3251 circa
3420 3196 3590 3254 altare

1941 3288 2247 3349 gereretur,
2306 3280 2556 3349 trepidus
2604 3280 2944 3349 explorabat.
2978 3283 3221 3353 Cumque
3253 3285 3348 3338 Dei
3379 3299 3587 3353 servus,

1944 3370 2043 3423 Per
2090 3368 2263 3422 omnia
2308 3367 2503 3421 swcula
2548 3366 2895 3433 saeculorum,
2945 3376 3000 3423 et
3046 3369 3151 3424 alia
3199 3371 3439 3438 diceret,
3488 3388 3591 3429 nec

1943 3457 2218 3512 ullatenus
2267 3456 2606 3525 respondere
2652 3456 2901 3523 auderet,
2957 3458 3167 3513 audivit
3212 3461 3465 3531 angelum
3522 3462 3588 3517 ad

1944 3545 2158 3615 singula
2201 3544 2626 3613 respondentem
2670 3552 2725 3600 et
2772 3546 3097 3615 obsequium
3137 3548 3187 3602 ei
3227 3547 3585 3607 deferentem.

1944 3636 2168 3689 Peracta
2206 3641 2386 3689 autem
2438 3634 2601 3687 missa
2638 3634 2886 3689 minister
2935 3636 3345 3706 introspiciens,
3395 3646 3450 3695 et
3497 3654 3593 3696 an-

1943 3723 2124 3793 gelum
2176 3736 2286 3778 non
2316 3722 2525 3789 videns,
2570 3723 2818 3792 trepidus
2865 3723 2932 3778 ad
2977 3725 3151 3781 virum
3198 3727 3295 3782 Dei
3334 3730 3589 3798 accessit,

1946 3818 2001 3868 et
2048 3825 2266 3866 causam
2306 3810 2448 3881 fugm
2495 3825 2609 3866 suae
2659 3811 2709 3866 ei
2762 3815 3036 3881 exposuit,
3077 3816 3366 3873 sciscitans
3404 3818 3471 3874 ab
3524 3834 3591 3875 eo

1947 3906 2127 3957 utrum
2177 3906 2232 3956 et
2278 3901 2396 3970 ipse
2446 3899 2697 3970 angelum
2744 3900 2991 3957 vidisset.
3040 3906 3107 3958 At
3151 3905 3291 3960 ille:
3348 3924 3375 3958 «
3424 3908 3590 3976 Bene,

1946 3990 2146 4059 inquit,
2178 3989 2290 4044 vidi
2329 3994 2383 4043 et
2413 4003 2535 4057 quae
2558 3989 2698 4044 dicis
2726 3990 2946 4059 audivi;
2986 3993 3084 4047 sed
3136 3993 3485 4053 benedictum
3522 3999 3595 4054 sit

1947 4092 2147 4135 nomen
2178 4077 2274 4132 Dei
2304 4077 2734 4146 omnipotentis;
2770 4079 2918 4148 quia,
2942 4080 3071 4136 licet
3091 4096 3121 4137 a
3142 4089 3196 4139 te
3216 4084 3318 4139 sim
3344 4085 3590 4156 relictus,

1948 4169 2004 4224 in
2044 4180 2201 4222 sacro
2232 4173 2413 4221 tamen
2460 4167 2556 4221 Dei
2610 4168 2868 4237 mysterio
2916 4183 3025 4225 non
3056 4186 3174 4227 sum
3212 4174 3281 4229 ab
3311 4188 3378 4230 eo
3408 4176 3596 4232 deser-

208 4254 353 4310 siam
401 4255 613 4310 intrans
663 4253 903 4311 ofﬁcium
956 4256 1212 4326 explevit,
1264 4262 1319 4311 et
1365 4256 1645 4312 residuum
1689 4258 1868 4313 noctis
1949 4262 2057 4313 tus.
2111 4276 2137 4305 ››
2196 4255 2486 4311 interdixit
2523 4255 2667 4310 enim
2717 4257 2767 4310 ei
2807 4258 2984 4313 modis
3030 4261 3231 4329 quibus
3269 4266 3468 4330 potuit,
3502 4278 3593 4332 ne,

210 4344 458 4414 spatium
520 4344 719 4399 divinis
783 4344 1039 4401 laudibus
1106 4345 1386 4415 expendit.
1469 4347 1619 4401 Mane
1687 4353 1866 4401 autem
1953 4348 2080 4401 dum
2120 4345 2343 4410 viveret,
2387 4345 2641 4412 cuiquam
2682 4359 2795 4399 rem
2840 4346 2988 4401 illam
3027 4350 3419 4406 innotesceret.
3450 4353 3599 4408 Obiit

209 4433 389 4490 solito
446 4448 598 4491 more
622 4477 637 4502 ,
695 4433 866 4490 linteo
932 4436 1265 4505 praecinctus
1331 4435 1501 4504 pedes
1536 4417 2134 4505 .pauperumDautem
2164 4435 2218 4488 S.
2250 4432 2533 4488 Oswaldus
2561 4446 2705 4487 anno
2742 4434 2933 4503 gratiae
2973 4439 3390 4507 nongentesimo
3430 4454 3601 4498 nona-

208 4522 374 4591 lavit,
409 4529 464 4579 et
493 4523 749 4579 osculans
778 4537 874 4579 eos
903 4530 958 4578 et
988 4531 1228 4595 tergens,
1262 4524 1575 4593 quindecim
1625 4526 1869 4593 psalmis,
1953 4523 2163 4594 gesimo
2198 4520 2465 4586 secundo,
2498 4527 2553 4575 et
2600 4525 2952 4591 episcopatus
2981 4525 3066 4579 sui
3106 4526 3387 4595 trigesimo
3415 4530 3596 4603 (128),

208 4626 366 4682 quos
406 4613 550 4668 inter
588 4613 763 4682 ipsum
806 4612 1166 4668 ministerium
1217 4612 1450 4682 psallere
1498 4611 1732 4678 solebat,
1779 4612 1873 4667 de-
1955 4611 2132 4682 pridie
2173 4610 2444 4665 Kalendas
2482 4611 2682 4665 Martii.

208 4702 481 4766 cantatis,
522 4701 805 4770 subjunxit
837 4722 849 4756 :
894 4700 1075 4757 Gloria
1107 4701 1256 4756 Patri
1304 4705 1351 4755 et
1388 4698 1526 4755 Filio
1565 4705 1614 4754 et
1651 4701 1874 4771 Spiritui
2025 4700 2114 4752 22.
2167 4701 2297 4755 Post
2335 4699 2544 4755 obitum
2575 4714 2703 4756 vero
2751 4703 2869 4771 ejus
2916 4718 3061 4760 anno
3101 4705 3462 4776 duodecimo,
3511 4710 3602 4766 Al-

202 4796 427 4845 sanclo.
478 4791 543 4845 Et
589 4805 712 4846 cum
761 4804 1031 4860 pauperes
1076 4790 1267 4845 solitas
1295 4790 1499 4859 gratias
1526 4796 1875 4859 assurgentes
1955 4787 2138 4844 dulfus
2172 4787 2327 4859 (129)
2380 4789 2741 4844 Eboracensis
2788 4792 3239 4865 archiepiscopus
3267 4798 3602 4855 revelatione

203 4877 609 4945 exsolvissent,
658 4879 776 4947 ipse
828 4878 1065 4933 dicendo
1117 4883 1165 4932 et
1220 4878 1446 4949 Spiritui
1497 4882 1698 4944 sancto,
1740 4884 1875 4933 ante
1957 4878 2139 4933 divina
2184 4877 2497 4932 admonitus
2529 4879 2883 4949 Wigorniam,
2933 4883 3025 4937 ubi
3074 4886 3129 4939 S.
3177 4887 3461 4944 Oswaldus
3507 4904 3600 4945 se-

202 4980 528 5038 pauperum
577 4967 747 5038 pedes
801 4967 857 5023 in
915 4981 1105 5023 manus
1160 4966 1362 5023 Christi
1416 4967 1671 5037 spiritum
1714 4966 1872 5038 (126)
1959 4967 2234 5038 pulturam
2281 4967 2542 5036 elegerat,
2593 4982 2917 5037 properans,
2950 4986 3074 5028 ossa
3115 4977 3292 5031 sancti
3339 4978 3602 5035 antistitis

202 5055 429 5111 emisit.
482 5056 728 5126 Cumque
758 5055 828 5112 ad
868 5056 1157 5113 ecclesiam
1203 5070 1366 5127 quam
1410 5063 1661 5113 erexerat
1698 5055 1877 5111 defer-
1960 5056 2029 5111 de
2080 5063 2224 5111 terra
2272 5054 2487 5117 levavit,
2521 5061 2576 5110 et
2620 5056 2677 5111 in
2725 5058 2930 5116 scrinio
2970 5076 3093 5117 cum
3124 5065 3358 5121 maximo
3388 5067 3600 5123 honore

288 5214 448 5286 (125)
499 5216 697 5271 Unctio
744 5214 1084 5271 inﬁrmorum
1130 5215 1335 5284 ubique
1393 5230 1492 5284 per
1548 5217 1603 5272 id
1663 5225 1878 5287 tempus

200 5286 432 5343 viatico
462 5288 834 5356 praemittitur,
858 5296 919 5343 ut
946 5288 1081 5342 alias
1110 5287 1365 5342 diximus.

290 5356 449 5428 (126)
497 5359 779 5414 Dominica
827 5360 987 5415 tertia
1032 5358 1471 5428 Quadragesima:
1509 5360 1629 5428 ejus
1665 5359 1874 5415 obitum

195 5429 499 5485 accidisse
547 5430 715 5486 tradit
761 5428 900 5486 infra
945 5428 1407 5499 Chronographus
1470 5430 1873 5497 Ramesiensis;

196 5500 320 5557 sed
371 5499 511 5556 feria
557 5501 799 5558 secunda
845 5501 959 5567 alii,
1010 5505 1065 5556 et
1111 5501 1337 5569 rectius,
1370 5506 1429 5557 ut
1466 5501 1673 5559 dictum
1704 5508 1787 5558 est
1820 5503 1878 5558 in

197 5572 713 5630 observationibus
739 5573 976 5645 praeviis.

2035 5213 2192 5285 (12⁸7)
2226 5214 2301 5268 De
2330 5212 2524 5296 Alwini
2555 5214 2708 5270 obitu
2738 5221 2902 5287 atque
2950 5219 3115 5275 rebus
3142 5221 3313 5291 gestis
3341 5221 3517 5280 fusius
3545 5225 3601 5282 in

1958 5286 2101 5342 libro
2130 5292 2405 5342 sequenti.

1982 5292 2101 5341 ibro
2130 5292 2405 5355 sequenti.

2036 5357 2879 5447 (ιὲίὲ,ιὶῐςίξίζὲῐιὲίὶὲβὲηεξιψ
2903 5364 3156 5447 sequenti
3195 5364 3481 5447 ordinatus
3518 5376 3601 5424 est

1960 5432 2254 5500 episcopus
2282 5430 2698 5498 Wigorniensis,
2733 5437 2792 5484 ut
2819 5434 3073 5500 superius
3104 5437 3518 5503 praestriximus.

2036 5500 2193 5570 (129)
2254 5500 2835 5570 lstiustranslationis
2879 5516 2978 5558 seu
3023 5504 3345 5564 elevatiouis
3394 5512 3601 5569 mentio

2036 5500 2193 5572 (129)
2254 5500 2417 5554 Istius
2463 5500 2835 5556 translationis
2879 5516 2978 5558 seu
3023 5500 3263 5564 elevatim

1959 5571 2103 5629 facta
2130 5575 2215 5628 est
2240 5584 2406 5640 supra
2434 5569 2492 5626 in
2520 5570 2996 5632 observationibus
3022 5578 3263 5647 praeviis.
