4106 6178
512 267 688 324 .1199

1606 261 1863 317 EUSEBII
1904 260 2239 315 BRUNONIS
2274 259 2604 315 ANDEGAV.
2645 258 2853 315 EPISC.

3789 256 3920 312 12m

544 392 854 451 collocavit.
913 393 1067 460 Aqua
1111 402 1241 446 vero
1301 402 1421 443 cum
1482 399 1588 457 qua
1634 400 1758 442 ossa
1807 385 1980 441 lavata
2034 384 2425 451 sunt,Aextra
2454 382 2740 441 ecclesiam
2770 383 3005 439 ubertim
3034 383 3352 453 sanguinem
3380 384 3585 453 emisit,
3616 391 3676 439 et
3700 382 3922 439 modum

544 483 709 540 caecis
754 482 950 547 visum,
1008 478 1192 535 surdis
1228 476 1503 542 auditum,
1554 475 1765 531 claudis
1820 489 2087 546 gressum,
2138 480 2193 529 et

543 570 965 643 quibuscunque
1023 566 1299 623 debilibus
1350 564 1636 621 sanitatem
1704 565 1960 620 restituit.
2023 563 2191 619 Vesti-

545 667 729 717 menta
774 659 921 715 enim
967 657 1150 712 omnia
1198 656 1412 725 integra
1458 660 1513 709 et
1570 653 1777 709 illibata
1826 654 1881 709 in
1937 653 2192 723 sepulcro

476 812 485 821 ,
547 749 719 806 odore
757 746 1079 805 suavissimo
1118 742 1412 815 fragrantia
1443 751 1660 814 reperta
1690 750 1837 799 sunt.

618 837 707 894 23.
775 835 1072 892 Monachus
1126 834 1349 904 quidam
1407 833 1707 889 Rameseiae
1765 832 1949 888 cancri
2009 831 2195 887 ulcere

550 929 607 984 in
638 925 855 983 maxilla
884 925 959 980 ita
990 937 1286 994 percussus
1314 929 1452 989 erat,
1500 928 1559 977 ut
1606 926 1930 992 consumpta
1978 929 2102 977 cute
2141 927 2197 976 et

552 1030 716 1072 carne
773 1014 920 1071 nuda
976 1012 1310 1079 mandibula,
1370 1012 1501 1068 nudi
1559 1012 1754 1067 dentes
1800 1025 1922 1067 cum
1964 1011 2197 1081 gingivis

549 1115 900 1177 apparerent.
953 1105 1052 1159 ilic
1104 1104 1158 1158 in
1211 1102 1352 1158 festo
1391 1104 1445 1157 8.
1488 1101 1722 1157 Oswaldi
1770 1101 1838 1157 de
1876 1101 2106 1171 scypho,
2140 1101 2194 1155 in

552 1208 662 1266 quo
695 1195 840 1251 idem
868 1199 1111 1249 sanctus
1156 1192 1346 1247 bibere
1384 1191 1619 1258 solebat,
1652 1205 1773 1247 cum
1803 1202 1996 1261 magna
2034 1190 2200 1246 devo-

551 1286 703 1342 tione
735 1290 789 1341 et
827 1283 934 1339 fide
965 1282 1182 1349 bibens,
1222 1288 1278 1337 et
1306 1286 1524 1351 sumpto
1555 1287 1689 1350 potu
1718 1295 1810 1335 vas
1847 1294 2075 1335 vacuum
2123 1286 2200 1335 ta-

551 1374 798 1433 bescenti
830 1372 1063 1429 maxilla:
1095 1371 1279 1427 statim
1309 1371 1585 1441 apposuit,
1629 1376 1684 1426 ct
1711 1370 1958 1425 strictius
1976 1369 2194 1439 junxit;

553 1472 608 1522 et
645 1469 829 1521 amoto
880 1468 1005 1533 post
1047 1461 1323 1517 modicum
1353 1475 1385 1515 a
1427 1459 1645 1515 maxilla
1673 1458 1894 1515 vasculo
1925 1458 1999 1514 ita
2030 1459 2201 1514 totius

553 1554 730 1611 morbi
781 1553 964 1609 sanies
1012 1555 1176 1621 atque
1216 1548 1452 1620 putredo
1482 1549 1594 1605 vasi
1634 1549 1886 1616 adhaesit,
1919 1553 1978 1603 ut
2017 1548 2202 1603 redin-

554 1651 763 1716 tegrata
814 1658 846 1698 a
903 1642 1165 1712 languore
1223 1638 1439 1694 maxilla
1487 1638 1695 1694 nullum
1752 1637 2018 1708 praeteriti
2075 1637 2199 1692 mali

2274 489 2388 530 sua:
2419 473 2720 529 curationis
2748 473 3165 529 circumstantes
3194 473 3436 529 edocuit.

2344 561 2435 616 25.
2487 562 2681 618 Voraci
2730 562 2943 617 flamma
2992 562 3182 617 urbem
3212 562 3510 632 Wigorniaa
3539 563 3662 618 vice
3690 561 3922 633 quadam

2277 651 2667 722 conflagrante,
2729 665 2855 707 mox
2913 654 2975 706 ut
3025 651 3093 706 ad
3152 649 3412 706 feretrum
3467 652 3646 707 sancti
3715 651 3923 706 ﬂamma

2276 741 2544 806 accessit,
2596 740 2740 812 ignis
2787 740 3051 810 elanguit,
3093 754 3195 796 nec
3226 740 3456 796 ulterius
3484 739 3698 810 aliquid
3728 750 3925 795 assum-

2279 838 2473 900 pturus
2502 831 2557 886 in
2586 845 2645 885 se
2675 829 2880 886 deﬁcit.
2932 830 3122 885 Stabat
3168 830 3314 885 enim
3353 830 3614 899 pauperis
3642 829 3924 899 cujusdam

2279 921 2474 977 domus
2502 920 2772 975 arundine
2804 925 2969 985 tecta,
3012 933 3044 974 a
3090 919 3175 975 sui
3215 918 3396 975 medio
3434 920 3653 991 integra
3689 926 3751 975 et
3802 934 3927 975 sana

2278 1010 2449 1065 altera
2506 1010 2625 1079 ejus
2690 1008 3002 1075 medietate,
3061 1009 3215 1078 quasi
3270 1010 3338 1064 ad
3398 1009 3858 1080 perpendiculum
3900 1025 3930 1065 a

2279 1114 2491 1157 summo
2519 1114 2692 1169 usque
2721 1100 2779 1154 in
2810 1104 3010 1155 terram
3042 1099 3393 1170 conflagrata.

2349 1188 2439 1244 26.
2489 1188 2609 1245 Alio
2639 1188 2696 1243 in
2725 1193 2975 1257 tempore
3004 1194 3301 1244 memorata
3342 1188 3572 1244 ardente
3615 1190 3783 1256 urbe,
3817 1204 3931 1245 cum

2281 1278 2532 1334 monachi
2561 1276 2823 1333 feretrum
2852 1278 3028 1333 sancti
3057 1277 3126 1333 ad
3146 1277 3325 1333 villam
3357 1276 3662 1344 deferrent,
3692 1281 3931 1335 occurrit

2282 1367 2502 1438 quidam
2533 1366 2628 1437 qui
2672 1380 2848 1436 nuper
2880 1367 3102 1423 domum
3141 1366 3424 1436 pulchram
3456 1367 3856 1434 aedificaverat,
3886 1377 3935 1425 et

2283 1458 2594 1514 exclamans
2613 1456 2753 1512 dixit
2778 1476 2790 1511 :
2828 1473 2857 1508 «
2888 1458 2931 1512 Ο
2959 1462 3148 1512 sancte
3179 1457 3340 1512 Pater
3367 1462 3424 1512 et
3452 1462 3647 1527 pastor
3663 1458 3934 1522 Oswalde,

2285 1562 2414 1604 ecce
2453 1547 2674 1603 domum
2721 1559 2895 1602 meam
2922 1545 3215 1601 voracibus
3244 1546 3475 1602 flammis
3505 1548 3812 1603 obnoxiam
3844 1549 3932 1603 tibi

2285 1638 2455 1703 dono,
2479 1641 2535 1692 et
2557 1638 2682 1705 jure
2712 1640 2979 1705 perpetuo
3009 1635 3397 1705 possidendam
3425 1637 3528 1692 sub
3560 1644 3663 1693 tuo
3692 1637 3935 1693 dominio

554 1734 819 1790 indicium
859 1730 1201 1802 deprehendi
1241 1734 1429 1800 posset
1468 1729 1523 1784 in
1573 1728 1684 1783 illa.
1727 1729 1786 1783 ln
1832 1727 2202 1783 testimonium
2223 1720 2273 1781 B
2292 1739 2477 1796 pono;
2516 1730 2574 1780 tu
2604 1738 2743 1792 eam,
2775 1724 2822 1779 si
2853 1725 3053 1794 placet,
3074 1738 3106 1779 a
3136 1726 3395 1794 praesenti
3421 1726 3676 1795 periculo
3706 1728 3934 1783 liberare

555 1829 738 1879 autem
798 1821 937 1877 tanti
994 1818 1242 1875 miraculi
1301 1825 1356 1873 et
1397 1819 1617 1875 virtutis
1672 1818 1789 1886 Dei,
1839 1817 2055 1872 maxilla
2111 1816 2205 1871 illa

557 1912 720 1983 paulo
749 1924 967 1979 semper
995 1907 1357 1964 rubicundior
1385 1912 1503 1962 erat
1530 1906 1721 1962 altera.

625 2000 717 2057 24.
766 1998 994 2067 Quidam
1042 2001 1224 2052 mutus
1270 1997 1338 2050 ab
1385 1994 1613 2050 infantia
1652 1996 1706 2049 in
1747 1995 1981 2066 quadam
2012 1997 2067 2050 S.
2107 1997 2205 2051 0s-

556 2089 719 2146 waldi
757 2087 1055 2144 festivitate
1102 2085 1239 2141 vidit
1287 2084 1577 2155 quemdam
1624 2084 1730 2139 sibi
1768 2085 2013 2155 ignotum
2054 2099 2206 2140 reve-

555 2179 714 2238 rendi
768 2178 952 2234 vultus
1002 2176 1321 2242 hominem,
1372 2174 1576 2231 decora
1642 2174 1843 2231 canitie
1898 2174 2201 2245 fulgidum,

554 2266 885 2325 sacerdotali
924 2272 1074 2321 veste
1123 2264 1402 2329 amictum,
1458 2262 1711 2319 baculum
1765 2278 1925 2319 manu
1979 2269 2205 2335 gestan-

556 2364 687 2426 tem,
746 2356 903 2427 quasi
951 2370 982 2410 a
1043 2354 1167 2410 loco
1215 2352 1456 2424 sepulcri
1505 2353 1680 2408 sancti
1725 2353 1971 2423 episcopi
2021 2353 2089 2408 ad
2146 2367 2205 2409 se

556 2452 945 2519 properantem
999 2466 1011 2500 ε
1073 2445 1162 2500 cui
1219 2457 1405 2499 coram
1442 2457 1501 2497 se
1541 2444 1846 2498 transeunti
1876 2443 2003 2498 dum
2044 2446 2208 2512 caput

558 2537 842 2594 humiliter
870 2534 1183 2600 inclinaret,
1216 2533 1334 2603 ipse
1364 2532 1542 2588 levato
1575 2532 1771 2587 baculo
1801 2546 1924 2587 eum
1962 2531 2020 2586 in
2062 2532 2206 2587 collo

561 2627 836 2699 percussit
884 2631 939 2679 et
976 2623 1264 2693 disparuit.
1297 2622 1376 2676 Ad
1427 2636 1586 2691 quem
1633 2621 1801 2677 ictum
1838 2621 1930 2676 ille
1960 2622 2205 2689 territus,

2288 1815 2556 1889 digneris.
2592 1836 2618 1866 »
2654 1814 2973 1871 lntroducto
2999 1815 3184 1885 itaque
3213 1815 3270 1871 in
3299 1815 3522 1872 domum
3551 1816 3704 1872 illam
3738 1816 3933 1873 feretro

2287 1922 2356 1963 ex
2402 1906 2567 1962 domo
2614 1904 2791 1961 vicina
2829 1906 2957 1975 igne
3006 1906 3227 1975 penitus
3255 1913 3601 1977 consumpta,
3640 1908 3769 1963 aula
3801 1909 3932 1963 Patn'

2286 1996 2538 2054 Oswaldo
2585 1994 2966 2051 commendata
3003 2008 3107 2050 nec
3153 1995 3222 2050 ab
3270 1995 3395 2066 igne
3443 1997 3695 2067 contingi
3741 2000 3932 2067 potuit.

2287 2100 2389 2142 nec
2415 2084 2584 2140 ullum
2614 2084 2901 2154 vestigium
2931 2082 3074 2152 ignis
3102 2084 3158 2138 in
3187 2098 3252 2139 ea
3280 2085 3506 2141 resedit.

2357 2174 2448 2230 27.
2480 2175 2632 2229 Saeva
2662 2172 2971 2243 pestilentia
2993 2172 3431 2243 Wigorniensem
3452 2176 3802 2243 provinciam
3826 2177 3927 2231 vice

2288 2263 2523 2333 quadam
2573 2262 2936 2331 depOpulans,
2974 2262 3123 2318 viros
3168 2276 3232 2318 ac
3284 2263 3561 2331 mulieres,
3606 2267 3846 2334 juvenes
3884 2274 3933 2321 et

2290 2352 2545 2423 parvulos
2608 2350 2836 2406 interitu
2910 2352 3201 2421 repentino
3274 2353 3520 2409 involvit.
3582 2354 3933 2411 Ambulantes

2289 2442 2621 2514 quandoque
2666 2448 2762 2497 aut
2805 2448 3015 2499 stantes
3060 2444 3245 2500 subito
3277 2444 3566 2512 cadebant,
3600 2453 3662 2501 et
3688 2448 3934 2517 impmni-

2291 2539 2470 2589 tentes
2496 2530 2793 2588 inconfessi
2826 2532 3197 2602 exspirabant.
3223 2534 3471 2590 Monacbi
3493 2549 3630 2591 vero
3652 2550 3781 2591 cum
3812 2535 3938 2592 fere

2291 2629 2379 2679 tro
2408 2622 2583 2678 sancti
2613 2622 2877 2677 antistitis
2908 2636 3008 2691 per
3036 2623 3326 2679 circuitum
3366 2624 3521 2679 urbis
3560 2624 3937 2681 litanias’can-

563 2719 714 2776 illico
764 2728 957 2785 magna
1004 2710 1277 2783 coagulati
1324 2711 1605 2781 sanguinis
1636 2725 1810 2766 massa
1840 2725 1906 2766 ex
1936 2725 2033 2766 ore
2061 2711 2211 2767 illius
2293 2717 2471 2768 tantes
2501 2725 2601 2781 pro
2630 2702 2806 2766 salute
2837 2711 3028 2781 populi
3058 2712 3253 2768 devote
3280 2712 3708 2783 supplicabant:
3742 2724 3800 2770 ct
3820 2730 3937 2771 ecce

567 2810 623 2864 in
680 2813 884 2862 terram
941 2801 1193 2867 cadente,
1243 2800 1477 2855 clamare
1516 2801 1685 2871 coepit
1727 2820 1739 2855 :
1795 2820 1822 2851 «
1872 2801 2208 2869 Succurrite,
2295 2801 2582 2859 confestim
2610 2801 2922 2871 pestilentia
2951 2806 3067 2857 tota
3096 2815 3206 2857 non
3228 2801 3403 2857 solum
3423 2803 3774 2873 Wigorniam
3800 2807 3939 2875 peni-

566 2910 777 2969 quaeso,
818 2892 1137 2959 succurite,
1161 2896 1216 2946 et
1253 2904 1322 2946 ne
1365 2890 1629 2961 sanguine
1677 2904 1799 2945 meo
1849 2891 2082 2945 ecclesia
2110 2892 2216 2946 Do-
2296 2900 2385 2949 tus
2422 2891 2664 2961 reliquit,
2696 2891 2792 2946 sed
2824 2897 2880 2946 et
2909 2890 3063 2946 villas
3091 2891 3569 2961 circumjacentes,
3628 2893 3700 2948 de
3752 2896 3939 2964 quibus

568 2987 699 3044 mini
729 2984 984 3051 violetur,
1018 2981 1146 3037 hinc
1194 2995 1279 3036 me
1318 2981 1641 3037 festinanter
1669 2981 1874 3050 ejicite.
1909 3000 1935 3033 »
1972 2973 2496 3039 EductusCincolm
2525 2994 2686 3051 opem
2710 2980 2886 3036 sancti
2924 2980 3281 3051 implorantes
3309 2980 3668 3037 advenerant.

1876 3329 2050 3374 ANNO
2089 3329 2294 3374 DOMIN
2297 3330 2321 3372 Ι
2362 3331 2630 3374 MLXXXI.

1269 3494 2353 3668 EUSEBIUS
2506 3504 3265 3668 BRUNO

1800 3776 1888 3830 AN
1893 3774 2200 3829 DEGAVEN
2205 3774 2303 3829 SIS
2340 3772 2722 3829 EPISCOPUS.

1301 4035 1755 4119 NOTITIA
1820 4035 2402 4120 HISTORICA
2466 4035 2577 4119 IN
2635 4035 3245 4135 BRUNONEM

1579 4199 1772 4269 (Gallia
1803 4200 2112 4267 christiana,
2145 4192 2269 4256 vetf
2287 4200 2377 4255 ed.
2418 4204 2551 4255 tom.
2587 4200 2651 4267 ll,
2685 4199 2794 4256 col.
2833 4198 2975 4271 126.)

667 4454 937 4531 Eusebius
980 4457 1163 4512 Bruno
1211 4456 1472 4531 suffectus
1503 4464 1585 4514 est
1612 4460 2019 4531 Andegavensis
2049 4460 2239 4517 Eccle-

594 4529 693 4583 sia:
745 4526 991 4597 pontifex
1045 4542 1189 4584 anno
1246 4528 1400 4597 1047,
1457 4546 1512 4585 vi
1563 4526 1818 4587 Decemb.
1859 4547 1925 4588 ex
1981 4533 2240 4588 Chronic.

600 4598 913 4664 Vindocin.,
970 4614 1081 4669 quo
1137 4613 1283 4656 anno
1339 4601 1512 4657 aedem
1571 4604 1630 4658 Β.
1695 4604 1909 4659 Martini
1967 4604 2035 4660 de
2093 4602 2244 4659 Bello

598 4673 761 4726 Prato
800 4677 1109 4737 consecrat,
1141 4678 1202 4727 ut
1253 4671 1407 4728 aiunt
1455 4673 1655 4730 tabula:
1684 4676 1738 4730 8.
1771 4675 1963 4731 Laudi.
1995 4675 2244 4731 Concilio

599 4743 857 4798 Remensi
905 4742 1154 4797 interfuit
1208 4742 1362 4810 1149,
1395 4751 1637 4810 tuncque
1668 4746 1954 4802 donationi
1994 4747 2246 4802 ecclesia:

598 4813 847 4869 Omnium
906 4814 1228 4869 Sanctorum
1274 4829 1303 4869 a
1356 4813 1595 4872 Goifrido
1659 4818 1906 4873 Martello
1964 4818 2249 4874 monachis

602 4884 1102 4957 Vindocinensibus
1157 4883 1313 4941 factae
1370 4888 1697 4957 subscripsit
1757 4910 1768 4944 :
1839 4890 2063 4945 circiter
2116 4902 2247 4945 vero

602 4970 692 5012 an.
760 4954 894 5009 1053
949 4957 1216 5026 transegit
1270 4971 1392 5012 cum
1450 4954 1647 5014 abbate
1704 4960 1996 5017 Frederico
2042 4960 2252 5016 Salmu-

603 5027 795 5100 siensi,
846 5040 947 5097 pro
994 5027 1244 5098 ecclesiis
1290 5029 1555 5085 territorii
1602 5034 1655 5086 8.
1708 5032 1970 5088 Florentii
2009 5035 2248 5100 veteris;

609 5098 770 5169 paulo
822 5104 948 5168 post
995 5100 1167 5154 astitit
1214 5100 1619 5170 inaugurationi
1650 5102 1891 5160 basilica:
1931 5107 1985 5159 8.
2024 5098 2252 5160 Joannis

605 5171 1123 5245 A_ngeriacensis_gin
1172 5173 1504 5245 Santonibus
1547 5172 1702 5242 1058,
1736 5177 2156 5245 nominaturque
2197 5176 2253 5230 in

608 5242 798 5297 charta
826 5243 1051 5316 Goll'ridi
1087 5243 1311 5316 comitis
1337 5257 1443 5313 qua
1491 5246 1657 5316 cessit
1701 5247 1887 5316 Majori
1920 5242 2252 5303 monasterio

608 5321 848 5387 montem
879 5314 1142 5387 Hidulphi
1187 5313 1341 5367 1059.
1389 5318 1546 5372 Anno
1592 5315 1726 5369 1062
1765 5313 1803 5371 11
1834 5319 2018 5373 Nonas
2051 5318 2254 5387 Aprilis

607 5384 1237 5458 dicavitmonasterium
1283 5399 1482 5442 novum
1528 5387 1823 5458 Andegavi,
1856 5395 1911 5445 et
1957 5390 2012 5444 in
2057 5384 2254 5444 notitia

608 5455 1030 5514 Vindocinensis
1102 5457 1336 5514 abbatia:
1409 5459 1464 5514 S.
1541 5455 1823 5515 Trinitatis
1886 5461 1954 5515 de
2020 5460 2255 5516 ecclesia

611 5526 801 5609 Veluti
837 5529 1023 5609 Campi
1075 5529 1201 5609 data
1242 5529 1390 5609 apud
1446 5530 1757 5609 Credonu_m
1788 5537 2042 5609 castrum
2096 5531 2252 5600 1067,

612 5598 984 5668 pontificatus
1006 5600 1092 5657 sui
1138 5598 1390 5673 designat
1435 5615 1638 5661 annum
1680 5602 1952 5661 decimum
1989 5616 2194 5662 nonum
2237 5598 2250 5659 ὲ

2325 4459 2691 4532 chirographo
2742 4469 2930 4530 postea
2979 4463 3209 4520 firmavit
3264 4466 3419 4532 1074,
3469 4480 3659 4523 mense
3706 4472 3969 4532 Augusto.

2326 4530 2695 4586 membranam
2742 4534 3163 4591 Vindocinensis
3227 4530 3499 4604 abbatiae,
3568 4545 3626 4593 et
3700 4530 3846 4593 107‘?
3906 4541 3974 4594 in-

2327 4610 2688 4659 strumentum
2752 4604 2975 4680 Goifridi
3041 4608 3261 4680 comitis
3316 4610 3579 4679 scriptum
3648 4611 3806 4680 apud
3875 4610 3973 4668 Cal-

2328 4680 2569 4729 montem
2617 4688 2717 4744 pro
2757 4677 3002 4751 ecclesia
3046 4679 3336 4749 collegiata
3382 4677 3539 4751 Fayae
3574 4701 3587 4735 :
3633 4677 3749 4737 hoc
3793 4683 3969 4738 eodem

2328 4753 2722 4826 anno‘pactum
2752 4748 2876 4826 iniit
2913 4763 3035 4804 cum
3074 4748 3359 4826 monachis
3403 4748 3678 4826 S.'Albini
3727 4753 3806 4809 de
3861 4766 3972 4826 pen.

2329 4816 2576 4899 siquibus
2604 4817 2958 4899 ecclesiarum
2979 4835 3112 4899 quae
3133 4821 3210 4899 ab
3256 4823 3392 4892 ipsis
3411 4822 3793 4899 _pendebant.
3846 4816 3969 4899 Ideni

2330 4888 2598 4965 Eusebius
2643 4890 2815 4945 aedem
2867 4893 2949 4965 Β.Δ
2978 4888 3210 4947 Mauritii
3264 4888 3363 4963 per
3411 4888 3469 4948 ΒΖ
3519 4894 3969 4965 Castriguntherii

2332 4959 2611 5033 dominum
2667 4975 2828 5016 manu
2880 4963 3015 5018 laica
3074 4959 3379 5033 possessam
3438 4959 3730 5031 redemit,‘
3752 4981 3823 5022 ac
3872 4966 3971 5021 tulit

2332 5031 2659 5086 sententiam
2699 5034 2845 5088 inter
2887 5031 3169 5090 Gofridum
3222 5045 3502 5093 cautorem
3550 5045 3606 5091 et
3662 5039 3969 5095 Marbodum

2332 5101 2719 5178 scholasticum
2749 5104 2999 5178 ecclesiae
3018 5108 3443 5177 Andcgavensis,
3465 5116 3665 5178 postea
3694 5110 3971 5165 Redonee

2333 5188 2447 5246 sem
2480 5174 2789 5242 praesulem,
2830 5176 2978 5241 1081,
3011 5192 3120 5246 quo
3151 5174 3297 5234 anno
3328 5174 3481 5234 diem'
3498 5179 3764 5235 ultimum
3798 5178 3969 5237 clausit

2335 5244 2405 5297 27
2428 5247 2587 5314 Aug,
2622 5252 2681 5299 ut
2728 5252 2883 5303 notat
2918 5244 3230 5305 Chronicon
3263 5250 3670 5306 Vindocinense
3701 5260 3765 5307 et
3805 5254 3969 5309 charta

2335 5316 2390 5370 S.
2441 5316 2653 5371 Martini
2703 5318 3037 5375 Turonensis
3084 5321 3297 5376 fidelem
3346 5323 3440 5377 Dei
3487 5322 3665 5377 virum
3711 5322 3970 5380 clericalis

2335 5386 2548 5443 ordinis
2592 5389 2823 5445 amicum
2869 5390 3130 5460 appellat.
3179 5393 3285 5448 Iste
3324 5393 3589 5449 Eusebius
3628 5393 3739 5450 fuit
3774 5400 3969 5452 notatus

2338 5460 2857 5542 pravm‘opinionis
2890 5462 2959 5517 de
3015 5470 3355 5542 sacramento
3402 5464 3613 5542 al_taris_,
3665 5480 3785 5535 qua
3834 5468 3967 5542 etiam

2337 5528 2626 5614 infamatus
2682 5532 2808 5614 hocA
2843 5539 3091 5614 tempore
3144 5535 3533 5614 haeresiarcha
3578 5528 3966 5614 BeréngariuS.

2336 5601 2757 5661 archidiaconus
2781 5601 3189 5678 Andegavensis
3223 5613 3279 5664 et
3329 5607 3678 5677 archiclavis,
3719 5601 3824 5680 qui
3859 5607 3970 5664 ado-
