4106 6178
502 340 639 396 1203

500 474 618 525 cate
676 484 744 525 ex
790 469 898 524 hoc
944 482 1136 525 omnes
1178 489 1190 524 :

498 558 670 613 Simili
752 558 917 613 modo
982 559 1259 627 accipiens
1324 556 1647 627 praeclarum
1704 556 1950 623 calicem,
2007 557 2140 611 item

498 648 702 720 gratias
758 662 925 717 agens
977 648 1278 713 benedixit,
1337 647 1601 717 deditque
1664 647 1952 715 discipulis
2003 647 2138 712 suis,

498 738 690 793 dicens
752 756 763 790 :
823 736 1069 805 Accipite
1110 742 1163 791 et
1212 736 1385 791 bibite
1436 751 1503 792 ex
1551 750 1617 791 eo
1667 749 1895 801 omnes;
1939 735 2029 790 hic
2059 741 2143 790 est

498 828 643 883 enim
674 825 812 880 calix
842 826 1124 894 sanguinis
1154 825 1279 891 mei,
1323 826 1448 880 novi
1479 832 1533 881 et
1573 825 1762 881 aeterni
1806 825 2138 890 testamenti,

497 914 811 985 mysterium
852 912 1000 980 fidei,
1034 913 1179 982 quod
1213 927 1313 983 pro
1343 914 1500 969 vobis
1532 920 1587 969 et
1617 927 1717 983 pro
1757 912 1941 967 multis
1966 914 2143 967 effun-

496 1007 657 1062 detur
694 1005 751 1060 in
804 1003 1185 1059 remissionem
1253 1011 1624 1072 peccatorum.
1694 1006 1823 1060 Ilaec
1889 1002 2140 1074 quoties-

495 1109 711 1166 cunque
764 1093 1009 1149 feceritis
1059 1093 1114 1147 in
1164 1093 1269 1147 mei
1310 1094 1626 1148 memoriam
1685 1092 1916 1149 facietis.
1969 1094 2142 1161 Ilujus

493 1185 667 1251 verbi,
703 1198 802 1253 per
832 1182 979 1252 quod
1012 1180 1193 1236 omnia
1240 1179 1382 1236 facta
1430 1187 1578 1248 sunt,
1621 1180 1819 1236 virtute
1860 1188 1916 1236 et
1945 1181 2139 1235 effectu

497 1287 692 1344 panem
748 1278 875 1342 post
914 1270 1291 1327 consecrantis
1339 1269 1394 1325 in
1444 1271 1565 1325 haec
1622 1271 1787 1325 verba
1836 1270 2141 1325 sacerdotis

496 1364 882 1427 sacrationem,
916 1375 1101 1416 verum
1134 1374 1337 1429 corpus
1384 1359 1606 1425 Christi,
1641 1366 1697 1415 et
1732 1361 1915 1415 vinum
1947 1359 2140 1414 eodem

494 1452 659 1508 modo
708 1464 894 1506 verum
933 1449 1252 1520 sanguinem
1314 1463 1434 1503 esse
1483 1448 1759 1503 credimus
1823 1454 1878 1503 et
1916 1448 2142 1503 confite-

494 1554 634 1596 mur.
676 1539 830 1607 Quod
870 1538 916 1593 si
946 1539 1071 1608 quis
1119 1538 1226 1592 hoc
1257 1537 1496 1606 qualiter
1526 1537 1643 1591 fieri
1674 1537 1848 1607 possit
1878 1535 2138 1605 inquirat,

1031 342 1291 398 EUSEBII
1329 341 1665 398 BRUNONIS
1700 340 2029 397 ANDEGAV.
2071 338 2278 396 EPISC.
2321 341 2531 397 EPIST.
2570 371 2641 383 —
2682 342 2768 397 DE
2806 342 3091 397 SACRAM.
3134 342 3337 401 EUCH.

3747 345 3878 401 ΙἏἏ

1241 469 1347 524 hoc
1395 472 1480 523 est
1528 466 1670 522 enim
1702 481 1904 537 corpus
1940 480 2137 522 meum.
2159 471 2370 535 Avata,
2413 474 2507 524 aut
2536 482 2565 522 a
2598 467 2760 523 nobis
2790 481 2901 524 non
2932 468 3073 524 bene
3106 468 3405 536 intellecta,
3445 475 3539 525 aut
3578 485 3691 527 non
3723 473 3878 541 plene

2224 557 2485 626 inquisita
2551 557 3008 613 inconvenienter
3076 557 3489 627 protulerimus,
3551 560 3865 617 scandalum

2222 646 2379 711 illud,
2433 646 2580 716 quod
2621 652 2910 715 tantopere
2965 644 3221 716 fugimus,
3273 647 3621 703 incurramus
3662 661 3717 704 et
3758 666 3871 706 cum

2223 750 2365 791 unus
2414 735 2482 790 de
2533 735 2749 805 pusillis
2796 736 2999 791 Christi
3030 735 3432 792 scandalizator
3467 738 3614 793 mole
3644 740 3875 794 asinaria

2221 823 2288 878 ad
2329 822 2527 878 collum
2558 823 2858 893 suspendio
2899 830 2955 878 et
3004 824 3059 877 in
3110 821 3442 893 profundum
3473 826 3643 881 maris
3672 828 3874 895 praci-

2221 912 2357 982 pitio
2398 913 2680 980 judicetur
2717 912 2935 982 dignus,
2977 925 3080 967 nos
3127 914 3298 968 totius
3351 914 3616 970 Ecclesia:
3644 917 3872 971 scanda-

2221 999 2330 1055 lum
2364 1002 2488 1071 jure
2536 1002 2842 1071 meritoque
2896 1002 3357 1069 exhorrescimus,
3408 1017 3511 1059 nec
3571 1006 3768 1061 timere
3799 1006 3869 1061 ob

2221 1090 2327 1145 hoc
2366 1104 2467 1147 nos
2503 1089 2705 1145 frustra
2734 1091 3035 1161 periclitari
3077 1091 3504 1159 dissimulamus,
3554 1107 3680 1148 cum
3738 1094 3878 1149 salu-

2219 1180 2392 1236 briter
2438 1185 2493 1236 et
2538 1195 2661 1236 cum
2694 1181 2883 1251 quiete
2933 1182 3085 1251 pacis
3131 1182 3459 1238 Christiana:
3508 1184 3764 1239 contenti
3806 1186 3878 1238 vi-

2219 1284 2346 1325 vere
2405 1271 2677 1339 possimus
2742 1276 3218 1327 sacrosanctorum
3287 1272 3507 1327 illorum
3575 1272 3871 1328 verborum

2221 1360 2445 1425 Christi,
2489 1374 2613 1430 quae
2668 1360 2923 1429 superius
2954 1361 3131 1430 posita
3171 1366 3319 1426 sunt,
3355 1361 3595 1431 simplici
3625 1375 3884 1432 compen~

2224 1448 2315 1503 dio
2347 1456 2401 1503 et
2429 1448 2724 1503 sufficienti
2764 1455 2973 1504 sanctae
3003 1449 3130 1504 fidei
3162 1449 3442 1517 firmitate,
3474 1458 3752 1520 quantum
3784 1464 3886 1505 nos

2224 1539 2490 1592 sentimus
2519 1545 2575 1592 et
2613 1538 2815 1594 multos
2863 1539 3025 1594 nobis
3065 1540 3200 1595 satis
3230 1540 3544 1610 superiores
3581 1541 3739 1595 viros
3768 1555 3888 1595 sen-

495 1643 606 1685 non
646 1631 695 1684 ei
753 1628 1055 1684 secundum
1114 1634 1324 1682 natura
1382 1627 1657 1692 ordinem,
1711 1625 1809 1680 sed
1840 1623 2142 1680 secundum
2225 1628 2328 1681 tire
2397 1628 2801 1697 cognoscimus.
2871 1629 2987 1683 Hoc
3044 1628 3284 1683 consilio
3348 1630 3721 1698 querimonia,
3765 1644 3889 1698 quae

493 1719 592 1774 Dei
623 1718 1076 1788 omnipotentiam
1126 1716 1672 1785 respondemus:Et
1722 1716 1826 1771 hoc
1871 1719 1925 1769 et
1963 1714 2145 1769 omnia
2226 1716 2281 1770 in
2347 1716 2643 1783 praesentia
2711 1717 2925 1771 Domini
2994 1715 3234 1781 Geraldi,
3306 1723 3437 1772 tunc
3504 1718 3671 1787 legati
3745 1717 3889 1787 apud

497 1821 859 1879 quaecumque
888 1806 1062 1861 voluit
1091 1804 1222 1860 fecit
1251 1807 1393 1860 Deus
1432 1806 1488 1859 in
1532 1804 1669 1859 caelo
1701 1810 1755 1859 et
1792 1805 1848 1858 in
1880 1809 2044 1867 terra,
2080 1802 2516 1872 inBTuronum,
2572 1804 2816 1871 emersit,
2886 1805 3076 1860 sedata
3129 1812 3232 1860 est.
3305 1807 3418 1862 Hoc
3485 1807 3730 1863 consilio
3800 1821 3890 1862 eo-

500 1897 635 1953 mari
690 1903 743 1951 et
782 1896 838 1950 in
893 1895 1147 1950 omnibus
1212 1895 1441 1963 abyssis.
1504 1896 1691 1963 Neque
1733 1895 1876 1948 enim
1909 1892 2145 1963 qualiter
2228 1894 2351 1949 dem
2402 1893 2667 1949 tumultus
2732 1895 2827 1964 qui
2887 1894 2942 1949 in
2999 1894 3282 1950 audientia
3348 1896 3559 1952 domini
3626 1896 3890 1951 Eldebra-

497 1985 800 2044 secundum
840 1991 1050 2039 natura;
1090 1983 1339 2039 ordinem
1382 1983 1617 2037 Verbum
1664 1984 1828 2049 Deus,
1881 1982 1936 2037 in
1986 1982 2143 2051 prin-
2231 1983 2337 2038 rini
2386 1983 2442 2037 in
2500 1982 2689 2037 eadem
2740 1983 2959 2039 civitate
3009 1983 3265 2039 efferbuit
3320 1986 3534 2055 sopitus
3602 1994 3739 2051 est;
3794 1985 3890 2040 hac

502 2075 649 2145 cipio
678 2073 822 2143 apud
853 2074 1043 2138 Deum,
1077 2072 1145 2126 de
1175 2071 1379 2140 Spiritu
1418 2077 1608 2126 sancto
1652 2077 1707 2127 et
1754 2071 1974 2141 Virgine
2007 2084 2144 2125 con-
2229 2071 2471 2127 veridica
2520 2069 2868 2127 confessione
2915 2073 3188 2128 exactioni
3246 2074 3512 2143 principis
3570 2074 3742 2142 hujus
3800 2087 3891 2128 no-

502 2164 634 2233 cipi,
667 2169 721 2218 et
750 2162 1030 2231 quomodo
1062 2164 1190 2230 post
1226 2160 1687 2215 resurrectionem
1718 2174 1905 2215 verum
1946 2173 2148 2228 corpus
2231 2160 2352 2224 stri,
2384 2160 2438 2214 in
2487 2160 2757 2230 capellula
2814 2162 2971 2231 cujus
3027 2162 3082 2216 in
3141 2169 3322 2217 vestra
3371 2161 3609 2232 epistola
3651 2163 3890 2217 mentio-

502 2253 718 2310 Domini
745 2254 875 2307 Jesu
908 2250 975 2306 ad
1009 2250 1313 2320 discipulos
1334 2249 1534 2304 clausis
1557 2248 1742 2318 januis
1771 2248 2063 2304 intromitti
2095 2255 2148 2302 ct

501 2342 716 2413 palpari
758 2340 957 2411 potuit,
1007 2339 1271 2409 quaelibet
1321 2339 1612 2394 verborum
1653 2338 1932 2393 affluentia
1973 2336 2150 2391 disse-

502 2446 625 2489 rere
656 2437 859 2501 potest,
892 2435 948 2485 et
978 2435 1157 2485 tamen
1206 2428 1507 2484 secundum
1556 2428 1654 2482 Dei
1694 2426 2149 2496 omnipotentiam

505 2521 563 2577 in
592 2520 821 2575 veritate
877 2517 1019 2573 facta
1065 2532 1185 2573 esse
1216 2517 1522 2572 firmissime
1556 2522 1616 2571 'et
1654 2516 1969 2571 fidelissime
2000 2513 2153 2569 credi

506 2607 879 2665 necessarium
920 2612 1023 2661 est.
1075 2607 1129 2661 Si
1179 2619 1310 2661 vero
1340 2605 1542 2674 aliquis
1572 2606 1665 2674 qui
1706 2606 1776 2660 de
1808 2604 1909 2660 hac
1950 2618 2009 2659 re
2049 2605 2152 2657 Pa-

508 2704 623 2754 tres
671 2698 1041 2767 doctoresque
1090 2695 1265 2751 nostri
1322 2694 1597 2750 senserint
1654 2695 1851 2764 quidve
1890 2694 2153 2763 scriptum

511 2786 837 2857 reliquerint
865 2800 896 2840 a
942 2784 1106 2840 nobis
1150 2784 1489 2854 requisierit,
1529 2783 1597 2838 ad
1647 2797 1836 2839 eorum
1876 2783 2067 2848 libros,
2110 2781 2155 2836 si

512 2877 582 2933 ad
606 2877 713 2933 hoc
742 2876 978 2931 idoneus
1006 2879 1111 2942 est,
1159 2887 1282 2929 eum
1313 2873 1599 2939 mittimus,
1632 2879 1692 2927 ut
1722 2873 1854 2943 quid
1893 2873 1969 2927 ibi
2000 2873 2158 2926 inve-

515 2966 661 3022 nerit
688 2964 983 3036 diligenter
1002 2963 1167 3033 legat,
1201 2978 1335 3032 pure
1358 2962 1649 3032 intelligat,
1687 2966 1742 3017 et
1770 2960 1917 3031 quod
1949 2973 2162 3015 accom-

516 3054 791 3111 modatius
846 3052 1173 3123 evangelicae
1230 3052 1447 3107 veritati
1503 3052 1758 3115 senserit,
1800 3063 1922 3106 cum
1961 3048 2160 3119 gratia-

2234 2263 2356 2304 nem
2422 2248 2650 2317 fecistis,
2713 2249 3049 2305 satisfactum
3118 2257 3221 2318 est,
3283 2257 3338 2305 et
3394 2250 3639 2306 rediviva
3698 2251 3889 2320 pestis,

2234 2353 2358 2408 qua:
2416 2339 2604 2393 nescio
2661 2352 2895 2407 quorum
2953 2339 3305 2409 improbitate
3382 2340 3657 2410 exagitata
3729 2347 3890 2409 caput

2236 2427 2523 2493 extulerat,
2558 2428 2766 2483 domini
2807 2428 3203 2484 Bisonticensis
3240 2428 3652 2499 archiepiscopi
3682 2435 3743 2485 et
3772 2444 3895 2485 eru-

2238 2518 2476 2573 ditorum
2522 2518 2615 2587 qui
2666 2516 2961 2572 adfuerunt
3015 2519 3343 2574 auctoritate
3401 2518 3613 2574 calcata
3661 2525 3774 2574 est.
3823 2524 3898 2574 Ac

2238 2606 2439 2662 nullam
2495 2606 2655 2661 aliam
2699 2606 2769 2663 de
2817 2606 2920 2661 hac
2967 2621 3026 2662 re
3074 2606 3500 2677 disputationem
3538 2609 3628 2663 vel
3666 2616 3870 2664 contro

2239 2694 2490 2760 versiam,
2524 2708 2627 2749 nec
2655 2701 3026 2762 accusatores,
3059 2710 3163 2751 nec
3201 2694 3541 2761 defensores,
3569 2711 3675 2752 nec
3700 2682 3893 2763 testes,

2241 2796 2343 2837 nec
2366 2782 2604 2852 judices,
2639 2796 2741 2838 nec
2783 2784 3111 2850 causidicos,
3145 2798 3246 2839 nec
3276 2784 3579 2851 auditores,
3615 2800 3705 2841 me
3747 2800 3898 2856 quae-

2243 2886 2386 2938 rere,
2428 2886 2745 2940 procurare,
2798 2886 3133 2945 congregare
3179 2874 3475 2944 aliquando
3513 2875 3734 2930 sciatis.
3777 2877 3896 2931 Om-

2244 2963 2406 3017 nibus
2451 2975 2580 3018 vero
2620 2977 2721 3032 pro
2764 2964 2867 3018 hac
2916 2979 2996 3030 re,
3040 2978 3124 3019 me
3154 2965 3393 3030 volente,
3425 2966 3577 3034 quod
3610 2967 3658 3020 si
3703 2980 3894 3035 parum

2246 3057 2348 3117 est,
2373 3051 2622 3119 quamvis
2670 3052 3116 3122 parvipendatur,
3168 3053 3604 3121 contradicente,
3657 3068 3897 3110 converr

518 3156 639 3200 rum
668 3141 885 3197 actione
915 3148 969 3195 et
1000 3140 1183 3195 studio
1210 3138 1468 3195 fraterna:
1499 3138 1813 3193 concordiae
1842 3138 1947 3193 sibi
1975 3138 2159 3208 eligat.
2185 3138 2227 3198 C
2247 3147 2358 3196 tum
2390 3140 2666 3210 publicum
2715 3155 3012 3213 aggregare
3041 3143 3372 3210 volentibus,
3405 3157 3744 3199 consensum
3790 3157 3896 3199 non

519 3234 693 3288 Porro
721 3244 824 3286 nos
851 3243 964 3285 non
995 3230 1213 3283 Patrum
1233 3229 1439 3297 scripta
1470 3232 1906 3293 contemnentes,
1939 3228 2036 3282 sed
2059 3241 2161 3283 nec

520 3322 615 3379 illa
652 3335 760 3391 qua
779 3318 1128 3390 Evangelium
1162 3317 1409 3388 legentes
1439 3322 1639 3387 (neque
1669 3316 1813 3371 enim
1846 3316 1951 3385 ipsi
1979 3316 2163 3372 viven—

519 3417 606 3468 tes
626 3416 681 3467 et
700 3409 1007 3465 scribentes
1023 3407 1131 3463 hoc
1150 3406 1443 3462 voluerunt
1477 3411 1532 3460 et
1552 3406 1607 3459 in
1647 3406 1762 3460 suis
1782 3405 2064 3473 opusculis
2094 3419 2162 3461 ne

520 3501 578 3560 id
617 3501 774 3557 ﬂeret
800 3498 1112 3561 voluerunt)
1158 3509 1347 3552 eorum
1396 3494 1706 3561 sententiis,
1749 3494 1894 3549 salva
1932 3508 2056 3564 quae
2084 3495 2165 3550 eis

521 3592 757 3649 debetur
792 3588 1100 3646 reverentia
1147 3587 1203 3641 in
1243 3591 1408 3641 tanta:
1448 3586 1527 3641 rei
1566 3585 1967 3654 disceptatione
1996 3584 2166 3639 absti-

521 3696 735 3750 nemus,
768 3694 838 3736 ne
875 3679 922 3735 si
946 3680 1166 3733 Patrum
1196 3689 1358 3732 sensa
1397 3680 1492 3730 aut
1527 3674 1713 3744 aliquo
1745 3681 1941 3728 eventu
1972 3672 2168 3742 depra-

597 3825 668 3896 (1)
699 3822 942 3896 Epistola
981 3822 1074 3877 illa
1128 3820 1293 3896 docet
1323 3820 1549 3896 omnino
1580 3832 1741 3896 quam
1772 3830 1967 3896 magna
1997 3816 2166 3896 fuerit

525 3888 759 3954 Eusebii
805 3894 960 3959 fides,
1003 3906 1161 3962 quam
1223 3891 1310 3961 pia
1366 3890 1707 3960 simplicitas,
1761 3888 1888 3943 dum
1931 3903 1997 3944 ex
2034 3888 2169 3943 solis

524 3967 725 4024 Christi
773 3965 956 4021 verbis
994 3964 1273 4019 mordicus
1325 3963 1520 4017 asserit
1577 3963 1633 4015 in
1678 3967 2028 4015 sacrosancta
2067 3962 2170 4014 Eu-

528 4037 787 4095 charistia
840 4049 1027 4090 verum
1084 4049 1203 4089 esse
1251 4033 1452 4088 Christi
1492 4047 1695 4101 corpus
1732 4038 1787 4086 et
1824 4031 2166 4101 sanguinem,

529 4110 659 4166 dum
706 4108 781 4161 ita
830 4106 1169 4160 intellectum
1217 4118 1373 4158 suum
1430 4105 1667 4171 captivat
1719 4104 1775 4156 in
1843 4103 2168 4171 obsequium

529 4178 888 4239 sanctissima;
928 4176 1075 4231 illius
1122 4175 1269 4239 fidei,
1312 4182 1371 4228 ut
1400 4173 1468 4227 de
1500 4186 1693 4227 eanec
1725 4172 2025 4241 disputare,
2070 4188 2171 4228 nec

533 4249 968 4310 controversiam
1017 4261 1256 4312 movere,
1287 4259 1386 4300 nec
1416 4244 1546 4299 alibi
1594 4257 1843 4314 quaerere
1873 4244 2003 4297 velit
2033 4258 2174 4312 pra:-

529 4322 871 4394 terquanrin
911 4319 1094 4394 verbis
1118 4317 1438 4394 Christi._Et
1468 4320 1677 4394 tantum
1705 4316 1860 4394 abest
1889 4322 1949 4370 ut
1979 4316 2175 4394 Beren-

530 4386 682 4469 gario
721 4392 1036 4469 adhaaserit,
1078 4390 1211 4469 quin
1252 4388 1435 4469 potius
1464 4402 1584 4443 eum
1616 4386 1815 4456 fugerit
1846 4400 1947 4469 nec
1983 4386 2168 4469 volue—

531 4443 1315 4525 iﬁ'hhriiEéitlinhiiuei-é
1362 4459 1429 4515 ad
1469 4443 1823 4529 congressum
1861 4465 1955 4513 aut
2000 4443 2236 4514 collo-D

531 4539 741 4611 quium.
778 4536 1057 4593 Undenam
1096 4534 1357 4611 igitur$ea
1378 4533 1622 4611 suspicio
1654 4532 1997 4611 in_nostrum
2027 4530 2173 4585 hunc

531 4602 885 4669 Brunonem?
923 4621 993 4662 an
1053 4602 1202 4676 quod
1260 4603 1647 4676 Berengarium
1703 4602 2014 4676 Turonibus
2052 4616 2177 4657 evo-

533 4689 712 4741 catum
768 4679 949 4736 statim
1022 4673 1251 4747 elegerit
1334 4673 1825 4747 archidiaconum?
1863 4673 1959 4747 sed
2027 4687 2175 4747 sana:

2244 3230 2503 3298 tribuam,
2562 3230 2967 3287 confluentibus
3023 3232 3348 3287 humilitatis
3407 3247 3539 3287 mea
3600 3247 3899 3302 personam

2244 3318 2581 3385 subtraham,
2637 3320 3061 3391 confligentibus
3126 3319 3480 3387 audientiam,
3540 3334 3904 3390 perseveran-

2245 3407 2394 3463 tibus
2445 3408 2907 3474 communionem,
2959 3414 3043 3464 est
3089 3408 3234 3464 enim
3266 3422 3429 3464 causa
3475 3415 3562 3465 ter
3594 3410 3900 3480 provincia

2246 3500 2451 3552 nostra),
2493 3496 2705 3566 judicio
2755 3497 3072 3564 terminata,
3124 3504 3321 3567 quarto
3370 3497 3519 3552 sedis
3573 3498 3903 3568 apostoliw

2246 3585 2444 3653 synodi
2485 3585 2758 3641 sententia
2798 3586 3084 3641 exstincta.
3115 3586 3299 3641 Valete
3332 3587 3392 3640 E.
3436 3587 3526 3655 ιι).

2252 3824 2310 3874 ut
2339 3815 2521 3871 statim
2562 3816 2726 3871 docet
2763 3821 2957 3871 auctor
3000 3816 3186 3872 Galliae
3235 3816 3584 3873 Christianae.
3628 3824 3713 3874 An
3758 3821 3903 3877 quod

2251 3904 2281 3944 a
2312 3887 2568 3961 Remensi
2616 3888 2855 3961 concilio
2903 3887 3125 3961 rediens
3157 3888 3262 3961 (cui
3300 3887 3475 3961 adfuit
3505 3891 3657 3945 inter
3699 3887 3904 3961 palma-

2253 3962 2355 4021 res‘,
2390 3959 2565 4029 gloria
2603 3959 2799 4014 vicerit
2828 3960 3133 4013 invidiam?
3172 3959 3309 4014 Hinc
3350 3958 3493 4015 forte
3523 3958 3756 4030 quidam
3790 3979 3906 4019 ver-

2252 4032 2490 4087 beroues
2527 4030 2581 4084 in
2614 4044 2736 4085 eum
2769 4043 2879 4087 non
2920 4031 3054 4085 satis
3099 4030 3240 4086 bene
3270 4031 3495 4086 animati
3525 4032 3906 4091 inverecunda

2252 4103 2405 4157 vultu
2464 4108 2784 4171 sparserunt
2857 4102 2909 4155 in
2976 4100 3168 4172 vulgus
3233 4103 3541 4157 Brunonem
3618 4105 3905 4162 adhaerere

2256 4174 2604 4243 Berengario.
2672 4174 2783 4227 Nec
2839 4174 3093 4227 viderunt
3154 4172 3288 4227 illud
3353 4174 3692 4231 anathema:
3740 4180 3907 4233 Homo

2255 4245 2542 4316 quicunque
2578 4245 2793 4316 fecerit
2829 4243 3126 4316 superbiam
3172 4245 3228 4298 in
3276 4245 3603 4300 sacerdotem
3660 4250 3913 4304 morietur

2258 4314 2429 4385 (Deut.
2450 4314 2615 4389 xvii),
2650 4329 2751 4389 nec
2784 4315 2944 4389 etiam
2977 4315 3163 4389 illud;
3197 4316 3328 4371 Cum
3359 4318 3575 4372 Samuel
3617 4333 3914 4389 spernere-

2255 4395 2345 4441 tur
2381 4401 2411 4441 a
2439 4386 2664 4452 Judaeis,
2687 4388 2763 4441 ait
2794 4387 3053 4441 Dominus
3078 4406 3088 4440 :
3117 4388 3234 4441 Non
3268 4394 3321 4440 te
3350 4386 3679 4457 spreverunt
3701 4393 3809 4447 sed
3834 4408 3912 4447 me

2256 4460 2398 4532 (Reg.
2432 4473 2551 4523 vui,
2591 4457 2666 4523 7).
2703 4457 2853 4532 Unde
2884 4464 2940 4512 et
2985 4457 3129 4532 sacri
3176 4471 3418 4532 canones
3466 4472 3576 4516 non
3624 4465 3915 4532 patiuntur

2257 4528 2575 4600 episcOpum
2612 4542 2654 4606 _a
2704 4528 2863 4597 plebe
2902 4537 2995 4584 aut
3044 4528 3359 4606 vulgaribus
3396 4528 3725 4589 hominibus
3768 4539 3916 4606 argui

2258 4608 2349 4657 aut
2380 4600 2647 4663 accusari,
2700 4614 2767 4655 ne
2807 4609 3013 4656 temere
3063 4600 3273 4656 macula
3323 4609 3562 4670 ponatur
3613 4606 3671 4660 in
3713 4600 3916 4670 electo,

2261 4688 2404 4736 eam,
2437 4674 2557 4727 Non
2587 4677 2663 4726 ml
2694 4686 2754 4739 ιι,
2788 4687 2837 4743 q.
2870 4672 2925 4725 7.
2974 4673 3051 4727 Ex
3089 4672 3292 4743 quibus
3329 4674 3587 4729 omnibus
3627 4678 3823 4735 Bruno
3853 4680 3915 4732 ab

532 4755 733 4812 mentis
777 4757 894 4807 erat
923 4763 989 4806 eo
1038 4742 1306 4820 tempore.
1337 4750 1417 4802 An
1449 4746 1595 4816 quod
1625 4745 1856 4820 aemulos
1884 4745 2179 4820 virtutibus
2261 4758 2324 4800 ea
2354 4742 2671 4813 suspicione
2702 4742 3064 4799 vindicandus
3093 4742 3331 4799 videtur.

533 4824 881 4884 offenderet?
926 4835 1049 4877 nam
1113 4816 1168 4876 et
1214 4819 1493 4890 piissimus
1538 4824 1656 4874 erat
1704 4823 1758 4871 et
1802 4816 2176 4880 doctissimus,

1978 5170 2460 5228 MnNULPOJUWM
