4122 6184
1520 616 1695 661 ANNO
1734 617 1967 663 DOMINI
2006 617 2299 663 MLXXXII.

900 1104 1766 1221 LUGDUNENSIS
1859 1104 2916 1221 ARCHIEPISCOPUS

1352 1447 1800 1532 NOTITIA
1858 1447 2443 1535 HISTORICA

1245 1618 1342 1689 (Ex
1374 1619 1549 1676 Gallia
1580 1621 1900 1688 Christiana,
1933 1633 2061 1676 nov.
2096 1620 2254 1689 edit.,
2289 1629 2423 1679 tom.
2456 1622 2568 1693 IV.)

278 1882 576 1948 Gebuinus,
609 1883 702 1952 qui
743 1890 798 1937 et
829 1881 1100 1948 Gibuinus,
1133 1882 1243 1937 imo
1276 1888 1331 1937 et
1378 1881 1635 1938 Geboinus
1666 1880 1848 1935 dictus
1868 1879 2189 1949 Aaccipiat,
2250 1881 2378 1950 quia
2416 1881 2573 1936 valde
2613 1889 2958 1953 opportunus
3015 1883 3231 1939 videtur
3285 1885 3354 1939 ad
3407 1898 3583 1954 oppu-

206 1978 313 2038 est,
344 1986 407 2027 ac
463 1986 722 2028 successu
790 1972 1057 2041 temporis
1114 1978 1318 2025 mutata
1385 1971 1559 2040 prima
1616 1970 1854 2024 nominis

205 2059 395 2116 littera
426 2062 481 2116 in
510 2063 537 2115 ,Ι
611 2061 853 2131 ejusdem
903 2060 1048 2128 soni,
1098 2059 1347 2116 Jebuinus
1402 2059 1707 2129 appellatus
1746 2064 1848 2122 est,

209 2155 267 2203 ut
309 2150 494 2205 videre
546 2155 629 2205 est
686 2150 741 2204 in
787 2150 1013 2219 antiquo
1054 2149 1497 2220 Lugdunensium
1559 2146 1853 2217 praesulum

206 2239 395 2294 indice
445 2239 618 2294 relato
658 2241 712 2293 in
761 2239 1183 2309 antiquitatibus
1218 2237 1413 2294 insula;
1445 2236 1715 2291 Barbarae.
1757 2236 1855 2289 De-

207 2328 377 2398 nique
408 2343 507 2398 per
534 2342 819 2399 apocopen
869 2330 1032 2383 unius
1063 2328 1261 2383 litterae
1308 2326 1526 2381 Jubinus
1565 2338 1852 2394 nuneupa-

207 2423 319 2483 tus,
382 2423 442 2474 ut
488 2419 674 2474 videre
721 2424 804 2473 est
852 2418 907 2471 in
965 2417 1274 2471 Missalibus
1332 2414 1728 2482 Breviariisque
1786 2412 1854 2467 ad

206 2520 367 2561 usum
406 2507 787 2578 Lugdunensis
823 2506 1085 2561 Ecclesia:
1110 2548 1123 2571 ,
1167 2520 1233 2560 ex
1271 2504 1376 2560 hoc
1416 2518 1544 2559 vero
1577 2510 1854 2573 postremo

206 2597 432 2651 nomine
481 2595 718 2650 manavit
764 2594 1026 2649 Gallicum
1077 2594 1216 2649 saint
1271 2593 1427 2649 Juln‘n
1466 2607 1575 2662 quo
1624 2607 1654 2647 a
1692 2593 1853 2663 vulgo

204 2684 548 2755 designatur.
620 2684 742 2739 Fuit
799 2682 1047 2752 Hugonis
1103 2684 1172 2737 Ill
1230 2682 1449 2737 comitis
1512 2682 1855 2736 Divioncnsis

202 2772 371 2841 ﬁlius,
414 2772 515 2829 fuit
555 2780 609 2829 et
641 2780 832 2854 postea
862 2772 1225 2844 Lingonensis
1252 2771 1693 2826 archidiaconus.
1727 2773 1856 2839 Ejus

201 2864 271 2917 ad
333 2863 714 2931 episcopatum
774 2861 1100 2917 electionem
1161 2861 1241 2915 sic
1307 2859 1475 2914 refert
1539 2860 1854 2915 Chronicon

205 2954 550 3009 Virdunense
584 2975 597 3008 ;
631 2971 657 3003 (ι
699 2955 758 3008 In
798 2953 1012 3023 synodo
1042 2951 1318 3007 lleduensi
1350 2965 1510 3020 quam
1542 2964 1685 3005 anno
1722 2950 1855 3004 1077

204 3044 383 3099 tenuit
416 3044 572 3111 Ilugo
594 3041 810 3096 Diensis
840 3042 1138 3110 episcopus
1169 3044 1224 3096 et
1254 3039 1465 3108 legatus
1494 3038 1850 3106 apostolicus,

205 3131 398 3200 quinta
444 3130 555 3194 die,
598 3132 725 3200 quia
776 3131 1160 3201 Lugdunensis
1198 3130 1360 3184 sedes
1409 3128 1709 3183 Humberto
1765 3128 1853 3183 Si-

1939 1970 2209 2039 gnandam
2260 1970 2677 2039 provincialium
2725 1973 3111 2042 arrogantiam.
3156 1991 3184 2025 »
3224 1972 3369 2028 Nihil
3411 1987 3582 2045 nega-

1939 2058 2017 2112 vit
2076 2058 2342 2127 pontitex,
2387 2064 2468 2115 tot
2515 2060 2799 2130 praeclaris
2856 2062 2981 2117 novi
3037 2062 3302 2118 antistitis
3358 2062 3583 2120 dotibus

1937 2152 2264 2202 οοιηιηοιυδ.

2009 2240 2165 2292 Anno
2203 2237 2338 2291 1078
2367 2246 2701 2295 memoratur
2748 2241 2801 2295 in
2850 2239 3045 2295 charta
3074 2240 3335 2297 Widelini
3365 2242 3578 2297 Foren-

1936 2326 2018 2382 sis
2064 2327 2280 2383 comitis
2338 2327 2707 2384 Saviniacensi
2764 2329 3020 2385 coenobio
3077 2329 3341 2386 nonnulla
3379 2343 3580 2386 conce-

1938 2416 2158 2481 dentis;
2192 2417 2271 2470 sic
2320 2418 2468 2471 enim
2519 2417 2576 2472 in
2632 2432 2695 2473 ea
2746 2418 3012 2487 temporis
3049 2425 3180 2474 nota
3208 2420 3576 2476 inscribitur:

1941 2523 1967 2555 «
2010 2504 2238 2560 Domino
2280 2506 2518 2561 Henrico
2557 2507 2623 2561 IV
2670 2508 2915 2577 Augusto
2946 2507 3152 2563 bellum
3200 2522 3323 2563 cum
3363 2508 3582 2564 Rudul—

1938 2593 2049 2662 pho
2090 2607 2217 2663 rege
2275 2602 2540 2663 gerente,
2582 2604 2883 2666 sanctoque
2924 2609 3063 2666 papa
3101 2596 3477 2653 Hildebrando
3523 2597 3579 2653 in

1938 2681 2244 2750 apostolico
2290 2682 2432 2739 solio
2490 2685 2805 2751 residente,
2874 2692 3039 2756 atque
3103 2686 3580 2756 archiepiscopatu

1939 2771 2291 2840 Lugdunensi
2320 2772 2423 2827 sub
2471 2775 2736 2845 regimine
2785 2776 2994 2831 domini
3023 2775 3254 2832 Gebuini
3284 2775 3583 2845 quiescen-

1942 2866 1995 2914 te
2041 2880 2053 2914 :
2099 2860 2324 2917 domino
2390 2862 2552 2917 etiam
2608 2863 2875 2918 Dalniatio
2933 2863 3265 2919 Saviniensis
3328 2864 3581 2921 baculum

1937 2952 2161 3003 tenente
2195 2988 2209 3002 .
2245 2991 2257 3004 .
2305 2991 2317 3003 .
2356 2990 2369 3003 .
2406 2989 2419 3002 .
2452 2964 2638 3006 mense
2670 2952 2808 3007 Maio
2847 2950 2983 3006 feria
3010 2951 3065 3019 2,
3098 2958 3155 3008 et
3182 2968 3254 3008 xv
3276 2951 3402 3024 (die)
3434 2967 3580 3010 anno

1938 3038 2155 3093 Domini
2201 3037 2355 3105 1078,
2398 3038 2595 3093 indict.
2628 3054 2645 3093 1
2676 3047 3040 3097 concurrente
3080 3057 3156 3110 v1,
3189 3047 3380 3112 epacta
3418 3058 3501 3098 1v.
3552 3064 3577 3093 π

1938 3126 2143 3182 Eodem
2172 3140 2316 3182 anno
2366 3141 2463 3182 seu
2511 3128 2696 3196 potius
2742 3131 2995 3200 sequenti
3046 3131 3202 3200 juxta
3253 3131 3581 3189 hodiernum

209 3220 460 3276 moniaco
520 3220 751 3289 expulso
808 3226 863 3275 et
916 3220 971 3274 in
1030 3220 1167 3275 locis
1220 3217 1544 3274 Jurensibus
1582 3209 2065 3272 monachoBanni
2113 3215 2411 3272 inchoandi
2461 3217 2701 3283 modum,
2738 3220 2932 3274 Petrus
2987 3219 3312 3277 Albanensis
3357 3221 3580 3292 episco-

207 3307 377 3376 facto,
417 3309 645 3365 vacabat
690 3308 959 3375 antistite,
1002 3309 1174 3364 totius
1206 3307 1430 3363 concilii
1470 3320 1694 3361 assensu
1734 3305 1851 3361 ele-

208 3404 331 3454 ctus
369 3399 645 3454 Gebuinus
701 3398 1144 3465 archidiaconus,
1186 3398 1268 3451 vir
1315 3410 1523 3451 morum
1580 3396 1853 3466 probitate

206 3493 488 3543 venustus.
539 3489 596 3543 Id
648 3485 792 3559 aegre
840 3487 965 3543 tulit
1017 3487 1379 3557 Lingonensis
1438 3485 1660 3556 praesul,
1712 3499 1851 3540 con-

204 3585 439 3648 questus
466 3578 610 3647 quod
648 3580 835 3632 Patres
873 3577 1124 3631 dextrum
1168 3577 1273 3630 sibi
1305 3575 1523 3631 oculum
1556 3575 1849 3640 eruissent,

205 3668 295 3724 cui
345 3682 501 3723 suum
549 3667 905 3724 abstulissent
942 3665 1390 3721 archidiaconum
1422 3705 1435 3727 ,
1479 3665 1643 3717 virum
1681 3664 1736 3718 in
1771 3678 1855 3717 ec-

208 3756 513 3812 clesiasticis
570 3762 617 3811 et
671 3753 1013 3810 sweularz’bus
1085 3754 1305 3823 negotiis
1386 3752 1853 3823 pernecessarium,

209 3847 265 3901 in
314 3860 424 3915 quo
481 3860 638 3901 suum
687 3845 861 3914 ipsius
910 3842 1224 3911 consilium,
1274 3841 1554 3911 totiusque
1598 3840 1856 3896 dioecesis

207 3934 463 3991 solatium
498 3935 776 3990 residebat
810 3955 821 3989 :
855 3933 951 3988 sed
991 3931 1275 4003 prtcvaluit
1306 3944 1540 3986 concors
1582 3928 1854 3985 sententia

206 4024 451 4090 concilii,
495 4023 623 4094 quia
652 4023 731 4077 sic
762 4027 879 4078 erat
908 4021 1237 4091 praeﬁnitum
1271 4025 1323 4076 et
1347 4020 1604 4090 placitum
1638 4020 1692 4074 in
1725 4032 1855 4073 ocu-

202 4112 274 4167 lis
314 4112 550 4169 Domini.
602 4114 712 4166 Nec
743 4125 913 4176 mora,
956 4124 1065 4166 uno
1097 4110 1207 4176 die,
1250 4108 1305 4164 id
1346 4115 1430 4164 est
1460 4107 1743 4163 Dominico
1784 4123 1854 4162 xv

206 4200 325 4257 Kal.
367 4202 615 4266 Octobr.,
652 4200 855 4255 lleduaa
903 4213 1108 4254 summa
1148 4198 1389 4253 omnium
1432 4196 1768 4252 exultatione
1800 4202 1855 4251 et

206 4290 452 4360 tripudio
501 4305 530 4345 a
571 4290 749 4359 legato
798 4294 1154 4345 consecratus
1204 4294 1305 4343 est.
1357 4288 1467 4342 Nec
1516 4286 1571 4341 id
1622 4292 1851 4354 tantum,

206 4377 306 4432 sed
338 4380 520 4433 statim
553 4378 776 4448 pallium
828 4391 926 4446 pro
958 4391 1023 4432 eo
1057 4376 1351 4446 postulavit
1383 4377 1559 4445 Hugo,
1604 4374 1688 4429 his
1725 4388 1852 4429 ver-

208 4468 294 4523 bis
328 4487 340 4521 :
379 4488 403 4515 «
445 4469 801 4536 Summopere
843 4466 1120 4536 poscimus
1170 4470 1229 4519 ut
1271 4478 1371 4533 per
1409 4463 1688 4519 dominum
1744 4465 1852 4518 Va-

210 4557 476 4613 lentinum
517 4533 858 4626 episcopum
885 4554 1108 4624 pallium
1159 4552 1318 4608 nobis
1348 4553 1575 4607 mittatis
1604 4552 1670 4605 ad
1712 4565 1849 4606 con-
1868 4533 1911 4593 σε

208 4647 525 4702 ﬁrmandam
585 4645 989 4701 ordinationem
1040 4640 1436 4712 religiosissimi
1470 4640 1852 4709 Lugdunensis

208 4736 469 4792 Ecclesiae
500 4734 904 4803 archiepiscopi
938 4739 1129 4788 contra
1161 4731 1497 4787 oblatrantes
1534 4729 1847 4796 haereticos,

180 4831 262 4881 .et
300 4823 369 4878 de
411 4822 556 4892 regis
588 4822 963 4892 indignatione
1012 4820 1273 4875 adversus
1310 4818 1714 4873 ordinationem
1755 4818 1851 4872 Dei

204 4911 503 4968 carnaliter
530 4910 869 4982 gloriantes;
903 4910 1019 4979 ipse
1059 4909 1202 4964 enim
1245 4907 1568 4978 postpositis
1597 4906 1852 4963 omnibus

207 4999 576 5057 incommodis
606 5006 660 5055 et
691 4999 953 5070 periculis
992 4999 1236 5067 penurize
1284 5003 1447 5066 atque
1478 4996 1697 5052 itineris
1724 5010 1853 5052 san-

209 5089 417 5147 ctitatis
444 5095 640 5145 vestrae
688 5089 1012 5157 conspectui
1060 5087 1409 5142 devotissime
1447 5100 1507 5141 se
1546 5092 1850 5155 praesenta-

211 5187 314 5247 ret,
374 5180 421 5235 si
480 5178 725 5235 Ecclesia
763 5177 844 5232 illi
902 5176 1190 5232 commissa
1247 5175 1434 5230 tandiu
1492 5174 1749 5246 languida
1798 5183 1852 5230 et

212 5269 452 5339 pastoris
489 5267 688 5325 solatio
738 5266 1022 5330 destituta,
1065 5279 1288 5334 quoquo
1338 5263 1501 5319 modo
1548 5264 1850 5321 absentiam

211 5358 332 5428 ejus
374 5357 493 5412 sine
542 5369 737 5427 magno
786 5354 1117 5410 detrimento
1167 5351 1278 5422 pati
1326 5352 1614 5423 potuisset.
1658 5353 1853 5410 Valen-

210 5447 330 5502 tino
379 5446 643 5517 episcopo
696 5443 1101 5516 praecipite.....
1152 5446 1424 5511 quatenus
1461 5443 1607 5499 circa
1655 5443 1853 5501 festum

209 5536 387 5593 sancti
416 5537 655 5591 Joannes
692 5534 970 5604 Baptistae,
1007 5536 1173 5600 prout
1215 5545 1316 5587 nos
1344 5546 1468 5587 eum
1498 5547 1564 5589 eo
1595 5533 1851 5590 condixi-

210 5638 352 5693 mus,
412 5622 647 5681 ecclesia
694 5637 791 5678 sua
848 5620 916 5677 ad
975 5618 1364 5677 celebrandum
1422 5619 1661 5679 ofﬁcium
1699 5622 1851 5679 illum

1937 3318 2060 3374 pus,
2102 3306 2362 3361 Romana:
2412 3306 2672 3363 Ecclesiae
2711 3307 3026 3374 cardinalis,
3073 3317 3129 3364 et
3175 3323 3331 3378 papae
3370 3309 3582 3380 legatus

1934 3393 1994 3449 in
2026 3394 2274 3463 partibus
2304 3394 2654 3464 Burgundiae,
2697 3395 2961 3465 episcopo
3008 3396 3394 3453 Matisconensi
3432 3400 3579 3454 Lan-

1937 3482 2116 3547 drico,
2150 3489 2204 3537 et
2242 3482 2489 3536 Gebuino
2519 3483 2940 3553 archiepiscopo
2987 3485 3339 3555 Lugdunensi
3367 3487 3577 3558 signiﬁ-

1937 3575 2025 3625 cat
2062 3585 2121 3625 se
2152 3584 2217 3625 ex
2245 3576 2401 3639 parte
2431 3570 2617 3626 domni
2648 3585 2805 3640 νίψω
2835 3585 2931 3627 eos
2960 3574 3577 3645 excommunicaturum,

1938 3661 2044 3715 nisi
2074 3675 2104 3716 a
2136 3660 2404 3716 molestiis
2450 3676 2587 3730 quas
2623 3661 3076 3719 Cluniacensibus
3124 3667 3408 3723 monachis
3436 3666 3584 3723 infe-

1941 3756 2088 3816 runt,
2131 3750 2465 3808 abstineant.
2528 3772 2553 3802 ι
2612 3754 2804 3807 Actum
2848 3756 3009 3809 Ausa;
3056 3754 3202 3824 apud
3247 3757 3303 3812 S.
3344 3758 3582 3813 Bernar-

1938 3839 2088 3907 dum,
2128 3856 2225 3895 v111
2275 3840 2561 3909 Februar.,
2622 3841 2816 3898 indict.
2859 3858 2919 3898 11.
2962 3863 2989 3895 ››
3047 3844 3204 3901 Circa
3260 3845 3366 3903 hoc
3404 3846 3582 3916 ipsum

1938 3934 2155 3998 tempus
2200 3930 2479 3986 Gebuinus
2520 3930 2738 3987 videtur
2785 3934 3012 3989 Romam
3051 3948 3175 3990 cum
3205 3935 3486 3991 nonnullis
3515 3951 3583 3992 ex

1937 4017 2052 4073 suis
2082 4017 2363 4074 canonicis
2395 4018 2657 4088 petiisse;
2696 4019 2752 4076 id
2792 4022 2937 4077 enim
2985 4022 3258 4094 signiﬁcat
3286 4026 3583 4096 Gregorius

1938 4104 2171 4173 epistola
2209 4104 2298 4169 36,
2332 4104 2431 4161 lib.
2473 4122 2547 4175 v1,
2600 4122 2665 4163 ex
2714 4123 2822 4178 qua
2870 4116 3021 4179 patet
3069 4119 3201 4170 tunc
3250 4114 3578 4185 regularem,

1937 4207 2281 4250 communem
2327 4209 2392 4251 ac
2443 4195 2648 4265 peculii
2691 4205 2971 4268 expertem
3022 4202 3185 4257 vitam
3230 4202 3453 4260 duxisse
3492 4218 3584 4260 ca-

1936 4283 2206 4338 thedralis
2254 4284 2504 4341 ecclesia:
2552 4287 2854 4343 canonicos
2906 4309 2917 4343 :
2973 4291 3119 4345 enim
3167 4305 3319 4357 vero,
3378 4306 3501 4349 cum
3549 4307 3580 4349 a

1934 4373 2207 4429 Landrico
2238 4373 2624 4430 Matisconensi
2672 4376 2957 4445 episcopo,
2999 4376 3143 4434 facto
3172 4379 3241 4434 ad
3281 4380 3422 4436 hanc
3452 4395 3581 4437 cau-

1936 4476 2049 4517 sam
2107 4461 2384 4531 pontiﬁcis
2430 4464 2717 4535 cognitore
2755 4465 3100 4521 anathemate
3152 4468 3390 4537 perculsi
3447 4469 3582 4526 fuis-

1934 4554 2076 4614 sent,
2110 4550 2238 4619 quia
2269 4554 2577 4606 communia
2610 4552 2872 4608 Ecclesiae
2919 4553 3062 4609 bona
3111 4556 3256 4612 inter
3282 4571 3342 4613 se
3392 4560 3577 4629 partiti

1934 4636 2170 4703 fuerant;
2240 4644 2299 4692 ut
2365 4640 2613 4709 privatim
2678 4643 2961 4711 viverent;
3027 4658 3261 4714 cumque
3329 4649 3578 4705 nonnulli

1936 4729 2159 4782 Romam
2192 4725 2425 4797 profecti
2453 4728 2686 4786 fuissent
2715 4736 2775 4787 ut
2804 4738 2858 4787 et
2886 4732 3289 4792 absolutionem
3319 4744 3375 4793 et
3402 4738 3577 4794 bene-

1936 4816 2233 4873 dictionem
2289 4817 2667 4889 impetrarent,
2701 4821 2842 4877 hanc
2881 4836 2989 4878 non
3023 4830 3231 4880 tantum
3272 4840 3382 4883 non
3437 4841 3578 4883 con-

1935 4908 2103 4964 cessit
2133 4907 2398 4976 pontifex,
2433 4909 2540 4966 imo
2586 4911 2890 4985 apostolica
2931 4914 3259 4972 auctoritate
3289 4918 3575 4986 praeepit,

1936 5003 1996 5052 ut
2033 4997 2129 5066 qui
2167 4997 2249 5052 sic
2305 4998 2678 5068 acquisierant
2722 5002 2946 5059 omnino
2985 5003 3345 5073 dimitterent,
3386 5006 3578 5064 volens

1936 5090 1996 5140 ut
2026 5085 2390 5153 nobilitatem,
2433 5102 2540 5157 qua
2579 5088 2725 5146 inter
2752 5104 2945 5148 omnes
2972 5093 3275 5150 Gallicanae
3303 5096 3581 5154 Ecclesias

1936 5174 2318 5246 Lugdunensis
2348 5176 2692 5245 resplenduit
2721 5179 2777 5235 in
2803 5180 3087 5253 religionis
3117 5184 3389 5255 exemplo,
3430 5175 3577 5244 nunc

1936 5277 2157 5333 quoque
2215 5263 2504 5334 vigilanter
2560 5267 2869 5337 custodiat;
2928 5276 2988 5327 ut
3043 5278 3098 5327 et
3143 5272 3373 5344 gloriam
3411 5290 3573 5346 quam

1937 5351 2202 5408 hactenus
2240 5368 2355 5423 prae
2386 5355 2606 5411 caneris
2634 5356 2744 5413 illis
2781 5358 2973 5415 habuit
3011 5360 3066 5415 in
3098 5360 3386 5432 dignitate,
3429 5380 3574 5423 nunc

1935 5456 2135 5513 augere
2193 5441 2422 5514 incipiat
2468 5444 2525 5500 in
2582 5444 2754 5502 forma
2801 5447 3104 5520 religionis.
3146 5452 3246 5506 An.
3315 5453 3449 5508 1080
3503 5457 3572 5512 ab

1937 5533 2165 5602 Hugone
2214 5533 2412 5589 abbate
2468 5534 2815 5591 Cluniacensi
2873 5544 3096 5608 rogatus
3143 5538 3275 5597 favit
3313 5541 3573 5602 electioni

1937 5620 2184 5678 Walterii
2206 5622 2586 5680 Cabilonensis
2602 5624 2883 5697 episcOpi;
2923 5626 3185 5687 Ecclesia:
3205 5631 3574 5693 Saviniacensi
