4106 6178
504 205 641 299 12οἸ

1699 240 1970 295 GEBUINI
2008 240 2296 296 LUGDUN.
2338 240 2655 296 ARCHIEP.

3739 240 3874 294 1208

503 369 657 426 dedit
680 368 963 423 basilicam
984 370 1038 423 8.
1063 369 1242 424 Maria
1264 369 1331 422 de
1360 370 1517 423 Jo....
1547 366 1690 435 apud
1722 366 2043 436 Lugdunum
2081 367 2137 421 in
2158 370 2383 427 Aerror
2412 367 2592 446 potuit
2615 366 2889 434 irrepere;
2925 365 3007 421 vel
3040 365 3231 422 deluso
3264 366 3625 436 exscriptoris
3648 374 3872 435 aspectu

505 459 656 515 curia
686 460 739 514 S.
782 457 999 522 Nicetii,
1034 457 1154 526 ipso
1186 456 1442 526 pontifice
1473 456 1546 510 ibi
1583 458 1801 524 jacente
1833 456 1886 511 in
1918 457 2142 527 agritu-

506 549 655 603 dine.
704 548 863 601 Certe
912 545 1122 600 calculo
1171 546 1437 601 laboravit
1478 552 1531 599 et
1561 552 1751 600 acutos
1781 546 1956 600 morbi
1997 545 2144 600 illius

500 650 857 707 paroxysmos
906 640 1054 690 tanta
1097 635 1360 704 patientia
1413 634 1659 704 pertulit,
1702 642 1782 700 ut,
1824 635 1879 688 in
1928 634 2146 689 virtutis

504 727 787 796 pramium
820 724 965 780 illius
995 725 1223 779 curandi
1263 725 1368 780 vim
1410 725 1694 779 maximam
1741 725 1945 780 habere
1998 738 2147 793 pra-

504 816 743 881 dicetur,
778 820 832 869 et
863 827 928 868 ea
959 813 1172 868 ratione
1222 829 1251 868 a
1308 813 1768 884 Lugdunensibus
1809 820 1863 868 et
1902 812 2147 869 ﬁnitimis

505 905 810 960 invocetur.
844 904 903 957 1n
942 903 1111 958 veteri
1162 904 1543 973 Lugdunensis
1581 904 1843 959 Ecclesia
1875 906 2145 973 Martyro-

507 993 652 1064 logio
693 992 818 1047 vita
849 991 1023 1061 ipsius
1060 992 1326 1047 terminus
1358 993 1715 1063 consignatur
1751 993 1966 1047 decimo
1998 998 2150 1047 octa-

505 1094 571 1137 vo
628 1080 851 1150 Aprilis.
895 1080 954 1134 In
1010 1080 1229 1135 Necrol.
1274 1082 1329 1135 8.
1372 1082 1600 1151 Benigni
1642 1081 1854 1136 Divion.
1900 1081 2145 1150 legitur:

509 1188 538 1222 «
577 1185 649 1225 xv
696 1167 815 1224 Kal.
874 1169 995 1223 Maii
1036 1164 1312 1238 depositio
1371 1171 1430 1224 Ι).
1481 1170 1698 1225 Gibuini
1754 1170 1996 1238 archiep.
2042 1171 2151 1224 Lu-

508 1259 679 1330 gdun.
723 1276 751 1310 »
790 1260 943 1313 Jacet
986 1258 1042 1312 in
1097 1258 1330 1314 ecclesia
1390 1260 1443 1314 S.
1505 1260 1720 1315 lrenai.
1763 1260 1893 1327 Ejus
1944 1257 2152 1313 tumulo

509 1347 918 1419 superpositum
991 1353 1074 1403 est
1128 1347 1300 1403 altare
1367 1350 1479 1404 Deo
1546 1350 1647 1417 sub
1704 1350 1878 1418 ipsius
1934 1348 2153 1404 nomine

512 1443 915 1503 consecratum,
984 1443 1039 1493 et
1103 1437 1183 1492 uti
1225 1445 1449 1494 sanctus
1496 1438 1553 1492 in
1621 1452 1718 1493 sua
1758 1438 2003 1494 Ecclesia
2054 1451 2154 1493 co-

510 1528 662 1585 titur.

584 1617 665 1673 Ad
704 1630 907 1672 annum
958 1618 1077 1685 ejus
1123 1615 1309 1671 obitus
1346 1616 1495 1686 quod
1535 1620 1767 1686 spectat,
1808 1617 1866 1671 in
1914 1613 2159 1684 antiquis

2234 455 2514 510 chronica
2592 459 2736 509 nota
2800 456 3081 524 corrumpi
3146 462 3412 523 potuere;
3472 462 3527 508 et
3593 466 3879 525 corruptas

2227 545 2406 612 reipsa
2437 543 2604 599 fuisse
2637 544 2763 599 inde
2797 549 2963 613 patet,
2999 544 3148 613 quod
3205 546 3257 598 in
3307 545 3514 599 chartis
3553 545 3681 599 anni
3720 545 3865 610 1087,

2227 633 2582 689 iudictionem
2616 634 2883 689 decimam
2910 633 3100 699 altera,
3136 634 3307 689 altera
3336 635 3626 704 septimam
3655 649 3771 689 cum
3804 649 3869 690 eo

2228 736 2392 779 anno.
2427 725 2747 793 conjungat.
2795 723 2929 778 Inde
2978 722 3177 778 iterum
3226 724 3374 792 quod
3420 725 3475 778 in
3527 723 3699 793 prima
3752 724 3871 778 dies

2227 814 2536 883 assignetur
2584 821 2770 867 sextus
2817 818 2943 867 ante
2991 814 3175 867 Nonas
3232 812 3535 875 Februarii,
3600 812 3693 881 qui
3749 813 3871 867 talis

2230 916 2507 972 nunquam
2547 903 2756 957 exstitit
2786 902 2892 957 hoc
2923 916 3129 957 mense.
3172 902 3304 957 Inde
3334 902 3553 957 demum
3584 903 3730 971 quod
3769 916 3870 957 nec

2230 992 2548 1061 genuinum,
2582 1005 2684 1046 nec
2715 990 3064 1061 intelligibile
3105 991 3253 1059 quod
3284 990 3449 1045 habet
3479 990 3657 1059 prima
3686 990 3873 1047 charta

2231 1083 2424 1136 Actum
2452 1095 2503 1135 vi
2538 1079 2843 1145 Februarii,
2876 1086 3031 1134 sexto
3062 1085 3116 1135 et
3146 1080 3360 1135 decimo
3390 1079 3609 1148 quinto.
3642 1078 3873 1133 Aliunde

2234 1182 2384 1235 vero,
2418 1170 2464 1223 si
2504 1169 2635 1239 quid
2666 1169 2723 1224 in
2753 1167 3025 1237 ejusmodi
3075 1168 3241 1223 rebus
3287 1167 3571 1222 historicis
3621 1176 3877 1223 constare

2236 1263 2436 1327 potest,
2473 1260 2753 1328 llugonem
2803 1256 3034 1313 Gebuini
3087 1257 3268 1312 locum
3316 1264 3442 1312 ante
3482 1270 3689 1311 annum
3723 1256 3881 1319 1087,

2238 1347 2347 1401 imo
2396 1353 2451 1401 et
2507 1354 2633 1402 ante
2708 1345 2844 1399 1086
2892 1346 3197 1402 obtinuisse
3236 1346 3668 1402 demonstratur.
3715 1348 3889 1417 Argu-

2240 1441 2421 1491 menta
2467 1434 2672 1491 referre
2722 1449 2946 1491 necesse
2977 1443 3097 1503 est;
3140 1449 3251 1492 non
3301 1435 3524 1505 quidem
3567 1435 3753 1492 omnia
3790 1436 3890 1490 sed

2241 1524 2539 1595 pracipua.

2312 1614 2550 1668 Primum
2598 1612 2804 1668 dicitur
2848 1628 2880 1668 a
2926 1614 2980 1669 S.
3022 1612 3278 1669 Anselmo
3317 1615 3552 1669 Lueensi
3599 1612 3892 1681 episcopo,

516 1706 885 1763 monumentis
936 1718 1045 1761 non
1104 1705 1448 1774 exprimitur.
1500 1705 1761 1760 Dominus
1799 1704 1867 1759 de
1928 1704 2154 1758 Lamure
2176 1693 2224 1750 B
2246 1703 2339 1772 qui
2378 1703 2433 1756 in
2456 1701 2689 1771 epistola
2718 1703 2922 1771 scripta
2952 1704 3169 1769 Pontio,
3193 1717 3257 1758 ex
3287 1704 3437 1758 Casa
3470 1703 3565 1757 Dei
3599 1701 3894 1765 monacho,

519 1798 639 1865 ejus
677 1794 840 1849 vitam
870 1793 936 1848 ad
968 1807 1168 1847 annum
1199 1808 1372 1863 usque
1408 1793 1543 1848 1087
1583 1800 1875 1849 exeuntem
1918 1799 2150 1862 proten-
2244 1792 2429 1847 abbati
2469 1791 2809 1856 Fraxinensi,
2843 1806 3002 1860 quam
3035 1790 3203 1846 refert
3242 1791 3520 1857 Mabillon,
3554 1791 3896 1851 mentionem

523 1884 623 1950 dit,
666 1890 721 1939 et
751 1882 1184 1953 protendendam
1226 1884 1423 1952 probat
1471 1897 1537 1937 ex
1577 1884 1746 1938 veteri
1778 1897 1879 1937 ms.
1921 1882 2162 1937 canobii
2245 1880 2376 1936 facit
2402 1879 2733 1935 venerabilis
2763 1880 2935 1934 Patris
2982 1880 3227 1951 Hugonis
3276 1880 3659 1951 Lugdunensis
3708 1879 3895 1934 archi-

521 1974 941 2037 Saviniacensis,
975 1973 1031 2027 in
1071 1986 1180 2042 quo
1242 1979 1455 2028 veteres
1511 1972 1661 2028 illius
1717 1973 1917 2028 tabula
1978 1972 2162 2027 conti-

523 2070 742 2127 nentur,
783 2070 839 2117 et
894 2068 1007 2117 tres
1055 2063 1260 2117 charta
1300 2061 1631 2126 referuntur,
1685 2063 1739 2116 in
1794 2062 1996 2130 quibus
2054 2064 2164 2116 Ge-

522 2153 675 2208 buini
714 2150 893 2206 adhuc
922 2152 1152 2205 viventis
1183 2152 1388 2205 mentio
1421 2150 1479 2205 fit
1516 2152 1674 2204 annis
1719 2150 1853 2204 1086
1900 2158 1955 2205 et
2008 2149 2164 2205 1087.

522 2241 700 2295 Prima
748 2241 1064 2296 continetur
1111 2239 1321 2294 codicis
1351 2237 1483 2294 folio
1530 2238 1628 2291 123
1658 2240 1759 2295 sub
1807 2239 1913 2294 hoc
1962 2240 2162 2295 titulo:

520 2332 597 2385 De
628 2330 862 2385 ecclesia
891 2331 947 2384 S.
987 2329 1170 2384 Maria
1202 2328 1271 2383 de
1302 2329 1649 2384 Diniciaco...
1685 2335 1739 2383 et
1769 2328 2057 2383 ecclesiam
2097 2329 2165 2384 de

524 2420 847 2477 Comiaco...
907 2432 1010 2473 nec
1059 2431 1167 2472 non
1217 2424 1272 2472 et
1319 2418 1581 2487 capellam
1640 2418 1708 2473 de
1757 2418 2165 2475 Montelardo...

2248 1971 2529 2039 episcopi,
2565 1976 2619 2024 et
2651 1969 2720 2024 ad
2750 1970 2910 2038 cujus
2940 1969 3146 2024 calcem
3171 1970 3331 2038 jubet
3360 1984 3461 2026 suo
3496 1970 3725 2024 nomine
3754 1968 3897 2023 salu-

2249 2059 2352 2113 tari
2417 2058 2678 2114 domuum
2745 2058 3162 2128 Lugdunensem
3220 2059 3725 2129 archiepiscopum.
3766 2059 3894 2113 Cum

2250 2162 2381 2219 ergo
2411 2149 2465 2202 in
2499 2148 2743 2218 ejusdem
2774 2148 3015 2225 Anselmi
3062 2150 3181 2203 Vita
3210 2150 3278 2203 ab
3320 2163 3428 2205 uno
3467 2164 3535 2205 ex
3574 2164 3692 2203 sua
3725 2147 3897 2203 eccle-

2251 2240 2347 2293 sia
2378 2238 2661 2293 canonicis
2691 2240 2917 2307 scripta,
2961 2224 3177 2293 dicatur
3228 2258 3241 2293 :
3294 2242 3449 2293 Anno
3500 2238 3899 2293 incarnationis

2252 2326 2467 2382 Domini
2498 2328 2674 2382 nostri
2702 2327 2842 2382 J.-C.
2891 2325 3043 2391 1086,
3087 2327 3441 2396 episcopatus
3478 2342 3611 2382 vero
3640 2329 3727 2381 sui
3759 2340 3899 2381 anno

2252 2433 2367 2479 χιιι,
2409 2418 2603 2473 indict.
2636 2433 2711 2484 1x,
2754 2416 3087 2489 obdormivit
3119 2419 3174 2472 in
3222 2419 3450 2474 Domino
3482 2432 3553 2472 xv
3585 2418 3707 2472 Kal.
3742 2418 3902 2486 Apri-

527 2511 644 2565 Hoc
699 2509 904 2564 donum
964 2505 1205 2561 laudavit
1268 2507 1720 2576 archiepiscopus
1778 2508 2057 2562 Gebuinus
2114 2508 2169 2563 in
2254 2508 2361 2575 lis;
2422 2513 2635 2563 constat
2684 2513 2810 2562 ante
2868 2508 3012 2563 hunc
3056 2521 3257 2562 annum
3306 2507 3557 2578 Lugduni
3610 2506 3899 2576 prasulem

528 2598 700 2653 choro
758 2595 1139 2665 Lugdunensis
1176 2595 1447 2662 ecclesia,
1503 2602 1643 2650 teste
1694 2596 1961 2652 Landrico
2013 2598 2172 2652 Mati-
2255 2595 2423 2652 fuisse
2514 2598 2818 2667 Hugonem.
2905 2597 3214 2652 Secundum
3297 2596 3618 2666 suppeditat
3702 2599 3903 2667 Grego-

530 2686 788 2743 sconensi
845 2685 1131 2755 episcopo,
1186 2684 1412 2740 Bladino
1452 2686 1663 2741 decano
1688 2728 1702 2751 ,
1764 2693 1918 2740 etc...
1981 2690 2172 2741 Actum
2258 2686 2373 2740 rius
2411 2686 2500 2740 V11
2540 2700 2716 2754 papa;
2750 2686 2829 2740 sic
2859 2686 3003 2741 enim
3034 2687 3196 2755 epist.
3240 2685 3322 2751 19,
3357 2686 3454 2741 lib.
3500 2701 3574 2751 ix,
3608 2686 3898 2740 inscribit:

532 2776 587 2831 in
627 2774 869 2844 capitulo
898 2773 1267 2829 Saviniacensi
1297 2780 1452 2828 sexto
1489 2787 1662 2829 nonas
1682 2774 1984 2839 Februarii,
2020 2781 2175 2831 sexto
2262 2794 2290 2826 ‹‹
2328 2774 2622 2844 Gregorius
2650 2775 2963 2844 episcopus,
2996 2790 3186 2831 servus
3223 2789 3503 2831 servorum
3536 2775 3656 2839 Dei,
3702 2775 3903 2829 dilecto

533 2870 589 2921 et
616 2864 831 2920 decimo
863 2864 1078 2933 quinto,
1129 2863 1323 2917 indict.
1356 2876 1521 2928 nona,
1565 2870 1756 2932 epacta
1797 2865 1977 2930 tertia,
2021 2865 2177 2935 cyclo
2259 2865 2315 2919 in
2346 2864 2563 2919 Christo
2601 2862 2756 2918 fratri
2788 2866 2851 2919 H.
2899 2908 2912 2920 .
2960 2905 2974 2918 .
3020 2908 3032 2920 .
3084 2864 3431 2935 Lugdunensi
3480 2864 3904 2934 archiepiscopo

534 2954 749 3009 decimo
779 2965 948 3018 nono,
971 2958 1237 3022 regnante
1260 2952 1496 3006 Henrico
1518 2953 1573 3006 in
1602 2952 1931 3023 Burgundia.
1965 2953 2178 3022 Scripta
2265 2955 2330 3008 H.
2377 2996 2389 3007 .
2438 2996 2449 3008 .
2496 2995 2509 3007 .
2553 2972 2579 3003 »
2622 2952 2716 3008 llle
2764 2967 2874 3008 non
2906 2959 3088 3022 potest
3126 2953 3265 3008 alius
3294 2967 3413 3008 esse
3443 2953 3512 3007 ab
3543 2954 3785 3022 Hugone
3815 2955 3907 3007 Ge-

534 3054 699 3095 manu
721 3040 983 3109 Stephani
1024 3039 1463 3095 vicecancellarii
1503 3053 1646 3095 anno
1684 3041 1839 3096 Dom.
1877 3040 2041 3107 1086;
2083 3056 2174 3097 se-
2198 3039 2240 3098 α
2263 3042 2416 3097 buini
2445 3055 2786 3107 successore,
2821 3051 2932 3097 tum
2964 3043 3091 3111 quia
3140 3045 3184 3097 ΙΙ
3236 3042 3408 3111 prima
3438 3048 3523 3097 est
3552 3041 3709 3096 illius
3742 3041 3909 3097 nomi-

539 3129 717 3186 cunda
756 3135 933 3184 exstat
980 3129 1192 3184 codicis
1229 3129 1382 3184 citati
1430 3128 1526 3183 fol.
1584 3129 1683 3180 122
1720 3144 1829 3199 quo
1868 3132 2019 3200 Agna
2057 3146 2181 3186 cum

539 3218 666 3275 filiis
721 3217 836 3273 suis
892 3218 986 3273 dat
1040 3218 1094 3273 S.
1139 3219 1369 3273 Martino
1428 3218 1728 3273 Saviniensi
1779 3232 1879 3288 pro
1929 3219 2042 3275 filio
2081 3234 2182 3276 suo

538 3307 833 3365 Lenchone
865 3321 1027 3376 quem
1083 3307 1253 3362 tradit
1291 3306 1474 3363 ordini
1523 3309 1825 3364 monastico
1874 3309 1930 3362 in
1989 3309 2183 3364 eodem

540 3398 686 3462 loco,
738 3396 1020 3451 dimidiam
1079 3402 1289 3466 partem
1348 3397 1417 3452 de
1456 3396 1689 3451 ecclesia
1728 3398 1784 3451 S.
1849 3398 2076 3453 Joannis
2114 3399 2183 3453 de

540 3489 757 3543 Dnerna
822 3499 946 3541 cum
1002 3484 1231 3541 decimis
1287 3490 1342 3541 et
1396 3486 1741 3555 appendiciis
1797 3487 1932 3542 suis.
1992 3491 2183 3543 Actum

543 3589 683 3647 pago
748 3573 999 3646 Lugduni
1050 3573 1306 3629 canobio
1364 3574 1669 3637 Saviniaco,
1712 3574 1968 3631 laudante
2007 3577 2187 3632 archi-

543 3664 807 3734 episcopo
862 3662 1133 3728 Gebuino,
1168 3675 1352 3717 mense
1389 3663 1575 3729 Junio,
1616 3661 1752 3718 feria
1791 3669 2006 3734 quarta,
2057 3664 2187 3720 luna

544 3753 756 3824 quinta,
797 3756 1060 3823 regnante
1099 3750 1354 3820 Philippo
1408 3752 1463 3807 in
1512 3751 1739 3808 Francia
1774 3796 1787 3820 ,
1840 3754 2096 3810 Henrico.
2130 3755 2186 3809 in

544 3841 877 3912 Burgundia,
937 3855 1082 3896 anno
1130 3840 1342 3896 incarn.
1404 3841 1617 3896 Domini
1674 3840 1965 3897 millesimo
2023 3850 2186 3899 octo-

544 3931 754 4000 gesimo
803 3931 1076 4000 septimo,
1133 3930 1250 3986 ind.
1301 3930 1500 3986 decim.
1557 3932 1737 3987 Tertia
1772 3934 1921 4000 jacet
1959 3932 2185 4000 ibidem,

545 4019 852 4089 eodemque
886 4018 982 4074 fol.
1015 4021 1088 4074 Ea
1127 4022 1181 4074 S.
1223 4019 1525 4075 Saviniensi
1566 4021 1847 4077 Ecclesia.
1886 4065 1897 4077 .
1937 4061 1950 4075 .
1988 4066 2000 4078 .
2039 4064 2052 4077 .
2095 4023 2189 4079 ubi

545 4109 606 4163 D.
650 4108 848 4163 lterius
894 4107 1171 4163 secundus
1198 4108 1368 4163 abbas
1405 4123 1644 4178 praesse
1682 4109 1916 4176 videtur,
1959 4112 2193 4168 Ermen-

546 4195 733 4268 gardis
778 4198 922 4253 bona
976 4196 1069 4251 dat
1125 4212 1226 4267 pro
1283 4212 1380 4253 sua
1426 4199 1729 4268 sepultura,
1786 4199 2075 4255 ecclesiam
2132 4202 2187 4256 S.

555 4288 749 4343 Verani
780 4287 836 4342 in
874 4286 1150 4343 Graziaco.
1200 4289 1389 4343 Actum
1425 4303 1562 4360 pago
1602 4290 1972 4360 Lugdunensi,
2006 4304 2192 4347 coeno-

2265 3132 2350 3186 nis
2379 3131 2598 3195 littera;
2650 3137 2762 3186 tum
2801 3132 2929 3200 quia
2981 3133 3025 3185 is
3077 3133 3165 3186 cui
3213 3131 3429 3197 scribit,
3461 3132 3729 3185 Romanae
3772 3130 3910 3186 sedis

2264 3222 2475 3292 legatus
2513 3227 2649 3286 erat,
2681 3227 2741 3275 ut
2771 3236 2838 3276 ex
2879 3226 3132 3277 contecta
3172 3227 3340 3291 patet,
3382 3235 3545 3290 quam
3586 3221 3909 3292 dignitatem

2265 3324 2544 3379 nunquam
2582 3309 2773 3365 habuit
2801 3309 3099 3364 Gebuinus.
3141 3310 3247 3365 Sed
3296 3315 3349 3365 et
3402 3310 3641 3379 epistola
3671 3310 3749 3363 32
3777 3312 3914 3380 ejus-

2266 3398 2389 3453 dem
2419 3398 2547 3453 libri
2586 3398 2711 3454 data
2758 3402 2841 3454 est
2870 3399 3170 3455 venerabili
3201 3399 3575 3470 Lugdunensii
3629 3400 3912 3468 archiepi-

2266 3501 2457 3557 scopo,
2499 3502 2562 3543 ac
2600 3488 2760 3543 simul
2793 3488 2942 3543 sedis
2970 3488 3290 3558 apostolica
3336 3488 3536 3558 legato,
3581 3496 3641 3543 ut
3690 3489 3911 3544 cuilibet

2267 3591 2385 3633 eam
2415 3577 2618 3647 legenti
2646 3576 2821 3646 palam
2853 3584 2955 3632 est.
2988 3578 3159 3633 Porro
3208 3583 3423 3633 constat
3466 3577 3676 3633 obiisse
3708 3580 3911 3649 Grego-

2268 3668 2410 3722 rium
2439 3680 2633 3737 papam
2664 3680 2808 3722 anno
2854 3666 3006 3733 1085,
3048 3666 3136 3722 die
3166 3666 3237 3719 25
3265 3667 3407 3722 Maii.
3442 3668 3587 3737 Ergo
3615 3670 3730 3737 jam
3762 3675 3908 3723 antea

2268 3755 2689 3825 Lugdunensem
2727 3755 2912 3811 sedem
2954 3756 3259 3825 occupabat
3289 3757 3464 3827 Hugo.

2341 3845 2581 3900 Tertium
2612 3844 2858 3915 illudque
2889 3846 3150 3901 invictum
3180 3846 3444 3901 habemus
3492 3860 3557 3901 ex
3608 3846 3734 3901 Vita
3779 3848 3912 3915 ejus-

2272 3934 2395 3989 dem
2452 3934 2699 4004 Gregorii
2756 3935 2867 4001 Vll,
2937 3935 3005 3988 ab
3063 3939 3289 3990 auctore
3344 3934 3690 4005 synchrono,
3754 3935 3909 3990 Paulo

2271 4023 2486 4078 scilicet
2518 4022 2900 4078 Bernrediensi
2931 4023 3264 4092 conscripta,
3315 4024 3371 4077 in
3412 4036 3520 4092 qua
3550 4022 3672 4078 hac
3723 4022 3911 4093 legun-

2274 4118 2404 4168 tur:
2439 4113 2681 4182 Rogatus
2736 4111 3045 4182 (Gregorius
3093 4124 3232 4181 papa
3270 4110 3325 4165 in
3365 4111 3628 4166 extremis
3684 4113 3911 4182 positus}

2274 4207 2334 4257 ut
2364 4202 2420 4256 in
2450 4206 2600 4257 tanta
2648 4200 2889 4256 fidelium
2921 4200 3335 4271 perturbatione
3385 4199 3491 4255 sibi
3540 4214 3911 4257 successorem

2276 4290 2634 4362 designaret.
2683 4332 2694 4344 .
2738 4330 2752 4343 .
2800 4330 2813 4343 .
2859 4332 2872 4346 .
2920 4290 3121 4345 .trium
3143 4289 3319 4345 edidit
3339 4289 3913 4359 optionem,videlicet

553 4376 646 4433 bio
675 4376 1044 4433 Saviniacensi
1093 4391 1215 4432 cum
1263 4378 1421 4433 laude
1472 4359 1876 4451 archiepiscopi
1932 4359 2256 4448 Gebuini,D
2278 4359 2546 4435 Desiderii
2577 4377 2872 4434 cardinalis
2915 4384 2970 4434 et
3007 4379 3224 4434 abbatis
3255 4378 3494 4434 canobii
3530 4380 3909 4444 Cassiniensis,

547 4478 692 4522 anno
756 4466 972 4522 Domini
1030 4466 1426 4522 incarnationis
1496 4467 1783 4526 millesimo
1853 4469 2190 4541 octogesimo

547 4554 803 4624 septimo,
830 4553 1023 4610 indict.
1065 4555 1316 4624 septima,
1350 4569 1536 4611 mense
1572 4557 1757 4626 Junio,
1795 4556 1929 4613 feria
1976 4562 2190 4629 quarta,

549 4643 676 4699 luna
706 4643 915 4715 quinta,
949 4650 1212 4715 regnante
1244 4643 1500 4715 Philippo
1533 4659 1658 4717 rege
1692 4646 1747 4701 in
1778 4647 2024 4715 Francia,
2050 4649 2195 4703 Hen-

548 4732 667 4789 rico
705 4733 762 4788 in
791 4732 1274 4804 Burgundia.11ac
1302 4735 1526 4804 quidem
1554 4734 1888 4792 validissima
1916 4737 2192 4805 videntur,

550 4823 661 4880 imo
698 4821 946 4890 indubia,
989 4821 1035 4878 si
1082 4823 1222 4879 bene
1263 4824 1555 4896 exscripsit
1609 4827 1671 4881 D.
1713 4825 1782 4882 de
1840 4828 2105 4896 Lamure;
2148 4827 2195 4884 si

550 4911 888 4983 autographa
917 4916 1046 4968 sunt
1075 4911 1436 4970 instrumenta
1466 4930 1591 4986 qua
1629 4914 1872 4983 exhibet,
1916 4930 2026 4973 non
2065 4930 2194 4974 vero

553 5003 941 5072 transsumpta.
992 5002 1188 5059 Hareo
1219 5009 1420 5072 tamen,
1453 5004 1562 5060 imo
1612 5004 1669 5059 in
1699 5006 2033 5062 contrariam
2073 5020 2197 5062 sen-

553 5090 800 5160 tentiam,
840 5090 895 5146 vi
943 5091 1189 5148 veritatis
1227 5092 1491 5163 abreptus
1546 5093 1629 5149 ire
1682 5107 1852 5165 cogor
1908 5109 2017 5151 non
2075 5110 2196 5152 esse

551 5180 893 5253 autographa
949 5195 1074 5253 qua
1132 5180 1301 5239 refert
1353 5183 1734 5250 instrumenta,
1766 5184 1850 5240 vel
1890 5185 2020 5241 inde
2070 5200 2199 5256 pro-

554 5270 953 5328 babilissimum
1000 5272 1072 5328 sit
1119 5273 1268 5345 quod
1301 5288 1424 5329 cum
1474 5273 1777 5331 innumeris
1814 5273 1940 5330 aliis
1987 5275 2043 5330 in
2087 5289 2197 5332 uno

557 5358 861 5431 eodemque
927 5362 1121 5420 codice
1187 5363 1564 5433 continentur,
1616 5378 1740 5436 qua
1799 5364 1903 5420 nisi
1963 5366 2031 5421 ab
2087 5380 2197 5425 uno

558 5446 863 5520 eodemque
893 5454 1236 5524 exscriptore
1266 5455 1479 5511 exarari
1511 5468 1854 5526 nequaquam
1878 5461 2197 5524 potuerunt.

559 5537 735 5607 Atque
782 5539 920 5598 adeo
973 5542 1056 5599 vel
1096 5544 1388 5602 oscitantia
1432 5546 1522 5602 vel
1579 5544 1797 5602 inscitia
1855 5546 2201 5603 amanuensis

2276 4475 2440 4538 atque
2490 4468 3072 4524 reverendissimorum
3118 4468 3506 4537 episcOporum
3549 4469 3777 4524 Ottonis
3822 4471 3913 4524 Os-

2277 4558 2489 4623 tiensis,
2524 4566 2577 4613 ct
2600 4557 2842 4629 ilugonis
2871 4558 3270 4629 Lugdunensis.
3297 4556 3642 4627 Additurque
3675 4577 3689 4613 :
3728 4559 3913 4613 Verum

2278 4647 2450 4718 quia.
2498 4691 2510 4704 .
2556 4691 2569 4703 .
2610 4662 2709 4703 sua
2756 4647 2996 4703 lustrans
3041 4646 3414 4717 gubernacula
3461 4647 3659 4716 procul
3712 4648 3909 4711 aberat,

2276 4737 2449 4793 suasit
2485 4736 2613 4811 eligi
2668 4736 2905 4792 vicinum
2957 4735 3317 4792 Desiderium.
3369 4736 3517 4791 Idem
3563 4736 3913 4793 conﬁrmatur

2279 4842 2345 4883 ex
2378 4827 2493 4882 Vita
2541 4825 2831 4893 Desiderii,
2864 4840 2962 4880 seu
3010 4825 3247 4881 Victoris
3294 4826 3385 4892 Ill,
3425 4826 3480 4880 in
3531 4839 3643 4894 qua
3690 4825 3814 4882 hac
3848 4826 3913 4880 le-

2278 4921 2483 4987 guntur
2522 4935 2534 4970 :
2580 4918 2737 4972 Anno
2796 4916 2948 4971 Dom.
2999 4915 3268 4970 incarnat.
3345 4913 3499 4981 1085,
3559 4913 3763 4971 indict.
3804 4930 3909 4981 vin,

2278 5005 2575 5075 Gregorius
2604 5005 2694 5059 V11
2725 5005 3098 5074 interrogatus
3125 5009 3251 5059 ante
3297 5003 3443 5058 diem
3484 5002 3713 5059 tertium
3745 5004 3912 5059 obitus

2279 5094 2364 5150 sui
2402 5094 2470 5149 ab
2501 5094 2780 5164 episcOpis
2817 5098 2873 5149 et
2919 5092 3292 5148 cardinalibus
3334 5092 3428 5162 qui
3478 5098 3612 5147 tunc
3652 5106 3762 5149 una
3805 5107 3911 5149 eum

2280 5183 2566 5240 Desiderio
2606 5186 2911 5254 prasentes
2940 5188 3117 5249 erant,
3150 5182 3284 5253 quid
3343 5184 3468 5252 post
3514 5195 3675 5237 suum
3717 5184 3911 5238 obitum

2282 5274 2350 5330 de
2379 5274 2641 5329 Romana
2670 5272 2820 5328 sedis
2847 5272 3199 5329 ordinatione
3237 5271 3479 5342 juberet,
3514 5272 3811 5341 respondit
3845 5278 3911 5335 ut,

2282 5364 2329 5420 si
2368 5376 2606 5434 unquam
2654 5362 2840 5433 aliquo
2898 5361 3062 5419 modo
3122 5367 3367 5432 possent,
3409 5360 3665 5417 eumdem
3711 5361 3913 5419 Deside-

2284 5452 2423 5508 rium
2455 5451 2523 5508 ad
2563 5452 2669 5508 hoc
2725 5450 2965 5508 ofﬁcium
3009 5454 3430 5522 promoverent;
3491 5450 3539 5505 si
3598 5464 3736 5507 vero
3786 5452 3909 5506 hunc

2284 5541 2598 5599 nullatenus
2631 5543 2853 5599 ﬂectere
2891 5540 2960 5597 ad
2990 5542 3095 5599 ista
3124 5540 3388 5610 valerent,
3428 5544 3523 5597 aut
3551 5541 3912 5614 archiepisco-
