4122 6184
368 296 503 353 1209

1527 303 1733 358 EPIST.
1776 303 1863 358 AD
1902 300 2264 358 RODULFUM
2302 298 2547 355 TUBON.

3592 296 3727 353 1210

363 438 490 495 pum
538 425 957 495 Lugdunensem
987 428 1253 497 Ugonem,
1284 435 1378 484 aut
1407 431 1661 486 Ottonem
1691 428 2065 489 OstiensemA
2094 434 2154 484 ut
2182 428 2250 483 ab
2290 426 2358 485 iis
2398 424 2656 480 recedere
2687 424 2774 478 vix
2813 422 3074 492 possibile
3103 421 3371 479 videatur.
3415 425 3551 482 Hinc
3593 397 3723 483 Bol-

361 522 455 573 aut
482 517 783 572 Lucensem
818 516 1158 587 episcopum,
1190 533 1350 589 quem
1384 519 1536 589 prius
1565 534 1631 575 ex
1675 520 1760 574 his
1798 519 2000 577 habere
2084 516 2324 573 landiani
2355 515 2411 570 in
2441 513 2679 585 append.
2713 512 2780 567 ad
2811 513 2955 568 diem
2993 510 3063 564 25
3092 512 3215 566 Maii
3247 516 3377 567 tom.
3408 515 3447 567 V
3476 515 3720 584 ejusdem

362 610 607 677 possent,
636 606 691 661 in
740 619 932 676 papam
965 607 1167 677 eligere
1220 614 1344 677 post
1374 609 1582 664 obitum
1622 624 1779 665 suum
1819 623 2001 679 quan-
2083 608 2287 665 mensis
2326 609 2467 675 part.
2499 620 2537 671 1,
2590 618 2712 673 pag.
2752 600 2905 667 1951,
2956 602 3108 656 aiunt
3150 614 3272 656 eum
3313 601 3516 659 obiisse
3562 603 3716 671 1082,
3782 642 3787 647 ι

259 717 262 720 θ
363 695 541 753 tocius
578 693 921 753 festinarent.
972 698 1099 753 Hac
1129 698 1268 755 adeo
1298 698 1445 754 clara
1474 706 1601 755 sunt
1631 707 1685 754 et
1715 712 1994 770 expressa,

2088 698 2154 753 16
2180 696 2404 767 Aprilis,
2434 693 2519 750 vel
2550 699 2611 765 ut
2638 692 2731 749 alii
2760 692 2970 756 volunt,
3008 689 3069 742 l7
3101 691 3243 747 Maii.

1751 1017 2346 1122 GEBUINI

1286 1222 1984 1314 LUGDUNENSIS
2040 1219 2803 1313 ARCHIEPISCOPI

1746 1413 2340 1529 EPISTOLA

1516 1629 1604 1683 AD
1641 1626 2055 1684 RODULPHUM
2095 1626 2567 1683 TURONENSEM.

1272 1772 1612 1843 (Bibliotheca
1649 1775 1865 1829 Patrum
1893 1770 2131 1841 Lugdu-n.
2173 1778 2307 1827 tom.
2336 1771 2469 1838 XVI,
2503 1784 2626 1841 pag.
2657 1768 2807 1838 768.)

430 2006 489 2058 G.
532 2003 910 2073 Lugdunensis
955 2004 1217 2061 Ecclesia
1265 2006 1555 2076 presbyter
1593 2006 1851 2075 indignus
1889 2002 2285 2069 exi-Bnostri,
2319 2008 2373 2058 et
2411 2016 2513 2058 nos
2560 2016 2626 2057 ex
2665 1999 2928 2057 charitate
2968 1996 3134 2053 vestri
3173 1994 3513 2051 efﬁciamur?
3572 1986 3724 2044 Unde

362 2092 470 2147 mio
503 2092 645 2147 Patri
670 2098 725 2147 et
754 2092 1068 2163 specialiter
1096 2093 1330 2150 colendo
1357 2094 1408 2164 -ξ-
1440 2096 1504 2149 R.
1538 2095 1825 2150 Turonica
1855 2093 2005 2148 sedis

360 2182 777 2252 archiepiscopo
844 2198 965 2239 cum
1031 2199 1196 2255 grege
1263 2185 1367 2239 sibi
1426 2185 1718 2240 commisso
1779 2190 2004 2239 aterna

361 2271 718 2328 beatitudinis
759 2271 1008 2342 gloriam.

430 2363 473 2417 Ο
524 2374 686 2431 quam
730 2361 874 2416 bona
927 2366 982 2416 et
1037 2374 1200 2431 quam
1256 2361 1507 2417 sublimis
1560 2368 1644 2417 est
1701 2362 2001 2428 humilitas,

359 2464 483 2520 qua
533 2455 791 2520 potentes
846 2449 1020 2505 elatos
1058 2450 1126 2504 de
1173 2450 1304 2505 sede
1354 2450 1628 2520 superbia
1687 2451 1897 2520 dejicit,
1949 2457 2004 2505 et

359 2553 632 2609 pauperes
670 2538 905 2594 humiles
934 2539 1001 2594 de
1040 2546 1284 2595 stercore
1324 2539 1485 2611 erigit
1528 2538 1697 2607 (Psal.
1733 2555 1862 2605 exn,
1894 2539 1955 2611 7)
1986 2546 1996 2595 ε

360 2628 538 2698 Ipsius
566 2632 651 2683 est
693 2629 838 2683 enim
888 2634 1035 2683 tanta
1076 2636 1338 2698 potestas,
1379 2635 1438 2683 ut
1478 2643 1576 2699 per
1605 2630 1779 2699 ipsam
1809 2629 1876 2685 de
1917 2629 2000 2685 la-

362 2717 498 2772 bore
536 2717 603 2771 ad
654 2718 920 2785 requiem,
954 2718 1022 2773 de
1072 2725 1247 2773 morte
1293 2719 1360 2773 ad
1392 2719 1575 2785 vitam,
1610 2719 1677 2774 de
1726 2719 1904 2787 poenis
1932 2719 1999 2774 ad

359 2807 586 2877 gloriam
620 2806 852 2862 transire
891 2807 1206 2862 debeamus.
1250 2808 1371 2877 Ipsa
1400 2814 1484 2864 est
1510 2823 1608 2878 per
1637 2822 1799 2878 quam
1829 2807 2001 2864 fortes

360 2896 762 2965 deprimuntur,
822 2895 1055 2951 humiles
1104 2895 1431 2963 exaltantur,
1492 2897 1798 2953 humilitate
1865 2911 1998 2966 pro-

358 2986 502 3043 fecto
532 2986 675 3040 Deus
711 2998 882 3053 super
918 2985 1099 3040 omnia
1130 2999 1356 3041 manens
1379 2986 1447 3041 de
1487 2985 1615 3042 forti
1654 2991 1863 3041 armato
1892 2999 1996 3041 no-

360 3075 545 3131 biliter
596 3073 970 3143 triumphavit,
1021 3080 1077 3129 et
1134 3074 1202 3129 de
1257 3075 1482 3138 mundo,
1524 3090 1687 3145 quem
1726 3075 1996 3145 captivum

359 3164 597 3230 tenebat,
629 3162 863 3217 exclusit
900 3162 1178 3219 humilitas
1216 3163 1333 3231 Dei,
1366 3171 1594 3234 propter
1621 3165 1768 3235 quod
1805 3184 1830 3213 α
1854 3164 1999 3220 exal-

361 3253 489 3309 tavit
516 3251 671 3308 illum
710 3253 872 3319 Deus,
907 3257 962 3308 et
992 3252 1145 3309 dedit
1174 3253 1255 3309 illi
1287 3268 1505 3319 nomen,
1540 3254 1688 3324 quod
1720 3260 1805 3310 est
1830 3269 2001 3324 super

2088 2100 2240 2149 tanto
2279 2094 2450 2163 magis
2487 2107 2551 2146 ac
2590 2091 2759 2163 magis
2788 2096 2966 2144 vestra
3013 2085 3155 2156 apud
3206 2083 3352 2154 pium
3393 2079 3727 2148 Redempto-

2087 2197 2198 2239 rem
2265 2183 2372 2238 erit
2438 2182 2693 2247 uberior,
2762 2184 2968 2248 quanto
3034 2175 3205 2244 magis
3269 2170 3556 2225 utilitatem
3625 2180 3726 2235 per

2086 2287 2246 2344 quam
2278 2279 2601 2328 cunctorum
2650 2268 2875 2324 fratrum
2908 2264 3227 2329 concordia,
3260 2268 3314 2316 et
3358 2264 3563 2314 sancta
3602 2255 3723 2310 uni-

2086 2377 2256 2418 versa
2295 2361 2555 2417 Ecclesia
2604 2361 2784 2415 unitas
2831 2356 3159 2420 custoditur,
3203 2351 3440 2406 retinere
3488 2346 3722 2402 studue-

2087 2452 2225 2507 ritis.
2285 2452 2360 2507 De
2418 2450 2683 2505 charitate
2741 2448 2907 2518 igitur
2962 2449 3159 2509 vestra,
3209 2440 3354 2496 sicut
3409 2448 3599 2492 revera
3655 2434 3723 2489 de

2086 2540 2408 2595 charissimo
2454 2539 2630 2594 amico
2681 2536 3039 2598 conﬁdentes,
3070 2544 3231 2587 aures
3280 2525 3499 2598 pietatis
3525 2530 3721 2579 vestra

2085 2630 2415 2686 liducialiter
2472 2629 2688 2699 pulsare
2748 2640 2856 2682 non
2914 2623 3246 2687 dubitamus,
3304 2614 3494 2688 procul
3553 2612 3722 2668 dubio

2084 2720 2376 2775 credentes
2422 2718 2571 2788 quod
2629 2717 2849 2772 minime
2905 2711 3183 2783 patiamini
3234 2723 3335 2765 nos
3383 2701 3719 2767 contristari,

2084 2809 2313 2864 maxime
2367 2808 2420 2862 in
2470 2806 2563 2862 tali
2612 2820 2693 2872 re,
2728 2803 2871 2860 unde
2917 2803 3096 2857 anima
3124 2805 3302 2854 vestra
3341 2788 3573 2850 multum
3618 2805 3724 2863 po-

2084 2899 2212 2955 terit
2268 2896 2531 2967 adjuvari.
2602 2897 2695 2950 Est
2759 2893 2900 2948 enim
2967 2889 3122 2945 vobis
3186 2884 3403 2942 abbatia
3470 2880 3720 2952 quadam

2082 2986 2401 3043 Sabiniacus
2439 2985 2681 3052 nomine,
2733 2983 2887 3037 locus
2934 2979 3001 3034 ab
3047 2977 3274 3046 antiquo
3324 2971 3717 3035 nobilissimus,

2082 3078 2359 3147 antiquam
2417 3078 2524 3132 Deo
2581 3073 2784 3147 gratias
2839 3070 3019 3126 adhuc
3075 3079 3298 3123 servans
3356 3062 3720 3125 nobilitatem,

2082 3168 2177 3238 qui
2215 3181 2317 3224 suo
2342 3168 2452 3237 jam
2493 3165 2587 3221 diu
2635 3168 2719 3219 est
2748 3162 2974 3219 orbatus
3014 3164 3253 3229 pastore,
3297 3167 3397 3224 pro
3437 3166 3547 3223 quo
3585 3162 3721 3238 rogo

2082 3237 2206 3329 ego,
2256 3263 2412 3328 rogat
2460 3254 2701 3312 Ecclesia
2749 3248 3149 3321 Lugdunensis,
3192 3258 3291 3314 pro
3340 3256 3450 3312 quo
3499 3241 3605 3296 huc
3653 3237 3718 3329 ad

356 3355 516 3398 omne
556 3355 753 3398 nomen
799 3341 1052 3415 (Philipp.
1095 3358 1156 3409 ιι,
1188 3342 1336 3414 9).»
1396 3346 1510 3399 Hac
1565 3343 1750 3414 itaque
1796 3328 2178 3403 virtuteros
2224 3347 2618 3416 imploraturos
2647 3342 2937 3405 venissem,
2972 3338 3078 3392 nisi
3125 3334 3274 3405 quod
3322 3337 3406 3387 tot
3452 3344 3516 3385 ac
3554 3328 3722 3383 tantis

353 3436 583 3486 vestram
631 3430 1025 3501 benignitatem
1075 3432 1290 3500 plenam
1338 3446 1457 3487 esse
1506 3433 1831 3501 reperimus,
1874 3445 1998 3486 cum

352 3528 555 3579 sancta
602 3536 738 3578 mea
778 3521 1127 3593 Lugdunensi
1170 3523 1428 3579 Ecclesia
1478 3536 1629 3578 more
1681 3523 1998 3592 pradeces-

352 3625 535 3668 sorem
563 3618 870 3669 vestrorum
904 3617 1012 3667 tam
1044 3611 1346 3667 humillima
1375 3612 1687 3677 devotione,
1722 3619 1829 3667 tam
1861 3612 1997 3665 cha-

355 3702 571 3758 ritativa
620 3702 1024 3773 supplicatione
1061 3702 1386 3757 humilitatis
1422 3716 1485 3757 ac
1514 3703 1686 3758 totius
1724 3700 1996 3757 obedien-

354 3793 445 3848 tia
475 3793 803 3863 obsequium
835 3791 1068 3848 reddere
1108 3805 1219 3847 non
1251 3791 1645 3863 dedignamini.
1678 3791 1833 3847 Unde
1863 3804 1998 3861 qua-

354 3889 515 3937 tenus
569 3888 765 3952 penset
821 3880 1139 3951 magnitudo
1198 3886 1394 3937 vestra
1451 3881 1824 3947 discretionis,
1872 3894 1996 3936 cum

353 3976 555 4042 quanta
610 3970 924 4038 dulcedine,
984 3984 1107 4026 cum
1172 3975 1377 4042 quanto
1442 3970 1727 4026 charitatis
1781 3968 1994 4026 fervore

350 4060 714 4117 humilitatem
752 4067 985 4116 vestram
1017 4059 1327 4131 diligamus,
1359 4061 1496 4116 certi
1527 4060 1673 4130 quod
1709 4072 1813 4116 nos
1840 4074 1871 4114 a
1900 4073 1994 4115 vo-

352 4149 437 4205 bis
467 4148 621 4220 diligi
650 4149 855 4204 scimus
887 4169 898 4203 :
942 4148 1070 4219 quia
1099 4150 1380 4219 Scriptura
1409 4149 1545 4204 dicit
1578 4169 1590 4203 :
1633 4152 1789 4204 Amat
1818 4150 1997 4205 anima

354 4242 612 4294 amantem
636 4252 712 4292 se.
754 4239 1028 4293 Praterea
1058 4237 1196 4292 sciat
1225 4237 1450 4294 dilectio
1481 4243 1660 4293 vestra
1690 4238 1837 4308 quod
1872 4252 1994 4294 cum

356 4332 504 4382 tanta
553 4326 846 4383 dulcedine
878 4340 974 4381 vos
1022 4340 1282 4393 amamus,
1316 4334 1374 4382 ut
1404 4327 1449 4382 si
1479 4334 1658 4382 vestra
1693 4327 1996 4397 postularet

356 4416 674 4477 necessitas,
726 4416 854 4486 quia
911 4415 1209 4471 dilectione
1266 4416 1563 4485 Apostolus
1629 4430 1728 4487 pro
1793 4417 1997 4473 Calatis

356 4505 549 4561 oculos
572 4505 704 4561 dare
735 4504 1043 4574 proﬁtetur,
1069 4504 1257 4559 eadem
1292 4518 1391 4559 nos
1421 4504 1614 4559 oculos
1644 4513 1865 4560 nostros
1896 4517 1994 4573 pro

354 4595 510 4650 vobis
557 4609 772 4659 eruere,
824 4599 878 4649 et
927 4607 1025 4663 pro
1065 4593 1220 4649 vobis
1267 4593 1397 4648 dare
1438 4607 1546 4649 non
1596 4593 1992 4649 dubitaremus.

2079 3435 2490 3490 inﬁrmitatibus
2538 3445 2777 3502 premor,
2812 3437 2871 3485 ut
2899 3441 3010 3483 non
3040 3426 3219 3481 dicam
3258 3436 3344 3476 me
3383 3419 3448 3476 ad
3480 3432 3578 3475 vos
3613 3417 3715 3483 ire,

2080 3524 2176 3580 sed
2208 3524 2483 3593 respirare
2513 3521 2601 3577 vix
2640 3520 2789 3574 licet.
2842 3519 2995 3572 Nunc
3028 3516 3214 3586 igitur,
3249 3510 3376 3582 quia
3426 3505 3718 3579 praesentia

2080 3612 2354 3683 corporali
2392 3610 2675 3667 vobiscum
2723 3621 2843 3662 esse
2883 3617 3120 3675 nequeo,
3152 3601 3358 3671 Spiritu
3398 3602 3578 3653 autem
3618 3607 3718 3650 vo-

2081 3702 2291 3758 biscum
2338 3712 2557 3769 semper
2603 3710 2819 3761 maneo,
2862 3695 3134 3763 deprecor
3173 3697 3232 3745 ut
3272 3689 3327 3744 in
3367 3700 3477 3744 uno
3518 3684 3717 3755 spiritu

2079 3789 2397 3861 congregati
2444 3788 2703 3844 domnum
2732 3786 2784 3856 +
2816 3787 2899 3852 Β.,
2930 3782 3152 3853 Majoris
3198 3775 3516 3835 monasterii
3554 3774 3721 3830 abba-

2078 3886 2209 3946 tem,
2244 3893 2364 3934 cum
2397 3877 2564 3933 multa
2591 3875 2885 3932 dulcedine
2914 3888 2981 3929 ex
3010 3876 3200 3927 nostra
3239 3874 3392 3939 parte
3430 3871 3486 3922 et
3513 3871 3714 3928 vestra,

2079 3969 2376 4033 monendo,
2418 3967 2768 4038 deprecando
2822 3962 3084 4030 exoretis,
3120 3964 3391 4032 quatenus
3438 3955 3570 4013 mihi
3619 3967 3720 4010 suo

2079 4060 2307 4126 dilecto,
2358 4065 2414 4115 et
2461 4057 2723 4114 desolatis
2769 4055 3033 4112 fratribus
3083 4048 3518 4109 misericordiam
3565 4058 3719 4101 suam

2079 4149 2457 4220 poscentibus,
2492 4147 2779 4203 consulere
2828 4159 2939 4201 non
2980 4143 3215 4200 diﬂ‘erat.
3268 4140 3442 4195 Mittat
3483 4139 3716 4200 Patrem,

2078 4239 2258 4294 mittat
2324 4243 2617 4307 pastorem,
2678 4236 2770 4304 qui
2828 4249 2949 4289 cum
3008 4239 3159 4288 tanta
3223 4227 3434 4285 cautela
3497 4236 3719 4295 gregem

2076 4342 2234 4384 suum
2284 4326 2578 4391 custodiat,
2624 4337 2692 4378 ne
2749 4323 2977 4391 antiquo
3025 4320 3170 4376 hosti
3220 4332 3285 4372 ex
3331 4316 3514 4385 aliqua
3563 4316 3717 4382 parte

2077 4416 2262 4471 aditus
2300 4420 2502 4484 pateat,
2538 4427 2636 4483 per
2662 4424 2824 4482 quem
2864 4409 2932 4464 ad
2982 4409 3159 4478 ipsum
3208 4418 3429 4477 gregem
3477 4414 3715 4471 unquam

2076 4504 2383 4572 irrumpere
2434 4502 2628 4558 valeat.
2684 4500 2887 4555 Valete.
2943 4497 3303 4567 Omnipotens
3358 4495 3499 4548 Deus
3553 4489 3715 4544 vitam

2076 4597 2310 4647 vestram
2354 4606 2451 4662 per
2481 4591 2775 4648 multorum
2822 4586 3090 4644 an'norum
3129 4583 3405 4640 curricula
3436 4579 3714 4643 extendat,

351 4686 483 4740 Nam
523 4684 617 4740 ubi
665 4683 1024 4740 humilitatem
1064 4684 1223 4739 matri
1260 4688 1455 4739 vestra
1503 4684 1817 4749 ostenditis,
1858 4683 1988 4753 quid
2011 4674 2059 4731 D
2082 4690 2137 4739 et
2166 4688 2293 4752 post
2340 4681 2498 4753 longa
2538 4688 2783 4750 tempora
2820 4680 2875 4734 in
2908 4677 3150 4735 caelestis
3178 4689 3273 4730 vos
3303 4672 3495 4743 patria
3535 4682 3718 4725 mensa

352 4775 500 4831 aliud
559 4774 665 4830 hoc
722 4772 973 4830 faciendo
1039 4774 1238 4845 agitur,
1293 4773 1399 4829 nisi
1457 4780 1518 4828 ut
1562 4786 1660 4829 vos
1697 4787 1764 4829 ex
1802 4772 1991 4829 debito

2074 4772 2359 4842 suscipiat.
2404 4774 2536 4829 item
2567 4770 2762 4837 valete,
2796 4767 3068 4824 mandatis
3100 4765 3356 4821 insistite.
