4106 6178
442 438 2291 490 ﬁ“

2272 432 3817 485 {ﬁ

1728 607 1902 651 ANNO
1942 606 2179 651 DOMINI
2215 607 2509 652 MLXXXII.

1588 757 2658 899 GALTERIUS

1243 989 1740 1047 COGNOMENTO
1776 991 1865 1048 SA
1883 993 2071 1049 VEYR
2107 992 2540 1049 MELDENSIS
2577 991 2997 1049 EPISCOPUS.

1557 1228 2004 1338 NOTlTIA
2069 1229 2683 1318 HISTORICA.

1258 1400 1350 1471 (Ex
1388 1400 1567 1459 Gallia
1599 1401 1907 1469 christiana,
1942 1416 2066 1459 nov.
2100 1403 2258 1471 edit.,
2296 1408 2428 1459 tom.
2465 1405 2616 1472 Vlll;
2662 1418 2781 1475 pag.
2824 1403 2999 1471 1608.)

1921 1535 2319 1547 ——-———-—

507 1633 797 1702 Galterius,
855 1634 1036 1690 dictus
1091 1636 1314 1707 Savcgr,
1374 1636 1429 1691 id
1487 1642 1570 1691 est
1623 1636 1871 1706 Sapiens,
1929 1635 2411 1706 quodAPhilippi
2440 1637 2587 1708 regis
2618 1651 2763 1694 anno
2799 1637 2925 1692 1071
2971 1637 3026 1692 in
3065 1638 3302 1694 concilio
3341 1641 3648 1696 Senonensi
3681 1655 3818 1697 con-

437 1721 788 1792 disposuerat
835 1722 1115 1779 Bernerus
1164 1724 1569 1794 praedecessor,
1611 1730 1666 1779 at
1716 1730 1892 1781 morte
1942 1739 2082 1794 prae-

435 1818 631 1868 ventus
703 1812 1003 1882 adimplere
1080 1817 1431 1892 nequiverat,
1510 1814 1772 1871 fratribus
1845 1815 2084 1871 emnobii

2168 1725 2434 1780 firmantis
2500 1725 2755 1781 donatam
2833 1726 3117 1782 ecclesiam
3195 1729 3377 1782 Sancti
3440 1729 3677 1785 Andreae
3745 1732 3815 1786 ab

2167 1815 2394 1884 llugone
2424 1815 2681 1870 Trecensi
2712 1816 2912 1871 ascetis
2941 1815 3304 1880 Cellensibus,
3327 1817 3635 1887 eodemque
3664 1833 3815 1878 anno

438 1902 771 1959 Lacellensis
805 1902 915 1958 duo
964 1901 1158 1958 altaria
1210 1904 1434 1959 donavit
1472 1904 1528 1958 in
1567 1905 1712 1959 villis
1767 1905 1982 1960 Lacella
2029 1910 2084 1961 et
2167 1911 2446 1973 praecepto
2474 1904 2793 1970 Burchardi,
2835 1905 3206 1961 Corbeliensis
3234 1907 3470 1973 comitis,
3506 1921 3608 1976 pro
3638 1910 3816 1964 eccle-

437 1992 599 2047 Vaira
642 2006 699 2045 1v
735 1991 1009 2047 Kalendas
1053 1991 1256 2062 Aprilis
1292 1991 1446 2059 1045,
1498 1993 1720 2048 Henrici
1759 1994 1905 2062 regis
1936 2008 2081 2051 anno

435 2095 548 2146 xvr,
582 2081 738 2149 cujus
787 2079 990 2149 placito
1038 2094 1139 2150 pro
1188 2080 1475 2136 monachis
1523 2083 1577 2137 S.
1612 2081 1850 2137 Medardi
1892 2081 2082 2138 adver-

434 2166 545 2224 sus’
575 2168 874 2224 Robertum
927 2170 1315 2225 Cociacensem
1356 2170 1686 2240 subscripsit
1731 2184 1874 2226 anno
1922 2171 2076 2239 1047,

432 2258 789 2328 ejusdemque
846 2258 1238 2328 diplomatibus
1291 2273 1392 2329 pro
1451 2259 1589 2315 cella
1652 2260 1827 2315 sancti
1883 2261 2077 2331 Aigulfi

433 2347 688 2403 cmnobio
719 2348 901 2402 Sancti
934 2348 1082 2403 Petri
1131 2347 1419 2403 'l‘recensis
1465 2347 1726 2415 unienda,
1760 2356 1815 2403 et
1852 2362 1953 2418 pro
1994 2364 2080 2404 ca-

433 2437 651 2493 nonicis
678 2436 1109 2492 Carnotensibus
1147 2450 1292 2492 anno
1338 2436 1491 2492 1048.
1537 2438 1739 2492 Eodem
1771 2451 1916 2493 anno
1946 2438 2077 2493 asti-

433 2524 499 2580 tit
537 2525 775 2581 concilio
824 2526 1240 2601 Silvanectensi,
1273 2526 1367 2581 ubi
1415 2527 1729 2582 restitutum
1777 2534 1831 2581 et
1877 2527 2076 2583 conﬁr-

431 2622 632 2668 malum
699 2616 898 2670 Sancto
962 2614 1225 2670 Medardo
1290 2614 1583 2670 Castellum
1650 2615 1718 2670 de
1775 2616 1927 2673 Vico.
1993 2617 2074 2672 Ab

430 2703 668 2759 Henrico
718 2717 848 2774 rege
895 2717 1018 2759 cum
1056 2704 1369 2760 Wascelino
1418 2704 1487 2759 de
1526 2704 1820 2760 Chalinaco
1878 2706 2075 2761 missus

427 2790 531 2847 fuit
577 2806 722 2849 anno
776 2791 915 2846 1050
949 2793 1007 2848 in
1046 2793 1318 2860 Russiam,
1374 2800 1432 2848 ut
1477 2795 1706 2860 Annam,
1750 2794 1894 2865 regis
1925 2796 2075 2850 Ceri-

425 2879 634 2936 selonis
691 2881 876 2948 tiliam,
939 2887 1155 2950 peteret
1211 2882 1269 2936 in
1335 2895 1560 2938 uxorem
1626 2883 1848 2938 Henrici
1899 2884 2073 2954 ipsius

2164 1993 2244 2046 sia
2283 1996 2336 2048 S.
2370 1994 2649 2062 Exuperii.
2684 1996 2832 2049 Inter
2861 1994 3083 2049 concilii
3116 1994 3460 2059 Parisiensis,
3491 2010 3639 2051 anno
3677 1996 3806 2051 1071

2163 2081 2359 2146 habiti,
2422 2084 2608 2138 Patres
2673 2090 3064 2139 annumeratus
3127 2084 3453 2154 subscripsit
3519 2084 3810 2155 diplomati

2162 2170 2401 2240 Philippi
2454 2172 2598 2242 regis
2637 2173 2818 2226 omnia
2866 2172 3009 2227 bona
3058 2172 3321 2228 Ecclesiae
3353 2175 3809 2242 Compendiensis

2162 2259 2554 2315 confirmantis.
2604 2260 2854 2315 Concilio
2901 2261 3205 2317 Senonensi
3252 2261 3426 2316 adfuit
3462 2276 3612 2317 anno
3648 2263 3803 2327 1080,

2160 2348 2463 2417 eodemque
2515 2348 2796 2414 llleldensi,
2829 2349 2885 2403 in
2917 2363 3025 2419 quo
3072 2351 3126 2404 S.
3158 2348 3416 2404 Arnulfus
3452 2358 3674 2406 creatus
3722 2362 3803 2407 est

2157 2437 2571 2493 Suessionensis
2626 2438 2941 2507 episcopus,
2992 2444 3174 2494 amoto
3229 2439 3479 2506 Ursione,
3532 2448 3587 2495 et
3648 2443 3802 2496 Lam-

2156 2525 2347 2581 bertus
2392 2527 2718 2582 Morinensis
2767 2528 3287 2583 excommunicatus.
3338 2530 3555 2584 Terram
3606 2532 3803 2586 Moris-

2155 2616 2287 2670 sarti
2335 2617 2592 2671 Gauterio
2642 2616 2825 2671 abbati
2874 2624 2929 2672 et
2976 2617 3260 2673 monachis
3317 2618 3802 2674 Pontisarensibus

2155 2705 2303 2759 circa
2348 2705 2403 2760 id
2455 2713 2670 2775 tempus
2719 2706 3062 2775 approbavit.
3121 2696 3455 2776 Subscripsit
3503 2708 3721 2777 judicio
3769 2726 3799 2764 ιι

2156 2795 2410 2866 Philippo
2458 2812 2586 2867 rege
2637 2796 2746 2851 lato
2794 2797 2939 2866 apud
2987 2797 3289 2853 Pisciacum
3331 2798 3419 2853 die
3466 2798 3503 2850 6
3551 2801 3799 2856 Januarii

2153 2897 2298 2940 anno
2336 2884 2470 2938 1082
2517 2886 2571 2940 in
2620 2886 2849 2955 gratiam
2891 2887 3279 2942 monachorum
3330 2888 3511 2942 Sancti
3543 2891 3801 2945 Germani

427 2975 553 3038 post
610 2968 812 3038 prioris
871 2968 1101 3035 obitum,
1161 2970 1309 3039 quod
1366 2971 1577 3025 Russize
1636 2986 1731 3026 rex
1794 2971 2418 3042 gratanterBadversus
2464 2975 2745 3046 Hugonem
2788 2976 3033 3043 militem,
3076 2983 3439 3046 cognomento
3479 2979 3797 3035 Stavellum.

425 3058 661 3126 accepit.
712 3057 1018 3112 Detectioni
1067 3070 1362 3126 corporum
1412 3064 1728 3113 sanctorum
1776 3067 2072 3130 martyrum

427 3144 673 3215 Dionysii
704 3149 759 3199 et
789 3144 1064 3201 sociorum
1097 3149 1218 3215 ejus
1256 3146 1312 3199 in
1354 3146 1472 3201 aede
1521 3148 1951 3219 Sandionysiana
1982 3150 2075 3204 ad-

426 3232 530 3289 fuit
581 3246 727 3293 anno
780 3231 934 3287 1053.
984 3233 1151 3289 Sacro
1203 3232 1442 3303 Philippi
1486 3235 1507 3288 l
1556 3236 1701 3305 regis
1749 3251 1892 3292 anno
1938 3237 2074 3292 1059

428 3319 698 3388 interfuit,
750 3321 1056 3391 eodemque
1104 3322 1318 3392 synodo
1375 3323 1655 3391 Romanae,
1707 3325 1802 3379 ubi
1849 3326 2072 3382 definita

426 3410 651 3483 querela
699 3411 1091 3467 monachorum
1140 3412 1324 3467 Sancti
1363 3411 1544 3467 Albini
1584 3414 1846 3470 adversus
1875 3415 2073 3472 Vindo-

426 3501 701 3569 cinenses,
752 3514 862 3556 uno
910 3515 978 3557 ex
1016 3500 1241 3557 arbitris
1277 3501 1538 3557 Galterio.
1588 3504 1925 3573 Subscripsit
1981 3506 2073 3561 di-

426 3590 652 3661 plomati
704 3590 927 3647 Henrici
983 3592 1004 3645 1
1064 3592 1210 3661 regis
1266 3605 1367 3660 pro
1426 3593 1826 3649 restauratione
1887 3594 2070 3649 Sancti

425 3680 641 3736 Martini
664 3694 694 3736 a
724 3680 942 3750 Campis
970 3693 1114 3735 anno
1142 3679 1296 3733 1060.
1329 3681 1662 3736 Memoratur
1690 3682 1746 3737 in
1778 3685 2072 3753 praeceptis

425 3769 664 3840 Philippi
711 3770 856 3840 regis
894 3783 983 3825 an.
1026 3769 1158 3823 1064
1205 3783 1306 3838 pro
1355 3769 1640 3825 monachis
1686 3773 1870 3827 Sancti
1925 3773 2070 3828 Petri

424 3859 777 3924 Senonensis,
832 3863 887 3913 et
949 3856 1084 3912 1066
1141 3871 1240 3927 pro
1299 3858 1556 3913 coenobio
1613 3862 1797 3916 Sancti
1843 3861 2066 3917 Nicasii.

422 3946 677 4002 Interfuit
724 3947 1061 4002 dedicationi
1115 3946 1364 4002 ecclesia:
1412 3949 1596 4003 Sancti
1655 3951 1870 4005 Martini
1920 3952 2072 4007 Cam-

423 4035 629 4104 pensis,
671 4041 727 4090 et
775 4036 1103 4105 subscripsit
1149 4036 1435 4104 diplomati
1484 4037 1720 4108 Philippi
1775 4041 1921 4111 regis
1968 4055 2068 4110 pro

425 4122 616 4180 eadem
664 4122 897 4179 ecclesia
928 4136 1071 4178 anno
1106 4123 1279 4189 1067;
1333 4124 1640 4195 eodemque
1686 4142 1831 4183 anno
1871 4129 2072 4185 litteris

424 4212 669 4283 ejusdem
703 4211 896 4267 Villani
937 4211 1006 4267 de
1054 4211 1103 4266 la
1151 4211 1500 4281 Chapelaude
1547 4216 1602 4269 S.
1654 4216 1914 4286 Dionysio
1965 4219 2069 4273 do-

2154 3063 2401 3134 Sigillum
2460 3077 2682 3134 quoque
2739 3065 2996 3134 apposuit
3060 3079 3216 3119 suum
3275 3065 3479 3121 chartae
3546 3068 3802 3123 Richeris

2152 3152 2556 3223 archiepiscopi
2631 3155 2965 3210 Senonensis
3038 3154 3324 3210 ecclesiam
3398 3155 3583 3210 Sancti
3646 3156 3799 3209 Baldi

2155 3242 2487 3297 monasterio
2535 3244 2717 3298 Sancti
2766 3244 2999 3315 Remigii
3031 3243 3272 3313 ejusdem
3307 3243 3456 3298 urbis
3487 3245 3805 3300 conceden-

2155 3329 2225 3384 tis
2255 3343 2398 3385 anno
2429 3346 2558 3385 χχιιι
2590 3331 2829 3401 Philippi
2860 3332 3025 3402 regis.
3065 3331 3289 3387 Calterii
3338 3332 3523 3387 obitus
3576 3339 3804 3388 notatur

2154 3434 2246 3472 xrv
2275 3418 2546 3474 Kalendas
2591 3421 2913 3475 Novembris
2960 3421 3089 3475 anni
3129 3418 3264 3473 1082
3315 3420 3368 3474 in
3417 3421 3695 3477 Chronico
3736 3426 3793 3477 S.

2154 3508 2299 3561 Petri
2347 3508 2480 3563 Vivi.
2532 3511 2589 3563 1n
2630 3510 2957 3580 Necrologio
3015 3509 3277 3565 Meldensi
3336 3518 3801 3567 commemoratur

2152 3596 2258 3652 hoc
2288 3597 2499 3653 modo:
2550 3614 2603 3653 1x
2650 3597 2924 3653 Kalendas
2978 3599 3291 3655 Novembris
3346 3601 3473 3655 obiit
3530 3601 3798 3657 Galterius

2152 3685 2376 3756 Saveyr,
2434 3685 2718 3741 Meldensis
2771 3688 3062 3758 episcopus,
3122 3688 3212 3759 qui
3256 3688 3397 3743 dedit
3444 3688 3679 3745 ecclesia:
3730 3695 3796 3747 Β.

2152 3774 2405 3844 Stephani
2451 3775 2721 3830 ecclesiam
2768 3777 2831 3832 S.
2863 3777 3104 3833 Martini.
3152 3776 3409 3832 Fulcoius
3447 3778 3611 3833 habet
3650 3781 3797 3836 diem

2152 3861 2223 3916 2O
2258 3864 2512 3939 Octobris
2555 3866 2609 3919 in
2657 3864 2829 3921 hocce
2877 3865 3181 3934 epitaphio,
3214 3866 3307 3921 ubi
3344 3867 3621 3936 sepultura
3662 3870 3799 3925 dicit

2154 3953 2207 4007 in
2244 3952 2475 4009 ecclesia
2507 3954 2714 4023 Majori,
2755 3968 2917 4024 quam
2957 3955 3026 4010 de
3056 3968 3198 4010 novo
3227 3963 3650 4012 construxerat:

2153 4131 2254 4185 Hic
2277 4130 2396 4201 pius
2425 4132 2640 4187 antistes
2666 4133 2798 4188 sitas
2826 4138 2901 4188 est
2931 4131 3194 4200 Galterus,
3222 4132 3437 4190 honesta

2225 4220 2321 4274 Cui
2349 4219 2529 4275 domus
2557 4221 2668 4275 hac
2695 4227 2860 4276 mater
2886 4237 3182 4294 sponsoque
3208 4222 3361 4279 salva
3386 4225 3507 4295 fixit.

423 4308 603 4359 natam
652 4301 1049 4358 conﬁrmantis.
1101 4303 1161 4357 In
1204 4301 1444 4358 concilio
1495 4304 1883 4374 Burdegalensi
1922 4320 2066 4362 anno
2088 4293 2129 4352 Ο
2153 4308 2322 4374 Quam
2349 4323 2406 4363 re
2430 4311 2677 4380 pwniteat
2707 4315 2756 4365 te
2785 4310 2982 4366 claram
3011 4293 3133 4367 vota
3159 4293 3439 4367 secundum

432 4390 568 4446 1068
605 4392 764 4447 lectae
802 4397 930 4447 sunt
960 4393 1079 4461 ejus
1122 4390 1324 4447 litterae
1355 4392 1555 4461 quibus
1602 4394 1905 4450 testabatur
1933 4409 2067 4451 cau-

424 4496 537 4537 sam
570 4480 639 4536 de
687 4480 825 4536 cella
871 4480 1214 4536 Credonensi
1263 4481 1318 4535 in
1349 4481 1561 4550 synodo
1592 4483 1835 4539 Romana
1873 4499 2070 4540 secun-

426 4569 554 4626 dum
579 4569 1023 4625 Vendocinenses
1053 4569 1318 4625 adversus
1346 4570 1646 4626 monachos
1674 4573 1855 4628 Sancti
1886 4573 2066 4629 Albini

425 4673 455 4715 a
502 4657 727 4714 Nicolao
778 4672 916 4727 papa
960 4656 1128 4714 fuisse
1159 4657 1458 4714 definitam.
1501 4660 1844 4717 Dedicationi
1883 4663 2066 4719 Sancti

425 4747 670 4815 Quintini
707 4746 1109 4803 Bellovacensis
1154 4748 1328 4802 astitit
1356 4762 1500 4805 anno
1539 4749 1691 4804 1069.
1732 4751 2069 4822 Subscripsit

423 4838 790 4894 instrumento
835 4834 1078 4892 Gaufridi
1134 4836 1460 4894 Parisiensis
1518 4839 1766 4910 episcopi
1806 4855 1906 4910 pro
1953 4855 2041 4898 mo

424 4925 617 4983 nachis
662 4926 716 4980 S.
748 4924 998 4979 Germani
1046 4938 1076 4979 a
1128 4926 1301 4980 Pratis
1353 4940 1497 4982 anno
1552 4926 1723 4994 1070;
1780 4928 2065 4998 diplomati

2220 4399 2344 4453 Rem
2369 4398 2691 4468 pretiumque
2720 4398 2833 4454 tulit
2872 4399 3165 4470 glori/iouia
3195 4401 3326 4455 viro.

2150 4486 2276 4541 Cum
2299 4486 2366 4540 sit
2397 4486 2555 4551 iners,
2587 4486 2785 4543 inculta
2812 4486 2985 4553 simul,
3018 4503 3129 4542 curn
3170 4489 3310 4543 nuda
3342 4496 3577 4553 venusta,

2220 4574 2392 4643 Erigit
2421 4575 2556 4630 hanc
2584 4576 2829 4646 quantum
2859 4590 3095 4647 corpore,
3125 4583 3292 4632 mente
3318 4582 3506 4648 potest.

2149 4664 2303 4719 Hanc
2330 4669 2507 4731 novat,
2540 4665 2676 4720 hanc
2704 4671 2876 4731 ornat,
2901 4665 3141 4737 cultuque
3169 4669 3417 4736 reformat
3447 4674 3497 4722 et
3527 4675 3664 4729 arte.

2221 4754 2374 4808 Hane
2398 4755 2526 4823 facit
2552 4752 2847 4820 ecclesiam,
2877 4754 3053 4809 diruta
3080 4757 3224 4823 facta
3246 4756 3414 4826 prius.

2150 4841 2389 4898 Octobris
2417 4842 2496 4896 bis
2525 4843 2660 4897 dena
2688 4843 2800 4898 dies
2835 4843 2938 4913 fuit
2964 4845 3138 4899 exitus
3170 4844 3282 4913 ejus
3313 4865 3328 4897 :

2222 4932 2413 4987 Maesta
2452 4931 2584 4997 dies,
2618 4931 2789 5000 qualis
2816 4947 2920 4987 non
2947 4933 3044 5001 fuit
3076 4938 3197 4989 ante
3224 4934 3353 4988 suis.

1814 5217 2333 5254 ...η-ψ...
