4122 6184
343 283 478 340 1213

976 289 1330 348 ALPHANUS
1367 292 1877 349 SALERNITANUS
1914 294 2229 352 ARCHIEP.
2270 326 2341 337 —
2378 297 2645 353 NOTITIA
2682 297 3056 354 HISTORICA.

3569 301 3704 357 I214

342 418 3696 447 ________________________________________________

1302 534 1981 643 GALTERII
2040 537 2747 645 EPISTOLA

959 705 1062 762 AD
1106 704 1781 767 BARTHOLOMEUM
1827 708 2358 768 TUBONENSEM
2398 709 3086 772 ARCHIEPISCOPUM

484 838 578 900 De
607 839 773 902 cella
813 838 1212 904 Credonensi
1242 841 1313 905 in
1343 842 1624 906 concilio
1664 844 1958 908 Romano
1994 842 2109 908 sub
2156 844 2430 909 Nicolao
2460 866 2641 929 papa
2688 846 3259 913 Vindocinensibus
3296 859 3563 914 asserta.

1481 984 1701 1055 (MANSI,
1742 984 1964 1053 0011011.,
1998 991 2038 1041 t.
2080 987 2216 1053 XIX,
2249 987 2356 1042 col.
2390 986 2546 1057 901.)

1814 1107 2212 1120 _

402 1179 463 1233 Β.
503 1178 808 1234 Turoneusi
845 1178 1286 1250 archiepiscopo,
1330 1181 1390 1235 Ε.
1432 1180 1808 1251 Andegavensi
1847 1182 2396 1251 epi-ANivernensi,
2447 1190 2502 1241 et
2548 1185 2968 1253 Cenomanensi,
3009 1194 3174 1259 atque
3227 1188 3479 1245 Aretensi
3528 1193 3585 1244 et
3622 1189 3709 1244 Li-

330 1281 521 1338 scopo,
565 1272 621 1323 et
649 1268 836 1324 comiti
865 1271 1148 1325 GAUFRIDO
1179 1271 1339 1325 Huco
1370 1270 1724 1327 Nivernensis
1754 1271 1977 1342 episco-

333 1371 434 1427 pus
464 1357 764 1428 unicuique
804 1365 1087 1428 perpetuaa
1125 1358 1405 1415 felicitatis
1436 1373 1655 1416 munus.

402 1446 689 1503 Praeterito
720 1461 864 1503 anno
894 1448 1021 1503 dum
1053 1450 1242 1504 Romae
1273 1450 1328 1504 in
1359 1456 1547 1506 sancta
1576 1450 1792 1521 synodo
1822 1464 1975 1506 esse-

331 1549 469 1603 mus,
511 1535 831 1592 dubitabilis
860 1537 1085 1606 querela
1123 1538 1191 1593 ad
1231 1552 1393 1594 aures
1424 1553 1578 1609 papae
1616 1541 1682 1596 N.
1721 1539 1871 1595 venit
1909 1540 1977 1595 de

334 1624 566 1695 quadam
628 1626 862 1681 ecclesia
919 1628 974 1681 S.
1016 1628 1314 1683 Clementis
1371 1628 1757 1696 Credonensis,
1815 1643 1977 1699 quam

328 1720 533 1770 sanctae
572 1714 855 1770 Trinitatis
893 1715 1317 1773 Vindocinensis
1354 1717 1616 1774 Ecclesia:
1663 1716 1880 1786 fratres,
1922 1725 1977 1774 et

329 1804 381 1859 S.
439 1803 621 1859 Albini
679 1804 933 1860 monachi
1000 1806 1232 1862 invicem
1311 1808 1750 1877 proponentibus
1814 1808 1976 1863 nobis

329 1892 703 1948 ostenderant.
737 1894 880 1963 Papa
910 1908 1060 1961 vero,
1105 1894 1355 1965 pluribus
1412 1897 1679 1964 intentus,
1711 1897 1818 1953 hoc
1856 1898 1973 1952 Me-

330 1982 468 2037 tensi
526 1983 792 2053 episcopo
838 1990 1003 2055 atque
1062 1985 1393 2053 Tricassino,
1438 2000 1539 2042 nec
1596 2000 1707 2043 non
1747 1993 1802 2043 et
1840 1986 1971 2042 mihi

2061 1272 2296 1328 minensi
2323 1286 2572 1330 seorsum
2603 1275 2861 1332 euntibus
2919 1276 3167 1347 indagari
3219 1277 3406 1346 jussit,
3466 1276 3555 1333 cui
3614 1290 3707 1331 su-

2061 1362 2308 1431 pradicta
2355 1364 2656 1419 secundum
2703 1366 2794 1434 jus
2845 1366 3247 1421 concederetur
3293 1365 3547 1421 ecclesia.
3596 1366 3708 1420 Nos

2059 1465 2189 1507 vero
2229 1457 2289 1507 ut
2326 1453 2394 1508 ab
2453 1453 2700 1523 utrisque
2740 1454 3024 1510 monachis
3078 1454 3402 1520 audivimus,
3462 1453 3702 1524 idipsum

2061 1554 2217 1610 papae
2258 1541 2564 1596 retulimus.
2599 1544 2719 1612 lpse
2764 1557 2894 1599 vero
2948 1543 3002 1597 in
3062 1543 3305 1612 plenaria
3345 1542 3556 1612 synodo
3618 1556 3706 1598 su-

2059 1630 2361 1699 pradictam
2420 1631 2705 1686 ecclesiam
2762 1634 2816 1687 S.
2876 1632 3160 1687 Trinitatis
3216 1631 3471 1687 coenobio
3523 1630 3705 1687 vindi-

2060 1719 2220 1783 cavit,
2253 1720 2512 1788 quoniam
2554 1720 2660 1775 hoc
2706 1721 3070 1789 judicavimus
3126 1720 3273 1790 quod
3313 1733 3474 1774 nemo
3526 1717 3701 1774 fevum

2058 1808 2206 1877 quod
2239 1815 2389 1863 tenet
2418 1809 2486 1863 ab
2516 1808 2702 1878 aliquo
2748 1816 2930 1879 potest
2968 1809 3248 1863 dimittere
3297 1808 3569 1873 ecclesia},
3603 1821 3704 1863 nec

2055 1895 2220 1951 alicui
2260 1895 2363 1951 nisi
2419 1910 2518 1967 per
2573 1903 2935 1953 commeatum
2976 1897 3123 1952 illius
3178 1910 3207 1951 a
3238 1909 3349 1966 quo
3389 1895 3697 1952 descendit.

2058 1986 2267 2042 Valete.

1628 2341 1801 2385 ANNO
1842 2342 2075 2386 DOMINI
2114 2343 2397 2387 MLXXXV.

1512 2489 2524 2670 ALPHANUS

637 2772 1849 2918 SALERNITANUS
1954 2773 3384 2980 ARCHIEPISCOPUS.

1460 3101 1910 3189 NOTITIA
1965 3101 2551 3190 HISTORICA

1427 3266 1708 3335 (UGBBLLI,
1741 3263 1901 3321 Italia
1931 3279 2110 3332 sacra,
2154 3271 2194 3320 t.
2226 3266 2339 3329 Vll,
2371 3281 2422 3336 p.
2458 3264 2604 3329 380.)

391 3500 690 3571 Alphanus,
720 3498 1076 3571 Salernitanaa
1118 3499 1377 3571 Ecclesia:
1408 3506 1463 3555 et
1493 3499 1646 3555 urbis
1683 3499 1961 3571 egregium
1981 3503 2029 3560 B
2052 3515 2159 3570 que
2189 3500 2291 3555 viri
2321 3514 2384 3555 ac
2424 3498 2613 3555 clerici
2646 3498 3017 3569 frequentare,
3047 3515 3282 3571 eumque
3311 3502 3385 3557 ob
3414 3502 3698 3558 maximam

320 3570 721 3637 ornamentum,
764 3570 1083 3643 parentibus
1121 3570 1478 3643 nobilissimis
1516 3577 1696 3643 natus,
1731 3571 1799 3624 ab
1830 3570 1965 3640 ipsis
2050 3571 2555 3643 ejusprudentiam
2586 3571 2849 3643 decenter
2877 3571 3151 3637 excolere,
3186 3570 3532 3642 propositum
3571 3575 3697 3629 Hie-

319 3643 672 3700 incunabulis
727 3643 816 3712 pie
875 3641 1172 3707 educatus,
1234 3649 1289 3698 et
1327 3642 1383 3696 in
1431 3642 1729 3711 Scripturis
1759 3642 1968 3696 sanctis
2050 3641 2455 3713 rosolymitanze
2495 3642 2598 3698 viae
2645 3642 2905 3712 paulatim
2952 3641 3209 3712 coepisset
3252 3641 3308 3698 in
3361 3645 3481 3713 ejus
3518 3650 3701 3700 mente

319 3715 571 3773 eruditus
598 3714 848 3785 insignis,
881 3713 1044 3769 evasit
1089 3713 1288 3769 doctus
1317 3713 1572 3785 clericus,
1614 3719 1669 3767 et
1707 3713 1967 3768 ecclesia-
2051 3724 2356 3784 tepescere,
2398 3728 2569 3784 seque
2608 3728 2637 3769 a
2678 3713 2945 3769 Desiderii
3002 3714 3171 3769 latere
3238 3714 3391 3770 nullo
3457 3729 3696 3785 unquam

320 3789 581 3843 sticarum
610 3799 791 3841 rerum
832 3786 1065 3854 peritus,
1098 3785 1339 3839 carmine
1390 3791 1446 3839 et
1491 3784 1669 3840 soluta
1717 3785 1967 3840 oratione
2051 3786 2236 3849 modo,
2287 3785 2439 3841 nullo
2479 3799 2717 3855 unquam
2758 3792 3007 3854 tempore
3054 3794 3264 3841 asseret
3301 3785 3440 3841 velle
3490 3784 3700 3842 divide-

322 3858 575 3922 illustris,
645 3857 964 3912 monasticis
1028 3856 1361 3921 institutum,
1430 3855 1684 3925 deposito
1746 3856 1967 3926 cingulo
2052 3873 2131 3922 re,
2191 3862 2409 3925 tempus
2446 3858 2514 3911 ab
2570 3857 2652 3912 eis
2706 3856 3044 3926 aliquantum
3104 3857 3249 3926 apud
3308 3858 3699 3913 monasterium

323 3930 597 3986 clericalis
626 3928 857 3994 militiae,
890 3927 1219 3999 adhortante
1250 3926 1557 3992 Desiderio,
1590 3927 1684 3996 qui
1718 3935 1967 3999 postmog
2051 3933 2105 3985 S.
2139 3929 2360 3997 Sophim
2400 3935 2650 3984 exactum
2689 3935 2791 3983 est.
2832 3930 2964 3983 Cum
3014 3942 3144 3983 ecce
3192 3927 3332 3983 fama
3382 3930 3700 3999 percrebuit

323 4000 451 4057 dum
485 4001 669 4055 Victor
697 4001 841 4069 Papa
873 4000 941 4054 lll
981 3997 1104 4066 fuit,
1156 3999 1302 4054 circa
1342 4012 1541 4053 annum
1583 3999 1795 4054 Domini
1836 3997 1971 4051 1056
2052 4001 2328 4055 Victorem
2368 4014 2560 4070 papam
2591 4000 2659 4055 ab
2705 3999 3124 4055 ultramontanis
3172 3997 3424 4069 partibus
3470 4002 3696 4057 Romam

325 4072 469 4128 ultro
535 4072 854 4140 complexus
914 4075 998 4142 est
1062 4070 1116 4125 in
1184 4070 1465 4126 Casinensi
1531 4070 1821 4142 ctenobio,
1867 4083 1969 4125 nec
2050 4072 2286 4137 venisse,
2307 4086 2541 4142 eumque
2562 4071 2630 4127 ad
2665 4078 2849 4142 partes
2880 4072 3016 4127 istas
3045 4072 3100 4126 in
3134 4073 3384 4142 proximo
3414 4078 3700 4128 venturum

326 4144 497 4199 multo
537 4149 663 4212 post
718 4156 749 4197 a
787 4140 993 4198 Gisulfo
1044 4142 1295 4212 principe
1349 4141 1747 4211 expostulatus,
1789 4142 1967 4214 primo
2050 4143 2188 4199 fore.
2254 4140 2500 4199 Territus
2563 4140 2860 4214 Alphanus
2900 4140 3215 4211 hujusmodi
3276 4144 3491 4211 nuntio’,
3552 4143 3700 4214 quod

324 4216 468 4285 apud
508 4214 1140 4285 Salernummonasterii
1189 4216 1244 4269 ὃ.
1295 4214 1577 4270 Benedicti
1623 4214 1794 4269 abbas
1832 4213 1967 4268 eife—
2051 4214 2247 4270 fratres
2319 4229 2451 4270 suos
2514 4213 3027 4285 supertGuaimarii
3087 4216 3356 4284 principis
3422 4215 3702 4270 occisione

325 4283 465 4351 ctus,
498 4286 699 4342 deinde
730 4284 1104 4341 Salernitanus
1152 4286 1602 4355 archiepiscopus
1658 4292 1895 4350 creatus,
1937 4299 1968 4339 a
2052 4285 2451 4341 insimulandos
2525 4283 2717 4353 procul
2793 4283 2963 4338 dubio
3038 4283 3699 4354 nosset,’praaoccupare

325 4358 603 4427 Stephano
646 4358 713 4427 IX
752 4370 890 4425 papa
944 4356 1252 4420 ordinatus,
1295 4357 1732 4413 consecrationis
1771 4369 1968 4410 munus
2051 4357 2244 4411 statuit
2274 4355 2657 4424 apostolicum,
2700 4366 2999 4427 secumque
3058 4355 3136 4408 ire
3196 4362 3317 4409 orat
3344 4355 3703 4427 suppliciter

324 4424 538 4498 accepit
568 4442 658 4483 an.
698 4424 851 4481 1058’.
886 4428 1016 4495 Ejus
1063 4427 1383 4496 primordia,
1435 4428 1754 4482 monasticae
1803 4426 1969 4481 disci-
2052 4427 2411 4498 Desiderium.
2474 4427 2538 4481 Et
2576 4424 3074 4498 quoniamtmiram
3126 4424 3380 4480 cantandi
3424 4426 3697 4498 peritiam,
3771 4458 3779 4465 ο

327 4495 491 4570 ι)ιίηὼ
553 4513 913 4570 progressus,
974 4505 1029 4570 et
1068 4495 1453 4570 ordinationis
1508 4504 1724 4570 tempus
1760 4502 1965 4570 notum
2052 4505 2108 4553 et
2146 4496 2610 4570 medicinaeartis
2642 4495 2948 4570 scientiam
3008 4508 3116 4570 non
3166 4510 3381 4564 parvam
3442 4497 3697 4570 habebat,

326 4566 511 4628 reddit
536 4566 741 4627 Chron.
773 4571 956 4625 Casin.
990 4569 1087 4623 lib.
1120 4570 1211 4636 lll,
1245 4582 1295 4623 c.
1327 4568 1384 4634 7,
1426 4568 1481 4622 in
1514 4568 1632 4623 haec
1660 4568 1865 4622 verba:
2051 4568 2295 4638 ejusdem
2361 4568 2497 4623 artis
2552 4567 2776 4624 codices
2836 4566 3131 4623 nonnullos
3184 4581 3369 4623 secum
3436 4582 3466 4622 a
3532 4568 3696 4625 domo

400 4661 426 4691 «
460 4642 775 4698 Desiderius
805 4640 876 4696 ob
927 4641 1146 4695 nimiam
1204 4638 1612 4704 abstinentiam,
1660 4638 1968 4709 multasque
2051 4637 2344 4704 detulerat,
2403 4640 2583 4709 magni
2642 4637 2849 4706 aliquid
2908 4652 2968 4693 se
3024 4637 3334 4694 habendum
3392 4640 3446 4695 in
3504 4641 3700 4696 summi

327 4713 561 4785 vigilias,
603 4715 658 4768 in
716 4712 1033 4785 languorem
1082 4725 1190 4767 non
1233 4711 1524 4785 modicum
1554 4709 1820 4785 decidens
1856 4724 1968 4785 me-
2054 4711 2330 4785 pontiﬁcis
2402 4712 2553 4766 curia
2604 4709 2960 4785 omnimodis
3033 4709 3363 4785 conﬁdebat.
3424 4710 3703 4768 Confectis

328 4780 494 4885 dgndi
549 4785 725 4885 gratia
781 4784 1062 4885 Salerntim
1117 4783 1412 4885 Aplett'exit;
1474 4780 1565 4865 ubi
1624 4781 1807 4885 itaque
1840 4781 1967 4885 Aillo
1992 4824 2035 4885 α
2056 4780 2224 4854 igitur
2252 4791 2418 4866 atque
2446 4781 2648 4885 aptatis
2676 4781 3158 4885 quotquothpotuit
3189 4782 3699 4885 meditamentibus,

328 4851 647 4927 aliquandiu
714 4862 1046 4920 remorante,
1109 4851 1417 4927 Alphanus,
1446 4852 1554 4927 qui
1605 4852 1968 4927 postmodum
1992 4851 2165 4910 “una
2200 4851 2597 4927 cum’civitatjs
2634 4851 2809 4927 ipsius
2846 4851 3267 4927 archiepiscopo
3296 4854 3365 4910 ad
3396 4856 3701 4927 Romanum

327 4922 576 4999 ejusdem
641 4922 1189 4999 archiepiscopatum
1251 4922 1492 4999 civitatis
1552 4924 1785 4999 adeptus
1848 4930 1971 4992 est,
2057 4924 2371 4999 pontiﬁcem
2435 4924 2491 4979 in
2530 4922 2779 4979 Tusciam
2827 4922 3216 4999 proﬁciscitur,
3270 4939 3530 4999 eumque;
3557 4926 3702 4997 apud

331 4995 801 5082 prudentissimus.
830 4995 886 5054 et
927 4995 1303 5082 nobilissimus
1329 4995 1975 5082 clericus,tmaximanest

330 5066 409 5126 illi
475 5070 843 5126 familiaritate
907 5071 1256 5139 conjunctus.
1324 5069 1491 5138 Cujus
1555 5068 1793 5139 animum
1858 5066 1973 5123 fre-

330 5142 629 5211 quentibus
666 5142 892 5197 monitis
920 5141 988 5197 ad
1016 5138 1207 5197 mundi
1251 5144 1625 5211 contemptum
1654 5138 1971 5211 exhortans,

331 5210 413 5269 sic
469 5213 689 5269 tandem
749 5212 818 5267 ab
873 5212 972 5268 illo
1028 5213 1230 5283 exegit,
1270 5218 1332 5268 ut
1361 5210 1664 5268 monachus
1713 5210 1899 5283 ﬂeret,
1929 5211 1975 5267 si

332 5285 507 5354 prius,
541 5290 603 5341 ut
626 5286 736 5355 jam
768 5283 972 5355 dudum
1004 5282 1204 5355 mente
1257 5289 1609 5355 conceperat,
1652 5282 1976 5339 Hierosolo-

332 5352 473 5412 mam
502 5356 584 5413 ire
614 5352 913 5425 permissus
940 5352 1154 5411 fuisset.
1194 5355 1306 5411 Hac
1343 5352 1488 5411 inter
1526 5354 1652 5411 illos
1678 5355 1977 5425 sponsione

331 5426 562 5495 ﬁrmata,
602 5425 971 5484 Beneventum
1009 5439 1261 5482 reversus
1298 5425 1617 5483 Desiderius
1663 5432 1767 5493 est,
1809 5432 1976 5495 atque

334 5504 460 5569 post
480 5512 592 5555 non
614 5499 818 5556 multos
846 5498 966 5555 dies
986 5498 1205 5554 mandat
1233 5497 1441 5569 eisdem
1463 5498 1712 5568 Alphano
1742 5502 1802 5553 ut
1829 5497 1898 5553 ad
1917 5510 1976 5569 se

334 5567 535 5627 veniat.
566 5571 699 5628 Cum
737 5583 869 5627 vero
917 5569 1214 5641 coepissent
1266 5567 1574 5640 Alphanum
1614 5569 1829 5627 nobiles
1857 5567 1979 5640 qui-

2057 4997 2385 5053 Florentiam
2433 5000 2801 5068 remorantem
2848 4996 3151 5068 reperiunt.
3205 4999 3263 5052 In
3315 4996 3467 5053 brevi
3517 4996 3702 5068 itaque

2056 5068 2339 5125 maximam
2379 5067 2523 5138 apud
2553 5066 2708 5123 illum
2746 5065 3167 5139 familiaritatem
3217 5068 3426 5139 adepti,
3478 5072 3533 5124 et
3570 5065 3705 5139 satis

2057 5140 2360 5220 honoriﬁce
2392 5139 2564 5195 habiti
2592 5142 2753 5220 sunt._
2776 5138 2882 5195 Sed
2908 5140 3168 5220 cum‘jatn
3199 5139 3279 5220 ibi
3308 5154 3409 5220 per
3436 5138 3704 5210 temporis

2058 5212 2456 5283 aliquantulum
2494 5211 2756 5283 remorati
2796 5223 2896 5283 pro
2935 5215 3089 5266 certo
3119 5211 3437 5283 Desiderius
3475 5224 3704 5281 compe-

2059 5281 2221 5368 tiséet
2287 5297 2480 5368 papam
2536 5282 2762 5368 minime
2827 5281 2897 5368 ad
2962 5286 3166 5364 partes.
3203 5282 3337 5338 istas
3391 5288 3700 5368 venturum,

2060 5352 2302 5425 insuper'
2332 5352 2495 5413 etiam
2548 5355 2690 5411 ultra
2746 5356 2963 5410 montes
3009 5352 3257 5422 proxime
3306 5352 3700 5424 profecturum,

2060 5426 2331 5508 simulque
2358 5427 2523 5508 valde
2542 5425 2956 5508 inutilemmesse
2986 5424 3274 5508 proposito
3311 5438 3414 5481 suo
3451 5424 3704 5508 conside-

2060 5511 2199 5569 rans
2241 5495 2308 5553 in
2373 5498 2614 5569 ejusdem
2648 5495 3143 5569 pontificiscuria
3208 5496 3700 5563 conversationem,

2060 5568 2229 5642 coepit
2257 5567 2587 5626 omnimodis
2640 5568 2847 5624 instare
2908 5567 3180 5639 Alphano,
3240 5573 3301 5626 ut
3334 5571 3444 5642 jam
3478 5570 3703 5641 jamque
