4106 6178
334 273 467 329 1217

1664 274 1931 333 NOTITIA
1970 281 2342 339 HISTORICA.

3557 290 3692 345 1218

327 409 504 482 Leu-as
696 395 990 482 laboratas,
1032 397 1359 482 etninculias
1409 398 1470 482 in
1503 399 1795 482 Tusciano,
1828 409 1883 457 et
1900 403 1968 482 ‘in
1990 408 2391 478 Ainquirentis
2420 406 3025 482 prudentiajudicabit.
3069 411 3245 482 »_Hoc
3284 419 3529 482 tempore
3560 415 3699 472 cele-

326 471 487 529 Foria
540 467 776 525 civitatis
821 473 1025 523 nostra
1085 468 1294 524 Salerni
1338 470 1636 525 existentes
1673 471 1740 526 ad
1782 467 1973 530 eccle-

326 546 460 600 siam
490 543 544 599 S.
579 540 819 596 Matthai
850 539 1107 612 apostoli,
1148 548 1204 595 et
1232 541 1579 612 evangelista
1610 542 1677 597 de
1711 545 1973 612 praedicta

327 618 548 672 civitate
606 618 799 685 nostra
840 611 1073 679 Salerni,
1131 613 1188 665 in
1245 611 1646 685 qua’domnus
1694 611 1974 685 Alphanus

326 701 515 743 vener.
556 683 1010 751 archiepiscopus
1057 689 1257 751 praest
1307 685 1458 751 justo
1518 684 1699 751 titulo,
1753 683 1809 741 et
1846 702 1975 744 vero

328 756 576 815 dominio
615 755 913 825 pertinent,
948 760 1003 807 et
1040 761 1168 808 sunt
1197 755 1379 809 omnia
1408 761 1463 809 et
1490 755 1595 810 alia
1627 756 1783 825 plura
1812 760 1977 815 stabi-

330 831 403 886 lia
431 830 606 899 ipsam
626 825 1031 900 ecclesiam,_ac
1064 825 1386 900 pradicium
1417 828 1481 900 D_.
1502 827 1975 900 archiepiscopum

325 895 472 972 juste
504 906 718 972 tenere,
747 904 805 972 et
834 895 1057 972 pacifice
1102 897 1391 972 possidere
1431 895 1878 972 divinohintuitu',
1923 910 1978 958 et

325 968 556 1043 jubente
582 972 648 1043 D.
668 968 959 1043 Sicalgaita
988 970 1221 1037 conjuge
1243 976 1451 1043 nostra,
1476 969 1741 1043 pradicta
1770 974 1973 1040 omnia,

331 1039 389 1100 et
416 1042 630 1113 singula
659 1048 716 1096 et
743 1039 848 1113 alia
886 1045 1079 1093 contra
1105 1054 1232 1113 qua
1262 1040 1380 1109 ipsa
1404 1040 1650 1113 Ecclesia
1682 1039 1978 1099 rationabi-

331 1116 458 1171 liter
487 1110 639 1169 tenet
668 1119 724 1167 et
753 1110 938 1180 quiete
970 1111 1235 1178 possidet,
1258 1119 1423 1181 atque
1444 1112 1687 1168 decimas
1706 1114 1774 1168 de
1805 1117 1979 1171 omni-

330 1188 434 1243 bus
479 1183 789 1241 redditibus
837 1181 1326 1253 nostriscivitatis
1381 1189 1585 1239 nostra
1638 1185 1870 1253 Salerni,
1923 1193 1979 1243 et

332 1267 496 1314 terra
563 1254 723 1310 Ebuli
770 1253 827 1308 d.
859 1252 1120 1308 Ecclesia
1160 1256 1214 1307 8.
1266 1254 1525 1323 Matthai,
1559 1262 1613 1309 et
1652 1256 1880 1325 prafato
1911 1261 1973 1314 D.

330 1328 751 1397 archiepiscopo
799 1329 854 1379 et
901 1325 1318 1397 successoribus
1359 1330 1475 1397 suis
1512 1328 1889 1395 concedimus,
1924 1336 1979 1385 et

332 1402 388 1457 in
430 1396 755 1470 perpetuum
798 1396 1203 1470 confirmamus.
1237 1396 1391 1470 Quod
1430 1398 1477 1452 si
1510 1399 1635 1467 quis
1684 1403 1977 1456 temerario

331 1468 467 1527 ausu
498 1471 663 1539 hujus
702 1474 905 1539 nostra
936 1468 1334 1539 concessionis,
1366 1472 1421 1523 et
1459 1470 1891 1527 confirmationis
1920 1474 1977 1527 in

336 1550 489 1614 parte
518 1537 701 1614 aliqua
727 1537 971 1614 vioiator
981 1537 1273 1614 exstiterit,
1296 1540 1436 1594 sciat
1465 1554 1523 1594 se
1544 1543 1977 1611 compositurum

334 1608 449 1669 auri
482 1608 760 1683 purissimi
797 1609 892 1664 lib.
925 1608 1034 1683 A50,
1062 1610 1414 1683 medietatem
1462 1608 1703 1667 Camera
1748 1622 1975 1683 nostra,

335 1694 390 1742 et
420 1681 767 1740 medietatem
796 1681 937 1750 parti
966 1681 1141 1750 ipsius
1170 1681 1421 1737 ecclesia
1451 1682 1505 1737 S.
1547 1684 1807 1739 Matthai.
1842 1681 1977 1741 Tex-

2055 482 2171 537 bris
2199 487 2317 536 erat
2346 480 2579 535 ecclesia
2609 480 2663 534 S.
2688 479 2967 552 Michaelis
2995 480 3321 552 Archangeli
3350 479 3493 552 apud
3523 487 3703 543 Saler-

2056 566 2207 617 num,
2232 553 2387 620 cujus
2408 552 2613 606 mentio
2637 552 2691 604 in
2723 550 2961 618 quodam
2994 550 3359 609 instrumento
3381 550 3701 613 monialium

2055 624 2238 680 Sancti
2257 623 2495 692 Georgii.
2526 642 2551 671 «
2574 626 2754 685 Anno,
2782 622 2981 689 inquit,
3014 622 3165 687 1079,
3190 626 3531 693 temporibus
3551 629 3700 684 dom.

2059 694 2283 751 Boberti
2314 694 2540 764 gloriosi
2563 693 2723 764 ducis
2742 706 2843 761 ego
2878 693 3064 747 Lando
3095 695 3371 762 quondam
3408 698 3702 754 Joannis...

2056 767 2223 821 habet
2251 762 2412 821 caéus
2432 766 2682 820 humana
2704 762 3017 833 fragilitatis
3040 767 3320 834 agrotavi,
3346 773 3401 822 et
3421 769 3477 822 in
3501 771 3705 826 lectulo

2052 841 2232 908 jaceo,
2265 844 2397 901 etc.,
2433 843 2487 891 et
2518 850 2618 905 pro
2657 836 2836 908 anima
2877 848 3002 908 mea
3045 834 3236 903 judico
3268 838 3335 892 de
3375 840 3542 895 rebus
3571 842 3709 897 meis

2058 907 2113 964 in
2144 909 2377 963 ecclesia
2436 908 2619 962 Sancti
2659 907 2939 960 Michaelis
2988 908 3334 976 Archangeli,
3381 923 3504 978 qua
3536 926 3705 967 cons-

2059 988 2238 1035 tructa
2269 986 2353 1034 est
2383 981 2437 1033 in
2458 978 2847 1049 jurisdictione
2888 978 3001 1049 loci
3032 978 3124 1049 ubi
3158 979 3446 1046 padulecta
3476 983 3702 1049 dicitur,

2058 1057 2223 1106 etest
2252 1050 2369 1118 ipsa
2400 1051 2585 1115 rebus,
2620 1055 2752 1114 etc.,
2784 1048 2853 1102 ad
2903 1046 3206 1103 faciendam
3257 1064 3384 1118 pars
3420 1046 3705 1120 praedicta

2059 1122 2329 1187 ecclesia,
2391 1128 2445 1176 et
2501 1122 2620 1190 ejus
2677 1126 2926 1175 rectores
2973 1120 3241 1189 quidquid
3284 1122 3555 1178 voluerint
3584 1126 3704 1181 sine

2060 1194 2206 1249 omni
2234 1192 2695 1256 contradictione,
2732 1210 2760 1241 »
2802 1197 2910 1244 etc.
2973 1193 3242 1246 Caeterum
3273 1192 3552 1262 Alphanus
3592 1204 3705 1251 tres

2061 1272 2245 1336 partes
2275 1264 2482 1319 absidis
2512 1263 2701 1332 templi
2733 1262 2915 1336 Sancti
2946 1263 3181 1336 Matthai
3215 1278 3382 1332 opere
3413 1265 3707 1335 elegantis-

2060 1334 2221 1401 Simo,
2256 1336 2464 1391 musivo
2495 1336 2669 1401 dicto,
2703 1334 2938 1406 ornavit,
2972 1334 3025 1406 in
3059 1334 3583 1406 eoque,Cregorium
3618 1340 3706 1393 Vll

2061 1414 2214 1477 pont.
2248 1421 2413 1474 max.,
2463 1420 2626 1475 quem
2676 1404 2917 1459 exsulem
2973 1404 3214 1477 hospitio
3266 1404 3603 1476 susceperat,
3642 1424 3705 1465 ac

2060 1476 2378 1535 defunctum
2408 1478 2638 1533 solemni
2671 1489 2868 1549 pompa
2892 1476 3101 1549 tumulo
3132 1476 3540 1549 elegantissimo
3562 1480 3709 1549 (opus

2057 1550 2362 1621 splendidis.
2396 1549 2611 1603 Roberti
2656 1548 2822 1621 ducis)
2884 1546 3079 1621 clausit
3138 1561 3282 1621 anno
3346 1548 3499 1621 1085.
3551 1546 3707 1606 Hunc

2059 1617 2463 1676 sanctissimum
2512 1618 2826 1690 pontiﬁcem
2878 1617 3109 1687 elegisse
3154 1620 3280 1684 sibi,
3332 1620 3459 1675 dum
3498 1621 3709 1677 Salerni

2063 1693 2308 1763 degeret,
2341 1692 2409 1746 ad
2440 1690 2628 1746 altaris
2658 1690 3022 1763 ministerium
3053 1690 3243 1763 viginti
3273 1697 3511 1759 quatuor
3548 1706 3709 1749 cano-

337 1766 451 1813 tum
480 1757 644 1832 hujus
674 1761 890 1832 nostra,
916 1753 1315 1832 concessionis,
1337 1760 1394 1832 et
1415 1755 1851 1832 confirmationis
1879 1760 2043 1827 perB
2066 1753 2241 1830 atavos,
2275 1753 2415 1832 quos
2461 1771 2516 1818 et
2564 1762 2920 1831 presbyteros
2972 1753 3308 1832 cardinales'
3338 1776 3707 1831 nuncupasse,

337 1842 528 1884 manus
548 1826 775 1882 Joannis
804 1824 1002 1896 notarii
1038 1825 1213 1879 nostri
1241 1824 1485 1880 scribere
1519 1824 1900 1896 pracepimus,
1925 1835 1980 1885 et

335 1900 558 1971 typario
578 1904 775 1971 nostro
808 1895 1065 1971 plumbeo
1086 1895 1346 1971 roborari
1390 1895 1866 1971 annoADominica
1896 1902 1978 1955 in-

337 1967 448 2027 car.
506 1968 660 2034 1080,
724 1980 897 2022 mens.
945 1967 1165 2032 Octob.,
1235 1967 1350 2022 ind.
1412 1984 1485 2033 1v,
1528 1968 1760 2025 ducatus
1797 1980 1978 2026 autem

336 2043 511 2099 nostri
551 2054 695 2095 anno
725 2039 814 2092 20.
836 2040 977 2109 Cum
1007 2046 1188 2093 autem
1214 2039 1391 2107 ipsum
1424 2039 1764 2109 privilegium
1795 2049 1980 2098 osten-

336 2128 454 2169 sum
494 2128 557 2168 ac
594 2112 795 2167 lectum
826 2107 947 2175 fuit,
984 2110 1112 2178 quia
1158 2107 1433 2165 intererat
1462 2107 1642 2167 eidem
1673 2114 1731 2168 ι).
1766 2115 1980 2169 archie-

340 2186 566 2255 piscopo
608 2190 662 2238 et
693 2180 973 2255 pradicta
1002 2181 1407 2255 suaecclesia
1429 2183 1607 2255 ipsum
1642 2184 1978 2253 publicatum

339 2252 437 2312 seu
470 2252 806 2325 insinuatum
820 2252 1075 2325 habere,
1128 2253 1336 2325 idcirco
1394 2254 1539 2308 idem
1588 2252 1983 2325 D.archiepis-

338 2342 510 2397 copus
540 2339 715 2381 meum
748 2323 985 2397 officium
1019 2323 1490 2397 implorandome
1531 2323 1980 2397 deprecatus‘est

340 2394 611 2468 quatenus
666 2397 843 2465 ipsum
892 2394 1235 2468 privilegium
1267 2394 1656 2462 publicandum
1695 2411 1792 2451 seu
1849 2399 1982 2452 insi-

341 2466 617 2526 nuandum
648 2467 1030 2529 admitterem;
1064 2466 1228 2537 cujus
1267 2479 1369 2533 ego
1418 2468 1673 2534 precibus
1709 2481 1978 2537 annuens,

343 2543 471 2611 quia
519 2555 612 2596 eas
660 2539 770 2593 vidi
811 2543 1061 2611 consent;
1131 2535 1353 2611 rationi,
1389 2537 1569 2611 ipsum
1640 2535 1979 2609 privilegium

342 2606 753 2682 publicandum,
774 2623 890 2682 seu
923 2607 1307 2682 i_nsinu_andum
1339 2606 1534 2682 admisi
1564 2606 1736 2682 totum
1771 2606 1869 2680 per
1897 2626 1983 2666 or-
2030 2618 2035 2625 ‘

341 2678 525 2739 dinem
556 2683 625 2738 de
671 2681 840 2736 verbo
886 2678 957 2733 ad
1003 2679 1249 2743 verbum,
1299 2679 1450 2735 nullo
1482 2680 1534 2734 in
1566 2694 1632 2735 eo
1671 2678 1858 2737 addito
1898 2683 1980 2737 vel

344 2763 573 2820 mutato,
625 2768 724 2822 per
753 2764 945 2806 manus
976 2750 1244 2822 pradictir
1269 2750 1503 2820 Philippi
1538 2752 1741 2821 publici
1771 2754 1981 2808 Salerni

341 2834 458 2882 not.
484 2828 540 2881 in
571 2821 712 2879 hanc
741 2824 1066 2890 scripturam
1099 2821 1371 2890 publicam
1398 2825 1808 2891 transumendo,
1833 2825 1981 2893 quod

341 2912 443 2967 ego
493 2892 1129 2967 pradictu_s_Phili_ppus
1176 2892 1430 2967 publicus
1476 2895 1687 2967 Salerni
1736 2892 1983 2951 notarius

340 2963 564 3038 rogatus
609 2963 830 3038 interfui
870 2964 926 3018 in
978 2963 1117 3018 hanc
1156 2964 1482 3038 scripturam
1535 2966 1808 3035 publicam
1838 2968 1983 3023 redi-

333 3035 515 3109 gendo
562 3037 780 3112 scripsi,
840 3042 895 3112 et
953 3049 1071 3089 meo
1119 3035 1284 3090 solito
1340 3036 1497 3112 signo
1557 3038 1784 3112 siginavi,
1827 3039 1974 3109 quod
1999 3088 2038 3112 η

332 3089 514 3179 ἕὖῇἶηῖ
544 3089 798 3178 εἷρὸἶίυέ
826 3089 1202 3179 desturpatum
1242 3089 1326 3161 est
1355 3089 1579 3177 le’git‘urir
1591 3089 1810 3165 dilecta
1833 3089 1976 3165 con:
1998 3089 2041 3149 (ἶ

326 3178 495 3251 jugis.
528 3182 704 3236 Locus
730 3178 893 3248 signi.

408 3248 436 3304 ἱ(
476 3253 589 3320 Ego
619 3251 714 3320 qui
744 3263 910 3317 supra
939 3248 1226 3320 Matthaus
1249 3248 1439 3317 judex.

406 3342 432 3374 ‹‹
474 3319 587 3392 Ego
620 3319 919 3392 pradictus
946 3319 1233 3375 Matthaus
1263 3320 1330 3375 de
1361 3320 1619 3376 Silicibus
1649 3322 1806 3379 testis
1834 3337 1974 3379 sum.

405 3412 433 3443 «
474 3394 587 3459 Ego
618 3392 919 3463 pradictus
956 3392 1204 3446 notarius
1230 3392 1468 3446 Jacobus
1499 3393 1654 3448 testis
1684 3409 1824 3450 sum.

402 3480 431 3520 ι(
472 3467 586 3535 Ego
646 3463 946 3534 pradictus
986 3463 1250 3517 notarius
1293 3464 1532 3519 Joannes
1588 3467 1771 3520 Scant.
1824 3467 1981 3521 testis

329 3550 470 3592 sum.
518 3557 542 3585 ))

404 3605 645 3663 Prasule
673 3604 924 3675 Alphano
954 3604 1169 3674 insigne
1197 3603 1516 3660 miraculum
1558 3606 1614 3661 in
1645 3608 1979 3663 monasterio

337 3679 517 3736 Sancti
550 3677 829 3733 Benedicti
860 3675 1485 3749 apudSalernumianno
1520 3675 1654 3730 1078
1685 3680 1981 3749 contigisse

337 3759 524 3806 narrat
540 3750 743 3805 Chron.
776 3748 958 3803 Casin.
984 3747 1078 3801 lib.
1104 3762 1164 3801 III
1189 3766 1200 3800 :
1240 3764 1267 3796 ‹‹
1286 3748 1446 3819 iTunc
1470 3750 1756 3818 temporis,
1778 3747 1978 3819 inquit,

342 3824 398 3878 in
428 3821 761 3878 monasterio
807 3821 866 3874 B.
899 3819 1076 3874 Patris
1123 3817 1297 3873 nostri
1328 3819 1628 3884 Benedicti,
1661 3822 1809 3890 quod
1840 3817 1984 3876 intra

342 3894 698 3949 Salernitana
754 3890 909 3946 urbis
946 3890 1146 3945 mania
1202 3895 1575 3945 constructum
1617 3900 1721 3958 est,
1763 3900 1818 3947 et
1856 3892 1985 3948 huic

342 3964 624 4021 Casinensi
655 3962 911 4019 coenobio
949 3961 1018 4016 ab
1058 3962 1179 4030 ipso
1211 3962 1642 4017 constructionis
1672 3978 1787 4019 sua
1817 3978 1983 4019 exor-

344 4038 437 4093 dio
467 4035 768 4100 subditum,
818 4033 952 4088 satis
998 4032 1569 4105 insignemiraculum
1617 4035 1867 4105 contigit.
1909 4036 1988 4090 Ex

346 4110 521 4178 ipsius
564 4119 799 4176 namque
848 4105 1167 4178 monasterii
1206 4102 1430 4178 familia,
1458 4119 1648 4178 vorax
1705 4102 1985 4162 hominum

345 4175 508 4249 lupus
538 4177 819 4249 parvulum
868 4175 1158 4246 puerulum
1201 4175 1576 4249 clandestinus
1606 4178 1861 4247 impetiit,
1894 4192 1986 4232 ra-

345 4246 464 4321 puit
494 4246 554 4307 et
577 4249 733 4316 abiit,
756 4254 881 4321 post
909 4262 1069 4317 quem
1093 4246 1351 4321 transfixa
1372 4248 1566 4321 dolore
1597 4246 1790 4315 mater,
1818 4250 1988 4304 incla-

346 4320 499 4378 mans
526 4322 604 4377 ait
637 4340 650 4376 :
686 4336 715 4375 «
743 4320 949 4388 Adjuro
980 4326 1055 4386 te,
1097 4320 1295 4383 bestia,
1328 4333 1426 4388 per
1468 4320 1685 4376 beatum
1715 4322 1986 4377 Benedic-

346 4401 479 4458 tum,
514 4394 671 4463 cujus
697 4406 887 4447 servus
918 4397 1020 4463 est,
1050 4389 1529 4463 neﬁliumimeum
1559 4394 1792 4449 ulterius
1821 4392 1984 4455 feras,

345 4466 441 4522 sed
476 4461 597 4520 eum
645 4463 747 4518 sub
795 4462 941 4517 omni
982 4461 1277 4533 celeritate
1307 4461 1567 4517 dimittas.
1613 4483 1640 4513 »
1671 4466 1786 4530 Quo
1828 4464 1991 4533 lupus

347 4537 536 4593 audito
574 4536 720 4590 hunc
768 4532 1012 4604 quidem,
1045 4545 1205 4600 quem
1254 4529 1484 4593 ferebat,
1518 4541 1710 4602 aperto
1741 4529 1995 4603 protinus

348 4623 445 4665 ore
476 4607 734 4677 deposuit
759 4625 771 4660 :
807 4605 971 4677 alium
993 4616 1123 4658 vero
1155 4616 1382 4672 puerum
1410 4606 1731 4677 repentinus
1760 4606 1991 4671 insiluit,

351 4674 584 4747 eumque
615 4677 798 4732 subito
829 4676 1427 4747 dissecans,_truncuni
1455 4674 1737 4730 cadaveris
1765 4676 1991 4746 sprevit,

352 4744 751 4822 pracisumque
781 4754 945 4816 caput
983 4745 1271 4822 mordicus
1292 4744 1583 4822 conﬁxum,
1612 4747 1667 4801 in
1696 4744 1831 4822 suas
1855 4748 1999 4822 late:

354 4816 482 4878 bras
512 4816 766 4876 concitus
792 4817 1112 4887 asportavit.
1156 4834 1183 4866 »
1208 4817 1303 4870 llis
1331 4816 1445 4871 fere
1476 4819 1817 4887 temporibus
1846 4818 1993 4874 aliud

355 4893 676 4950 miraculum
726 4896 993 4946 memorat
1038 4890 1238 4961 Petrus
1280 4889 1570 4961 Damianus
1614 4889 1714 4944 lib.
1746 4905 1801 4944 1v
1830 4891 1993 4961 epist.

357 4967 425 5022 ad
456 4966 771 5034 episcopos,
803 4961 949 5031 quod
982 4959 1132 5034 apud
1155 4958 1438 5014 Salernum
1478 4958 1709 5034 fortasse
1740 4958 1993 5034 contigit,

359 5060 387 5089 α
428 5031 576 5107 quod
607 5031 821 5089 cuidam
847 5046 960 5107 suo
983 5031 1311 5107 presbytero
1353 5032 1682 5107 venerabilis
1717 5033 1998 5107 Alphanus

357 5103 733 5165 Saliarnitanus
752 5103 1202 5172 archiepisc0pus
1213 5116 1390 5171 nuper
1409 5105 1654 5159 evenisse
1676 5105 1956 5173 perhibuit
1981 5126 1993 5160 :

358 5181 453 5251 qui
484 5175 1143 5251 nimirumpresbyterad
1168 5174 1533 5251 cumulandos
1554 5177 1801 5251 pecunia
1823 5191 2000 5246 quas-

358 5244 448 5308 fus
477 5263 586 5306 non
618 5247 969 5303 mediocriter
987 5245 1211 5300 aviduis
1232 5252 1286 5300 et
1315 5244 1567 5301 fenorum
1595 5244 1856 5316 captabat
1877 5264 1999 5304 usu-

359 5338 468 5388 ras,
502 5327 557 5376 et
586 5320 654 5375 de
684 5326 886 5374 catero
932 5315 1138 5371 carnali
1176 5318 1592 5373 conversatione
1631 5315 1862 5375 vivebat.
1898 5321 1998 5375 Hic

358 5392 655 5464 aliquando
704 5390 847 5464 dumi
881 5389 1165 5464 missarum
1211 5388 1517 5464 celebraret
1554 5389 1814 5456 officium,
1854 5392 2001 5447 inter

359 5457 533 5537 ipsam
581 5459 1161 5537 Dominici_corpori_s
1213 5457 1537 5537 fractionem
1595 5469 1827 5537 reperta
1886 5469 1999 5518 tres

362 5529 557 5616 favilla
588 5534 729 5616 ignis
777 5531 994 5616 exipso
1024 5529 1251 5616 caelesti
1287 5538 1632 5616 sacramento
1658 5529 2000 5616 prodeuntes

365 5601 729 5668 emicuerunt,
759 5608 816 5659 et
852 5603 908 5658 in
939 5606 1132 5672 pectus
1158 5601 1518 5657 sacrificantis
1547 5601 1871 5660 terribiliter
1900 5606 1997 5661 im-

366 5682 655 5753 pegerunt,
676 5674 827 5748 quod
856 5674 1111 5733 nimirum
1131 5672 1263 5745 quid
1285 5686 1407 5731 esse
1437 5676 1700 5746 potuerit,
1722 5676 2001 5735 subtiliter

2008 4399 2472 4479 DSalernitanum
2515 4414 2529 4461 ;

2061 1830 2410 1905 quatuorque
2451 1830 2736 1905 diaconos,
2770 1844 2910 1905 quos
2941 1830 3196 1905 similiter
3224 1831 3491 1905 diaconos
3520 1830 3707 1890 cardi-

2063 1901 2215 1962 nales
2244 1901 2468 1961 vocasse
2518 1904 2742 1959 tradunt
2788 1901 3115 1955 Salernitani
3148 1903 3469 1971 scriptores.
3502 1906 3711 1970 Quibus

2065 1993 2162 2047 per
2190 1988 2540 2032 successores
2570 1972 2861 2047 pontiﬁces
2904 1970 3008 2047 fuit
3051 1973 3104 2026 in
3138 1981 3417 2041 posterum
3447 1989 3711 2031 concessa

2060 2044 2292 2104 facultas
2319 2047 2570 2117 gestandi
2603 2046 2791 2099 mitras
2828 2044 3054 2117 sericas,
3105 2059 3242 2113 quas
3270 2054 3466 2100 vocant
3505 2048 3574 2101 de
3605 2048 3707 2103 da-

2062 2134 2265 2175 masco.
2298 2115 2519 2173 Talibus
2568 2128 2734 2185 porro
2782 2115 3099 2186 nominibus
3128 2124 3181 2169 et
3229 2117 3407 2170 mitris
3449 2129 3632 2186 usque
3651 2120 3707 2172 in

2064 2192 2387 2245 hodiernum
2421 2190 2566 2243 diem
2615 2191 2863 2241 utuntur.
2913 2185 3192 2253 Alphanus
3244 2200 3373 2241 vero
3405 2185 3709 2244 innumeris

2062 2262 2327 2315 mirabilis
2356 2261 2411 2314 in
2452 2261 2619 2313 Deum
2667 2256 2969 2322 obsequiis,
3002 2255 3303 2311 animarum
3341 2257 3539 2323 salute,
3572 2260 3712 2315 reli-

2062 2334 2241 2403 gionis
2296 2336 2609 2400 augmento,
2666 2326 3035 2403 Ecclesiaque
3110 2341 3236 2403 suae
3290 2328 3704 2403 decoramento,

2062 2397 2320 2459 vicesimo
2344 2397 2492 2457 n’ono
2523 2398 2933 2469 sacerdotiisui
2963 2409 3128 2463 anno,
3160 2397 3352 2453 salutis
3381 2413 3511 2455 vero
3547 2397 3704 2469 1085,

2065 2491 2141 2529 vn
2171 2476 2251 2529 ld.
2285 2474 2534 2537 Octobr.,
2569 2471 2764 2540 plenus
2792 2467 3003 2523 dierum
3035 2474 3199 2542 atque
3229 2470 3487 2529 virtutum
3509 2467 3707 2542 migra;

2062 2547 2141 2601 vit
2169 2546 2235 2601 ad
2268 2539 2582 2609 Dominum,
2599 2557 2663 2596 ac
2695 2553 2866 2611 prope
2898 2539 3163 2594 tumulum
3193 2542 3439 2610 Gregorii
3473 2544 3557 2597 Vll
3583 2539 3709 2598 san-

2064 2617 2294 2673 ctissimi
2351 2614 2649 2685 pontificis,
2702 2610 2872 2685 paulo
2929 2618 3055 2666 ante
3107 2611 3175 2665 ad
3224 2615 3421 2685 calum
3472 2616 3705 2681 evocati,

2063 2696 2227 2743 terra
2259 2683 2546 2742 mandatus
2584 2692 2687 2746 est,
2738 2689 2793 2737 et
2838 2684 2997 2757 inter
3030 2689 3251 2757 sanctos
3279 2683 3452 2757 fertur
3481 2686 3706 2741 relatus.

2064 2760 2224 2814 Plura
2255 2759 2495 2813 edidisse
2525 2756 2829 2824 Alphanum
2869 2755 2953 2808 sui
2984 2753 3189 2822 ingenii
3221 2753 3569 2811 monumenta
3601 2766 3710 2812 tes-

2065 2838 2233 2885 tatum
2262 2830 2486 2898 reliquit
2534 2830 2726 2881 Petrus
2748 2824 3035 2898 iDiaconus
3071 2826 3295 2879 Casinas
3324 2826 3421 2898 lib.
3463 2829 3538 2882 De
3576 2828 3709 2883 viris

2064 2902 2233 2956 illust.
2281 2896 2525 2970 ejusdem
2583 2896 2844 2970 cauobii,
2904 2909 3291 2970 qu_em_nuper
3337 2897 3543 2966 publici
3568 2900 3710 2967 juris

2064 2972 2194 3028 fecit
2223 2968 2472 3027 eruditus
2502 2969 2711 3025 amicus
2747 2973 2937 3022 noster
2961 2968 3047 3021 Jo.
3078 2968 3318 3035 Baptista
3348 2970 3500 3035 Mari,
3534 2983 3709 3025 cano-

2065 3045 2223 3099 nicus
2269 3043 2452 3099 Sancti
2510 3040 2701 3110 Angeli
2739 3039 2795 3093 in
2828 3037 2949 3093 foro
2980 3039 3243 3110 Piscario,
3275 3053 3338 3093 ac
3370 3041 3517 3095 notis
3544 3040 3706 3096 illus-

2062 3116 2245 3171 travit.
2279 3133 2307 3165 «
2348 3108 2647 3183 Alphanus,
2671 3110 2747 3183 ait
2774 3110 2993 3183 Petrus,
3012 3108 3388 3183 Salernitanus
3405 3111 3709 3182 archiepis-

2063 3202 2256 3256 copus,
2324 3192 2379 3241 et
2416 3180 2780 3256 'Casinensis
2818 3180 3058 3235 canobii
3092 3181 3444 3256 monachus,
3499 3180 3612 3256 vir‘
3648 3184 3706 3239 in

2063 3250 2362 3327 Sci'ipt'uris
2389 3256 2597 3327 sanctis
2626 3251 2897 3327 eruditus,
2917 3250 3185 3307 etnotitia
3203 3253 3703 3327 ecclesiasticarum

2062 3324 2374 3399 dogmatum
2416 3328 2482 3382 ad
2516 3326 2735 3396 plenum
2768 3324 3088 3399 instructus,
3121 3324 3431 3399 composuit
3461 3325 3609 3399 nudo
3649 3333 3705 3380 et

2063 3393 2403 3456 lucidissimo
2433 3393 2685 3453 sermone
2717 3395 3031 3466 passionem
3056 3394 3110 3446 S.
3135 3393 3446 3466 Christina,
3471 3395 3704 3466 hymnos

2063 3478 2333 3541 praterea
2377 3470 2447 3524 de
2504 3467 2694 3541 eadem
2740 3466 2950 3541 virgine
3001 3464 3161 3529 duos,
3194 3464 3271 3541 de
3319 3468 3372 3520 S.
3406 3464 3705 3541 Benedicto

2062 3536 2253 3598 versus
2281 3541 2349 3596 ad
2380 3537 2759 3607 Pandulphum
2789 3537 3087 3607 Marsorum
3117 3536 3470 3605 episcopum;
3504 3538 3709 3593 Cantus

2062 3616 2119 3669 8.
2150 3613 2406 3677 Sabina;
2457 3606 2657 3665 Versus
2704 3608 2756 3660 S.
2799 3606 3128 3673 Christina;
3163 3608 3217 3660 S.
3250 3608 3398 3662 Petri
3428 3609 3706 3677 apostoli;

2064 3686 2120 3740 in
2152 3684 2367 3739 laudem
2425 3680 2816 3738 monachorum
2866 3677 3279 3745 Casinensium;
3339 3680 3414 3734 De
3462 3680 3593 3747 situ,
3654 3686 3710 3735 et

2066 3755 2479 3812 constructione
2511 3767 2575 3807 ac
2623 3750 2979 3806 renovatione
3009 3748 3254 3817 ejusdem
3285 3750 3563 3817 canobii;
3606 3752 3713 3806 Me-

2066 3835 2210 3883 trum
2248 3826 2577 3895 Sapphicum
2604 3820 3119 3895 hendecasyllabum
3149 3820 3217 3895 de
3248 3821 3302 3875 S.
3327 3822 3511 3877 Mauro
3539 3841 3554 3888 ;
3580 3823 3711 3895 item

2068 3891 2620 3968 ejusdem-hymnos;
2670 3893 2738 3968 de
2789 3894 2843 3968 S.
2896 3891 3149 3968 iiatthao
3198 3892 3430 3968 hymnos
3460 3901 3608 3961 tres;
3642 3894 3711 3968 de

2069 3962 2122 4025 S.
2157 3962 2457 4025 Fortunato
2487 3967 2665 4031 duos;
2702 3963 2771 4019 de
2801 3966 2856 4018 8.
2897 3962 3122 4034 Nicolao
3169 3963 3237 4017 ad
3274 3967 3537 4019 Actonem
3569 3964 3714 4034 epis-

2070 4056 2267 4111 copum
2296 4038 2618 4111 Theatinum
2644 4057 2658 4103 ;
2690 4034 2758 4090 ad
2791 4033 3125 4111 Gi_su|phum_
3144 4035 3450 4111 principem
3480 4033 3716 4111 Salerni-

2070 4105 2278 4180 tanum,
2311 4111 2379 4166 ad
2425 4108 2768 4165 Guillelmum
2811 4106 3064 4180 ejusdem
3108 4105 3711 4180 ioci‘grammaticum;

2069 4186 2137 4241 ad
2166 4177 2470 4240 Guidonem
2493 4180 2715 4235 fratrem
2739 4177 3006 4247 principis
3034 4177 3361 4232 Salernitani
3390 4198 3405 4244 ;
3431 4179 3499 4233 ad
3521 4179 3717 4235 Goﬂ‘ri-

2071 4258 2201 4312 dum
2230 4259 2566 4310 Aversanum
2597 4251 2919 4320 episcopum
2944 4247 3054 4320 ;7ad
3082 4247 3513 4320 Hildebrandum
3541 4250 3718 4305 archi-

2078 4327 2369 4384 diaconum
2436 4318 2779 4384 Romanum;
2834 4319 2903 4373 ad
2962 4318 3323 4373 Romualdum
3378 4320 3716 4374 causidicum

2590 4392 2659 4447 ad
2716 4388 2999 4445 Rofridum
3068 4389 3394 4444 monachum
3463 4391 3721 4446 Casinen-

2076 4484 2226 4534 sem;
2269 4459 2522 4522 metrum
2549 4462 2831 4518 heroicum
2886 4460 2942 4513 in
3000 4459 3265 4534 honorem
3296 4461 3388 4516 SS.
3418 4460 3717 4534 duodecim

2073 4531 2319 4596 Fratrum
2356 4558 2368 4592 :
2410 4534 2823 4592 Confessionem
2872 4531 3154 4585 metricam
3204 4532 3357 4599 ejus;
3408 4533 3611 4587 Versus
3648 4533 3717 4588 de

2076 4610 2310 4667 ecclesia
2361 4611 2415 4663 8.
2466 4606 2693 4663 Joannis
2744 4603 3000 4671 Baptista
3046 4601 3103 4656 in
3150 4602 3387 4673 Casino:
3429 4603 3720 4673 Epitaphia

2076 4680 2475 4753 quamplurima
2503 4679 2742 4733 virorum
2772 4673 3175 4753 insigniumiet
3203 4672 3308 4753 alia
3342 4672 3563 4744 qua’ad
3593 4672 3721 4753 pos-

2076 4745 2215 4808 t'ram
2243 4745 2496 4807 notitiam
2528 4763 2638 4805 non
2668 4752 2955 4801 venerunt.
2992 4745 3113 4798 Fuit
3157 4751 3338 4816 autem
3378 4746 3722 4816 temporibus

2077 4824 2538 4894 supradictorum,
2573 4821 2982 4894 imperatorum;
3016 4815 3273 4894 Sepultus
3301 4830 3431 4872 vero
3463 4815 3719 4894 eSt‘apitd

2078 4887 2380 4952 Salernum.
2425 4913 2452 4943 ››
2485 4893 2615 4946 Hac
2670 4891 2883 4943 Petrus.
2946 4888 3115 4942 Porro
3173 4887 3291 4942 hac
3340 4903 3463 4958 qua
3513 4890 3723 4945 notavit

2078 4970 2293 5029 Petrus,
2325 4964 2563 5032 demptis
2590 4960 2840 5016 versibus
2870 4959 3242 5032 quoscecinit
3271 4959 3338 5032 in!
3359 4960 3574 5032 laudem
3604 4961 3721 5016 Ro-

2079 5038 2283 5094 mualdi
2314 5030 2598 5099 causidici,
2623 5038 2678 5087 et
2705 5030 3038 5100 Sigismundi
3058 5030 3392 5097 Casinensis,
3417 5030 3564 5086 edita
3592 5037 3724 5086 sunt

2078 5111 2147 5166 ad
2205 5108 2408 5164 calcem
2448 5112 2653 5160 nostra
2709 5102 2879 5157 Italia
2934 5116 3126 5156 sacra.
3177 5103 3386 5156 Prater
3432 5101 3574 5169 hac,
3616 5103 3724 5158 alia

2079 5182 2365 5251 scripsisse
2404 5177 2710 5251 Alphanum
2740 5172 3005 5251 opuscula
3059 5178 3247 5251 narrat
3276 5171 3723 5251 idemhMarusjn

2079 5243 2527 5309 adnotationibus
2574 5248 2642 5301 ad
2691 5243 2941 5300 eumdem
2977 5263 2989 5298 :
3027 5263 3051 5291 «
3094 5244 3167 5297 De
3199 5244 3401 5298 unione
3430 5244 3595 5299 Verbi
3625 5246 3722 5301 Dei

2080 5331 2135 5381 et
2163 5323 2403 5379 hominis
2426 5320 2626 5375 librum
2656 5329 2821 5371 unum
2849 5336 2863 5382 ;
2895 5316 2970 5368 De
3002 5314 3204 5369 unione
3239 5314 3490 5384 corporis
3519 5321 3574 5371 et
3601 5318 3722 5373 ani-

2080 5411 2205 5461 ma,
2247 5395 2343 5449 lib.
2376 5404 2581 5457 unum;
2619 5390 2693 5443 De
2741 5392 2978 5461 quatuor
3024 5385 3349 5461 humoribus
3387 5388 3639 5461 corporis
3667 5386 3724 5445 et

2081 5456 2275 5523 anima
2320 5464 2418 5520 lib.
2460 5456 2626 5518 unum
2661 5480 2673 5514 :
2707 5458 2993 5528 exstabant
3048 5456 3313 5526 pradicta
3361 5456 3625 5528 opuscula
3663 5460 3720 5516 in

2079 5539 2262 5597 Casin.
2329 5533 2665 5592 bibliotheca
2721 5544 2821 5584 ms.
2890 5527 3078 5597 pluteo
3143 5527 3177 5580 8
3208 5572 3225 5595 ,
3286 5529 3354 5584 ad
3402 5527 3718 5587 ’sinistram.

2080 5611 2268 5666 Passio
2307 5613 2622 5663 sanctorum
2646 5606 2949 5671 martyrum
2981 5598 3271 5671 duodecim
3295 5599 3524 5658 fratrum
3548 5604 3721 5659 Bene-

2079 5687 2462 5748 ventauorum,
2491 5675 2561 5733 ad
2589 5669 2814 5733 fratrem
2840 5669 3128 5731 Rofridum
3156 5672 3337 5730 Casin.
3369 5674 3717 5743 monachum,
