4106 6178
464 295 600 350 1219
690 262 696 269 ’

1578 292 1871 349 ALPHANI
1908 291 2354 349 SALERNITANI
2392 288 2708 345 ARCHIEP.

3694 292 3831 348 1220

456 421 692 477 habetur
721 419 865 488 apud
906 418 1299 487 Lippomanum
1351 425 1388 472 t.
1432 419 1495 472 ιν
1534 423 1589 471 et
1627 392 1841 472 Sui-ium
1891 424 1931 472 t.
1978 419 2084 485 νη,
2110 416 2413 479 Ahabeant
2444 420 2677 488 pars;_et
2709 416 2966 488 rectores
2983 411 3227 488 ejusdem
3257 411 3510 488 ecclesia
3540 414 3727 488 decis
3755 416 3830 473 fa-

457 493 560 548 sub
590 492 681 547 die
712 492 887 561 prima
916 490 1274 559 Septembris.
1320 508 1346 540 »
1389 488 1547 561 Plura
1585 490 1691 543 alia
1730 488 1994 558 Opuscula
2033 497 2089 543 et

459 577 652 619 versus
678 560 911 631 Alphani
941 562 1010 616 ad
1042 560 1201 616 tidem
1232 574 1331 615 ms.
1365 560 1594 623 codicis,
1621 566 1890 623 correcta,
1923 560 2100 616 omni-

462 635 679 703 busque
709 632 952 688 numeris
983 632 1233 703 absoluta
1279 631 1613 703 dabit‘idem
1659 633 1816 687 Joan.
1859 634 2098 700 Baptista

462 701 615 761 Mari.
655 705 787 771 Qua
835 711 1012 759 autem
1060 703 1116 756 in
1168 702 1273 756 ﬂne
1303 702 1371 757 de
1400 701 1648 771 Alphano
1689 704 1794 759 hoc
1833 703 2101 758 laudatis-

459 778 600 832 simo
650 776 1068 844 archiepiscopo
1118 780 1429 842 poematum
1476 781 1700 830 auctore
1742 774 1902 829 libuit
1929 774 2094 829 adno-

464 854 603 912 tare,
644 859 713 901 ne
762 843 886 915 quis
942 843 1162 899 fallatur
1217 859 1282 899 ex
1339 845 1695 901 adnotatione
1733 846 1954 900 Antonii
1995 847 2103 901 Ca-

465 918 688 974 raccioli
748 917 803 971 in
861 916 1046 971 indice
1112 915 1180 970 ad
1239 915 1543 985 Alphauum
1597 918 1897 972 secundum
1932 959 1946 982 ,
2007 916 2101 986 qui

465 988 779 1045 immediate
824 988 1000 1056 primo
1056 989 1344 1053 successit,
1404 986 1541 1043 falso
1597 988 1665 1042 ab
1720 990 1842 1057 ipso
1898 988 2103 1043 ascribi

467 1069 716 1131 poemata
764 1072 886 1128 qua
926 1064 1141 1113 exstant
1179 1060 1232 1113 in
1283 1059 1617 1114 bibliotheca
1647 1060 1828 1115 Casiu.
1869 1073 2102 1131 quorum

465 1132 711 1187 meminit
740 1132 939 1185 Baron.
979 1136 1021 1184 t.
1062 1131 1175 1196 Xll,
1217 1144 1338 1185 cum
1369 1145 1436 1185 ex
1466 1145 1528 1185 ea
1551 1173 1565 1195 ,
1608 1145 1732 1200 qua
1762 1133 1974 1196 Petrus,
2006 1130 2103 1185 Al-

460 1203 628 1272 phani
658 1202 1024 1272 synchronus,
1058 1215 1121 1256 ac
1167 1201 1370 1257 Chron.
1412 1204 1594 1257 Casin.
1636 1203 1910 1271 scripsere
1941 1201 2103 1257 facile

463 1274 648 1344 colligi
704 1272 1227 1344 potestAlphanum
1274 1274 1505 1341 primum
1546 1281 1796 1342 poemata
1843 1274 2099 1329 dictasse.

463 1343 621 1401 Libet
658 1346 821 1400 etiam
851 1343 943 1398 hic
969 1343 1281 1399 exscribere
1312 1345 1644 1399 oblationem
1675 1345 1902 1400 Joannis
1921 1346 2105 1413 cujus-

462 1418 585 1473 dam
636 1414 996 1471 fabriferrarii
1043 1415 1393 1482 Salernitani,
1453 1430 1614 1485 quam
1673 1415 1801 1471 fecit
1853 1416 2106 1471 ecclesia

464 1492 669 1542 sancta
691 1486 912 1557 SOphia
933 1500 1117 1540 coram
1148 1487 1344 1542 Sicone
1375 1488 1576 1542 comite
1606 1502 1669 1541 ac
1694 1488 1881 1556 judice
1912 1487 2107 1543 eodem

2180 502 2307 543 cere
2346 483 2492 556 quod
2532 483 2827 550 voluerint,
2859 489 2915 539 et
2952 483 3146 553 ipsius,
3179 490 3236 539 et
3266 487 3473 551 uxoris,
3508 493 3565 542 et
3602 487 3821 545 illorum

2180 555 2464 614 hared’um
2493 569 2735 629 semper
2757 556 3001 629 integras
3030 555 3237 629 dictas,
3265 570 3372 629 res,
3405 557 3647 626 qualiter
3678 574 3827 629 pm-

2181 631 2387 686 dictum
2428 636 2511 684 est
2541 627 2682 697 parti
2721 627 2896 696 ipsius
2925 627 3177 682 ecclesia
3207 626 3505 685 defendere
3541 631 3614 685 ab
3641 626 3813 687 omni-

2183 704 2286 757 bus
2343 700 2678 764 hominibus,
2710 706 2766 753 et
2822 698 3042 767 quando
3091 713 3220 767 pars
3265 701 3510 767 ejusdem
3559 701 3825 759 Ecclesia:

2181 774 2466 839 voluisset,
2500 776 2827 840 potestatem
2866 769 3095 825 haberet
3125 771 3259 825 illud
3288 785 3387 839 per
3414 786 3475 826 se
3507 772 3826 840 defendere,

2184 845 2422 914 qualiter
2467 843 2730 914 voluisset
2767 855 2890 897 cum
2921 842 3176 914 omnibus
3214 842 3627 910 muniminibus,
3660 853 3719 900 et
3744 861 3828 901 ra-

2186 913 2450 981 tionibus,
2474 929 2611 983 quas
2630 913 2700 969 de
2736 927 2802 968 eo
2833 913 3169 986 ostendisset
3195 921 3402 968 tantum
3433 914 3562 970 dum
3595 919 3718 986 ipse
3749 919 3830 972 vir

2184 995 2240 1043 et
2278 1000 2416 1041 uxor
2452 986 2733 1049 vixissent,
2761 986 2871 1053 jam
2902 984 3103 1038 dictam
3145 998 3257 1040 rem
3287 999 3401 1040 sua
3433 984 3635 1055 potest,
3668 996 3830 1044 tene-

2187 1067 2309 1114 rent
2339 1056 2659 1130 usutruendi
2701 1057 2941 1130 nomine,
2983 1060 3037 1130 et
3067 1055 3137 1110 de
3176 1056 3461 1130 usuiructu
3493 1060 3632 1127 ejus,
3674 1060 3825 1130 quod

2185 1130 2389 1186 vellent
2418 1127 2681 1192 facerent,
2708 1132 2763 1182 et
2790 1127 2836 1181 si
2867 1127 2984 1196 ipse
3004 1128 3243 1182 Joannes
3272 1129 3484 1184 vivente
3516 1132 3633 1199 ipsa
3654 1127 3830 1187 uxore

2186 1216 2283 1257 sua
2322 1200 2551 1255 obiisset
2598 1214 2628 1254 a
2678 1206 2950 1267 prasente
2998 1199 3223 1253 mediet.
3271 1215 3336 1254 ex
3382 1201 3503 1269 ipso
3544 1201 3832 1257 usufructu

2188 1271 2500 1342 perveniret
2529 1272 2583 1324 in
2616 1276 2894 1342 potestate
2921 1270 3176 1342 partium,
3219 1277 3272 1325 et
3320 1273 3610 1327 custodum
3653 1275 3831 1342 prad.

2187 1339 2449 1400 Ecclesia
2487 1344 2540 1397 8.
2583 1341 2803 1409 Sophia
2871 1339 3107 1395 faciend.
3159 1355 3225 1395 ex
3273 1356 3357 1406 ea,
3399 1343 3546 1411 quod
3599 1339 3829 1410 vellent,

2188 1416 2360 1471 altera
2388 1428 2517 1468 vero
2542 1413 2804 1485 medietas
2824 1426 2889 1485 ex
2918 1413 3040 1481 ipso
3070 1411 3355 1485 usufructu
3384 1422 3530 1469 esset
3560 1415 3617 1469 in
3649 1424 3833 1485 potes-

2190 1494 2302 1541 tate
2332 1485 2496 1541 dicta
2528 1486 2627 1539 lsa
2667 1483 2794 1537 dum
2844 1484 3087 1550 vixisset,
3129 1489 3184 1538 et
3221 1483 3268 1538 si
3313 1484 3432 1554 ipsa
3478 1493 3605 1541 ante
3651 1483 3831 1542 virum

461 1571 606 1615 anno
630 1600 644 1623 ,
676 1571 741 1613 ac
770 1571 956 1614 mense
984 1557 1229 1624 Octobri,
1256 1559 1458 1628 quibus
1504 1558 1783 1628 Alphanus
1819 1557 2111 1614 defunctus
2192 1571 2349 1613 suum
2390 1556 2640 1620 obiisset,
2674 1561 2806 1609 tunc
2853 1560 3048 1624 quarta
3070 1569 3223 1628 pars
3267 1569 3334 1611 ex
3383 1557 3502 1626 ipso
3542 1558 3833 1613 usufructu

471 1637 575 1695 est,
609 1630 703 1684 ubi
734 1634 791 1684 et
818 1629 1098 1698 Alphanus
1139 1631 1258 1700 ejus
1275 1626 1612 1696 successor,
1656 1640 1786 1685 tunc
1825 1631 2113 1700 presbyter
2193 1629 2505 1700 perveniret
2535 1628 2589 1681 in
2633 1632 2901 1700 potestate
2942 1626 3197 1700 partium,
3233 1632 3288 1681 et
3340 1635 3618 1684 rectorum
3656 1631 3837 1700 ipsius

466 1709 654 1757 custos
683 1701 737 1755 S.
778 1700 1028 1766 Maximi,
1061 1698 1236 1755 adfuit
1266 1715 1389 1755 cum
1434 1701 1556 1756 aliis
1588 1698 1839 1770 pluribus
1865 1698 2110 1757 Salerni-

465 1773 594 1827 tatis
626 1771 984 1841 presbyteris,
1000 1771 1464 1841 ecclesiarumque
1486 1772 1811 1827 custodibus
1831 1794 1845 1840 ;
1865 1774 1945 1828 sic
1961 1774 2106 1827 enim

466 1857 526 1899 se
555 1842 723 1897 habet
747 1842 815 1896 ab
849 1841 1167 1910 exemplari.

541 1933 570 1964 «
610 1914 667 1967 In
700 1914 921 1968 nomine
970 1913 1065 1967 Dei
1096 1912 1310 1977 aterni,
1353 1919 1408 1968 et
1436 1913 1731 1969 Salvatoris
1768 1914 1941 1969 nostri
1980 1915 2107 1968 Jesu

467 1984 691 2040 Christi.
730 1987 887 2039 Anno
933 1983 1001 2038 ab
1051 1984 1429 2039 incarnatione
1477 1985 1719 2052 ejusdem
1778 1984 1930 2050 1085,
1973 1992 2109 2039 tem-

469 2057 698 2125 poribus
753 2054 960 2110 domini
1021 2055 1194 2108 nostri
1242 2055 1463 2125 Rogerii
1501 2055 1886 2125 gloriosissimi
1928 2055 2105 2122 ducis,

467 2139 640 2181 mens.
673 2127 946 2191 Octobris,
977 2141 1031 2179 1x
1059 2125 1252 2180 indici.
2064 2180 2070 2185 .

538 2215 566 2247 «
625 2200 762 2250 Ante
817 2210 902 2250 me
955 2196 1208 2252 Siconem
1266 2196 1520 2251 comitem
1580 2203 1635 2252 et
1679 2196 1921 2266 judicem
1958 2198 2109 2253 venit

461 2268 702 2323 Joannes
750 2267 1038 2339 presbyter
1084 2273 1270 2339 custos
1317 2268 1566 2322 ecclesiae
1605 2269 1659 2323 S.
1702 2269 1942 2337 Sophia,
1984 2284 2107 2339 qua

464 2339 688 2394 condita
713 2345 797 2393 est
824 2338 968 2393 intra
998 2338 1137 2393 hanc
1166 2338 1560 2394 Salernitanam
1583 2339 1879 2405 civitatem,
1903 2347 1958 2395 et
1983 2338 2106 2396 cum

466 2423 534 2465 eo
564 2416 834 2465 venerunt
854 2417 1042 2464 testes.
1067 2411 1133 2464 Hi
1163 2415 1292 2465 sunt
1309 2410 1588 2478 Alphanus
1611 2412 1897 2481 presbyter
1919 2419 2108 2467 custos

465 2481 717 2553 ecclesia
766 2482 820 2536 S.
852 2481 1094 2553 Maximi
1130 2524 1144 2548 ,
1202 2488 1257 2536 et
1323 2483 1515 2536 Petrus
1578 2482 1866 2553 presbyter
1920 2489 2108 2538 custos

465 2551 718 2607 ecclesia
748 2553 801 2607 S.
843 2552 1007 2606 Marci
1040 2565 1212 2620 prope
1260 2557 1472 2620 portam
1512 2551 1805 2608 Rotense'm
1846 2559 2108 2609 constru-

465 2629 630 2687 ctam,
689 2628 745 2677 et
807 2623 1010 2694 Manso
1050 2624 1304 2684 clericus.
1345 2630 1402 2678 et
1458 2625 1803 2692 primicerius
1860 2625 2106 2694 ejusdem

465 2694 719 2749 ecclesia
750 2695 806 2748 S.
847 2693 1034 2757 Marci,
1069 2701 1124 2748 et
1161 2695 1354 2748 Petrus
1392 2694 1680 2764 presbyter
1709 2693 1899 2751 custos
1925 2696 2105 2752 eccle-

464 2765 562 2821 sia
593 2766 647 2820 S.
676 2765 966 2837 AGramatii,
1003 2770 1059 2837 et
1096 2766 1313 2820 Maurus
1345 2766 1632 2837 presbyter
1657 2766 1831 2835 ipsius
1855 2767 2106 2823 ecclesia

462 2836 519 2892 8.
559 2835 800 2905 Sophia,
843 2841 899 2890 et
942 2834 1049 2905 ipsi
1099 2842 1270 2891 testes
1313 2834 1590 2892 testiﬁcati
1628 2834 1776 2904 sunt,
1818 2846 1874 2893 et
1920 2853 2106 2895 coram

462 2907 575 2962 illis
602 2921 699 2961 sex
729 2906 979 2976 pluribus
1008 2907 1131 2962 aliis
1175 2908 1417 2963 Joannes
1453 2907 1608 2963 faber
1635 2906 1898 2965 ferrarius
1928 2911 2106 2965 filius-

542 2992 570 3033 e
592 2978 888 3042 Radecisii,
922 2985 978 3032 et
1004 2979 1088 3033 lsa
1120 2993 1259 3034 uxor
1280 2981 1397 3047 ejus
1428 2980 1646 3049 (iliaque
1678 2981 1922 3047 Maraldi,
1963 2982 2106 3037 bona

462 3048 680 3104 illorum
747 3048 1027 3103 voluntate
1094 3063 1194 3117 pro
1269 3050 1445 3105 salute
1519 3051 1819 3106 animarum
1887 3067 2106 3108 suarum

462 3119 794 3175 obtulissent
832 3120 887 3173 in
929 3119 1048 3191 ipsa
1104 3120 1337 3175 ecclesia
1376 3123 1431 3175 S.
1472 3122 1713 3191 SOpbia,
1756 3123 1842 3178 cui
1887 3125 1945 3176 Ι).
1986 3125 2104 3179 Mu-

461 3203 662 3245 scanus
708 3203 898 3245 vener.
940 3190 1110 3244 abbas
1171 3198 1391 3259 praest,
1451 3205 1642 3247 omnes
1706 3208 1795 3248 res
1861 3194 2102 3260 illorum,

461 3274 599 3330 quas
627 3261 709 3315 eis
737 3260 1237 3330 quomodocunque
1284 3262 1569 3330 pertinuit,
1621 3270 1677 3318 et
1719 3265 1920 3332 pertin.
1970 3264 2107 3321 foris

459 3332 604 3388 hanc
633 3331 907 3388 civitatem
955 3332 1011 3386 in
1052 3332 1190 3388 locis
1236 3333 1556 3401 Saraniano,
1599 3341 1653 3388 et
1692 3331 2009 3403 Pelliciano,
2052 3344 2107 3392 et

459 3418 561 3473 per
608 3404 700 3459 ﬂn.
761 3409 814 3459 et
861 3403 1147 3470 vocabula,
1200 3409 1254 3458 et
1311 3405 1512 3475 pertin.
1554 3406 1797 3474 ipsorum
1856 3408 2104 3463 locorum

458 3489 583 3531 cum
640 3475 915 3542 omnibus,
957 3475 1273 3547 quaintra
1328 3490 1393 3530 ea
1444 3482 1593 3543 sunt,
1629 3482 1952 3547 cunctisque
1991 3481 2107 3536 suis

457 3547 659 3618 pertin.
693 3553 748 3602 et
776 3560 900 3602 cum
928 3547 1047 3602 vice
1077 3546 1146 3602 de
1177 3547 1280 3601 viis
1306 3547 1441 3613 suis,
1470 3555 1525 3602 et
1555 3558 1676 3604 cum
1708 3546 2104 3607 muniminibus

458 3633 526 3675 ex
563 3618 649 3691 eis
673 3618 973 3691 contin.ea
1001 3618 1234 3691 ratione,
1267 3626 1327 3673 ut
1355 3633 1574 3689 semper
1602 3620 1713 3675 sint
1742 3622 1798 3675 in
1830 3627 2102 3691 potestate

458 3689 749 3746 custodum
808 3690 981 3759 ipsius
1036 3689 1288 3745 ecclesia
1326 3691 1380 3745 8.
1423 3691 1664 3761 Sophia,
1715 3698 1769 3747 et
1824 3689 2100 3749 licentiam

2196 1695 2446 1755 ecclesia
2477 1702 2531 1753 8.
2573 1698 2793 1765 Sophia
2831 1697 2899 1752 ad
2946 1695 3182 1752 faciend.
3217 1711 3284 1753 ex
3330 1712 3396 1754 eo
3426 1701 3575 1765 quod
3607 1695 3833 1765 vellent,

2191 1772 2436 1841 reliquas
2474 1783 2603 1825 vero
2653 1776 2775 1841 tres
2814 1774 2998 1838 partes
3039 1783 3106 1823 ex
3162 1770 3284 1841 ipso
3333 1770 3618 1826 usufructu
3666 1774 3742 1827 sit
3782 1775 3837 1827 in

2192 1849 2465 1912 potestate
2497 1841 2552 1895 d.
2582 1840 2827 1912 Joannis,
2864 1848 2984 1909 post
3015 1853 3145 1912 vero
3174 1840 3457 1897 amborum
3489 1843 3761 1912 ipsorum,
3786 1854 3835 1899 et

2192 1909 2291 1969 lsa
2322 1913 2554 1975 obitum,
2586 1918 2758 1967 totum
2789 1911 2969 1980 ipsum
2993 1909 3336 1966 usufructum
3366 1909 3555 1969 redeat
3585 1916 3653 1969 ad
3686 1930 3841 1970 suam

2191 1985 2604 2055 proprietatem,
2639 1989 2694 2037 et
2726 1996 2825 2056 per
2862 1996 3020 2038 conv.
3055 1984 3172 2056 ipse
3191 1984 3295 2056 vir,
3327 1990 3382 2038 et
3412 1999 3553 2039 uxor
3580 1987 3839 2056 guadiam

2190 2054 2298 2125 ipsi
2336 2055 2532 2110 Joauni
2563 2054 2779 2128 custodi
2811 2067 2912 2128 pro
2951 2062 3105 2128 parte
3136 2055 3324 2128 ipsius
3340 2056 3489 2128 Eccl.
3522 2054 3837 2128 SISophia

2190 2127 2496 2201 dedissent,
2529 2132 2584 2181 et
2623 2125 3006 2201 ﬁdejussiones
3044 2125 3095 2183 ei
3127 2139 3237 2201 pro
3275 2125 3481 2185 eisdem
3521 2125 3836 2201 Ecclfpar.

2192 2199 2503 2271 potuissent
2535 2198 2882 2271 semctipsos,
2912 2205 2968 2254 et
2989 2214 3089 2269 per
3121 2200 3295 2269 ipsam
3322 2201 3574 2271 guadiam
3598 2201 3720 2271 ipse
3736 2198 3837 2266 vir,

2191 2277 2247 2326 et
2266 2283 2406 2325 uxor
2433 2270 2753 2325 obtulerunt
2771 2284 2851 2335 se,
2877 2277 2933 2325 et
2951 2285 3082 2327 suos
3102 2270 3374 2337 baredes,
3396 2273 3443 2327 si
3464 2270 3838 2329 sicutdictum

2190 2348 2293 2407 est,
2326 2355 2436 2396 non
2485 2340 2932 2410 adimplevissent
2979 2356 3311 2413 componere
3343 2357 3460 2413 par.
3512 2353 3568 2399 et
3616 2346 3838 2400 custodi

2190 2414 2364 2481 ipsius
2384 2413 2635 2467 ecclesia
2663 2415 2716 2467 S.
2741 2413 2963 2482 Sophia
2982 2412 3054 2467 50
3072 2428 3191 2469 aur.
3215 2414 3426 2471 solidos
3448 2417 3751 2471 constanti.
3776 2417 3842 2471 Et

2190 2488 2235 2555 si
2254 2486 2398 2539 sicut
2418 2484 2625 2538 dictum
2648 2490 2731 2538 est
2751 2483 3075 2552 adimplere,
3090 2493 3144 2540 et
3164 2486 3283 2555 ipsa
3304 2488 3388 2541 lsa
3408 2486 3668 2542 dixerunt
3690 2486 3841 2542 dicta

2188 2554 2385 2611 fecisse
2419 2570 2541 2628 cum
2569 2555 2847 2610 voluntate
2873 2556 3023 2628 dicti
3039 2557 3141 2611 viri
3170 2554 3279 2625 sui,
3311 2572 3433 2612 cum
3469 2565 3652 2613 autem
3686 2559 3843 2628 ipsos

2189 2634 2378 2700 testes,
2407 2631 2473 2700 ut
2496 2626 2705 2681 dicmm
2743 2633 2827 2700 est
2855 2626 3224 2700 certiticantes
3261 2629 3466 2695 audivi,
3499 2626 3841 2700 interrogavi

2190 2711 2287 2753 eos
2324 2699 2369 2753 si
2400 2697 2619 2753 illorum
2649 2699 3022 2753 testimonium
3053 2698 3305 2769 legaliter
3324 2700 3539 2755 ﬁrmare
3565 2697 3799 2769 possent
3825 2722 3839 2754 :

2188 2770 2273 2823 illi
2303 2776 2485 2841 autem
2523 2769 2629 2824 hoc
2659 2768 2848 2825 audito
2888 2768 3166 2836 dixerunt,
3207 2775 3264 2825 et
3298 2768 3746 2841 spoponderunt,
3782 2787 3842 2827 se

2190 2841 2297 2895 hoc
2345 2840 2492 2910 quod
2534 2840 2810 2913 testificati
2858 2847 2988 2895 sunt
3032 2840 3343 2913 secundum
3380 2842 3555 2913 legem
3596 2842 3843 2909 ﬁrmare,

2189 2926 2313 2967 cum
2344 2908 2570 2984 necesse
2616 2909 2802 2984 fuerit,
2834 2918 2998 2981 atque
3047 2908 3350 2980 testificari,
3390 2908 3540 2983 quod
3580 2908 3849 2984 superius

2192 2983 2338 3038 inter
2384 2983 2622 3052 virgulas
2665 2983 2931 3053 scriptum
2972 2990 3075 3049 est,
3105 2984 3306 3055 legitur
3334 2986 3435 3051 vir,
3468 2994 3522 3041 et
3569 2983 3737 3052 uxOr,
3779 3000 3848 3042 eo

2192 3054 2374 3127 taliter
2398 3055 2507 3127 tibi
2534 3055 2731 3109 Joanni
2762 3055 3000 3120 notario,
3026 3056 3120 3125 qui
3151 3054 3470 3123 interfuisti,
3503 3064 3559 3112 et
3588 3071 3657 3113 eo
3689 3058 3845 3127 quod

2189 3125 2324 3181 dicti
2355 3126 2457 3190 vir,
2491 3132 2546 3180 et
2577 3139 2716 3180 uxor
2755 3133 3086 3196 peregerunt
3115 3134 3256 3183 teste
3286 3135 3339 3183 te
3371 3141 3493 3183 esse
3534 3125 3844 3197 promisisti

2191 3198 2434 3252 scribere
2466 3210 2643 3265 prace
2652 3197 2724 3265 pi.

2255 3285 2292 3320 ’((
2335 3268 2388 3338 —j-
2420 3269 2532 3338 Ego
2574 3268 2671 3337 qui
2700 3281 2867 3337 supra
2890 3267 3081 3337 judex.
3125 3289 3150 3317 ι)

2259 3339 2370 3394 Sub
2400 3339 2544 3394 idem
2576 3347 2792 3409 tempus
2820 3338 3105 3395 Gauferius
3127 3340 3509 3407 Salernitatus,
3532 3343 3843 3398 monachus

2187 3411 2429 3476 Casinas,
2461 3410 2546 3465 vir
2572 3411 3012 3479 sapientissimus
3042 3425 3107 3466 ac
3136 3411 3563 3471 facundissimus
3603 3418 3841 3469 maxima

2187 3495 2310 3554 cum
2342 3482 2544 3551 pietate
2586 3482 2739 3554 vixit,
2773 3481 3039 3552 pluraque
3079 3484 3163 3538 sui
3213 3484 3422 3554 ingenii
3482 3495 3840 3541 monumenta

2185 3553 2430 3622 reliquit,
2472 3567 2596 3623 qua
2640 3551 2956 3608 referuntur
2984 3568 3015 3608 a
3047 3555 3206 3609 Petro
3246 3551 3489 3611 Diacono
3521 3558 3577 3610 in
3618 3556 3719 3611 lib.
3765 3560 3839 3612 De

2182 3624 2266 3678 vir
2294 3625 2492 3680 illustr.
2527 3624 2733 3691 Casin.,
2757 3624 2967 3694 dequo
2990 3626 3152 3680 etiam
3175 3625 3381 3682 Chron.
3414 3626 3597 3682 Casin.
3622 3628 3722 3683 lib.
3751 3642 3834 3684 ιιι.

1790 4036 2428 4180 ALPHAN
2444 4040 2492 4178 Ι

648 4259 871 4323 PRIMI
913 4262 1441 4323 SALERNITANI
1483 4264 2088 4328 ABGHIEPISCOPI
2133 4268 2510 4330 GBEGORII
2556 4270 2672 4331 VII
2710 4270 2941 4330 PONF.
2987 4270 3179 4331 MAX.
3227 4269 3639 4330 COETANEI

1853 4441 2422 4559 GARMINA

634 4636 926 4704 ALIAQUE
964 4636 1183 4692 PAUCA
1219 4635 1287 4692 IN
1327 4637 1570 4704 QUIBUS
1605 4640 1832 4697 MULTA
1867 4643 1956 4697 AD
1994 4643 2258 4699 SACRAM
2297 4643 2658 4699 HISTORIAM
2696 4645 3143 4700 PERTINENTIA
3178 4645 3652 4703 ADNOTANTUR.

458 4781 755 4876 Quorum!
784 4783 1221 4876 maniplares:
1249 4793 1492 4876 uetusto
1524 4788 1968 4870 manuscripto
1999 4789 2214 4854 codice
2261 4791 2496 4855 litteris
2548 4790 3068 4876 Longobardibis
3106 4804 3395 4869 exarata,
3431 4792 3841 4860 bibliotheca

702 4870 1073 4938 Casinensis
1101 4871 1286 4940 haud
1313 4875 1516 4940 unius
1541 4895 1736 4959 opera
1765 4878 2058 4959 petitum,
2092 4899 2269 4943 nunc
2290 4880 2590 4963 primum
2610 4870 2878 4964 publica
2908 4881 3196 4947 donatur
3224 4883 3581 4948 commodo.

1562 5018 1846 5089 (UGHELLI,
1878 5018 2043 5076 Italia
2068 5035 2246 5085 sacra,
2288 5028 2327 5078 t.
2361 5024 2425 5090 X,
2459 5022 2568 5080 col.
2598 5022 2720 5094 47.)

1252 5246 1295 5305 Ι.

464 5372 653 5447 Versus
691 5370 930 5447 Alphani
973 5369 1303 5447 Salcrjnitqni
1340 5373 1715 5447 archiepiscopi
1754 5377 1825 5431 ad
1868 5377 2092 5433 Pandat-

524 5443 679 5514 phum
725 5443 1023 5569 iliacopum
1067 5444 1450 5513 Marsicanum,
1500 5443 1628 5517 duos
1658 5443 1795 5518 'fecit
1841 5448 1953 5517 ejus
2007 5464 2096 5506 ro-

526 5518 703 5569 aatum
798 5515 950 5569 udem
979 5515 1144 5569 beata
1171 5514 1388 5569 Sabina:
1422 5514 1787 5569 illustrissimi:
1822 5522 2087 5569 martum.

526 5518 703 5584 gutum
740 5514 950 5571 laudern
979 5515 1144 5573 beata
1171 5514 1388 5573 Sabina
1422 5514 1787 5575 illdstrissima
1822 5514 2091 5592 martyris,

2250 5257 2305 5311 in
2342 5257 2518 5385 cujus:
2543 5257 2789 5313 honorem
2843 5258 3173 5330 episcopatus
3239 5260 3405 5331 ipsius
3458 5265 3536 5316 est
3601 5262 3832 5319 ecclesia

2250 5343 2496 5384 consecro
2521 5344 2575 5384 a.

2249 5343 2553 5384 consecrata
2561 5368 2575 5382 .

2177 5435 2383 5492 Prasul
2414 5436 2664 5504 amande,
2706 5438 2878 5508 magis
2915 5437 3087 5494 multo
3119 5452 3280 5509 quam
3313 5438 3497 5496 credis
3524 5441 3725 5508 amari,

2246 5525 2444 5596 Aspice
2474 5527 2843 5597 compositum
2879 5534 3065 5585 mente
3101 5530 3346 5586 verentis
3373 5542 3535 5599 opus.
