4106 6178
300 301 426 356 1221
1818 297 2139 355 CARMINA.
3311 316 3325 323 ’
3525 304 3661 362 1222

294 430 413 483 Non
443 440 605 482 secus
637 439 701 480 ac
731 425 906 495 potui,
937 422 1153 480 fuerant
1181 438 1305 494 qua:
1338 426 1489 494 jussa
1520 424 1727 495 peregi,
1963 432 2016 487 Α
2096 424 2201 480 Sed
2231 426 2639 482 Transmnndus
2675 426 2785 498 agit
2812 427 2916 484 hoc
2946 428 3094 498 quod
3125 434 3356 499 uterque
3384 430 3533 487 fecit.

363 515 587 571 Dulcius
616 522 675 570 ut
704 514 950 570 referunt
978 515 1238 579 carmina,
1268 528 1430 584 prosa
1458 521 1713 569 metrum.
2016 514 2302 584 Cognosce
2333 515 2596 585 reliquos,
2627 518 2723 571 sed
2754 523 2815 571 ut
2842 517 2929 572 his
2958 517 3169 573 artibus
3194 524 3354 588 aptos

295 607 405 661 Vox
434 610 525 660 tua
564 618 649 659 me
688 605 920 669 monuit,
954 604 1268 673 pariterque
1297 602 1554 659 monendi
1586 603 1795 674 rogavit
2087 605 2191 658 Ore
2222 609 2425 659 canunt
2452 604 2587 659 solis
2613 604 2842 660 vocibus
2868 612 3033 675 atque
3057 607 3229 665 notis.

361 694 579 749 Laudes
604 693 821 748 Sabinae
852 693 1105 762 martyris
1134 698 1193 747 ut
1232 705 1505 747 canerem.
2016 692 2196 747 Prosit
2225 701 2279 747 et
2309 692 2428 748 haec
2457 693 2578 747 istis
2606 693 2845 760 bonitas,
2879 708 3003 763 qua:
3032 695 3238 765 profuit
3262 695 3394 764 illis,

292 785 449 839 Forte
480 782 700 852 quidem
731 782 876 836 volui
907 795 1126 836 carmen
1156 781 1326 835 vitare
1357 779 1562 836 laboris
2087 783 2156 836 Ut
2183 781 2440 837 studeant
2478 783 2683 851 pariter
2712 784 2969 853 prospice
3000 784 3258 840 sollicite.

358 874 548 938 Obice,
580 871 677 927 sed
718 872 872 926 timui
904 871 1252 941 displicuisse
1284 871 1404 925 tibi.
2015 870 2119 925 Sed
2151 876 2352 936 tamen,
2386 877 2446 925 ut
2485 886 2727 940 possum,
2759 887 2901 942 quos
2929 873 3041 928 dixi
3081 874 3324 942 praedico
3365 888 3591 943 prorsus

290 962 436 1018 Velle
468 967 617 1016 tuum
648 962 796 1027 novi,
828 961 976 1031 quod
1010 961 1250 1016 nondum
1283 966 1470 1029 posset
1499 959 1702 1014 amoris
2086 961 2313 1029 Semper
2336 961 2463 1015 dum
2503 959 2680 1029 fuero,
2713 976 2855 1031 quos
2883 976 3025 1028 amo,
3060 977 3201 1032 quos
3230 964 3417 1021 timeo.

357 1052 565 1123 Exiguo
593 1051 731 1107 solvi
763 1051 991 1105 crimine
1016 1052 1125 1120 jam
1157 1050 1347 1105 didici.
2014 1050 2215 1119 Accipe
2248 1064 2371 1119 qua:
2406 1050 2560 1120 potui
2590 1051 2690 1105 tibi
2724 1053 2947 1120 praemia
2975 1051 3120 1107 ferre
3162 1054 3376 1123 roganti

285 1144 403 1198 Non
435 1154 537 1211 ego
564 1141 644 1195 sic
673 1140 812 1195 adeo
843 1154 960 1194 sum
992 1145 1173 1217 meqte
1214 1138 1476 1203 munitus,
1510 1145 1569 1192 ut
1599 1135 1743 1191 ultro
2085 1139 2244 1193 Levia
2272 1144 2418 1205 sunt,
2449 1139 2680 1208 placidis
2707 1141 2804 1195 sed
2838 1147 3017 1197 tamen
3048 1147 3173 1212 apta
3202 1141 3359 1198 locis.

357 1234 565 1301 Expers
594 1229 913 1299 pertulerim
944 1228 1187 1284 muneris
1216 1242 1335 1283 esse
1367 1227 1466 1281 tui.
2013 1227 2082 1281 Ut
2110 1241 2322 1283 merces
2347 1230 2483 1283 tanti
2525 1242 2634 1284 non
2665 1229 2742 1284 sis
2772 1230 2904 1284 mihi
2937 1243 3089 1285 cassa
3119 1230 3345 1296 laboris,

286 1321 392 1375 Res
431 1321 486 1374 in
517 1318 756 1373 amicitia
785 1317 947 1372 nimis
977 1317 1095 1372 haec
1126 1315 1415 1371 laudabilis
1445 1319 1619 1370 exstat
2083 1316 2160 1369 Tu
2190 1314 2275 1370 fac
2306 1316 2569 1386 implores
2600 1319 2855 1388 martyris
2889 1319 3052 1389 hujus
3077 1333 3233 1389 opes.

352 1413 490 1479 Apta
517 1407 741 1478 quidem
770 1406 887 1462 fieri
926 1406 1189 1476 quaelibet
1227 1405 1491 1461 unanimi.
2012 1404 2077 1459 Et
2106 1418 2273 1473 super
2300 1404 2419 1461 haec
2459 1407 2638 1476 rogito
2679 1407 2983 1476 Pandulpbi
3016 1414 3142 1464 vota
3174 1413 3446 1464 memento

281 1497 548 1552 Barbarus
578 1503 662 1550 est
690 1495 907 1560 misere,
941 1495 1035 1564 qui
1066 1494 1258 1549 viverit
1288 1494 1393 1549 hoc
1422 1493 1541 1547 sine
1573 1505 1723 1547 more
2082 1494 2229 1549 More
2259 1494 2334 1564 pii
2365 1496 2541 1550 Patris
2570 1495 2734 1566 digna
2763 1498 2953 1565 juvare
2986 1498 3085 1552 tui.

352 1588 410 1641 In
443 1585 624 1640 medio
652 1584 825 1639 Getici
857 1584 945 1639 cui
978 1584 1158 1653 placet
1187 1597 1307 1639 esse
1339 1582 1463 1637 soli.
2009 1583 2224 1653 Integra
2262 1583 2335 1637 sit
2364 1585 2520 1653 pueri
2551 1584 2771 1640 bonitas
2809 1586 2907 1641 tibi
2938 1592 3092 1657 grata
3130 1587 3350 1649 Leonis,

281 1679 459 1732 Laetus
486 1689 584 1744 spe
614 1674 788 1729 venire
826 1679 1035 1728 tantum
1065 1673 1219 1738 mihi,
1253 1671 1492 1741 postulo,
1528 1670 1711 1741 praebe
2078 1673 2189 1726 Nec
2217 1672 2319 1726 tibi
2348 1672 2656 1742 displiceat,
2691 1675 2858 1740 hunc,
2890 1680 2952 1730 ut
2979 1675 3198 1742 ameris,
3229 1689 3369 1731 ama.

348 1764 522 1820 Jussis
560 1763 709 1833 quod
740 1762 935 1817 fuerim
974 1762 1184 1817 tardior
1212 1768 1340 1816 ante
1371 1761 1498 1816 tuis.
1945 1762 2076 1833 BUt
2106 1760 2204 1815 tibi
2235 1774 2346 1830 quo
2384 1774 2601 1831 semper
2631 1770 2683 1818 te
2713 1763 2924 1833 diligat,
2958 1770 3123 1834 atque
3156 1765 3392 1819 libenter

279 1854 501 1909 Maxima
532 1866 622 1907 res
650 1856 788 1919 erat,
820 1858 985 1920 atque
1017 1851 1152 1906 meis
1181 1864 1291 1905 non
1320 1849 1529 1903 viribus
1558 1855 1703 1917 apta,
2076 1849 2408 1919 Obsequium
2443 1851 2615 1918 possit
2645 1851 2858 1907 solvere
2889 1866 3037 1921 saepe
3077 1852 3199 1906 tibi.

346 1943 527 1997 Ardua
558 1939 842 2010 dactylicis
871 1954 1109 2009 pangere
1147 1946 1299 2009 gesta
1338 1939 1546 1992 metris.
2007 1936 2183 1992 Mente
2213 1936 2346 1991 satis
2375 1938 2492 1991 miti
2524 1939 2756 1995 devotus
2794 1940 2847 1994 in
2882 1940 3078 1995 ordine
3109 1940 3259 2005 vivit,

278 2031 397 2086 Rite
430 2037 609 2085 tamen
638 2028 742 2084 feci
769 2029 868 2083 tibi
902 2027 1050 2098 quod
1082 2033 1407 2083 veneranter
1442 2026 1671 2090 adhaesi,
2077 2028 2134 2080 In
2167 2039 2277 2095 quo
2308 2027 2590 2096 perficitur
2612 2030 3055 2098 Cunctipotentis
3084 2043 3245 2100 opus.

346 2119 578 2175 Sustulit
606 2119 966 2188 opprobrium
998 2132 1098 2173 vox
1131 2125 1223 2172 tua
1254 2130 1448 2186 nempe
1488 2130 1685 2170 meum.
2005 2116 2158 2169 Nunc
2180 2116 2279 2169 tibi
2301 2117 2411 2170 sint
2442 2117 2575 2171 satis
2597 2116 2737 2183 haec,
2760 2117 2961 2183 valeas,
2985 2124 3336 2187 vestrumque
3367 2132 3657 2189 meumque

266 2195 474 2265 Ordine
507 2222 606 2278 pro
644 2208 794 2262 vario
824 2207 1134 2262 numerosis
1173 2206 1387 2276 legibus
1416 2205 1668 2275 hymnos,
2074 2206 2279 2258 Onoma
2309 2206 2599 2272 quaesitum
2629 2208 2887 2262 carminis
2916 2220 3013 2262 ora
3037 2206 3239 2263 ferunt.

344 2298 576 2365 Respice
606 2296 945 2366 compositos
974 2308 1084 2350 non
1116 2295 1234 2349 sine
1265 2294 1408 2349 mole
1446 2294 1606 2349 duos.
2792 2332 2835 2385 Π

276 2386 532 2440 Versibus
569 2384 887 2454 antiphona:
922 2384 1067 2438 binis
1095 2388 1221 2437 sunt
1252 2395 1393 2451 pene
1432 2388 1636 2437 notatae

344 2475 582 2529 Membra
614 2473 762 2543 quod
794 2478 921 2529 octo
953 2477 1141 2527 tenent
1166 2471 1306 2539 jura}
1337 2471 1460 2525 duae
1492 2470 1712 2539 pariles.

2216 2456 2448 2524 Hymnus
2484 2454 2713 2524 ejusdem
2750 2456 2804 2510 in
2844 2454 3051 2511 laudem
3089 2458 3154 2513 S.
3194 2456 3431 2513 Sabina.

275 2564 337 2617 Et
366 2568 493 2618 sunt
525 2568 609 2618 ter
637 2569 845 2632 septem
878 2561 1023 2616 sicut
1052 2572 1171 2615 mos
1200 2560 1369 2629 exigit
1406 2572 1526 2613 esse
2214 2561 2425 2627 Praebe,
2458 2562 2693 2628 Christe,
2729 2562 3055 2619 canentibus

341 2653 579 2717 Priscus,
614 2658 669 2707 et
706 2656 789 2707 est
827 2650 971 2704 natis
1010 2662 1253 2704 consona
1284 2661 1519 2717 quaeque
1549 2647 1701 2701 suis:
2143 2651 2335 2704 Munus
2375 2650 2565 2706 laetitia
2605 2654 2878 2722 martyris,
2914 2659 2973 2707 ut
3002 2659 3112 2708 tua:

271 2741 399 2796 Inde
442 2742 541 2797 tibi
573 2746 782 2796 restant
811 2746 897 2794 ter
926 2737 1279 2807 responsoria
1308 2744 1489 2799 terna.
2144 2738 2359 2793 Sabina:
2387 2753 2543 2794 sacra
2573 2740 2798 2809 praemia

272 2870 285 2878 .
340 2831 491 2885 Sicut
522 2835 607 2885 ter
637 2832 691 2884 in
723 2829 810 2884 bis
841 2829 1030 2884 novies
1061 2835 1146 2882 ter
1172 2828 1291 2882 sine
1323 2826 1443 2882 labe
1474 2825 1644 2895 pedes
2144 2829 2470 2883 Promantur
2498 2830 2707 2897 pariter
2734 2830 2982 2895 vocibus,
3015 2836 3069 2885 et
3100 2830 3236 2901 lyra.

267 2919 582 2987 Conscripsi
614 2919 832 2973 tandem
873 2917 1013 2987 pede
1046 2917 1186 2971 liber
1215 2915 1469 2985 martyris
1497 2919 1643 2970 artes
2213 2916 2386 2970 Claris
2415 2924 2536 2971 orta
2567 2918 2908 2986 parentibus,

335 3007 612 3076 Obsequio
637 3006 738 3062 fuit
767 3007 857 3061 hic
887 3021 977 3062 res
1013 3006 1191 3061 aliena
1230 3005 1383 3059 mihi.
2144 3004 2361 3060 Pollens
2399 3006 2582 3061 eximii
2613 3007 2871 3077 conjugio
2908 3006 3008 3062 viri

264 3096 551 3152 Profuerat
579 3097 820 3152 studium
851 3096 1107 3167 Cypriani
1137 3108 1284 3164 saepe
1314 3094 1576 3150 relectum
1938 3101 1981 3159 α
2144 3095 2428 3149 Prtestanti
2467 3094 2605 3150 facie
2645 3096 2827 3162 nimis,

334 3186 549 3255 Optime
581 3200 691 3254 quo
722 3183 897 3239 fertur
924 3185 1168 3239 scribere
1208 3183 1540 3253 martyribus
2135 3185 2341 3240 Merum
2373 3184 2534 3254 plena
2563 3185 2716 3253 satis,
2751 3186 2905 3242 dives
2934 3200 3098 3257 opum
3128 3185 3250 3243 fuit.

261 3273 429 3329 Ardet
458 3275 514 3328 in
544 3274 806 3342 antiquis,
848 3279 907 3328 ut
945 3272 1102 3328 stella
1134 3271 1451 3342 retrograda
1480 3272 1656 3337 libris,
2209 3275 2360 3329 Hanc
2389 3276 2543 3345 virgo
2592 3276 2817 3332 monitis
2853 3277 2970 3332 suis

336 3364 539 3417 Lumen
570 3363 626 3417 in
656 3361 918 3417 Ecclesiae
947 3361 1041 3416 dat
1068 3361 1309 3431 speciale
1349 3361 1477 3426 fide,
2136 3364 2418 3433 Seraphin)
2454 3364 2624 3433 probe
2655 3364 2860 3419 fecerat
2890 3364 3038 3419 idola

264 3454 363 3507 Fas
392 3452 467 3506 ibi
506 3451 802 3506 rhetoricis
848 3449 952 3506 fuit
989 3452 1107 3519 ejus
1145 3450 1375 3505 ﬂoribus
1412 3450 1513 3512 uti,
2134 3452 2271 3506 Toto
2302 3452 2471 3507 corde
2504 3452 2840 3522 relinquere,

328 3545 503 3610 Atque
534 3540 796 3599 coloratis
834 3540 1024 3594 ludere
1043 3553 1210 3608 saepe
1244 3539 1410 3608 jocis,
2135 3540 2460 3609 Factorique
2490 3553 2592 3596 suo
2622 3542 2850 3596 credere
2881 3541 3119 3597 concite.

258 3631 410 3686 Nunc
442 3630 591 3696 licet,
624 3635 684 3685 ut
723 3629 872 3684 licite
902 3627 1294 3693 scribentibus,
1327 3633 1490 3697 atque
1518 3627 1729 3694 licebit,
2203 3629 2418 3697 Sprevit
2448 3631 2571 3699 jura
2603 3631 2929 3700 potentium,

330 3722 469 3776 Usus
499 3724 552 3774 et
581 3719 671 3775 hic
711 3731 916 3775 morem
949 3717 1087 3787 legis
1117 3716 1319 3772 habere
1350 3716 1512 3772 solet.
2131 3717 2334 3772 Durum
2366 3731 2475 3774 non
2508 3719 2693 3775 timuit
2731 3720 2989 3789 supplicii
3018 3732 3212 3790 genus,

256 3808 401 3865 Solvi
432 3823 543 3865 non
574 3808 779 3879 poterit
808 3823 897 3863 res
936 3807 1055 3862 haec
1094 3806 1403 3861 rationibus
1433 3805 1581 3872 ullis,
2131 3805 2237 3861 Sed
2267 3806 2523 3876 praebens
2548 3807 2732 3878 gladio
2761 3815 2928 3879 caput

330 3899 384 3953 Si
414 3911 524 3953 non
555 3898 844 3953 solvuntur
872 3902 1073 3953 caetera
1106 3896 1230 3964 jura
1259 3894 1439 3950 simul.
2129 3897 2388 3950 Centena:
2419 3898 2615 3952 merito
2645 3896 2818 3969 frugis
2846 3899 2961 3954 adit
2992 3897 3241 3969 gradum.

256 3988 476 4043 Arbiter
504 3987 622 4042 huic
651 3987 872 4056 sapiens
901 3992 1110 4041 tantum
1141 3985 1457 4040 discernere
1487 3984 1678 4050 debes,
2202 3985 2290 4039 Sic
2334 3985 2390 4039 in
2429 3993 2605 4042 morte
2643 3987 2812 4043 semel
2838 4001 2971 4044 suos

331 4076 560 4132 Laetitiae
599 4081 859 4146 poterunt
887 4075 933 4130 si
965 4075 1062 4129 tibi
1104 4073 1246 4129 ferre
1286 4074 1487 4129 locum.
2132 4073 2491 4130 Abscondens
2519 4076 2711 4133 oculos
2749 4091 2968 4148 semper
2996 4091 3165 4134 ovans
3191 4076 3360 4144 videt,

258 4165 388 4221 Esto
428 4165 575 4234 quod
615 4178 735 4219 esse
772 4163 929 4229 velis,
961 4162 1095 4218 mihi
1134 4175 1244 4217 non
1284 4176 1401 4218 mea
1441 4176 1603 4217 causa
1641 4159 1902 4224 nocebit;
2131 4162 2275 4218 Solis
2299 4165 2552 4234 perpetui
2585 4166 2751 4235 jubar

328 4255 515 4310 Restat
541 4260 595 4309 et
620 4254 709 4308 hic
740 4252 862 4309 ﬁdae
893 4252 1093 4323 pignus
1114 4252 1391 4307 amicitiae.
1843 4322 1853 4331 ν
2132 4253 2417 4322 Nunquam
2456 4253 2719 4310 deﬁciens
2747 4255 2909 4325 hujus
2935 4255 3040 4311 erit
3068 4255 3207 4311 dies.

258 4344 370 4399 Nec
400 4343 567 4398 timeo
597 4342 781 4397 verbis
809 4341 1042 4397 aliorum
1071 4341 1177 4395 rite
1208 4338 1407 4406 refelli,
2206 4341 2355 4396 Felix
2385 4342 2519 4397 orbe
2549 4344 2852 4411 potentior,

327 4432 516 4487 Iudice
548 4432 677 4487 dum
707 4430 863 4487 fuero
894 4436 947 4487 te
976 4429 1243 4486 fruiturus
1270 4444 1392 4499 ego.
1924 4425 1973 4481 D
2130 4430 2261 4495 Quae
2292 4429 2491 4485 caelum
2514 4431 2712 4501 recipit
2739 4432 3003 4501 sanguine
3033 4442 3134 4501 pro
3162 4442 3286 4495 suo,

252 4522 331 4577 Tu
362 4521 495 4577 mibi
525 4521 711 4576 cordis
739 4533 871 4589 apes
899 4517 1114 4589 fugiunt
1142 4518 1342 4587 quibus
1370 4520 1525 4572 antra
1553 4515 1814 4587 Cyclope,
2127 4516 2225 4572 Cui
2246 4532 2474 4584 .merces
2503 4520 2789 4589 paradisus
2818 4526 2922 4586 est,

327 4613 403 4666 Ac
441 4616 533 4666 tua
563 4624 673 4666 non
705 4609 912 4679 pariter
941 4620 1184 4677 pungere
1213 4605 1319 4661 tela
1350 4604 1551 4660 valent.
2130 4604 2264 4660 Vitae
2294 4605 2511 4664 deliciis
2540 4610 2787 4665 moribus
2814 4608 3064 4665 affluens.

254 4700 378 4755 Non
417 4713 519 4771 ego
549 4697 856 4755 confertum
885 4698 1146 4752 virtutum
1177 4708 1402 4751 munere
1433 4699 1626 4764 pectus
2198 4693 2316 4750 Illic
2348 4711 2657 4767 purpureus
2686 4712 2828 4754 rosa:

328 4789 450 4845 Vidi
478 4790 559 4843 sic
590 4788 827 4857 penitus,
869 4792 929 4842 ut
959 4791 1109 4856 patet
1134 4799 1253 4841 esse
1284 4790 1457 4839 tuum.
2130 4782 2273 4851 Flos,
2306 4793 2361 4841 et
2402 4788 2607 4842 nardus
2645 4787 2808 4854 inest,
2840 4792 3031 4843 vernat
3058 4784 3430 4853 amarantbus,

252 4866 423 4934 Solus.
443 4892 624 4933 amara
651 4878 800 4947 sapis
827 4875 1119 4931 dulcedine
1148 4873 1474 4939 nobilitatis,
2127 4872 2311 4930 Floret
2337 4889 2462 4931 cum
2491 4876 2649 4932 violis
2677 4890 2893 4943 crocus,

326 4966 708 5036 Auxiliumque
737 4965 871 5021 satis
903 4964 1045 5019 ferre
1085 4964 1193 5019 tuis
1230 4962 1466 5018 famulis.
2128 4961 2348 5031 Spirant
2376 4964 2555 5032 thura,
2591 4965 2827 5036 thymus,
2861 4965 2997 5033 lilia,
3029 4964 3349 5021 balsamum.

255 5056 472 5111 Rursus
501 5061 556 5110 et
585 5055 688 5110 ista
716 5054 795 5110 tui
823 5052 1029 5109 facient
1057 5058 1174 5108 rata
1202 5052 1403 5121 scripta
1439 5048 1733 5120 propinqui
2203 5053 2445 5123 Hymnos
2471 5053 2706 5125 angelici
2736 5054 2914 5121 chori,

326 5147 459 5200 Cum
492 5143 712 5213 quibus,
753 5148 814 5198 ut
850 5155 1035 5212 spero,
1065 5148 1118 5197 te
1158 5142 1317 5204 duce,
1352 5145 1503 5195 tutus
1533 5151 1651 5195 ero.
2130 5142 2472 5213 Condignum
2502 5150 2765 5201 resonant
2793 5158 3013 5201 carmen
3042 5143 3303 5215 apostoli,

254 5232 355 5289 His
383 5247 486 5304 ego
520 5247 620 5303 pro
650 5245 807 5288 muro
831 5234 942 5301 jam
972 5232 1148 5287 lassus
1176 5231 1243 5286 ab
1270 5230 1521 5286 hostibus
1551 5234 1697 5295 utor,
2134 5232 2377 5287 Psallunt
2419 5246 2581 5303 quam
2612 5233 2752 5289 bene
2781 5239 3068 5305 martyres,

327 5323 389 5377 In
418 5322 621 5393 quibus
660 5335 781 5376 esse
811 5320 947 5375 nihil
976 5321 1087 5376 vita
1115 5319 1270 5375 dedit
1299 5318 1438 5374 vitii.
2132 5322 2198 5375 Et
2227 5320 2438 5391 plectro
2469 5320 2675 5378 feriunt
2705 5329 2960 5394 tympana
2988 5323 3251 5393 virgines,

253 5412 389 5467 Esse
420 5410 499 5466 tui
529 5423 800 5466 memores
826 5422 938 5465 non
969 5414 1185 5464 cessant
1216 5414 1397 5473 nocte,
1430 5406 1630 5476 dieque
2203 5408 2359 5465 Salva
2388 5414 2577 5466 saneta
2610 5413 2929 5481 perenniter

326 5502 434 5556 Pro
465 5504 519 5555 te
549 5498 883 5555 conveniunt
910 5496 1114 5567 saepius
1143 5501 1267 5552 ante
1296 5497 1485 5551 Deum.
2132 5499 2338 5554 Horum
2368 5513 2492 5570 quae
2520 5498 2702 5556 medio
2742 5500 2930 5569 psallis
2960 5500 3013 5556 in
3043 5500 3279 5571 agmine,

253 5590 430 5645 Instat
456 5587 740 5644 Oderisius
765 5586 1039 5657 Iacrymis,
1072 5585 1331 5657 precibus
1365 5582 1699 5651 'l‘heodinus,
2131 5586 2207 5641 De
2236 5601 2347 5658 quo
2369 5588 2481 5658 jam
2518 5584 2833 5662 specialiter
