4106 6178
468 306 605 362 1223
978 297 983 301 υ
1524 260 1531 263 ’
1587 278 1876 336 ALPHANI
1916 275 2361 333 SALERNITANI
2398 252 2713 330 meumr.
3696 264 3853 320 122,4

554 452 556 454 τ
598 431 919 489 Marsorum,
955 417 1209 489 petimus,
1242 422 1466 468 munera
1497 407 1728 476 respice.
2127 404 2180 463 Α
2406 401 2477 457 Es
2505 411 2714 455 memor
2741 399 2960 467 quantae
2989 392 3119 449 fidei
3153 392 3323 458 fuisti,

670 482 851 573 Locus
879 482 1095 572 aeterni,
1137 503 1304 569 salus,
1336 500 1536 565 honor,
2400 494 2533 547 Cum
2564 495 2690 543 tuos
2727 485 2908 542 mollis
2937 483 3063 539 tulit
3093 482 3239 537 unda
3265 495 3487 552 gressus

601 569 809 670 Vir—tus,
852 569 1162 669 imperium,
1206 592 1297 647 lux
1329 588 1449 644 sine
1490 586 1745 653 termino,
2402 577 2594 633 Excito
2624 589 2787 631 cursu
2827 572 3108 629 Placidum
3149 569 3423 641 profundo

761 661 973 763 regum,
1014 685 1138 753 tibi,
1170 680 1409 745 Christe,
1441 677 1536 742 sit,
2658 667 2829 720 Fonte
2860 661 3073 718 levasti,

607 747 1011 844 cumuPatre
1040 747 1174 840 Deo,
1205 767 1433 840 Spiritui
1464 778 1644 821 sacro.
1676 766 1866 819 Amen.
2405 755 2545 812 lllud
2581 762 2666 810 est
2704 754 2849 809 inter
2879 758 2970 806 tua
3009 752 3164 822 signa
3202 747 3361 805 valde

1237 836 1329 915 ill.
2407 844 2633 900 Dulcius
2662 842 2843 909 nobis,
2886 840 3057 910 quod,
3099 845 3155 894 et
3201 838 3304 893 hac
3342 836 3396 892 in
3428 850 3557 891 arce

717 964 845 1017 Item
882 955 1019 1010 alius
1056 950 1271 1022 hymnus
1308 947 1362 1001 in
1399 942 1640 1000 laudibus
1677 941 1859 1013 ipsius.
2409 932 2690 1004 Languido
2729 927 3189 1001 gressum,vsimul
3229 933 3285 982 et
3321 926 3596 996 loquelam

821 1045 900 1103 Ad
932 1019 1110 1099 Patris
1139 1038 1309 1093 decus
1338 1033 1532 1104 optimi
2658 1019 2986 1075 Restituisti.

749 1134 946 1194 Cordis
983 1129 1210 1185 vocibus
1239 1123 1415 1181 intimi
2410 1115 2511 1168 Hic
2539 1111 2679 1167 viam
2710 1110 2871 1179 longe
2903 1106 3115 1194 positus
3144 1105 3369 1161 videbas

752 1226 967 1282 Sabina:
998 1218 1247 1276 celebres
1275 1213 1431 1269 chori
2410 1201 2599 1257 Palliis
2625 1205 2869 1263 stratam,
2902 1182 3114 1251 facibus
3148 1207 3450 1259 coruscam,

752 1314 967 1371 Laudes
996 1308 1216 1379 pangite
1255 1302 1526 1373 martyris.
2411 1292 2577 1358 Quam
2613 1289 2772 1342 Pater
2801 1285 2999 1341 caelum
3029 1283 3360 1339 Benedictus
3396 1282 3527 1336 olim

827 1401 963 1459 Coeli
998 1374 1219 1454 scandit
1246 1395 1312 1449 ad
1345 1393 1574 1448 arduum
2662 1378 2861 1432 Noster
2889 1374 3078 1429 adivit.

759 1495 1082 1549 Sanctorum
1121 1486 1240 1540 vice
1274 1487 1590 1550 martyrum.
2415 1469 2568 1537 Quod
2600 1468 2700 1523 tibi
2740 1465 3018 1536 quondam
3048 1463 3165 1519 fieri
3198 1462 3423 1532 petebas

759 1584 826 1637 Et
856 1580 1002 1651 regis
1029 1576 1135 1632 sibi
1166 1573 1359 1629 Filium
2419 1561 2559 1628 Lege
2589 1557 2690 1613 sub
2722 1569 2828 1626 qua
2859 1567 2961 1609 nos
2990 1554 3156 1609 modo
3186 1550 3425 1621 regulari

757 1640 949 1728 iunxit
975 1666 1183 1723 findere
1222 1661 1514 1732 virginum.
2416 1647 2662 1703 Graviter
2689 1646 2879 1700 vivens
2909 1656 3073 1712 prece
3113 1640 3180 1696 da
3221 1652 3461 1709 perenne

830 1762 892 1814 In
931 1758 1088 1827 cujus
1125 1752 1454 1816 diademate,
2141 1748 2187 1803 Β
2666 1736 2856 1790 Vivere
2898 1732 3078 1797 nobis,

761 1818 1179 1904 Gemmae'more
1219 1836 1590 1910 hyacinthina;
2422 1830 2542 1897 Ipse
2572 1823 2832 1880 fundator
2862 1820 3092 1910 placidae
3123 1818 3344 1889 quietis,

762 1935 996 1993 Summis
1026 1945 1126 2002 pro
1166 1909 1376 1984 meritis
1407 1928 1563 1989 nitet,
2423 1918 2596 1986 Hujus
2623 1915 2730 1970 hoc
2758 1919 2936 1968 tecum
2966 1909 3131 1966 faciat
3160 1921 3433 1979 rogamus,

761 2029 892 2093 Quae
929 1995 1128 2079 Christi
1162 2016 1360 2074 meruit
1401 2015 1524 2069 lide.
2420 2006 2553 2060 Nam
2592 2002 2740 2074 quod
2772 2006 3043 2072 optamus,
3074 1999 3215 2054 bene
3245 1998 3292 2052 si
3331 1995 3532 2060 velitis,

833 2112 1084 2170 Caelestis
1111 2107 1217 2164 sibi
1249 2105 1487 2176 dignitas
2670 2094 2833 2147 Ferre
2874 2088 3124 2159 potestis.

772 2202 906 2257 Divo
945 2196 1228 2267 sanguinis
1257 2194 1431 2249 indita
2426 2182 2570 2238 Velle
2601 2182 2696 2237 det
2723 2180 2880 2236 vobis
2909 2177 3130 2248 pietatis
3166 2180 3360 2230 auctor

762 2290 925 2347 Novit
953 2263 1165 2343 solvere
1197 2282 1422 2353 praamia
2423 2274 2536 2328 Rex
2565 2272 2726 2337 Deus,
2770 2282 2892 2324 cum
2931 2280 3042 2337 quo
3078 2266 3198 2320 sine
3227 2263 3334 2318 ﬁne
3363 2270 3557 2332 regnet

759 2381 913 2435 Metae
944 2352 1211 2445 temporis
1248 2370 1441 2427 inscia.
2425 2360 2594 2417 Filius
2632 2372 2877 2428 compar,
2917 2356 3014 2412 sed
3046 2362 3100 2410 et
3129 2352 3414 2422 utriusque

831 2469 963 2537 Ejus
1000 2464 1174 2537 gloria
1204 2459 1445 2517 circulos
2671 2448 2908 2517 Spiritus
2935 2445 3129 2500 almus.
3205 2445 3395 2498 Amen.

762 2536 990 2626 Semper
1028 2552 1276 2624 praeterit
1304 2560 1538 2613 annuos,
2096 2604 2105 2607 ,
3004 2536 3065 2588 V.

762 2623 907 2714 Qum
924 2623 1077 2699 tanto
1117 2640 1177 2695 fit
1206 2638 1437 2694 amatior
2696 2629 2828 2682 Item
2864 2623 3094 2695 ejusdem
3131 2624 3367 2676 metrum.

761 2707 855 2791 [Est
893 2738 1098 2803 quanto
1138 2727 1457 2799 pretiosior.
2421 2717 2691 2793 Gaudere,
2722 2715 2942 2777 fratres,
2976 2726 3079 2767 nos
3104 2709 3273 2766 hodie
3311 2707 3492 2773 decet,

836 2801 1021 2878 Mundi
1060 2818 1276 2875 deliciae
1316 2823 1517 2872 tetrum
2354 2809 2421 2863 Et
2458 2821 2692 2877 qumque
2731 2804 2917 2861 cordis
2946 2801 3125 2857 tristia
3154 2812 3415 2869 spernere

764 2913 955 2970 Mortis
985 2909 1307 2981 possideant
1335 2906 1537 2968 locum,
2352 2900 2569 2953 Summa
2609 2896 2753 2951 beati
2781 2894 2972 2950 laetitia
2995 2892 3120 2956 viri,

760 3005 929 3071 Cujus
955 2976 1215 3068 supplicii
1244 3009 1417 3065 genus
2356 2987 2471 3054 His,
2504 2987 2660 3055 cujus
2689 2985 2824 3041 odas
2854 2981 3140 3053 pangimus
3168 2976 3408 3050 organis.

764 3066 898 3145 Vitae
928 3090 1002 3143 sit
1026 3066 1163 3141 dare
1194 3083 1499 3153 praemium.
2149 3079 2190 3137 C
2424 3078 2552 3132 llaec
2580 3076 2674 3130 illa
2710 3075 2802 3130 lux
2841 3078 2924 3129 est
2952 3086 3059 3141 qua
3093 3069 3262 3125 subiit
3300 3066 3484 3137 polum

832 3181 938 3234 Ora
969 3189 1070 3246 pro
1108 3172 1326 3229 famulis
1354 3171 1485 3235 tuis,
2350 3166 2519 3221 Mauri
2549 3154 2762 3221 solutus
2790 3175 3025 3232 corpore
3054 3159 3281 3230 spiritus
3307 3176 3320 3222 ;

763 3269 965 3337 Martyr
1002 3262 1248 3336 germine
1279 3258 1503 3325 nobilis,
2351 3255 2441 3309 Sic
2472 3254 2616 3324 regis
2643 3259 2764 3308 acta
2802 3251 2997 3305 militia
3034 3248 3119 3304 sui

765 3335 932 3412 Multo
962 3335 1206 3409 nobilior
1234 3349 1407 3419 magis
2351 3345 2537 3399 Tantae
2567 3341 2770 3412 quietis
2808 3339 3034 3411 praemia
3074 3335 3319 3406 pertulit.

762 3444 914 3501 Sacri
945 3442 1137 3498 fenore
1166 3438 1468 3509 sanguinis.
2422 3432 2675 3488 Caelestis
2703 3429 2842 3485 aulae
2870 3428 3047 3483 factus
3073 3436 3411 3487 oeconomus,

833 3531 1004 3589 Moles
1041 3528 1249 3598 dissipa
1280 3525 1547 3587 criminis.
2354 3522 2583 3576 Praestat
2612 3519 2847 3590 benigne
2886 3517 3050 3587 digna
3079 3512 3413 3585 petentibus,

764 3624 946 3679 Finem
979 3634 1146 3691 posce
1177 3615 1457 3688 periculis,
2353 3612 2452 3678 Qui
2483 3614 2673 3666 nostra
2701 3613 2920 3677 sumpto
2951 3619 3078 3661 mox
3105 3602 3212 3658 sibi
3242 3613 3468 3656 munere

768 3715 828 3768 Et
859 3711 1052 3768 mortis
1081 3708 1233 3764 febre
1266 3704 1558 3777 languidis,
2353 3700 2594 3755 lllustret
2622 3699 2764 3754 almo
2805 3701 3030 3768 pectora
3068 3694 3291 3749 lumine.

763 3804 840 3857 Da
871 3813 1069 3856 munus
1096 3796 1447 3854 valetudinis.
2426 3790 2527 3845 Hic
2555 3786 2821 3844 Arderadi
2858 3786 3100 3842 membra
3131 3780 3434 3838 miserrime

834 3889 1050 3946 Nostris
1080 3889 1262 3942 insere
1292 3883 1569 3941 mentibus
2355 3878 2558 3935 Collisa
2592 3892 2720 3933 casu
2762 3877 3015 3947 protinus
3044 3874 3254 3942 integre

760 3978 980 4036 Christo
1021 3976 1256 4032 reddere
1296 3974 1564 4039 debitum,
2356 3967 2573 4023 Sanavit
2602 3967 2755 4033 olim,
2787 3979 2909 4020 cum
2939 3976 3036 4018 sua
3066 3959 3271 4017 saeculo

764 4068 843 4121 Ne
881 4078 985 4120 nos
1023 4064 1188 4121 fortia
1216 4063 1461 4132 judicum
2358 4056 2620 4127 Fulgebat
2648 4054 2795 4111 omni
2835 4065 2989 4108 meus
3016 4048 3198 4111 simul,
3232 4052 3288 4104 et
3315 4059 3466 4102 caro.

764 4154 1005 4210 Perdant
1038 4155 1162 4222 jura
1194 4150 1523 4221 potentium.
2429 4148 2623 4201 Fracto
2654 4143 2921 4199 medelam
2950 4141 3020 4197 de
3050 4139 3189 4210 pede
3219 4137 3432 4208 Sergio,

835 4245 1060 4309 Praesta,
1102 4239 1370 4297 Conditor
1407 4238 1631 4308 optime,
2358 4239 2671 4306 Lumenque
2711 4246 2859 4289 caeco
2890 4230 3201 4301 praebuerat
3229 4228 3363 4283 Lino

760 4333 862 4402 Qui
901 4346 1023 4389 cum
1055 4333 1213 4387 Patre
1242 4331 1385 4385 Deus
1412 4340 1600 4384 manes
2357 4328 2529 4382 Sensu
2570 4332 2790 4380 carente
2818 4322 3041 4378 sustulit
3067 4334 3099 4376 a
3139 4332 3293 4383 nece,

763 4425 897 4480 Cum
935 4427 1129 4479 sancto
1159 4434 1379 4491 quoque
1410 4417 1671 4482 Flamine,
2148 4403 2197 4460 D
2356 4418 2594 4487 Ejusque
2624 4415 2759 4471 vixit
2795 4419 3045 4469 mortuus
3074 4410 3141 4466 ad
3173 4421 3412 4479 precem.

764 4513 865 4581 Qui
905 4526 1103 4585 regnas
1131 4511 1250 4567 sine
1289 4508 1540 4566 termine.
2428 4508 2472 4562 Ο
2499 4508 2681 4561 Maure
2712 4503 2861 4569 felix,
2902 4514 3237 4572 quaesumus,
3271 4505 3447 4563 utere,

836 4606 1027 4659 Amen.
2357 4598 2475 4663 Quo
2509 4597 2617 4665 jam
2648 4594 2888 4657 solebas,
2930 4596 2986 4647 et
3024 4589 3190 4646 modo
3233 4586 3472 4658 pleniter

1265 4690 1350 4744 1V.
2357 4688 2558 4742 Noscat
2584 4684 2765 4740 Casini
2796 4682 2956 4738 dulce
2986 4680 3163 4736 solum
3194 4679 3295 4734 tibi

624 4786 685 4837 In
722 4781 894 4838 sancti
932 4779 1106 4837 Mauri
1144 4777 1348 4834 abbatis
1394 4780 1609 4832 metrum
1646 4773 1984 4845 Sapphicum.
2357 4774 2495 4842 Quid
2536 4778 2683 4828 tanta
2714 4772 2887 4843 possit
2924 4769 3099 4842 gloria
3138 4780 3301 4838 quam
3330 4766 3489 4822 cluis.

1088 4865 1571 4937 llendecassyllab.
2432 4866 2533 4919 Fac
2563 4877 2672 4934 quo
2704 4868 2929 4933 rogatur
2957 4872 3103 4916 nunc
3144 4864 3237 4913 tua
3274 4856 3535 4919 charitas,

694 4961 834 5029 Quid
867 4965 963 5016 tuo
1003 4958 1165 5015 nobis
1204 4957 1389 5028 potius
1427 4955 1646 5025 placere
2357 4956 2487 5009 Nam
2514 4953 2655 5023 juris
2690 4951 2795 5007 hoc
2835 4949 2929 5006 dat
2958 4948 3171 5019 legibus
3210 4947 3440 5016 aequitas

694 5051 755 5106 In
796 5049 885 5105 die
915 5048 1100 5114 debet,
1134 5046 1235 5107 tibi
1266 5059 1426 5116 quam
1467 5043 1706 5111 decoris,
2357 5044 2567 5099 Debere
2605 5053 2932 5112 quemquam
2962 5052 3063 5108 pro
3096 5036 3269 5107 patria
3299 5034 3437 5091 mori

697 5141 917 5199 Fortius
954 5140 1056 5195 niti
1097 5138 1374 5210 precibus,
1405 5135 1491 5194 vel
1519 5134 1757 5207 hymnis,
2360 5136 2439 5189 Tu
2475 5133 2614 5199 vive,
2646 5130 2743 5186 sed
2784 5142 2886 5184 nos
2912 5127 3093 5183 vivere
3125 5124 3209 5181 fac
3241 5124 3363 5180 tibi.

945 5230 1160 5300 Optime
1191 5230 1373 5283 Μδιινθ
1397 5233 1421 5282 Ῡ
2326 5241 2563 5306 Quatuor
2600 5237 2767 5292 ultimi
2805 5234 3171 5291 desiderantur
3208 5227 3468 5295 versiculi,
3510 5233 3557 5284 el
3597 5228 3776 5299 hymni

694 5321 771 5375 Tu
801 5319 976 5375 sacris
1004 5317 1282 5388 quondam
1322 5328 1460 5385 puer
1496 5312 1767 5369 institutis
2897 5321 3201 5391 conclusio.)

696 5409 982 5464 Maximum
1022 5407 1148 5462 vitae
1179 5404 1421 5461 studium
1452 5402 1733 5472 perennis,

695 5496 850 5552 Unde
882 5497 1167 5567 praeclaris
1196 5494 1388 5550 rutilas
1419 5490 1731 5560 triumphis,

948 5585 1049 5641 Hic
1079 5584 1343 5641 didicisti.
