4106 6178
318 280 451 336 1225

744 500 822 552 De
859 499 921 555 S.
964 501 1215 557 Matthteo
1256 505 1514 575 apostolo.

558 587 945 655 Apostolorum
978 590 1150 646 nobili
1182 594 1432 661 victoria,

486 676 552 730 Et
583 675 850 730 retributa
879 692 978 746 pro
1008 678 1196 735 labore
1225 683 1402 752 gloria

485 764 641 830 Coeli,
674 765 889 835 solique
921 768 1045 823 laeta
1077 770 1134 824 tit
1165 772 1495 840 respublica,

484 855 554 909 Ut
577 868 783 909 summa
814 855 1035 912 laudum
1066 858 1359 915 conferunt
1392 863 1667 930 praeconia

482 944 689 1011 Quibus
719 945 922 1001 decora
953 954 1125 1003 mater
1153 956 1236 1005 est
1268 951 1530 1008 Ecclesia.

555 1034 654 1088 Hic
683 1041 766 1089 est
795 1042 1037 1101 senatus,
1070 1039 1217 1110 Rege
1247 1042 1341 1109 qui
1373 1056 1494 1097 cum
1533 1042 1725 1114 gloria;

480 1122 577 1177 Die
606 1137 865 1191 supremo
898 1126 1217 1192 prtesidebit
1256 1130 1466 1185 arbiter

479 1211 560 1266 Ad
584 1211 943 1281 judicandum
977 1228 1137 1271 omne
1167 1231 1353 1273 semen
1384 1219 1572 1287 Israel,

480 1301 647 1370 Cujus
678 1309 924 1370 potestas
954 1305 1104 1360 novit
1134 1306 1272 1362 altas
1301 1308 1557 1364 claudere

476 1390 657 1458 Seras,
691 1392 999 1463 iterumque
1032 1394 1179 1451 clave
1214 1396 1413 1469 lingua:
1446 1399 1687 1468 pandere

549 1482 609 1535 In
638 1480 746 1536 hoc
777 1481 938 1538 beato
972 1484 1280 1554 principum
1319 1487 1554 1559 collegio

478 1570 764 1626 Matthazus
794 1571 936 1627 almo
967 1572 1236 1643 gloriatur
1266 1578 1514 1645 prtemio,

474 1660 575 1727 Qui
605 1673 733 1716 mox
762 1660 961 1717 relicto
989 1664 1184 1720 merito
1211 1668 1435 1736 negotio

473 1749 747 1805 Christum
778 1759 1003 1807 secutus
1029 1755 1149 1823 ejus
1177 1769 1206 1809 a
1239 1756 1542 1824 primordio

472 1838 874 1894 Humanitatem
908 1842 1129 1910 scripsit
1161 1844 1416 1899 omnibus
1445 1846 1616 1915 prior.

544 1929 744 1999 Auriga
774 1944 969 1985 currus
1001 1932 1210 2001 primus
1238 1940 1322 1989 est
1353 1936 1640 2002 mirabilis,

471 2018 659 2072 Servat
686 2017 942 2074 Phisonis
971 2027 1026 2075 et
1056 2020 1279 2091 ﬁguram
1313 2024 1572 2093 fluminis,

472 2106 832 2178 Evangelistis
861 2109 949 2164 cui
979 2108 1142 2166 datur
1171 2126 1286 2181 prae
1318 2114 1536 2169 caneris

476 2196 720 2251 Formam
750 2211 1022 2265 supremae
1054 2197 1197 2256 ferre
1228 2201 1695 2271 pulchritudinis;

471 2284 602 2339 Nam
633 2284 786 2340 solus
810 2300 877 2340 ex
908 2287 992 2341 his
1023 2294 1106 2342 est
1136 2288 1300 2345 homo
1334 2292 1612 2346 notabilis.

543 2374 705 2429 Trina
735 2374 970 2445 refulget
999 2376 1265 2447 dignitate
1298 2393 1605 2446 munerum,

472 2462 660 2518 Refert
691 2469 750 2518 ut
779 2477 994 2520 omnem
1026 2467 1372 2523 concinendo
1403 2469 1685 2535 smculum,

470 2550 831 2622 Evangelista,
864 2560 1088 2623 martyr,
1121 2562 1176 2609 et
1205 2558 1506 2624 apostolus.

469 2640 624 2707 Quod
658 2639 766 2696 tale
797 2640 932 2696 nulli
963 2642 1032 2697 de
1062 2643 1177 2698 suis
1203 2646 1556 2701 consortibus

468 2729 697 2784 Videtur
726 2743 963 2799 unquam
996 2732 1295 2802 contigisse
1326 2735 1630 2803 praemium.

537 2819 737 2872 Gentes
766 2819 1079 2890 propinquo
1109 2822 1245 2877 solis
1275 2830 1423 2879 ustas
1454 2824 1693 2892 climate,

472 2907 731 2975 lntusque
762 2906 963 2963 tinctas
992 2910 1281 2966 criminum
1313 2911 1562 2983 fuligine,

464 2994 543 3049 Ne
573 2995 764 3050 mortis
791 3001 908 3051 atra
938 3005 1228 3069 vergerent
1256 3001 1512 3072 caligine,

465 3081 651 3137 Nitere
682 3081 811 3139 fecit
852 3091 1054 3154 mente,
1088 3088 1216 3143 dum
1247 3088 1489 3146 ﬁdeliter

464 3169 663 3241 Signis,
697 3178 751 3228 et
780 3174 922 3231 almo
953 3175 1203 3233 liberavit
1231 3177 1451 3236 famine.

536 3260 806 3327 Matthaae,
838 3270 1020 3333 grates
1058 3266 1291 3333 debitas,
1325 3269 1596 3338 apostole,

468 3348 635 3419 Digne
669 3355 886 3407 tuorum
918 3354 1115 3410 civium
1141 3358 1251 3425 jam
1285 3358 1526 3428 suscipe,

462 3439 610 3504 Quos
638 3437 721 3494 fac
753 3441 821 3495 ab
855 3444 1002 3497 omni
1035 3458 1155 3499 esse
1186 3452 1336 3502 tutos
1364 3447 1613 3513 crimine,

466 3527 534 3583 Ut
562 3541 621 3582 se
652 3526 835 3584 futuro
865 3532 1106 3587 sentiant
1136 3535 1383 3591 examine

413 3660 428 3673 .
463 3614 576 3670 Tali
608 3624 841 3685 patrono
872 3620 1118 3688 paruisse
1147 3627 1390 3678 strenue.

535 3704 615 3761 Sit
643 3706 895 3763 Trinitati
922 3724 1130 3766 summa
1160 3712 1298 3778 laus,
1327 3718 1381 3768 et
1409 3711 1604 3783 gloria,

462 3793 636 3861 Salus,
672 3796 961 3867 honorque
992 3813 1212 3869 perpes,
1246 3807 1300 3856 et
1329 3803 1575 3871 potentia

464 3883 723 3953 Simplex,
756 3892 813 3942 et
841 3902 947 3943 una
978 3903 1104 3959 gen.
1133 3933 1145 3944 .
1173 3930 1186 3944 .
1216 3930 1230 3944 .
1272 3892 1573 3958 aeternitas,

466 3973 530 4026 Et
558 3987 717 4042 quam
751 3982 933 4032 creata
972 3977 1306 4035 conﬁtentur
1334 3981 1537 4048 omnia,

465 4060 566 4116 Per
595 4070 791 4120 cuncta
821 4079 1040 4137 semper
1066 4067 1394 4125 saeculorum
1426 4069 1650 4126 saecula.

534 4153 725 4207 Amen.

1052 4247 1162 4301 VlI.

814 4333 946 4387 Item
981 4331 1118 4389 alius
1156 4336 1403 4404 ejusdem.

467 4420 697 4486 Laetare,
731 4416 925 4487 mater,
960 4424 1199 4491 parturis
1226 4439 1349 4494 quae
1381 4425 1543 4493 tllios,

398 4508 652 4565 Fecunda
682 4510 799 4581 Ugo
830 4524 1067 4580 semper,
1102 4518 1156 4567 et
1187 4514 1509 4582 purissimos

391 4598 540 4665 Quos
570 4598 788 4669 lympha
818 4607 1008 4668 partus
1038 4600 1172 4668 edit,
1205 4608 1369 4672 atque
1398 4603 1647 4673 spiritus,

394 4685 515 4740 Tibi
548 4700 646 4755 per
673 4700 866 4742 omnes
895 4688 1168 4745 motiones
1198 4696 1526 4761 temporum.

463 4775 703 4831 Primum
734 4776 927 4833 salutis
958 4785 1066 4833 tam
1095 4793 1253 4836 sacro
1285 4782 1547 4851 mysterio

398 4863 788 4933 Apostolorum
817 4864 983 4937 fulgis
1012 4882 1079 4923 ex
1108 4869 1366 4939 collegio,

394 4953 547 5009 Nites
576 4957 631 5009 et
660 4956 778 5023 ejus
807 4955 1015 5024 inclyto
1047 4960 1366 5028 certamine,

396 5042 495 5099 Cui
526 5043 620 5098 dat
650 5045 960 5115 triumphos
989 5046 1167 5103 laudis
1198 5048 1435 5104 mundus
1463 5049 1565 5106 hac
1596 5050 1686 5107 die

472 5134 566 5189 Est
596 5133 714 5190 hac
743 5136 982 5193 Matthaei
1015 5138 1217 5193 nobilis
1246 5136 1511 5194 festivitas
1536 5160 1550 5205 ;

396 5222 588 5279 Modos
616 5231 879 5281 sonantes
909 5226 1070 5282 dulce
1102 5227 1191 5282 die
1229 5227 1477 5284 Ecclesia

398 5312 590 5382 Lyras,
620 5319 679 5369 ut
709 5328 900 5370 omnes
925 5315 1153 5383 fistulas,
1190 5322 1243 5373 et
1276 5323 1531 5389 tympana

401 5401 688 5459 Praecellat
724 5418 755 5460 a
794 5411 847 5460 te
887 5406 1160 5462 cantilena
1199 5407 1444 5463 condita.

478 5492 661 5547 Utaris
687 5493 832 5550 idem
862 5493 946 5550 fac
978 5496 1106 5563 tuis,
1138 5498 1412 5567 apostole,

402 5580 549 5637 Loco
577 5582 837 5655 Magistri,
870 5598 1083 5657 voxque
1111 5586 1158 5642 si
1189 5587 1322 5659 quid
1357 5586 1546 5645 disson

474 5688 709 5749 ΡΑτιιοι..
739 5692 982 5751 CXLVII.

1838 297 2157 356 CARMINA.

1972 424 2027 483 A
2150 426 2339 495 Sonat,
2372 436 2603 487 canente
2636 433 2816 502 plebe,
2849 428 2999 494 'claro
3029 439 3281 511 dogmate

2144 515 2263 572 Tibi
2294 516 2575 587 decenter,
2609 528 2670 577 ut
2699 523 2898 593 placet,
2931 529 3011 583 sic
3049 530 3285 603 corrige.

2213 606 2291 661 Tu
2320 622 2483 676 prava
2514 613 2873 680 quorumdam
2907 615 3215 676 daemonum
3247 620 3485 681 ludibria

2141 694 2308 765 Magis
2350 706 2571 767 peracta
2617 700 2820 757 clarius
2860 704 3167 775 detexeras,

2136 783 2236 850 Qui
2270 785 2466 843 damna
2495 792 2691 846 mortis
2721 794 2997 861 pertulere
3031 793 3287 867 pessima,

2139 874 2347 941 Quibus
2376 876 2611 935 latenter
2642 886 2723 937 tot
2753 896 2879 939 reos
2909 885 3223 943 effecerant.

2212 966 2450 1037 Utraque
2481 970 2690 1040 lapsum
2723 980 2899 1029 morte
2930 977 3078 1047 regis
3107 979 3330 1035 unicum

2137 1054 2380 1112 Orationi
2419 1060 2694 1117 suscitasti
2734 1062 2925 1118 ﬁlium.

2137 1143 2267 1199 Post
2297 1146 2415 1202 haac
2446 1156 2736 1218 tyrannum
2767 1153 2894 1209 dum
2927 1154 3133 1213 refutas
3164 1160 3397 1216 Irtacum

2138 1232 2276 1289 Hinc
2305 1244 2510 1307 martyr
2536 1245 2682 1295 astra
2712 1244 2952 1310 scandis,
2986 1245 3117 1302 hinc
3146 1251 3450 1319 apostolus.

2206 1323 2550 1397 Evangelista
2586 1329 2827 1400 gloriose
2859 1346 3143 1391 numerum

2134 1413 2472 1483 Acceptione
2502 1416 2712 1487 dedita,
2745 1421 2877 1489 jam,
2911 1437 3247 1495 quaesumus,

2134 1501 2368 1559 Coaleste
2399 1518 2626 1577 regnum
2653 1509 2885 1579 impetra
2919 1512 3191 1580 ﬁdelibus,

2132 1590 2373 1658 Quorum
2402 1594 2606 1652 videris
2635 1597 2838 1669 hospes
2869 1615 2989 1657 esse
3023 1604 3249 1661 sedulus

2203 1681 2335 1736 Cum
2364 1682 2522 1740 Patre
2556 1694 2781 1755 prmstct
2812 1689 2917 1745 hoc
2947 1706 3221 1762 supernus
3250 1695 3439 1763 Filius,

2135 1767 2366 1826 Sanctus
2394 1772 2666 1844 simulque
2698 1777 2996 1849 parilisque
3027 1783 3283 1853 Spiritus,

2133 1858 2341 1923 Quibus
2368 1861 2441 1915 sit
2471 1864 2649 1919 omnis
2687 1864 2826 1932 laus,
2861 1867 3148 1939 honorque
3180 1872 3420 1942 debitus,

2133 1948 2337 2018 Perpes
2364 1955 2609 2019 potestas
2638 1954 2846 2025 absque
2879 1956 2985 2013 ﬁne
3010 1965 3345 2031 temporum.
3373 1966 3565 2023 Amen.

2788 2046 2924 2100 VIII.

2627 2131 2780 2187 Alius
2818 2134 3067 2202 ejusdem.

2414 2216 2641 2287 Adesto,
2673 2227 2862 2278 sancte
2893 2224 3151 2293 Spiritus,

2342 2305 2512 2361 Nobis
2542 2312 2663 2363 tuas
2692 2312 3020 2368 canentibus

2343 2394 2557 2451 Laudes
2588 2399 2642 2452 in
2669 2398 2772 2455 hac
2802 2402 3037 2470 apostoli

2341 2483 2656 2542 Festivitate
2696 2488 2890 2544 nobili.

2410 2575 2579 2641 Quem
2612 2591 2712 2646 pro
2744 2577 2882 2634 lucri
2914 2581 3194 2651 cupidine,

2341 2662 2482 2718 Foro
2512 2671 2760 2733 vacante,
2794 2667 3005 2733 sedule,

2340 2751 2417 2805 Ex
2446 2751 2742 2820 publicano
2773 2757 3027 2824 protinus

2339 2839 2493 2895 Facis
2531 2840 2754 2911 replens
2782 2846 3088 2913 apostolus,

2409 2927 2510 2983 Hic
2540 2927 2813 3000 languidis
2842 2934 3163 3003 pectoribus

2338 3016 2661 3073 Perustione
2701 3020 2990 3076 criminum

2337 3105 2531 3160 Verbis
2569 3106 2836 3164 medelam
2866 3109 3104 3179 praebuit

2336 3196 2377 3247 A
2409 3199 2462 3249 te
2492 3194 2597 3250 sibi
2623 3197 2733 3264 jam
2765 3198 3014 3254 creditis.

2407 3284 2557 3339 Lavit
2587 3299 2745 3342 sacro
2777 3286 3102 3356 baptismate

2334 3371 2535 3441 Regem
2573 3372 2733 3427 simul
2765 3388 2886 3429 cum
2919 3376 3173 3445 conjuge,

2330 3459 2570 3525 Quorum
2603 3466 2858 3530 potenter
2886 3463 3057 3521 ﬁlium

2330 3547 2692 3604 Resuscitavit
2730 3558 3024 3611 mortuum.

2400 3638 2662 3693 Sermone
2695 3640 2846 3709 justo
2876 3645 3095 3713 nuptias

2329 3725 2664 3782 Confuderat
2693 3731 3025 3799 tyrannicas,

2330 3814 2434 3870 Pro
2466 3828 2576 3884 quo
2615 3816 2853 3874 decorus
2891 3820 3073 3878 laurea

2330 3904 2533 3974 Martyr
2564 3905 2750 3975 polum
2789 3912 3227 3971 transcenderat.

2401 3995 2657 4052 Concede
2692 3998 2823 4067 jam,
2867 4001 3155 4070 Paraclite,

2332 4084 2402 4137 Ut
2440 4096 2541 4138 nos
2580 4084 2636 4139 in
2665 4085 2774 4142 isto
2806 4093 3054 4159 tempore

2338 4171 2544 4227 Possim
2554 4187 2616 4227 us
2645 4187 2835 4232 omnes
2867 4177 3038 4235 libere

2336 4261 2468 4330 Ejus
2497 4262 2778 4331 triumpho
2808 4266 3010 4323 vivere.

2407 4350 2535 4406 Tuae
2567 4349 2805 4406 refertur
2841 4356 3032 4423 gratias

2335 4437 2552 4494 Nostra:
2578 4440 2726 4509 quod
2758 4439 2905 4495 idem
2945 4444 3137 4512 patrias

2340 4525 2504 4594 Civis,
2537 4534 2801 4599 paterque
2841 4529 3064 4599 dicitur,

2337 4615 2492 4682 Quod
2523 4623 2578 4671 et
2618 4624 2868 4686 patenter
2897 4620 3160 4677 creditur.

2409 4706 2629 4761 Summo
2660 4708 2877 4762 Parenti
2912 4709 3107 4779 gloria,

2343 4793 2407 4848 Et
2439 4794 2575 4849 Filio
2606 4795 2857 4863 victoria,

2340 4882 2572 4952 Tibique
2613 4883 2731 4959 laus
2768 4887 2841 4941 sit
2874 4887 3061 4945 debita

2342 4971 2445 5027 Per
2474 4973 2803 5030 saeculorum
2834 4977 3056 5034 saecula.
3089 4981 3279 5037 Amen.

2806 5067 2895 5121 IX.

2096 5150 2159 5203 In
2186 5152 2482 5204 sanctorum
2516 5157 2803 5223 martyrum
2830 5155 3128 5224 Fortunati,
3159 5158 3280 5214 Gnii
3310 5164 3359 5215 et
3383 5160 3599 5219 Anthea.

2201 5238 2419 5293 Sanctis
2451 5241 2783 5311 martyribus
2814 5242 2950 5309 laus,
2984 5244 3165 5317 honor
3194 5253 3248 5303 et
3278 5248 3468 5318 decus,

2130 5325 2231 5394 Qui
2263 5327 2388 5383 οωΙί
2422 5329 2653 5386 Domino
2684 5330 2949 5402 sanguine
2983 5335 3231 5405 proprio,

2131 5417 2339 5473 Sacrati
2369 5432 2584 5487 superae
2616 5420 2827 5477 militiae
2857 5422 3032 5477 vicem

2134 5504 2339 5561 Invicta
2371 5506 2613 5563 retinent
2645 5507 2772 5564 ﬁde.

2204 5593 2507 5651 Conﬂictus
2535 5594 2748 5654 validos
2784 5596 2928 5656 ferre
2958 5600 3191 5659 viriliter

3545 321 3684 381 1226
