4106 6178
477 310 607 366 1227

574 436 814 496 Hostiles
849 441 1058 488 cuneos
1086 426 1335 495 frangere
1375 420 1615 484 fortiter,

566 531 854 586 Certavere
892 521 979 576 sui
1008 515 1262 586 corporis
1292 511 1473 574 obice,

566 617 638 672 Ut
675 618 800 684 post
829 610 1022 666 funera
1052 605 1319 660 viverent.

638 705 700 758 In
735 701 878 771 regis
918 693 1086 766 positi
1115 705 1260 747 nunc
1291 687 1601 744 diademate

570 791 860 850 Stellarum
901 786 1087 856 potius
1119 779 1322 836 lumine
1353 775 1688 847 praenitent;

571 879 831 938 Donativa
868 875 983 931 suis
1022 869 1288 927 militibus
1327 865 1482 921 dedit

572 969 820 1026 Christus
861 962 1028 1019 Filius
1056 959 1174 1015 haec
1205 955 1321 1010 Dei.

644 1060 721 1113 Ex
759 1066 992 1125 quorum
1023 1059 1251 1105 numero
1282 1049 1410 1100 sunt
1440 1041 1641 1112 quibus
1669 1038 1875 1108 optime

573 1144 780 1204 Gaudet
812 1141 967 1213 plebs
997 1137 1160 1193 hodie
1191 1133 1404 1190 cantica
1443 1141 1715 1200 promere,

574 1235 736 1292 Plebs
773 1231 952 1287 laudis
981 1231 1167 1284 nostra
1197 1225 1303 1293 piae
1334 1226 1483 1277 tanta
1511 1217 1660 1274 velut
1689 1216 1849 1272 decet

574 1324 746 1393 Hujus
785 1320 989 1375 lumina
1029 1314 1242 1385 patriae.

645 1414 964 1475 Fortunate,
1005 1405 1115 1460 tuis
1152 1408 1306 1458 utere
1346 1397 1630 1470 prosperis

569 1501 756 1559 Rebus
793 1512 916 1554 cum
946 1495 1156 1551 meritis
1186 1492 1273 1547 cui
1313 1497 1442 1545 nota
1479 1485 1717 1542 nominis

569 1589 881 1648 Concordat
922 1585 1149 1656 pariter,
1181 1592 1392 1649 nosque
1425 1583 1518 1632 tua
1547 1587 1713 1646 prece

570 1683 645 1736 Da
674 1679 914 1750 gaudere
945 1672 1283 1745 perenniter.

641 1772 708 1825 Et
735 1776 815 1833 tu,
855 1765 1011 1831 Gnie,
1052 1761 1213 1818 bonis
1252 1757 1498 1814 moribus
1535 1767 1715 1809 annue

569 1858 741 1914 Nobis
769 1854 988 1910 assidue
1019 1851 1188 1907 corda
1218 1846 1535 1910 retundere,

571 1950 638 2005 Et
667 1943 816 2016 quod
848 1955 994 1998 nunc
1025 1938 1280 2010 petimus,
1313 1947 1528 1990 sumere
1561 1937 1752 2002 postea

571 2039 685 2093 Nos
722 2032 958 2090 feliciter
986 2028 1201 2098 adjuva.

643 2123 851 2180 Anthes
881 2121 1148 2190 perpetuo
1179 2113 1384 2170 lumine
1414 2108 1703 2180 splendide

573 2213 670 2270 His
699 2217 754 2267 et
782 2223 881 2281 par
918 2205 1114 2263 merito
1140 2205 1263 2274 jure
1293 2214 1396 2255 nec
1425 2198 1615 2254 ultime

571 2304 924 2359 Communem
953 2293 1241 2351 Dominum
1271 2289 1356 2345 fac
1386 2286 1552 2344 toties
1591 2297 1753 2355 roges

569 2393 676 2447 Pro
705 2387 888 2453 nobis,
921 2384 1140 2455 quoties
1171 2386 1350 2451 potes.

640 2479 757 2534 Hoc
797 2473 959 2530 nobis
987 2471 1190 2536 Deitas,
1226 2481 1342 2533 rex,
1374 2471 1468 2520 tua
1507 2460 1755 2518 conferat

568 2565 884 2624 Discordem
915 2559 1158 2618 numeris
1187 2555 1499 2626 congeriem
1530 2552 1723 2622 ligans,

573 2658 639 2713 Ut
669 2662 850 2711 tecum
879 2649 1064 2706 stabili
1098 2660 1232 2718 pace
1262 2659 1361 2715 per
1396 2642 1579 2698 omnia

567 2746 818 2801 Vivamus
848 2741 948 2797 tibi
985 2737 1208 2794 sacula.
1249 2738 1438 2790 Amen.

1262 2826 1306 2878 Χ

971 2920 1103 2974 Item
1132 2914 1268 2971 alius
1297 2913 1361 2967 de
1389 2911 1600 2967 eisdem.

823 3008 1019 3086 Salve“
1033 3006 1172 3071 dies,
1205 3000 1482 3058 tuteribus

754 3097 970 3154 Nostris
997 3094 1198 3160 dicata,
1241 3089 1496 3146 laudibus

756 3183 1011 3255 Insignis,
1045 3186 1101 3237 et
1127 3179 1422 3235 virtutibus

756 3272 991 3330 Summis
1019 3271 1221 3326 decora
1250 3273 1568 3337 martyrum.

827 3362 928 3430 Qui
959 3361 1063 3416 rite
1093 3355 1489 3427 temporalibus

756 3454 889 3508 Dum
920 3449 1254 3520 sempiterna
1285 3443 1605 3516 praeferunt,

758 3539 1031 3596 Mucronis
1071 3538 1184 3592 ictu
1223 3535 1440 3592 concite

752 3629 955 3686 Christi
987 3627 1291 3697 probantur
1321 3623 1544 3678 milites.

826 3720 964 3774 Sunt
1002 3715 1139 3771 mira
1178 3729 1301 3785 quae
1342 3718 1469 3782 post
1508 3709 1795 3765 transitum

757 3803 852 3860 llis
881 3803 1178 3874 contigisse
1209 3800 1472 3856 creditur.

757 3896 899 3949 Aves
922 3905 1112 3949 eorum
1138 3903 1375 3960 corpora

757 3981 1154 4037 Custodiebant
1190 3976 1501 4048 splendida.

830 4070 1065 4125 Obsessa
1097 4068 1216 4123 dire
1250 4066 1446 4136 patria,

762 4160 829 4215 Et
856 4170 999 4228 pene
1029 4155 1193 4211 morti
1222 4153 1443 4218 tradita,

759 4246 957 4304 Mansit
984 4248 1212 4314 repente
1251 4241 1426 4297 libera

761 4339 966 4394 Horum
997 4333 1216 4405 quidem
1251 4329 1497 4388 victoria.

831 4429 1035 4483 Secura
1060 4425 1171 4493 jam
1202 4419 1525 4477 concivibus

762 4513 947 4571 Sancti
976 4511 1200 4568 Salerne
1230 4509 1447 4565 dulcius

763 4604 955 4661 Prabe
987 4602 1098 4658 tuis
1124 4599 1430 4657 victoribus

762 4693 961 4751 Laudis
990 4704 1144 4747 novae
1176 4688 1534 4759 praeconium.

840 4783 906 4838 Hi
937 4786 1065 4837 sunt
1093 4779 1294 4850 quibus
1323 4775 1626 4846 saepissime

768 4874 842 4928 Te
872 4867 1134 4941 gratulari
1165 4866 1454 4930 condecet,

769 4962 1009 5028 Quorum
1039 4955 1249 5026 putaris
1279 4965 1502 5008 munere

771 5051 917 5106 Metu
945 5058 1198 5116 represso
1227 5044 1430 5099 vivere.

844 5140 1041 5194 Hostes
1079 5135 1179 5189 tibi
1207 5131 1454 5188 visibiles

772 5227 965 5294 Pellat,
998 5230 1053 5281 et
1089 5220 1394 5279 invisibiles
1417 5241 1430 5287 ;

769 5321 1072 5388 Augmenta
1109 5311 1262 5383 pacis
1300 5308 1602 5380 praebeant,

769 5407 1115 5476 Summaeque
1145 5402 1270 5458 vitae
1302 5397 1546 5470 praemia.

843 5497 1063 5552 Summo
1093 5489 1312 5549 Parenti
1341 5486 1537 5559 gloria,

773 5585 1020 5654 Natoque
1049 5582 1121 5638 sit
1148 5579 1400 5646 victoria,

2123 415 2174 474 A

1592 291 1885 348 ALPHANI
1926 288 2368 344 SALEBNITANI
2406 287 2716 344 ARCHIEP.

2479 413 2545 467 Et
2573 408 2802 466 Flamini
2830 413 2953 464 taus
2981 409 3166 464 debita

2479 502 2582 554 Per
2609 497 2938 554 saeculorum
2970 498 3192 552 saecula.
3224 500 3414 551 Amen.

2965 587 3054 640 XI.

2727 676 2804 730 De
2839 679 3022 729 sancto
3060 671 3309 731 Nicolao.

2473 767 2588 820 Rex
2617 778 2827 835 regum,
2861 765 3004 818 Deus
3034 763 3299 828 omnium,

2401 855 2726 909 Sanctorum
2756 852 2926 906 decus
2957 856 3012 906 et
3039 851 3235 920 gloria,
3268 849 3361 920 qui
3392 849 3564 905 duces

2403 944 2582 999 Sacrae
2621 941 2832 997 militiae
2863 941 3018 996 novis

2403 1033 2630 1102 Semper
2658 1031 2977 1086 muneribus
3007 1028 3330 1099 perspicuos
3359 1026 3529 1083 facis:

2473 1123 2648 1178 Ornas
2677 1127 2734 1176 et
2766 1120 3074 1175 diademate

2386 1210 2578 1280 Regni
2611 1215 2899 1280 perpetuo,
2932 1221 3044 1278 quo
3074 1208 3281 1277 pariter
3309 1205 3438 1274 frui,

2402 1301 2604 1355 Tecum
2632 1299 2829 1354 vixisse
2861 1306 3108 1367 tempore

2403 1393 2540 1445 Ante
2582 1387 2842 1458 principii
2873 1386 3124 1441 constitit
3154 1392 3213 1440 ut
3241 1385 3408 1441 diem.

2471 1477 2685 1532 Adsunt
2713 1474 2859 1531 unde
2889 1473 3150 1541 celebria,

2406 1567 2612 1622 llorum
2641 1562 2778 1620 festa
2811 1564 2917 1633 piis
2946 1562 3201 1618 laudibus
3228 1575 3428 1628 annua,

2405 1656 2537 1710 Cum
2567 1652 2804 1708 mundus
2831 1666 2930 1708 sua
2968 1651 3190 1721 praemia

2405 1745 2509 1800 Per
2537 1743 2784 1798 dimensa
2812 1742 2897 1797 sui
2929 1741 3147 1796 climata
3176 1740 3460 1811 praedicat.

2474 1834 2547 1888 Te
2588 1831 2947 1902 poscentibus
2976 1844 3154 1886 annue

2404 1922 2490 1977 Uti
2521 1921 2825 1978 dulcisonis
2853 1921 3106 1976 cantibus

2403 2009 2662 2066 Nicolaus
2691 2009 2807 2065 adit
2835 2009 3018 2064 sidera
3046 2007 3307 2080 fulgidus.

2478 2190 2536 2243 In
2567 2195 2760 2258 quarta
2791 2201 2928 2257 puer
2959 2187 3046 2242 hic
3076 2186 3264 2253 semel,

2407 2278 2474 2332 Et
2501 2283 2652 2333 sexta
2692 2275 2828 2332 feria
2859 2280 3080 2331 suxerat
3110 2276 3300 2339 ubera,

2401 2364 2557 2432 Quod
2597 2364 2846 2420 mirabile
2878 2363 3166 2433 prandium

2403 2455 2757 2510 Contractum
2798 2454 3020 2508 minime
3051 2458 3103 2508 te
3133 2451 3252 2507 sine
3284 2450 3550 2506 creditur.

2476 2542 2787 2598 Transactis
2817 2541 3123 2612 puerilibus

2403 2631 2594 2697 Annis,
2627 2631 2890 2687 Ecclesiae
2922 2630 3110 2685 limina
3149 2630 3352 2699 saepius

2405 2720 2713 2775 Observaus
2743 2719 3059 2788 patrimonii

2405 2808 2690 2864 Haeredem
2722 2807 2840 2863 ﬁeri
2871 2815 2924 2863 te
2954 2807 3128 2862 voluit
3155 2805 3262 2861 sui.

2475 2901 2623 2953 Auro
2661 2911 2772 2953 non
2805 2896 3022 2952 modico
3053 2896 3156 2950 viri

2403 2985 2568 3042 Sedat
2606 2986 2949 3056 pauperiem,
2990 2999 3149 3055 quam
3183 2984 3389 3053 patitur
3416 2984 3551 3039 mise

2403 3076 2605 3144 Stupro
2634 3075 2880 3146 germine
2912 3074 3128 3130 nobiles

2405 3165 2537 3219 Tres
2567 3178 2597 3218 a
2626 3178 2686 3219 se
2715 3165 2929 3234 genitas
2959 3163 3174 3218 tradere
3203 3163 3460 3234 virgines.

2479 3255 2594 3309 IIoc
2623 3254 2802 3324 Myrea
2840 3253 3162 3322 metropolis

2407 3343 2578 3413 Digna
2607 3344 2912 3412 promeruit
2939 3342 3174 3412 praesule
3205 3355 3305 3411 pro
3335 3341 3442 3406 sui,

2407 3432 2576 3500 Quem
2607 3431 2789 3486 divina
2817 3430 3075 3486 ﬁdelibus

2408 3522 2524 3576 Vox
2554 3520 2740 3576 audita
2769 3521 2878 3575 tuis
2905 3520 3085 3592 signat
3115 3519 3454 3590 episcopum.

2479 3610 2806 3680 Compulsus
2835 3610 3112 3680 precibus,
3147 3610 3312 3664 maris

2410 3699 2748 3769 Compressit
2775 3699 2940 3754 citius
2967 3697 3173 3769 grande
3204 3696 3530 3768 periculum,

2410 3789 2477 3844 Et
2505 3794 2678 3858 ponto
2709 3802 2884 3858 prope
2913 3788 3176 3844 subrutos

2409 3876 2726 3946 Tranquillo
2758 3877 2978 3948 penitus
3006 3876 3248 3932 restituit
3276 3875 3422 3932 loco.

2482 3967 2673 4022 Nautis
2703 3965 2780 4021 nil
2812 3966 3028 4032 minuit,
3061 3966 3247 4021 datum

2412 4059 2653 4126 Augusto
2685 4055 2867 4110 sancis
2905 4055 2962 4109 in
2993 4060 3242 4125 tempore
3274 4054 3538 4121 triticum,

2413 4145 2518 4200 Sed
2558 4158 2657 4213 per
2685 4145 2815 4214 juge
2847 4143 3129 4198 biennium

2413 4233 2639 4288 Cunctis
2675 4233 2782 4288 hoc
2811 4230 2989 4287 fuerat
3019 4232 3180 4302 copia
3211 4231 3441 4286 civibus.

2487 4320 2672 4377 Hostis
2701 4319 2985 4376 fraudibus
3013 4320 3242 4376 obvians

2417 4410 2630 4466 Versuti
2662 4409 2856 4481 pelago
2890 4423 2984 4464 vas
3015 4409 3196 4465 oleum
3228 4406 3411 4464 ferens

2413 4498 2628 4555 Eﬂ‘undi
2661 4500 2820 4569 jubet
2857 4499 3032 4565 ocius,

2413 4587 2570 4656 Quod
2599 4587 2901 4644 combussit
2931 4601 3088 4656 aqua;
3122 4585 3400 4641 materiam
3440 4585 3557 4640 diu.

2488 4678 2617 4733 Post
2647 4691 2809 4748 poena
2833 4676 3030 4746 capitis
3059 4689 3188 4732 reos

2417 4765 2549 4820 Tres
2577 4779 2608 4820 a
2632 4765 2807 4822 morte
2837 4765 2985 4830 viros
3015 4763 3180 4834 eripit
3215 4763 3469 4834 impiger,

2417 4853 2583 4921 Cujus
2613 4866 2844 4922 namque
2875 4854 3138 4922 potentiae

2418 4941 2486 4997 Et
2512 4941 2711 4997 clausae
2741 4940 2946 4998 bifores
2971 4948 3169 5012 sponte
3199 4955 3295 4995 sua
3325 4945 3535 5010 patent.

2492 5032 2551 5085 ln
2580 5031 2788 5086 somnis
2815 5030 2981 5087 modo
3019 5032 3312 5094 Caesarem,

2421 5119 2833 5190 Exarchumque
2865 5119 3028 5176 modo
3060 5119 3274 5174 territat
3302 5116 3524 5183 acriter,

2421 5209 2487 5264 Et
2513 5208 2670 5266 valde
2702 5209 2914 5279 positus
2945 5208 3137 5279 procul

2420 5297 2580 5354 Pellit
2617 5304 2771 5368 parta
2802 5297 2967 5354 trium
2996 5295 3186 5353 funera
3217 5294 3550 5367 principum.

2491 5387 2737 5456 Nicolae,
2778 5386 3025 5444 salutifer

2424 5479 2488 5534 Et
2524 5483 2674 5534 tutor
2701 5475 2916 5533 famulis
2945 5483 3064 5534 esto
3104 5474 3423 5548 perenniter

2421 5568 2647 5625 Cunctis
2682 5572 2735 5624 te
2765 5566 3173 5624 celebrantibus

3705 280 3843 335 1228
