4106 6178
245 402 372 457 I229

370 531 486 586 Hoc
514 529 654 588 festo
695 535 927 604 placidis
954 555 1076 598 cum
1117 545 1215 601 tibi
1256 546 1526 608 laudibus.

437 621 510 675 Te
539 621 865 681 mirabiliter
894 630 1046 698 colit,

367 709 592 776 Laudat,
623 715 931 783 magnificat
959 720 1166 778 Graecia
1196 725 1435 795 nobilis;

365 798 476 851 lmo
507 800 676 855 totius
706 803 856 858 orbis
886 805 1004 862 haec

360 885 570 942 Gaudet
600 897 742 945 meta
773 893 872 947 tibi
913 909 1136 953 munera
1165 900 1398 959 solvere.

432 977 615 1032 Mundi
651 980 818 1036 Roma
849 991 1012 1053 caput
1043 988 1151 1042 tuis

362 1064 642 1132 .‘Equalem
681 1069 924 1126 celebrat
952 1088 1171 1143 semper
1199 1080 1485 1148 apostolis,

358 1153 525 1221 Cujus
561 1157 755 1212 crebra
778 1160 1052 1228 juvamina

356 1242 478 1296 Non
516 1244 702 1300 multis
731 1249 988 1315 precibus
1026 1255 1244 1322 quaerit,
1278 1263 1332 1312 et
1371 1258 1626 1330 impetrat

425 1332 558 1398 Quis
586 1347 696 1390 non
727 1336 953 1394 duceret
983 1341 1129 1398 hunc
1159 1344 1302 1400 diem

355 1420 572 1476 Festum
610 1422 734 1492 plus
763 1427 1010 1496 reliquis,
1045 1446 1166 1487 cum
1206 1436 1552 1504 genitoribus

353 1508 524 1564 Natus
553 1511 737 1567 reddit
775 1515 844 1570 ab
884 1517 1140 1576 hostibus

353 1597 561 1666 Raptos
587 1601 655 1656 ad
686 1604 819 1658 varii
851 1607 1060 1663 servitii
1085 1612 1294 1678 ngum.

421 1688 580 1744 Ponti
620 1691 951 1762 multiplices
987 1697 1140 1753 sinus

346 1775 653 1834 Observans
680 1779 826 1836 facili
867 1798 987 1839 cum
1021 1801 1184 1855 prece
1216 1793 1479 1859 posceris.

347 1865 783 1936 Tempestatibus
809 1871 1049 1930 horridis

345 1955 652 2013 Submeisis
680 1960 911 2017 miseros
936 1965 1164 2022 navibus
1192 1969 1377 2038 eripis.

967 2055 1080 2110 XII.

590 2139 656 2190 In
683 2136 889 2195 laudem
915 2149 1114 2199 sanctas
1143 2145 1472 2203 Christiana.

209 2220 362 2290 Virgo
393 2221 572 2279 dicata
601 2225 711 2281 Deo
742 2229 921 2296 nobis,
955 2231 1249 2300 Christina,
1291 2235 1490 2305 faveto,

270 2309 347 2364 Sit
377 2310 565 2382 decusg
607 2319 771 2384 atque
810 2318 968 2387 quies
1006 2322 1260 2378 omnibus
1290 2325 1392 2379 ista
1423 2327 1561 2383 dies.

202 2397 356 2453 Plebs
393 2399 532 2457 bene
572 2402 735 2459 docta
780 2406 943 2461 nimis
982 2409 1082 2464 tibi
1123 2411 1376 2468 laudibus
1424 2414 1586 2471 instat
1628 2419 1837 2488 amicis,

269 2489 442 2544 Possit
479 2497 540 2546 ut
567 2493 770 2549 auxilio
801 2501 916 2550 tuta
949 2512 1168 2554 manere
1210 2506 1323 2558 tuo.

196 2577 269 2630 Tu
306 2581 497 2646 patriae
528 2581 663 2652 legis
693 2598 872 2639 mores
905 2587 1038 2641 nihil
1081 2603 1200 2644 esse
1235 2590 1452 2661 fateris,

270 2667 332 2721 Ut
370 2668 572 2726 doceas
596 2673 844 2738 comites,
887 2689 1010 2744 quae
1049 2679 1119 2732 sit
1148 2679 1400 2738 habenda
1431 2685 1585 2741 fides.

196 2753 342 2825 Idola
371 2758 689 2830 confringis,
732 2762 1049 2831 praafectum
1080 2767 1332 2839 dogmate
1370 2774 1562 2843 vincis,

268 2845 395 2900 Esse
426 2848 594 2903 Deum
624 2850 875 2916 credens,
910 2854 1002 2921 qui
1033 2870 1199 2925 super
1236 2867 1380 2915 astra
1410 2864 1586 2919 sedet.

193 2932 402 3003 Flagra,
436 2942 631 3004 rotam,
663 2939 876 3008 gladios
906 2944 1138 3011 primum
1170 2948 1404 3018 depellis
1430 2960 1642 3022 acutos,

264 3021 391 3076 Post
421 3023 615 3095 pelago
644 3041 874 3084 mersam
915 3036 968 3085 te
997 3032 1151 3089 dedit
1172 3037 1316 3092 unda
1347 3037 1512 3096 foras.

188 3108 292 3164 Sed
333 3118 490 3179 pater
525 3115 726 3171 infidus
756 3119 921 3174 miser
950 3122 1154 3178 occidit
1183 3125 1359 3182 hostis
1379 3129 1620 3200 iniquus,

259 3200 378 3268 Ipse
409 3201 631 3270 quidem
664 3207 842 3273 petiit,
876 3215 929 3264 te
960 3211 1101 3266 Deus
1141 3215 1362 3283 eripuit.

185 3287 475 3358 Frangitur
503 3291 608 3346 olla
639 3295 773 3349 satis
802 3296 1047 3355 conferta
1081 3301 1388 3372 liquoribus
1418 3309 1571 3376 atris,

251 3380 427 3434 Aurea
456 3379 632 3436 delusi
661 3383 796 3439 solis
825 3386 1004 3458 imago
1036 3392 1165 3446 ruit.

179 3466 296 3522 Hoc
325 3467 463 3523 male
493 3471 653 3526 turba
677 3471 858 3529 ferens
887 3478 954 3531 ad
990 3479 1194 3546 judicis
1232 3483 1446 3540 intonat
1476 3488 1643 3556 aedes,

250 3555 333 3611 Fit
362 3571 489 3613 reus
518 3559 574 3614 in
616 3575 780 3618 causa
806 3579 1005 3621 censor
1036 3573 1091 3623 et
1120 3570 1237 3639 ipse
1272 3579 1384 3628 tua.
1592 3646 1596 3650 ~

175 3644 498 3703 Tradiderat
526 3649 631 3704 diri
663 3651 891 3708 ﬂammis
920 3661 1010 3711 tua
1041 3660 1283 3715 membra
1313 3664 1534 3731 camini,

246 3733 374 3799 Quae
406 3741 607 3805 tamen,
641 3745 700 3794 ut
738 3741 928 3809 voluit,
965 3746 1196 3814 perdere
1227 3763 1338 3804 non
1371 3754 1572 3820 potuit.

172 3822 443 3879 Occubuit
481 3827 686 3882 Marsus
710 3838 1023 3899 serpentum
1064 3838 1338 3894 morsibus
1366 3847 1547 3911 aptus,

243 3911 473 3968 Nomine
502 3915 598 3970 sed
629 3918 842 3974 Domini
873 3923 1076 3979 restitit
1105 3925 1415 3984 incolumis.

169 3998 302 4054 Inde
333 4015 489 4058 cares
517 4003 721 4075 lingua,
757 4012 1029 4066 truncaris
1059 4019 1290 4086 utraque
1333 4020 1590 4088 mamilla,

241 4089 484 4146 Inficeris
505 4094 724 4162 jaculis,
755 4097 834 4151 sic
873 4099 1022 4156 celer
1051 4110 1195 4159 astra
1235 4107 1397 4175 petis.

165 4176 308 4247 Ergo
349 4179 508 4244 doce,
540 4183 692 4254 virgo
731 4188 942 4244 caelesti
974 4191 1136 4248 docta
1166 4196 1447 4265 magistro,

234 4267 375 4333 Quid
407 4275 498 4325 tua
528 4271 684 4342 plebs
706 4272 868 4332 faciat
895 4293 1006 4347 quo
1036 4280 1175 4338 cluis
1200 4290 1258 4339 ut
1297 4286 1498 4342 veniat.

916 4368 1052 4423 XIII.

809 4456 874 4508 In
903 4457 1157 4514 eamdem.

151 4532 485 4592 Intemerata
513 4537 619 4594 ﬁde
648 4545 854 4598 nostra:
883 4558 1144 4601 succurre
1175 4549 1348 4606 ruinae
1373 4594 1387 4618 ,

222 4624 349 4692 Ipse
389 4625 542 4682 dedit
569 4629 732 4698 vires,
768 4635 925 4702 cujus
963 4648 1146 4691 amore
1173 4638 1342 4709 viges.

146 4712 248 4778 Tu,
287 4719 442 4783 patre
473 4724 809 4790 contempto,
843 4724 976 4794 Regi
1007 4728 1300 4796 conjuncta
1329 4745 1570 4801 superno
1596 4777 1609 4801 ,

217 4803 408 4873 Iurgia
439 4805 680 4875 derides,
712 4811 940 4867 verbera
971 4813 1117 4870 nulla
1151 4817 1328 4874 times.

140 4890 210 4944 Et
243 4893 376 4961 quia
408 4899 461 4948 te
491 4895 740 4953 Christus
777 4901 1023 4958 Salvator
1062 4907 1307 4974 possidet
1339 4909 1506 4978 intus,

216 4981 326 5047 Ira,
350 4981 524 5052 furor,
542 4986 756 5056 gladius
785 4991 861 5044 nil
901 4993 1042 5048 valet
1067 4997 1328 5053 exterius.

129 5070 301 5126 Iussa
335 5072 534 5132 ducum
564 5078 799 5146 spernis,
835 5084 1032 5138 temnis
1062 5095 1336 5157 praecepta
1369 5094 1630 5162 parentis,

207 5160 303 5215 Sic
334 5171 515 5218 servat
541 5180 797 5235 sponsam
830 5185 923 5226 rex
954 5173 1007 5227 in
1038 5188 1212 5245 agone
1241 5193 1413 5235 suam.

122 5249 355 5306 {Estuat
393 5254 662 5322 Urbanus,
695 5257 877 5316 fremit
906 5263 1084 5328 ldion,
1116 5273 1171 5321 et
1197 5268 1466 5326 Julianus.

196 5341 371 5396 Arma
402 5343 686 5413 pudicitiae
713 5350 834 5417 quis
866 5366 1124 5419 superare
1175 5363 1398 5425 potest?

114 5426 234 5481 Sed
270 5430 403 5498 quia
429 5438 610 5489 mente
641 5435 780 5491 colis
807 5438 1101 5507 Christum,
1127 5457 1287 5512 quem
1318 5449 1538 5507 nomine
1570 5453 1782 5524 prodis,

196 5514 262 5569 ln
305 5515 486 5589 fragili
525 5536 657 5579 sexu
696 5524 854 5582 fortis
882 5528 1027 5584 inest
1053 5532 1284 5590 animus.

109 5602 364 5659 leitus
394 5607 551 5677 igniti
583 5610 828 5682 frigescit
858 5617 1071 5674 ﬂamma
1099 5623 1318 5678 camini.

196 5691 527 5763 Virgineum
557 5713 760 5771 corpus
797 5717 907 5761 non
936 5709 1140 5767 retinet
1167 5711 1412 5784 pelagus.

1756 436 2073 500 CARMINA.

1885 567 2074 634 ANon
2105 577 2244 640 rota,
2279 589 2388 632 non
2418 577 2642 651 ferrum,
2677 600 2786 642 non
2816 592 3025 661 spicula
3064 599 3212 657 mille
3243 601 3518 667 furentum

1867 1901 1914 1957 B

3459 483 3594 542 I230

2025 657 2320 718 Immutant
2347 667 2605 738 animum,
2635 674 2786 747 virgo
2826 657 3004 750 beata,
3037 690 3209 745 tuum.

1951 744 2219 816 Virgineis
2251 755 2508 821 precibus
2530 744 2748 829 juvenis
2785 767 2853 824 de
2884 781 3059 831 morte
3089 793 3382 854 resurgens

2019 836 2258 896 {Etherei
2288 845 2454 915 Regis
2481 851 2735 909 subditur
2772 857 3036 929 imperiis.

1945 924 2084 990 Quid
2111 929 2323 987 Juliane
2352 933 2522 992 facis!
2557 942 2688 1010 quid
2720 924 2919 1006 censor
2949 952 3135 1025 inique
3176 964 3451 1022 moraris?

2019 1016 2204 1073 Victus
2233 1035 2312 1088 es,
2347 1029 2405 1079 ut
2433 1027 2614 1098 video,
2655 1041 2878 1102 pectore
2918 1016 3176 1103 femineo.

1943 1101 2148 1160 Perﬁce
2179 1110 2326 1177 quod
2358 1123 2547 1184 restat,
2591 1101 2738 1178 tenta
2779 1129 2924 1196 quod
2967 1101 3172 1190 durius
3190 1146 3386 1199 exstat.

2011 1194 2131 1249 Non
2171 1207 2350 1256 cesset
2379 1201 2586 1275 feritas,
2619 1223 2729 1267 non
2761 1194 2919 1273 vacet
2948 1221 3221 1292 impietas.

1937 1281 2104 1338 Aufer
2157 1287 2336 1346 adhuc
2374 1293 2633 1368 linguam,
2685 1305 2868 1375 miser,
2911 1311 3064 1368 aufer
3122 1324 3409 1390 utramque
3463 1339 3583 1382 ma-

3258 1411 3462 1469 millam
3487 1434 3502 1482 ;

2007 1462 2112 1518 Sed
2142 1465 2188 1520 si
2220 1480 2328 1525 non
2359 1471 2624 1546 loquitur,
2657 1490 2838 1541 mente
2876 1489 2988 1546 Deo
3018 1491 3238 1564 fruitur,

1933 1549 2044 1606 Nos
2083 1554 2182 1609 tibi
2212 1563 2552 1634 commissos,
2576 1569 2880 1631 Christiana
2912 1579 3156 1648 piissima
3185 1549 3358 1658 virgo,

2002 1641 2233 1714 Protege
2273 1655 2574 1722 perpetuis,
2607 1641 3187 1739 poscimus-auxiliis;

1931 1726 2127 1786 Afﬂuat
2156 1733 2211 1788 in
2251 1738 2414 1795 nobis
2442 1748 2635 1802 aeterni
2667 1764 2864 1808 munus
2893 1759 3116 1828 amoris,

2000 1818 2166 1884 Quam
2198 1824 2336 1882 colis
2364 1830 2432 1884 ad
2464 1835 2694 1900 patriam
2724 1854 2858 1909 grex
2899 1848 3024 1901 tuus
3053 1818 3114 1902 ut
3141 1851 3342 1907 veniat.

2692 1927 2827 1985 XIV.

2581 2013 2648 2066 In
2676 2018 2930 2075 eamdem.

2207 2089 2392 2162 Virgo,
2433 2096 2688 2156 sidericis
2725 2106 2896 2163 ardua
2931 2112 3177 2185 sedibus,

2065 2173 2158 2240 Te,
2190 2177 2515 2251 Christiana,
2550 2189 2658 2243 tuis
2687 2191 2870 2251 insere
2903 2173 3177 2270 plebibus,

2067 2264 2133 2317 Ut
2163 2267 2376 2334 possint
2405 2272 2623 2341 placido
2655 2292 2798 2337 nunc
2829 2264 2929 2341 tibi
2968 2264 3193 2357 pectore

2209 2357 2406 2414 Laudis
2434 2365 2617 2420 munia
2645 2369 2880 2428 solvere.

2064 2440 2341 2538 Tu_patris
2372 2451 2538 2508 rutilo
2564 2456 2852 2525 splendida
2880 2468 3146 2538 germine,

2063 2530 2168 2586 Sed
2209 2535 2380 2593 multo
2411 2541 2607 2598 melius
2646 2530 2977 2610 moribus'et
3015 2530 3144 2629 fide,

2063 2619 2197 2676 Dum
2228 2631 2378 2681 casto
2408 2628 2614 2702 refugis
2652 2650 2886 2707 corpore
2916 2619 3198 2716 saeculum,

2203 2714 2457 2782 Acquiris
2497 2723 2750 2781 comitem
2781 2730 2969 2789 Deum.
3057 2794 3072 2805 ,

2069 2801 2235 2868 Cujus
2265 2803 2416 2871 jussa
2448 2811 2638 2876 probis
2675 2817 2890 2874 actibus
2921 2801 3156 2891 prodere
3195 2843 3304 2886 non
3336 2833 3498 2891 times

2060 2889 2228 2955 Quem
2260 2895 2419 2950 saevis
2454 2899 2688 2958 ducibus
2717 2889 2953 2976 prodere
2993 2928 3103 2971 non
3136 2920 3294 2976 times

2061 2978 2400 3050 Contemptis
2429 2988 2609 3046 valido
2641 3003 2866 3062 pectore
2905 3001 3104 3060 fortius

2203 3070 2491 3131 Poenarum
2521 3094 2695 3150 genus
2724 3085 3029 3148 horridum.

2059 3157 2210 3254 Quae,
2244 3161 2324 3215 vel
2355 3174 2558 3254 quanta
2589 3173 2790 3240 quibus
2820 3180 3008 3246 praalia
3033 3188 3271 3254 gesseris

2051 3244 2199 3314 Ignis
2228 3262 2350 3304 cum
2380 3252 2597 3324 gladiis,
2631 3244 2886 3333 fustibus,
2921 3277 2974 3325 et
3007 3244 3164 3341 rotis,

2055 3333 2277 3404 Vinclis,
2311 3343 2654 3415 verberibus,
2697 3367 2930 3424 cumque
2958 3359 3237 3420 ferocibus

2195 3425 2446 3484 Telorum
2480 3436 2677 3500 probat
2706 3441 2927 3501 ictibus.

2045 3510 2443 3608 Iam-suprema
2476 3522 2589 3588 poli
2629 3540 2752 3595 quae
2777 3541 3034 3599 penetras
3062 3537 3205 3608 loca,

2045 3598 2216 3655 Nobis
2254 3608 2312 3656 ut
2342 3614 2582 3676 pateant,
2625 3613 2730 3671 hoc
2761 3598 2923 3687 prece
2953 3623 3036 3680 fac
3068 3633 3178 3684 tua.

2044 3687 2111 3742 Et
2139 3702 2359 3760 semper
2387 3709 2708 3770 memorum,
2742 3708 2786 3761 si
2819 3716 3229 3785 memoraberis,

2184 3779 2335 3836 Felix
2365 3797 2484 3841 esse
2516 3803 2724 3848 memor
2761 3798 2915 3855 velis.

2040 3864 2129 3920 Sic
2163 3869 2324 3924 nobis
2363 3873 2563 3944 Deitas,
2595 3882 2732 3937 Rex.
2769 3891 2856 3942 tua
2890 3891 3155 3962 conferat,

2037 3954 2356 4016 Discordem
2387 3970 2629 4024 numeris
2668 3979 2980 4045 congeriem
3021 3983 3217 4055 ligans,

2038 4044 2104 4099 Ut
2132 4059 2318 4104 secum
2355 4054 2539 4111 stabili
2581 4073 2714 4128 pace
2745 4044 2845 4133 per
2883 4044 3064 4128 omnia

2175 4135 2426 4197 Vivamus
2464 4144 2564 4200 tibi
2602 4152 2856 4208 szecula.‘

2673 4241 2780 4296 XV.

2537 4326 2602 4377 In
2632 4330 2884 4387 eamdem.

2133 4455 2140 4458 ,
2243 4406 2468 4463 Fontem
2510 4417 2770 4480 perennis
2803 4423 2992 4488 gratia;

2174 4492 2383 4562 Praebe,
2417 4501 2564 4567 quod
2597 4516 2676 4569 es,
2710 4507 2836 4562 Jesu
2877 4512 2988 4580 pie,

2172 4581 2228 4634 ln
2260 4581 2420 4640 laude
2453 4593 2616 4645 tanta:
2645 4593 2871 4664 virginis

2166 4669 2271 4725 Pro
2312 4678 2363 4727 te
2396 4680 2599 4744 paratis
2629 4685 2882 4741 servulis.

2235 4761 2364 4817 Ilaec
2396 4778 2628 4837 namque
2658 4773 2890 4839 primum
2924 4782 3143 4840 nomine

2162 4845 2292 4903 Post
2330 4858 2382 4905 te
2413 4863 2630 4911 notarat
2667 4860 2940 4933 dogmate,

2158 4934 2246 4991 Sic
2276 4952 2477 5008 sponsa
2505 4949 2694 5013 sponsi
2725 4953 2899 5021 gloria

2157 5025 2296 5092 Apte
2326 5025 2431 5083 frui
2462 5031 2805 5096 decreverat.

2230 5116 2404 5173 Exosa
2436 5135 2664 5194 pompas
2693 5132 2882 5187 saeculi

2157 5201 2228 5255 Te
2259 5202 2432 5262 forma
2462 5216 2715 5280 quaesivit
2745 5219 2896 5288 boui,

2155 5292 2322 5357 Quem
2353 5294 2458 5352 ﬁxa
2497 5301 2621 5357 telis
2651 5304 2892 5364 horridis

2153 5379 2396 5439 Laudare
2428 5399 2703 5459 nunquam
2733 5396 2917 5454 desiit.

2222 5471 2377 5528 Nunc
2415 5485 2567 5546 grata
2606 5496 2838 5551 carpens
2868 5492 3111 5558 gramina

2151 5558 2299 5614 Inter
2335 5577 2580 5622 rosarum
2608 5575 2874 5641 germina,

2148 5647 2368 5705 Gemnis
2395 5655 2685 5716 micantem
2716 5661 2938 5734 fulgidis

2148 5735 2333 5793 Gestat
2361 5753 2619 5803 coronam
2658 5748 2899 5811 luminis.
