4106 6178
594 392 723 448 1231
1709 395 1999 451 ALPHANI
2038 392 2482 449 SALERNITANI
2518 391 2832 448 ARCHIEP.

948 519 1085 573 Vere
1115 518 1391 589 perauctis
1419 517 1689 576 fructibus
2249 521 2302 580 Α,
2459 517 2676 573 Arctius
2703 514 2930 571 summis
2956 514 3156 570 studiis
3184 515 3393 571 relictis

873 609 1067 663 Semen
1098 608 1316 663 reduxit
1344 608 1684 679 centuplum,
2456 606 2640 662 Rebus
2671 612 2727 660 et
2758 603 2929 674 patris
2956 601 3118 674 fugis,
3151 611 3207 659 et
3236 603 3443 660 salubri

868 698 1000 752 Cum
1039 697 1145 752 rite
1184 695 1305 753 fuso
1334 698 1600 769 sanguine
2285 759 2292 768 ι
2669 696 2831 748 Veste
2861 692 3065 748 bearis.

871 784 1014 840 Talis
1050 784 1151 840 tibi
1179 785 1271 840 lux
1301 791 1456 857 parta
1486 794 1589 843 est.
2456 786 2691 840 Foveras
2718 787 2877 838 antro
2916 789 3009 837 tua
3038 781 3281 837 membra
3313 795 3478 851 parvo

940 875 1044 929 Per
1080 876 1407 931 saeculorum
1438 877 1641 933 saacula
2419 873 2696 929 Mensibus
2722 873 2895 927 versis
2924 872 3115 928 novies
3143 872 3450 942 quaternis,

869 965 1015 1020 Patri
1044 979 1302 1034 supremo
1330 966 1527 1037 gloria,
2452 964 2570 1031 Quo
2600 976 2826 1018 manens
2856 961 3022 1017 nullis
3049 962 3354 1030 hominum,
3377 962 3474 1017 sed
3505 962 3605 1016 uni

865 1054 1051 1109 Virtus
1089 1055 1188 1109 tibi
1227 1054 1299 1109 sit
1330 1055 1491 1121 Filio,
2667 1054 2842 1109 Notus
2869 1051 3111 1107 haberis.

865 1143 999 1199 Cum
1028 1143 1234 1213 Spiritu
1267 1143 1559 1200 Paraclito.
2452 1142 2613 1198 Grata
2652 1141 2838 1197 divino
2870 1140 2968 1196 tibi
2999 1139 3138 1196 festa
3168 1146 3305 1197 nutu

1340 1233 1472 1287 XVI.
2452 1228 2755 1286 Conferunt
2784 1236 2995 1299 pastum
3028 1229 3261 1285 latitans.
3278 1229 3505 1297 videris,

1024 1321 1101 1375 De
1132 1325 1316 1376 sancto
1345 1322 1500 1377 Petro
1532 1320 1793 1392 apostolo.
2453 1320 2614 1375 Fama
2653 1318 2731 1385 fit,
2763 1318 2961 1374 vulnus
2991 1320 3136 1389 perit
3166 1333 3328 1375 omne
3368 1319 3569 1375 mentis

573 1408 727 1467 Alma
753 1408 874 1466 dies
902 1409 1091 1465 rutilat
1128 1415 1246 1465 toto
1286 1409 1646 1466 celeberrima
1676 1409 1901 1477 mundo,

573 1499 848 1570 Sanguine
886 1513 1049 1570 quam
1081 1500 1308 1569 preprio
1340 1501 1534 1556 Petrus
1563 1501 1844 1556 decoravit
1870 1500 1925 1555 in
1958 1512 2153 1556 aevum.

577 1590 760 1645 Ardua
801 1590 1093 1659 purpureis
1132 1590 1419 1660 tinguntur
1447 1590 1649 1660 templa
1679 1590 1991 1661 triumphis.
2449 1586 2715 1656 Populum
2746 1584 2968 1656 frangit,
3001 1600 3135 1656 vaga
3164 1599 3319 1642 mens
3348 1585 3585 1657 fugatur

575 1680 717 1735 Laus
745 1684 929 1735 manet
958 1679 1187 1748 aequalis
1217 1693 1446 1735 numero
1477 1681 1676 1736 librata
1705 1680 1875 1747 duali,
2452 1674 2689 1747 Virgulae
2720 1682 2890 1743 tactu,
2924 1675 3044 1730 fluit
3072 1690 3102 1731 e
3135 1682 3323 1731 cavato

575 1768 716 1823 Ecce
745 1768 879 1823 ratis
907 1767 1071 1837 pleno
1096 1766 1379 1824 confertur
1406 1770 1624 1826 concita
1654 1769 1796 1837 velo,
2665 1767 2931 1822 Marmore
2959 1765 3200 1836 lympha.

575 1856 809 1913 Credula
847 1854 1045 1913 falcato
1070 1858 1180 1926 jam
1211 1858 1395 1914 bellua
1424 1860 1670 1929 carpitur
1700 1860 1881 1915 hamo.
2240 1888 2290 1945 B
2456 1854 2633 1945 Insilit
2660 1854 2867 1910 ferrum
2896 1855 3094 1925 capulo
3122 1869 3421 1910 reversum.

576 1946 852 2002 Auxiliare
885 1947 995 2002 tuis
1026 1953 1195 2017 patet,
1236 1947 1663 2017 archiapostole,
1692 1949 1883 2004 servis.
2242 1944 2271 1945 ﬁ
2454 1944 2631 2000 Mollis
2667 1945 2938 2001 humanos
2967 1945 3114 2015 regis
3143 1945 3288 2000 unda
3320 1959 3533 2014 passus,

576 2037 797 2107 Nosque
826 2037 939 2091 Deo
969 2042 1127 2092 caute
1166 2036 1407 2093 sinuosis
1436 2037 1649 2094 retibus
1678 2037 1830 2094 affer.
2448 2036 2563 2104 Qua
2594 2039 2739 2090 tuam
2770 2042 2959 2104 raptus
2989 2035 3246 2091 Placidus
3273 2034 3528 2092 melotem

577 2125 813 2195 Imperio
841 2124 1043 2181 Christi
1073 2126 1202 2181 dum
1232 2132 1369 2193 rete,
1404 2132 1691 2199 ratemque
1721 2126 2010 2198 relinquis,
2665 2126 2907 2181 Cernere
2937 2124 3133 2181 fertur.

574 2214 821 2286 Claviger
848 2216 904 2270 in
935 2215 1111 2280 cmlis,
1144 2215 1308 2271 terris
1338 2216 1581 2286 piscator
1608 2216 1852 2274 haberis.
2453 2214 2664 2270 Charus
2692 2215 3024 2272 horrendam
3052 2214 3179 2270 tulit
3206 2214 3321 2269 ales
3350 2228 3550 2280 escam,

578 2306 709 2361 Esse
738 2306 906 2361 Deum
936 2306 1138 2374 credis,
1171 2320 1333 2375 quem
1362 2308 1556 2362 miscet
1585 2308 1743 2363 turba
1775 2307 2083 2378 prophetis.
2455 2305 2577 2360 Fles
2606 2306 2772 2360 nimis
2809 2306 2986 2360 sontis
3014 2318 3149 2360 nece
3179 2310 3362 2360 motus
3382 2304 3556 2359 hostis
3581 2326 3596 2371 ;

577 2393 733 2449 Unde
761 2408 949 2450 manes
977 2394 1178 2463 clarus,
1210 2396 1390 2463 Petre,
1426 2397 1685 2466 princeps
1714 2396 2103 2452 Ecclesiarum.
2458 2397 2498 2450 E
2537 2395 2661 2452 loco
2701 2394 2913 2451 cedens
2941 2395 3107 2451 solito
3137 2394 3323 2465 petisti

576 2484 806 2540 Fallitur
842 2485 1095 2540 incautus
1124 2490 1177 2540 te
1210 2490 1363 2540 tanto
1392 2484 1565 2541 milite
1595 2486 1871 2553 Malcbus,
2671 2485 2816 2540 Liris
2845 2499 3079 2541 amoena.

573 2574 707 2629 Cum
737 2573 891 2643 piger
921 2574 1222 2629 immissum
1249 2572 1499 2630 ferientis
1527 2574 1750 2630 sustulit
1780 2576 1970 2630 ictum.
2454 2572 2727 2629 Lubricus
2754 2579 2925 2629 strata
2954 2572 3085 2629 furit
3113 2574 3307 2645 anguis
3334 2587 3448 2641 ara,

574 2664 653 2718 Tu
691 2675 912 2733 quoque
944 2663 1268 2733 respondes,
1301 2677 1424 2719 cum
1454 2677 1553 2719 vos
1579 2678 1754 2734 genus
1778 2665 1958 2735 arguit
1987 2677 2171 2730 omne,
2454 2666 2725 2735 Aggravat
2756 2663 2993 2734 pondus,
3034 2664 3232 2734 strepit
3261 2664 3385 2734 igne
3415 2661 3552 2719 falso
3578 2685 3591 2719 :

2458 2753 2563 2809 Sed
2596 2752 2732 2808 nihil
2764 2760 2958 2809 contra
2995 2752 3139 2809 valet
3168 2752 3483 2809 inchoatum

2672 2844 2838 2899 Ferre
2870 2843 3135 2898 laborem.

2457 2931 2696 2987 Membra
2727 2931 2973 3001 collapso
3003 2931 3233 2987 laterata
3264 2945 3419 2987 muro

2455 3022 2597 3076 Sana
2628 3021 2958 3088 redduntur,
2991 3020 3178 3091 patulo
3220 3021 3525 3090 probantur

2458 3111 2744 3167 Fratribus
2773 3110 2959 3167 furtim
2990 3110 3129 3167 male
3154 3109 3318 3178 facta,
3350 3111 3497 3181 regis

2666 1408 2901 1464 Vulnere
2933 1408 3134 1463 carnis.

2454 1497 2594 1553 Hinc
2623 1500 2781 1568 cujus
2809 1498 3023 1567 signum
3055 1497 3283 1553 vitreum
3325 1498 3521 1553 veneni

581 2753 822 2822 Impetus
859 2751 964 2807 iste
995 2753 1131 2807 meri
1162 2766 1273 2808 non
1303 2757 1406 2819 est,
1439 2752 1524 2809 vel
1556 2768 1737 2810 sermo
1765 2754 1957 2810 Joelis.

575 2839 760 2896 Poscit
791 2854 926 2910 opes
955 2840 1203 2907 claudus,
1238 2856 1340 2897 nec
1382 2841 1568 2911 habet,
1610 2843 1737 2913 quia
1769 2842 1942 2899 defuit
1970 2857 2182 2910 aurum,

574 2930 807 2985 Nomine
835 2930 933 2985 sed
962 2930 1165 2986 Christi
1195 2945 1443 3001 gressum
1473 2932 1555 2987 illi
1595 2934 1908 2988 restituisti.

581 3019 653 3073 Ut
680 3018 866 3073 Simon
896 3018 1147 3073 abscedit
1174 3018 1466 3075 defunctus
1496 3021 1676 3076 vivere
1707 3022 1901 3091 coepit.

583 3105 671 3161 Fit
697 3120 795 3161 sua
824 3106 901 3160 nil
930 3108 1139 3173 virtus;
1182 3112 1290 3162 stat
1328 3108 1514 3164 Simon
1546 3110 1769 3165 Simone
1797 3111 1998 3166 victus.

581 3193 833 3251 Pervolat
870 3194 963 3250 ille
993 3195 1178 3260 miser,
1211 3195 1382 3252 caelos
1410 3211 1470 3252 se
1500 3197 1636 3252 dicit
1666 3198 1841 3261 adire,
2258 3223 2301 3281 α

577 3283 755 3340 Altius
792 3284 938 3340 unde
969 3284 1118 3339 cadit
1146 3285 1252 3340 sibi
1285 3284 1670 3341 deﬁcientibus
1708 3287 1831 3342 alis.

579 3373 813 3431 Pestifer
840 3374 1168 3430 exstinctum
1201 3381 1492 3445 postquam
1522 3376 1667 3431 Nero
1699 3377 1877 3432 cernit
1915 3378 2149 3434 amicum

583 3465 655 3520 Te
686 3477 849 3519 cruce
879 3462 1062 3520 dando
1093 3465 1252 3530 mori,
1287 3464 1606 3520 coelestibus
1634 3465 1857 3521 adderis
1885 3468 2021 3523 oris.

579 3554 697 3609 Jam
728 3566 862 3622 cape
893 3552 1196 3608 Romanum
1227 3552 1439 3619 consul,
1463 3554 1753 3624 Ctesarque
1782 3561 2052 3612 senatum.

580 3644 722 3700 Ecce
762 3641 862 3697 tibi
893 3646 1127 3698 cunctus
1154 3642 1322 3698 servit
1352 3643 1454 3698 sub
1492 3643 1675 3699 sidere
1707 3645 1965 3701 mundus.

581 3733 847 3790 Omnibus
877 3732 1145 3788 humanus
1174 3731 1390 3789 famulis
1414 3734 1509 3801 sis,
1543 3734 1724 3802 Petre,
1758 3749 2032 3805 rogamus,

583 3825 760 3893 Atque
791 3826 989 3891 potens
1018 3821 1215 3889 nostri,
1249 3823 1462 3892 totique
1492 3823 1742 3879 salutifer
1773 3824 1915 3891 orbi,

587 3912 630 3965 Ο
661 3913 822 3975 Deus,
855 3911 1046 3966 aeterni
1083 3912 1303 3983 genitor
1330 3912 1637 3968 clarissime
1665 3913 1840 3980 verbi,

586 4000 662 4053 Da
691 3998 891 4054 mentis
919 3999 1094 4056 Petris
1118 4015 1219 4058 nos
1247 4001 1513 4059 scandere
1544 4004 1742 4059 mania
1774 4003 1920 4060 εαξη.

2675 3200 2941 3257 Panditur
2968 3207 3143 3257 actus.

2462 3290 2615 3346 Noxa
2654 3289 2916 3346 libantem
2944 3297 3122 3357 necat,
3163 3296 3219 3346 et
3248 3291 3405 3347 ruina

2463 3379 2622 3435 Sedis
2660 3379 2852 3435 electa:
2884 3386 3056 3450 patet,
3089 3381 3371 3436 obtinetur

2460 3469 2716 3539 Spiritus,
2756 3474 2913 3539 rapto
2943 3468 3162 3525 latitare
3200 3470 3325 3526 vino

2672 3558 2927 3614 Cernitur
2952 3559 3180 3630 hydrus.

2459 3646 2665 3718 Objicis
2692 3646 2860 3704 fratre
2899 3648 3049 3719 quod
3087 3649 3250 3705 inane
3289 3647 3440 3715 fecit,

2460 3738 2693 3807 Inspicis
2722 3745 2960 3795 mentem
2996 3739 3217 3809 penitus
3246 3738 3527 3805 rebellem,

2460 3828 2684 3898 Copiam
2722 3828 2933 3898 prodis,
2974 3829 3323 3900 gravidisque
3363 3842 3557 3886 somno

2673 3918 2927 3974 Consulis
2954 3918 3142 3974 index.

2458 4005 2702 4073 Perildos
2739 4007 2903 4063 tellus
2932 4008 3123 4078 procul
3153 4008 3268 4079 egit
3302 4012 3476 4065 artus.

1334 4091 1491 4145 XVII.
1904 4144 1907 4147 .
2459 4094 2616 4152 Sistit
2646 4101 2919 4152 errantem
2951 4096 3143 4161 draco,
3175 4098 3343 4153 cessit
3372 4096 3530 4154 ulcus

1102 4178 1182 4233 De
1206 4182 1389 4232 sancto
1429 4179 1731 4236 Benedicto.
2460 4184 2690 4256 Regium
2715 4188 2922 4242 nummi
2959 4187 3200 4256 subiere,
3232 4187 3371 4259 fugit

727 4270 910 4325 Aureo
938 4266 1073 4323 solis
1111 4266 1267 4324 radio
1301 4269 1561 4338 perennis
2675 4276 2910 4333 Horrida
2940 4277 3133 4347 pestis.

731 4359 843 4413 Hac
874 4356 964 4412 die
994 4362 1144 4413 totus
1182 4356 1479 4414 decoratur
1506 4358 1679 4425 orbis,
2007 4412 2014 4420 .
2457 4365 2613 4434 Quod
2644 4367 2791 4423 cadit
2818 4369 3016 4423 vitrum
3056 4374 3208 4439 patet
3236 4384 3357 4425 esse
3394 4370 3623 4427 salvum.

653 4453 661 4463 ‘
732 4448 799 4502 Ut
827 4447 943 4502 suis
972 4445 1102 4503 felix
1139 4446 1437 4504 Benedicto
1468 4445 1622 4504 festis
2454 4457 2590 4512 Vasa
2628 4458 2941 4527 producunt
2966 4458 3169 4526 oleum,
3202 4458 3496 4531 chelydrus

944 4535 1155 4592 Clarior
1191 4536 1354 4592 adsit.
2251 4560 2301 4617 ι)
2463 4545 2693 4603 Pellitur
2729 4546 2941 4616 dextra,
2974 4562 3341 4621 manuumque
3380 4549 3501 4608 loca

3834 389 3972 444 1232

732 4623 879 4681 Bella
910 4624 1175 4681 mirandis
1204 4626 1467 4696 opulenta
1490 4624 1674 4694 factis,

732 4714 897 4785 Signa
936 4714 1197 4771 virtutum
1227 4716 1466 4785 speciale
1496 4730 1697 4772 munus

732 4804 979 4874 Regulae,
1008 4804 1257 4874 praebent
1289 4805 1397 4861 sibi
1435 4807 1773 4878 sempiterno

946 4893 1212 4962 Tempore
1242 4893 1453 4951 laudes.

732 4981 913 5037 Claret
942 4982 1119 5037 aetatis
1140 4984 1346 5039 teneris
1375 4984 1443 5039 ab
1473 4985 1633 5040 annis

733 5071 974 5127 Moribus
1003 5072 1204 5141 quibus
1228 5072 1389 5127 vitam
1414 5073 1684 5129 ordinasti

732 5162 862 5217 Cum
904 5153 1170 5231 voluptati
1200 5160 1422 5218 dederis
1452 5176 1555 5219 nec
1586 5163 1682 5219 ulli

946 5250 1141 5306 lntima
1170 5250 1356 5307 cordis

734 5340 963 5396 Deditur
992 5345 1144 5396 tanto
1184 5340 1337 5411 prius
1366 5340 1421 5396 id
1454 5341 1753 5411 triumpho.

736 5431 839 5485 Vas
867 5430 1089 5500 quidem
1117 5429 1351 5495 fractum
1375 5430 1643 5488 muliebre
1681 5431 1957 5499 damnum,

734 5519 889 5585 Quod
920 5534 1020 5589 per
1046 5534 1238 5576 sanum
1278 5535 1442 5592 prece
1472 5521 1776 5593 lacrymosa

866 5662 873 5667 .
951 5610 1284 5666 Restituisti.

738 5694 977 5751 Exibens
1002 5703 1251 5755 sanetum
1281 5699 1430 5757 celer
1456 5700 1766 5759 institutum

2675 4636 2825 4693 Visio
2862 4636 3047 4695 solvit.

2461 4723 2700 4782 Reddita
2737 4725 2863 4782 vitae
2895 4739 3090 4797 puero,
3117 4727 3306 4783 subire

2460 4814 2692 4871 Coelicas
2728 4815 2892 4872 sedes
2928 4818 3162 4873 animam
3200 4817 3431 4884 sororis,

2461 4904 2528 4960 Et
2556 4904 2705 4962 velut
2732 4905 2867 4961 solis
2905 4906 3060 4963 radio
3099 4907 3201 4964 sub
3233 4921 3343 4964 uno

2671 4994 2864 5051 Omnia
2892 4997 3096 5053 cernis.

2460 5082 2690 5139 Scandis
2717 5083 2932 5141 ardenti
2971 5100 3129 5142 sacer
3166 5085 3302 5141 orbe
3328 5086 3558 5156 praesul.

2461 5173 2521 5228 In
2550 5173 2635 5229 via
2664 5174 2861 5230 caalum
2888 5174 3101 5231 facibus
3137 5189 3391 5243 corusca,

2377 5306 2390 5319 .
2460 5263 2687 5329 Quando
2727 5270 2811 5320 ter
2849 5265 3022 5321 ternis
3060 5265 3238 5322 tribus
3267 5271 3321 5321 et
3352 5265 3614 5322 Kalendis

2675 5355 2846 5409 Instat
2871 5354 3095 5424 Aprilis.

2462 5440 2534 5496 Te
2565 5442 2713 5497 canit
2741 5442 2902 5499 laetus
2939 5443 3144 5500 chorus
3170 5444 3492 5515 angelorum

2462 5530 3031 5603 Patriarcharumque,
3074 5538 3130 5589 et
3156 5533 3558 5603 apostolorum,

2462 5619 2529 5674 Et
2558 5620 2950 5691 prophetarum
2980 5622 3191 5680 meritis
3216 5623 3286 5680 ab
3316 5624 3468 5681 omni

2678 5711 2835 5769 Parte
2861 5711 3103 5770 beatum.
