4106 6178
1750 305 2069 362 CARMINA.

442 433 510 488 Ut
546 432 619 487 sit
656 432 821 501 hujus
848 432 1007 503 plebs
1045 446 1255 489 memor
1282 432 1387 488 ista
1416 432 1615 500 laudis,
1898 435 1950 492 A

436 522 535 577 Hic
563 535 715 578 ames
739 522 850 578 dici
890 526 1064 593 pater,
1101 523 1241 578 hanc
1268 522 1532 579 decenter

432 610 487 666 Si
516 610 707 678 doces,
735 610 880 667 laute
912 611 1117 679 refove,
1151 612 1446 682 polumque

645 700 921 756 Scandere
955 701 1163 770 praebe.

430 789 646 844 Christe
686 790 870 846 devoti
903 782 1139 861 pretium
1171 790 1398 855 laboris,

432 877 638 935 Confer
666 879 827 935 istius
867 894 1030 950 prece
1064 894 1165 937 nos
1189 881 1387 951 juvari,

434 968 601 1038 Cujus
631 968 882 1043 exemplo
925 969 1168 1039 peritura
1199 968 1331 1025 ἴωόὶ

647 1057 931 1127 Liquimus
960 1058 1132 1114 orbis.

231 303 365 360 1233

430 1148 675 1217 Hymnus
702 1146 792 1201 hic
822 1154 1032 1215 noster,
1064 1148 1357 1204 Benedicte
1389 1149 1666 1219 princeps,

426 1236 516 1291 Sic
556 1236 656 1291 tibi
686 1250 907 1306 semper
936 1236 1204 1307 placidus,
1247 1245 1464 1294 tuorum

430 1325 531 1393 Qui
555 1326 705 1382 salus
734 1340 813 1392 es,
846 1327 960 1393 lux,
994 1328 1163 1383 decus
1193 1333 1247 1383 et
1278 1329 1538 1399 perennis

646 1418 787 1471 Laus
826 1418 1238 1473 monachorum.

434 1504 572 1559 Meta
602 1504 846 1560 caelestis
885 1506 1126 1575 pretiosa
1165 1508 1331 1578 Regis

427 1594 500 1648 Te
530 1591 660 1649 facit
686 1594 831 1649 veris
860 1594 1131 1651 celebrem
1163 1597 1408 1666 tropaeis.

431 1682 584 1738 Unde
616 1696 718 1739 nos
755 1698 976 1753 semper
1005 1686 1241 1754 petimus
1279 1684 1600 1757 frequentes

641 1773 816 1826 Nocte
856 1772 1078 1842 dieque.
1883 1778 1931 1836 B

430 1861 578 1916 Doxa
605 1860 828 1916 sublimi
862 1868 1080 1917 maneat
1109 1863 1353 1918 Parenti.

430 1950 560 2019 Ejus
588 1954 643 2006 et
671 1964 830 2007 sacro
869 1951 1122 2008 diadema
1159 1953 1319 2008 Nato.

431 2040 496 2094 Et
533 2039 634 2095 tibi
676 2041 850 2095 virtus
880 2041 1167 2113 utriusque
1198 2055 1423 2112 compar

640 2128 878 2199 Spiritus
914 2130 1078 2186 alme.

941 2239 1124 2293 XVIII.

216 2324 451 2449 Sequens
479 2323 695 2395 hymnus
732 2326 959 2408 ejusdem
1006 2327 1236 2408 auctoris
1273 2325 1568 2409 Senariolis
1596 2331 1860 2394 constans,

324 2409 353 2448 e
402 2400 591 2449 virtute
644 2396 970 2449 humilitatis.
1027 2397 1384 2449 sanerbzazaue
1440 2402 1566 2449 mtto
1633 2403 1860 2449 tractare

194 2406 203 2413 °
288 2395 371 2467 de
402 2395 591 2452 virtute
644 2396 970 2463 humilitatis,
1027 2397 1384 2467 superbiaeque
1440 2399 1566 2453 mitia
1633 2403 1865 2455 tractare

288 2465 509 2531 videtur,
571 2469 660 2538 qui
714 2468 919 2538 quidem
956 2473 1032 2522 est
1077 2465 1210 2524 satis
1261 2465 1471 2538 elegans
1495 2512 1509 2535 ,
1562 2469 1657 2525 sed
1712 2469 1767 2523 in
1802 2485 1862 2525 eo

321 2538 557 2606 augendo
589 2581 603 2604 ,
638 2554 815 2611 _more
868 2540 1199 2611 comicorum,
1266 2540 1427 2596 multa
1464 2541 1625 2596 utitur
1675 2541 1864 2611 pedum

312 2609 515 2682 icentia.
548 2609 699 2665 Dolet
737 2616 907 2666 autem
937 2610 1059 2665 mihi
1095 2613 1351 2682 reperisse
1399 2613 1455 2667 ia
1499 2627 1559 2667 eo
1609 2609 1865 2682 quasdam

287 2679 539 2763 dictiones
575 2682 699 2737 uitio
746 2682 1020 2753 scriptoris
1057 2679 1353 2755 corruptas,
1411 2698 1543 2755 quas
1601 2679 1864 2753 corrigere

287 2766 509 2822 aequm.

498 2841 741 2896 Gaudete
765 2842 921 2910 justi,
957 2841 1117 2897 mites
1148 2849 1203 2898 et
1232 2843 1468 2912 paciﬁci,

429 2930 495 2984 Et
532 2942 723 2985 omnes
753 2931 889 2985 recti
930 2931 1098 2987 corde
1136 2931 1470 3002 gloriamini,

427 3017 655 3088 Semper
693 3019 962 3075 manentis
1000 3033 1348 3091 possessores
1385 3022 1576 3078 bravii.

430 3105 552 3162 Filii
592 3108 709 3175 Dei,
749 3116 1143 3179 conspectores
1172 3111 1407 3166 Domini.
1884 3101 1927 3159 C

428 3195 522 3250 Sic
552 3196 691 3251 ordo
721 3198 863 3252 sacri
903 3204 1136 3254 testatur
1165 3198 1395 3269 eloquii.

499 3285 558 3338 In
589 3285 751 3341 nobis
789 3286 1012 3356 quidem
1049 3298 1273 3344 sanctus
1308 3288 1402 3344 ille
1426 3289 1632 3360 jugiter

425 3372 663 3443 Spiritus
692 3375 932 3444 pietatis,
974 3377 1262 3447 sapientiae

427 3462 492 3516 Et
520 3462 855 3531 intellectus,
881 3464 1117 3533 timoris,
1150 3466 1399 3521 scientiae

426 3552 676 3617 Consilii,
709 3552 1049 3609 fortitudinis
1078 3554 1306 3621 residet,

428 3642 677 3718 Largiter
704 3642 839 3697 satis
877 3656 1320 3714 unumquemque
1357 3645 1627 3700 imbuens.

500 3730 869 3786 lnenarranda
898 3732 1114 3787 Domini
1145 3738 1230 3788 est
1269 3734 1465 3802 pietas,

422 3819 522 3887 Qui
553 3825 760 3875 tantum
792 3821 962 3876 corda
991 3821 1171 3892 diligit
1200 3822 1446 3890 humilia,

426 3910 494 3964 Ut
531 3923 595 3964 ea
624 3909 847 3979 replens
870 3909 1175 3979 septiformi
1204 3912 1378 3981 gratia

423 3998 660 4068 Spiritus
687 3999 772 4054 sui
812 4000 1015 4056 condat
1052 4001 1384 4068 habitacula,

421 4088 588 4157 Cujus
624 4094 708 4143 est
736 4086 946 4144 fructus
974 4088 1252 4159 gaudium,
1294 4104 1418 4160 pax,
1453 4090 1709 4146 cbaritas.

494 4176 700 4231 Sternit
727 4176 887 4240 elata,
921 4176 1102 4233 fundit
1130 4180 1461 4249 arrogantia,

421 4264 652 4321 Brachio
681 4279 782 4322 suo
812 4267 1054 4323 conterit
1093 4268 1426 4337 praelustria.

419 4354 508 4410 Sic
538 4354 815 4424 quondam
846 4369 1056 4411 summa
1086 4357 1400 4413 redimitum
1438 4358 1633 4430 gloria,

420 4445 523 4499 Pro
552 4444 671 4500 sola
699 4449 906 4499 tantum
936 4445 1190 4515 angelum
1228 4426 1485 4516 superbia
1665 4487 1676 4498 .
1870 4426 1921 4484 Π

418 4530 702 4588 Felicitate
732 4530 936 4601 repulit
960 4537 1245 4601 perpetua.

486 4620 587 4689 Qui
619 4626 727 4676 tam
756 4621 1051 4687 formosus,
1085 4625 1141 4677 et
1178 4620 1415 4677 decorus
1443 4623 1671 4690 exstitit,

422 4711 490 4766 Ut
526 4709 663 4765 nihil
705 4710 848 4765 intra
878 4709 1189 4780 paradisum
1218 4711 1433 4767 Domini

419 4800 642 4869 lEquari
672 4804 862 4869 posset
890 4800 1009 4869 ejus
1038 4799 1458 4870 pulchritudini.

419 4888 651 4955 Platani,
685 4889 838 4944 cedri
866 4894 1055 4945 vertex
1091 4903 1156 4945 ac
1193 4889 1390 4946 abietis

421 4977 731 5034 Frondibus
760 4979 879 5047 ejus
908 4992 1019 5034 non
1046 4978 1149 5033 fuit
1178 4980 1485 5049 aequabilis.

492 5066 879 5122 Similitudinis
906 5068 1003 5123 Dei
1041 5069 1380 5139 signaculum

417 5157 547 5211 Erat
576 5156 812 5212 decorus
840 5157 1026 5227 specie
1046 5158 1387 5227 prmnimius.

416 5246 585 5314 Cujus
612 5246 669 5300 in
697 5251 847 5301 veste
878 5244 1104 5302 fulserat
1140 5247 1527 5315 carbunculus,

418 5333 740 5403 Sapphirus,
769 5334 962 5403 jaspis,
994 5335 1184 5401 salius,
1218 5335 1607 5406 chrysolitbus,

417 5421 766 5493 Smaragdus,
799 5434 964 5492 onyx,
1006 5421 1255 5489 berillus,
1289 5426 1555 5494 topazius.

491 5509 684 5566 Infelix
714 5510 901 5577 homo,
933 5510 1087 5580 quid,
1129 5525 1250 5567 cum
1280 5513 1634 5583 superbierit,

421 5598 686 5656 Elationis
713 5598 942 5656 crimine
971 5614 1231 5671 passurus
1257 5600 1348 5668 sit,

3462 309 3598 366 1234

2178 431 2233 488 Si
2266 433 2447 502 justus
2465 433 2636 503 judex
2672 435 2884 490 veniam
2915 448 3027 493 nou
3056 436 3270 505 tribuit,

2164 522 2262 577 Cui
2292 520 2559 578 claritatis
2599 529 2763 579 tanta:
2793 523 2977 581 lumen
3008 526 3213 583 intulit.

2164 613 2231 667 Ut
2262 611 2366 667 rite
2397 612 2614 668 cunctis
2649 613 3046 682 praeferrentur
3073 615 3302 687 angelis.

2231 701 2336 757 Sed
2368 701 2498 758 felix
2525 702 2641 769 ille,
2683 718 2845 773 quem
2884 720 2975 760 res
3003 705 3124 761 istae
3155 706 3461 776 possident,

2164 792 2315 846 Mens
2343 790 2510 858 bona,
2545 797 2737 862 pectus
2767 808 2984 863 purum,
3018 794 3128 850 vita
3158 796 3447 864 innocens,

2160 879 2329 949 Cujus
2349 880 2406 934 in
2436 880 2574 937 caelo
2605 895 2818 938 merces
2846 883 2982 939 orbe
3014 885 3189 954 major
3228 891 3333 951 est,

2163 969 2229 1023 Et
2259 981 2458 1024 nomen
2489 968 2583 1024 ille
2622 984 2850 1041 magnus
2881 970 3023 1027 liber
3060 972 3330 1040 continet,

2160 1058 2329 1124 Quem
2359 1063 2485 1113 ante
2514 1062 2730 1128 tempus
2756 1061 3057 1131 scripserat
3075 1061 3452 1131 Omnipotens.

2232 1145 2349 1202 lllic
2380 1146 2582 1204 divinae
2612 1149 2833 1219 pietatis
2862 1164 3087 1206 munere

2162 1236 2269 1290 Vos
2298 1234 2503 1292 oderis.
2531 1276 2547 1292 .
2572 1278 2587 1293 .
2620 1238 2833 1295 tudine.
2859 1279 2872 1293 .
2901 1282 2914 1295 .
2956 1246 3070 1295 tras
3106 1240 3349 1299 mudule.

2163 1324 2506 1394 Conscriptis
2543 1326 2669 1382 vitae
2696 1326 2905 1399 fulgitis
2935 1329 3275 1386 charactere.

2162 1414 2551 1483 Apostolorum
2582 1416 2786 1473 chorus
2816 1418 2964 1485 hinc,
2996 1424 3053 1474 et
3082 1425 3368 1490 martyres,

2166 1502 2231 1556 Et
2260 1501 2609 1560 confessores
2639 1507 2909 1573 exultant,
2949 1520 3014 1562 ac
3054 1507 3313 1575 virgines.

2234 1590 2528 1661 Postquam
2560 1592 2712 1649 ﬁnita
2741 1596 2980 1651 statione
3009 1595 3222 1663 saeculi,

2164 1679 2272 1735 Vos
2291 1681 2532 1751 scriptos
2557 1682 2701 1738 idem
2731 1684 2992 1753 antiquus
3030 1685 3281 1741 citaverit

2158 1768 2437 1825 leorum
2467 1772 2624 1840 regni
2664 1771 2905 1842 claviger
2943 1788 3071 1829 mox
3108 1774 3308 1843 aperit.

2161 1858 2326 1927 Regis
2356 1860 2550 1915 aeterni
2578 1861 2743 1931 Virgo
2776 1868 2949 1917 mater
2987 1863 3212 1932 excipit,

2166 1946 2233 2001 Et
2263 1947 2448 2002 statim
2487 1948 2675 2004 choris
2704 1949 2881 2005 sociat
2918 1949 3203 2022 angelicis.

2232 2037 2556 2093 Sanctorum
2587 2039 2765 2093 omnis
2794 2039 3040 2095 concinit
3069 2038 3366 2096 exercitus.

2159 2123 2318 2178 lubal
2350 2129 2435 2180 est
2466 2127 2676 2195 primus
2705 2126 2762 2181 in
2800 2128 2973 2183 choro
3013 2127 3347 2183 canentium.

2162 2210 2346 2266 Pulsat
2382 2213 2548 2269 Maria
2578 2227 2741 2269 soror
2776 2217 2923 2270 Aron
2955 2222 3293 2286 tympanum.

2157 2300 2273 2355 Rex
2301 2306 2483 2356 autem
2515 2302 2680 2357 David
2711 2311 2975 2373 personat
3004 2304 3344 2374 psalterium.

2158 2389 2224 2443 Et
2262 2390 2592 2446 Benedictus
2620 2391 2871 2462 regulare
2904 2393 3211 2461 praemium.

2228 2480 2417 2534 Cernit
2455 2481 2669 2551 insigne
2701 2482 2839 2552 legis
2867 2497 2982 2539 suae
3009 2483 3285 2553 dogmate,

2162 2571 2312 2626 Inter
2339 2573 2564 2643 ignitos,
2598 2579 2653 2629 et
2682 2573 2997 2630 condensos
3025 2574 3241 2644 lapides

2157 2660 2349 2716 Nitore
2380 2662 2520 2718 miro
2554 2676 2853 2720 coruscare
2886 2664 3094 2734 pariter

2158 2749 2385 2805 Miratur
2421 2765 2582 2821 opus,
2614 2757 2670 2807 et
2698 2752 2885 2809 laudat
2912 2753 3197 2809 artificem.

2160 2837 2292 2893 inde
2321 2839 2589 2895 scolarem
2623 2840 2854 2896 rimatur
2882 2841 3170 2912 originem,

2229 2928 2457 2983 Accedit
2486 2930 2725 2997 Maurus,
2758 2931 3093 2997 Honoratus,
3125 2929 3382 2986 Placidus

2158 3016 2226 3070 Et
2261 3018 2673 3086 Constantinus,
2706 3020 2936 3074 Faustus
2964 3024 3020 3074 et
3043 3018 3378 3090 Simplicius.

2157 3104 2324 3161 Beato
2355 3106 2502 3161 Petri
2532 3119 2725 3162 omnes
2761 3108 2838 3163 ita
2867 3105 3137 3163 referunt.

2158 3195 2305 3261 Quos
2342 3195 2422 3250 sic
2452 3195 2669 3251 miraris
2710 3211 2777 3252 ex
2805 3196 3003 3253 Casino
3044 3196 3341 3267 prodeunt.

2158 3283 2271 3339 Nos
2301 3283 2565 3353 expolivit
2598 3289 2788 3341 noster
2814 3286 3133 3340 Desiderius

2228 3372 2326 3427 Cui
2367 3379 2522 3442 pater
2558 3373 2732 3429 almus
2760 3378 2943 3442 grates
2971 3371 3077 3428 fert
3113 3372 3449 3438 innumeras,

2158 3460 2332 3530 Eique
2371 3461 2537 3532 digna
2566 3462 2793 3531 praemia
2821 3461 3165 3532 pronuntiat.

2154 3552 2448 3606 Auctorem
2488 3564 2668 3607 rerum
2701 3551 2943 3607 omnium
2974 3550 3310 3621 expostulat,

2158 3641 2227 3695 Ut
2255 3640 2309 3695 in
2344 3653 2585 3711 superna
2613 3639 2934 3711 angelorum
2973 3639 3151 3711 gloria

2154 3728 2269 3783 Sibi
2304 3743 2429 3784 cum
2467 3729 2565 3785 illo
2595 3729 2944 3800 congaudere
2974 3729 3158 3785 liceat.

2226 3818 2375 3873 Inter
2399 3819 2518 3875 haec
2547 3819 2707 3875 vobis
2733 3818 2994 3889 seraphin
3024 3817 3287 3875 micantia

2153 3907 2404 3973 Sanctus,
2437 3914 2493 3963 et
2519 3912 2762 3975 sanctus,
2796 3914 3019 3964 sanctus
3050 3906 3446 3977 proclamantia

2153 3995 2540 4052 Inaestimanda
2570 3995 2864 4053 conferunt
2892 3996 3157 4067 tripudia,

2151 4085 2360 4141 Canere
2380 4086 2577 4155 jubent
2615 4086 2952 4143 canticorum
2985 4085 3221 4142 cantica.

2152 4175 2221 4229 Ut
2248 4173 2342 4229 illa
2371 4179 2569 4244 quater
2619 4175 2821 4245 riginta
2857 4189 2955 4231 sex
2992 4174 3181 4230 millia.

2221 4263 2617 4319 Citharizantes
2646 4264 2863 4319 cantico
2892 4264 3141 4334 virgineo

2149 4354 2420 4409 Decenter
2446 4366 2589 4424 agno
2627 4352 2861 4422 psallitis
2891 4364 3189 4422 purpureo.

2147 4441 2405 4497 Laudatis
2433 4455 2556 4498 eum
2586 4442 2642 4497 in
2663 4441 2835 4498 choro
2866 4445 2921 4496 et
2947 4446 3225 4511 tympano,

2147 4531 2389 4585 Cantatis
2426 4531 2478 4585 ei
2507 4532 2564 4586 in
2603 4530 2828 4587 chordis
2857 4536 2912 4585 et
2942 4541 3171 4599 organo,

2147 4619 2284 4675 Caeli
2322 4625 2596 4691 terraeque
2628 4619 2878 4691 jubilatis
2905 4618 3158 4675 Domino.

2217 4710 2386 4779 Cujus
2423 4710 2603 4766 effecti
2633 4709 2826 4780 gloriae
2858 4708 3177 4779 participes,

2145 4800 2259 4854 lam
2291 4813 2492 4870 precor
2527 4799 2653 4855 sitis
2680 4799 2787 4854 mei
2817 4811 3036 4868 semper
3065 4807 3359 4852 memores.

2146 4888 2235 4945 Sic
2264 4903 2388 4945 eum
2418 4889 2550 4944 mihi
2580 4887 2743 4945 facite
2781 4887 3125 4959 placabilem,

2148 4979 2214 5033 Ut
2246 4992 2331 5033 me
2360 4978 2619 5049 dignetur
2645 4979 2862 5049 superis
2900 4979 3258 5047 conjungere,

2148 5067 2302 5124 Unde
2332 5081 2430 5124 vos
2459 5067 2665 5138 possim
2693 5067 2777 5123 vel
2810 5067 2971 5138 longe
3003 5066 3301 5137 respicere.

2698 5157 2831 5212 XIX.

2492 5247 2571 5301 De
2607 5246 2797 5303 Casino
2836 5250 3023 5300 monte.

2038 5336 2191 5391 Mons
2219 5335 2384 5403 bone,
2415 5335 2640 5392 salveris
2670 5337 2821 5406 pacis
2857 5335 3037 5401 dator,
3078 5338 3242 5403 atque
3281 5330 3502 5401 quietis,

2037 5425 2136 5492 Qui
2177 5423 2352 5481 facilis
2383 5426 2537 5497 regni
2568 5427 2653 5481 via
2683 5424 2928 5481 crederis
2965 5437 3086 5479 esse
3124 5420 3372 5491 superni.

2038 5514 2115 5569 Tu
2155 5514 2366 5585 lapides
2396 5514 2521 5570 illos
2549 5528 2733 5571 servas
2762 5514 2818 5569 in
2850 5518 3075 5581 pectore
3113 5512 3269 5578 fixos,

2038 5604 2172 5659 Aula
2202 5604 2403 5674 quibus
2430 5602 2557 5660 caeli
2586 5608 2903 5660 constructa
2932 5606 3155 5658 notatur
3182 5598 3395 5656 haberi.
