4106 6178
495 278 631 334 1235
1612 277 1901 332 ALPHANI
1941 277 2380 333 SALERNITANI
2418 277 2730 332 ARCHIEP.
3724 269 3866 323 1236

777 407 986 473 Quanta
1017 403 1137 469 tibi,
1174 402 1318 458 bone
1342 402 1577 468 Christe,
1609 417 1706 457 sua
2147 405 2200 461 A
2428 403 2782 473 Conjugibus,
2816 400 2976 456 simul
3007 405 3172 469 atque
3209 399 3380 454 sacris

707 497 905 549 Factus
935 493 1169 563 imagine
1199 492 1363 546 debet
1391 491 1578 558 homo,
2424 492 2722 547 Ordinibus
2761 496 2910 560 patet
2938 488 3060 544 aula
3100 486 3232 558 poli.

706 584 799 638 Vis
827 583 993 637 animi
1027 587 1315 651 penetrare
1348 579 1561 649 nequit,
2428 581 2556 635 Pius
2586 579 2947 649 operantibus
2975 593 3038 632 ac
3070 576 3355 632 monachis

704 672 908 742 Lingua
941 677 1186 724 retexere
1219 683 1320 722 nec
1347 669 1550 737 poterit.
2430 671 2623 724 Notior
2663 669 2782 724 haec
2811 668 2953 723 solet
2983 681 3103 722 esse
3144 665 3334 737 magis.

704 759 878 815 Ullius
907 763 1021 813 arte
1052 757 1371 828 magisterii.
2503 760 2639 813 Ecce
2665 758 2894 813 Casinus
2926 755 3169 811 abundat
3199 755 3298 820 eis,

781 848 1040 902 Rhetoris
1070 848 1261 902 interit
1291 846 1553 912 ofﬁcium,
2430 848 2584 903 Mons
2615 846 2946 902 venerabilis
2973 845 3094 899 aula
3124 843 3240 898 Dei.

695 936 858 1003 Finis
897 942 951 990 et
989 950 1078 990 ars
1109 936 1355 991 studiosa
1385 937 1548 1005 perit,
2434 937 2587 991 Mons
2624 937 2754 991 Sion
2783 935 2977 999 altera,
3010 933 3119 987 dux
3147 931 3294 986 ﬁdei.

707 1028 820 1080 Nec
851 1039 948 1079 sua
979 1025 1232 1094 dogmata
1264 1024 1625 1093 philosophos
2434 1027 2606 1090 Mons,
2650 1025 2742 1079 ubi
2768 1027 2892 1092 jura
2923 1025 3066 1077 Deus
3105 1019 3328 1090 populo.

703 1115 832 1170 Plus
854 1115 988 1168 satis
1017 1114 1302 1182 ingeniosa
1323 1116 1534 1182 juvant,
2433 1115 2646 1183 Scripta
2677 1127 2776 1168 suo
2806 1112 2999 1167 tribuit
3038 1109 3232 1180 digito.

705 1205 772 1259 Se
802 1203 1003 1272 quibus
1042 1203 1224 1258 omnia
1253 1203 1394 1257 scire
1431 1210 1642 1271 putant.
2507 1204 2584 1258 Tu
2623 1202 2890 1272 sapientia
2921 1213 3131 1256 summa
3160 1197 3355 1261 Patris,

779 1292 1037 1348 Creditor
1076 1291 1194 1346 haec
1227 1305 1513 1346 numerare
1545 1291 1712 1353 vales,
2435 1292 2535 1359 Qui
2569 1292 2736 1346 dubio
2768 1292 2886 1346 sine
2917 1295 3114 1344 cuncta
3145 1287 3310 1356 sapis.

707 1383 879 1448 Quem
911 1379 1036 1434 data
1067 1379 1289 1448 prwmia
1324 1379 1471 1434 nulla
1503 1379 1693 1445 latent,
2437 1384 2512 1436 Da
2550 1379 2736 1448 facies,
2770 1387 2830 1436 ut
2868 1392 3082 1434 amoena
3121 1375 3228 1431 loci

708 1470 786 1523 Tu
817 1469 967 1524 lucra
1005 1467 1159 1523 solus
1187 1473 1241 1522 et
1280 1469 1518 1538 exigere,
2437 1471 2630 1539 Hujus,
2664 1477 2722 1524 ut
2751 1476 2854 1534 est,
2887 1465 3158 1522 referatur
3187 1475 3276 1528 eo,

711 1556 918 1612 Cedere
951 1556 1043 1625 qui
1075 1555 1210 1611 facis
1237 1557 1490 1625 imperio,
2043 1615 2050 1622 ,
2436 1558 2591 1626 Quod
2616 1558 2713 1613 tibi
2745 1555 3102 1625 complaceat,
3137 1552 3340 1607 studio.

712 1645 987 1714 Quidquid
1030 1645 1264 1700 habetur
1286 1646 1342 1700 in
1375 1646 1508 1701 orbe
1548 1660 1668 1701 suo.
2513 1648 2664 1702 Scire
2703 1645 3013 1701 volentibus
3051 1643 3156 1697 hoc
3186 1640 3400 1696 animus

784 1734 989 1803 Hisque
1029 1739 1120 1788 tua
1153 1735 1354 1803 pietate
1386 1735 1490 1790 sibi
2165 1744 2212 1801 Β

2165 1744 2212 1801 Β
2445 1738 2570 1791 Fert
2601 1735 2764 1791 modo
2804 1734 3011 1798 dicere,
3045 1745 3166 1786 nam
3208 1729 3478 1798 reliquum

715 1821 1040 1876 Contuleras
1069 1822 1285 1889 potiora
1317 1822 1498 1876 nimis.
2444 1826 2501 1878 In
2542 1824 2786 1880 bonitate
2817 1828 2910 1877 tua
2947 1823 3214 1885 remanet,

712 1909 846 1963 Nam
875 1907 1087 1962 faceres
1117 1915 1173 1962 ut
1203 1909 1258 1962 in
1289 1923 1414 1964 arce
1450 1910 1561 1977 poli
2441 1913 2543 1979 Qui
2582 1909 2971 1966 famulantibus
3000 1907 3090 1962 hic
3121 1905 3313 1961 merita

713 2000 869 2053 Hunc
901 1997 999 2051 tibi
1030 1998 1352 2066 participem
1384 1997 1524 2065 ﬁeri,
2442 2000 2726 2070 Multiplici
2767 1999 2968 2068 pietate
3000 2009 3180 2066 paras.

713 2087 910 2141 Passus
933 2100 992 2140 es
1031 2085 1087 2139 in
1119 2099 1281 2141 cruce
1313 2091 1508 2155 sponte
1540 2087 1678 2142 mori
1707 2107 1718 2140 :
2512 2089 2682 2144 Italia:
2717 2090 2865 2157 jacet
2894 2088 2947 2141 in
2978 2085 3188 2156 gremio

784 2176 938 2231 Illius
969 2176 1196 2244 insuper
1233 2176 1301 2230 ad
1335 2177 1505 2232 decus
1529 2182 1630 2241 est,
2445 2177 2721 2233 Montibus
2751 2175 2931 2230 obsita
2961 2171 3218 2243 planities
3243 2192 3258 2237 ;

721 2268 914 2322 Forma
947 2264 1048 2319 tibi
1088 2266 1216 2335 quia
1243 2266 1423 2320 carnis
1453 2265 1615 2333 inest,
2445 2265 2736 2334 Pampinus
2765 2263 2906 2318 hanc
2935 2260 3128 2316 viridis
3165 2259 3410 2314 decorat.

720 2356 833 2422 Qua
865 2353 1058 2409 rutilas
1097 2354 1274 2409 Patris
1303 2355 1358 2409 in
1389 2355 1531 2411 solio
2447 2356 2540 2410 Est
2573 2366 2861 2409 nemorosa
2901 2364 3112 2421 parum,
3143 2348 3240 2404 sed
3269 2345 3447 2417 aquis,

720 2442 879 2498 Edite
917 2442 1126 2512 virgine
1151 2444 1274 2511 jure
1305 2457 1467 2510 novo,
2449 2441 2730 2498 Fluctibus
2759 2447 2814 2496 et
2841 2439 3006 2494 variis
3036 2437 3291 2502 celebris,

725 2533 790 2586 Et
819 2532 960 2586 Deus
988 2531 1357 2599 omnipotens,
1390 2536 1445 2586 et
1473 2531 1637 2586 homo
2519 2530 2704 2585 Rebus
2733 2528 2787 2583 in
2819 2527 3074 2583 omnibus
3104 2526 3223 2581 haec
3252 2523 3499 2593 locuples

799 2617 1020 2673 Civibus
1050 2618 1318 2673 hactenus
1347 2619 1465 2674 haec
1496 2619 1711 2688 superis
2451 2617 2749 2688 Indigenis,
2789 2616 2887 2671 sed
2917 2621 2972 2670 et
3000 2613 3312 2684 hospitibus

725 2704 859 2760 Vilis
887 2711 1005 2760 erat
1033 2706 1250 2775 species
1279 2707 1536 2773 hominis,
2450 2709 2546 2762 Est
2583 2705 2933 2774 locupletior,
2975 2703 3104 2757 hinc
3134 2702 3333 2757 etenim

723 2795 879 2850 Nunc
909 2795 1056 2864 quod
1095 2794 1300 2850 habent
1330 2795 1602 2850 hominem
1643 2795 1920 2850 dominum
2449 2798 2545 2852 Est
2575 2796 2678 2851 iter
2706 2794 2868 2850 Urbis
2896 2793 3236 2862 apostolicae,

724 2883 877 2938 Hanc
917 2888 1266 2948 venerantur,
1300 2890 1354 2938 et
1387 2883 1711 2952 obsequium
2449 2884 2640 2942 Totius
2668 2883 2820 2939 orbis
2849 2882 3028 2937 adhuc
3058 2880 3315 2934 dominae.

722 2972 1120 3027 Commoditate
1152 2972 1240 3040 pia
1272 2972 1538 3026 tribuunt.
2519 2972 2764 3029 Collibus
2793 2972 2911 3040 ejus
2940 2969 3078 3026 oliva
3111 2969 3332 3034 decens,

793 3059 1040 3114 Graviter
1068 3059 1189 3124 hos,
1223 3060 1382 3115 simul
1413 3066 1472 3115 ut
1502 3069 1755 3116 maneant
2175 3062 2216 3120 Ο
2450 3060 2679 3127 Cedrus,
2712 3064 2767 3115 et
2796 3059 2904 3114 alta
2942 3070 3233 3128 cypressus
3271 3056 3432 3111 inest.

723 3149 992 3216 Perpetua
1017 3161 1237 3217 quoque
1268 3163 1400 3217 pace
1438 3149 1574 3220 ligas
2447 3152 2657 3206 Caetera
2688 3148 2938 3218 partibus
2967 3147 3213 3202 arborea:

731 3235 885 3292 Unde
918 3236 1161 3305 polique,
1203 3237 1416 3305 solique
1457 3243 1547 3292 tua
2444 3240 2505 3294 In
2536 3251 2634 3293 sua
2671 3237 2807 3306 lyris
2844 3249 3055 3290 amoena
3086 3246 3271 3298 ruens,

726 3326 841 3380 Una
878 3324 1113 3391 videtur,
1147 3330 1201 3380 et
1231 3331 1314 3380 est
1343 3327 1538 3394 patria,
2447 3329 2513 3382 Et
2539 3326 2698 3396 rigat,
2729 3329 2893 3395 atque
2923 3323 3152 3395 rigando
3181 3320 3345 3376 fovet.

723 3415 833 3470 Res
861 3414 956 3470 ubi
988 3413 1205 3483 publica
1237 3420 1386 3469 tanta
1418 3417 1600 3471 micat.
2521 3416 2674 3471 Mons
2703 3414 2780 3470 ibi
2810 3414 2991 3469 Casini
3024 3426 3222 3468 nomen
3254 3409 3464 3465 habens

798 3505 940 3573 Lege
970 3503 1066 3558 sed
1097 3503 1217 3558 haec
1248 3504 1426 3573 posita
1454 3503 1654 3560 fruitur
2450 3503 2714 3561 Omnibus
2743 3503 2966 3569 eminet,
3007 3501 3125 3571 ipse
3156 3500 3378 3570 quidem

728 3591 914 3646 Inﬁma
954 3606 1099 3661 pars,
1134 3598 1193 3647 ut
1222 3593 1278 3647 in
1318 3593 1545 3648 alterius
2451 3595 2681 3649 Pectore
2711 3592 2910 3648 muenia
2941 3591 3119 3660 prisca
3151 3589 3312 3644 nimis

728 3679 933 3736 Gaudia
961 3685 1222 3747 transeat,
1255 3681 1419 3737 immo
1451 3696 1606 3736 suum
2457 3680 2709 3748 Pertulit,
2743 3680 2799 3735 in
2831 3680 3032 3750 quibus
3059 3693 3150 3734 ara
3181 3677 3304 3745 iuit,

729 3769 954 3824 Sumere
978 3771 1089 3839 jam
1119 3771 1296 3826 valeat
1324 3771 1588 3837 hravium,
2459 3773 2573 3839 Qua
2606 3769 2927 3840 perhibetur
2954 3767 3149 3839 Apollo
3188 3765 3317 3823 coli.

731 3857 1053 3914 Perdiderat
1079 3859 1225 3928 quod
1257 3861 1386 3915 Adae
1415 3860 1623 3915 vitium.
2535 3861 2634 3916 Hic
2664 3861 2826 3915 Pater
2854 3866 2980 3914 ante
3019 3856 3408 3914 monasterium

807 3948 1092 4003 Praeterito
1131 3949 1320 4004 vitiato
1351 3949 1516 4004 modo
2459 3949 2757 4007 Constituit
2787 3948 3136 4015 Benedictus,
3168 3946 3376 4002 habens

732 4034 892 4090 Nulla
931 4043 1112 4092 manet
1140 4039 1258 4092 sine
1291 4038 1411 4093 labe
1451 4053 1600 4102 caro,
2459 4041 2694 4110 Pignora
2718 4038 2940 4093 luminis
2969 4035 3217 4102 aetherei,

734 4123 973 4178 Crimine
1007 4125 1208 4180 labitur
1235 4127 1479 4180 assiduo.
2460 4128 2624 4184 Plebs
2655 4128 2854 4197 quibus
2883 4126 3056 4182 inscia
3085 4122 3406 4180 daemonicis

739 4211 970 4277 Rursus,
1003 4217 1057 4266 et
1086 4213 1206 4282 ipse
1238 4213 1439 4283 refugit
1477 4213 1663 4269 homo.
2465 4217 2784 4287 Eriperetur
2818 4216 2886 4270 ab
2925 4213 3260 4285 opprobriis.

737 4299 827 4356 Sic
863 4301 1029 4356 habet
1059 4315 1123 4356 ex
1154 4301 1260 4357 ﬁde
1293 4303 1510 4358 merito.
2373 4329 2377 4332 -
2535 4305 2639 4362 Sed
2671 4305 2846 4360 Patris
2873 4303 3270 4373 omnipotentis
3299 4301 3442 4358 idem

811 4391 977 4444 Poena
1007 4389 1169 4446 modo
1200 4391 1362 4446 datur
1391 4406 1456 4446 ex
1485 4393 1713 4458 scelere,
2187 4409 2236 4466 1)
2467 4394 2683 4451 Judicio
2725 4395 2852 4459 ruit,
2895 4394 3092 4450 eximie

741 4479 924 4534 Gratia
951 4478 1202 4535 redditur
1231 4494 1298 4534 ex
1336 4493 1525 4549 opere,
1827 4481 1849 4497 ‘
2471 4485 2763 4552 Postquam
2793 4481 3026 4548 refulsit,
3070 4488 3124 4536 et
3155 4481 3283 4537 hinc
3313 4479 3533 4536 cecidit.

743 4569 949 4637 Nempe
981 4568 1127 4624 bono
1167 4583 1346 4638 neque
1377 4569 1586 4626 militiae
2470 4572 2601 4627 Inde
2631 4571 2826 4627 domus
2854 4573 3110 4626 renovata
3150 4569 3244 4624 diu

747 4656 1044 4726 Splendida
1075 4657 1307 4727 quisque
1341 4664 1522 4727 potest
1560 4659 1720 4714 aliter
2471 4662 2665 4717 Mansit
2695 4661 2750 4716 in
2782 4660 2866 4716 his
2895 4674 3116 4730 quoque
3145 4659 3506 4730 temporibus,

747 4746 820 4800 Te
857 4745 1017 4813 duce,
1057 4746 1212 4817 signa
1241 4761 1458 4804 movere
1498 4754 1627 4804 tuae.
2543 4750 2698 4818 Quod
2729 4750 2869 4805 bene
2900 4749 3122 4805 condita
3151 4762 3262 4804 non
3291 4747 3467 4804 fuerat

819 4835 1084 4891 Dantibus
1113 4836 1198 4892 his
1237 4851 1460 4906 operam
1492 4838 1710 4894 studiis.
2474 4839 2703 4896 Casibus
2731 4839 2913 4910 agnita
2944 4839 3100 4909 signa
3131 4838 3296 4894 dabat
3328 4837 3436 4909 (1).

747 4923 942 4980 Vivere
981 4925 1079 4980 das
1109 4939 1334 4994 operam
1367 4927 1679 4997 multiplici.
2475 4929 2728 4984 Materies
2758 4927 3064 4983 lubricabat
3094 4933 3149 4983 et
3177 4941 3297 4994 ars;

749 5015 992 5084 Cumque
1023 5028 1125 5070 nec
1163 5015 1422 5071 omnibus
1451 5030 1559 5072 una
1597 5018 1732 5073 satis
2475 5017 2623 5074 Cella
2652 5031 2753 5073 nec
2782 5031 2890 5073 una
2915 5017 3231 5073 monasterii

749 5103 958 5175 Regula
997 5103 1069 5160 sit
1098 5110 1278 5161 tamen
1311 5105 1478 5162 ofﬁcii
2475 5105 2682 5163 Ofﬁciis
2712 5113 2829 5162 erat
2857 5113 2983 5176 apta
3007 5107 3142 5161 suis.

752 5194 925 5263 Hujus
953 5198 1116 5249 erunt
1143 5194 1356 5250 habiles
1388 5195 1620 5252 meritis.
2547 5198 2612 5250 At
2641 5197 2818 5251 Patris
2857 5197 3040 5251 omnia
3071 5194 3326 5260 consilio,

824 5281 1157 5353 Virginibus,
1191 5283 1501 5354 viduisque,
1534 5285 1685 5353 viris,
2480 5285 2596 5340 Hoc
2627 5285 2756 5340 dare
2788 5286 3028 5341 carmine
3068 5299 3229 5356 quem
3269 5299 3508 5354 nequeo,

617 5406 700 5482 (l_)_
722 5408 1002 5464 Postrema
1028 5423 1177 5482 pars
1215 5408 1378 5479 hujus
1423 5409 1618 5482 hymni
1676 5410 1845 5482 apud,
1882 5410 2186 5482 Ughellium

2296 5411 2579 5482 lacriment:
2629 5410 2818 5482 inedits
2837 5424 2988 5482 Apour
3040 5411 3210 5465 seruir
3245 5410 3299 5482 νὰ
3350 5409 3604 5464 l’histoire
3660 5407 3917 5465 litteram

545 5476 906 5553 desideratur.
945 5476 1174 5553 Reliqua
1213 5476 1302 5537 est
1333 5476 1525 5538 codice
1569 5476 1850 5538 Casinensi
1891 5476 1953 5537 ηἷ
1975 5482 2066 5549 47,
2107 5481 2190 5538 fo-
2270 5481 2334 5535 de
2372 5479 2585 5548 l’Ilalie,
2617 5481 2798 5553 depuis
2827 5476 2874 5535 te
2906 5494 3025 5538 vm'
3049 5482 3203 5536 siéclc
3221 5481 3471 5552 jusqu‘au
3495 5492 3637 5536 XIII'.

548 5546 624 5604 lio
654 5546 726 5601 22
752 5564 930 5618 verso,
973 5546 1146 5610 edidit
1183 5554 1245 5608 D.
1286 5555 1517 5610 Ozanam
1555 5553 1609 5610 in
1650 5554 1792 5611 libro
1841 5554 1929 5610 cui
1974 5546 2185 5611 titulus.
2568 5546 2576 5548 “
2680 5546 2694 5553 ’
2965 5575 2970 5579 -
