4106 6178
272 335 408 392 1237

479 465 666 520 Diruta
697 466 800 521 rite
831 465 982 522 fuere
1021 468 1162 537 solo,

482 556 620 610 Sunt
652 555 818 610 modo
849 558 1007 626 cujus
1037 563 1092 612 et
1129 558 1359 615 arbitrio

480 643 706 699 Lumine
737 643 969 713 praedita
1007 646 1291 702 continuo.

550 733 760 788 Nomen
800 733 872 788 ob
910 733 1017 788 hoc
1047 735 1331 802 Operantis
1362 747 1503 804 opus

479 821 592 877 Nec
629 822 862 877 reticere
895 822 1039 877 valet
1069 824 1309 892 penitus,

479 910 729 965 Nominis
757 924 888 965 usus
917 917 971 965 et
997 917 1057 966 ut
1096 912 1307 980 proprii

480 997 748 1065 Postulat,
780 1000 1027 1055 anterior
1064 1000 1272 1068 poterit

479 1087 692 1158 Syllaba
729 1087 891 1158 longa
921 1088 1102 1143 brevis
1131 1089 1269 1145 ﬁeri.

552 1177 694 1247 Ergo
733 1175 923 1231 licebit
961 1182 1016 1231 et
1046 1178 1270 1246 expedit
1299 1178 1388 1234 hic

479 1265 686 1320 Nomen
726 1265 906 1320 inesse
945 1265 1230 1332 desiderii,

479 1353 580 1418 Qui
611 1352 784 1418 dedit,
819 1367 852 1408 ο
881 1354 1198 1420 Benedicte,
1241 1354 1342 1410 tibi

480 1442 606 1496 Tam
640 1442 882 1511 pretiosa
915 1442 1182 1498 domicilii

479 1531 728 1595 Przemia,
761 1531 961 1586 ductus
990 1545 1174 1586 amore
1214 1532 1315 1586 tui.

548 1621 851 1675 Marmoreo
891 1619 1025 1675 foris
1055 1627 1138 1675 est
1176 1620 1360 1690 lapide

479 1708 632 1762 Intus
663 1713 718 1762 et
749 1707 998 1763 ecclesiae
1030 1709 1212 1777 paries

479 1795 831 1864 Splendibus.
862 1797 962 1851 llic
992 1803 1173 1852 tamen
1199 1796 1344 1851 haud
1375 1796 1534 1853 facile

476 1885 646 1939 Ducta
686 1885 874 1946 labore
912 1883 997 1940 vel
1037 1890 1154 1940 arte
1181 1884 1307 1940 rudi

475 1972 662 2027 Omnis
690 1973 758 2027 ab
788 1973 923 2028 urbe
953 1973 1206 2029 columna
1246 1972 1366 2029 fuit.

555 2061 806 2130 Undique
836 2068 1036 2116 caetera
1066 2062 1174 2117 lata
1213 2062 1320 2118 loci

478 2151 728 2207 Pondere
759 2165 872 2221 prae
904 2152 1072 2207 nimio
1104 2152 1264 2222 pretii

480 2243 670 2311 Empta
701 2239 873 2308 fuere,
908 2255 1010 2297 nec
1041 2243 1319 2311 Hesperia:

477 2329 765 2385 Sufﬁciunt
792 2329 927 2384 satis
962 2329 1202 2384 artiﬁces
1234 2349 1247 2384 :

478 2418 707 2474 Thracia
745 2432 926 2472 merce
967 2417 1182 2472 locatur
1209 2416 1278 2470 ad
1310 2416 1448 2483 haec,

549 2508 645 2562 llis
675 2506 832 2561 labor
861 2506 915 2560 in
946 2506 1116 2560 vitrea
1146 2505 1330 2574 potius

477 2597 700 2654 Materia
730 2596 892 2651 datur
915 2595 1182 2662 eximius;

477 2687 608 2740 Nam
636 2684 841 2739 variata
873 2683 1154 2738 coloribus
1192 2683 1312 2737 haec

472 2776 562 2830 Sic
591 2773 830 2828 hominis
861 2773 1087 2827 decorat
1115 2771 1377 2839 speciem,

472 2863 592 2917 Non
622 2862 694 2916 sit
724 2868 785 2916 ut
813 2861 953 2916 alter
983 2861 1038 2914 in
1069 2859 1268 2930 efﬁgie.

545 2952 736 3005 Lustra
765 2951 955 3005 decem
995 2949 1186 3004 novies
1214 2948 1470 3017 redeunt,

472 3040 590 3105 Quo
622 3045 772 3107 patet
797 3052 916 3093 esse
947 3037 1154 3094 laboris
1179 3051 1320 3108 opus

472 3129 635 3182 Istius
672 3128 902 3182 urbibus
933 3126 1102 3182 Italiae

471 3215 726 3271 lllicitum
752 3237 766 3284 ;
808 3217 1099 3286 peregrina
1129 3216 1224 3271 diu

471 3306 579 3360 Res
606 3305 768 3360 modo
808 3311 996 3360 nostra
1024 3305 1120 3360 sed
1152 3304 1406 3360 efﬁcitur.

541 3393 641 3448 Hic
670 3393 939 3449 alabastra
978 3395 1154 3449 nitere
1185 3393 1326 3463 lapis

473 3482 818 3552 Porphyreus
851 3482 1154 3550 viridisque
1179 3481 1309 3536 facit
1333 3503 1346 3549 ;

475 3571 568 3626 His
596 3571 916 3640 proconissa
955 3572 1133 3640 pavita
1165 3571 1280 3641 (sic)
1311 3571 1470 3626 simul

472 3661 561 3716 Sic
590 3661 695 3714 sibi
726 3673 997 3716 marmora
1026 3660 1380 3724 conveniunt,

475 3751 541 3805 Ut
579 3749 737 3805 labor
765 3750 859 3806 hic
890 3764 1043 3806 mare
1072 3751 1145 3805 sit
1171 3750 1424 3805 vitreum.

541 3840 710 3892 Tanta
742 3838 962 3894 decoris
1000 3839 1054 3894 in
1087 3840 1192 3894 hoc
1219 3836 1406 3893 rutilat

468 3927 671 3990 Gloria,
705 3929 876 3982 Roma
915 3926 1063 3996 quod
1103 3927 1221 3996 ipsa
1251 3941 1349 3982 sua

470 4016 648 4072 Pluris
677 4022 736 4071 ut
761 4015 973 4072 aestimo
1002 4029 1112 4070 non
1142 4013 1306 4070 faciat
1342 4035 1354 4070 :

470 4106 559 4161 Sic
587 4119 808 4176 quoque
837 4111 961 4160 vota
991 4105 1260 4160 Desiderii

471 4194 808 4250 Convaluere
848 4194 1084 4265 benigna
1114 4195 1307 4259 Patris,

538 4286 715 4339 Aurea
751 4298 899 4352 vasa,
931 4284 1015 4340 vel
1055 4283 1284 4340 alterius

470 4372 737 4428 Ponderis
765 4372 988 4443 ingenui
1028 4373 1234 4442 potius,

468 4463 686 4517 Gemma
717 4461 919 4531 quibus
959 4461 1198 4530 pretiosa
1220 4461 1382 4515 nimis

472 4549 673 4616 Enitet,
704 4556 798 4604 aut
827 4549 1014 4613 micat,
1053 4555 1148 4603 aut
1178 4548 1385 4612 rutilat,

469 4639 608 4692 Hinc
637 4651 742 4708 ope
773 4636 1008 4692 contulit
1037 4637 1342 4692 innumera.

543 4727 599 4779 ln
640 4725 841 4780 casulis
875 4725 1189 4794 trabeisque
1226 4724 1382 4779 stolis

471 4814 732 4868 Maximus
758 4819 841 4869 est
879 4828 1140 4869 numerus
1175 4812 1358 4883 pretii.

473 4905 578 4958 Ara
616 4903 795 4973 grisea
825 4903 1013 4959 labore
1051 4916 1153 4958 suo

471 4990 598 5047 Plus
637 4992 880 5062 pretiosa
908 4991 1160 5062 refulget,
1200 4997 1256 5048 et
1287 5005 1364 5048 ais

466 5079 658 5136 Carius
689 5088 1019 5150 exsuperant
1058 5079 1281 5137 bifores.

537 5171 728 5225 Omnia
769 5184 907 5240 pene
947 5171 1148 5240 quibus
1176 5171 1332 5226 locus
1371 5170 1461 5225 hic

467 5257 882 5314 Condecoratur
911 5265 965 5314 et
995 5266 1078 5314 est
1107 5259 1342 5314 celebris

468 5348 673 5416 Sponte
704 5348 793 5418 pia
823 5349 984 5404 Pater
1011 5349 1128 5418 ipse
1159 5347 1331 5403 dedit.

469 5436 606 5490 Sunt
635 5449 795 5502 nova,
826 5443 954 5491 sunt
992 5436 1157 5502 bona,
1189 5443 1317 5491 sunt
1345 5435 1521 5493 solida
1547 5457 1562 5504 ;

469 5524 549 5580 Ad
579 5539 675 5580 sua
705 5525 868 5595 digna
897 5533 981 5580 sat
1010 5524 1208 5580 ofﬁcia.

544 5613 812 5670 Patricios
851 5615 1189 5684 comitesque
1227 5614 1396 5669 duces

1790 344 2110 402 CARMINA.

2203 467 2434 525 Sustulit
2471 468 2579 524 huc
2607 468 2872 526 bonitatis
2895 484 3035 541 ope;

2207 559 2273 614 Et
2310 557 2445 613 satis
2473 557 2718 628 undique
2749 558 2896 615 clara
2924 559 3122 617 domus

2207 646 2400 718 Fulget
2430 647 2486 702 in
2517 647 2673 715 orbe,
2700 647 2848 704 velut
2877 649 3160 718 speculum

2207 735 2349 791 Solis
2378 736 2434 790 in
2475 736 2679 792 aethere
2711 737 3082 807 perspicuum.

2276 825 2406 891 Quis
2435 825 2683 892 meliora,
2715 827 2930 893 Casine,
2972 827 3082 884 tuis

2205 913 2399 969 Maenia
2430 914 2734 983 porticibus
2772 915 3004 971 statuit?

2206 1004 2384 1057 Aurea
2421 1015 2532 1058 non
2564 1003 2760 1058 domus
2799 1004 2916 1072 ipsa
2949 1005 3097 1074 Cyri,

2205 1093 2324 1147 Non
2366 1092 2673 1150 Salomonis
2702 1107 2843 1163 opus
2869 1095 3038 1150 valuit

2205 1180 2440 1236 Sedibus
2477 1181 2562 1237 his
2592 1181 2818 1238 rutilare
2851 1185 3043 1255 magis.

2273 1269 2421 1325 Atria
2457 1270 2763 1326 Justiniana
2801 1271 2965 1327 situm

2206 1360 2363 1414 Hunc
2400 1359 2507 1414 sibi
2547 1359 2843 1431 diligerent
2871 1361 3061 1417 satius.

2202 1448 2299 1502 Est
2330 1448 2427 1503 tibi
2459 1449 2666 1519 grande
2696 1450 2859 1504 nimis
2897 1451 3170 1518 meritum,

2205 1537 2401 1590 Fertur
2438 1537 2643 1606 ubique
2671 1538 2773 1592 sub
2804 1538 3009 1594 aatbere
3049 1545 3198 1596 tuum
3236 1539 3363 1611 (sic)

2206 1624 2460 1680 Sanctius
2499 1639 2620 1681 esse
2650 1625 3008 1682 domicilium.

2279 1714 2357 1768 Tu
2385 1715 2636 1784 speciosa
2673 1713 2913 1771 fenestra
2949 1717 3066 1784 Dei,

1929 1805 1978 1862 B
2208 1801 2460 1856 Proxima
2500 1801 2798 1858 luminibus
2823 1803 3055 1873 saperis,

1918 4441 1968 4498 D

2202 1888 2357 1944 Unde
2388 1889 2646 1946 videntur
2674 1892 2742 1945 ad
2783 1892 2903 1947 haec
2933 1893 3128 1947 animae

2204 1976 2473 2044 Tendere,
2507 1978 2744 2034 mundus
2773 1985 2828 2035 et
2866 1980 2955 2036 hic
2988 1979 3228 2037 hominis

2204 2065 2366 2120 Visus
2395 2065 2463 2120 ab
2494 2067 2657 2122 unius
2681 2074 2766 2123 est
2795 2069 2992 2124 oculis.

2274 2155 2344 2208 Ut
2373 2155 2658 2223 paradisus
2686 2169 2933 2212 amoenus
2963 2158 3134 2226 Eden,

2202 2243 2374 2296 Omne
2403 2241 2508 2297 soli
2537 2257 2771 2312 superos
2799 2245 3080 2313 specimen

2204 2331 2335 2399 Ejus
2360 2330 2698 2386 aromatibus
2734 2332 2954 2390 redoles
2982 2354 2994 2389 :

2203 2418 2425 2475 Deliciae
2455 2420 2556 2476 tibi
2595 2434 2707 2476 non
2746 2421 2869 2478 alia:

2201 2509 2339 2563 Sunt
2375 2509 2481 2564 nisi
2513 2508 2655 2566 forte
2680 2525 2794 2567 sua;
2825 2511 3044 2581 pariles.

2271 2597 2496 2653 Cantica
2525 2598 2753 2655 conﬁcis
2782 2600 3046 2670 angelicis

2200 2687 2454 2742 Consona
2484 2687 2715 2744 vocibus
2743 2694 2909 2760 atque
2947 2689 3126 2746 modis
3159 2711 3170 2745 :

2197 2775 2376 2830 Corde
2414 2776 2619 2832 videris
2643 2782 2699 2832 et
2724 2791 2821 2833 ore
2847 2781 3016 2834 Deum

2199 2863 2434 2920 Poscere
2474 2866 2754 2921 continuis
2784 2868 3042 2937 precibus

2196 2952 2435 3008 Crimine
2466 2968 2566 3023 pro
2598 2954 2788 3024 populi
2827 2956 3032 3025 potius.

2263 3042 2381 3096 iam
2414 3043 2641 3110 poteris,
2673 3044 2854 3107 Pater,
2883 3044 3148 3115 angelicis

2195 3128 2483 3197 Pollicitis,
2517 3132 2832 3198 Benedicte,
2864 3131 2972 3188 frui
3003 3153 3016 3188 :

2193 3218 2370 3273 Ditior
2397 3225 2481 3274 est
2510 3219 2706 3276 domus
2735 3222 2839 3277 ista
2867 3223 3002 3278 satis

2192 3307 2360 3373 Quam
2389 3306 2492 3363 fuit
2520 3308 2786 3365 hactenus
2814 3332 2828 3377 ;
2860 3315 2917 3364 at
2953 3309 3165 3366 meritis

2195 3396 2299 3450 Fac
2329 3396 2402 3451 sit
2431 3403 2490 3451 ut
2519 3403 2646 3452 ante
2677 3398 2836 3452 beata
2865 3399 2997 3452 tuis.

2264 3484 2342 3538 Tu
2381 3483 2544 3550 bone,
2578 3491 2635 3539 tu
2667 3485 2777 3553 pie,
2809 3491 2868 3540 tu
2897 3485 3125 3542 Domine

2192 3571 2390 3626 Sancte
2419 3573 2583 3638 Deus,
2618 3575 2780 3628 Pater
2809 3575 3180 3645 omnipotens,

2194 3660 2291 3715 Cui
2333 3661 2469 3715 nihil
2499 3668 2583 3717 est
2612 3663 2743 3718 dare
2773 3663 3019 3732 difficile,

2198 3749 2299 3804 Hic
2329 3750 2706 3808 habitantibus
2736 3754 2976 3810 aetheree

2195 3839 2269 3892 Da
2298 3839 2526 3908 liqueat,
2560 3847 2710 3910 peto,
2743 3843 2883 3898 lucis
2911 3843 3036 3899 iter.

2266 3927 2357 3982 Sic
2386 3928 2601 3998 placeat
2628 3931 2794 3986 modo
2816 3937 3005 3987 nostra
3034 3931 3137 3988 tibi

2197 4015 2424 4084 Concio,
2458 4017 2639 4087 prisca
2667 4019 2817 4074 velut
2856 4020 3081 4090 placuit,

2194 4103 2411 4174 Integra
2442 4120 2566 4175 qua:
2608 4108 2829 4176 penitus
2857 4109 3058 4164 meruit

2197 4193 2450 4249 Partibus
2479 4194 2644 4266 hujus
2672 4197 2740 4252 ab
2774 4197 3002 4267 hospitii

2195 4281 2399 4337 Lucida
2428 4297 2596 4354 regna
2625 4284 2811 4339 subire
2851 4285 2986 4353 poli.

2743 4427 2854 4481 ΧΧ.

2122 4529 2318 4584 Cantus
2346 4529 2402 4584 in
2443 4529 2650 4586 laudem
2689 4530 2856 4587 beata:
2883 4532 3196 4602 Margaritw
3241 4532 3476 4602 virginis.

2617 4625 2666 4675 et
2704 4621 2971 4691 martyris.

1980 4724 2034 4778 Si
2064 4737 2162 4779 sua
2189 4723 2486 4795 vaniloquo
2519 4725 2847 4782 tumefactus
2875 4727 3116 4784 carmine
3146 4727 3383 4784 mundus

1981 4815 2142 4868 Facta
2171 4813 2358 4882 refert,
2400 4829 2528 4871 num
2560 4821 2746 4872 nostra
2776 4830 2968 4872 manus
3004 4823 3226 4888 torpere
3250 4816 3472 4882 valebit,

1979 4903 2057 4956 Ne
2088 4901 2269 4972 pulset
2299 4919 2419 4959 cum
2450 4917 2584 4960 voce
2623 4905 2816 4976 lyram,
2851 4906 2979 4962 dum
3009 4906 3202 4963 cmlica
3231 4911 3458 4962 narrat?

1978 4991 2120 5060 Ergo
2159 5005 2256 5061 age
2289 5005 2392 5047 vox
2421 4994 2619 5061 omnis,
2660 5008 2784 5064 quae
2814 5002 2998 5051 cantat
3024 4997 3190 5052 verba
3228 4995 3448 5052 choreis

1979 5079 2124 5133 Vana
2163 5078 2343 5147 cadat,
2384 5079 2545 5138 ludos
2573 5095 2765 5140 omnes
2795 5085 3104 5154 proscribat
3141 5085 3334 5140 inanes

1977 5167 2175 5222 Nostra
2203 5168 2410 5240 chelys,
2442 5172 2538 5226 sed
2571 5172 2694 5228 diva
2728 5172 2883 5230 ferat.
2919 5176 2992 5230 De
3022 5175 3233 5230 civibus
3271 5187 3368 5230 ora

1977 5255 2317 5311 Antiochena
2347 5258 2479 5314 olim
2510 5262 2690 5331 magni
2720 5263 2982 5331 produxit
3009 5263 3065 5318 in
3095 5263 3285 5319 orbem

1977 5345 2219 5400 Feminei
2247 5348 2466 5416 generis
2495 5349 2720 5405 titulans
2743 5352 2924 5420 jubar.
2958 5351 3054 5407 Illa
3083 5358 3326 5407 meretur

1977 5434 2252 5503 Baptismo
2284 5436 2540 5493 mundata
2572 5440 2665 5495 Dei
2697 5454 2807 5496 non
2837 5454 2956 5496 esse
2986 5443 3202 5511 parenti

1975 5520 2170 5589 Chara,
2210 5523 2307 5579 sed
2344 5524 2473 5581 hinc
2496 5527 2642 5582 Patri
2682 5528 2887 5597 placuit
2915 5532 3088 5602 magis
3114 5531 3210 5588 illa
3236 5545 3498 5603 superno,

1977 5609 2318 5682 Pulchraque
2344 5613 2623 5672 caelicolas
2652 5618 2818 5674 traxit
2845 5619 3028 5689 nimis,
3059 5627 3224 5693 atque
3253 5622 3493 5680 caducos

3495 345 3632 402 1238
