4106 6178
448 304 584 363 1239
1577 308 1869 363 ALPHANI
1908 306 2350 363 SALERNITANI
2386 306 2697 365 ARCHIEP.
3682 303 3827 360 1240

445 434 732 506 Margarita
762 433 991 501 oculos;
1027 432 1322 489 inhonesto
1353 432 1557 488 lumine
1589 447 1797 502 praeses

444 524 673 594 Inspicit
701 523 938 580 oblatam
970 536 1225 593 quaerens
1254 522 1491 577 mulcere
1515 522 1789 591 puellam;

446 615 693 683 Dumque
723 617 886 683 negat
915 612 1094 666 calido
1125 625 1221 665 ore
1254 611 1415 666 ﬁdem
1447 625 1641 665 secura
1671 609 1893 666 fatetur.

446 702 545 758 llle
575 702 738 757 minis
768 701 983 756 mollem
1018 700 1251 754 credens
1281 700 1585 770 impingere
1615 705 1873 766 mentem,

447 790 661 849 Invenit
690 792 745 846 in
778 795 964 845 tenera
996 795 1191 858 pectus
1220 789 1434 844 latitare
1462 788 1619 844 virile

449 881 687 952 Virgine,
721 893 831 935 non
865 883 1082 948 poterat
1112 878 1409 933 tenebroso
1440 879 1681 933 carceris
1709 882 1869 934 antro

445 968 694 1025 Vincere.
727 970 846 1024 Non
876 968 1043 1038 virgis
1073 981 1292 1023 carnem
1322 966 1669 1032 ferientibus,
1702 966 1849 1022 unde

442 1057 735 1127 Sanguinei
766 1064 996 1111 currunt
1024 1057 1147 1124 rivi,
1179 1070 1281 1112 nec
1313 1062 1539 1125 pectore
1571 1056 1737 1111 traxit

440 1148 588 1202 More
620 1145 923 1216 puellarum
953 1146 1191 1215 suspiria
1226 1165 1238 1199 :
1265 1146 1517 1216 jungitur
1546 1144 1656 1200 illis

442 1235 651 1306 Ungula
682 1249 807 1305 quae
837 1235 1039 1291 laceret
1073 1235 1360 1290 denudans
1397 1248 1633 1304 ossaque
1666 1232 1870 1303 pandat

444 1324 663 1379 Viscera
693 1323 818 1394 plus
846 1330 1064 1394 poterat
1092 1323 1252 1379 fortis
1281 1323 1508 1379 suﬁ‘erre
1539 1322 1829 1389 malorum,

441 1415 609 1481 Quam
640 1427 833 1469 manus
861 1412 1093 1469 inferret
1123 1419 1358 1469 mentem
1398 1413 1655 1468 miserata
1686 1418 2016 1467 manentem.

442 1502 728 1558 Clauditur
757 1503 813 1559 in
845 1503 1110 1569 tenebris,
1152 1502 1338 1558 radius
1368 1516 1509 1572 quos
1540 1501 1695 1571 pellit
1723 1500 1792 1556 ab
1822 1501 1955 1557 alto.

446 1593 634 1647 Hostis
652 1591 808 1646 adest
833 1592 1038 1661 specie,
1073 1599 1126 1646 et
1157 1591 1293 1646 vasti
1324 1597 1537 1646 terrore
1567 1590 1825 1645 draconis

448 1679 709 1747 Mollitur,
737 1680 1023 1750 victusque
1053 1680 1210 1751 fugit,
1242 1679 1341 1736 sed
1379 1679 1447 1735 ad
1476 1679 1649 1735 altera
1678 1678 1857 1735 tendit

447 1770 754 1824 Inveterata
784 1769 897 1826 doli
928 1769 1183 1839 ﬁgmenta
1213 1784 1277 1825 ac
1305 1769 1543 1824 vincitur
1563 1769 1713 1835 inde,

449 1858 585 1913 Dum
617 1858 757 1927 pede
787 1859 1034 1929 virgineo
1064 1858 1266 1913 collum
1297 1858 1540 1913 calcatur
1576 1858 1762 1927 inane,

449 1947 562 2002 Nec
591 1946 747 2002 licuit
775 1948 952 2017 repeti
983 1947 1103 2001 sine
1134 1953 1269 2002 nutu
1298 1946 1524 2016 virginis
1553 1946 1773 2001 umbras

450 2038 620 2092 Ducta
651 2036 852 2091 dehinc
887 2041 1146 2091 constans
1176 2035 1302 2091 dum
1333 2035 1546 2104 spernit
1582 2049 1737 2091 sacra
1768 2035 2019 2101 deorum,

450 2125 707 2195 Jungitur
736 2138 971 2179 exurens
1001 2125 1160 2179 lateri
1190 2139 1290 2193 pro
1321 2124 1545 2179 vulnere
1567 2124 1795 2194 lampas.

2101 435 2156 493 A

2918 434 3074 488 XXII.

2376 543 2570 598 Cautus
2600 544 2655 596 in
2693 540 2899 597 laudem
2936 542 2999 598 S.
3033 541 3330 598 Camarina:
3368 542 3606 609 virginis.

2172 647 2402 703 Pulchra
2443 648 2606 703 nimis
2634 647 2841 703 nullum
2872 647 3101 717 cupiens
3137 647 3428 703 admittere
3456 660 3743 717 sponsum,

2170 738 2336 804 Quem
2368 751 2477 793 non
2510 736 2740 807 perfecti
2772 737 3072 807 compleret
3101 734 3276 792 forma
3304 736 3542 801 decoris,

2170 825 2361 880 Omnia
2391 826 2486 895 qui
2518 832 2725 891 nosset,
2769 839 3025 895 quaerens
3053 826 3253 880 virtute
3284 832 3588 895 potentem,

2172 916 2238 969 Et
2267 915 2362 984 qui
2393 916 2670 984 prazcipua
2699 914 2841 971 foret
2871 929 2934 969 ex
2967 915 3169 984 pietate
3200 914 3490 984 benignus,

2174 1004 2335 1074 Virgo
2367 1003 2564 1073 pudica
2594 1003 2690 1059 Dei
2721 1010 2925 1074 martyr
2960 1003 3249 1058 Catharina
3280 1003 3427 1071 quod
3459 1008 3634 1072 optat,

2171 1094 2413 1160 Obtinet,
2455 1094 2746 1149 illecebras
2776 1094 2904 1148 dum
2935 1094 3119 1148 carnis
3147 1093 3411 1149 abhorret
3439 1093 3678 1161 iniquas.

2172 1185 2416 1253 Dumque
2448 1181 2649 1239 refutat
2678 1197 2833 1253 opes,
2868 1183 2996 1239 dum
3027 1196 3196 1239 vanos
3231 1184 3443 1253 spernit
3472 1183 3738 1244 honores.

2172 1273 2378 1328 Ictibus
2398 1272 2679 1343 objicitur,
2711 1273 2907 1328 victrix
2934 1287 3033 1342 per
3061 1272 3275 1343 singula
3306 1271 3495 1342 fulget.

2170 1362 2386 1418 Auxilio
2406 1362 2646 1418 stabilita
2676 1362 2772 1418 Dei
2803 1361 3128 1418 mortalibus
3154 1360 3334 1417 audax

2172 1451 2397 1506 Restitit
2427 1451 2662 1517 insidiis,
2696 1451 2965 1521 promissa
2995 1465 3097 1506 nec
3126 1464 3322 1521 aspera
3352 1463 3573 1505 curans.

2173 1541 2451 1610 Doctaque
2483 1554 2592 1597 non
2631 1540 2813 1595 timuit
2841 1538 3183 1596 confundere
3215 1545 3441 1610 pectora
3468 1538 3709 1605 doctrix,

2172 1631 2284 1685 Nec
2313 1630 2483 1685 verita
2514 1631 2570 1685 in
2603 1635 2792 1685 tenera
2822 1629 3050 1685 sutferre
3084 1629 3295 1699 ﬂagella
3320 1630 3544 1697 juventa

2174 1718 2348 1774 Altior
2376 1718 2632 1788 imperio,
2665 1718 2792 1774 dum
2824 1732 3049 1774 carcere
3071 1717 3348 1773 clauditur
3376 1723 3497 1772 atro

2174 1806 2329 1861 Nulla
2359 1805 2529 1863 fames
2557 1814 2797 1863 sanctam
2820 1807 3001 1877 potuit
3032 1806 3331 1876 percellere
3364 1808 3623 1868 mentem,

2175 1898 2345 1951 Dante
2375 1897 2487 1952 Deo
2511 1895 2746 1962 famulae,
2779 1910 2902 1966 quae
2933 1903 3060 1951 sunt
3099 1894 3454 1952 accommoda
3491 1894 3640 1959 vitae,

2176 1984 2370 2039 Visitat
2397 1984 2651 2039 ancillam
2671 1984 2954 2049 Dominus,
2988 1983 3286 2054 reginaque
3315 1982 3577 2038 clausam.

2175 2074 2287 2127 Nec
2317 2073 2573 2128 tenebras
2602 2073 2829 2142 patitur,
2863 2072 2991 2127 dum
3024 2072 3116 2127 lux
3146 2070 3473 2126 diffunditur
3500 2070 3668 2124 intus.

2177 2162 2408 2218 Conscia
2446 2162 2804 2232 congreditur
2831 2161 3155 2217 famulorum
3190 2161 3370 2227 turba,
3404 2159 3681 2228 ﬁdemque

451 2214 557 2319 Sed
588 2213 877 2319 caro‘dum
924 2213 1150 2319 patitur:
1183 2227 1338 2319 ruens
1359 2227 1588 2319 prorsus
1626 2214 1695 2269 ad
1724 2214 1833 2270 alta
1848 2214 2091 2315 .levatur.
2517 2213 3519 2319 QBib'éu—éSRI-EV‘iéiﬁbdrémﬁﬁnam.

452 2304 697 2372 Cumque
725 2302 892 2374 ligata
921 2302 1083 2358 datur
1113 2302 1263 2358 dolio
1293 2317 1391 2358 sua
1428 2303 1654 2359 vulnera
1683 2303 1862 2373 rumpi

452 2393 654 2461 Sensit,
686 2392 758 2449 ob
788 2391 894 2448 hoc
925 2391 1115 2462 populi
1144 2406 1416 2462 vocesque
1448 2392 1515 2447 ad
1547 2392 1729 2448 sidera
1758 2392 1903 2449 tolli.

454 2479 813 2551 Confessique
834 2483 1002 2536 Deum
1032 2481 1297 2537 caelorum
1319 2495 1545 2537 munera
1569 2487 1811 2537 sumunt.

456 2570 703 2641 Denique
732 2584 802 2626 ne
832 2570 1069 2640 populus
1098 2571 1153 2624 in
1183 2570 1456 2625 Christum
1488 2570 1742 2626 crederet
1770 2570 1948 2626 omnis

457 2659 537 2716 Ad
568 2659 691 2716 loca
718 2659 1004 2729 sanguinei
1027 2660 1180 2729 jussa
1211 2664 1295 2714 est
1325 2659 1643 2714 certaminis
1673 2660 1776 2724 ire,

459 2748 795 2818 Emissasque
825 2747 1008 2817 precis
1037 2753 1163 2817 post
1201 2761 1355 2803 sacra
1386 2748 1569 2804 oblata
1598 2746 1813 2815 feritur,

455 2838 523 2894 Et
551 2851 680 2894 caro
710 2836 839 2892 dum
863 2836 1058 2907 jacuit,
1097 2849 1254 2893 mens
1287 2838 1407 2908 ejus
1434 2837 1491 2893 in
1521 2837 1725 2894 aethera
1754 2835 1948 2892 fertur.

1207 2981 1342 3036 XXI.

726 3088 916 3158 Incipit
945 3087 1044 3143 ode
1071 3088 1126 3143 in
1154 3086 1360 3143 laudem
1386 3092 1583 3143 sancta:
1617 3087 1841 3143 Ursum.

601 3192 802 3265 Fulgor
838 3198 1095 3263 aspectus
1123 3193 1330 3263 placuit
1357 3194 1597 3250 virorum

602 3282 843 3350 Viribus,
876 3282 1077 3337 mentis
1106 3281 1276 3337 decor
1304 3287 1361 3337 at
1385 3282 1643 3351 supernis

604 3368 814 3427 Ursulaa
844 3369 1059 3436 turmis,
1101 3369 1299 3425 merito
1339 3369 1583 3439 potentis

851 3457 1065 3514 Nobilis
1094 3465 1271 3515 ortus.

601 3546 864 3604 Luctibus
893 3547 1065 3617 patris
1092 3547 1219 3603 tulit
1248 3547 1367 3603 hzec
1392 3548 1648 3618 juvamen

601 3638 724 3693 Non
752 3638 953 3693 timens
986 3637 1134 3708 regis
1161 3635 1330 3693 furias
1348 3637 1556 3694 caduci

600 3728 737 3783 Nixa
772 3728 961 3784 virtuti
991 3727 1205 3784 Domini
1238 3726 1500 3798 potentis,

850 3816 1015 3887 Virgo
1047 3816 1246 3887 pudica

601 3905 876 3973 Quaeritur
904 3919 1133 3975 sponso,
1173 3905 1343 3960 trahit
1378 3903 1474 3961 illa
1510 3919 1796 3977 sponsum,

603 3997 849 4064 Dumque
880 4009 939 4050 se
969 3993 1180 4064 profert
1208 3995 1387 4051 socias
1416 3996 1674 4065 requirit,

606 4084 876 4153 Aggregat
904 4080 1044 4137 festo
1084 4082 1294 4137 celeres
1331 4083 1612 4140 ministros

855 4172 1003 4226 Lieta
1032 4168 1239 4225 futuro.

604 4259 860 4331 Jungitur
892 4274 1065 4316 sacrae
1088 4260 1350 4317 comitum
1380 4260 1629 4318 cohortis

606 4350 860 4407 Sanctior
887 4349 1021 4406 cleri
1051 4348 1289 4406 celebris
1318 4356 1554 4419 caterva,

605 4440 839 4497 Advenit
865 4446 1081 4510 patrum
1120 4439 1357 4510 cupidus
1386 4454 1610 4497 corona

855 4529 1116 4600 Fulgidus
1146 4530 1306 4586 ordo.

606 4622 859 4676 Summus
887 4619 1131 4675 oblatum
1160 4620 1353 4688 decus,
1385 4624 1441 4675 et
1470 4620 1712 4692 resignat

605 4711 818 4776 Pastor,
849 4708 996 4765 haud
1023 4709 1207 4765 damni
1238 4710 1468 4780 pavidus
1497 4710 1726 4767 minoris

606 4798 877 4855 Dedicans
904 4799 1123 4855 Christo
1155 4800 1385 4856 comites
1413 4800 1628 4858 lavacro

858 4889 1096 4960 Virginis
1120 4889 1297 4945 almae.

608 4977 775 5035 lrruit
803 4977 983 5035 cultro
1012 4977 1161 5034 ferus
1190 4979 1574 5049 interemptor,

608 5067 853 5140 Agminis
889 5068 1033 5124 sacri
1053 5067 1305 5124 madidus
1330 5081 1550 5137 cruore,

608 5158 845 5230 Spiritus
873 5158 1015 5215 coelo
1052 5159 1290 5215 subeunt
1318 5164 1531 5229 aperto,

856 5250 989 5305 Ossa
1017 5248 1254 5305 colonis.

606 5338 749 5409 Ergo
780 5338 1062 5409 pulsantes
1092 5338 1378 5395 Dominum
1404 5342 1616 5409 rogate,

607 5427 777 5484 Parva
804 5441 915 5499 quo
943 5428 1116 5486 virtus
1146 5428 1357 5486 meritis
1380 5429 1602 5499 juvetur

606 5516 801 5572 Nostra
829 5518 931 5574 sub
964 5518 1180 5591 magnis
1207 5519 1420 5590 laqueis
1449 5518 1717 5575 malorum

856 5606 1109 5679 Undique
1129 5608 1331 5664 cincta.

2180 2342 2291 2395 Nec
2331 2344 2558 2409 potuere
2589 2345 2725 2395 rota
2756 2339 3064 2394 constantia
3093 2347 3217 2395 vota
3249 2343 3453 2393 rotare.

2181 2430 2292 2483 Nec
2322 2428 2515 2483 metuit
2543 2434 2773 2485 mortem
2805 2435 3031 2497 portans
3061 2441 3128 2483 ex
3163 2435 3338 2483 morte
3379 2439 3663 2482 coronam.

2181 2518 2517 2588 Sanguineas
2539 2516 2733 2572 vulnus
2762 2517 2889 2572 dum
2917 2518 3134 2572 mittere
3172 2516 3365 2571 debuit
3393 2514 3589 2580 undas,

2183 2609 2290 2663 Lac
2320 2606 2492 2673 dedit,
2525 2606 2746 2677 egregio
2777 2620 3091 2677 corpusque
3121 2606 3324 2661 dedere
3364 2604 3625 2674 sepulcro

2183 2697 2362 2753 Turba
2394 2710 2778 2767 supernorum,
2812 2703 2994 2768 guttas
3023 2695 3313 2766 funditque
3343 2694 3616 2750 salubres.

2912 2804 3096 2859 XXIII.

2522 2908 2633 2965 Odc
2661 2909 2716 2963 in
2753 2908 2959 2965 laudem
2986 2908 3215 2978 ejusdem
3244 2908 3483 2974 virginis.

2256 3016 2421 3072 Multa
2458 3029 2560 3072 nos
2592 3015 2740 3087 cogit
2769 3015 2987 3072 bonitas
3017 3014 3216 3085 puellae

2257 3105 2481 3161 Cantico
2508 3103 2697 3160 laudes
2724 3104 2930 3175 agitare
2971 3109 3183 3160 nostro.

2256 3196 2432 3250 Pauca
2465 3194 2593 3249 dum
2624 3195 2856 3264 spernit,
2890 3193 2995 3249 sibi
3027 3206 3151 3263 quae
3181 3196 3440 3261 parentes

2256 3284 2573 3354 Liqucrant,
2605 3284 2792 3339 multis
2821 3283 3020 3353 opibus
3048 3281 3281 3338 fovetur.

2255 3375 2481 3442 Sceptra
2510 3373 2637 3428 dum
2668 3372 2814 3442 regis
2842 3371 3051 3442 fragilis
3081 3369 3324 3440 reliquit,

2258 3461 2380 3517 Alta
2405 3461 2615 3517 dotavit
2638 3463 2892 3531 juvenem
2922 3473 3150 3516 corona.

2256 3549 2495 3605 Plurima
2523 3548 2676 3606 fulsit
2704 3549 2995 3606 Cathariua
3025 3548 3219 3613 forma,

2255 3639 2361 3694 Sed
2391 3639 2563 3710 magis
2590 3638 2872 3708 pulchram
2903 3651 3193 3694 numerosa
3221 3637 3393 3692 virtus

2256 3727 2537 3795 Reddidit,
2571 3728 2766 3783 summi
2796 3728 3104 3798 meruitque
3138 3725 3310 3781 Patris

2258 3816 2430 3873 Unico
2451 3817 2608 3887 jungi
2637 3819 2890 3887 speciosa
2918 3817 3077 3872 Nato.

2257 3906 2387 3974 Ejus
2415 3906 2667 3975 amplexu
2698 3906 2927 3975 cupiens
2954 3904 3147 3971 foveri,

2258 3995 2451 4049 Terras
2480 3994 2627 4064 quod
2668 4001 2857 4064 posset
2894 3994 3047 4061 dare,
3081 4007 3190 4051 non
3220 3993 3447 4064 cupivit.

2259 4085 2586 4153 Prosperum
2620 4084 2941 4154 quidquam,
2984 4084 3123 4140 mala
3152 4098 3255 4140 nec
3287 4082 3506 4153 refugit.

2258 4173 2413 4228 Unde
2452 4188 2554 4229 nec
2583 4174 2785 4244 praesul
2817 4175 2996 4244 potuit
3028 4174 3226 4229 minaci

2260 4264 2457 4319 Pectus
2488 4262 2637 4319 illius
2667 4277 2949 4320 removere
2982 4263 3152 4319 vultu.

2263 4354 2392 4423 Ejus
2421 4358 2476 4408 et
2504 4355 2712 4423 sprevit
2741 4353 2958 4423 placitis
2987 4352 3187 4408 favere.

2262 4443 2525 4498 Monstrat
2556 4451 2749 4514 arguto
2779 4444 3010 4499 rationis
3038 4448 3178 4499 acta.

2260 4536 2391 4599 Quae
2421 4532 2582 4588 ﬁdem
2613 4533 2850 4588 lustrent
2878 4532 3103 4589 senibus
3133 4532 3353 4603 togatis.

2266 4621 2422 4687 Vicit,
2455 4628 2508 4677 et
2538 4623 2696 4677 victis
2726 4622 2933 4692 placuit
2959 4622 3208 4688 subesse,

2261 4710 2393 4766 Fine
2423 4711 2552 4767 dum
2579 4711 2744 4767 vitam
2772 4712 3012 4767 subeunt
3039 4716 3339 4767 carentem.

2262 4800 2513 4862 Carnifex
2540 4800 2688 4857 ferro
2717 4801 2923 4858 lacerat
2950 4800 3227 4867 tenellam,

2262 4891 2425 4946 Forte
2454 4890 2551 4947 sed
2582 4900 2776 4962 pectus
2806 4892 3019 4963 nequiit
3047 4890 3234 4947 ferire.

2261 4980 2511 5035 Carceris
2539 4985 2681 5036 tetra
2721 4980 2878 5037 latuit
2908 4993 3140 5037 caverna

2263 5069 2536 5139 Splendor
2572 5076 2656 5126 ast
2685 5072 2879 5127 summi
2935 5071 3111 5141 patuit
3140 5070 3362 5127 decoris

2261 5159 2326 5214 Et
2353 5158 2564 5214 lucrum
2595 5159 2812 5217 Christo
2850 5167 3005 5230 parat
3034 5160 3090 5215 in
3129 5165 3364 5215 caterva.

2260 5250 2375 5304 Jam
2405 5263 2603 5305 novum
2632 5250 2851 5320 pondus
2880 5250 3082 5306 cecidit
3113 5256 3356 5306 rotarum

2260 5342 2398 5394 Ante
2427 5353 2486 5394 se
2516 5353 2731 5395 sacrum
2762 5339 2889 5395 tulit
2917 5346 2972 5396 et
3001 5339 3359 5409 manipulum.

2259 5429 2416 5483 Jussa
2444 5427 2540 5483 sed
2572 5428 2791 5485 tandem
2822 5435 2987 5499 caput
3015 5428 3286 5499 amputari

2246 5516 2547 5587 Supplices
2575 5516 2793 5574 Christo
2833 5519 3035 5589 rogitat
3064 5517 3341 5574 favendos.

2257 5605 2467 5661 Vulnus
2494 5605 2703 5663 illatum
2732 5606 2948 5663 laticem
2983 5607 3076 5664 dat
3103 5606 3305 5662 album.
