4106 6178
223 334 346 388 1241

289 461 504 518 Caelica:
535 463 711 518 turbae
740 462 993 533 sepelivit
1020 479 1163 520 ossa.

287 553 498 608 Puritas
528 563 749 609 manant
792 555 972 610 oleum
1005 555 1245 611 salubre.

950 644 1128 698 XXIV.

633 729 763 785 Alia
801 732 899 786 ode
936 733 990 786 in
1027 734 1190 803 ipsius
1229 733 1455 790 laudem.

289 819 499 875 Laudes
528 833 638 876 non
671 821 854 890 pigeat
894 823 1230 891 prompsisse
1271 825 1523 880 cantibus

286 912 428 976 Quas
465 910 618 981 virgo
645 911 863 976 meruit,
901 925 1001 967 nec
1031 913 1242 968 meritis
1283 929 1441 983 pares

287 998 505 1054 Candor
533 1000 811 1069 virgineus
842 1001 1154 1070 praecipuus
1184 1003 1350 1069 nitor,

287 1088 440 1155 Quod
479 1088 630 1144 fulsit
659 1090 899 1158 sapiens,
943 1097 997 1145 et
1034 1091 1248 1146 stabilis
1286 1092 1455 1157 valor,

289 1177 488 1232 Extolli
529 1178 702 1233 titulis
726 1180 851 1247 jure
884 1185 1076 1248 petunt
1107 1180 1263 1235 novis

293 1267 558 1321 Virtutum
590 1280 868 1334 numerus,
901 1282 1010 1338 quo
1042 1269 1210 1339 viguit
1242 1270 1391 1325 brevi

291 1357 403 1411 Hoc
442 1355 566 1411 vitae
595 1357 772 1425 spatio
804 1371 903 1412 suo
935 1356 1112 1428 fragili
1143 1364 1306 1413 statu.

290 1443 568 1500 Extollens
605 1445 912 1501 Catharinte
941 1447 1157 1501 niveum
1189 1447 1378 1502 decus.

288 1533 439 1601 Quod
472 1547 581 1588 non
613 1533 919 1589 dilacerent
957 1535 1190 1604 plurima
1230 1537 1514 1592 commoda

289 1625 404 1678 Non
428 1621 585 1677 tollat
623 1623 856 1691 species,
901 1623 1107 1679 divitiis
1139 1624 1297 1678 cadat

290 1715 458 1767 Sexus
482 1709 711 1776 feminei
753 1711 925 1766 libera
955 1714 1157 1781 portio,

289 1801 518 1856 Grandis
545 1801 646 1855 sub
680 1806 882 1856 tenera:
915 1801 1025 1856 visa
1064 1803 1291 1857 scientia

287 1894 498 1957 Arcano
529 1891 740 1945 invenis
780 1891 947 1945 multa
986 1892 1289 1946 scientibus

291 1983 423 2037 Dum
466 1979 680 2050 profert
718 1981 844 2036 fidei
885 1982 1110 2051 mystica
1143 1982 1417 2052 dogmata,

289 2072 407 2125 Non
449 2068 615 2124 infert
643 2070 850 2138 aliquid
884 2072 1105 2126 conscia
1137 2072 1353 2136 concio,

292 2159 543 2214 Victricis
573 2159 817 2214 retinens
847 2159 1051 2214 lumina
1092 2159 1334 2231 fulgidaz,

292 2247 702 2318 Perdentesque
741 2249 951 2303 animas
982 2250 1267 2304 inveniunt
1299 2263 1409 2303 eas.

289 2337 695 2392 Excellentibus
733 2336 911 2406 fragili
952 2338 1123 2392 robur
1154 2339 1206 2391 in
1240 2339 1435 2392 arbore

288 2427 523 2494 Experta
555 2432 638 2481 est
668 2427 933 2496 regimen,
976 2441 1099 2495 quae
1140 2427 1317 2480 tenuit
1357 2440 1566 2481 manus.

289 2517 419 2570 Dum
461 2514 639 2584 pulsat
670 2515 948 2584 precibus,
983 2515 1110 2569 dum
1142 2513 1300 2569 furiis
1330 2515 1511 2569 minax

287 2605 516 2658 Carnem
555 2603 863 2659 dilacerans
901 2604 1002 2658 sub
1044 2604 1286 2659 tenebris
1326 2604 1488 2669 locat,

293 2695 357 2746 Ut
386 2692 622 2762 demptis
655 2694 888 2762 dapibus
929 2693 1238 2763 praecipitet
1276 2694 1418 2748 neci.

287 2780 579 2849 Splendor,
613 2782 710 2837 sed
751 2780 967 2836 famulae
991 2781 1189 2851 gaudia
1229 2788 1550 2852 congregat,

291 2871 360 2925 Ut
389 2882 610 2925 carnem
646 2869 882 2936 foveant,
916 2871 1113 2940 pabula
1155 2879 1447 2941 prmparat.

292 2958 523 3013 Verbum
556 2956 868 3024 fructificat,
901 2960 1146 3028 germina
1186 2960 1416 3030 colligit.

293 3046 472 3101 Fortis
503 3046 780 3102 terribiles
810 3061 918 3103 non
951 3049 1132 3102 timuit
1171 3055 1338 3116 rotas,

290 3136 354 3189 Et
392 3141 622 3190 mortem
655 3136 879 3204 patitur,
923 3150 991 3192 ne
1021 3137 1215 3192 subeat
1241 3152 1452 3194 necem.

292 3224 355 3278 Et
393 3223 476 3278 lac
506 3225 866 3294 consequitur
895 3225 1117 3282 vulnera
1150 3228 1462 3284 candidum.

292 3313 657 3382 Montanoque
697 3312 882 3368 locant
911 3316 1117 3370 vertice
1147 3314 1338 3372 funera

293 3401 505 3456 Dextrae
535 3401 867 3469 cmlicolum,
901 3403 1026 3472 quis
1057 3405 1239 3460 reﬂuit
1267 3406 1448 3476 liquor

296 3489 553 3544 Reddens
582 3490 860 3546 debilibus
886 3492 1128 3547 membra
1150 3493 1405 3549 valentia.

970 3582 1123 3635 XXV.

432 3667 682 3737 Loquitur
719 3670 866 3735 virgo
904 3669 1086 3724 Maria
1127 3671 1195 3724 ad
1241 3673 1417 3725 les-um
1461 3677 1657 3726 natum.

222 3755 327 3808 Has
357 3755 546 3810 mundi
575 3757 831 3812 tenebras
861 3764 1050 3813 noster
1078 3759 1217 3813 bene
1238 3761 1454 3815 veneris
1483 3760 1661 3816 infans

224 3843 425 3912 Visere,
467 3845 559 3915 qui
603 3845 710 3901 lato
751 3845 1011 3902 biﬂ‘undis
1040 3847 1243 3903 lumina
1283 3849 1442 3904 caelo.

222 3931 318 3986 Fili
351 3934 476 3999 mei,
512 3934 696 4004 filique
726 3937 842 4002 Dei,
877 3951 1050 3992 novus
1077 3938 1284 4005 accola,
1311 3939 1478 3994 salve.

219 4022 322 4101 Sed
354 4023 496 4092 quis,
532 4038 641 4093 quo
683 4039 947 4095 properas
977 4040 1202 4096 compar
1230 4028 1498 4098 genitoris
1518 4037 1541 4083 ἱ)
1565 4031 1633 4085 ab
1663 4030 1774 4086 alto

220 4111 516 4167 Prosiliens
542 4127 650 4182 quo
691 4122 816 4169 nate
856 4116 1046 4170 venis?
1075 4117 1168 4186 qui
1202 4123 1315 4172 rata
1349 4119 1597 4188 polorum

217 4200 438 4269 Reples,
472 4202 636 4257 tellus
673 4203 828 4259 sinus
853 4205 942 4260 hic
982 4219 1135 4277 mage
1167 4207 1474 4276 complacet
1502 4214 1672 4275 artus,

217 4289 482 4345 Concludi
515 4304 644 4346 num
674 4291 816 4348 forte
846 4295 1017 4361 venis,
1064 4295 1156 4365 qui
1190 4296 1295 4352 ﬁne
1326 4297 1572 4364 carebas,

215 4378 314 4444 Qui
353 4386 503 4433 stans
533 4387 729 4436 cuncta
761 4396 984 4437 movens
1008 4385 1204 4439 venisti
1237 4386 1290 4439 in
1323 4401 1486 4441 carne
1518 4389 1720 4443 moveri

215 4467 316 4533 Qui
347 4469 495 4538 geris
523 4469 578 4524 in
610 4470 800 4526 dextra
832 4472 1121 4528 mundanae
1154 4475 1398 4543 pondera
1430 4477 1609 4543 molis,

214 4557 464 4622 Ancillae,
499 4559 829 4628 tremulique
867 4561 1016 4615 senis
1047 4561 1338 4630 portabere
1371 4563 1589 4630 palma?

213 4644 383 4711 Cujus
413 4646 680 4703 caelicolae
721 4654 1021 4716 pascuntur
1058 4663 1304 4717 munere,
1340 4664 1552 4719 parvas,

212 4737 358 4798 Quas
408 4741 586 4791 tamen
638 4737 898 4806 implesti,
939 4739 1145 4807 placuit
1184 4739 1283 4794 tibi
1315 4755 1545 4811 suggere
1577 4750 1877 4799 mammas?

213 4825 383 4888 Quem
415 4826 602 4894 superi
645 4826 898 4882 cecinere
932 4828 1108 4893 chori,
1143 4829 1289 4898 quod
1321 4836 1448 4884 ante
1489 4830 1633 4886 beati

212 4910 500 4968 Exsultant
528 4913 695 4969 animi
726 4916 924 4971 venisti
951 4918 1200 4972 emittere
1234 4918 1462 4973 luctus?

212 4999 362 5069 Euge
388 5003 498 5070 jam
531 5011 750 5060 nostros
779 5005 995 5072 subeas,
1031 5007 1102 5060 mi
1143 5013 1286 5072 nate,
1321 5007 1576 5064 lacertos.

212 5089 382 5143 Parva
418 5099 573 5160 geret
605 5106 857 5163 magnum
890 5095 1158 5165 genitrix,
1209 5095 1526 5167 fragilisque
1570 5103 1870 5168 potentem,

213 5179 499 5236 Factorem
529 5184 767 5252 gestabit
798 5198 956 5254 opus,
992 5185 1276 5256 nubesque
1307 5186 1584 5242 decorem.

211 5271 368 5324 Astat
395 5270 557 5340 inops
595 5273 792 5328 ancilla
824 5274 944 5336 tibi,
978 5290 1101 5345 quae
1132 5275 1315 5331 mollia
1357 5290 1518 5345 parva

212 5359 452 5414 Membra
484 5367 630 5432 tegat
662 5376 864 5431 panno,
888 5377 999 5420 non
1031 5364 1122 5420 hic
1156 5365 1352 5421 domus
1394 5365 1592 5435 inclyta
1625 5372 1874 5437 sumptus

209 5449 474 5516 Apparat,
508 5450 723 5506 ancilla:
754 5451 974 5518 desunt,
1009 5454 1296 5524 ignavique
1328 5454 1584 5521 ministri,

209 5538 458 5606 Cumque
489 5536 618 5594 furit
657 5541 878 5608 Boreas,
913 5555 1022 5598 non
1054 5543 1199 5614 igne,
1232 5549 1325 5598 aut
1364 5543 1505 5613 pelle
1545 5543 1762 5600 fovebo.

212 5628 298 5683 En
329 5631 576 5685 tenerum
610 5634 799 5700 patere
837 5631 1020 5689 loculo
1052 5632 1330 5703 deponere
1361 5646 1586 5702 corpus,

1739 338 2060 396 CARMINA.

1883 465 2030 523 AEn
2062 465 2159 520 tibi
2203 479 2301 534 pro
2339 465 2481 520 lecto
2513 478 2760 534 praesepe
2801 463 3129 518 insternitur
3159 459 3362 529 amplo,

3457 329 3592 385 1242

1947 553 2133 621 Qualia
2165 560 2290 609 nate
2319 554 2475 624 legis,
2511 554 2604 608 tali
2632 554 2731 608 tibi
2762 567 2914 607 more
2947 551 3169 621 parabo.

2685 642 2864 696 XXVI.

2076 731 2159 786 Ad
2196 729 2403 785 laudem
2438 735 2634 785 sanctae
2661 730 2835 784 Lucio:
2865 729 3084 797 virginis
3123 732 3170 782 et
3209 725 3476 795 martyris.

1949 820 2047 887 Qui
2080 820 2220 875 caelo
2260 819 2534 890 quondam
2568 819 2802 873 statuisti
2833 817 3036 872 Iumina
3067 815 3231 870 terris

1949 910 2237 979 Spargere,
2271 908 2340 963 de
2371 908 2625 962 tenebras
2668 906 2925 976 pellentis
2953 918 3178 960 munere
3211 902 3369 967 lucis,

1949 998 2120 1052 Nocte
2157 997 2287 1052 licet
2327 1010 2546 1066 pressos
2576 997 2748 1051 nubes
2781 1009 2882 1050 nos
2913 993 3116 1064 pallida
3146 991 3368 1048 condat.

1953 1086 2153 1142 Lucida
2183 1086 2483 1157 gaudemus
2520 1092 2697 1140 tamen
2730 1084 2820 1139 hic
2851 1083 3183 1154 quandoque
3224 1078 3387 1135 tueri.

1951 1177 2107 1232 Clara
2146 1176 2364 1245 quidam
2396 1175 2522 1230 fidei
2552 1180 2768 1245 gestant
2805 1174 2906 1228 sub
2937 1173 3151 1242 agmine
3182 1170 3335 1240 virgo

1953 1267 2198 1332 Lumina,
2232 1280 2333 1322 nos
2357 1265 2547 1321 docuit
2576 1265 2851 1320 constanti
2883 1263 3065 1318 lucida
3097 1259 3243 1316 bello

1954 1357 2180 1422 Sistere,
2214 1355 2340 1410 dum
2379 1355 2636 1424 precibus
2668 1353 2955 1409 Dominum
2985 1351 3182 1405 vicisse
3214 1352 3492 1403 tonantem

1956 1446 2079 1499 Visa
2111 1458 2332 1514 quoque
2363 1449 2447 1498 est
2476 1443 2670 1498 morbo
2712 1447 2980 1511 praestans
3011 1438 3264 1508 suffragia
3297 1435 3504 1491 matris.

1955 1533 2117 1588 Multa
2144 1539 2298 1602 parat
2337 1532 2572 1596 daemon,
2602 1532 2684 1586 vis
2723 1530 2926 1594 carnis,
2961 1527 3150 1598 praalia
3182 1525 3436 1581 mundus.

1955 1625 2122 1678 Docta
2161 1621 2287 1676 ferit
2311 1621 2494 1691 jaculo
2526 1621 2831 1675 latitantem
2863 1618 3104 1673 nubibus
3136 1616 3370 1678 hostem,

1960 1715 2102 1768 Luce
2131 1711 2338 1766 micans
2363 1710 2488 1766 ﬁdei
2529 1710 2710 1765 carnis
2739 1707 3019 1763 molimina
3048 1705 3238 1770 vincit,

1889 1800 1938 1861 B
1959 1803 2092 1856 Dum
2132 1815 2191 1855 se
2222 1800 2494 1855 terricolae
2523 1798 2735 1854 facibus
2764 1811 2873 1853 non
2907 1795 3088 1866 jungit
3117 1792 3368 1856 amantis,

1954 1893 2084 1958 Quae
2117 1891 2332 1959 potiora
2363 1888 2585 1958 quidem
2617 1887 2859 1942 caelestis
2884 1884 3090 1940 fmdere
3121 1881 3354 1952 sponsi?

1955 1982 2120 2047 Quem
2162 1978 2308 2034 fovet
2347 1978 2400 2031 in
2433 1976 2652 2032 minima
2684 1973 2998 2030 diffundens
3029 1985 3258 2028 munera
3289 1967 3532 2024 membra

1958 2069 2176 2125 Fortior
2214 2066 2449 2137 insurgit
2480 2065 2716 2120 mundus
2746 2079 2846 2134 pro
2887 2065 3053 2118 Marte
3093 2060 3389 2123 secundus.

1957 2158 2089 2214 Inde
2119 2157 2341 2211 sinister
2370 2156 2526 2210 adest
2557 2163 2611 2209 et
2639 2154 2830 2219 verbo,
2865 2158 2920 2207 et
2957 2151 3186 2206 verbere
3219 2156 3445 2217 turgens

1956 2247 2115 2302 Nulla
2146 2251 2328 2314 potest
2358 2245 2597 2299 animum
2629 2242 2840 2313 fragilis
2863 2242 2965 2296 sub
2996 2253 3161 2295 carne
3189 2237 3400 2293 virilem

1959 2339 2229 2405 Frangere
2258 2335 2339 2388 vis
2369 2333 2631 2398 clausum,
2666 2332 2734 2386 de
2765 2332 2922 2399 cujus
2960 2329 3160 2384 robore
3193 2325 3356 2381 traxit

1958 2426 2178 2483 Robora
2208 2423 2455 2480 mortalis
2486 2422 2676 2487 moles,
2712 2434 2833 2475 nam
2873 2419 3067 2474 sistere
3097 2417 3210 2472 visa
3249 2420 3350 2470 est.

1958 2513 2293 2570 Multimodis
2321 2513 2602 2568 hominum
2643 2509 2934 2566 conatibus
2962 2514 3104 2573 acta,
3147 2507 3461 2572 bonumque

1958 2603 2038 2659 Ad
2068 2603 2188 2659 loca
2221 2602 2508 2672 perdendi,
2543 2609 2603 2656 ut
2640 2600 2952 2656 traheretur
2980 2596 3124 2653 foeda
3156 2592 3404 2665 pudoris.

1961 2697 2217 2748 lncensas
2245 2697 2469 2762 superat
2508 2692 2768 2757 ﬂammas,
2801 2703 2904 2744 nec
2942 2687 3167 2742 vulnera
3198 2681 3391 2739 mortis

1959 2782 2206 2852 Expavit,
2238 2795 2504 2850 sacraque
2535 2780 2862 2836 charismate
2903 2777 3014 2832 tota
3044 2774 3270 2843 reliquit

1960 2872 2196 2928 Membra
2220 2871 2441 2941 quidem
2473 2877 2656 2935 terrm,
2687 2868 2784 2924 sed
2815 2866 3044 2936 spiritus
3082 2863 3285 2919 aethera
3335 2859 3552 2915 scandit
3587 2878 3600 2912 :

1959 2962 2059 3018 Hic
2097 2967 2188 3017 tua
2223 2959 2451 3016 lucifero
2482 2958 2799 3028 resplendet
2837 2955 3074 3011 culmine
3103 2952 3283 3008 sedes.

1959 3051 2058 3107 Hic
2087 3064 2245 3106 sacer
2281 3049 2550 3119 implexus
2579 3047 2681 3103 tibi
2711 3045 2944 3117 porrigit
2974 3042 3162 3100 oscula
3201 3052 3458 3111 sponsus,

1896 3121 1940 3183 α
1959 3143 2077 3198 Huc
2115 3154 2336 3211 quoque
2368 3153 2469 3195 nos
2498 3147 2591 3194 tua
2618 3141 2744 3193 vota
2773 3135 2992 3191 trahant
3023 3147 3056 3188 ο
3095 3129 3277 3188 lucida
3304 3127 3478 3196 virgo.

2677 3226 2881 3281 XXVII.

2232 3318 2423 3389 Incipit
2459 3316 2558 3370 ode
2593 3315 2649 3369 in
2686 3315 2939 3369 honorem
2977 3312 3338 3366 Innocentum.

2240 3405 2578 3463 Candentem
2607 3401 2812 3472 segetis
2849 3413 3005 3455 novae

2242 3495 2498 3550 Miremur
2535 3490 2811 3546 cumulum
2850 3489 3074 3553 chorus,

2239 3584 2341 3651 Qui
2371 3581 2556 3636 fauces
2586 3587 2804 3635 teneras
2831 3582 2995 3648 agant

2237 3676 2431 3729 Coram
2471 3669 2721 3740 principe
2752 3666 3002 3722 canticis.

2237 3761 2446 3817 Gaudet
2476 3757 2785 3830 primipilus
2816 3768 3010 3811 recens

2239 3852 2443 3905 Ductor
2473 3848 2688 3903 mittere
2720 3845 2975 3916 praevios.

2242 3941 2482 3994 Laetatur
2514 3935 2742 4005 paribus
2772 3947 2909 4004 puer

2240 4029 2460 4084 Florum
2501 4025 2770 4095 primitias
2797 4023 2988 4095 legens

2243 4119 2344 4173 Hic
2373 4117 2576 4186 gaudet
2605 4114 2780 4170 titulis
2809 4113 2983 4183 loqui,

2239 4209 2387 4274 Quos
2417 4218 2645 4275 prorsus
2674 4203 2838 4258 dabat
2875 4202 3082 4258 inscius

2242 4298 2411 4363 ditas,
2444 4303 2498 4351 et
2527 4295 2646 4348 sine
2675 4293 2924 4347 crimine.

2241 4386 2330 4440 Sic
2361 4384 2543 4454 dignis
2579 4380 2798 4436 canitur
2827 4379 3000 4447 prior.

2241 4476 2415 4528 Instas
2445 4473 2742 4527 innocuum
2773 4473 2948 4531 tonat,

2241 4563 2295 4618 Si
2327 4563 2528 4632 lingua:
2559 4559 2740 4617 officio
2782 4562 2992 4621 carent,

2239 4653 2448 4708 Clamat
2485 4650 2817 4721 sanguineus
2856 4647 3044 4701 rubor.

2237 4743 2414 4799 Occisi
2447 4745 2707 4797 resonant
2746 4737 2938 4801 decus,

2238 4831 2392 4900 Quod
2431 4831 2536 4884 vivi
2578 4832 2857 4896 nequeunt
2897 4823 3066 4893 loqui.

2239 4920 2378 4989 Quid
2417 4919 2518 4984 vis,
2553 4916 2751 4988 tigride
2783 4915 3016 4971 durior?

2239 5011 2378 5078 Quid
2418 5009 2598 5075 saevis,
2629 5007 2890 5062 carnibus
2917 5002 3070 5059 canis

2241 5103 2439 5170 Pejor?
2470 5099 2603 5170 quid
2633 5097 2802 5153 sociis
2825 5100 3026 5151 vacas?

2240 5191 2444 5260 Pignus
2481 5186 2792 5244 crelicolum
2830 5189 2990 5255 putas

2242 5277 2488 5335 lniundis
2527 5277 2778 5332 manibus
2809 5271 3023 5342 premi?

2239 5367 2344 5424 Sed
2377 5367 2578 5423 frustra
2611 5370 2815 5420 tumeat
2847 5361 3024 5427 furor,

2236 5460 2301 5514 Et
2339 5464 2392 5512 te
2431 5455 2773 5527 magniﬁcum
2807 5465 2962 5522 puer,

2238 5548 2476 5601 Materna
2507 5545 2676 5599 ubera
2713 5540 3014 5596 subbibens

2241 5635 2451 5700 Vincat,
2486 5640 2539 5689 te
2578 5630 2793 5703 fugiens
2830 5629 3034 5686 domet.
