4106 6178
264 305 386 359 1245

991 429 1146 482 XXX.

889 518 953 570 In
990 515 1246 570 eamdem.

456 606 625 663 Ardet
662 605 883 660 intactae
914 604 1107 660 faciem
1141 603 1338 673 puellae

461 695 721 752 Prmsidis
749 701 928 760 natus,
963 693 1177 748 stabilis
1207 693 1302 748 sed
1337 691 1427 746 illa

461 785 587 841 Tale
618 797 943 853 responsum
968 782 1157 852 juveni
1200 781 1401 852 pudico

637 873 846 929 Retulit
885 887 1003 927 ore.

461 962 600 1030 Quid
642 975 792 1017 meos
832 959 1033 1016 frustra
1074 959 1342 1014 thalamos
1371 959 1610 1028 requiris

463 1052 724 1107 Pabulum
766 1051 978 1117 mortis,
1016 1050 1352 1119 laqueusque
1389 1049 1552 1102 vitae!

463 1141 660 1210 Turpis
689 1140 916 1195 obsceni
957 1138 1151 1208 procul
1181 1138 1311 1193 hinc
1341 1137 1540 1194 recede

640 1229 897 1284 Criminis
935 1235 1148 1284 auctor.

465 1320 636 1385 Dona,
678 1333 801 1388 quae
837 1319 1012 1386 jactas
1053 1317 1292 1386 pretiosa
1331 1316 1503 1380 dives,

465 1407 728 1476 Pauperis
758 1413 994 1462 mentem
1025 1412 1278 1462 moveant
1309 1405 1527 1475 puellae.

462 1497 689 1567 Dignior
717 1509 955 1565 Sponsus
994 1496 1223 1551 meliora
1263 1495 1434 1550 multo

643 1585 864 1639 Munera
904 1591 1146 1653 praestat.

465 1673 676 1730 Clarior
705 1673 852 1738 luna,
896 1673 1176 1742 radiisque
1207 1671 1362 1739 solis,

466 1763 672 1818 Cuncta
701 1763 789 1816 cui
823 1769 1015 1830 parent
1046 1761 1316 1817 elementa
1345 1762 1557 1828 mundi,

467 1853 536 1906 Se
565 1850 698 1905 mihi
728 1863 989 1919 sponsum
1025 1849 1199 1917 dedit,
1233 1856 1289 1905 et
1319 1863 1614 1918 perennem

645 1939 833 1994 Sidera
865 1940 1072 1995 dotem.

468 2032 693 2098 Jamque
734 2028 1023 2098 complexu
1057 2026 1289 2084 fruimur
1320 2028 1542 2098 pudico,

468 2120 584 2173 Jam
614 2130 742 2172 caro
772 2117 926 2172 carni
955 2117 1164 2172 sociata
1193 2117 1416 2188 gaudet,

469 2209 585 2264 Jam
621 2220 776 2261 sacer
813 2207 1040 2276 sanguis
1078 2205 1270 2262 faciem
1302 2206 1480 2262 nitent

650 2295 854 2349 Murice
886 2294 1067 2349 tinxit.

473 2387 648 2452 Quare
681 2382 941 2439 mortales
971 2381 1215 2452 periture
1245 2380 1475 2450 formas;

471 2473 699 2530 C(elilus
738 2471 911 2527 nostri
952 2471 1208 2541 placuere
1238 2471 1440 2538 vultus,

479 2563 628 2617 Vivet
658 2561 714 2615 in
745 2560 908 2614 terris
937 2572 1091 2614 amor
1122 2559 1246 2625 iste,
1281 2559 1443 2614 celsis

651 2650 804 2705 Vivet
842 2651 898 2704 in
939 2650 1121 2704 astris.

474 2741 638 2812 Virgo
671 2753 772 2795 nec
811 2739 1004 2794 mirum
1045 2737 1296 2793 videatur
1324 2737 1485 2803 alma,

472 2832 679 2888 Cuncta
710 2829 756 2883 si
787 2828 992 2898 sprevit
1022 2833 1373 2882 monumenta
1404 2826 1617 2894 mortis,

473 2919 603 2985 Quae
649 2917 796 2987 pium
837 2918 961 2972 vitae
1002 2915 1288 2972 Dominum
1328 2915 1587 2985 perennis

653 3006 879 3074 Semper
915 3005 1132 3059 amavit.

475 3092 554 3148 Ad
597 3099 718 3148 tuas
745 3096 926 3163 Agnes
963 3093 1263 3164 rogitamus
1299 3106 1444 3158 aras,

478 3182 694 3252 Flagret
732 3182 788 3236 in
819 3181 1024 3238 nostris
1053 3195 1206 3237 amor
1231 3182 1335 3237 iste
1365 3181 1516 3236 libris

477 3270 856 3340 Comprimens
894 3269 1109 3324 blandae
1140 3269 1394 3326 stimulos
1417 3271 1657 3340 juventa:

659 3359 899 3414 Flamine
937 3365 1148 3414 sancto.

484 3450 588 3504 Ure
619 3447 849 3503 lascivas
887 3449 1168 3503 hominum
1199 3448 1486 3514 medullas,

478 3539 648 3593 Tutus
680 3544 738 3592 ut
768 3537 957 3592 dulces
985 3535 1158 3607 fugiat
1196 3537 1468 3606 procellas

438 3619 444 3626 ’
479 3627 716 3698 Spiritus
745 3627 956 3693 mundi,
992 3627 1308 3697 domitaque
1345 3628 1522 3682 victor

657 3717 833 3771 Carne
867 3715 1187 3786 triumphet.

483 3805 762 3876 Virginum
802 3805 1026 3860 laudent
1055 3805 1144 3874 pia
1171 3810 1296 3860 vota
1325 3805 1529 3874 Regem

479 3897 649 3962 Quem
683 3895 844 3950 decet
881 3909 1052 3950 sacrae
1091 3909 1265 3964 genus
1299 3907 1460 3950 omne
1501 3893 1697 3959 laudis,

484 3985 652 4055 Cujus
679 3985 736 4039 in
775 3983 922 4040 trino
951 3995 1276 4039 veneramur
1315 3997 1480 4039 unum

661 4073 892 4130 Numine
932 4087 1152 4129 numen.

999 4217 1181 4272 XXXI.

381 4325 565 4380 Sermo
595 4323 666 4378 ad
694 4322 886 4378 clerum
923 4324 976 4378 in
1013 4323 1219 4378 tandem
1261 4323 1508 4379 Vincenlii
1537 4323 1805 4394 martyris.

273 4431 552 4485 Hactenus
582 4429 847 4484 almorum
879 4428 1182 4484 referentes
1221 4427 1360 4484 facta
1391 4429 1633 4484 virorum

271 4519 533 4589 Tegmine
564 4532 850 4588 prosarum
881 4517 1216 4582 vestivimus,
1250 4522 1334 4571 ast
1363 4529 1502 4571 nova
1534 4521 1717 4586 patres

269 4610 349 4662 Ac
387 4605 583 4663 fratres
613 4607 869 4678 placuere
897 4605 1088 4676 magis,
1120 4610 1361 4660 veterata
1392 4605 1536 4658 tueri

274 4697 398 4751 Non
439 4696 636 4766 placet,
669 4697 786 4767 ipsa
818 4696 973 4751 cibos
1003 4695 1255 4750 renovari
1286 4707 1474 4749 mensa
1504 4691 1757 4763 requirit.

279 4787 389 4840 Vos
418 4785 584 4856 igitur
614 4799 846 4854 namque
880 4785 985 4840 huc
1014 4799 1112 4840 vos
1143 4784 1310 4838 traxit
1348 4796 1512 4838 causa
1541 4782 1812 4846 ciborum,

278 4875 403 4929 Non
443 4887 583 4944 quos
620 4888 823 4943 corpus
851 4879 1014 4938 amat,
1055 4877 1272 4944 gustum
1331 4871 1573 4942 praebete
1623 4874 1919 4936 recentem,

277 4963 550 5033 Quodque
588 4963 740 5018 dabit
780 4963 1042 5018 Dominus
1079 4962 1206 5017 laeto
1249 4961 1590 5032 portabimus
1628 4973 1743 5016 ore.

283 5055 464 5122 thue
504 5053 674 5123 magis
706 5052 880 5121 possit
910 5051 1144 5107 refoveri
1173 5059 1352 5107 vestra
1385 5050 1656 5116 voluntas,

279 5141 366 5195 Ad
405 5141 618 5196 Domini
649 5148 873 5196 matrem
905 5141 1069 5196 solito
1101 5153 1459 5210 properemus
1488 5139 1718 5195 honore.

279 5230 441 5297 Quod
474 5237 756 5300 portemus
785 5231 855 5297 ei,
889 5230 1078 5286 docuit
1103 5243 1205 5285 nos
1233 5228 1459 5298 angelus
1488 5229 1639 5284 olim.

279 5318 556 5375 Auxilium
591 5323 880 5390 postquam
911 5318 979 5373 de
1018 5319 1158 5374 coelo
1189 5318 1538 5387 sumpsimus,
1579 5317 1728 5373 inde.

280 5407 604 5464 Confortata
633 5408 817 5478 vigent
847 5415 901 5462 et
931 5407 1118 5473 corda,
1155 5413 1210 5462 et
1261 5407 1444 5477 lingua
1482 5407 1781 5476 loquentis,

286 5498 358 5552 Ut
398 5498 592 5562 nostis,
628 5496 924 5551 reverenda
963 5497 1165 5552 cohors
1193 5495 1497 5566 fratresque
1537 5503 1851 5567 patresque,

287 5587 412 5642 Vita
442 5585 544 5645 sub
584 5586 690 5641 hoc
721 5585 876 5654 lapsu
914 5584 1214 5642 decurrens
1244 5584 1440 5642 militat
1469 5586 1666 5642 omnis.

1773 301 2091 356 CARMINA.

1900 433 1953 491 Α
1973 428 2114 496 Ergo
2144 426 2333 482 hostes
2360 439 2623 494 superare
2652 431 2826 492 vacat,
2867 426 3015 494 quod
3047 426 3230 494 aptius
3267 426 3434 486 ardor

3476 297 3612 353 1246

1975 516 2168 570 Mentis
2196 520 2341 585 agat,
2382 515 2604 584 quando
2646 514 2983 584 promittitur
3011 513 3140 570 inde
3171 527 3394 570 corona.

1972 605 2181 671 Quanta
2213 611 2296 658 est
2334 603 2606 658 celsorum
2639 602 3012 658 conscendere
3043 616 3211 672 regna
3235 601 3506 672 polorum.

1974 693 2216 761 Namque
2252 692 2342 747 hic
2371 690 2656 748 mortifero
2685 692 2795 746 vita
2818 697 2900 746 est
2931 697 3182 760 exempta
3213 704 3434 760 pavore,

1975 782 2263 852 Nullaque,
2295 796 2419 852 quae
2448 780 2720 852 frangant,
2754 781 2975 836 obstant
3006 780 3254 846 adversa,
3286 780 3538 836 salutem.

1978 871 2077 926 Hic
2105 872 2336 926 animam
2370 871 2528 926 divus
2565 870 2899 926 sitibundam
2941 870 3114 939 pascit
3151 871 3401 939 abyssus,

1979 962 2078 1016 llic
2108 976 2330 1032 quoque
2362 961 2626 1032 largifluis
2655 959 2896 1016 exundat
2933 960 3093 1029 copia
3123 958 3307 1014 donis.

1979 1051 2098 1117 Hic,
2133 1052 2226 1120 qui
2263 1051 2601 1114 constiterit,
2634 1063 2890 1119 supremo
2921 1049 3146 1105 effertur
3175 1049 3406 1114 honore,

1981 1141 2081 1196 Hic
2106 1155 2229 1210 qua:
2261 1154 2370 1196 non
2401 1147 2600 1207 cessat,
2643 1140 2948 1195 circumdat
2979 1139 3155 1210 gloria
3192 1138 3437 1209 dignum.

1979 1232 2097 1286 Non
2128 1244 2391 1295 murmur,
2423 1243 2533 1285 non
2565 1243 2752 1285 rumor
2781 1229 2856 1284 ibi
2883 1243 3005 1298 quae
3036 1227 3243 1284 foedera
3272 1232 3547 1296 rumpant.

1979 1319 2034 1375 Si
2075 1332 2181 1388 qua
2222 1325 2406 1388 potest
2435 1332 2667 1387 pensare
2697 1318 2931 1384 animus,
2953 1317 3039 1372 vel
3060 1317 3106 1372 si
3137 1331 3243 1386 qua
3274 1315 3550 1385 loquentis
3631 1323 3640 1330 ‘

1981 1409 2187 1477 Lingua
2219 1412 2401 1476 potest
2431 1405 2554 1473 fari,
2587 1407 2633 1461 si
2664 1405 2869 1462 lumina
2900 1419 3126 1462 cernere
3157 1405 3476 1475 quidquam,

1980 1498 2104 1552 Istis
2135 1510 2279 1552 nunc
2310 1495 2560 1552 conferre
2591 1495 2784 1552 voles?
2823 1496 2891 1552 de
2932 1495 3133 1551 talibus
3162 1495 3339 1550 audax

1981 1585 2157 1642 Verba
2191 1585 2391 1640 dabis?
2421 1585 2669 1655 nunquid
2701 1585 3021 1640 meritorum
3050 1583 3248 1654 gaudia
3278 1585 3499 1637 tentes?

1984 1675 2085 1742 Qui
2114 1673 2261 1730 volet
2291 1674 2430 1740 haac,
2473 1674 2565 1729 fiat
2602 1673 2782 1729 valido
2823 1674 3120 1729 certamine
3154 1672 3348 1728 victor.

1916 1743 2235 1820 BVincenti
2266 1763 2487 1819 dabitur
2523 1771 2751 1829 sertum,
2791 1763 3136 1832 dulcedoque
3177 1773 3409 1816 manna}.

1981 1853 2191 1920 Qumris
2219 1852 2436 1907 amica?
2465 1852 2618 1921 prius
2655 1851 2908 1906 inimicos
2941 1851 3096 1906 vince
3136 1848 3401 1904 furentes.

1982 1944 2116 1998 Tres
2143 1940 2416 2011 siquidem
2446 1940 2608 1995 nobis
2637 1940 2887 2010 objectos
2912 1940 3162 1995 novimus
3202 1938 3410 1993 hostes.

1983 2033 2116 2087 Tres
2154 2030 2210 2085 hi
2237 2027 2508 2085 lethiferis
2538 2029 2857 2098 impugnant
2896 2035 3119 2098 pectora
3159 2027 3303 2092 telis,

1983 2122 2094 2176 Nec
2125 2125 2341 2175 cessant
2372 2117 2575 2172 lassare
2604 2118 2799 2182 virum,
2833 2117 2938 2172 nisi
2971 2116 3112 2172 colla
3148 2116 3251 2171 sub
3281 2116 3418 2184 ipsis

1985 2209 2236 2278 Dejiciat,
2269 2206 2555 2274 fractoque
2585 2219 2778 2259 manus
2816 2205 2910 2260 det
2940 2205 3141 2260 robore
3180 2203 3372 2258 victas.

1985 2301 2029 2355 Ο
2069 2303 2304 2367 quantos
2333 2295 2557 2350 latitans
2596 2294 2890 2364 prostravit
2919 2293 3101 2348 carnis
3129 2292 3354 2362 iniquus

1988 2387 2262 2452 Pulsator,
2295 2389 2531 2454 quantos
2580 2383 2817 2439 detraxit
2845 2383 2914 2439 ad
2946 2382 3128 2438 inﬁma
3158 2381 3414 2436 mundus.

1990 2477 2238 2542 Quantos
2269 2473 2459 2544 praedo
2489 2486 2657 2528 vorax
2686 2472 3035 2528 tenebrarum
3065 2471 3231 2526 trusit
3258 2469 3325 2524 ad
3361 2469 3489 2524 ima.

1991 2565 2055 2620 Ili
2098 2565 2306 2634 primos
2345 2570 2531 2618 taxere
2572 2569 2758 2632 patres
2795 2561 2862 2616 ad
2895 2560 3085 2616 funera
3126 2559 3318 2629 prima.

1991 2656 2194 2710 I-lorum
2236 2653 2409 2722 prima
2440 2651 2542 2706 fuit
2580 2650 2767 2721 proles
2805 2655 3079 2720 prostrata
3109 2647 3347 2704 nefando

1992 2743 2246 2808 Vulnere,
2279 2755 2390 2813 quo
2419 2742 2596 2796 victus
2626 2741 2790 2810 periit
2827 2740 3107 2796 Sodomita
3138 2739 3311 2793 ruinae

1995 2832 2288 2902 Sulphura:
2315 2830 2566 2900 adjectus
2604 2842 2838 2898 quorum
2868 2828 3042 2883 almus
3068 2827 3278 2883 decidit
3307 2826 3420 2880 ictu

1991 2920 2492 2992 Psalmographus,
2545 2918 2877 2987 sobolesque
2935 2917 3153 2982 nitens,
3195 2927 3304 2985 quo
3360 2913 3632 2984 plurima,

3328 3003 3563 3074 ﬁamque

1997 3100 2178 3157 Turba
2224 3098 2391 3164 cadit,
2433 3096 2558 3168 quis
2604 3109 2837 3166 namque
2883 3094 3073 3151 orbem
3121 3093 3240 3149 sine
3269 3091 3494 3148 vulnere
3524 3090 3636 3145 lin-

3389 3181 3526 3252 [quit
3543 3186 3566 3236 ?

1998 3283 2042 3336 Ο
2070 3279 2297 3335 nimium
2326 3275 2457 3333 felix
2481 3319 2494 3343 ,
2537 3274 2632 3345 qui
2663 3279 2848 3330 tantos
2878 3272 3122 3343 propulit
3159 3273 3339 3328 ictus!

2000 3371 2157 3425 Hunc
2185 3367 2377 3422 laudes
2401 3407 2416 3433 ,
2459 3364 2713 3432 titulique
2743 3367 2957 3427 notent,
2998 3362 3144 3416 hunc
3182 3359 3326 3415 fulva
3363 3371 3568 3415 corona

2001 3460 2055 3515 Si
2086 3459 2210 3528 quis
2238 3456 2393 3510 adest
2431 3454 2575 3520 talis,
2607 3457 2798 3507 nostro
2835 3464 3089 3506 sermone
3120 3455 3364 3505 notetur.

2002 3549 2256 3618 Ignoscat
2285 3550 2466 3598 tamen
2505 3541 2726 3612 egregio
2756 3539 2802 3595 si
2834 3552 2945 3596 non
2975 3539 3048 3594 sit
3074 3539 3286 3594 honore

2001 3638 2256 3704 Compar,
2297 3632 2386 3694 cui
2418 3635 2597 3686 tamen
2628 3630 2718 3685 hic
2749 3629 3029 3685 dulcescat
3059 3635 3252 3684 cantus
3277 3627 3334 3682 in
3363 3637 3570 3690 aurem,

2003 3726 2059 3781 Si
2089 3723 2359 3788 modicus,
2391 3720 2670 3789 libeatque
2707 3732 2902 3789 graves
2930 3718 2998 3775 ad
3028 3731 3236 3774 summa
3274 3714 3441 3772 levari

2003 3812 2249 3871 Audistis
2287 3808 2587 3866 reverenda
2623 3808 2879 3877 phalanx,
2921 3821 3083 3877 quem
3111 3806 3273 3862 laude
3312 3804 3540 3861 decoret

2005 3904 2203 3959 Sancta
2251 3911 2449 3971 parens
2495 3897 2746 3968 hymnos,
2809 3896 3067 3966 psalmos,
3108 3906 3481 3964 responsaque
3519 3903 3648 3947 can-

3415 3981 3573 4052 [tans.

2009 4081 2165 4135 Hunc
2195 4089 2415 4148 quoque
2456 4073 2792 4131 carminibus
2830 4072 3035 4141 nostris
3081 4071 3397 4128 describere
3425 4067 3507 4125 fas
3543 4070 3647 4124 est.

2011 4169 2110 4224 Hic
2140 4172 2224 4223 est
2252 4165 2486 4222 occiduo
2517 4167 2812 4235 generatus
2840 4163 3057 4219 climate
3085 4161 3262 4218 victor

2013 4257 2241 4322 Prodiit,
2275 4262 2438 4325 atque
2470 4253 2550 4308 illi
2589 4265 2788 4308 nomen
2819 4252 3139 4308 Vincentius
3177 4254 3354 4305 exstat
3386 4269 3398 4303 :

1939 4349 2148 4426 DHinc
2173 4345 2381 4402 nitidus
2411 4345 2666 4412 juvenem
2698 4340 2870 4396 cinxit
2907 4339 3094 4404 decor,
3129 4337 3293 4392 altior
3330 4337 3474 4390 intra

2001 4436 2276 4510 Splendor
2315 4439 2454 4498 erat,
2495 4443 2606 4501 quo
2645 4442 2854 4485 summa
2895 4432 3110 4496 potens,
3143 4431 3308 4495 atque
3348 4424 3455 4479 ima
3484 4420 3648 4478 tueri.

2004 4529 2174 4595 Quem
2205 4535 2358 4592 mage
2397 4521 2658 4576 virtutum
2690 4517 2942 4573 fecerunt
2969 4515 3184 4586 agmina
3223 4513 3450 4569 clarum.

2002 4613 2408 4683 Obsequiisque
2439 4609 2534 4665 Dei
2576 4623 2689 4665 non
2718 4605 2909 4662 mundi
2941 4604 3183 4660 membra
3216 4603 3456 4674 subegit.

2006 4704 2106 4760 Hic
2138 4707 2426 4772 postquam
2456 4712 2650 4768 campo
2680 4704 2760 4752 tot
2791 4695 2932 4750 vinci
2965 4699 3189 4764 pectora
3220 4692 3388 4753 videt,

2007 4795 2072 4849 Et
2104 4791 2330 4862 pavidos
2360 4789 2594 4860 fugitare
2635 4787 2828 4851 duces,
2871 4791 3036 4854 atque
3075 4782 3328 4838 hostibus
3363 4780 3510 4837 ultro

2005 4881 2215 4937 Cedere
2241 4878 2506 4950 projectis
2535 4891 2565 4932 a
2605 4890 2726 4931 sese
2759 4874 3015 4944 protinus
3051 4872 3239 4936 armis,

2007 4969 2314 5035 Infremuit,
2345 4966 2696 5035 validumque
2723 4964 2850 5020 tulit
2873 4964 2976 5019 sub
3007 4963 3175 5018 corde
3206 4959 3473 5017 dolorem.

2005 5059 2316 5128 Ulciscique
2347 5056 2518 5125 cupit,
2553 5055 2721 5124 pudet
2750 5053 2939 5109 hostes
2967 5051 3111 5108 ferre
3151 5047 3504 5118 triumphum.

2005 5150 2118 5204 Nec
2157 5153 2358 5211 tamen,
2387 5150 2446 5200 ut
2487 5157 2736 5214 praeceps
2773 5156 2832 5198 se
2863 5154 3148 5212 opponere
3180 5144 3355 5195 tentat
3384 5138 3652 5202 inermen,

2009 5237 2260 5294 Festinus
2290 5235 2426 5305 petit
2456 5247 2606 5289 arma
2645 5231 2785 5298 dari,
2824 5239 3095 5303 gestuque
3135 5228 3335 5284 minaci

2009 5325 2154 5381 Bella
2195 5330 2369 5394 parat,
2401 5323 2641 5394 gaudent
2673 5327 2882 5376 stantes
2912 5320 3040 5375 hinc
3080 5317 3208 5373 inde
3248 5330 3489 5383 sorores,

2009 5417 2120 5470 Nec
2152 5429 2326 5484 passa:
2354 5419 2640 5468 externum
2673 5410 3015 5467 circumdare
3047 5407 3237 5463 militis
3265 5415 3438 5462 artus.

2009 5501 2255 5559 Officium
2286 5503 2511 5558 voluere
2542 5501 2657 5556 suis
2689 5501 2833 5555 hunc
2863 5499 3084 5568 cingere
3116 5495 3345 5562 dextris,

2012 5593 2175 5660 Ecce,
2203 5591 2402 5663 inquit,
2425 5596 2662 5657 scutum,
2689 5588 2811 5645 velo
2851 5585 3057 5644 fuscata
3087 5598 3334 5646 serenam
