4106 6178
449 296 585 352 1247
1560 301 1851 356 ALPHANI
1889 298 2331 356 SALERNITANI
2367 300 2681 356 ARCHIEP.
3675 287 3820 342 1248

444 422 623 480 Prima
652 437 814 482 soror
843 426 1057 493 faciem,
1090 426 1217 482 fidei
1256 439 1417 496 quam
1453 426 1675 481 nomine
1707 425 1901 481 dicunt
2107 425 2308 485 ACum
2340 424 2532 494 procul
2573 422 2848 495 indignas,
2889 426 3124 476 armatas
3160 421 3326 475 Marte
3364 423 3630 481 catervas,

446 514 563 569 Hoc
590 520 663 580 te,
696 527 765 570 ne
795 514 1039 582 laudant,
1072 529 1195 585 quae
1225 519 1353 569 sunt
1390 512 1587 569 infesta
1610 513 1841 584 juvabit.
2170 515 2323 568 Stare
2339 513 2498 583 jubet
2526 512 2804 583 quondam
2825 510 2893 566 de
2925 508 3049 566 coeli
3082 507 3319 564 culmine
3352 508 3555 576 jactus,

447 602 631 659 Altera
668 618 795 674 qum
823 605 990 674 capiti
1021 604 1228 675 galeam
1253 608 1590 670 sucurreret,
1632 602 1807 659 affert.
2171 602 2516 674 Insidiasque
2548 610 2722 673 parat,
2764 600 2985 657 fraudes
3007 600 3216 669 petiere
3247 598 3482 667 priores.

448 695 578 760 Quae
609 699 797 763 sperat
833 702 1044 749 secreta
1082 694 1199 760 Dei,
1242 693 1555 763 celsamque
1584 693 1836 760 salutem,
2174 692 2444 747 lnsultans
2470 698 2647 759 tenso,
2671 691 2768 748 sed
2799 689 2940 746 cavit
2959 687 3183 743 vulnera
3215 685 3325 741 telo

450 783 634 839 Tertia
663 783 757 839 dat
787 790 959 840 totum
991 798 1114 853 qum
1142 784 1316 853 possit
1356 784 1578 855 cingere
1609 798 1813 854 corpus
2171 780 2457 838 Christifer
2485 782 2709 847 athleta,
2742 794 2846 835 nec
2875 779 3062 834 Martis
3094 776 3239 833 ferre
3278 775 3517 831 furorem

450 873 698 929 Loricam
731 873 886 929 multi
925 886 1085 942 quam
1128 877 1356 929 nectunt
1394 872 1591 929 ordine
1621 873 1762 944 cycli
1797 893 1809 928 :
2173 872 2424 940 Disjectae
2464 878 2691 940 potuere
2730 870 2897 935 acies,
2930 867 3069 939 fugit
3093 865 3273 922 omnis
3309 865 3365 919 in
3396 861 3635 925 umbras,

450 963 581 1018 Haec
621 967 724 1027 est,
758 976 881 1031 quae
915 962 1230 1017 innumeras
1252 962 1433 1033 jungit
1470 962 1695 1018 dilectio
1725 962 1941 1018 mentis.
2172 963 2574 1030 Aspectumque
2614 964 2773 1029 pavet
2802 958 3023 1029 pugilis,
3056 956 3335 1024 telumque
3366 960 3602 1008 caterva.

449 1052 649 1118 Quarta
679 1050 834 1105 dedit
862 1050 1114 1106 stabilem
1138 1050 1273 1120 justi
1301 1050 1495 1107 vestita
1533 1050 1735 1107 decore
2176 1050 2307 1105 lnde
2347 1057 2700 1105 cruentorum
2738 1057 2862 1104 trux
2904 1047 2984 1103 illi
3025 1047 3326 1116 opponitur
3362 1054 3553 1113 agmen

448 1139 769 1206 Thoracem,
801 1138 1110 1210 femorique
1140 1140 1285 1207 tulit,
1318 1141 1413 1210 qui
1440 1148 1710 1211 congruat
1738 1154 1946 1197 ensem.
2172 1138 2518 1206 Carnificum,
2559 1153 2695 1209 gens
2726 1139 2846 1194 haec
2884 1136 3134 1206 sequitur
3171 1132 3367 1189 vexilla
3405 1131 3645 1202 tyranni.

450 1229 612 1299 Virgo
646 1230 845 1299 pudica
875 1244 975 1286 suo
1005 1235 1227 1301 gestans
1255 1236 1487 1301 cognata
1518 1231 1715 1300 pudori
2176 1229 2273 1284 His
2310 1234 2706 1284 tormentorum
2745 1228 2890 1283 varia
2929 1224 3289 1282 committitur
3324 1226 3441 1277 arte

448 1318 707 1389 Tegmina
736 1323 883 1375 texta
914 1319 1089 1386 dedit,
1125 1319 1289 1375 telum
1322 1319 1615 1389 prudentia
1654 1319 1873 1389 triplex.
2175 1320 2234 1374 In
2274 1319 2527 1388 juvenem
2567 1318 2759 1373 saevire
2802 1330 3036 1382 sacrum,
3078 1314 3231 1384 cupit
3274 1310 3529 1367 omnibus
3569 1322 3715 1362 unus

448 1409 723 1477 Sacraque
754 1408 839 1464 lex
874 1408 1113 1480 pugilem
1152 1408 1281 1465 forti
1314 1409 1607 1478 prmmunit
1637 1409 1691 1464 in
1731 1423 1884 1464 arcu.
2175 1408 2412 1478 Opponi,
2456 1406 2692 1462 celerem
2729 1406 2992 1475 sellaeque
3030 1404 3251 1458 innixus
3288 1400 3483 1471 agebat

448 1496 604 1552 Unde
643 1504 808 1567 queat
833 1496 1028 1552 validis
1065 1497 1256 1553 hostes
1284 1504 1576 1568 penetrare
1607 1497 1841 1568 sagittis.
2177 1496 2594 1567 Quadrupedem
2629 1495 2864 1566 geminis
2900 1494 3045 1549 idem
3087 1491 3393 1548 calcaribus
3429 1500 3653 1558 urgens,

445 1586 963 1656 Cruribusaptatur
990 1601 1153 1656 quam
1184 1587 1417 1657 protulit
1445 1601 1611 1643 ocrea
1648 1587 1872 1657 duplex.
2180 1589 2549 1656 lmmotusque
2589 1598 2720 1641 suos
2756 1585 2822 1639 ad
2861 1583 3087 1639 vulnera
3125 1580 3367 1636 concitat
3405 1578 3613 1632 hostes.

449 1675 615 1745 Virgo
644 1675 886 1743 humilis,
920 1675 1264 1746 pedibusque
1296 1675 1449 1731 dedit
1478 1675 1711 1732 calcaria
1749 1676 1914 1731 binis.
2178 1676 2356 1732 Turba
2391 1674 2519 1730 ferit
2559 1674 2819 1745 pugilem,
2866 1679 2919 1728 et
2957 1671 3161 1727 feriens
3197 1669 3369 1739 magis
3405 1666 3533 1723 inde
3570 1663 3828 1720 ferimur.

449 1763 589 1819 Hinc
636 1778 809 1831 amor,
839 1765 967 1821 inde
1011 1766 1195 1832 timor,
1229 1766 1495 1821 domitum
1526 1767 1620 1837 qui
1663 1766 1842 1821 subsit
1868 1763 2312 1821 habenisBPlns
2347 1764 2619 1833 siquidem
2660 1762 2871 1818 validus
2927 1765 3142 1831 poterat
3180 1759 3417 1814 tolerare
3461 1754 3753 1815 malorum,

450 1853 729 1909 Sobrietas
767 1854 1050 1909 sternebat
1080 1868 1300 1925 equum.
1326 1856 1591 1910 Patientia
1623 1854 1812 1910 sellam
2177 1858 2345 1922 Quam
2385 1866 2577 1908 manus
2615 1850 2845 1908 inferret
2880 1850 3083 1906 Christi
3122 1860 3422 1904 succensus
3458 1856 3669 1907 amore,

450 1940 667 1997 Attulit.
700 1943 904 1996 Aurato
938 1941 1270 2013 prmfulgens
1297 1943 1535 2014 tegmine
1566 1944 1807 2009 tandem,
2179 1948 2415 2012 Quemve
2459 1948 2653 2013 putant
2688 1941 2855 2006 vinci,
2896 1940 3144 1995 sublatus
3181 1939 3247 1993 ad
3290 1936 3497 1992 aethera
3530 1933 3727 1997 vincit,

450 2030 605 2096 Quod
636 2044 733 2085 rex
762 2030 1092 2098 contulerat,
1125 2032 1385 2088 adversos
1423 2033 1681 2102 quaeritat
1710 2033 1916 2099 hostes,
2177 2034 2371 2089 Obviat
2407 2031 2656 2087 articulis
2712 2029 3084 2087 circumdatus
3126 2027 3370 2096 undique
3418 2023 3615 2079 turmis

452 2121 520 2174 Et
557 2119 784 2174 vincens
821 2119 934 2174 exit
963 2132 1075 2188 quo
1103 2121 1373 2187 vinceret,
1418 2120 1546 2176 inde
1576 2121 1830 2191 superbae
2180 2123 2461 2191 Princeps,
2486 2121 2580 2191 qui
2623 2119 2865 2191 pugilem
2895 2116 3169 2189 quondam
3209 2114 3496 2171 fulciverat
3533 2112 3724 2174 armis,

452 2208 607 2262 Stant
636 2207 803 2274 acies,
844 2216 945 2262 stat
992 2214 1045 2262 et
1085 2209 1204 2278 ipse
1236 2210 1445 2264 micans
1490 2209 1809 2265 coelestibus
1838 2210 2024 2265 armis.
2178 2211 2279 2278 Qui
2320 2210 2466 2266 bello
2496 2208 2705 2281 fulgere
2736 2208 2910 2274 dedit,
2962 2206 3321 2274 manibusque
3355 2205 3608 2272 juvamen

452 2298 631 2353 Prima
661 2297 833 2352 aciem
860 2299 1012 2366 juxta
1045 2300 1213 2354 movit
1251 2312 1402 2367 caro,
1435 2299 1583 2355 nulla
1612 2300 1851 2357 minatur
2183 2299 2401 2367 Attulit,
2434 2305 2644 2354 aeterno
2682 2296 3021 2353 concludens
3058 2308 3284 2349 munere
3334 2290 3587 2362 palmam.

453 2385 709 2453 Vulnera,
747 2401 852 2440 non
887 2394 1073 2442 torvos
1101 2387 1445 2443 demonstrat
1474 2390 1530 2443 in
1562 2391 1777 2459 agmine
1814 2389 2014 2456 vultus,
2181 2390 2293 2445 Nos
2333 2388 2512 2443 trahat
2551 2388 2658 2443 hoc
2698 2386 3002 2456 speculum,
3046 2398 3149 2439 nos
3206 2383 3443 2437 instruat
3498 2380 3605 2433 ista
3650 2377 3834 2432 virilis

454 2474 688 2530 Lubrica
716 2474 813 2529 sed
846 2474 1044 2543 placidi
1077 2476 1319 2545 speciem
1359 2478 1623 2532 mentitur
1650 2478 1875 2534 amoris.
2182 2478 2452 2535 Nobilitas
2507 2476 2695 2531 animi.
2735 2476 2896 2531 Visus
2946 2472 3174 2529 sufferre
3214 2470 3457 2525 laborem
3505 2474 3609 2523 est.

453 2563 650 2619 Oscula
680 2562 934 2627 lethifero
968 2564 1105 2619 dans
1130 2564 1391 2621 inviscata
1422 2579 1655 2633 veneno,
2182 2572 2483 2640 ingentem,
2515 2564 2764 2621 succedit
2801 2565 2851 2620 ei
2883 2561 3236 2634 praestantior
3274 2559 3365 2614 illa

453 2652 831 2721 Arridensque
866 2660 1020 2722 parat
1049 2654 1233 2709 fletum
1265 2660 1602 2725 cantansque
1631 2655 1899 2712 dolorem.
2185 2662 2367 2729 Longa
2397 2656 2575 2727 quies,
2613 2654 2780 2710 vitam
2817 2653 2945 2709 dum
2977 2651 3211 2722 perdere
3241 2647 3487 2704 creditur
3515 2644 3619 2709 illi,

455 2740 688 2797 Pulchra
717 2740 874 2797 affert
902 2742 1080 2817 oculis
1108 2744 1341 2800 animam
1373 2745 1749 2815 praedantibus
1777 2760 1957 2814 aures,
2189 2748 2307 2802 Vita
2345 2751 2529 2801 manet
2559 2743 2744 2799 nullus
2773 2756 2935 2812 quam
2966 2740 3142 2810 possit
3172 2737 3428 2794 claudere
3467 2733 3612 2788 nis.

450 2830 761 2887 Dulcisonis
791 2831 1009 2900 pulsare
1039 2833 1218 2890 modis
1246 2833 1481 2890 molitur
1511 2834 1744 2891 inertem
2190 2838 2361 2892 Parva
2390 2833 2539 2905 pugil
2570 2833 2698 2889 dum
2730 2835 2875 2888 tecta
2904 2830 3093 2895 abicit,
3127 2828 3289 2882 datur
3325 2825 3435 2880 alta
3461 2835 3722 2892 superna:

453 2920 592 2976 Hinc
621 2919 862 2976 reddens
889 2921 1152 2989 animum,
1193 2936 1358 2979 nares
1387 2923 1663 2980 demulcet
1693 2924 1865 2981 odore
2185 2926 2321 2983 Aula
2352 2925 2567 2990 domus,
2599 2921 2779 2993 fragili
2817 2921 2945 2992 quia
2975 2917 3197 2975 sustulit
3225 2917 3281 2971 in
3302 2914 3408 2969 vite
3440 2912 3647 2983 plagas.

453 3008 795 3076 Multimodo,
835 3016 1165 3081 gestumque
1191 3012 1363 3067 trahit
1391 3013 1540 3068 varia
1568 3020 1687 3069 arte
1717 3027 1995 3084 saporum,
2190 3014 2529 3079 Pectinibus,
2572 3010 2867 3082 flagrisque
2896 3009 3037 3080 rogi,
3059 3021 3156 3063 seu
3195 3002 3434 3061 carceris
3468 3006 3649 3065 antro,

458 3088 635 3166 Inque
663 3098 805 3152 cibis
842 3098 1093 3154 tirmenta
1121 3106 1303 3166 novat,
1336 3100 1473 3156 dans
1510 3102 1697 3158 mollia
1726 3107 1930 3158 tactum
2123 3107 2166 3167 C
2193 3102 2473 3173 Insuperis
2501 3100 2700 3170 recipit
2739 3098 3055 3169 superantia
3094 3108 3318 3151 munera
3347 3092 3541 3147 victor.

454 3184 661 3251 Allicit,
693 3185 825 3240 hinc
855 3186 1104 3242 miseram
1138 3187 1482 3246 confundens
1510 3191 1739 3247 crimine
1770 3197 2027 3247 mentem.
2185 3192 2421 3251 Transiit
2449 3188 2831 3262 opprobrium,
2872 3191 3148 3244 transacta
3195 3190 3279 3241 est
3315 3194 3497 3254 paena,
3538 3177 3837 3246 laborque,

524 3279 578 3329 te
608 3272 849 3341 felicem,
882 3289 1007 3344 quae
1045 3280 1228 3333 tantos
1265 3277 1464 3335 viceris
1490 3279 1716 3334 hostes!
2185 3282 2292 3339 Sed
2321 3294 2431 3337 non
2470 3292 2662 3334 casura
2692 3276 2859 3333 modo
2887 3275 3090 3347 gaudet
3118 3275 3173 3329 in
3204 3263 3647 3339 aethere'palma.

458 3365 610 3418 Hanc
640 3363 733 3419 ubi
766 3365 1040 3434 persensit
1064 3367 1281 3435 juvenis
1310 3366 1447 3422 clam
1478 3368 1673 3424 sistere
1704 3368 1929 3435 bellum,
2186 3372 2359 3441 Hujus
2397 3368 2562 3426 chara
2594 3365 2851 3437 phalanx,
2891 3364 3089 3420 validis
3134 3363 3179 3418 si
3208 3360 3497 3417 innitimur
3532 3356 3723 3421 armis,

455 3454 576 3508 Non
606 3451 733 3508 tulit
772 3452 1046 3523 ingenuos
1074 3468 1260 3511 secum
1291 3456 1524 3512 miscere
1554 3456 1812 3524 lacertos,
2184 3458 2395 3516 Sectari
2432 3459 2480 3513 si
2518 3463 2670 3527 gesta
2702 3457 2875 3525 juvat,
2907 3455 2955 3509 si
2984 3465 3239 3523 compare
3264 3462 3456 3522 gressu

456 3540 873 3611 Blanditiasque
913 3542 1062 3614 pugil
1094 3543 1402 3615 dedignans
1429 3546 1637 3616 sprevit
1667 3546 1902 3617 iniquas.
2185 3547 2427 3605 Hostiles
2456 3546 2513 3601 in
2544 3547 2713 3601 Marte
2744 3556 2937 3599 manus
2965 3554 3227 3612 superare
3268 3539 3579 3609 placetque,

459 3630 549 3686 Sic
578 3628 796 3702 fugiens
823 3632 975 3699 vicit,
1008 3646 1132 3688 nam
1163 3635 1244 3689 sic
1277 3633 1482 3706 fugisse
1513 3636 1774 3692 decorum
1804 3643 1905 3691 est.
2183 3637 2285 3707 Qui
2316 3634 2509 3707 pugili,
2533 3639 2588 3690 et
2617 3632 2849 3703 palmam
2888 3631 3041 3688 dedit
3069 3629 3184 3696 ille,
3217 3636 3272 3685 et
3300 3633 3488 3685 nostra
3512 3623 3729 3695 juvabit

456 3718 711 3776 Calcibus
740 3726 899 3790 urget
935 3735 1157 3791 equum,
1201 3722 1517 3794 rigidasque
1566 3724 1800 3794 imponit
1837 3725 2099 3780 habenas.
2185 3728 2436 3791 Pectora,
2471 3726 2751 3794 prostrato
2781 3721 2994 3778 donans
3022 3734 3091 3775 ex
3117 3718 3277 3775 hoste
3314 3717 3595 3773 decorem.

457 3808 690 3864 Mundus
718 3809 875 3865 adest
904 3818 1116 3878 contra,
1151 3811 1467 3882 trinumque
1514 3814 1855 3883 praeordinat
1883 3827 2097 3885 agmen.
2187 3817 2451 3887 Impetret
2481 3813 2589 3869 hoc
2619 3810 2740 3868 fusa
2776 3810 2940 3867 nobis
2963 3822 3128 3880 prece
3154 3808 3334 3864 victor
3359 3805 3427 3860 ab
3456 3803 3591 3859 alto.

457 3898 716 3954 Errorum
745 3899 1014 3968 praecedit
1044 3914 1205 3967 onus,
1247 3914 1372 3956 nam
1401 3901 1522 3958 dira
1552 3903 1800 3974 tyrannis
2901 3900 3108 3955 XXXII.

456 3984 730 4042 Arbitrata
759 3990 950 4056 Deum,
983 3989 1129 4059 quod
1178 3990 1336 4047 fictos
1366 3990 1535 4047 ctile
1563 3991 1814 4063 sculpsit,
2433 3992 2625 4064 Incipit
2655 3990 2759 4046 oda
2788 3988 3073 4045 excitativa
3367 3983 3580 4042 Christi.

456 4074 677 4144 Spicula
712 4075 965 4133 falsidico
996 4079 1219 4134 lethalia
1244 4087 1522 4150 sparserat
1551 4096 1648 4138 ore
2325 4080 2463 4149 Quid
2503 4085 2658 4136 stas?
2687 4079 2803 4135 otio
2833 4077 2966 4148 quid
2998 4075 3149 4147 pugil
3180 4075 3401 4131 haeres?

454 4163 663 4221 Ictibus
700 4166 931 4236 Opponit
956 4166 1230 4238 clypeum,
1259 4168 1500 4239 vicitque
1528 4170 1848 4240 superbum.
2327 4170 2461 4227 Belli
2501 4174 2719 4227 moveat
2746 4167 2989 4224 fervidus
3016 4167 3237 4222 horror.

456 4255 597 4310 Ecce
635 4254 782 4311 aliud
814 4256 986 4327 pugili
1005 4256 1335 4314 vincendum
1366 4258 1666 4329 opponitur
1695 4272 1888 4331 agmen
2323 4258 2479 4328 Quod
2511 4260 2559 4314 si
2597 4257 2842 4314 retrahat
2868 4255 3060 4312 frivola
3089 4255 3283 4320 virtus,

458 4346 637 4400 Vanus
660 4359 834 4413 amor,
867 4360 979 4417 quo
1005 4347 1233 4417 pulchra
1267 4348 1485 4417 domus,
1508 4363 1685 4420 quove
1726 4363 1863 4405 uxor
1889 4356 2102 4406 amatur
2327 4350 2408 4404 En
2446 4347 2707 4403 auxilium
2734 4346 2959 4402 dextera
2987 4344 3190 4400 Christi

454 4436 572 4502 Quo
601 4435 825 4492 soboles
853 4435 1051 4504 dulcis,
1086 4450 1197 4507 quo
1245 4437 1538 4507 pulchrum
1580 4439 1853 4507 quaeritur
1881 4444 2164 4508 aurum,])
2324 4439 2556 4493 Praestat
2584 4435 2805 4507 fragiles
2837 4440 3064 4505 portans
3093 4434 3371 4488 humeros.

454 4525 672 4594 lstaque
700 4524 910 4580 caelesti
949 4525 1108 4582 miles
1136 4527 1433 4596 superabat
1462 4539 1669 4583 amore.
2324 4525 2553 4582 Intende
2582 4524 2740 4581 ducis
2768 4537 2931 4595 quam
2960 4537 3097 4593 cape
3124 4521 3369 4578 formam.

453 4612 655 4668 Obvius
683 4612 895 4668 interea
928 4613 1207 4670 robustam
1234 4614 1542 4686 impingere
1574 4622 1832 4684 mentem,
2324 4615 2616 4686 Exemplar
2652 4615 2759 4671 erit
2785 4614 2894 4670 vita
2932 4613 3253 4684 proborum.

452 4703 576 4771 lpse
603 4703 768 4759 timor
796 4702 947 4758 saecli
978 4704 1247 4771 tentabat,
1272 4704 1487 4760 casside
1516 4703 1709 4773 fortes,
2325 4704 2555 4760 Dabitur
2582 4702 2711 4760 forti
2742 4702 2886 4759 fulva
2914 4715 3139 4758 corona.

452 4790 717 4861 Reppulit
744 4791 1033 4861 impulsus,
1067 4793 1193 4848 dum
1228 4793 1377 4848 nulla
1405 4793 1620 4849 infensa
1654 4793 1921 4851 malorum
2327 4793 2627 4851 Prudentia
2660 4799 2715 4849 te
2753 4797 3006 4864 protegat
3035 4797 3184 4858 ante,

454 4882 548 4937 Vis
585 4880 763 4951 potuit
802 4885 1039 4936 mentem
1068 4886 1420 4951 prosternere
1450 4882 1641 4939 militis
1663 4883 1811 4940 almi.
2326 4884 2393 4939 Et
2417 4882 2631 4954 justitia
2669 4886 2889 4954 postera
2919 4894 3121 4952 purges

453 4970 571 5038 llle,
613 4969 813 5040 inquit,
846 4969 1064 5037 manda,
1105 4971 1266 5026 Pater
1302 4971 1532 5042 inclyte,
1564 4973 1729 5029 verba
1759 4979 1992 5045 tyranno
2322 4975 2400 5030 Ac
2437 4986 2507 5029 ne
2544 4978 2776 5039 tumeas,
2817 4977 2999 5028 temne
3036 4968 3298 5027 secunda.

453 5061 758 5129 Opponam.
801 5059 965 5115 Jubet
994 5058 1088 5115 ille
1126 5059 1326 5127 libens,
1369 5074 1494 5131 quae
1523 5062 1688 5118 verba
1727 5068 1957 5133 tyranne
2325 5064 2535 5119 Laevam
2575 5063 2752 5118 retine
2792 5061 2994 5117 robore
3022 5059 3202 5115 fortis.

455 5146 668 5215 infelix,
700 5163 825 5219 quae
854 5149 1022 5205 verba
1061 5148 1234 5205 refers
1315 5163 1415 5205 cur
1441 5163 1596 5206 sacra
1626 5153 1813 5222 negari
2325 5151 2527 5208 Summi
2577 5150 2762 5221 capias
2794 5152 2942 5220 jussa
2991 5148 3256 5220 magistri.

454 5237 652 5292 Nostra
684 5238 890 5307 jubes?
918 5252 1025 5304 me,
1058 5252 1144 5294 me
1183 5237 1366 5295 credis
1404 5252 1698 5309 pavescere
1726 5240 1955 5307 vultum,
2325 5242 2553 5297 Servant
2591 5238 2859 5312 fragilem,
2901 5239 2947 5293 si
2985 5238 3126 5294 bene
3160 5250 3362 5293 servas.

453 5325 824 5398 Terroresque
854 5335 1014 5398 putas
1042 5328 1279 5384 animum
1320 5327 1538 5398 pulsare
1570 5330 1810 5386 minaces
1831 5337 1855 5385 ?
2325 5331 2587 5386 Sermone
2626 5343 2785 5385 sacro
2820 5328 3086 5384 sternitur
3122 5326 3317 5383 hostis.

456 5410 586 5467 Plus
614 5419 666 5469 te
695 5416 968 5486 torquebo
1006 5419 1053 5473 si
1084 5425 1364 5488 torqueas,
1415 5417 1643 5488 ipsaque
1678 5433 1867 5488 poenas
2325 5421 2522 5476 Ensem
2562 5418 2749 5490 capias
2786 5418 2933 5474 hunc
2972 5417 3070 5473 tibi
3121 5422 3314 5482 tutum,

458 5500 637 5558 Ultrix
666 5518 826 5573 poena
855 5506 1026 5575 dabit,
1059 5507 1389 5579 feriereque,
1430 5521 1593 5578 quam
1633 5509 1802 5564 trahit
1837 5523 1989 5577 arcu,
2325 5509 2437 5564 Nec
2474 5514 2529 5564 te
2566 5508 2748 5579 subigi
2791 5521 2925 5563 crux
2962 5506 3109 5562 sinet
3147 5504 3312 5562 hosti.

458 5589 662 5647 Taliter
699 5591 955 5651 infestum
985 5596 1144 5652 miles
1171 5601 1526 5668 superaverat
1561 5597 1796 5666 hostem,
2326 5598 2439 5654 Hac
2477 5598 2571 5668 qui
2610 5598 2847 5664 steterit,
2887 5609 2997 5652 non
3037 5596 3193 5652 timet
3220 5593 3392 5650 illum.
