4122 6184
347 334 483 388 1249
1868 335 2188 393 CARMINA.
3575 344 3711 398 1250

482 459 704 530 Tegitur
742 456 920 524 miles,
954 464 1188 529 votaque
1217 459 1455 519 fundens
2009 469 2062 526 Α
2154 462 2413 531 Fregerat
2452 463 2558 517 Eva
2587 463 2760 518 virum
2799 476 2957 533 quam
2989 471 3275 532 superarat
3305 465 3526 536 hydrus.

481 550 694 618 Moyses
723 546 988 616 populum
1021 548 1261 620 protegit
1292 565 1476 608 orans.
2071 551 2216 606 Vixit
2253 550 2418 607 homo
2450 552 2646 608 misere
2680 559 2966 622 postquam
2995 567 3054 607 se
3083 552 3272 609 limine
3301 555 3426 612 vitae

482 640 704 694 Scutum
737 635 865 691 ﬁdei
895 637 1116 705 suscipe
1149 637 1386 703 fervens,
2141 641 2331 696 Mortis
2360 641 2416 695 in
2448 642 2553 697 hoc
2584 643 2839 698 miserum
2871 656 2930 696 se
2960 641 3085 697 tulit
3113 643 3434 713 hospitium.

480 731 627 784 lctus
660 726 868 796 poteris
898 726 1092 781 tollere
1121 728 1318 796 victor,
2071 728 2130 785 Id
2160 731 2278 785 sine
2310 730 2431 786 labe
2462 729 2582 796 fuit,
2615 731 2711 786 sed
2744 732 2898 786 tabes
2926 731 3148 786 sordida
3190 734 3356 803 rupit.

482 820 619 886 Spes
648 817 743 871 det
770 815 1000 886 galeam,
1033 831 1157 885 qua:
1189 827 1353 888 caput
1383 820 1558 876 obdit.
2140 818 2374 873 Mundus
2402 819 2469 874 ab
2500 819 2756 889 opposito
2787 832 2986 875 nomen
3018 819 3219 875 habere
3256 827 3460 890 putem.

484 908 627 976 Cape
659 906 886 962 loricam
917 906 1160 960 membra
1192 913 1488 978 tegentem,
2071 908 2304 964 Mundus
2347 915 2464 964 erat
2494 909 2749 975 mundus,
2783 909 3018 964 mundus
3052 923 3173 964 cum
3223 912 3423 967 munda
3454 927 3709 982 creares;

484 999 653 1065 Quam
687 995 920 1065 justitiae
951 995 1142 1050 dextra
1173 999 1451 1067 propinet.
2143 999 2461 1054 lmmundus
2489 999 2657 1069 cmpit
2685 1000 2944 1054 sordibus
2974 1013 3093 1054 esse
3128 1000 3388 1057 hominis.

483 1089 641 1142 Juvat
671 1092 725 1140 et
762 1085 990 1140 multum
1023 1086 1244 1156 cingere
1271 1087 1506 1144 lumbos.
2074 1087 2169 1143 1110
2200 1089 2301 1156 vir,
2333 1088 2427 1143 ille
2459 1102 2664 1144 nocens
2696 1089 2789 1158 qui
2819 1102 2972 1144 sacra
3003 1089 3262 1158 cupidine
3301 1091 3502 1146 ductus

483 1176 685 1247 Caligis
715 1175 868 1246 pacis
899 1175 1137 1232 subdere
1171 1177 1332 1232 talos.
2143 1179 2273 1232 Jura
2302 1190 2443 1233 novo
2476 1177 2684 1246 primus
2713 1175 2874 1246 fregit
2906 1177 2961 1231 in
2995 1177 3129 1232 orbe
3164 1177 3286 1233 fuit.

488 1267 674 1322 Hostis
703 1265 925 1321 latitans
953 1265 1040 1320 his
1071 1267 1231 1321 cadet
1259 1269 1448 1324 armis.
2075 1266 2410 1336 Principium
2443 1267 2557 1321 litis
2584 1264 2706 1332 fuit,
2739 1266 3157 1335 exemplumque
3188 1266 3410 1335 furoris,

1058 1355 1289 1410 XXXIII.
2146 1357 2246 1423 Qui
2280 1357 2432 1426 prius
2457 1356 2695 1412 humano
2726 1357 2990 1427 sanguine
3019 1358 3220 1426 sparsit
3250 1357 3490 1414 humum.

650 1445 780 1498 Item
810 1445 1003 1508 oratio,
1037 1459 1130 1498 seu
1159 1447 1415 1516 confessio
1445 1448 1683 1502 metrica.
2077 1445 2183 1501 Sed
2214 1445 2343 1501 licet
2372 1445 2462 1501 hic
2492 1447 2716 1517 sanguis
2747 1459 2936 1515 poenas
2965 1445 3227 1501 indixerit
3257 1446 3381 1502 orbi

349 1534 534 1589 Prisca
562 1532 748 1588 lavans
779 1532 1007 1604 proprio
1039 1534 1227 1588 mundi
1260 1534 1462 1591 delicta
1492 1550 1712 1602 cruore,
2148 1536 2360 1591 Grande
2399 1535 2726 1591 sacramenti
2758 1535 3111 1606 praetitulavit
3141 1549 3299 1605 opus.

421 1623 658 1689 Christe,
693 1622 793 1677 tibi
824 1622 1019 1692 dignas
1049 1621 1132 1677 fac
1164 1637 1283 1679 mea
1313 1625 1477 1680 verba
1509 1640 1722 1694 preces.
2079 1624 2300 1680 Scilicet
2329 1633 2384 1680 et
2414 1624 2600 1680 lateris
2629 1625 2854 1680 stillavit
2882 1625 3105 1680 vulnere
3136 1626 3379 1696 sanguis,

351 1712 408 1768 ld
442 1712 644 1782 quibus
682 1711 958 1767 obtineam
989 1711 1141 1767 solus
1179 1713 1326 1781 potis
1354 1714 1472 1782 ipse
1504 1714 1741 1772 docere:
2149 1715 2251 1781 Qui
2281 1715 2494 1784 pepulit
2523 1729 2732 1784 pinnas,
2766 1715 2895 1770 lavit
2925 1720 2981 1770 et
3009 1729 3170 1771 omne
3200 1714 3371 1771 nefas.

421 1803 554 1857 Nam
585 1815 746 1871 nego,
775 1816 898 1870 quae
926 1801 1070 1857 bona
1099 1808 1226 1857 sunt
1258 1808 1308 1857 te
1340 1803 1447 1858 nisi
1479 1804 1642 1860 dante
1674 1805 1811 1861 dari.
2014 1800 2122 1860 ΒΟ
2152 1804 2240 1874 pia
2270 1803 2500 1860 latronis
2528 1818 2632 1860 vox
2664 1806 2824 1873 hujus
2855 1805 3017 1874 digna
3048 1805 3282 1873 cruoris,

353 1893 632 1962 Principio
665 1905 772 1947 non
807 1891 916 1946 ulla
948 1892 1090 1948 malo
1136 1885 1542 1962 possunt‘bona
1573 1896 1744 1966 gigni,
2152 1892 2249 1947 Cui
2280 1891 2434 1947 dedit
2463 1892 2529 1946 ad
2562 1893 2723 1946 vitam
2758 1893 3042 1961 sanguinis
3076 1892 3221 1947 unda
3251 1892 3388 1947 viam
3415 1901 3426 1947 t

425 1983 562 2036 Sunt
600 1981 727 2050 quia
760 1981 1033 2051 principio
1067 1987 1118 2037 te
1147 1990 1408 2052 generata
1439 1983 1606 2039 bono.
2085 1985 2200 2039 1100
2231 1982 2433 2037 etenim
2463 1981 2642 2036 valido
2675 1994 3005 2050 conspersus
3035 1981 3277 2036 membra
3308 1982 3520 2052 liqu’ore

355 2072 497 2142 Ergo
528 2071 658 2127 boni
689 2070 959 2140 quidquid
991 2085 1110 2126 mea
1141 2071 1325 2142 lingua
1355 2071 1562 2128 referre
1582 2072 1785 2129 valebit
2153 2071 2411 2126 [Ethereo
2444 2071 2628 2140 posuit
2667 2072 2875 2139 primus
2905 2071 2961 2124 in
2991 2085 3090 2125 axe
3123 2072 3343 2140 pedem.

427 2163 533 2216 Pro
563 2165 716 2216 certo
751 2161 971 2216 credam
1005 2167 1056 2216 te
1088 2161 1346 2217 tribuisse
1379 2163 1532 2218 mihi.
2085 2161 2434 2230 Principibus
2462 2165 2670 2215 vestras
2699 2160 2788 2215 1110
2818 2161 2958 2214 dixit
2984 2180 2996 2214 ε
3031 2161 3227 2216 Tollite
3261 2166 3448 2230 portas

357 2254 428 2307 ()s
456 2263 557 2321 ego
588 2251 846 2306 Davidico
880 2251 1123 2320 patulum
1161 2265 1416 2307 sermone
1447 2253 1667 2317 tenebo,
2155 2253 2222 2305 Et
2253 2255 2475 2319 pateant
2505 2249 2735 2304 Domino
2767 2248 2959 2304 coelica
2990 2262 3156 2319 regna
3187 2262 3309 2304 suo.

430 2341 565 2396 Illud
603 2347 660 2396 tu
692 2341 908 2410 repleas
939 2340 1173 2409 polliciti
1205 2354 1534 2398 memorans.
2089 2339 2241 2395 Unde
2273 2352 2470 2394 novum
2500 2351 2674 2409 genus
2705 2338 2832 2404 hoc,
2865 2345 2919 2393 et
2948 2337 3124 2407 gloria
3155 2344 3306 2394 tanta
3337 2338 3621 2409 triumphi,

360 2432 436 2486 Tu
466 2429 590 2485 fons
619 2435 704 2485 est
733 2430 904 2494 vivus,
939 2433 996 2483 tu
1035 2427 1158 2482 fons
1190 2429 1313 2497 plus
1342 2429 1459 2484 sole
1490 2443 1739 2496 serenus,
2161 2429 2248 2483 Uti
2281 2442 2380 2497 pro
2412 2440 2572 2496 poena
2604 2440 2815 2496 proque
2847 2426 3022 2482 salute
3053 2441 3238 2483 cruce.

429 2522 597 2586 Quem
623 2520 936 2588 quicunque
971 2517 1110 2572 bibit
1149 2530 1260 2572 non
1291 2517 1513 2573 aliunde
1544 2519 1683 2585 sitit,
2089 2519 2197 2573 Cur
2230 2516 2489 2587 inopinus
2519 2530 2673 2572 amor
2701 2516 2829 2572 duci
2863 2531 2962 2586 pro
2994 2517 3223 2572 crimine
3249 2517 3383 2586 justi

361 2611 513 2664 Mane
544 2614 696 2662 tuum
727 2607 972 2662 tenebris
1001 2620 1110 2662 nox
1141 2620 1250 2662 non
1281 2608 1579 2677 interpolat
1610 2608 1754 2664 ullis.
2160 2605 2338 2661 Audet
2366 2607 2421 2660 in
2453 2619 2547 2661 ore
2579 2604 2673 2660 Dei
2705 2605 2849 2661 tale:
2884 2607 3155 2662 Memento
3187 2607 3312 2661 mei.

432 2697 688 2766 Quisquis
718 2697 774 2752 in
806 2697 911 2751 hoc
944 2697 1070 2751 ierit
1101 2710 1212 2751 non
1247 2699 1492 2753 ruiturus
1523 2693 1648 2764 erit,
2091 2696 2283 2752 Nonne
2312 2700 2443 2762 tuae,
2476 2696 2638 2761 Deus,
2673 2700 2756 2750 est
2785 2695 2903 2749 haec
2935 2695 3242 2752 immutatio
3273 2695 3500 2752 dextrae.

364 2788 519 2842 Hunc
541 2787 673 2841 mihi
694 2786 761 2841 da
781 2785 1014 2853 fontem,
1034 2785 1102 2840 da
1129 2785 1334 2853 lumen,
1359 2793 1414 2841 et
1442 2787 1548 2843 hoc
1569 2785 1701 2841 mihi
1737 2789 1860 2856 post
1889 2785 2007 2841 haec
2165 2784 2249 2838 Fit
2277 2789 2404 2838 tuus
2433 2783 2538 2838 hoc
2568 2784 2735 2838 verbo
2767 2783 3012 2853 signifer,
3041 2790 3168 2839 ante
3199 2783 3360 2840 latro.

432 2876 588 2942 Quod
621 2883 748 2945 peto
780 2875 912 2945 quin
944 2875 1171 2930 habeam
1205 2890 1314 2932 non
1347 2876 1600 2931 dubitare
1633 2876 1779 2931 licet.
2094 2873 2181 2928 Sic
2212 2886 2431 2943 quoque
2461 2873 2760 2928 vermiculo
2793 2872 2992 2928 delicta
3023 2873 3298 2929 simillima
3327 2873 3496 2930 rubro

365 2967 473 3020 Cur
503 2978 604 3036 ego
636 2981 720 3021 me
751 2966 1010 3020 miserum
1049 2971 1258 3020 tantum
1295 2965 1572 3021 confidere
1609 2965 1676 3021 de
1709 2973 1761 3020 te
2166 2963 2300 3017 Alba
2332 2961 2479 3017 velut
2510 2962 2652 3016 nivei
2687 2962 2806 3016 lana
2838 2961 3044 3017 coloris
3073 2968 3254 3017 erunt.

438 3055 642 3121 Debeo,
677 3055 772 3125 qui
805 3056 969 3110 tantis
1000 3055 1322 3111 criminibus
1351 3061 1564 3112 teneor.
2099 3054 2225 3108 Haec
2254 3053 2397 3107 enim
2431 3051 2633 3106 bibulis
2662 3052 2707 3106 si
2739 3057 3206 3106 connumerentur
3234 3051 3442 3107 arenis.

369 3145 574 3211 Debeo,
606 3146 722 3200 Rex
750 3145 872 3214 pie;
907 3144 1106 3212 debeo,
1142 3150 1200 3200 tu
1232 3159 1380 3210 caro,
1412 3145 1654 3209 victima,
1687 3157 1904 3210 census,
2036 3137 2080 3197 C
2170 3141 2348 3197 Deleri
2378 3142 2562 3196 subito
2595 3147 2648 3196 te
2677 3141 2972 3195 miserante
3003 3147 3158 3210 puto.

445 3236 638 3288 Factus
668 3249 750 3302 es,
785 3233 955 3288 exitio
987 3233 1128 3288 liber
1159 3239 1217 3288 ut
1248 3240 1394 3288 esset
1423 3233 1609 3290 homo.
2098 3230 2335 3286 Credere
2374 3230 2454 3284 sic
2484 3229 2694 3295 docuit,
2727 3231 2883 3298 cujus
2912 3229 3209 3284 centesima
3241 3229 3430 3298 pronis

374 3325 514 3378 Mors
545 3329 637 3378 tua
674 3323 783 3377 vita
813 3321 915 3378 fuit
947 3328 1293 3389 cunctorum,
1325 3323 1543 3392 vitaque
1573 3323 1705 3387 vita,
2172 3319 2248 3373 Ad
2285 3318 2523 3389 reliquas
2554 3319 2795 3373 humeris
2826 3318 3040 3386 perdita
3071 3316 3245 3372 fertur
3274 3317 3410 3374 ovis.

443 3415 610 3479 Quam
640 3411 870 3467 diversae
901 3427 990 3466 res
1020 3427 1139 3467 esse
1172 3412 1408 3481 probant
1438 3412 1604 3468 idem.

2100 3399 2337 3454 Credere
2368 3401 2446 3453 sic
2478 3399 2668 3453 docuit
2698 3398 2977 3461 meretrix,
3012 3410 3122 3466 quo
3153 3397 3354 3452 munda
3383 3397 3611 3453 recessit

376 3503 490 3557 Hoc
520 3501 758 3557 hominis
796 3501 1072 3567 meritum,
1106 3514 1238 3569 non,
1272 3501 1369 3557 sed
1401 3506 1491 3556 tua
1520 3501 1694 3571 gratia
1724 3499 1873 3567 fecit,
2171 3488 2434 3544 Omnibus
2463 3487 2582 3542 11330
2613 3486 2760 3540 Villis
2789 3485 2949 3554 Plena
2980 3485 3147 3540 Maria
3175 3483 3295 3540 ῖυίῐο

446 3592 574 3658 Quin
606 3591 920 3647 conﬁdendi
948 3592 1038 3659 jus
1069 3590 1202 3645 mihi
1233 3605 1452 3660 semper
1481 3590 1607 3646 erit,
2103 3578 2340 3634 Credere
2371 3578 2452 3633 sic
2490 3576 2680 3632 docuit
2710 3574 2804 3644 qui
2841 3575 3035 3630 ﬂentes
3065 3575 3295 3630 crimina
3334 3574 3464 3631 lavit

379 3683 451 3736 De
483 3687 536 3736 te
567 3681 695 3736 dum
734 3679 891 3735 fuero
922 3679 1201 3735 conlidere
1234 3694 1342 3735 non
1376 3679 1662 3746 dubitabo,

2176 3668 2459 3737 Praecipue
2492 3667 2708 3721 Petrum
2741 3664 2963 3734 quando
2994 3664 3213 3735 negavit
3241 3678 3387 3720 eum.

447 3770 602 3837 Quod
633 3770 948 3839 quicunque
979 3775 1073 3824 tuo
1103 3774 1283 3824 servet
1312 3781 1497 3823 amore
1538 3767 1667 3823 facit
2107 3761 2238 3814 Esse
2269 3758 2367 3812 tibi
2400 3757 2536 3812 tanti
2569 3757 2744 3825 pietas
2773 3768 2858 3809 me
2887 3769 3097 3810 summa
3128 3768 3400 3825 rogarem,

378 3861 522 3915 Arsit
551 3860 794 3930 piscator
824 3859 949 3925 1100,
983 3866 1038 3914 et
1068 3857 1394 3928 publicanus
1423 3871 1630 3924 amore,
2179 3846 2283 3902 56d
2314 3845 2478 3900 mal‘is
2507 3844 2761 3900 admiSSiS
2790 3843 2937 3899 Cedit
2966 3857 3131 3899 arena
3162 3844 3319 3922 [Deis-

451 3950 582 4005 Cum
613 3949 795 4004 subito
828 3963 1038 4004 merces
1066 3949 1276 4017 sprevit
1306 3947 1414 4015 hic,
1448 3946 1542 4002 ille
1581 3950 1772 4013 ratem,
2107 3939 2356 3992 Attamen
2385 3935 2492 3990 hoc
2523 3940 2705 4004 pacto,
2738 3946 2848 4003 quo
2878 3948 2937 3988 se
2967 3933 3155 4000 David,
3188 3933 3307 4003 ipse
3337 3932 3568 4005 rogabo,

385 4040 519 4094 Hinc
550 4044 634 4094 est
663 4053 764 4108 pro
797 4037 1036 4093 minimis
1067 4037 1373 4107 redemptio
1405 4037 1636 4092 maxima
1666 4036 1835 4101 dono,
2179 4025 2353 4081 Iudex
2378 4038 2478 4094 par
2517 4023 2740 4093 palibus
2761 4023 2854 4092 jus
2884 4022 2998 4077 scio
3025 4024 3170 4091 iuste
3201 4021 3378 4078 dabis.

453 4129 700 4199 Claviger
729 4129 819 4183 hic
850 4128 997 4195 caeli,
1031 4126 1225 4198 legifer
1256 4127 1346 4182 ille
1384 4128 1497 4182 Dei,
2109 4118 2152 4171 Ο
2183 4116 2326 4170 110110
2356 4114 2428 4168 1111
2457 4115 2605 4180 10811,
2640 4113 2914 4167 dementia
2946 4118 3149 4181 quanta
3178 4113 3398 4168 videtur

384 4219 528 4274 Arsit
557 4231 742 4273 amore
773 4224 887 4283 tuo,
921 4217 1015 4286 qui
1050 4224 1100 4271 te
1137 4218 1382 4286 suscepit
1422 4221 1668 4271 ovanter.
2181 4206 2298 4260 Hoc
2329 4203 2458 4258 dare
2497 4216 2583 4258 me
2613 4203 2866 4272 cuiquam
2897 4215 2964 4256 ne
2997 4201 3163 4256 David
3195 4216 3314 4256 esse
3348 4216 3554 4272 parem.

458 4307 710 4376 Hospitio
742 4307 1020 4376 princeps,
1053 4307 1188 4360 arsit
1218 4321 1403 4362 amore
1437 4312 1551 4361 tuo.
2113 4294 2217 4351 Sed
2250 4294 2381 4363 quid
2413 4307 2565 4362 agam
2596 4297 2713 4346 toto
2744 4304 2867 4346 cum
2899 4290 2973 4344 nil
3005 4291 3078 4344 sit
3108 4304 3336 4358 prorsus
3365 4290 3421 4344 in
3453 4291 3609 4355 orbe,

388 4397 533 4452 Arsit
561 4411 745 4452 amore
779 4402 872 4451 tuo
903 4397 1059 4464 cujus
1088 4409 1190 4450 1100
1222 4396 1276 4449 111
1306 4396 1472 4451 Israel
1506 4410 1626 4451 esse
2184 4383 2280 4437 Cui
2313 4381 2486 4450 pOSSit
2515 4379 2741 4434 sceleris
2773 4392 2874 4446 Pel‘
2902 4378 3138 4432 mundus
3167 4392 3288 4433 esse
3319 4377 3446 4433 1119i.

460 4487 631 4555 malua
662 4486 796 4540 ﬁdes
826 4485 1028 4554 potuit,
1059 4483 1195 4536 arsit
1224 4497 1407 4538 amore
1439 4489 1554 4538 tuo.
2052 4469 2372 4538 DQuotidie
2413 4481 2604 4538 pecco,
2638 4465 2929 4522 momentis
2961 4464 3216 4555 omnibus
3254 4478 3400 4531 erro,

392 4553 748 4631 Arsit‘amore
779 4581 896 4638 tuo,
929 4585 1052 4641 quae
1083 4585 1229 4639 saepe
1262 4571 1480 4639 repulsa
1510 4570 1739 4625 salutem

2190 4560 2366 4628 thue
2397 4557 2549 4612 canis
2577 4558 2837 4612 vomitum
2867 4569 3014 4624 saepe
3046 4553 3290 4610 relambo
3323 4568 3520 4611 meum.

462 4663 710 4718 Obtinuit
748 4662 938 4732 prolis,
972 4660 1107 4715 arsit
1136 4673 1322 4714 amore
1357 4667 1470 4714 tuo.
2119 4650 2394 4704 Praetereo
2424 4647 2569 4702 vitiis
2597 4645 2891 4701 lethalibus
2921 4657 3083 4699 omne
3114 4650 3356 4700 creatum

393 4753 538 4807 Arsit
567 4765 752 4807 amore
786 4758 902 4818 tuo,
937 4752 1092 4819 cujus
1125 4757 1215 4804 tua
1245 4749 1457 4803 timbria
1490 4750 1690 4804 ﬂuxum

2191 4736 2448 4793 Consiliis
2477 4750 2604 4806 spes
2634 4740 2736 4801 est,
2771 4733 2864 4802 qui
2904 4733 3035 4788 mihi
3079 4739 3302 4802 praestet
3331 4733 3508 4800 abest,

465 4842 831 4913 Sanguineum
862 4840 1072 4906 statuit,
1106 4839 1240 4893 arsit
1276 4852 1460 4893 amore
1493 4844 1608 4893 tuo.

2131 4826 2259 4895 Quid
2299 4825 2527 4892 faciam,
2571 4823 2702 4894 quid
2742 4837 2894 4894 agam
2921 4865 2935 4890 ,
2977 4836 3086 4892 quo
3125 4837 3211 4878 me
3236 4865 3249 4890 ,
3307 4824 3468 4878 Pater
3514 4821 3720 4893 optime
3745 4863 3759 4888 ,

396 4931 541 4987 Arsit
569 4911 754 4986 amore
790 4937 906 4996 tuo,
940 4935 1029 4984 tua
1061 4943 1184 4998 quae
1215 4927 1443 4997 vestigia
1475 4927 1632 4982 tersit
3513 4911 3758 4985 lvertam.

468 5021 650 5084 Crine,
685 5019 869 5074 lavans
899 5019 1171 5088 lacrymis,
1204 5017 1338 5071 arsit
1367 5029 1552 5071 amore
1585 5023 1698 5071 tuo.
2197 5005 2428 5062 Ultimus
2457 5017 2585 5059 ecce
2615 5003 2735 5058 dies
2764 5002 2855 5058 ille
2895 5001 3214 5059 tremendus
3242 5003 3422 5057 adest.

399 5111 566 5165 Nemo
597 5109 694 5164 sed
727 5123 792 5163 ex
824 5108 934 5162 iiiis
961 5108 1116 5173 arsit,
1151 5106 1254 5161 nisi
1287 5120 1408 5161 eum
1441 5104 1681 5160 voluisti,
2124 5094 2262 5163 Quid
2293 5092 2506 5159 faciam,
2539 5091 2670 5162 quid
2701 5106 2876 5163 agam,
2910 5106 3032 5147 cum
3063 5105 3171 5146 non
3205 5092 3298 5160 qui
3330 5091 3530 5146 liberet
3559 5089 3724 5159 adsit,

472 5199 523 5254 Si
557 5199 638 5252 vis
661 5198 767 5253 hoc
799 5204 854 5252 et
881 5211 982 5267 ego
1014 5209 1238 5250 munere
1269 5193 1467 5264 dignus
1499 5207 1616 5261 ero,
2198 5186 2332 5239 Dum
2362 5197 2459 5238 sua
2488 5181 2629 5238 facta
2668 5195 2878 5238 nocens
2907 5194 3066 5237 nemo
3099 5194 3298 5251 negare
3331 5185 3512 5250 potest
3538 5187 3550 5234 t

402 5286 524 5343 Sive
555 5288 690 5343 ﬁdes
719 5286 904 5352 fuerit,
937 5285 1048 5340 sive
1080 5298 1225 5353 spes,
1260 5289 1353 5338 aut
1382 5295 1535 5337 amor
1563 5281 1729 5346 idem,
2127 5274 2266 5343 Quid
2296 5271 2509 5339 faciam,
2543 5272 2675 5341 quid
2705 5285 2882 5342 agam,
2914 5284 3038 5325 cum
3067 5270 3204 5325 tanti
3228 5268 3434 5338 judicis
3462 5269 3566 5337 ira,

474 5376 751 5446 Quidquid
783 5389 879 5430 eos
908 5374 1066 5443 juvit,
1100 5373 1272 5442 gratia
1305 5372 1429 5427 dico
1461 5370 1583 5426 fuit.
2199 5365 2399 5419 Omnes
2429 5367 2696 5432 perpetuo
2727 5361 2950 5416 damnet
2979 5360 3035 5414 in
3066 5359 3190 5429 igne
3221 5372 3368 5414 reos.

405 5468 586 5522 Gratia
625 5466 750 5521 dico
790 5463 942 5520 dedit
972 5462 1114 5517 bona
1145 5461 1190 5516 si
1223 5461 1548 5516 mortalibus
1577 5460 1759 5530 aegris,
2130 5454 2208 5508 Tu
2238 5452 2370 5506 mihi
2401 5451 2533 5522 quid
2564 5449 2779 5517 faciam,
2811 5455 2870 5505 tu
2901 5447 3128 5504 consule
3158 5446 3482 5504 consiliator

483 5559 620 5611 Vera
650 5556 871 5627 quidem
903 5553 1028 5608 data
1057 5557 1203 5616 sunt,
1237 5550 1411 5620 gratia
1441 5549 1568 5605 dico
1599 5548 1771 5604 dedit.
2204 5541 2395 5607 Unice,
2429 5540 2523 5611 qui
2553 5539 2727 5595 venia:
2759 5544 2908 5595 totus
2939 5536 3162 5593 haberis
3192 5537 3318 5627 iter”.

413 5647 533 5702 Non
564 5626 839 5715 fuitaeger
868 5643 1031 5700 homo
1063 5645 1350 5712 postquam
1381 5638 1520 5695 male
1551 5636 1776 5694 credula
1815 5648 1979 5706 pomo
2133 5632 2212 5687 Tu
2248 5629 2382 5687 mihi
2412 5629 2545 5700 quid
2575 5627 2792 5697 faciam,
2825 5632 2884 5685 tu
2913 5627 3023 5696 dic,
3057 5627 3151 5698 qui
3182 5626 3404 5684 condita
3435 5640 3672 5698 quaeque
