  <div class='ocr_page' id='page_1' title='image "/cluster/home/n/w/nwhite01/storage/ocr_20150623/147/hvd.32044073505281/631.png"; bbox 0 0 4106 6178; ppageno 0'>
   <div class='ocr_carea' id='block_1_1' title="bbox 441 331 3812 392">
    <p class='ocr_par' dir='ltr' id='par_1_1' title="bbox 441 331 3812 392">
     <span class='ocr_line' id='line_1_1' title="bbox 441 331 3812 392; baseline -0.001 -4"><span class='ocrx_word' id='word_1_1' title='bbox 441 335 568 392; x_wconf 79' lang='lat'><strong>1251</strong></span> <span class='ocrx_word' id='word_1_2' title='bbox 1557 335 1844 390; x_wconf 84' lang='lat' dir='ltr'><strong>ALPHANI</strong></span> <span class='ocrx_word' id='word_1_3' title='bbox 1888 334 2330 390; x_wconf 81' lang='lat' dir='ltr'><strong>SALERNITANI</strong></span> <span class='ocrx_word' id='word_1_4' title='bbox 2367 335 2680 390; x_wconf 81' lang='lat' dir='ltr'><strong>ARCHIEP.</strong></span> <span class='ocrx_word' id='word_1_5' title='bbox 3667 331 3812 385; x_wconf 74' lang='lat'><strong>1252</strong></span> 
     </span>
    </p>
   </div>
   <div class='ocr_carea' id='block_1_2' title="bbox 501 460 1622 529">
    <p class='ocr_par' dir='ltr' id='par_1_2' title="bbox 501 460 1622 529">
     <span class='ocr_line' id='line_1_2' title="bbox 501 460 1622 529; baseline -0.002 -11"><span class='ocrx_word' id='word_1_6' title='bbox 501 465 546 518; x_wconf 86' lang='lat' dir='ltr'><strong>A</strong></span> <span class='ocrx_word' id='word_1_7' title='bbox 575 467 629 518; x_wconf 93' lang='lat' dir='ltr'><strong>te</strong></span> <span class='ocrx_word' id='word_1_8' title='bbox 660 469 808 528; x_wconf 89' lang='lat' dir='ltr'><strong>sunt,</strong></span> <span class='ocrx_word' id='word_1_9' title='bbox 841 460 1022 516; x_wconf 87' lang='lat' dir='ltr'><strong>facere</strong></span> <span class='ocrx_word' id='word_1_10' title='bbox 1062 461 1207 516; x_wconf 90' lang='lat' dir='ltr'><strong>nulla</strong></span> <span class='ocrx_word' id='word_1_11' title='bbox 1239 460 1405 515; x_wconf 92' lang='lat' dir='ltr'><strong>fuisse</strong></span> <span class='ocrx_word' id='word_1_12' title='bbox 1444 465 1622 529; x_wconf 84' lang='lat' dir='ltr'><strong>potes.</strong></span> 
     </span>
    </p>
   </div>
   <div class='ocr_carea' id='block_1_3' title="bbox 432 549 1926 621">
    <p class='ocr_par' dir='ltr' id='par_1_3' title="bbox 432 549 1926 621">
     <span class='ocr_line' id='line_1_3' title="bbox 432 549 1926 621; baseline -0.003 -12"><span class='ocrx_word' id='word_1_13' title='bbox 432 554 509 609; x_wconf 90' lang='lat' dir='ltr'><strong>Tu</strong></span> <span class='ocrx_word' id='word_1_14' title='bbox 541 552 674 608; x_wconf 93' lang='lat' dir='ltr'><strong>mihi</strong></span> <span class='ocrx_word' id='word_1_15' title='bbox 706 551 838 621; x_wconf 89' lang='lat' dir='ltr'><strong>quid</strong></span> <span class='ocrx_word' id='word_1_16' title='bbox 877 550 1070 606; x_wconf 86' lang='lat' dir='ltr'><strong>faciam</strong></span> <span class='ocrx_word' id='word_1_17' title='bbox 1103 559 1160 605; x_wconf 92' lang='lat' dir='ltr'><strong>tu</strong></span> <span class='ocrx_word' id='word_1_18' title='bbox 1191 549 1301 616; x_wconf 92' lang='lat' dir='ltr'><strong>dic,</strong></span> <span class='ocrx_word' id='word_1_19' title='bbox 1335 549 1429 619; x_wconf 86' lang='lat' dir='ltr'><strong>qui</strong></span> <span class='ocrx_word' id='word_1_20' title='bbox 1461 549 1698 604; x_wconf 87' lang='lat' dir='ltr'><strong>ﬂuminis</strong></span> <span class='ocrx_word' id='word_1_21' title='bbox 1728 549 1926 605; x_wconf 89' lang='lat' dir='ltr'><strong>undam</strong></span> 
     </span>
    </p>
   </div>
   <div class='ocr_carea' id='block_1_4' title="bbox 502 627 1864 708">
    <p class='ocr_par' dir='ltr' id='par_1_4' title="bbox 502 627 1864 708">
     <span class='ocr_line' id='line_1_4' title="bbox 502 627 1864 708; baseline -0.004 -11"><span class='ocrx_word' id='word_1_22' title='bbox 502 646 680 706; x_wconf 81' lang='lat' dir='ltr'><strong>Astra,</strong></span> <span class='ocrx_word' id='word_1_23' title='bbox 713 641 909 705; x_wconf 91' lang='lat' dir='ltr'><strong>solum,</strong></span> <span class='ocrx_word' id='word_1_24' title='bbox 945 640 1189 708; x_wconf 83' lang='lat' dir='ltr'><strong>pelagus,</strong></span> <span class='ocrx_word' id='word_1_25' title='bbox 1223 639 1369 694; x_wconf 92' lang='lat' dir='ltr'><strong>unde</strong></span> <span class='ocrx_word' id='word_1_26' title='bbox 1400 627 1648 694; x_wconf 83' lang='lat' dir='ltr'><strong>laventur</strong></span> <span class='ocrx_word' id='word_1_27' title='bbox 1675 639 1864 694; x_wconf 85' lang='lat' dir='ltr'><strong>habes.</strong></span> 
     </span>
    </p>
   </div>
   <div class='ocr_carea' id='block_1_5' title="bbox 435 727 1818 798">
    <p class='ocr_par' dir='ltr' id='par_1_5' title="bbox 435 727 1818 798">
     <span class='ocr_line' id='line_1_5' title="bbox 435 727 1818 798; baseline -0.002 -13"><span class='ocrx_word' id='word_1_28' title='bbox 435 730 716 785; x_wconf 91' lang='lat' dir='ltr'><strong>Desidiose</strong></span> <span class='ocrx_word' id='word_1_29' title='bbox 747 743 901 798; x_wconf 91' lang='lat' dir='ltr'><strong>puer,</strong></span> <span class='ocrx_word' id='word_1_30' title='bbox 935 735 1194 797; x_wconf 90' lang='lat' dir='ltr'><strong>quantum</strong></span> <span class='ocrx_word' id='word_1_31' title='bbox 1229 729 1328 782; x_wconf 92' lang='lat' dir='ltr'><strong>tibi</strong></span> <span class='ocrx_word' id='word_1_32' title='bbox 1359 742 1520 797; x_wconf 90' lang='lat' dir='ltr'><strong>prava</strong></span> <span class='ocrx_word' id='word_1_33' title='bbox 1550 727 1818 797; x_wconf 79' lang='lat' dir='ltr'><strong>voluptas,</strong></span> 
     </span>
    </p>
   </div>
   <div class='ocr_carea' id='block_1_6' title="bbox 432 816 1856 888">
    <p class='ocr_par' dir='ltr' id='par_1_6' title="bbox 432 816 1856 888">
     <span class='ocr_line' id='line_1_6' title="bbox 432 816 1856 888; baseline -0.001 -15"><span class='ocrx_word' id='word_1_34' title='bbox 432 819 716 888; x_wconf 81' lang='lat' dir='ltr'><strong>Temporis</strong></span> <span class='ocrx_word' id='word_1_35' title='bbox 754 817 976 885; x_wconf 89' lang='lat' dir='ltr'><strong>eripuit,</strong></span> <span class='ocrx_word' id='word_1_36' title='bbox 1010 816 1340 885; x_wconf 91' lang='lat' dir='ltr'><strong>cum-primo</strong></span> <span class='ocrx_word' id='word_1_37' title='bbox 1371 831 1590 885; x_wconf 85' lang='lat' dir='ltr'><strong>semper</strong></span> <span class='ocrx_word' id='word_1_38' title='bbox 1619 817 1685 870; x_wconf 88' lang='lat' dir='ltr'><strong>ab</strong></span> <span class='ocrx_word' id='word_1_39' title='bbox 1720 829 1856 882; x_wconf 65' lang='lat' dir='ltr'><strong>aavo,</strong></span> 
     </span>
    </p>
   </div>
   <div class='ocr_carea' id='block_1_7' title="bbox 434 904 1734 977">
    <p class='ocr_par' dir='ltr' id='par_1_7' title="bbox 434 904 1734 977">
     <span class='ocr_line' id='line_1_7' title="bbox 434 904 1734 977; baseline -0.003 -14"><span class='ocrx_word' id='word_1_40' title='bbox 434 908 617 977; x_wconf 90' lang='lat' dir='ltr'><strong>Usque</strong></span> <span class='ocrx_word' id='word_1_41' title='bbox 656 911 1016 971; x_wconf 77' lang='lat' dir='ltr'><strong>senectutem,</strong></span> <span class='ocrx_word' id='word_1_42' title='bbox 1048 904 1214 960; x_wconf 90' lang='lat' dir='ltr'><strong>tantis</strong></span> <span class='ocrx_word' id='word_1_43' title='bbox 1253 906 1473 974; x_wconf 90' lang='lat' dir='ltr'><strong>impune</strong></span> <span class='ocrx_word' id='word_1_44' title='bbox 1512 918 1734 960; x_wconf 89' lang='lat' dir='ltr'><strong>vacares</strong></span> 
     </span>
    </p>
   </div>
   <div class='ocr_carea' id='block_1_8' title="bbox 429 993 1809 1063">
    <p class='ocr_par' dir='ltr' id='par_1_8' title="bbox 429 993 1809 1063">
     <span class='ocr_line' id='line_1_8' title="bbox 429 993 1809 1063; baseline -0.001 -12"><span class='ocrx_word' id='word_1_45' title='bbox 429 995 668 1060; x_wconf 84' lang='lat' dir='ltr'><strong>Deliciis,</strong></span> <span class='ocrx_word' id='word_1_46' title='bbox 703 993 923 1063; x_wconf 86' lang='lat' dir='ltr'><strong>quando</strong></span> <span class='ocrx_word' id='word_1_47' title='bbox 965 994 1146 1048; x_wconf 91' lang='lat' dir='ltr'><strong>tenuis</strong></span> <span class='ocrx_word' id='word_1_48' title='bbox 1177 994 1546 1063; x_wconf 88' lang='lat' dir='ltr'><strong>propriusque</strong></span> <span class='ocrx_word' id='word_1_49' title='bbox 1577 993 1809 1050; x_wconf 87' lang='lat' dir='ltr'><strong>salutem</strong></span> 
     </span>
    </p>
   </div>
   <div class='ocr_carea' id='block_1_9' title="bbox 432 1081 1767 1153">
    <p class='ocr_par' dir='ltr' id='par_1_9' title="bbox 432 1081 1767 1153">
     <span class='ocr_line' id='line_1_9' title="bbox 432 1081 1767 1153; baseline -0.002 -14"><span class='ocrx_word' id='word_1_50' title='bbox 432 1085 684 1153; x_wconf 84' lang='lat' dir='ltr'><strong>Languor</strong></span> <span class='ocrx_word' id='word_1_51' title='bbox 712 1089 849 1147; x_wconf 91' lang='lat' dir='ltr'><strong>erat,</strong></span> <span class='ocrx_word' id='word_1_52' title='bbox 892 1081 1008 1137; x_wconf 93' lang='lat' dir='ltr'><strong>sola</strong></span> <span class='ocrx_word' id='word_1_53' title='bbox 1049 1081 1223 1136; x_wconf 92' lang='lat' dir='ltr'><strong>ruinis</strong></span> <span class='ocrx_word' id='word_1_54' title='bbox 1262 1082 1532 1136; x_wconf 88' lang='lat' dir='ltr'><strong>medicina</strong></span> <span class='ocrx_word' id='word_1_55' title='bbox 1565 1083 1767 1150; x_wconf 90' lang='lat' dir='ltr'><strong>paratis</strong></span> 
     </span>
    </p>
   </div>
   <div class='ocr_carea' id='block_1_10' title="bbox 430 1169 1868 1242">
    <p class='ocr_par' dir='ltr' id='par_1_10' title="bbox 430 1169 1868 1242">
     <span class='ocr_line' id='line_1_10' title="bbox 430 1169 1868 1242; baseline -0.003 -14"><span class='ocrx_word' id='word_1_56' title='bbox 430 1173 651 1242; x_wconf 83' lang='lat' dir='ltr'><strong>Absque</strong></span> <span class='ocrx_word' id='word_1_57' title='bbox 682 1171 870 1227; x_wconf 89' lang='lat' dir='ltr'><strong>labore</strong></span> <span class='ocrx_word' id='word_1_58' title='bbox 909 1171 989 1226; x_wconf 91' lang='lat' dir='ltr'><strong>uti</strong></span> <span class='ocrx_word' id='word_1_59' title='bbox 1021 1176 1258 1241; x_wconf 86' lang='lat' dir='ltr'><strong>poterat,</strong></span> <span class='ocrx_word' id='word_1_60' title='bbox 1303 1183 1446 1224; x_wconf 91' lang='lat' dir='ltr'><strong>nunc</strong></span> <span class='ocrx_word' id='word_1_61' title='bbox 1485 1170 1696 1225; x_wconf 91' lang='lat' dir='ltr'><strong>viribus</strong></span> <span class='ocrx_word' id='word_1_62' title='bbox 1732 1169 1868 1238; x_wconf 90' lang='lat' dir='ltr'><strong>ipsis</strong></span> 
     </span>
    </p>
   </div>
   <div class='ocr_carea' id='block_1_11' title="bbox 435 1258 2002 1330">
    <p class='ocr_par' dir='ltr' id='par_1_11' title="bbox 435 1258 2002 1330">
     <span class='ocr_line' id='line_1_11' title="bbox 435 1258 2002 1330; baseline -0.002 -14"><span class='ocrx_word' id='word_1_63' title='bbox 435 1262 531 1316; x_wconf 91' lang='lat' dir='ltr'><strong>Est</strong></span> <span class='ocrx_word' id='word_1_64' title='bbox 558 1274 716 1330; x_wconf 92' lang='lat' dir='ltr'><strong>opus.</strong></span> <span class='ocrx_word' id='word_1_65' title='bbox 751 1261 858 1314; x_wconf 88' lang='lat' dir='ltr'><strong>ista</strong></span> <span class='ocrx_word' id='word_1_66' title='bbox 897 1259 1119 1330; x_wconf 91' lang='lat' dir='ltr'><strong>quidem</strong></span> <span class='ocrx_word' id='word_1_67' title='bbox 1145 1261 1254 1328; x_wconf 90' lang='lat' dir='ltr'><strong>jam</strong></span> <span class='ocrx_word' id='word_1_68' title='bbox 1296 1273 1405 1315; x_wconf 92' lang='lat' dir='ltr'><strong>non</strong></span> <span class='ocrx_word' id='word_1_69' title='bbox 1445 1265 1572 1314; x_wconf 92' lang='lat' dir='ltr'><strong>sunt</strong></span> <span class='ocrx_word' id='word_1_70' title='bbox 1604 1259 1787 1314; x_wconf 92' lang='lat' dir='ltr'><strong>ulcera</strong></span> <span class='ocrx_word' id='word_1_71' title='bbox 1825 1258 2002 1314; x_wconf 91' lang='lat' dir='ltr'><strong>solum</strong></span> 
     </span>
    </p>
   </div>
   <div class='ocr_carea' id='block_1_12' title="bbox 433 1348 1895 1419">
    <p class='ocr_par' dir='ltr' id='par_1_12' title="bbox 433 1348 1895 1419">
     <span class='ocr_line' id='line_1_12' title="bbox 433 1348 1895 1419; baseline -0.001 -14"><span class='ocrx_word' id='word_1_72' title='bbox 433 1348 686 1405; x_wconf 86' lang='lat' dir='ltr'><strong>Mollibus</strong></span> <span class='ocrx_word' id='word_1_73' title='bbox 724 1349 1018 1419; x_wconf 82' lang='lat' dir='ltr'><strong>unguentis</strong></span> <span class='ocrx_word' id='word_1_74' title='bbox 1056 1349 1353 1415; x_wconf 91' lang='lat' dir='ltr'><strong>credenda,</strong></span> <span class='ocrx_word' id='word_1_75' title='bbox 1387 1363 1487 1404; x_wconf 85' lang='lat' dir='ltr'><strong>nec</strong></span> <span class='ocrx_word' id='word_1_76' title='bbox 1517 1354 1641 1418; x_wconf 90' lang='lat' dir='ltr'><strong>apta</strong></span> <span class='ocrx_word' id='word_1_77' title='bbox 1672 1348 1895 1405; x_wconf 87' lang='lat' dir='ltr'><strong>tumori.</strong></span> 
     </span>
    </p>
   </div>
   <div class='ocr_carea' id='block_1_13' title="bbox 431 1438 1751 1508">
    <p class='ocr_par' dir='ltr' id='par_1_13' title="bbox 431 1438 1751 1508">
     <span class='ocr_line' id='line_1_13' title="bbox 431 1438 1751 1508; baseline -0.002 -14"><span class='ocrx_word' id='word_1_78' title='bbox 431 1439 704 1494; x_wconf 83' lang='lat' dir='ltr'><strong>Auxilium</strong></span> <span class='ocrx_word' id='word_1_79' title='bbox 733 1438 913 1493; x_wconf 89' lang='lat' dir='ltr'><strong>valido</strong></span> <span class='ocrx_word' id='word_1_80' title='bbox 953 1438 1239 1508; x_wconf 71' lang='lat' dir='ltr'><strong>prmstabit</strong></span> <span class='ocrx_word' id='word_1_81' title='bbox 1268 1439 1498 1508; x_wconf 81' lang='lat' dir='ltr'><strong>spongia</strong></span> <span class='ocrx_word' id='word_1_82' title='bbox 1537 1439 1751 1494; x_wconf 91' lang='lat' dir='ltr'><strong>morbo.</strong></span> 
     </span>
    </p>
   </div>
   <div class='ocr_carea' id='block_1_14' title="bbox 434 1527 1716 1599">
    <p class='ocr_par' dir='ltr' id='par_1_14' title="bbox 434 1527 1716 1599">
     <span class='ocr_line' id='line_1_14' title="bbox 434 1527 1716 1599; baseline -0.002 -16"><span class='ocrx_word' id='word_1_83' title='bbox 434 1528 668 1598; x_wconf 84' lang='lat' dir='ltr'><strong>Expedit</strong></span> <span class='ocrx_word' id='word_1_84' title='bbox 697 1527 985 1599; x_wconf 90' lang='lat' dir='ltr'><strong>indulgere</strong></span> <span class='ocrx_word' id='word_1_85' title='bbox 1016 1527 1115 1583; x_wconf 88' lang='lat' dir='ltr'><strong>tibi</strong></span> <span class='ocrx_word' id='word_1_86' title='bbox 1149 1533 1256 1582; x_wconf 91' lang='lat' dir='ltr'><strong>tam</strong></span> <span class='ocrx_word' id='word_1_87' title='bbox 1286 1528 1452 1583; x_wconf 86' lang='lat' dir='ltr'><strong>rebus</strong></span> <span class='ocrx_word' id='word_1_88' title='bbox 1480 1527 1716 1591; x_wconf 86' lang='lat' dir='ltr'><strong>acerbis,</strong></span> 
     </span>
    </p>
   </div>
   <div class='ocr_carea' id='block_1_15' title="bbox 436 1616 1688 1686">
    <p class='ocr_par' dir='ltr' id='par_1_15' title="bbox 436 1616 1688 1686">
     <span class='ocr_line' id='line_1_15' title="bbox 436 1616 1688 1686; baseline -0.001 -15"><span class='ocrx_word' id='word_1_89' title='bbox 436 1617 503 1671; x_wconf 91' lang='lat' dir='ltr'><strong>Et</strong></span> <span class='ocrx_word' id='word_1_90' title='bbox 531 1616 745 1672; x_wconf 83' lang='lat' dir='ltr'><strong>frenare</strong></span> <span class='ocrx_word' id='word_1_91' title='bbox 783 1616 1138 1686; x_wconf 89' lang='lat' dir='ltr'><strong>voluptatem.</strong></span> <span class='ocrx_word' id='word_1_92' title='bbox 1184 1617 1484 1672; x_wconf 62' lang='lat' dir='ltr'><strong>Laztissima</strong></span> <span class='ocrx_word' id='word_1_93' title='bbox 1525 1616 1688 1670; x_wconf 82' lang='lat' dir='ltr'><strong>traxit</strong></span> 
     </span>
    </p>
   </div>
   <div class='ocr_carea' id='block_1_16' title="bbox 433 1703 1988 1775">
    <p class='ocr_par' dir='ltr' id='par_1_16' title="bbox 433 1703 1988 1775">
     <span class='ocr_line' id='line_1_16' title="bbox 433 1703 1988 1775; baseline -0.001 -15"><span class='ocrx_word' id='word_1_94' title='bbox 433 1706 710 1762; x_wconf 88' lang='lat' dir='ltr'><strong>Hactenus</strong></span> <span class='ocrx_word' id='word_1_95' title='bbox 747 1706 815 1761; x_wconf 90' lang='lat' dir='ltr'><strong>ad</strong></span> <span class='ocrx_word' id='word_1_96' title='bbox 855 1705 1071 1775; x_wconf 91' lang='lat' dir='ltr'><strong>culpam</strong></span> <span class='ocrx_word' id='word_1_97' title='bbox 1113 1720 1262 1773; x_wconf 91' lang='lat' dir='ltr'><strong>caro,</strong></span> <span class='ocrx_word' id='word_1_98' title='bbox 1296 1719 1399 1761; x_wconf 91' lang='lat' dir='ltr'><strong>nec</strong></span> <span class='ocrx_word' id='word_1_99' title='bbox 1439 1713 1492 1760; x_wconf 91' lang='lat' dir='ltr'><strong>te</strong></span> <span class='ocrx_word' id='word_1_100' title='bbox 1530 1704 1731 1760; x_wconf 89' lang='lat' dir='ltr'><strong>afﬂicta</strong></span> <span class='ocrx_word' id='word_1_101' title='bbox 1761 1703 1988 1759; x_wconf 89' lang='lat' dir='ltr'><strong>reducat</strong></span> 
     </span>
    </p>
   </div>
   <div class='ocr_carea' id='block_1_17' title="bbox 431 1793 1774 1866">
    <p class='ocr_par' dir='ltr' id='par_1_17' title="bbox 431 1793 1774 1866">
     <span class='ocr_line' id='line_1_17' title="bbox 431 1793 1774 1866; baseline -0.002 -15"><span class='ocrx_word' id='word_1_102' title='bbox 431 1795 512 1851; x_wconf 89' lang='lat' dir='ltr'><strong>Ad</strong></span> <span class='ocrx_word' id='word_1_103' title='bbox 543 1795 753 1850; x_wconf 91' lang='lat' dir='ltr'><strong>veniam</strong></span> <span class='ocrx_word' id='word_1_104' title='bbox 785 1801 1104 1850; x_wconf 87' lang='lat' dir='ltr'><strong>constanter</strong></span> <span class='ocrx_word' id='word_1_105' title='bbox 1141 1810 1259 1866; x_wconf 88' lang='lat' dir='ltr'><strong>age,</strong></span> <span class='ocrx_word' id='word_1_106' title='bbox 1303 1808 1401 1864; x_wconf 91' lang='lat' dir='ltr'><strong>pro</strong></span> <span class='ocrx_word' id='word_1_107' title='bbox 1431 1793 1640 1849; x_wconf 89' lang='lat' dir='ltr'><strong>viribus</strong></span> <span class='ocrx_word' id='word_1_108' title='bbox 1671 1795 1774 1848; x_wconf 89' lang='lat' dir='ltr'><strong>ista</strong></span> 
     </span>
    </p>
   </div>
   <div class='ocr_carea' id='block_1_18' title="bbox 433 1883 1720 1953">
    <p class='ocr_par' dir='ltr' id='par_1_18' title="bbox 433 1883 1720 1953">
     <span class='ocr_line' id='line_1_18' title="bbox 433 1883 1720 1953; baseline -0.002 -14"><span class='ocrx_word' id='word_1_109' title='bbox 433 1883 664 1939; x_wconf 82' lang='lat' dir='ltr'><strong>Assidue</strong></span> <span class='ocrx_word' id='word_1_110' title='bbox 693 1883 876 1953; x_wconf 88' lang='lat' dir='ltr'><strong>vigila,</strong></span> <span class='ocrx_word' id='word_1_111' title='bbox 909 1890 1230 1953; x_wconf 89' lang='lat' dir='ltr'><strong>noctesque,</strong></span> <span class='ocrx_word' id='word_1_112' title='bbox 1265 1883 1492 1952; x_wconf 85' lang='lat' dir='ltr'><strong>diesque</strong></span> <span class='ocrx_word' id='word_1_113' title='bbox 1533 1883 1720 1937; x_wconf 84' lang='lat' dir='ltr'><strong>labora</strong></span> 
     </span>
    </p>
   </div>
   <div class='ocr_carea' id='block_1_19' title="bbox 435 1971 2000 2042">
    <p class='ocr_par' dir='ltr' id='par_1_19' title="bbox 435 1971 2000 2042">
     <span class='ocr_line' id='line_1_19' title="bbox 435 1971 2000 2042; baseline 0 -15"><span class='ocrx_word' id='word_1_114' title='bbox 435 1973 605 2027; x_wconf 92' lang='lat' dir='ltr'><strong>Omne</strong></span> <span class='ocrx_word' id='word_1_115' title='bbox 643 1971 824 2027; x_wconf 88' lang='lat' dir='ltr'><strong>scelus</strong></span> <span class='ocrx_word' id='word_1_116' title='bbox 864 1972 1128 2042; x_wconf 91' lang='lat' dir='ltr'><strong>populare</strong></span> <span class='ocrx_word' id='word_1_117' title='bbox 1161 1986 1339 2027; x_wconf 90' lang='lat' dir='ltr'><strong>manu.</strong></span> <span class='ocrx_word' id='word_1_118' title='bbox 1375 1971 1701 2026; x_wconf 89' lang='lat' dir='ltr'><strong>Sitientibus</strong></span> <span class='ocrx_word' id='word_1_119' title='bbox 1728 1971 2000 2038; x_wconf 91' lang='lat' dir='ltr'><strong>haustum,</strong></span> 
     </span>
    </p>
   </div>
   <div class='ocr_carea' id='block_1_20' title="bbox 437 2058 1867 2128">
    <p class='ocr_par' dir='ltr' id='par_1_20' title="bbox 437 2058 1867 2128">
     <span class='ocr_line' id='line_1_20' title="bbox 437 2058 1867 2128; baseline -0.001 -15"><span class='ocrx_word' id='word_1_120' title='bbox 437 2059 694 2128; x_wconf 84' lang='lat' dir='ltr'><strong>Tegmina</strong></span> <span class='ocrx_word' id='word_1_121' title='bbox 725 2058 792 2113; x_wconf 86' lang='lat' dir='ltr'><strong>da</strong></span> <span class='ocrx_word' id='word_1_122' title='bbox 833 2059 1014 2121; x_wconf 88' lang='lat' dir='ltr'><strong>nudis,</strong></span> <span class='ocrx_word' id='word_1_123' title='bbox 1049 2059 1144 2113; x_wconf 89' lang='lat' dir='ltr'><strong>sed</strong></span> <span class='ocrx_word' id='word_1_124' title='bbox 1185 2065 1238 2113; x_wconf 89' lang='lat' dir='ltr'><strong>et</strong></span> <span class='ocrx_word' id='word_1_125' title='bbox 1269 2059 1638 2114; x_wconf 88' lang='lat' dir='ltr'><strong>esurientibus</strong></span> <span class='ocrx_word' id='word_1_126' title='bbox 1667 2071 1867 2113; x_wconf 91' lang='lat' dir='ltr'><strong>escam.</strong></span> 
     </span>
    </p>
   </div>
   <div class='ocr_carea' id='block_1_21' title="bbox 434 2145 1722 2217">
    <p class='ocr_par' dir='ltr' id='par_1_21' title="bbox 434 2145 1722 2217">
     <span class='ocr_line' id='line_1_21' title="bbox 434 2145 1722 2217; baseline -0.002 -15"><span class='ocrx_word' id='word_1_127' title='bbox 434 2146 606 2202; x_wconf 84' lang='lat' dir='ltr'><strong>Ablue</strong></span> <span class='ocrx_word' id='word_1_128' title='bbox 637 2153 692 2201; x_wconf 90' lang='lat' dir='ltr'><strong>te</strong></span> <span class='ocrx_word' id='word_1_129' title='bbox 722 2147 997 2217; x_wconf 87' lang='lat' dir='ltr'><strong>lacrymis,</strong></span> <span class='ocrx_word' id='word_1_130' title='bbox 1031 2147 1264 2202; x_wconf 91' lang='lat' dir='ltr'><strong>emunda</strong></span> <span class='ocrx_word' id='word_1_131' title='bbox 1303 2147 1541 2213; x_wconf 88' lang='lat' dir='ltr'><strong>ﬂetibus,</strong></span> <span class='ocrx_word' id='word_1_132' title='bbox 1574 2145 1722 2202; x_wconf 93' lang='lat' dir='ltr'><strong>omni</strong></span> 
     </span>
    </p>
   </div>
   <div class='ocr_carea' id='block_1_22' title="bbox 432 2234 1648 2304">
    <p class='ocr_par' dir='ltr' id='par_1_22' title="bbox 432 2234 1648 2304">
     <span class='ocr_line' id='line_1_22' title="bbox 432 2234 1648 2304; baseline -0.001 -13"><span class='ocrx_word' id='word_1_133' title='bbox 432 2235 644 2291; x_wconf 88' lang='lat' dir='ltr'><strong>Evacua</strong></span> <span class='ocrx_word' id='word_1_134' title='bbox 675 2241 912 2291; x_wconf 87' lang='lat' dir='ltr'><strong>mentem</strong></span> <span class='ocrx_word' id='word_1_135' title='bbox 942 2236 1096 2297; x_wconf 90' lang='lat' dir='ltr'><strong>vitio,</strong></span> <span class='ocrx_word' id='word_1_136' title='bbox 1129 2236 1424 2290; x_wconf 87' lang='lat' dir='ltr'><strong>virtutibus</strong></span> <span class='ocrx_word' id='word_1_137' title='bbox 1459 2234 1648 2304; x_wconf 92' lang='lat' dir='ltr'><strong>imple.</strong></span> 
     </span>
    </p>
   </div>
   <div class='ocr_carea' id='block_1_23' title="bbox 434 2324 1660 2395">
    <p class='ocr_par' dir='ltr' id='par_1_23' title="bbox 434 2324 1660 2395">
     <span class='ocr_line' id='line_1_23' title="bbox 434 2324 1660 2395; baseline -0.001 -15"><span class='ocrx_word' id='word_1_138' title='bbox 434 2324 553 2380; x_wconf 85' lang='lat' dir='ltr'><strong>Sint</strong></span> <span class='ocrx_word' id='word_1_139' title='bbox 583 2324 862 2380; x_wconf 89' lang='lat' dir='ltr'><strong>moderata</strong></span> <span class='ocrx_word' id='word_1_140' title='bbox 900 2325 1001 2380; x_wconf 90' lang='lat' dir='ltr'><strong>tibi</strong></span> <span class='ocrx_word' id='word_1_141' title='bbox 1025 2326 1256 2394; x_wconf 88' lang='lat' dir='ltr'><strong>jejunia,</strong></span> <span class='ocrx_word' id='word_1_142' title='bbox 1291 2325 1457 2381; x_wconf 87' lang='lat' dir='ltr'><strong>lectio</strong></span> <span class='ocrx_word' id='word_1_143' title='bbox 1492 2325 1660 2395; x_wconf 89' lang='lat' dir='ltr'><strong>jugis,</strong></span> 
     </span>
    </p>
   </div>
   <div class='ocr_carea' id='block_1_24' title="bbox 434 2412 1758 2484">
    <p class='ocr_par' dir='ltr' id='par_1_24' title="bbox 434 2412 1758 2484">
     <span class='ocr_line' id='line_1_24' title="bbox 434 2412 1758 2484; baseline 0 -17"><span class='ocrx_word' id='word_1_144' title='bbox 434 2413 742 2469; x_wconf 90' lang='lat' dir='ltr'><strong>Psalmodia</strong></span> <span class='ocrx_word' id='word_1_145' title='bbox 781 2412 1060 2484; x_wconf 87' lang='lat' dir='ltr'><strong>frequens,</strong></span> <span class='ocrx_word' id='word_1_146' title='bbox 1095 2415 1274 2470; x_wconf 90' lang='lat' dir='ltr'><strong>oratio</strong></span> <span class='ocrx_word' id='word_1_147' title='bbox 1303 2413 1514 2480; x_wconf 86' lang='lat' dir='ltr'><strong>sedula,</strong></span> <span class='ocrx_word' id='word_1_148' title='bbox 1549 2413 1758 2468; x_wconf 91' lang='lat' dir='ltr'><strong>nullum</strong></span> 
     </span>
    </p>
   </div>
   <div class='ocr_carea' id='block_1_25' title="bbox 433 2505 1788 2572">
    <p class='ocr_par' dir='ltr' id='par_1_25' title="bbox 433 2505 1788 2572">
     <span class='ocr_line' id='line_1_25' title="bbox 433 2505 1788 2572; baseline -0.001 -13"><span class='ocrx_word' id='word_1_149' title='bbox 433 2505 506 2560; x_wconf 88' lang='lat' dir='ltr'><strong>Te</strong></span> <span class='ocrx_word' id='word_1_150' title='bbox 538 2512 768 2572; x_wconf 89' lang='lat' dir='ltr'><strong>moveat,</strong></span> <span class='ocrx_word' id='word_1_151' title='bbox 802 2506 885 2560; x_wconf 89' lang='lat' dir='ltr'><strong>vel</strong></span> <span class='ocrx_word' id='word_1_152' title='bbox 916 2505 1092 2561; x_wconf 90' lang='lat' dir='ltr'><strong>solvat</strong></span> <span class='ocrx_word' id='word_1_153' title='bbox 1122 2520 1281 2571; x_wconf 92' lang='lat' dir='ltr'><strong>onus,</strong></span> <span class='ocrx_word' id='word_1_154' title='bbox 1314 2505 1507 2560; x_wconf 91' lang='lat' dir='ltr'><strong>metire</strong></span> <span class='ocrx_word' id='word_1_155' title='bbox 1546 2505 1788 2560; x_wconf 90' lang='lat' dir='ltr'><strong>laborem</strong></span> 
     </span>
    </p>
   </div>
   <div class='ocr_carea' id='block_1_26' title="bbox 435 2592 1980 2663">
    <p class='ocr_par' dir='ltr' id='par_1_26' title="bbox 435 2592 1980 2663">
     <span class='ocr_line' id='line_1_26' title="bbox 435 2592 1980 2663; baseline -0.001 -15"><span class='ocrx_word' id='word_1_156' title='bbox 435 2593 723 2660; x_wconf 87' lang='lat' dir='ltr'><strong>Pollicitis,</strong></span> <span class='ocrx_word' id='word_1_157' title='bbox 757 2607 980 2663; x_wconf 89' lang='lat' dir='ltr'><strong>operam</strong></span> <span class='ocrx_word' id='word_1_158' title='bbox 1013 2594 1288 2658; x_wconf 89' lang='lat' dir='ltr'><strong>mercede,</strong></span> <span class='ocrx_word' id='word_1_159' title='bbox 1320 2594 1648 2662; x_wconf 90' lang='lat' dir='ltr'><strong>brevemque</strong></span> <span class='ocrx_word' id='word_1_160' title='bbox 1687 2592 1980 2661; x_wconf 89' lang='lat' dir='ltr'><strong>triumphis</strong></span> 
     </span>
    </p>
   </div>
   <div class='ocr_carea' id='block_1_27' title="bbox 433 2681 2004 2752">
    <p class='ocr_par' dir='ltr' id='par_1_27' title="bbox 433 2681 2004 2752">
     <span class='ocr_line' id='line_1_27' title="bbox 433 2681 2004 2752; baseline -0.001 -16"><span class='ocrx_word' id='word_1_161' title='bbox 433 2682 674 2751; x_wconf 90' lang='lat' dir='ltr'><strong>Pugnam</strong></span> <span class='ocrx_word' id='word_1_162' title='bbox 714 2684 1015 2752; x_wconf 90' lang='lat' dir='ltr'><strong>perpetuis.</strong></span> <span class='ocrx_word' id='word_1_163' title='bbox 1059 2683 1234 2738; x_wconf 87' lang='lat' dir='ltr'><strong>Minus</strong></span> <span class='ocrx_word' id='word_1_164' title='bbox 1263 2691 1347 2737; x_wconf 90' lang='lat' dir='ltr'><strong>est</strong></span> <span class='ocrx_word' id='word_1_165' title='bbox 1376 2682 1746 2752; x_wconf 89' lang='lat' dir='ltr'><strong>quodcunque</strong></span> <span class='ocrx_word' id='word_1_166' title='bbox 1787 2681 2004 2736; x_wconf 88' lang='lat' dir='ltr'><strong>laboras</strong></span> 
     </span>
    </p>
   </div>
   <div class='ocr_carea' id='block_1_28' title="bbox 434 2770 1734 2840">
    <p class='ocr_par' dir='ltr' id='par_1_28' title="bbox 434 2770 1734 2840">
     <span class='ocr_line' id='line_1_28' title="bbox 434 2770 1734 2840; baseline -0.001 -14"><span class='ocrx_word' id='word_1_167' title='bbox 434 2770 663 2826; x_wconf 60' lang='lat' dir='ltr'><strong>Prtemia</strong></span> <span class='ocrx_word' id='word_1_168' title='bbox 692 2771 738 2826; x_wconf 91' lang='lat' dir='ltr'><strong>si</strong></span> <span class='ocrx_word' id='word_1_169' title='bbox 768 2777 1006 2840; x_wconf 90' lang='lat' dir='ltr'><strong>spectes,</strong></span> <span class='ocrx_word' id='word_1_170' title='bbox 1040 2785 1150 2827; x_wconf 93' lang='lat' dir='ltr'><strong>non</strong></span> <span class='ocrx_word' id='word_1_171' title='bbox 1182 2778 1241 2827; x_wconf 91' lang='lat' dir='ltr'><strong>ut</strong></span> <span class='ocrx_word' id='word_1_172' title='bbox 1272 2771 1498 2827; x_wconf 91' lang='lat' dir='ltr'><strong>nitentis</strong></span> <span class='ocrx_word' id='word_1_173' title='bbox 1526 2771 1595 2826; x_wconf 88' lang='lat' dir='ltr'><strong>ad</strong></span> <span class='ocrx_word' id='word_1_174' title='bbox 1626 2771 1734 2826; x_wconf 87' lang='lat' dir='ltr'><strong>alta</strong></span> 
     </span>
    </p>
   </div>
   <div class='ocr_carea' id='block_1_29' title="bbox 432 2858 1806 2930">
    <p class='ocr_par' dir='ltr' id='par_1_29' title="bbox 432 2858 1806 2930">
     <span class='ocr_line' id='line_1_29' title="bbox 432 2858 1806 2930; baseline 0 -14"><span class='ocrx_word' id='word_1_175' title='bbox 432 2862 706 2916; x_wconf 83' lang='lat' dir='ltr'><strong>Ascensus</strong></span> <span class='ocrx_word' id='word_1_176' title='bbox 736 2858 931 2927; x_wconf 87' lang='lat' dir='ltr'><strong>facilis,</strong></span> <span class='ocrx_word' id='word_1_177' title='bbox 974 2861 1232 2916; x_wconf 91' lang='lat' dir='ltr'><strong>sudorem</strong></span> <span class='ocrx_word' id='word_1_178' title='bbox 1264 2861 1504 2930; x_wconf 90' lang='lat' dir='ltr'><strong>denique</strong></span> <span class='ocrx_word' id='word_1_179' title='bbox 1544 2867 1806 2930; x_wconf 89' lang='lat' dir='ltr'><strong>quantum</strong></span> 
     </span>
    </p>
   </div>
   <div class='ocr_carea' id='block_1_30' title="bbox 431 2948 1766 3020">
    <p class='ocr_par' dir='ltr' id='par_1_30' title="bbox 431 2948 1766 3020">
     <span class='ocr_line' id='line_1_30' title="bbox 431 2948 1766 3020; baseline 0.001 -18"><span class='ocrx_word' id='word_1_180' title='bbox 431 2949 746 3018; x_wconf 89' lang='lat' dir='ltr'><strong>Perpetitur</strong></span> <span class='ocrx_word' id='word_1_181' title='bbox 776 2949 870 3018; x_wconf 90' lang='lat' dir='ltr'><strong>qui</strong></span> <span class='ocrx_word' id='word_1_182' title='bbox 902 2955 1133 3005; x_wconf 91' lang='lat' dir='ltr'><strong>conatur</strong></span> <span class='ocrx_word' id='word_1_183' title='bbox 1155 2951 1288 3020; x_wconf 90' lang='lat' dir='ltr'><strong>juga</strong></span> <span class='ocrx_word' id='word_1_184' title='bbox 1320 2963 1528 3005; x_wconf 91' lang='lat' dir='ltr'><strong>summa</strong></span> <span class='ocrx_word' id='word_1_185' title='bbox 1558 2948 1766 3004; x_wconf 91' lang='lat' dir='ltr'><strong>subire.</strong></span> 
     </span>
    </p>
   </div>
   <div class='ocr_carea' id='block_1_31' title="bbox 432 3037 1898 3106">
    <p class='ocr_par' dir='ltr' id='par_1_31' title="bbox 432 3037 1898 3106">
     <span class='ocr_line' id='line_1_31' title="bbox 432 3037 1898 3106; baseline 0 -14"><span class='ocrx_word' id='word_1_186' title='bbox 432 3038 510 3092; x_wconf 90' lang='lat' dir='ltr'><strong>Tu</strong></span> <span class='ocrx_word' id='word_1_187' title='bbox 541 3037 673 3106; x_wconf 89' lang='lat' dir='ltr'><strong>quid</strong></span> <span class='ocrx_word' id='word_1_188' title='bbox 704 3042 764 3092; x_wconf 91' lang='lat' dir='ltr'><strong>ut</strong></span> <span class='ocrx_word' id='word_1_189' title='bbox 793 3038 848 3091; x_wconf 93' lang='lat' dir='ltr'><strong>in</strong></span> <span class='ocrx_word' id='word_1_190' title='bbox 879 3038 1077 3092; x_wconf 77' lang='lat' dir='ltr'><strong>coelum</strong></span> <span class='ocrx_word' id='word_1_191' title='bbox 1105 3039 1312 3093; x_wconf 81' lang='lat' dir='ltr'><strong>vadas?</strong></span> <span class='ocrx_word' id='word_1_192' title='bbox 1344 3044 1396 3092; x_wconf 91' lang='lat' dir='ltr'><strong>te</strong></span> <span class='ocrx_word' id='word_1_193' title='bbox 1427 3037 1657 3092; x_wconf 88' lang='lat' dir='ltr'><strong>maxima</strong></span> <span class='ocrx_word' id='word_1_194' title='bbox 1687 3050 1898 3092; x_wconf 91' lang='lat' dir='ltr'><strong>merces</strong></span> 
     </span>
    </p>
   </div>
   <div class='ocr_carea' id='block_1_32' title="bbox 434 3125 1763 3194">
    <p class='ocr_par' dir='ltr' id='par_1_32' title="bbox 434 3125 1763 3194">
     <span class='ocr_line' id='line_1_32' title="bbox 434 3125 1763 3194; baseline 0.001 -16"><span class='ocrx_word' id='word_1_195' title='bbox 434 3125 556 3178; x_wconf 83' lang='lat' dir='ltr'><strong>Vita</strong></span> <span class='ocrx_word' id='word_1_196' title='bbox 587 3125 744 3179; x_wconf 89' lang='lat' dir='ltr'><strong>beata</strong></span> <span class='ocrx_word' id='word_1_197' title='bbox 775 3131 978 3191; x_wconf 88' lang='lat' dir='ltr'><strong>manet,</strong></span> <span class='ocrx_word' id='word_1_198' title='bbox 1012 3131 1220 3181; x_wconf 88' lang='lat' dir='ltr'><strong>tantum</strong></span> <span class='ocrx_word' id='word_1_199' title='bbox 1252 3125 1336 3180; x_wconf 88' lang='lat' dir='ltr'><strong>fac</strong></span> <span class='ocrx_word' id='word_1_200' title='bbox 1361 3127 1484 3194; x_wconf 93' lang='lat' dir='ltr'><strong>jura</strong></span> <span class='ocrx_word' id='word_1_201' title='bbox 1513 3125 1763 3194; x_wconf 90' lang='lat' dir='ltr'><strong>sequaris</strong></span> 
     </span>
    </p>
   </div>
   <div class='ocr_carea' id='block_1_33' title="bbox 435 3213 1825 3282">
    <p class='ocr_par' dir='ltr' id='par_1_33' title="bbox 435 3213 1825 3282">
     <span class='ocr_line' id='line_1_33' title="bbox 435 3213 1825 3282; baseline 0.001 -14"><span class='ocrx_word' id='word_1_202' title='bbox 435 3213 769 3282; x_wconf 67' lang='lat' dir='ltr'><strong>Praesignata</strong></span> <span class='ocrx_word' id='word_1_203' title='bbox 800 3213 920 3279; x_wconf 90' lang='lat' dir='ltr'><strong>tibi,</strong></span> <span class='ocrx_word' id='word_1_204' title='bbox 954 3227 1172 3282; x_wconf 91' lang='lat' dir='ltr'><strong>semper</strong></span> <span class='ocrx_word' id='word_1_205' title='bbox 1211 3215 1583 3281; x_wconf 89' lang='lat' dir='ltr'><strong>reminiscere,</strong></span> <span class='ocrx_word' id='word_1_206' title='bbox 1618 3214 1825 3270; x_wconf 92' lang='lat' dir='ltr'><strong>nullum</strong></span> 
     </span>
    </p>
   </div>
   <div class='ocr_carea' id='block_1_34' title="bbox 433 3301 1936 3368">
    <p class='ocr_par' dir='ltr' id='par_1_34' title="bbox 433 3301 1936 3368">
     <span class='ocr_line' id='line_1_34' title="bbox 433 3301 1936 3368; baseline 0.001 -12"><span class='ocrx_word' id='word_1_207' title='bbox 433 3302 507 3356; x_wconf 90' lang='lat' dir='ltr'><strong>Te</strong></span> <span class='ocrx_word' id='word_1_208' title='bbox 546 3307 780 3368; x_wconf 90' lang='lat' dir='ltr'><strong>moveat,</strong></span> <span class='ocrx_word' id='word_1_209' title='bbox 811 3301 894 3357; x_wconf 88' lang='lat' dir='ltr'><strong>vel</strong></span> <span class='ocrx_word' id='word_1_210' title='bbox 927 3301 1100 3357; x_wconf 91' lang='lat' dir='ltr'><strong>solvat</strong></span> <span class='ocrx_word' id='word_1_211' title='bbox 1129 3315 1270 3357; x_wconf 94' lang='lat' dir='ltr'><strong>onus</strong></span> <span class='ocrx_word' id='word_1_212' title='bbox 1302 3322 1314 3357; x_wconf 91' lang='lat'>:</span> <span class='ocrx_word' id='word_1_213' title='bbox 1358 3316 1470 3358; x_wconf 93' lang='lat' dir='ltr'><strong>non</strong></span> <span class='ocrx_word' id='word_1_214' title='bbox 1508 3303 1665 3358; x_wconf 92' lang='lat' dir='ltr'><strong>miles</strong></span> <span class='ocrx_word' id='word_1_215' title='bbox 1702 3303 1936 3358; x_wconf 89' lang='lat' dir='ltr'><strong>habetur</strong></span> 
     </span>
    </p>
   </div>
   <div class='ocr_carea' id='block_1_35' title="bbox 433 3388 1821 3457">
    <p class='ocr_par' dir='ltr' id='par_1_35' title="bbox 433 3388 1821 3457">
     <span class='ocr_line' id='line_1_35' title="bbox 433 3388 1821 3457; baseline 0.001 -13"><span class='ocrx_word' id='word_1_216' title='bbox 433 3390 575 3446; x_wconf 91' lang='lat' dir='ltr'><strong>Dura</strong></span> <span class='ocrx_word' id='word_1_217' title='bbox 615 3388 996 3457; x_wconf 87' lang='lat' dir='ltr'><strong>reformidans,</strong></span> <span class='ocrx_word' id='word_1_218' title='bbox 1037 3396 1245 3446; x_wconf 90' lang='lat' dir='ltr'><strong>marcet</strong></span> <span class='ocrx_word' id='word_1_219' title='bbox 1274 3405 1396 3446; x_wconf 91' lang='lat' dir='ltr'><strong>cum</strong></span> <span class='ocrx_word' id='word_1_220' title='bbox 1427 3392 1618 3447; x_wconf 91' lang='lat' dir='ltr'><strong>deside</strong></span> <span class='ocrx_word' id='word_1_221' title='bbox 1648 3392 1821 3446; x_wconf 92' lang='lat' dir='ltr'><strong>virtus</strong></span> 
     </span>
    </p>
   </div>
   <div class='ocr_carea' id='block_1_36' title="bbox 431 3479 1920 3549">
    <p class='ocr_par' dir='ltr' id='par_1_36' title="bbox 431 3479 1920 3549">
     <span class='ocr_line' id='line_1_36' title="bbox 431 3479 1920 3549; baseline 0.001 -14"><span class='ocrx_word' id='word_1_222' title='bbox 431 3481 474 3535; x_wconf 92' lang='grc' dir='ltr'><strong>Ο</strong></span> <span class='ocrx_word' id='word_1_223' title='bbox 503 3479 646 3536; x_wconf 88' lang='lat' dir='ltr'><strong>bone</strong></span> <span class='ocrx_word' id='word_1_224' title='bbox 679 3480 748 3533; x_wconf 91' lang='lat' dir='ltr'><strong>mi</strong></span> <span class='ocrx_word' id='word_1_225' title='bbox 778 3480 1028 3546; x_wconf 91' lang='lat' dir='ltr'><strong>Domine,</strong></span> <span class='ocrx_word' id='word_1_226' title='bbox 1061 3494 1188 3549; x_wconf 90' lang='lat' dir='ltr'><strong>spes</strong></span> <span class='ocrx_word' id='word_1_227' title='bbox 1217 3494 1356 3549; x_wconf 90' lang='lat' dir='ltr'><strong>mea,</strong></span> <span class='ocrx_word' id='word_1_228' title='bbox 1389 3481 1482 3536; x_wconf 90' lang='lat' dir='ltr'><strong>lux</strong></span> <span class='ocrx_word' id='word_1_229' title='bbox 1512 3495 1651 3548; x_wconf 92' lang='lat' dir='ltr'><strong>mea,</strong></span> <span class='ocrx_word' id='word_1_230' title='bbox 1685 3482 1920 3548; x_wconf 87' lang='lat' dir='ltr'><strong>Christe,</strong></span> 
     </span>
    </p>
   </div>
   <div class='ocr_carea' id='block_1_37' title="bbox 503 3568 1724 3639">
    <p class='ocr_par' dir='ltr' id='par_1_37' title="bbox 503 3568 1724 3639">
     <span class='ocr_line' id='line_1_37' title="bbox 503 3568 1724 3639; baseline -0.001 -15"><span class='ocrx_word' id='word_1_231' title='bbox 503 3568 606 3636; x_wconf 87' lang='lat' dir='ltr'><strong>Qui</strong></span> <span class='ocrx_word' id='word_1_232' title='bbox 638 3569 791 3638; x_wconf 87' lang='lat' dir='ltr'><strong>vigor</strong></span> <span class='ocrx_word' id='word_1_233' title='bbox 821 3577 904 3624; x_wconf 93' lang='lat' dir='ltr'><strong>est</strong></span> <span class='ocrx_word' id='word_1_234' title='bbox 933 3569 1134 3635; x_wconf 90' lang='lat' dir='ltr'><strong>verbis,</strong></span> <span class='ocrx_word' id='word_1_235' title='bbox 1169 3570 1263 3639; x_wconf 88' lang='lat' dir='ltr'><strong>qui</strong></span> <span class='ocrx_word' id='word_1_236' title='bbox 1295 3570 1565 3626; x_wconf 91' lang='lat' dir='ltr'><strong>medicina</strong></span> <span class='ocrx_word' id='word_1_237' title='bbox 1596 3571 1724 3626; x_wconf 88' lang='lat' dir='ltr'><strong>tuis.</strong></span> 
     </span>
    </p>
   </div>
   <div class='ocr_carea' id='block_1_38' title="bbox 430 3657 1830 3729">
    <p class='ocr_par' dir='ltr' id='par_1_38' title="bbox 430 3657 1830 3729">
     <span class='ocr_line' id='line_1_38' title="bbox 430 3657 1830 3729; baseline 0.001 -17"><span class='ocrx_word' id='word_1_238' title='bbox 430 3657 707 3714; x_wconf 82' lang='lat' dir='ltr'><strong>Hactenus</strong></span> <span class='ocrx_word' id='word_1_239' title='bbox 737 3659 792 3712; x_wconf 90' lang='lat' dir='ltr'><strong>in</strong></span> <span class='ocrx_word' id='word_1_240' title='bbox 824 3672 1014 3727; x_wconf 76' lang='lat' dir='ltr'><strong>pcenas</strong></span> <span class='ocrx_word' id='word_1_241' title='bbox 1042 3673 1126 3714; x_wconf 91' lang='lat' dir='ltr'><strong>me</strong></span> <span class='ocrx_word' id='word_1_242' title='bbox 1155 3658 1365 3728; x_wconf 90' lang='lat' dir='ltr'><strong>lapsum</strong></span> <span class='ocrx_word' id='word_1_243' title='bbox 1397 3659 1557 3729; x_wconf 88' lang='lat' dir='ltr'><strong>culpa</strong></span> <span class='ocrx_word' id='word_1_244' title='bbox 1589 3659 1830 3729; x_wconf 90' lang='lat' dir='ltr'><strong>petebat,</strong></span> 
     </span>
    </p>
   </div>
   <div class='ocr_carea' id='block_1_39' title="bbox 498 3747 1763 3818">
    <p class='ocr_par' dir='ltr' id='par_1_39' title="bbox 498 3747 1763 3818">
     <span class='ocr_line' id='line_1_39' title="bbox 498 3747 1763 3818; baseline 0.001 -17"><span class='ocrx_word' id='word_1_245' title='bbox 498 3747 654 3802; x_wconf 87' lang='lat' dir='ltr'><strong>Nunc</strong></span> <span class='ocrx_word' id='word_1_246' title='bbox 685 3753 768 3803; x_wconf 91' lang='lat' dir='ltr'><strong>est</strong></span> <span class='ocrx_word' id='word_1_247' title='bbox 796 3761 920 3803; x_wconf 91' lang='lat' dir='ltr'><strong>cum</strong></span> <span class='ocrx_word' id='word_1_248' title='bbox 952 3748 1131 3818; x_wconf 74' lang='lat' dir='ltr'><strong>pomis</strong></span> <span class='ocrx_word' id='word_1_249' title='bbox 1161 3748 1320 3818; x_wconf 91' lang='lat' dir='ltr'><strong>culpa</strong></span> <span class='ocrx_word' id='word_1_250' title='bbox 1352 3749 1578 3804; x_wconf 88' lang='lat' dir='ltr'><strong>remissa</strong></span> <span class='ocrx_word' id='word_1_251' title='bbox 1607 3748 1763 3804; x_wconf 79' lang='lat' dir='ltr'><strong>meis.</strong></span> 
     </span>
    </p>
   </div>
   <div class='ocr_carea' id='block_1_40' title="bbox 430 3835 1909 3908">
    <p class='ocr_par' dir='ltr' id='par_1_40' title="bbox 430 3835 1909 3908">
     <span class='ocr_line' id='line_1_40' title="bbox 430 3835 1909 3908; baseline 0.003 -20"><span class='ocrx_word' id='word_1_252' title='bbox 430 3835 683 3905; x_wconf 87' lang='lat' dir='ltr'><strong>Languor</strong></span> <span class='ocrx_word' id='word_1_253' title='bbox 712 3836 830 3891; x_wconf 91' lang='lat' dir='ltr'><strong>heri</strong></span> <span class='ocrx_word' id='word_1_254' title='bbox 861 3836 1044 3893; x_wconf 90' lang='lat' dir='ltr'><strong>valido</strong></span> <span class='ocrx_word' id='word_1_255' title='bbox 1074 3836 1236 3908; x_wconf 89' lang='lat' dir='ltr'><strong>fregit</strong></span> <span class='ocrx_word' id='word_1_256' title='bbox 1267 3851 1383 3892; x_wconf 89' lang='lat' dir='ltr'><strong>mea</strong></span> <span class='ocrx_word' id='word_1_257' title='bbox 1423 3837 1664 3892; x_wconf 91' lang='lat' dir='ltr'><strong>membra</strong></span> <span class='ocrx_word' id='word_1_258' title='bbox 1694 3836 1909 3902; x_wconf 90' lang='lat' dir='ltr'><strong>dolore,</strong></span> 
     </span>
    </p>
   </div>
   <div class='ocr_carea' id='block_1_41' title="bbox 499 3924 1687 3996">
    <p class='ocr_par' dir='ltr' id='par_1_41' title="bbox 499 3924 1687 3996">
     <span class='ocr_line' id='line_1_41' title="bbox 499 3924 1687 3996; baseline 0.002 -18"><span class='ocrx_word' id='word_1_259' title='bbox 499 3924 639 3979; x_wconf 87' lang='lat' dir='ltr'><strong>Sana</strong></span> <span class='ocrx_word' id='word_1_260' title='bbox 667 3925 764 3980; x_wconf 90' lang='lat' dir='ltr'><strong>sed</strong></span> <span class='ocrx_word' id='word_1_261' title='bbox 797 3925 916 3981; x_wconf 63' lang='lat' dir='ltr'><strong>haec</strong></span> <span class='ocrx_word' id='word_1_262' title='bbox 949 3925 1116 3982; x_wconf 88' lang='lat' dir='ltr'><strong>hodie</strong></span> <span class='ocrx_word' id='word_1_263' title='bbox 1146 3932 1274 3982; x_wconf 91' lang='lat' dir='ltr'><strong>sunt</strong></span> <span class='ocrx_word' id='word_1_264' title='bbox 1313 3926 1533 3996; x_wconf 88' lang='lat' dir='ltr'><strong>pietatis</strong></span> <span class='ocrx_word' id='word_1_265' title='bbox 1561 3940 1687 3995; x_wconf 91' lang='lat' dir='ltr'><strong>ope.</strong></span> 
     </span>
    </p>
   </div>
   <div class='ocr_carea' id='block_1_42' title="bbox 428 4011 1818 4082">
    <p class='ocr_par' dir='ltr' id='par_1_42' title="bbox 428 4011 1818 4082">
     <span class='ocr_line' id='line_1_42' title="bbox 428 4011 1818 4082; baseline 0.004 -17"><span class='ocrx_word' id='word_1_266' title='bbox 428 4011 562 4066; x_wconf 92' lang='lat' dir='ltr'><strong>Sero</strong></span> <span class='ocrx_word' id='word_1_267' title='bbox 602 4011 678 4067; x_wconf 90' lang='lat' dir='ltr'><strong>fui</strong></span> <span class='ocrx_word' id='word_1_268' title='bbox 711 4014 956 4082; x_wconf 92' lang='lat' dir='ltr'><strong>scopulis</strong></span> <span class='ocrx_word' id='word_1_269' title='bbox 987 4015 1232 4082; x_wconf 90' lang='lat' dir='ltr'><strong>collisus,</strong></span> <span class='ocrx_word' id='word_1_270' title='bbox 1267 4022 1321 4070; x_wconf 91' lang='lat' dir='ltr'><strong>et</strong></span> <span class='ocrx_word' id='word_1_271' title='bbox 1351 4017 1606 4072; x_wconf 91' lang='lat' dir='ltr'><strong>omnibus</strong></span> <span class='ocrx_word' id='word_1_272' title='bbox 1636 4015 1818 4081; x_wconf 92' lang='lat' dir='ltr'><strong>undis,</strong></span> 
     </span>
    </p>
   </div>
   <div class='ocr_carea' id='block_1_43' title="bbox 499 4101 1676 4172">
    <p class='ocr_par' dir='ltr' id='par_1_43' title="bbox 499 4101 1676 4172">
     <span class='ocr_line' id='line_1_43' title="bbox 499 4101 1676 4172; baseline 0.005 -18"><span class='ocrx_word' id='word_1_273' title='bbox 499 4101 653 4155; x_wconf 89' lang='lat' dir='ltr'><strong>Mane</strong></span> <span class='ocrx_word' id='word_1_274' title='bbox 683 4101 817 4155; x_wconf 92' lang='lat' dir='ltr'><strong>mihi</strong></span> <span class='ocrx_word' id='word_1_275' title='bbox 849 4103 1033 4171; x_wconf 92' lang='lat' dir='ltr'><strong>potior</strong></span> <span class='ocrx_word' id='word_1_276' title='bbox 1062 4103 1248 4158; x_wconf 90' lang='lat' dir='ltr'><strong>littore</strong></span> <span class='ocrx_word' id='word_1_277' title='bbox 1280 4113 1471 4172; x_wconf 92' lang='lat' dir='ltr'><strong>portus</strong></span> <span class='ocrx_word' id='word_1_278' title='bbox 1501 4105 1676 4160; x_wconf 89' lang='lat' dir='ltr'><strong>adest.</strong></span> 
     </span>
    </p>
   </div>
   <div class='ocr_carea' id='block_1_44' title="bbox 424 4187 1546 4260">
    <p class='ocr_par' dir='ltr' id='par_1_44' title="bbox 424 4187 1546 4260">
     <span class='ocr_line' id='line_1_44' title="bbox 424 4187 1546 4260; baseline 0.002 -16"><span class='ocrx_word' id='word_1_279' title='bbox 424 4189 688 4244; x_wconf 89' lang='lat' dir='ltr'><strong>Omnibus</strong></span> <span class='ocrx_word' id='word_1_280' title='bbox 715 4187 926 4246; x_wconf 87' lang='lat' dir='ltr'><strong>afﬁrmo</strong></span> <span class='ocrx_word' id='word_1_281' title='bbox 956 4189 1069 4245; x_wconf 87' lang='lat' dir='ltr'><strong>falli</strong></span> <span class='ocrx_word' id='word_1_282' title='bbox 1100 4191 1369 4246; x_wconf 90' lang='lat' dir='ltr'><strong>veraciter</strong></span> <span class='ocrx_word' id='word_1_283' title='bbox 1399 4191 1546 4260; x_wconf 91' lang='lat' dir='ltr'><strong>illos,</strong></span> 
     </span>
    </p>
   </div>
   <div class='ocr_carea' id='block_1_45' title="bbox 494 4278 1667 4352">
    <p class='ocr_par' dir='ltr' id='par_1_45' title="bbox 494 4278 1667 4352">
     <span class='ocr_line' id='line_1_45' title="bbox 494 4278 1667 4352; baseline 0.003 -20"><span class='ocrx_word' id='word_1_284' title='bbox 494 4279 595 4344; x_wconf 88' lang='lat' dir='ltr'><strong>Qui</strong></span> <span class='ocrx_word' id='word_1_285' title='bbox 624 4279 837 4334; x_wconf 90' lang='lat' dir='ltr'><strong>veniam</strong></span> <span class='ocrx_word' id='word_1_286' title='bbox 867 4278 1035 4350; x_wconf 90' lang='lat' dir='ltr'><strong>lapsis</strong></span> <span class='ocrx_word' id='word_1_287' title='bbox 1064 4281 1268 4349; x_wconf 70' lang='lat' dir='ltr'><strong>saepius</strong></span> <span class='ocrx_word' id='word_1_288' title='bbox 1297 4295 1416 4336; x_wconf 92' lang='lat' dir='ltr'><strong>esse</strong></span> <span class='ocrx_word' id='word_1_289' title='bbox 1447 4286 1667 4352; x_wconf 91' lang='lat' dir='ltr'><strong>negant.</strong></span> 
     </span>
    </p>
   </div>
   <div class='ocr_carea' id='block_1_46' title="bbox 421 4365 1800 4440">
    <p class='ocr_par' dir='ltr' id='par_1_46' title="bbox 421 4365 1800 4440">
     <span class='ocr_line' id='line_1_46' title="bbox 421 4365 1800 4440; baseline 0.002 -18"><span class='ocrx_word' id='word_1_290' title='bbox 421 4365 523 4432; x_wconf 88' lang='lat' dir='ltr'><strong>Qui</strong></span> <span class='ocrx_word' id='word_1_291' title='bbox 549 4366 678 4423; x_wconf 91' lang='lat' dir='ltr'><strong>dare</strong></span> <span class='ocrx_word' id='word_1_292' title='bbox 709 4374 763 4423; x_wconf 90' lang='lat' dir='ltr'><strong>te</strong></span> <span class='ocrx_word' id='word_1_293' title='bbox 792 4369 1005 4424; x_wconf 88' lang='lat' dir='ltr'><strong>veniam</strong></span> <span class='ocrx_word' id='word_1_294' title='bbox 1036 4368 1204 4439; x_wconf 89' lang='lat' dir='ltr'><strong>lapsis</strong></span> <span class='ocrx_word' id='word_1_295' title='bbox 1244 4376 1369 4440; x_wconf 91' lang='lat' dir='ltr'><strong>post</strong></span> <span class='ocrx_word' id='word_1_296' title='bbox 1398 4371 1546 4426; x_wconf 91' lang='lat' dir='ltr'><strong>mille</strong></span> <span class='ocrx_word' id='word_1_297' title='bbox 1587 4370 1800 4440; x_wconf 88' lang='lat' dir='ltr'><strong>negarit</strong></span> 
     </span>
    </p>
   </div>
   <div class='ocr_carea' id='block_1_47' title="bbox 493 4457 1742 4530">
    <p class='ocr_par' dir='ltr' id='par_1_47' title="bbox 493 4457 1742 4530">
     <span class='ocr_line' id='line_1_47' title="bbox 493 4457 1742 4530; baseline 0.002 -18"><span class='ocrx_word' id='word_1_298' title='bbox 493 4457 613 4512; x_wconf 90' lang='lat' dir='ltr'><strong>Non</strong></span> <span class='ocrx_word' id='word_1_299' title='bbox 644 4459 819 4526; x_wconf 91' lang='lat' dir='ltr'><strong>possit</strong></span> <span class='ocrx_word' id='word_1_300' title='bbox 855 4459 1067 4514; x_wconf 88' lang='lat' dir='ltr'><strong>veniam</strong></span> <span class='ocrx_word' id='word_1_301' title='bbox 1106 4459 1291 4530; x_wconf 90' lang='lat' dir='ltr'><strong>lapsus</strong></span> <span class='ocrx_word' id='word_1_302' title='bbox 1321 4460 1525 4516; x_wconf 89' lang='lat' dir='ltr'><strong>habere</strong></span> <span class='ocrx_word' id='word_1_303' title='bbox 1552 4460 1742 4516; x_wconf 90' lang='lat' dir='ltr'><strong>semel.</strong></span> 
     </span>
    </p>
   </div>
   <div class='ocr_carea' id='block_1_48' title="bbox 422 4545 1877 4618">
    <p class='ocr_par' dir='ltr' id='par_1_48' title="bbox 422 4545 1877 4618">
     <span class='ocr_line' id='line_1_48' title="bbox 422 4545 1877 4618; baseline 0.003 -18"><span class='ocrx_word' id='word_1_304' title='bbox 422 4545 524 4613; x_wconf 94' lang='lat' dir='ltr'><strong>Qui</strong></span> <span class='ocrx_word' id='word_1_305' title='bbox 554 4545 685 4602; x_wconf 91' lang='lat' dir='ltr'><strong>dare</strong></span> <span class='ocrx_word' id='word_1_306' title='bbox 716 4552 769 4602; x_wconf 88' lang='lat' dir='ltr'><strong>te</strong></span> <span class='ocrx_word' id='word_1_307' title='bbox 797 4547 1009 4602; x_wconf 91' lang='lat' dir='ltr'><strong>veniam</strong></span> <span class='ocrx_word' id='word_1_308' title='bbox 1041 4548 1312 4604; x_wconf 88' lang='lat' dir='ltr'><strong>scelerum</strong></span> <span class='ocrx_word' id='word_1_309' title='bbox 1345 4555 1470 4618; x_wconf 90' lang='lat' dir='ltr'><strong>post</strong></span> <span class='ocrx_word' id='word_1_310' title='bbox 1500 4549 1668 4605; x_wconf 86' lang='lat' dir='ltr'><strong>millia</strong></span> <span class='ocrx_word' id='word_1_311' title='bbox 1697 4549 1877 4606; x_wconf 89' lang='lat' dir='ltr'><strong>credit</strong></span> 
     </span>
    </p>
   </div>
   <div class='ocr_carea' id='block_1_49' title="bbox 494 4635 1675 4709">
    <p class='ocr_par' dir='ltr' id='par_1_49' title="bbox 494 4635 1675 4709">
     <span class='ocr_line' id='line_1_49' title="bbox 494 4635 1675 4709; baseline 0.003 -20"><span class='ocrx_word' id='word_1_312' title='bbox 494 4635 660 4690; x_wconf 83' lang='lat' dir='ltr'><strong>Millia</strong></span> <span class='ocrx_word' id='word_1_313' title='bbox 700 4641 825 4705; x_wconf 89' lang='lat' dir='ltr'><strong>post</strong></span> <span class='ocrx_word' id='word_1_314' title='bbox 863 4636 1133 4693; x_wconf 89' lang='lat' dir='ltr'><strong>scelerum</strong></span> <span class='ocrx_word' id='word_1_315' title='bbox 1163 4637 1313 4693; x_wconf 90' lang='lat' dir='ltr'><strong>nulla</strong></span> <span class='ocrx_word' id='word_1_316' title='bbox 1343 4646 1574 4709; x_wconf 88' lang='lat' dir='ltr'><strong>negetur</strong></span> <span class='ocrx_word' id='word_1_317' title='bbox 1603 4639 1675 4694; x_wconf 90' lang='lat' dir='ltr'><strong>ei.</strong></span> 
     </span>
    </p>
   </div>
   <div class='ocr_carea' id='block_1_50' title="bbox 421 4724 1645 4798">
    <p class='ocr_par' dir='ltr' id='par_1_50' title="bbox 421 4724 1645 4798">
     <span class='ocr_line' id='line_1_50' title="bbox 421 4724 1645 4798; baseline 0.003 -19"><span class='ocrx_word' id='word_1_318' title='bbox 421 4725 489 4780; x_wconf 91' lang='lat' dir='ltr'><strong>Et</strong></span> <span class='ocrx_word' id='word_1_319' title='bbox 517 4729 666 4780; x_wconf 89' lang='lat' dir='ltr'><strong>totus</strong></span> <span class='ocrx_word' id='word_1_320' title='bbox 696 4724 891 4794; x_wconf 89' lang='lat' dir='ltr'><strong>pietas,</strong></span> <span class='ocrx_word' id='word_1_321' title='bbox 926 4741 986 4781; x_wconf 91' lang='lat' dir='ltr'><strong>es</strong></span> <span class='ocrx_word' id='word_1_322' title='bbox 1015 4731 1069 4781; x_wconf 92' lang='lat' dir='ltr'><strong>et</strong></span> <span class='ocrx_word' id='word_1_323' title='bbox 1099 4727 1438 4798; x_wconf 88' lang='lat' dir='ltr'><strong>indulgentia</strong></span> <span class='ocrx_word' id='word_1_324' title='bbox 1478 4734 1645 4797; x_wconf 91' lang='lat' dir='ltr'><strong>totus,</strong></span> 
     </span>
    </p>
   </div>
   <div class='ocr_carea' id='block_1_51' title="bbox 492 4814 1608 4886">
    <p class='ocr_par' dir='ltr' id='par_1_51' title="bbox 492 4814 1608 4886">
     <span class='ocr_line' id='line_1_51' title="bbox 492 4814 1608 4886; baseline 0.004 -18"><span class='ocrx_word' id='word_1_325' title='bbox 492 4814 662 4869; x_wconf 90' lang='lat' dir='ltr'><strong>Totus</strong></span> <span class='ocrx_word' id='word_1_326' title='bbox 692 4828 816 4883; x_wconf 85' lang='lat' dir='ltr'><strong>pax,</strong></span> <span class='ocrx_word' id='word_1_327' title='bbox 849 4819 999 4870; x_wconf 91' lang='lat' dir='ltr'><strong>totus</strong></span> <span class='ocrx_word' id='word_1_328' title='bbox 1026 4815 1221 4886; x_wconf 90' lang='lat' dir='ltr'><strong>gratia,</strong></span> <span class='ocrx_word' id='word_1_329' title='bbox 1256 4823 1405 4878; x_wconf 90' lang='lat' dir='ltr'><strong>totus</strong></span> <span class='ocrx_word' id='word_1_330' title='bbox 1438 4831 1608 4873; x_wconf 89' lang='lat' dir='ltr'><strong>amor.</strong></span> 
     </span>
    </p>
   </div>
   <div class='ocr_carea' id='block_1_52' title="bbox 421 4903 1888 4972">
    <p class='ocr_par' dir='ltr' id='par_1_52' title="bbox 421 4903 1888 4972">
     <span class='ocr_line' id='line_1_52' title="bbox 421 4903 1888 4972; baseline 0.003 -15"><span class='ocrx_word' id='word_1_331' title='bbox 421 4903 548 4958; x_wconf 89' lang='lat' dir='ltr'><strong>Tam</strong></span> <span class='ocrx_word' id='word_1_332' title='bbox 579 4903 697 4958; x_wconf 90' lang='lat' dir='ltr'><strong>leve</strong></span> <span class='ocrx_word' id='word_1_333' title='bbox 729 4903 854 4972; x_wconf 88' lang='lat' dir='ltr'><strong>quis</strong></span> <span class='ocrx_word' id='word_1_334' title='bbox 883 4904 976 4958; x_wconf 88' lang='lat' dir='ltr'><strong>dat</strong></span> <span class='ocrx_word' id='word_1_335' title='bbox 1006 4917 1165 4971; x_wconf 93' lang='lat' dir='ltr'><strong>onus,</strong></span> <span class='ocrx_word' id='word_1_336' title='bbox 1199 4907 1512 4961; x_wconf 88' lang='lat' dir='ltr'><strong>mandatum</strong></span> <span class='ocrx_word' id='word_1_337' title='bbox 1544 4905 1696 4972; x_wconf 91' lang='lat' dir='ltr'><strong>mite,</strong></span> <span class='ocrx_word' id='word_1_338' title='bbox 1727 4905 1888 4962; x_wconf 89' lang='lat' dir='ltr'><strong>ﬁdele</strong></span> 
     </span>
    </p>
   </div>
   <div class='ocr_carea' id='block_1_53' title="bbox 492 4992 1719 5067">
    <p class='ocr_par' dir='ltr' id='par_1_53' title="bbox 492 4992 1719 5067">
     <span class='ocr_line' id='line_1_53' title="bbox 492 4992 1719 5067; baseline 0.004 -21"><span class='ocrx_word' id='word_1_339' title='bbox 492 4992 817 5060; x_wconf 81' lang='lat' dir='ltr'><strong>Consilium,</strong></span> <span class='ocrx_word' id='word_1_340' title='bbox 859 5007 1056 5048; x_wconf 93' lang='lat' dir='ltr'><strong>munus</strong></span> <span class='ocrx_word' id='word_1_341' title='bbox 1085 4992 1287 5062; x_wconf 88' lang='lat' dir='ltr'><strong>fertile,</strong></span> <span class='ocrx_word' id='word_1_342' title='bbox 1321 5009 1484 5051; x_wconf 91' lang='lat' dir='ltr'><strong>suave</strong></span> <span class='ocrx_word' id='word_1_343' title='bbox 1509 4998 1719 5067; x_wconf 86' lang='lat' dir='ltr'><strong>jugum.</strong></span> 
     </span>
    </p>
   </div>
   <div class='ocr_carea' id='block_1_54' title="bbox 421 5079 1853 5156">
    <p class='ocr_par' dir='ltr' id='par_1_54' title="bbox 421 5079 1853 5156">
     <span class='ocr_line' id='line_1_54' title="bbox 421 5079 1853 5156; baseline 0.003 -20"><span class='ocrx_word' id='word_1_344' title='bbox 421 5079 644 5137; x_wconf 82' lang='lat' dir='ltr'><strong>Mitibus</strong></span> <span class='ocrx_word' id='word_1_345' title='bbox 681 5083 785 5137; x_wconf 90' lang='lat' dir='ltr'><strong>ista</strong></span> <span class='ocrx_word' id='word_1_346' title='bbox 817 5082 1040 5152; x_wconf 90' lang='lat' dir='ltr'><strong>quidem</strong></span> <span class='ocrx_word' id='word_1_347' title='bbox 1077 5090 1207 5138; x_wconf 91' lang='lat' dir='ltr'><strong>sunt</strong></span> <span class='ocrx_word' id='word_1_348' title='bbox 1239 5083 1398 5151; x_wconf 90' lang='lat' dir='ltr'><strong>levia,</strong></span> <span class='ocrx_word' id='word_1_349' title='bbox 1426 5085 1569 5140; x_wconf 92' lang='lat' dir='ltr'><strong>.dura</strong></span> <span class='ocrx_word' id='word_1_350' title='bbox 1599 5085 1853 5156; x_wconf 88' lang='lat' dir='ltr'><strong>superbis</strong></span> 
     </span>
    </p>
   </div>
   <div class='ocr_carea' id='block_1_55' title="bbox 491 5171 1780 5246">
    <p class='ocr_par' dir='ltr' id='par_1_55' title="bbox 491 5171 1780 5246">
     <span class='ocr_line' id='line_1_55' title="bbox 491 5171 1780 5246; baseline 0.005 -21"><span class='ocrx_word' id='word_1_351' title='bbox 491 5171 745 5241; x_wconf 90' lang='lat' dir='ltr'><strong>Semper,</strong></span> <span class='ocrx_word' id='word_1_352' title='bbox 787 5178 844 5228; x_wconf 92' lang='lat' dir='ltr'><strong>et</strong></span> <span class='ocrx_word' id='word_1_353' title='bbox 881 5173 1086 5243; x_wconf 88' lang='lat' dir='ltr'><strong>ignaris</strong></span> <span class='ocrx_word' id='word_1_354' title='bbox 1124 5181 1207 5229; x_wconf 91' lang='lat' dir='ltr'><strong>est</strong></span> <span class='ocrx_word' id='word_1_355' title='bbox 1245 5173 1402 5231; x_wconf 88' lang='lat' dir='ltr'><strong>labor</strong></span> <span class='ocrx_word' id='word_1_356' title='bbox 1439 5174 1543 5230; x_wconf 88' lang='lat' dir='ltr'><strong>iste</strong></span> <span class='ocrx_word' id='word_1_357' title='bbox 1581 5177 1780 5246; x_wconf 90' lang='lat' dir='ltr'><strong>gravis.</strong></span> 
     </span>
    </p>
   </div>
   <div class='ocr_carea' id='block_1_56' title="bbox 421 5259 1903 5336">
    <p class='ocr_par' dir='ltr' id='par_1_56' title="bbox 421 5259 1903 5336">
     <span class='ocr_line' id='line_1_56' title="bbox 421 5259 1903 5336; baseline 0.004 -21"><span class='ocrx_word' id='word_1_358' title='bbox 421 5259 589 5326; x_wconf 92' lang='lat' dir='ltr'><strong>Quam</strong></span> <span class='ocrx_word' id='word_1_359' title='bbox 626 5275 794 5331; x_wconf 89' lang='lat' dir='ltr'><strong>super</strong></span> <span class='ocrx_word' id='word_1_360' title='bbox 831 5263 1070 5333; x_wconf 90' lang='lat' dir='ltr'><strong>imponis</strong></span> <span class='ocrx_word' id='word_1_361' title='bbox 1098 5263 1170 5319; x_wconf 89' lang='lat' dir='ltr'><strong>sit</strong></span> <span class='ocrx_word' id='word_1_362' title='bbox 1208 5263 1424 5319; x_wconf 90' lang='lat' dir='ltr'><strong>sarcina</strong></span> <span class='ocrx_word' id='word_1_363' title='bbox 1454 5277 1647 5336; x_wconf 88' lang='lat' dir='ltr'><strong>magna</strong></span> <span class='ocrx_word' id='word_1_364' title='bbox 1677 5264 1903 5333; x_wconf 90' lang='lat' dir='ltr'><strong>laboris,</strong></span> 
     </span>
    </p>
   </div>
   <div class='ocr_carea' id='block_1_57' title="bbox 488 5349 1662 5425">
    <p class='ocr_par' dir='ltr' id='par_1_57' title="bbox 488 5349 1662 5425">
     <span class='ocr_line' id='line_1_57' title="bbox 488 5349 1662 5425; baseline 0.007 -23"><span class='ocrx_word' id='word_1_365' title='bbox 488 5349 574 5403; x_wconf 82' lang='lat' dir='ltr'><strong>Me</strong></span> <span class='ocrx_word' id='word_1_366' title='bbox 605 5350 768 5407; x_wconf 91' lang='lat' dir='ltr'><strong>modo</strong></span> <span class='ocrx_word' id='word_1_367' title='bbox 799 5350 988 5407; x_wconf 88' lang='lat' dir='ltr'><strong>delicti</strong></span> <span class='ocrx_word' id='word_1_368' title='bbox 1018 5353 1234 5409; x_wconf 89' lang='lat' dir='ltr'><strong>sarcina</strong></span> <span class='ocrx_word' id='word_1_369' title='bbox 1273 5353 1422 5409; x_wconf 90' lang='lat' dir='ltr'><strong>nulla</strong></span> <span class='ocrx_word' id='word_1_370' title='bbox 1455 5360 1662 5425; x_wconf 90' lang='lat' dir='ltr'><strong>gravet.</strong></span> 
     </span>
    </p>
   </div>
   <div class='ocr_carea' id='block_1_58' title="bbox 421 5436 1704 5511">
    <p class='ocr_par' dir='ltr' id='par_1_58' title="bbox 421 5436 1704 5511">
     <span class='ocr_line' id='line_1_58' title="bbox 421 5436 1704 5511; baseline 0.008 -21"><span class='ocrx_word' id='word_1_371' title='bbox 421 5436 504 5491; x_wconf 88' lang='lat' dir='ltr'><strong>Me</strong></span> <span class='ocrx_word' id='word_1_372' title='bbox 534 5437 702 5505; x_wconf 89' lang='lat' dir='ltr'><strong>jussis</strong></span> <span class='ocrx_word' id='word_1_373' title='bbox 732 5453 948 5510; x_wconf 86' lang='lat' dir='ltr'><strong>expono</strong></span> <span class='ocrx_word' id='word_1_374' title='bbox 978 5442 1108 5510; x_wconf 90' lang='lat' dir='ltr'><strong>tuis,</strong></span> <span class='ocrx_word' id='word_1_375' title='bbox 1141 5442 1308 5498; x_wconf 92' lang='lat' dir='ltr'><strong>maris</strong></span> <span class='ocrx_word' id='word_1_376' title='bbox 1345 5443 1454 5499; x_wconf 90' lang='lat' dir='ltr'><strong>alta</strong></span> <span class='ocrx_word' id='word_1_377' title='bbox 1483 5443 1704 5511; x_wconf 88' lang='lat' dir='ltr'><strong>secabo,</strong></span> 
     </span>
    </p>
   </div>
   <div class='ocr_carea' id='block_1_59' title="bbox 492 5525 1669 5602">
    <p class='ocr_par' dir='ltr' id='par_1_59' title="bbox 492 5525 1669 5602">
     <span class='ocr_line' id='line_1_59' title="bbox 492 5525 1669 5602; baseline 0.008 -23"><span class='ocrx_word' id='word_1_378' title='bbox 492 5525 571 5580; x_wconf 91' lang='lat' dir='ltr'><strong>Tu</strong></span> <span class='ocrx_word' id='word_1_379' title='bbox 611 5539 679 5582; x_wconf 92' lang='lat' dir='ltr'><strong>ne</strong></span> <span class='ocrx_word' id='word_1_380' title='bbox 709 5535 1009 5585; x_wconf 89' lang='lat' dir='ltr'><strong>retrorsum</strong></span> <span class='ocrx_word' id='word_1_381' title='bbox 1048 5532 1182 5588; x_wconf 90' lang='lat' dir='ltr'><strong>dent</strong></span> <span class='ocrx_word' id='word_1_382' title='bbox 1212 5546 1331 5588; x_wconf 89' lang='lat' dir='ltr'><strong>mea</strong></span> <span class='ocrx_word' id='word_1_383' title='bbox 1359 5533 1498 5602; x_wconf 91' lang='lat' dir='ltr'><strong>vela,</strong></span> <span class='ocrx_word' id='word_1_384' title='bbox 1531 5532 1669 5589; x_wconf 89' lang='lat' dir='ltr'><strong>fave.</strong></span> 
     </span>
    </p>
   </div>
   <div class='ocr_carea' id='block_1_60' title="bbox 422 5613 1776 5690">
    <p class='ocr_par' dir='ltr' id='par_1_60' title="bbox 422 5613 1776 5690">
     <span class='ocr_line' id='line_1_60' title="bbox 422 5613 1776 5690; baseline 0.005 -18"><span class='ocrx_word' id='word_1_385' title='bbox 422 5615 492 5672; x_wconf 89' lang='lat' dir='ltr'><strong>Ut</strong></span> <span class='ocrx_word' id='word_1_386' title='bbox 519 5613 657 5671; x_wconf 87' lang='lat' dir='ltr'><strong>nihil</strong></span> <span class='ocrx_word' id='word_1_387' title='bbox 685 5615 948 5686; x_wconf 86' lang='lat' dir='ltr'><strong>impediat</strong></span> <span class='ocrx_word' id='word_1_388' title='bbox 976 5633 1061 5676; x_wconf 93' lang='lat' dir='ltr'><strong>me</strong></span> <span class='ocrx_word' id='word_1_389' title='bbox 1091 5634 1319 5690; x_wconf 87' lang='lat' dir='ltr'><strong>prorsus</strong></span> <span class='ocrx_word' id='word_1_390' title='bbox 1344 5622 1411 5678; x_wconf 91' lang='lat' dir='ltr'><strong>ab</strong></span> <span class='ocrx_word' id='word_1_391' title='bbox 1436 5623 1571 5679; x_wconf 89' lang='lat' dir='ltr'><strong>orbe</strong></span> <span class='ocrx_word' id='word_1_392' title='bbox 1603 5627 1776 5690; x_wconf 88' lang='lat' dir='ltr'><strong>tuere,</strong></span> 
     </span>
    </p>
   </div>
   <div class='ocr_carea' id='block_1_61' title="bbox 2091 455 3463 527">
    <p class='ocr_par' dir='ltr' id='par_1_61' title="bbox 2091 455 3463 527">
     <span class='ocr_line' id='line_1_61' title="bbox 2091 455 3463 527; baseline -0.004 -9"><span class='ocrx_word' id='word_1_393' title='bbox 2091 462 2144 519; x_wconf 88' lang='lat' dir='ltr'><strong>A</strong></span> <span class='ocrx_word' id='word_1_394' title='bbox 2231 463 2348 527; x_wconf 89' lang='lat' dir='ltr'><strong>Quo</strong></span> <span class='ocrx_word' id='word_1_395' title='bbox 2379 460 2488 514; x_wconf 90' lang='lat' dir='ltr'><strong>ruit</strong></span> <span class='ocrx_word' id='word_1_396' title='bbox 2519 459 2612 514; x_wconf 89' lang='lat' dir='ltr'><strong>ille</strong></span> <span class='ocrx_word' id='word_1_397' title='bbox 2643 457 2751 513; x_wconf 89' lang='lat' dir='ltr'><strong>tuis</strong></span> <span class='ocrx_word' id='word_1_398' title='bbox 2788 455 2964 512; x_wconf 87' lang='lat' dir='ltr'><strong>factus</strong></span> <span class='ocrx_word' id='word_1_399' title='bbox 2994 457 3158 512; x_wconf 90' lang='lat' dir='ltr'><strong>homo</strong></span> <span class='ocrx_word' id='word_1_400' title='bbox 3194 457 3463 512; x_wconf 91' lang='lat' dir='ltr'><strong>manibus.</strong></span> 
     </span>
    </p>
   </div>
   <div class='ocr_carea' id='block_1_62' title="bbox 2152 544 3549 616">
    <p class='ocr_par' dir='ltr' id='par_1_62' title="bbox 2152 544 3549 616">
     <span class='ocr_line' id='line_1_62' title="bbox 2152 544 3549 616; baseline -0.004 -11"><span class='ocrx_word' id='word_1_401' title='bbox 2152 548 2462 606; x_wconf 88' lang='lat' dir='ltr'><strong>Transactis</strong></span> <span class='ocrx_word' id='word_1_402' title='bbox 2492 548 2635 602; x_wconf 91' lang='lat' dir='ltr'><strong>enim</strong></span> <span class='ocrx_word' id='word_1_403' title='bbox 2676 547 2961 616; x_wconf 86' lang='lat' dir='ltr'><strong>plusquam</strong></span> <span class='ocrx_word' id='word_1_404' title='bbox 2992 560 3088 602; x_wconf 82' lang='lat' dir='ltr'><strong>sex</strong></span> <span class='ocrx_word' id='word_1_405' title='bbox 3119 545 3361 600; x_wconf 90' lang='lat' dir='ltr'><strong>millibus</strong></span> <span class='ocrx_word' id='word_1_406' title='bbox 3388 544 3549 600; x_wconf 87' lang='lat' dir='ltr'><strong>annis</strong></span> 
     </span>
    </p>
   </div>
   <div class='ocr_carea' id='block_1_63' title="bbox 2226 634 3450 707">
    <p class='ocr_par' dir='ltr' id='par_1_63' title="bbox 2226 634 3450 707">
     <span class='ocr_line' id='line_1_63' title="bbox 2226 634 3450 707; baseline -0.003 -15"><span class='ocrx_word' id='word_1_407' title='bbox 2226 642 2430 707; x_wconf 89' lang='lat' dir='ltr'><strong>Pugnat</strong></span> <span class='ocrx_word' id='word_1_408' title='bbox 2451 636 2808 691; x_wconf 85' lang='lat' dir='ltr'><strong>inhumanum</strong></span> <span class='ocrx_word' id='word_1_409' title='bbox 2849 634 2939 690; x_wconf 91' lang='lat' dir='ltr'><strong>hic</strong></span> <span class='ocrx_word' id='word_1_410' title='bbox 2969 635 3088 690; x_wconf 90' lang='lat' dir='ltr'><strong>sine</strong></span> <span class='ocrx_word' id='word_1_411' title='bbox 3119 634 3225 689; x_wconf 91' lang='lat' dir='ltr'><strong>ﬁne</strong></span> <span class='ocrx_word' id='word_1_412' title='bbox 3256 647 3450 704; x_wconf 90' lang='lat' dir='ltr'><strong>genus.</strong></span> 
     </span>
    </p>
   </div>
   <div class='ocr_carea' id='block_1_64' title="bbox 2152 722 3483 793">
    <p class='ocr_par' dir='ltr' id='par_1_64' title="bbox 2152 722 3483 793">
     <span class='ocr_line' id='line_1_64' title="bbox 2152 722 3483 793; baseline -0.003 -12"><span class='ocrx_word' id='word_1_413' title='bbox 2152 726 2385 781; x_wconf 87' lang='lat' dir='ltr'><strong>Insidias</strong></span> <span class='ocrx_word' id='word_1_414' title='bbox 2414 725 2630 791; x_wconf 91' lang='lat' dir='ltr'><strong>doctus,</strong></span> <span class='ocrx_word' id='word_1_415' title='bbox 2661 723 2902 789; x_wconf 85' lang='lat' dir='ltr'><strong>fraudes,</strong></span> <span class='ocrx_word' id='word_1_416' title='bbox 2935 730 3192 793; x_wconf 90' lang='lat' dir='ltr'><strong>artesque</strong></span> <span class='ocrx_word' id='word_1_417' title='bbox 3226 722 3483 788; x_wconf 85' lang='lat' dir='ltr'><strong>nocendi,</strong></span> 
     </span>
    </p>
   </div>
   <div class='ocr_carea' id='block_1_65' title="bbox 2225 814 3465 885">
    <p class='ocr_par' dir='ltr' id='par_1_65' title="bbox 2225 814 3465 885">
     <span class='ocr_line' id='line_1_65' title="bbox 2225 814 3465 885; baseline -0.004 -15"><span class='ocrx_word' id='word_1_418' title='bbox 2225 817 2427 884; x_wconf 85' lang='lat' dir='ltr'><strong>Estque</strong></span> <span class='ocrx_word' id='word_1_419' title='bbox 2457 814 2826 885; x_wconf 88' lang='lat' dir='ltr'><strong>magisterium</strong></span> <span class='ocrx_word' id='word_1_420' title='bbox 2860 827 3021 868; x_wconf 91' lang='lat' dir='ltr'><strong>nosse</strong></span> <span class='ocrx_word' id='word_1_421' title='bbox 3052 826 3256 868; x_wconf 87' lang='lat' dir='ltr'><strong>nocere</strong></span> <span class='ocrx_word' id='word_1_422' title='bbox 3285 826 3465 867; x_wconf 91' lang='lat' dir='ltr'><strong>suum.</strong></span> 
     </span>
    </p>
   </div>
   <div class='ocr_carea' id='block_1_66' title="bbox 2153 902 3512 971">
    <p class='ocr_par' dir='ltr' id='par_1_66' title="bbox 2153 902 3512 971">
     <span class='ocr_line' id='line_1_66' title="bbox 2153 902 3512 971; baseline -0.001 -13"><span class='ocrx_word' id='word_1_423' title='bbox 2153 902 2249 959; x_wconf 89' lang='lat' dir='ltr'><strong>ille</strong></span> <span class='ocrx_word' id='word_1_424' title='bbox 2278 903 2562 959; x_wconf 91' lang='lat' dir='ltr'><strong>vetustatis</strong></span> <span class='ocrx_word' id='word_1_425' title='bbox 2592 903 2787 958; x_wconf 88' lang='lat' dir='ltr'><strong>didicit</strong></span> <span class='ocrx_word' id='word_1_426' title='bbox 2817 915 3178 971; x_wconf 77' lang='lat' dir='ltr'><strong>quaecumque</strong></span> <span class='ocrx_word' id='word_1_427' title='bbox 3211 915 3310 969; x_wconf 92' lang='lat' dir='ltr'><strong>per</strong></span> <span class='ocrx_word' id='word_1_428' title='bbox 3334 915 3512 968; x_wconf 90' lang='lat' dir='ltr'><strong>usum,</strong></span> 
     </span>
    </p>
   </div>
   <div class='ocr_carea' id='block_1_67' title="bbox 2224 991 3410 1047">
    <p class='ocr_par' dir='ltr' id='par_1_67' title="bbox 2224 991 3410 1047">
     <span class='ocr_line' id='line_1_67' title="bbox 2224 991 3410 1047; baseline -0.003 0"><span class='ocrx_word' id='word_1_429' title='bbox 2224 995 2350 1047; x_wconf 86' lang='lat' dir='ltr'><strong>Fert</strong></span> <span class='ocrx_word' id='word_1_430' title='bbox 2380 999 2434 1046; x_wconf 88' lang='lat' dir='ltr'><strong>et</strong></span> <span class='ocrx_word' id='word_1_431' title='bbox 2473 992 2565 1046; x_wconf 90' lang='lat' dir='ltr'><strong>ubi</strong></span> <span class='ocrx_word' id='word_1_432' title='bbox 2593 991 2767 1046; x_wconf 89' lang='lat' dir='ltr'><strong>virtus</strong></span> <span class='ocrx_word' id='word_1_433' title='bbox 2805 1004 2917 1046; x_wconf 93' lang='lat' dir='ltr'><strong>non</strong></span> <span class='ocrx_word' id='word_1_434' title='bbox 2958 991 3169 1045; x_wconf 86' lang='lat' dir='ltr'><strong>ruitura</strong></span> <span class='ocrx_word' id='word_1_435' title='bbox 3210 996 3410 1045; x_wconf 90' lang='lat' dir='ltr'><strong>manet.</strong></span> 
     </span>
    </p>
   </div>
   <div class='ocr_carea' id='block_1_68' title="bbox 2153 1079 3548 1150">
    <p class='ocr_par' dir='ltr' id='par_1_68' title="bbox 2153 1079 3548 1150">
     <span class='ocr_line' id='line_1_68' title="bbox 2153 1079 3548 1150; baseline -0.002 -13"><span class='ocrx_word' id='word_1_436' title='bbox 2153 1083 2346 1138; x_wconf 88' lang='lat' dir='ltr'><strong>Nonne</strong></span> <span class='ocrx_word' id='word_1_437' title='bbox 2375 1081 2477 1136; x_wconf 86' lang='lat' dir='ltr'><strong>Job</strong></span> <span class='ocrx_word' id='word_1_438' title='bbox 2509 1080 2746 1150; x_wconf 91' lang='lat' dir='ltr'><strong>impetiit</strong></span> <span class='ocrx_word' id='word_1_439' title='bbox 2783 1079 3110 1145; x_wconf 88' lang='lat' dir='ltr'><strong>maledictis,</strong></span> <span class='ocrx_word' id='word_1_440' title='bbox 3144 1079 3318 1145; x_wconf 59' lang='lat' dir='ltr'><strong>crede,</strong></span> <span class='ocrx_word' id='word_1_441' title='bbox 3353 1080 3548 1146; x_wconf 90' lang='lat' dir='ltr'><strong>ruinis,</strong></span> 
     </span>
    </p>
   </div>
   <div class='ocr_carea' id='block_1_69' title="bbox 2225 1170 3414 1227">
    <p class='ocr_par' dir='ltr' id='par_1_69' title="bbox 2225 1170 3414 1227">
     <span class='ocr_line' id='line_1_69' title="bbox 2225 1170 3414 1227; baseline -0.001 -1"><span class='ocrx_word' id='word_1_442' title='bbox 2225 1171 2554 1227; x_wconf 87' lang='lat' dir='ltr'><strong>Vulneribus</strong></span> <span class='ocrx_word' id='word_1_443' title='bbox 2584 1171 2779 1226; x_wconf 87' lang='lat' dir='ltr'><strong>ﬂueret</strong></span> <span class='ocrx_word' id='word_1_444' title='bbox 2810 1176 2959 1225; x_wconf 91' lang='lat' dir='ltr'><strong>totus</strong></span> <span class='ocrx_word' id='word_1_445' title='bbox 2990 1176 3049 1225; x_wconf 93' lang='lat' dir='ltr'><strong>ut</strong></span> <span class='ocrx_word' id='word_1_446' title='bbox 3078 1170 3134 1225; x_wconf 92' lang='lat' dir='ltr'><strong>in</strong></span> <span class='ocrx_word' id='word_1_447' title='bbox 3164 1170 3414 1225; x_wconf 82' lang='lat' dir='ltr'><strong>saniem?</strong></span> 
     </span>
    </p>
   </div>
   <div class='ocr_carea' id='block_1_70' title="bbox 2155 1259 3518 1333">
    <p class='ocr_par' dir='ltr' id='par_1_70' title="bbox 2155 1259 3518 1333">
     <span class='ocr_line' id='line_1_70' title="bbox 2155 1259 3518 1333; baseline -0.003 -16"><span class='ocrx_word' id='word_1_448' title='bbox 2155 1263 2220 1317; x_wconf 90' lang='lat' dir='ltr'><strong>Et</strong></span> <span class='ocrx_word' id='word_1_449' title='bbox 2249 1261 2354 1316; x_wconf 91' lang='lat' dir='ltr'><strong>nisi</strong></span> <span class='ocrx_word' id='word_1_450' title='bbox 2388 1268 2519 1316; x_wconf 88' lang='lat' dir='ltr'><strong>tunc</strong></span> <span class='ocrx_word' id='word_1_451' title='bbox 2549 1261 2758 1333; x_wconf 88' lang='lat' dir='ltr'><strong>animas</strong></span> <span class='ocrx_word' id='word_1_452' title='bbox 2787 1264 2997 1315; x_wconf 88' lang='lat' dir='ltr'><strong>tantum</strong></span> <span class='ocrx_word' id='word_1_453' title='bbox 3037 1273 3256 1314; x_wconf 89' lang='lat' dir='ltr'><strong>servare</strong></span> <span class='ocrx_word' id='word_1_454' title='bbox 3291 1259 3518 1327; x_wconf 88' lang='lat' dir='ltr'><strong>juberes</strong></span> 
     </span>
    </p>
   </div>
   <div class='ocr_carea' id='block_1_71' title="bbox 2227 1346 3513 1418">
    <p class='ocr_par' dir='ltr' id='par_1_71' title="bbox 2227 1346 3513 1418">
     <span class='ocr_line' id='line_1_71' title="bbox 2227 1346 3513 1418; baseline -0.003 -12"><span class='ocrx_word' id='word_1_455' title='bbox 2227 1349 2488 1406; x_wconf 87' lang='lat' dir='ltr'><strong>Perderet</strong></span> <span class='ocrx_word' id='word_1_456' title='bbox 2521 1350 2666 1404; x_wconf 91' lang='lat' dir='ltr'><strong>hunc</strong></span> <span class='ocrx_word' id='word_1_457' title='bbox 2698 1349 2846 1404; x_wconf 90' lang='lat' dir='ltr'><strong>intus</strong></span> <span class='ocrx_word' id='word_1_458' title='bbox 2877 1355 2937 1404; x_wconf 91' lang='lat' dir='ltr'><strong>ut</strong></span> <span class='ocrx_word' id='word_1_459' title='bbox 2967 1363 3064 1404; x_wconf 91' lang='lat' dir='ltr'><strong>sua</strong></span> <span class='ocrx_word' id='word_1_460' title='bbox 3094 1361 3329 1418; x_wconf 74' lang='lat' dir='ltr'><strong>quaeque</strong></span> <span class='ocrx_word' id='word_1_461' title='bbox 3359 1346 3513 1403; x_wconf 87' lang='lat' dir='ltr'><strong>foris.</strong></span> 
     </span>
    </p>
   </div>
   <div class='ocr_carea' id='block_1_72' title="bbox 2155 1436 3581 1509">
    <p class='ocr_par' dir='ltr' id='par_1_72' title="bbox 2155 1436 3581 1509">
     <span class='ocr_line' id='line_1_72' title="bbox 2155 1436 3581 1509; baseline -0.003 -15"><span class='ocrx_word' id='word_1_462' title='bbox 2155 1439 2311 1494; x_wconf 90' lang='lat' dir='ltr'><strong>Unde</strong></span> <span class='ocrx_word' id='word_1_463' title='bbox 2342 1439 2440 1494; x_wconf 91' lang='lat' dir='ltr'><strong>tibi</strong></span> <span class='ocrx_word' id='word_1_464' title='bbox 2472 1452 2646 1509; x_wconf 89' lang='lat' dir='ltr'><strong>genus</strong></span> <span class='ocrx_word' id='word_1_465' title='bbox 2675 1442 2759 1492; x_wconf 92' lang='lat' dir='ltr'><strong>est</strong></span> <span class='ocrx_word' id='word_1_466' title='bbox 2789 1437 3004 1504; x_wconf 89' lang='lat' dir='ltr'><strong>natalis,</strong></span> <span class='ocrx_word' id='word_1_467' title='bbox 3039 1443 3090 1492; x_wconf 91' lang='lat' dir='ltr'><strong>et</strong></span> <span class='ocrx_word' id='word_1_468' title='bbox 3124 1436 3270 1492; x_wconf 90' lang='lat' dir='ltr'><strong>unde</strong></span> <span class='ocrx_word' id='word_1_469' title='bbox 3299 1436 3581 1492; x_wconf 83' lang='lat' dir='ltr'><strong>secundus</strong></span> 
     </span>
    </p>
   </div>
   <div class='ocr_carea' id='block_1_73' title="bbox 2227 1526 3405 1599">
    <p class='ocr_par' dir='ltr' id='par_1_73' title="bbox 2227 1526 3405 1599">
     <span class='ocr_line' id='line_1_73' title="bbox 2227 1526 3405 1599; baseline -0.002 -16"><span class='ocrx_word' id='word_1_470' title='bbox 2227 1530 2474 1599; x_wconf 81' lang='lat' dir='ltr'><strong>Magnum</strong></span> <span class='ocrx_word' id='word_1_471' title='bbox 2505 1532 2722 1582; x_wconf 89' lang='lat' dir='ltr'><strong>constat</strong></span> <span class='ocrx_word' id='word_1_472' title='bbox 2751 1527 2798 1581; x_wconf 91' lang='lat' dir='ltr'><strong>ei</strong></span> <span class='ocrx_word' id='word_1_473' title='bbox 2831 1527 3188 1582; x_wconf 90' lang='lat' dir='ltr'><strong>succubuisse</strong></span> <span class='ocrx_word' id='word_1_474' title='bbox 3219 1526 3405 1581; x_wconf 88' lang='lat' dir='ltr'><strong>David.</strong></span> 
     </span>
    </p>
   </div>
   <div class='ocr_carea' id='block_1_74' title="bbox 2156 1614 3660 1684">
    <p class='ocr_par' dir='ltr' id='par_1_74' title="bbox 2156 1614 3660 1684">
     <span class='ocr_line' id='line_1_74' title="bbox 2156 1614 3660 1684; baseline -0.003 -12"><span class='ocrx_word' id='word_1_475' title='bbox 2156 1616 2261 1672; x_wconf 92' lang='lat' dir='ltr'><strong>Sed</strong></span> <span class='ocrx_word' id='word_1_476' title='bbox 2293 1623 2495 1683; x_wconf 88' lang='lat' dir='ltr'><strong>tamen,</strong></span> <span class='ocrx_word' id='word_1_477' title='bbox 2538 1623 2598 1670; x_wconf 91' lang='lat' dir='ltr'><strong>ut</strong></span> <span class='ocrx_word' id='word_1_478' title='bbox 2627 1615 2794 1682; x_wconf 88' lang='lat' dir='ltr'><strong>ﬂevit,</strong></span> <span class='ocrx_word' id='word_1_479' title='bbox 2827 1615 2955 1670; x_wconf 90' lang='lat' dir='ltr'><strong>ﬂetu</strong></span> <span class='ocrx_word' id='word_1_480' title='bbox 2995 1614 3176 1670; x_wconf 90' lang='lat' dir='ltr'><strong>scelus</strong></span> <span class='ocrx_word' id='word_1_481' title='bbox 3207 1628 3368 1670; x_wconf 92' lang='lat' dir='ltr'><strong>omne</strong></span> <span class='ocrx_word' id='word_1_482' title='bbox 3401 1615 3660 1684; x_wconf 89' lang='lat' dir='ltr'><strong>peremit,</strong></span> 
     </span>
    </p>
   </div>
   <div class='ocr_carea' id='block_1_75' title="bbox 2225 1703 3273 1770">
    <p class='ocr_par' dir='ltr' id='par_1_75' title="bbox 2225 1703 3273 1770">
     <span class='ocr_line' id='line_1_75' title="bbox 2225 1703 3273 1770; baseline -0.002 -10"><span class='ocrx_word' id='word_1_483' title='bbox 2225 1705 2382 1760; x_wconf 90' lang='lat' dir='ltr'><strong>Unde</strong></span> <span class='ocrx_word' id='word_1_484' title='bbox 2414 1705 2523 1760; x_wconf 88' lang='lat' dir='ltr'><strong>ruit</strong></span> <span class='ocrx_word' id='word_1_485' title='bbox 2555 1704 2752 1770; x_wconf 90' lang='lat' dir='ltr'><strong>victus,</strong></span> <span class='ocrx_word' id='word_1_486' title='bbox 2785 1703 2962 1758; x_wconf 91' lang='lat' dir='ltr'><strong>victor</strong></span> <span class='ocrx_word' id='word_1_487' title='bbox 2990 1717 3056 1759; x_wconf 94' lang='lat' dir='ltr'><strong>eo</strong></span> <span class='ocrx_word' id='word_1_488' title='bbox 3087 1703 3273 1758; x_wconf 89' lang='lat' dir='ltr'><strong>rediit.</strong></span> 
     </span>
    </p>
   </div>
   <div class='ocr_carea' id='block_1_76' title="bbox 2095 1791 3371 1863">
    <p class='ocr_par' dir='ltr' id='par_1_76' title="bbox 2095 1791 3371 1863">
     <span class='ocr_line' id='line_1_76' title="bbox 2095 1791 3371 1863; baseline -0.002 -14"><span class='ocrx_word' id='word_1_489' title='bbox 2095 1791 2253 1849; x_wconf 90' lang='lat' dir='ltr'><strong>Bllle</strong></span> <span class='ocrx_word' id='word_1_490' title='bbox 2283 1793 2629 1849; x_wconf 90' lang='lat' dir='ltr'><strong>Salomonem</strong></span> <span class='ocrx_word' id='word_1_491' title='bbox 2659 1807 2756 1848; x_wconf 90' lang='lat' dir='ltr'><strong>sua</strong></span> <span class='ocrx_word' id='word_1_492' title='bbox 2787 1806 2887 1848; x_wconf 91' lang='lat' dir='ltr'><strong>nec</strong></span> <span class='ocrx_word' id='word_1_493' title='bbox 2917 1793 3186 1862; x_wconf 90' lang='lat' dir='ltr'><strong>sapientia</strong></span> <span class='ocrx_word' id='word_1_494' title='bbox 3210 1792 3371 1863; x_wconf 90' lang='lat' dir='ltr'><strong>juvit,</strong></span> 
     </span>
    </p>
   </div>
   <div class='ocr_carea' id='block_1_77' title="bbox 2229 1881 3495 1951">
    <p class='ocr_par' dir='ltr' id='par_1_77' title="bbox 2229 1881 3495 1951">
     <span class='ocr_line' id='line_1_77' title="bbox 2229 1881 3495 1951; baseline -0.002 -14"><span class='ocrx_word' id='word_1_495' title='bbox 2229 1885 2339 1937; x_wconf 90' lang='lat' dir='ltr'><strong>Nec</strong></span> <span class='ocrx_word' id='word_1_496' title='bbox 2378 1883 2603 1937; x_wconf 91' lang='lat' dir='ltr'><strong>summis</strong></span> <span class='ocrx_word' id='word_1_497' title='bbox 2631 1882 2830 1950; x_wconf 91' lang='lat' dir='ltr'><strong>opibus</strong></span> <span class='ocrx_word' id='word_1_498' title='bbox 2860 1881 3044 1951; x_wconf 85' lang='lat' dir='ltr'><strong>regius</strong></span> <span class='ocrx_word' id='word_1_499' title='bbox 3073 1887 3267 1936; x_wconf 89' lang='lat' dir='ltr'><strong>auctus</strong></span> <span class='ocrx_word' id='word_1_500' title='bbox 3295 1881 3495 1945; x_wconf 89' lang='lat' dir='ltr'><strong>honor,</strong></span> 
     </span>
    </p>
   </div>
   <div class='ocr_carea' id='block_1_78' title="bbox 2158 1968 3670 2040">
    <p class='ocr_par' dir='ltr' id='par_1_78' title="bbox 2158 1968 3670 2040">
     <span class='ocr_line' id='line_1_78' title="bbox 2158 1968 3670 2040; baseline -0.002 -14"><span class='ocrx_word' id='word_1_501' title='bbox 2158 1972 2325 2038; x_wconf 91' lang='lat' dir='ltr'><strong>Quem</strong></span> <span class='ocrx_word' id='word_1_502' title='bbox 2357 1971 2576 2040; x_wconf 88' lang='lat' dir='ltr'><strong>penitus</strong></span> <span class='ocrx_word' id='word_1_503' title='bbox 2605 1969 2797 2024; x_wconf 90' lang='lat' dir='ltr'><strong>stravit</strong></span> <span class='ocrx_word' id='word_1_504' title='bbox 2829 1970 3110 2024; x_wconf 88' lang='lat' dir='ltr'><strong>consuetis</strong></span> <span class='ocrx_word' id='word_1_505' title='bbox 3138 1968 3424 2025; x_wconf 88' lang='lat' dir='ltr'><strong>fraudibus</strong></span> <span class='ocrx_word' id='word_1_506' title='bbox 3453 1969 3633 2025; x_wconf 87' lang='lat' dir='ltr'><strong>hostis</strong></span> <span class='ocrx_word' id='word_1_507' title='bbox 3658 1989 3670 2032; x_wconf 85' lang='lat'><strong>;</strong></span> 
     </span>
    </p>
   </div>
   <div class='ocr_carea' id='block_1_79' title="bbox 2229 2058 3552 2128">
    <p class='ocr_par' dir='ltr' id='par_1_79' title="bbox 2229 2058 3552 2128">
     <span class='ocr_line' id='line_1_79' title="bbox 2229 2058 3552 2128; baseline -0.002 -14"><span class='ocrx_word' id='word_1_508' title='bbox 2229 2061 2400 2114; x_wconf 90' lang='lat' dir='ltr'><strong>Causa</strong></span> <span class='ocrx_word' id='word_1_509' title='bbox 2431 2059 2578 2128; x_wconf 92' lang='lat' dir='ltr'><strong>quod</strong></span> <span class='ocrx_word' id='word_1_510' title='bbox 2614 2059 2717 2115; x_wconf 90' lang='lat' dir='ltr'><strong>iste</strong></span> <span class='ocrx_word' id='word_1_511' title='bbox 2757 2060 2869 2114; x_wconf 89' lang='lat' dir='ltr'><strong>ruit</strong></span> <span class='ocrx_word' id='word_1_512' title='bbox 2898 2058 3148 2128; x_wconf 91' lang='lat' dir='ltr'><strong>improba</strong></span> <span class='ocrx_word' id='word_1_513' title='bbox 3177 2059 3391 2114; x_wconf 90' lang='lat' dir='ltr'><strong>ﬂamma</strong></span> <span class='ocrx_word' id='word_1_514' title='bbox 3428 2058 3552 2114; x_wconf 86' lang='lat' dir='ltr'><strong>fuit.</strong></span> 
     </span>
    </p>
   </div>
   <div class='ocr_carea' id='block_1_80' title="bbox 2157 2146 3358 2218">
    <p class='ocr_par' dir='ltr' id='par_1_80' title="bbox 2157 2146 3358 2218">
     <span class='ocr_line' id='line_1_80' title="bbox 2157 2146 3358 2218; baseline 0.001 -16"><span class='ocrx_word' id='word_1_515' title='bbox 2157 2149 2201 2202; x_wconf 90' lang='grc' dir='ltr'><strong>Ο</strong></span> <span class='ocrx_word' id='word_1_516' title='bbox 2229 2148 2447 2217; x_wconf 87' lang='lat' dir='ltr'><strong>quoties</strong></span> <span class='ocrx_word' id='word_1_517' title='bbox 2483 2146 2681 2202; x_wconf 90' lang='lat' dir='ltr'><strong>studiis</strong></span> <span class='ocrx_word' id='word_1_518' title='bbox 2709 2161 2739 2202; x_wconf 92' lang='lat' dir='ltr'><strong>a</strong></span> <span class='ocrx_word' id='word_1_519' title='bbox 2771 2155 2823 2202; x_wconf 92' lang='lat' dir='ltr'><strong>te</strong></span> <span class='ocrx_word' id='word_1_520' title='bbox 2855 2155 3076 2216; x_wconf 91' lang='lat' dir='ltr'><strong>pastore</strong></span> <span class='ocrx_word' id='word_1_521' title='bbox 3107 2148 3358 2218; x_wconf 88' lang='lat' dir='ltr'><strong>malignis</strong></span> 
     </span>
    </p>
   </div>
   <div class='ocr_carea' id='block_1_81' title="bbox 2229 2235 3336 2306">
    <p class='ocr_par' dir='ltr' id='par_1_81' title="bbox 2229 2235 3336 2306">
     <span class='ocr_line' id='line_1_81' title="bbox 2229 2235 3336 2306; baseline -0.001 -15"><span class='ocrx_word' id='word_1_522' title='bbox 2229 2237 2491 2291; x_wconf 86' lang='lat' dir='ltr'><strong>Perderet</strong></span> <span class='ocrx_word' id='word_1_523' title='bbox 2529 2243 2590 2291; x_wconf 92' lang='lat' dir='ltr'><strong>ut</strong></span> <span class='ocrx_word' id='word_1_524' title='bbox 2628 2243 2813 2306; x_wconf 89' lang='lat' dir='ltr'><strong>captas</strong></span> <span class='ocrx_word' id='word_1_525' title='bbox 2843 2235 3157 2291; x_wconf 88' lang='lat' dir='ltr'><strong>sollicitavit</strong></span> <span class='ocrx_word' id='word_1_526' title='bbox 3191 2250 3336 2292; x_wconf 89' lang='lat' dir='ltr'><strong>oves.</strong></span> 
     </span>
    </p>
   </div>
   <div class='ocr_carea' id='block_1_82' title="bbox 2157 2325 3535 2395">
    <p class='ocr_par' dir='ltr' id='par_1_82' title="bbox 2157 2325 3535 2395">
     <span class='ocr_line' id='line_1_82' title="bbox 2157 2325 3535 2395; baseline -0.001 -14"><span class='ocrx_word' id='word_1_527' title='bbox 2157 2327 2200 2381; x_wconf 93' lang='grc' dir='ltr'><strong>Ο</strong></span> <span class='ocrx_word' id='word_1_528' title='bbox 2230 2327 2448 2395; x_wconf 88' lang='lat' dir='ltr'><strong>quoties</strong></span> <span class='ocrx_word' id='word_1_529' title='bbox 2477 2326 2705 2392; x_wconf 87' lang='lat' dir='ltr'><strong>animas,</strong></span> <span class='ocrx_word' id='word_1_530' title='bbox 2739 2339 2875 2395; x_wconf 91' lang='lat' dir='ltr'><strong>quas</strong></span> <span class='ocrx_word' id='word_1_531' title='bbox 2904 2325 3058 2380; x_wconf 89' lang='lat' dir='ltr'><strong>curia</strong></span> <span class='ocrx_word' id='word_1_532' title='bbox 3088 2325 3232 2381; x_wconf 89' lang='lat' dir='ltr'><strong>celsa</strong></span> <span class='ocrx_word' id='word_1_533' title='bbox 3263 2325 3535 2391; x_wconf 89' lang='lat' dir='ltr'><strong>manebat,</strong></span> 
     </span>
    </p>
   </div>
   <div class='ocr_carea' id='block_1_83' title="bbox 2227 2415 3334 2485">
    <p class='ocr_par' dir='ltr' id='par_1_83' title="bbox 2227 2415 3334 2485">
     <span class='ocr_line' id='line_1_83' title="bbox 2227 2415 3334 2485; baseline 0 -15"><span class='ocrx_word' id='word_1_534' title='bbox 2227 2417 2512 2470; x_wconf 87' lang='lat' dir='ltr'><strong>Tartareas</strong></span> <span class='ocrx_word' id='word_1_535' title='bbox 2541 2429 2715 2485; x_wconf 90' lang='lat' dir='ltr'><strong>usque</strong></span> <span class='ocrx_word' id='word_1_536' title='bbox 2746 2415 3112 2484; x_wconf 66' lang='lat' dir='ltr'><strong>prmcipitavit</strong></span> <span class='ocrx_word' id='word_1_537' title='bbox 3141 2429 3334 2484; x_wconf 88' lang='lat' dir='ltr'><strong>aquas.</strong></span> 
     </span>
    </p>
   </div>
   <div class='ocr_carea' id='block_1_84' title="bbox 2157 2503 3667 2573">
    <p class='ocr_par' dir='ltr' id='par_1_84' title="bbox 2157 2503 3667 2573">
     <span class='ocr_line' id='line_1_84' title="bbox 2157 2503 3667 2573; baseline -0.003 -12"><span class='ocrx_word' id='word_1_538' title='bbox 2157 2507 2200 2561; x_wconf 94' lang='grc' dir='ltr'>Ο</span> <span class='ocrx_word' id='word_1_539' title='bbox 2227 2505 2275 2560; x_wconf 89' lang='lat' dir='ltr'><strong>si</strong></span> <span class='ocrx_word' id='word_1_540' title='bbox 2310 2518 2455 2559; x_wconf 89' lang='lat' dir='ltr'><strong>nunc</strong></span> <span class='ocrx_word' id='word_1_541' title='bbox 2495 2503 2676 2570; x_wconf 78' lang='lat' dir='ltr'><strong>tellds,</strong></span> <span class='ocrx_word' id='word_1_542' title='bbox 2708 2517 2822 2571; x_wconf 87' lang='lat' dir='ltr'><strong>aer,</strong></span> <span class='ocrx_word' id='word_1_543' title='bbox 2863 2517 3032 2569; x_wconf 90' lang='lat' dir='ltr'><strong>mare,</strong></span> <span class='ocrx_word' id='word_1_544' title='bbox 3066 2510 3196 2559; x_wconf 89' lang='lat' dir='ltr'><strong>tunc</strong></span> <span class='ocrx_word' id='word_1_545' title='bbox 3227 2503 3374 2573; x_wconf 91' lang='lat' dir='ltr'><strong>quod</strong></span> <span class='ocrx_word' id='word_1_546' title='bbox 3406 2503 3667 2573; x_wconf 82' lang='lat' dir='ltr'><strong>Olympus</strong></span> 
     </span>
    </p>
   </div>
   <div class='ocr_carea' id='block_1_85' title="bbox 2228 2590 3392 2648">
    <p class='ocr_par' dir='ltr' id='par_1_85' title="bbox 2228 2590 3392 2648">
     <span class='ocr_line' id='line_1_85' title="bbox 2228 2590 3392 2648; baseline 0 -1"><span class='ocrx_word' id='word_1_547' title='bbox 2228 2593 2420 2648; x_wconf 89' lang='lat' dir='ltr'><strong>Posset</strong></span> <span class='ocrx_word' id='word_1_548' title='bbox 2450 2600 2509 2647; x_wconf 91' lang='lat' dir='ltr'><strong>ut</strong></span> <span class='ocrx_word' id='word_1_549' title='bbox 2540 2590 2786 2646; x_wconf 89' lang='lat' dir='ltr'><strong>infernus</strong></span> <span class='ocrx_word' id='word_1_550' title='bbox 2815 2592 2967 2647; x_wconf 92' lang='lat' dir='ltr'><strong>solus</strong></span> <span class='ocrx_word' id='word_1_551' title='bbox 2995 2591 3222 2646; x_wconf 88' lang='lat' dir='ltr'><strong>haberet</strong></span> <span class='ocrx_word' id='word_1_552' title='bbox 3252 2606 3392 2647; x_wconf 91' lang='lat' dir='ltr'><strong>eum.</strong></span> 
     </span>
    </p>
   </div>
   <div class='ocr_carea' id='block_1_86' title="bbox 2156 2680 3611 2750">
    <p class='ocr_par' dir='ltr' id='par_1_86' title="bbox 2156 2680 3611 2750">
     <span class='ocr_line' id='line_1_86' title="bbox 2156 2680 3611 2750; baseline -0.001 -14"><span class='ocrx_word' id='word_1_553' title='bbox 2156 2681 2496 2750; x_wconf 91' lang='lat' dir='ltr'><strong>Sulphureos</strong></span> <span class='ocrx_word' id='word_1_554' title='bbox 2526 2680 2738 2750; x_wconf 90' lang='lat' dir='ltr'><strong>lapides</strong></span> <span class='ocrx_word' id='word_1_555' title='bbox 2766 2681 2821 2734; x_wconf 93' lang='lat' dir='ltr'><strong>in</strong></span> <span class='ocrx_word' id='word_1_556' title='bbox 2862 2695 3022 2749; x_wconf 89' lang='lat' dir='ltr'><strong>quam</strong></span> <span class='ocrx_word' id='word_1_557' title='bbox 3044 2680 3328 2750; x_wconf 91' lang='lat' dir='ltr'><strong>jaculeris,</strong></span> <span class='ocrx_word' id='word_1_558' title='bbox 3370 2687 3425 2735; x_wconf 91' lang='lat' dir='ltr'><strong>et</strong></span> <span class='ocrx_word' id='word_1_559' title='bbox 3455 2680 3611 2750; x_wconf 89' lang='lat' dir='ltr'><strong>ignes</strong></span> 
     </span>
    </p>
   </div>
   <div class='ocr_carea' id='block_1_87' title="bbox 2228 2770 3296 2838">
    <p class='ocr_par' dir='ltr' id='par_1_87' title="bbox 2228 2770 3296 2838">
     <span class='ocr_line' id='line_1_87' title="bbox 2228 2770 3296 2838; baseline 0 -14"><span class='ocrx_word' id='word_1_560' title='bbox 2228 2771 2398 2838; x_wconf 87' lang='lat' dir='ltr'><strong>Impia</strong></span> <span class='ocrx_word' id='word_1_561' title='bbox 2428 2770 2723 2825; x_wconf 90' lang='lat' dir='ltr'><strong>Leviathan</strong></span> <span class='ocrx_word' id='word_1_562' title='bbox 2763 2770 2979 2825; x_wconf 91' lang='lat' dir='ltr'><strong>mittere</strong></span> <span class='ocrx_word' id='word_1_563' title='bbox 3020 2770 3126 2825; x_wconf 91' lang='lat' dir='ltr'><strong>tela</strong></span> <span class='ocrx_word' id='word_1_564' title='bbox 3157 2778 3296 2825; x_wconf 87' lang='lat' dir='ltr'><strong>veta.</strong></span> 
     </span>
    </p>
   </div>
   <div class='ocr_carea' id='block_1_88' title="bbox 2159 2857 3583 2928">
    <p class='ocr_par' dir='ltr' id='par_1_88' title="bbox 2159 2857 3583 2928">
     <span class='ocr_line' id='line_1_88' title="bbox 2159 2857 3583 2928; baseline 0 -16"><span class='ocrx_word' id='word_1_565' title='bbox 2159 2859 2331 2928; x_wconf 86' lang='lat' dir='ltr'><strong>Hujus</strong></span> <span class='ocrx_word' id='word_1_566' title='bbox 2359 2865 2414 2914; x_wconf 92' lang='lat' dir='ltr'><strong>et</strong></span> <span class='ocrx_word' id='word_1_567' title='bbox 2445 2858 2703 2914; x_wconf 91' lang='lat' dir='ltr'><strong>infestant</strong></span> <span class='ocrx_word' id='word_1_568' title='bbox 2732 2859 2929 2928; x_wconf 90' lang='lat' dir='ltr'><strong>capitis</strong></span> <span class='ocrx_word' id='word_1_569' title='bbox 2959 2858 3290 2928; x_wconf 89' lang='lat' dir='ltr'><strong>nequissima</strong></span> <span class='ocrx_word' id='word_1_570' title='bbox 3321 2857 3583 2922; x_wconf 87' lang='lat' dir='ltr'><strong>membra,</strong></span> 
     </span>
    </p>
   </div>
   <div class='ocr_carea' id='block_1_89' title="bbox 2230 2946 3656 3018">
    <p class='ocr_par' dir='ltr' id='par_1_89' title="bbox 2230 2946 3656 3018">
     <span class='ocr_line' id='line_1_89' title="bbox 2230 2946 3656 3018; baseline -0.001 -17"><span class='ocrx_word' id='word_1_571' title='bbox 2230 2948 2336 3003; x_wconf 89' lang='lat' dir='ltr'><strong>Sed</strong></span> <span class='ocrx_word' id='word_1_572' title='bbox 2367 2947 2652 3018; x_wconf 87' lang='lat' dir='ltr'><strong>confringe</strong></span> <span class='ocrx_word' id='word_1_573' title='bbox 2684 2953 2868 3018; x_wconf 88' lang='lat' dir='ltr'><strong>caput,</strong></span> <span class='ocrx_word' id='word_1_574' title='bbox 2901 2948 3142 3002; x_wconf 90' lang='lat' dir='ltr'><strong>membra</strong></span> <span class='ocrx_word' id='word_1_575' title='bbox 3172 2953 3399 3016; x_wconf 89' lang='lat' dir='ltr'><strong>repente</strong></span> <span class='ocrx_word' id='word_1_576' title='bbox 3430 2946 3656 3002; x_wconf 87' lang='lat' dir='ltr'><strong>cadunt.</strong></span> 
     </span>
    </p>
   </div>
   <div class='ocr_carea' id='block_1_90' title="bbox 2153 3035 3408 3106">
    <p class='ocr_par' dir='ltr' id='par_1_90' title="bbox 2153 3035 3408 3106">
     <span class='ocr_line' id='line_1_90' title="bbox 2153 3035 3408 3106; baseline -0.001 -14"><span class='ocrx_word' id='word_1_577' title='bbox 2153 3038 2270 3092; x_wconf 80' lang='lat' dir='ltr'><strong>Jam</strong></span> <span class='ocrx_word' id='word_1_578' title='bbox 2311 3035 2505 3092; x_wconf 91' lang='lat' dir='ltr'><strong>dedice</strong></span> <span class='ocrx_word' id='word_1_579' title='bbox 2535 3051 2672 3106; x_wconf 90' lang='lat' dir='ltr'><strong>puer</strong></span> <span class='ocrx_word' id='word_1_580' title='bbox 2710 3036 2943 3106; x_wconf 90' lang='lat' dir='ltr'><strong>puerilia</strong></span> <span class='ocrx_word' id='word_1_581' title='bbox 2971 3037 3156 3102; x_wconf 87' lang='lat' dir='ltr'><strong>verba,</strong></span> <span class='ocrx_word' id='word_1_582' title='bbox 3189 3036 3408 3105; x_wconf 90' lang='lat' dir='ltr'><strong>tuisque</strong></span> 
     </span>
    </p>
   </div>
   <div class='ocr_carea' id='block_1_91' title="bbox 2096 3123 3553 3196">
    <p class='ocr_par' dir='ltr' id='par_1_91' title="bbox 2096 3123 3553 3196">
     <span class='ocr_line' id='line_1_91' title="bbox 2096 3123 3553 3196; baseline -0.001 -15"><span class='ocrx_word' id='word_1_583' title='bbox 2096 3125 2307 3190; x_wconf 82' lang='lat' dir='ltr'><strong>GPone</strong></span> <span class='ocrx_word' id='word_1_584' title='bbox 2345 3126 2567 3182; x_wconf 90' lang='lat' dir='ltr'><strong>modum</strong></span> <span class='ocrx_word' id='word_1_585' title='bbox 2606 3127 2804 3196; x_wconf 90' lang='lat' dir='ltr'><strong>nugis;</strong></span> <span class='ocrx_word' id='word_1_586' title='bbox 2848 3132 2940 3180; x_wconf 89' lang='lat' dir='ltr'><strong>tua</strong></span> <span class='ocrx_word' id='word_1_587' title='bbox 2971 3131 3092 3180; x_wconf 90' lang='lat' dir='ltr'><strong>vota</strong></span> <span class='ocrx_word' id='word_1_588' title='bbox 3130 3124 3350 3180; x_wconf 90' lang='lat' dir='ltr'><strong>silentia</strong></span> <span class='ocrx_word' id='word_1_589' title='bbox 3387 3123 3553 3195; x_wconf 85' lang='lat' dir='ltr'><strong>longa</strong></span> 
     </span>
    </p>
   </div>
   <div class='ocr_carea' id='block_1_92' title="bbox 2158 3213 3690 3270">
    <p class='ocr_par' dir='ltr' id='par_1_92' title="bbox 2158 3213 3690 3270">
     <span class='ocr_line' id='line_1_92' title="bbox 2158 3213 3690 3270; baseline -0.002 0"><span class='ocrx_word' id='word_1_590' title='bbox 2158 3217 2400 3270; x_wconf 89' lang='lat' dir='ltr'><strong>Poscunt</strong></span> <span class='ocrx_word' id='word_1_591' title='bbox 2432 3235 2444 3270; x_wconf 87' lang='lat'><strong>:</strong></span> <span class='ocrx_word' id='word_1_592' title='bbox 2487 3213 2572 3270; x_wconf 87' lang='lat' dir='ltr'><strong>fac</strong></span> <span class='ocrx_word' id='word_1_593' title='bbox 2600 3213 2810 3268; x_wconf 92' lang='lat' dir='ltr'><strong>silens:</strong></span> <span class='ocrx_word' id='word_1_594' title='bbox 2847 3213 3054 3269; x_wconf 92' lang='lat' dir='ltr'><strong>nullum</strong></span> <span class='ocrx_word' id='word_1_595' title='bbox 3086 3214 3238 3268; x_wconf 89' lang='lat' dir='ltr'><strong>dabit</strong></span> <span class='ocrx_word' id='word_1_596' title='bbox 3267 3213 3690 3269; x_wconf 83' lang='lat' dir='ltr'><strong>emolumentum</strong></span> 
     </span>
    </p>
   </div>
   <div class='ocr_carea' id='block_1_93' title="bbox 2158 3303 3294 3374">
    <p class='ocr_par' dir='ltr' id='par_1_93' title="bbox 2158 3303 3294 3374">
     <span class='ocr_line' id='line_1_93' title="bbox 2158 3303 3294 3374; baseline -0.001 -15"><span class='ocrx_word' id='word_1_597' title='bbox 2158 3304 2326 3374; x_wconf 88' lang='lat' dir='ltr'><strong>Copia</strong></span> <span class='ocrx_word' id='word_1_598' title='bbox 2355 3303 2578 3359; x_wconf 92' lang='lat' dir='ltr'><strong>dicendi</strong></span> <span class='ocrx_word' id='word_1_599' title='bbox 2611 3317 2792 3358; x_wconf 92' lang='lat' dir='ltr'><strong>rerum</strong></span> <span class='ocrx_word' id='word_1_600' title='bbox 2817 3303 3034 3372; x_wconf 87' lang='lat' dir='ltr'><strong>jactura</strong></span> <span class='ocrx_word' id='word_1_601' title='bbox 3062 3309 3294 3358; x_wconf 88' lang='lat' dir='ltr'><strong>tuarum.</strong></span> 
     </span>
    </p>
   </div>
   <div class='ocr_carea' id='block_1_94' title="bbox 2158 3391 3678 3463">
    <p class='ocr_par' dir='ltr' id='par_1_94' title="bbox 2158 3391 3678 3463">
     <span class='ocr_line' id='line_1_94' title="bbox 2158 3391 3678 3463; baseline -0.003 -15"><span class='ocrx_word' id='word_1_602' title='bbox 2158 3393 2323 3463; x_wconf 83' lang='lat' dir='ltr'><strong>Regis</strong></span> <span class='ocrx_word' id='word_1_603' title='bbox 2350 3393 2520 3448; x_wconf 89' lang='lat' dir='ltr'><strong>habes</strong></span> <span class='ocrx_word' id='word_1_604' title='bbox 2548 3393 2806 3458; x_wconf 91' lang='lat' dir='ltr'><strong>animum,</strong></span> <span class='ocrx_word' id='word_1_605' title='bbox 2842 3407 2944 3448; x_wconf 88' lang='lat' dir='ltr'><strong>nec</strong></span> <span class='ocrx_word' id='word_1_606' title='bbox 2973 3393 3041 3448; x_wconf 90' lang='lat' dir='ltr'><strong>ab</strong></span> <span class='ocrx_word' id='word_1_607' title='bbox 3073 3393 3323 3448; x_wconf 89' lang='lat' dir='ltr'><strong>hostibus</strong></span> <span class='ocrx_word' id='word_1_608' title='bbox 3348 3399 3406 3446; x_wconf 91' lang='lat' dir='ltr'><strong>ut</strong></span> <span class='ocrx_word' id='word_1_609' title='bbox 3435 3391 3678 3448; x_wconf 91' lang='lat' dir='ltr'><strong>violeris.</strong></span> 
     </span>
    </p>
   </div>
   <div class='ocr_carea' id='block_1_95' title="bbox 2157 3482 3581 3552">
    <p class='ocr_par' dir='ltr' id='par_1_95' title="bbox 2157 3482 3581 3552">
     <span class='ocr_line' id='line_1_95' title="bbox 2157 3482 3581 3552; baseline 0 -15"><span class='ocrx_word' id='word_1_610' title='bbox 2157 3483 2431 3538; x_wconf 87' lang='lat' dir='ltr'><strong>Momento</strong></span> <span class='ocrx_word' id='word_1_611' title='bbox 2463 3482 2690 3552; x_wconf 91' lang='lat' dir='ltr'><strong>pateris,</strong></span> <span class='ocrx_word' id='word_1_612' title='bbox 2723 3482 2822 3537; x_wconf 91' lang='lat' dir='ltr'><strong>tibi</strong></span> <span class='ocrx_word' id='word_1_613' title='bbox 2849 3482 2960 3552; x_wconf 92' lang='lat' dir='ltr'><strong>jus,</strong></span> <span class='ocrx_word' id='word_1_614' title='bbox 2994 3482 3363 3552; x_wconf 90' lang='lat' dir='ltr'><strong>quodcunque</strong></span> <span class='ocrx_word' id='word_1_615' title='bbox 3392 3482 3581 3548; x_wconf 89' lang='lat' dir='ltr'><strong>licere,</strong></span> 
     </span>
    </p>
   </div>
   <div class='ocr_carea' id='block_1_96' title="bbox 2159 3570 3467 3640">
    <p class='ocr_par' dir='ltr' id='par_1_96' title="bbox 2159 3570 3467 3640">
     <span class='ocr_line' id='line_1_96' title="bbox 2159 3570 3467 3640; baseline 0 -14"><span class='ocrx_word' id='word_1_616' title='bbox 2159 3573 2217 3626; x_wconf 91' lang='lat' dir='ltr'><strong>In</strong></span> <span class='ocrx_word' id='word_1_617' title='bbox 2249 3579 2301 3626; x_wconf 89' lang='lat' dir='ltr'><strong>te</strong></span> <span class='ocrx_word' id='word_1_618' title='bbox 2331 3572 2512 3639; x_wconf 91' lang='lat' dir='ltr'><strong>nobis,</strong></span> <span class='ocrx_word' id='word_1_619' title='bbox 2546 3572 2651 3628; x_wconf 92' lang='lat' dir='ltr'><strong>hoc</strong></span> <span class='ocrx_word' id='word_1_620' title='bbox 2683 3585 2838 3627; x_wconf 90' lang='lat' dir='ltr'><strong>amor</strong></span> <span class='ocrx_word' id='word_1_621' title='bbox 2867 3570 3054 3638; x_wconf 87' lang='lat' dir='ltr'><strong>efﬁcit,</strong></span> <span class='ocrx_word' id='word_1_622' title='bbox 3090 3572 3195 3628; x_wconf 89' lang='lat' dir='ltr'><strong>hoc</strong></span> <span class='ocrx_word' id='word_1_623' title='bbox 3226 3577 3467 3640; x_wconf 88' lang='lat' dir='ltr'><strong>optatur,</strong></span> 
     </span>
    </p>
   </div>
   <div class='ocr_carea' id='block_1_97' title="bbox 2157 3659 3444 3728">
    <p class='ocr_par' dir='ltr' id='par_1_97' title="bbox 2157 3659 3444 3728">
     <span class='ocr_line' id='line_1_97' title="bbox 2157 3659 3444 3728; baseline 0.002 -15"><span class='ocrx_word' id='word_1_624' title='bbox 2157 3659 2252 3715; x_wconf 90' lang='lat' dir='ltr'><strong>llle</strong></span> <span class='ocrx_word' id='word_1_625' title='bbox 2284 3662 2362 3715; x_wconf 91' lang='lat' dir='ltr'><strong>tui</strong></span> <span class='ocrx_word' id='word_1_626' title='bbox 2401 3661 2621 3716; x_wconf 91' lang='lat' dir='ltr'><strong>nimius.</strong></span> <span class='ocrx_word' id='word_1_627' title='bbox 2655 3661 2794 3728; x_wconf 91' lang='lat' dir='ltr'><strong>Quid</strong></span> <span class='ocrx_word' id='word_1_628' title='bbox 2825 3661 2971 3716; x_wconf 92' lang='lat' dir='ltr'><strong>enim</strong></span> <span class='ocrx_word' id='word_1_629' title='bbox 3010 3661 3258 3716; x_wconf 90' lang='lat' dir='ltr'><strong>mirabile</strong></span> <span class='ocrx_word' id='word_1_630' title='bbox 3288 3661 3444 3716; x_wconf 87' lang='lat' dir='ltr'><strong>ducis</strong></span> 
     </span>
    </p>
   </div>
   <div class='ocr_carea' id='block_1_98' title="bbox 2159 3749 3665 3820">
    <p class='ocr_par' dir='ltr' id='par_1_98' title="bbox 2159 3749 3665 3820">
     <span class='ocr_line' id='line_1_98' title="bbox 2159 3749 3665 3820; baseline -0.001 -17"><span class='ocrx_word' id='word_1_631' title='bbox 2159 3749 2335 3804; x_wconf 91' lang='lat' dir='ltr'><strong>Edere</strong></span> <span class='ocrx_word' id='word_1_632' title='bbox 2376 3764 2538 3819; x_wconf 90' lang='lat' dir='ltr'><strong>prava</strong></span> <span class='ocrx_word' id='word_1_633' title='bbox 2579 3749 2788 3815; x_wconf 90' lang='lat' dir='ltr'><strong>malos;</strong></span> <span class='ocrx_word' id='word_1_634' title='bbox 2833 3749 3036 3805; x_wconf 88' lang='lat' dir='ltr'><strong>inferre</strong></span> <span class='ocrx_word' id='word_1_635' title='bbox 3075 3750 3310 3820; x_wconf 88' lang='lat' dir='ltr'><strong>maligna</strong></span> <span class='ocrx_word' id='word_1_636' title='bbox 3346 3749 3665 3819; x_wconf 84' lang='lat' dir='ltr'><strong>malignos?</strong></span> 
     </span>
    </p>
   </div>
   <div class='ocr_carea' id='block_1_99' title="bbox 2155 3838 3508 3908">
    <p class='ocr_par' dir='ltr' id='par_1_99' title="bbox 2155 3838 3508 3908">
     <span class='ocr_line' id='line_1_99' title="bbox 2155 3838 3508 3908; baseline 0.001 -15"><span class='ocrx_word' id='word_1_637' title='bbox 2155 3840 2321 3894; x_wconf 88' lang='lat' dir='ltr'><strong>Estne</strong></span> <span class='ocrx_word' id='word_1_638' title='bbox 2350 3839 2471 3893; x_wconf 89' lang='lat' dir='ltr'><strong>navi</strong></span> <span class='ocrx_word' id='word_1_639' title='bbox 2511 3839 2828 3908; x_wconf 89' lang='lat' dir='ltr'><strong>quidquam,</strong></span> <span class='ocrx_word' id='word_1_640' title='bbox 2862 3839 2908 3894; x_wconf 91' lang='lat' dir='ltr'><strong>si</strong></span> <span class='ocrx_word' id='word_1_641' title='bbox 2940 3838 3171 3894; x_wconf 88' lang='lat' dir='ltr'><strong>callidus</strong></span> <span class='ocrx_word' id='word_1_642' title='bbox 3200 3839 3508 3904; x_wconf 87' lang='lat' dir='ltr'><strong>insidiatur,</strong></span> 
     </span>
    </p>
   </div>
   <div class='ocr_carea' id='block_1_100' title="bbox 2155 3927 3619 3998">
    <p class='ocr_par' dir='ltr' id='par_1_100' title="bbox 2155 3927 3619 3998">
     <span class='ocr_line' id='line_1_100' title="bbox 2155 3927 3619 3998; baseline 0 -16"><span class='ocrx_word' id='word_1_643' title='bbox 2155 3927 2339 3983; x_wconf 85' lang='lat' dir='ltr'><strong>Hostis</strong></span> <span class='ocrx_word' id='word_1_644' title='bbox 2377 3928 2753 3998; x_wconf 90' lang='lat' dir='ltr'><strong>prosequitur,</strong></span> <span class='ocrx_word' id='word_1_645' title='bbox 2785 3933 2950 3984; x_wconf 87' lang='lat' dir='ltr'><strong>nocet</strong></span> <span class='ocrx_word' id='word_1_646' title='bbox 2978 3928 3365 3984; x_wconf 81' lang='lat' dir='ltr'><strong>adversarius?</strong></span> <span class='ocrx_word' id='word_1_647' title='bbox 3399 3943 3467 3984; x_wconf 90' lang='lat' dir='ltr'><strong>an</strong></span> <span class='ocrx_word' id='word_1_648' title='bbox 3508 3942 3619 3984; x_wconf 92' lang='lat' dir='ltr'><strong>non</strong></span> 
     </span>
    </p>
   </div>
   <div class='ocr_carea' id='block_1_101' title="bbox 2153 4015 3406 4087">
    <p class='ocr_par' dir='ltr' id='par_1_101' title="bbox 2153 4015 3406 4087">
     <span class='ocr_line' id='line_1_101' title="bbox 2153 4015 3406 4087; baseline 0 -15"><span class='ocrx_word' id='word_1_649' title='bbox 2153 4016 2324 4072; x_wconf 88' lang='lat' dir='ltr'><strong>Filius</strong></span> <span class='ocrx_word' id='word_1_650' title='bbox 2362 4015 2608 4083; x_wconf 78' lang='lat' dir='ltr'><strong>offendit,</strong></span> <span class='ocrx_word' id='word_1_651' title='bbox 2642 4031 2832 4073; x_wconf 90' lang='lat' dir='ltr'><strong>servus</strong></span> <span class='ocrx_word' id='word_1_652' title='bbox 2870 4016 3164 4087; x_wconf 89' lang='lat' dir='ltr'><strong>delinquit,</strong></span> <span class='ocrx_word' id='word_1_653' title='bbox 3198 4018 3406 4074; x_wconf 91' lang='lat' dir='ltr'><strong>amicus</strong></span> 
     </span>
    </p>
   </div>
   <div class='ocr_carea' id='block_1_102' title="bbox 2154 4105 3390 4177">
    <p class='ocr_par' dir='ltr' id='par_1_102' title="bbox 2154 4105 3390 4177">
     <span class='ocr_line' id='line_1_102' title="bbox 2154 4105 3390 4177; baseline 0.001 -16"><span class='ocrx_word' id='word_1_654' title='bbox 2154 4105 2420 4162; x_wconf 88' lang='lat' dir='ltr'><strong>Labitur?</strong></span> <span class='ocrx_word' id='word_1_655' title='bbox 2449 4107 2684 4162; x_wconf 89' lang='lat' dir='ltr'><strong>humana</strong></span> <span class='ocrx_word' id='word_1_656' title='bbox 2716 4120 2937 4176; x_wconf 92' lang='lat' dir='ltr'><strong>pravos,</strong></span> <span class='ocrx_word' id='word_1_657' title='bbox 2977 4113 3032 4163; x_wconf 89' lang='lat' dir='ltr'><strong>et</strong></span> <span class='ocrx_word' id='word_1_658' title='bbox 3062 4107 3390 4177; x_wconf 91' lang='lat' dir='ltr'><strong>perﬁdiosos</strong></span> 
     </span>
    </p>
   </div>
   <div class='ocr_carea' id='block_1_103' title="bbox 2155 4197 3510 4266">
    <p class='ocr_par' dir='ltr' id='par_1_103' title="bbox 2155 4197 3510 4266">
     <span class='ocr_line' id='line_1_103' title="bbox 2155 4197 3510 4266; baseline 0.001 -16"><span class='ocrx_word' id='word_1_659' title='bbox 2155 4197 2281 4251; x_wconf 86' lang='lat' dir='ltr'><strong>Fert</strong></span> <span class='ocrx_word' id='word_1_660' title='bbox 2317 4202 2509 4252; x_wconf 89' lang='lat' dir='ltr'><strong>natura</strong></span> <span class='ocrx_word' id='word_1_661' title='bbox 2544 4217 2556 4252; x_wconf 91' lang='lat'><strong>:</strong></span> <span class='ocrx_word' id='word_1_662' title='bbox 2591 4197 2720 4252; x_wconf 88' lang='lat' dir='ltr'><strong>licet</strong></span> <span class='ocrx_word' id='word_1_663' title='bbox 2749 4202 2978 4264; x_wconf 89' lang='lat' dir='ltr'><strong>metuas,</strong></span> <span class='ocrx_word' id='word_1_664' title='bbox 3012 4197 3238 4266; x_wconf 86' lang='lat' dir='ltr'><strong>patiaris</strong></span> <span class='ocrx_word' id='word_1_665' title='bbox 3268 4202 3510 4266; x_wconf 81' lang='lat' dir='ltr'><strong>Oportet,</strong></span> 
     </span>
    </p>
   </div>
   <div class='ocr_carea' id='block_1_104' title="bbox 2151 4284 3652 4357">
    <p class='ocr_par' dir='ltr' id='par_1_104' title="bbox 2151 4284 3652 4357">
     <span class='ocr_line' id='line_1_104' title="bbox 2151 4284 3652 4357; baseline -0.001 -18"><span class='ocrx_word' id='word_1_666' title='bbox 2151 4284 2306 4352; x_wconf 93' lang='lat' dir='ltr'><strong>Quod</strong></span> <span class='ocrx_word' id='word_1_667' title='bbox 2337 4285 2536 4341; x_wconf 90' lang='lat' dir='ltr'><strong>metuis</strong></span> <span class='ocrx_word' id='word_1_668' title='bbox 2566 4300 2828 4355; x_wconf 90' lang='lat' dir='ltr'><strong>pugnare,</strong></span> <span class='ocrx_word' id='word_1_669' title='bbox 2870 4286 2972 4341; x_wconf 90' lang='lat' dir='ltr'><strong>tibi</strong></span> <span class='ocrx_word' id='word_1_670' title='bbox 3012 4300 3256 4357; x_wconf 89' lang='lat' dir='ltr'><strong>pugnare</strong></span> <span class='ocrx_word' id='word_1_671' title='bbox 3288 4300 3515 4342; x_wconf 89' lang='lat' dir='ltr'><strong>necesse</strong></span> <span class='ocrx_word' id='word_1_672' title='bbox 3545 4293 3652 4342; x_wconf 88' lang='lat' dir='ltr'><strong>est.</strong></span> 
     </span>
    </p>
   </div>
   <div class='ocr_carea' id='block_1_105' title="bbox 2153 4371 3598 4446">
    <p class='ocr_par' dir='ltr' id='par_1_105' title="bbox 2153 4371 3598 4446">
     <span class='ocr_line' id='line_1_105' title="bbox 2153 4371 3598 4446; baseline 0.001 -18"><span class='ocrx_word' id='word_1_673' title='bbox 2153 4371 2362 4429; x_wconf 86' lang='lat' dir='ltr'><strong>Felices</strong></span> <span class='ocrx_word' id='word_1_674' title='bbox 2391 4373 2511 4429; x_wconf 64' lang='lat' dir='ltr'><strong>haac</strong></span> <span class='ocrx_word' id='word_1_675' title='bbox 2540 4386 2721 4444; x_wconf 90' lang='lat' dir='ltr'><strong>pugna</strong></span> <span class='ocrx_word' id='word_1_676' title='bbox 2750 4375 2904 4441; x_wconf 90' lang='lat' dir='ltr'><strong>citat,</strong></span> <span class='ocrx_word' id='word_1_677' title='bbox 2945 4375 3285 4446; x_wconf 89' lang='lat' dir='ltr'><strong>miserosque</strong></span> <span class='ocrx_word' id='word_1_678' title='bbox 3315 4380 3598 4445; x_wconf 87' lang='lat' dir='ltr'><strong>perurget.</strong></span> 
     </span>
    </p>
   </div>
   <div class='ocr_carea' id='block_1_106' title="bbox 1966 4459 3462 4534">
    <p class='ocr_par' dir='ltr' id='par_1_106' title="bbox 1966 4459 3462 4534">
     <span class='ocr_line' id='line_1_106' title="bbox 1966 4459 3462 4534; baseline 0.002 -17"><span class='ocrx_word' id='word_1_679' title='bbox 1966 4524 1974 4531; x_wconf 49' lang='grc'><em>,</em></span> <span class='ocrx_word' id='word_1_680' title='bbox 2080 4459 2128 4516; x_wconf 92' lang='lat' dir='ltr'><strong>D</strong></span> <span class='ocrx_word' id='word_1_681' title='bbox 2150 4463 2480 4533; x_wconf 91' lang='lat' dir='ltr'><strong>Aggreditur</strong></span> <span class='ocrx_word' id='word_1_682' title='bbox 2516 4477 2695 4534; x_wconf 86' lang='lat' dir='ltr'><strong>reges,</strong></span> <span class='ocrx_word' id='word_1_683' title='bbox 2728 4471 2783 4518; x_wconf 90' lang='lat' dir='ltr'><strong>et</strong></span> <span class='ocrx_word' id='word_1_684' title='bbox 2809 4463 3002 4534; x_wconf 89' lang='lat' dir='ltr'><strong>vulgus</strong></span> <span class='ocrx_word' id='word_1_685' title='bbox 3030 4465 3191 4520; x_wconf 90' lang='lat' dir='ltr'><strong>inane</strong></span> <span class='ocrx_word' id='word_1_686' title='bbox 3222 4465 3462 4520; x_wconf 90' lang='lat' dir='ltr'><strong>lacessit.</strong></span> 
     </span>
    </p>
   </div>
   <div class='ocr_carea' id='block_1_107' title="bbox 2151 4553 3407 4623">
    <p class='ocr_par' dir='ltr' id='par_1_107' title="bbox 2151 4553 3407 4623">
     <span class='ocr_line' id='line_1_107' title="bbox 2151 4553 3407 4623; baseline 0.002 -16"><span class='ocrx_word' id='word_1_687' title='bbox 2151 4553 2448 4623; x_wconf 88' lang='lat' dir='ltr'><strong>Exceptum</strong></span> <span class='ocrx_word' id='word_1_688' title='bbox 2489 4553 2695 4608; x_wconf 91' lang='lat' dir='ltr'><strong>nullum</strong></span> <span class='ocrx_word' id='word_1_689' title='bbox 2735 4555 2960 4623; x_wconf 90' lang='lat' dir='ltr'><strong>patitur,</strong></span> <span class='ocrx_word' id='word_1_690' title='bbox 2993 4554 3220 4610; x_wconf 88' lang='lat' dir='ltr'><strong>victoria</strong></span> <span class='ocrx_word' id='word_1_691' title='bbox 3252 4555 3407 4610; x_wconf 89' lang='lat' dir='ltr'><strong>litem</strong></span> 
     </span>
    </p>
   </div>
   <div class='ocr_carea' id='block_1_108' title="bbox 2153 4642 3674 4714">
    <p class='ocr_par' dir='ltr' id='par_1_108' title="bbox 2153 4642 3674 4714">
     <span class='ocr_line' id='line_1_108' title="bbox 2153 4642 3674 4714; baseline 0.001 -18"><span class='ocrx_word' id='word_1_692' title='bbox 2153 4642 2304 4697; x_wconf 86' lang='lat' dir='ltr'><strong>Hanc</strong></span> <span class='ocrx_word' id='word_1_693' title='bbox 2342 4642 2583 4709; x_wconf 90' lang='lat' dir='ltr'><strong>dirimet,</strong></span> <span class='ocrx_word' id='word_1_694' title='bbox 2614 4643 2830 4698; x_wconf 91' lang='lat' dir='ltr'><strong>sedabit</strong></span> <span class='ocrx_word' id='word_1_695' title='bbox 2861 4650 2916 4699; x_wconf 92' lang='lat' dir='ltr'><strong>et</strong></span> <span class='ocrx_word' id='word_1_696' title='bbox 2945 4643 3092 4699; x_wconf 90' lang='lat' dir='ltr'><strong>hunc</strong></span> <span class='ocrx_word' id='word_1_697' title='bbox 3121 4658 3375 4714; x_wconf 92' lang='lat' dir='ltr'><strong>suprema</strong></span> <span class='ocrx_word' id='word_1_698' title='bbox 3405 4643 3674 4700; x_wconf 88' lang='lat' dir='ltr'><strong>furorem.</strong></span> 
     </span>
    </p>
   </div>
   <div class='ocr_carea' id='block_1_109' title="bbox 2150 4731 3576 4804">
    <p class='ocr_par' dir='ltr' id='par_1_109' title="bbox 2150 4731 3576 4804">
     <span class='ocr_line' id='line_1_109' title="bbox 2150 4731 3576 4804; baseline 0.002 -19"><span class='ocrx_word' id='word_1_699' title='bbox 2150 4732 2228 4786; x_wconf 89' lang='lat' dir='ltr'><strong>Ne</strong></span> <span class='ocrx_word' id='word_1_700' title='bbox 2257 4731 2468 4799; x_wconf 91' lang='lat' dir='ltr'><strong>timeas,</strong></span> <span class='ocrx_word' id='word_1_701' title='bbox 2502 4746 2570 4788; x_wconf 92' lang='lat' dir='ltr'><strong>ne</strong></span> <span class='ocrx_word' id='word_1_702' title='bbox 2599 4731 2882 4799; x_wconf 90' lang='lat' dir='ltr'><strong>formides,</strong></span> <span class='ocrx_word' id='word_1_703' title='bbox 2917 4747 2985 4788; x_wconf 93' lang='lat' dir='ltr'><strong>ne</strong></span> <span class='ocrx_word' id='word_1_704' title='bbox 3016 4732 3180 4800; x_wconf 89' lang='lat' dir='ltr'><strong>forte,</strong></span> <span class='ocrx_word' id='word_1_705' title='bbox 3215 4733 3363 4804; x_wconf 91' lang='lat' dir='ltr'><strong>quod</strong></span> <span class='ocrx_word' id='word_1_706' title='bbox 3395 4734 3538 4789; x_wconf 91' lang='lat' dir='ltr'><strong>absit</strong></span> <span class='ocrx_word' id='word_1_707' title='bbox 3565 4741 3576 4788; x_wconf 91' lang='lat'><strong>!</strong></span> 
     </span>
    </p>
   </div>
   <div class='ocr_carea' id='block_1_110' title="bbox 2149 4820 3488 4892">
    <p class='ocr_par' dir='ltr' id='par_1_110' title="bbox 2149 4820 3488 4892">
     <span class='ocr_line' id='line_1_110' title="bbox 2149 4820 3488 4892; baseline 0.002 -18"><span class='ocrx_word' id='word_1_708' title='bbox 2149 4820 2437 4889; x_wconf 91' lang='lat' dir='ltr'><strong>Desperes,</strong></span> <span class='ocrx_word' id='word_1_709' title='bbox 2471 4822 2699 4891; x_wconf 90' lang='lat' dir='ltr'><strong>poteris,</strong></span> <span class='ocrx_word' id='word_1_710' title='bbox 2733 4823 2942 4891; x_wconf 89' lang='lat' dir='ltr'><strong>poteris</strong></span> <span class='ocrx_word' id='word_1_711' title='bbox 2972 4836 3228 4892; x_wconf 86' lang='lat' dir='ltr'><strong>reparare</strong></span> <span class='ocrx_word' id='word_1_712' title='bbox 3257 4823 3488 4878; x_wconf 89' lang='lat' dir='ltr'><strong>salutem</strong></span> 
     </span>
    </p>
   </div>
   <div class='ocr_carea' id='block_1_111' title="bbox 2150 4910 3636 4980">
    <p class='ocr_par' dir='ltr' id='par_1_111' title="bbox 2150 4910 3636 4980">
     <span class='ocr_line' id='line_1_111' title="bbox 2150 4910 3636 4980; baseline 0.001 -16"><span class='ocrx_word' id='word_1_713' title='bbox 2150 4910 2305 4979; x_wconf 58' lang='lat' dir='ltr'><strong>Saepe</strong></span> <span class='ocrx_word' id='word_1_714' title='bbox 2347 4911 2675 4979; x_wconf 86' lang='lat' dir='ltr'><strong>resistendo.</strong></span> <span class='ocrx_word' id='word_1_715' title='bbox 2708 4913 2823 4977; x_wconf 94' lang='lat' dir='ltr'><strong>Quo</strong></span> <span class='ocrx_word' id='word_1_716' title='bbox 2855 4911 3060 4966; x_wconf 89' lang='lat' dir='ltr'><strong>missile</strong></span> <span class='ocrx_word' id='word_1_717' title='bbox 3089 4912 3349 4980; x_wconf 90' lang='lat' dir='ltr'><strong>quodque</strong></span> <span class='ocrx_word' id='word_1_718' title='bbox 3379 4910 3636 4980; x_wconf 87' lang='lat' dir='ltr'><strong>repellas,</strong></span> 
     </span>
    </p>
   </div>
   <div class='ocr_carea' id='block_1_112' title="bbox 2148 4998 3628 5069">
    <p class='ocr_par' dir='ltr' id='par_1_112' title="bbox 2148 4998 3628 5069">
     <span class='ocr_line' id='line_1_112' title="bbox 2148 4998 3628 5069; baseline -0.001 -15"><span class='ocrx_word' id='word_1_719' title='bbox 2148 4998 2339 5054; x_wconf 84' lang='lat' dir='ltr'><strong>Robur</strong></span> <span class='ocrx_word' id='word_1_720' title='bbox 2367 4999 2537 5055; x_wconf 91' lang='lat' dir='ltr'><strong>habes</strong></span> <span class='ocrx_word' id='word_1_721' title='bbox 2565 4999 2692 5055; x_wconf 87' lang='lat' dir='ltr'><strong>ﬁdei</strong></span> <span class='ocrx_word' id='word_1_722' title='bbox 2727 5020 2739 5054; x_wconf 88' lang='lat'><strong><em>:</em></strong></span> <span class='ocrx_word' id='word_1_723' title='bbox 2773 5001 3124 5054; x_wconf 90' lang='lat' dir='ltr'><strong>tenebrarum</strong></span> <span class='ocrx_word' id='word_1_724' title='bbox 3155 5001 3350 5055; x_wconf 88' lang='lat' dir='ltr'><strong>damna</strong></span> <span class='ocrx_word' id='word_1_725' title='bbox 3384 5001 3628 5069; x_wconf 86' lang='lat' dir='ltr'><strong>pavescit</strong></span> 
     </span>
    </p>
   </div>
   <div class='ocr_carea' id='block_1_113' title="bbox 2147 5088 3415 5159">
    <p class='ocr_par' dir='ltr' id='par_1_113' title="bbox 2147 5088 3415 5159">
     <span class='ocr_line' id='line_1_113' title="bbox 2147 5088 3415 5159; baseline 0.001 -15"><span class='ocrx_word' id='word_1_726' title='bbox 2147 5089 2310 5144; x_wconf 90' lang='lat' dir='ltr'><strong>Lucis</strong></span> <span class='ocrx_word' id='word_1_727' title='bbox 2340 5088 2502 5157; x_wconf 89' lang='lat' dir='ltr'><strong>ﬁlius,</strong></span> <span class='ocrx_word' id='word_1_728' title='bbox 2535 5096 2628 5144; x_wconf 87' lang='lat' dir='ltr'><strong>aut</strong></span> <span class='ocrx_word' id='word_1_729' title='bbox 2657 5096 2926 5144; x_wconf 90' lang='lat' dir='ltr'><strong>nocturna</strong></span> <span class='ocrx_word' id='word_1_730' title='bbox 2958 5089 3223 5158; x_wconf 87' lang='lat' dir='ltr'><strong>pericula,</strong></span> <span class='ocrx_word' id='word_1_731' title='bbox 3258 5091 3415 5159; x_wconf 90' lang='lat' dir='ltr'><strong>cujus</strong></span> 
     </span>
    </p>
   </div>
   <div class='ocr_carea' id='block_1_114' title="bbox 2148 5177 3542 5248">
    <p class='ocr_par' dir='ltr' id='par_1_114' title="bbox 2148 5177 3542 5248">
     <span class='ocr_line' id='line_1_114' title="bbox 2148 5177 3542 5248; baseline -0.001 -14"><span class='ocrx_word' id='word_1_732' title='bbox 2148 5180 2243 5235; x_wconf 89' lang='lat' dir='ltr'><strong>Est</strong></span> <span class='ocrx_word' id='word_1_733' title='bbox 2272 5183 2428 5248; x_wconf 92' lang='lat' dir='ltr'><strong>pater</strong></span> <span class='ocrx_word' id='word_1_734' title='bbox 2457 5178 2574 5247; x_wconf 91' lang='lat' dir='ltr'><strong>ipse</strong></span> <span class='ocrx_word' id='word_1_735' title='bbox 2604 5177 2743 5245; x_wconf 89' lang='lat' dir='ltr'><strong>dies,</strong></span> <span class='ocrx_word' id='word_1_736' title='bbox 2777 5191 2845 5232; x_wconf 94' lang='lat' dir='ltr'><strong>an</strong></span> <span class='ocrx_word' id='word_1_737' title='bbox 2884 5179 3040 5247; x_wconf 90' lang='lat' dir='ltr'><strong>signa</strong></span> <span class='ocrx_word' id='word_1_738' title='bbox 3071 5179 3352 5243; x_wconf 91' lang='lat' dir='ltr'><strong>minantia,</strong></span> <span class='ocrx_word' id='word_1_739' title='bbox 3386 5178 3542 5247; x_wconf 90' lang='lat' dir='ltr'><strong>cujus</strong></span> 
     </span>
    </p>
   </div>
   <div class='ocr_carea' id='block_1_115' title="bbox 2147 5266 3488 5336">
    <p class='ocr_par' dir='ltr' id='par_1_115' title="bbox 2147 5266 3488 5336">
     <span class='ocr_line' id='line_1_115' title="bbox 2147 5266 3488 5336; baseline -0.001 -13"><span class='ocrx_word' id='word_1_740' title='bbox 2147 5269 2241 5323; x_wconf 89' lang='lat' dir='ltr'><strong>Est</strong></span> <span class='ocrx_word' id='word_1_741' title='bbox 2279 5267 2389 5322; x_wconf 90' lang='lat' dir='ltr'><strong>dux</strong></span> <span class='ocrx_word' id='word_1_742' title='bbox 2415 5266 2670 5321; x_wconf 90' lang='lat' dir='ltr'><strong>invictus.</strong></span> <span class='ocrx_word' id='word_1_743' title='bbox 2704 5266 2949 5333; x_wconf 90' lang='lat' dir='ltr'><strong>Conﬁde,</strong></span> <span class='ocrx_word' id='word_1_744' title='bbox 2976 5267 3201 5336; x_wconf 89' lang='lat' dir='ltr'><strong>juvabo,</strong></span> <span class='ocrx_word' id='word_1_745' title='bbox 3236 5281 3338 5322; x_wconf 91' lang='lat' dir='ltr'><strong>nec</strong></span> <span class='ocrx_word' id='word_1_746' title='bbox 3368 5281 3488 5322; x_wconf 91' lang='lat' dir='ltr'><strong>esse</strong></span> 
     </span>
    </p>
   </div>
   <div class='ocr_carea' id='block_1_116' title="bbox 2146 5354 3667 5423">
    <p class='ocr_par' dir='ltr' id='par_1_116' title="bbox 2146 5354 3667 5423">
     <span class='ocr_line' id='line_1_116' title="bbox 2146 5354 3667 5423; baseline -0.001 -10"><span class='ocrx_word' id='word_1_747' title='bbox 2146 5357 2356 5413; x_wconf 91' lang='lat' dir='ltr'><strong>Plasma</strong></span> <span class='ocrx_word' id='word_1_748' title='bbox 2385 5369 2563 5412; x_wconf 91' lang='lat' dir='ltr'><strong>meum</strong></span> <span class='ocrx_word' id='word_1_749' title='bbox 2593 5354 2833 5423; x_wconf 91' lang='lat' dir='ltr'><strong>dubites,</strong></span> <span class='ocrx_word' id='word_1_750' title='bbox 2876 5369 3130 5411; x_wconf 87' lang='lat' dir='ltr'><strong>manuum</strong></span> <span class='ocrx_word' id='word_1_751' title='bbox 3162 5355 3371 5412; x_wconf 90' lang='lat' dir='ltr'><strong>factura</strong></span> <span class='ocrx_word' id='word_1_752' title='bbox 3401 5369 3667 5423; x_wconf 87' lang='lat' dir='ltr'><strong>mearum,</strong></span> 
     </span>
    </p>
   </div>
   <div class='ocr_carea' id='block_1_117' title="bbox 2144 5444 3588 5514">
    <p class='ocr_par' dir='ltr' id='par_1_117' title="bbox 2144 5444 3588 5514">
     <span class='ocr_line' id='line_1_117' title="bbox 2144 5444 3588 5514; baseline -0.001 -14"><span class='ocrx_word' id='word_1_753' title='bbox 2144 5447 2313 5512; x_wconf 90' lang='lat' dir='ltr'><strong>Quem</strong></span> <span class='ocrx_word' id='word_1_754' title='bbox 2344 5448 2495 5500; x_wconf 86' lang='lat' dir='ltr'><strong>tanto</strong></span> <span class='ocrx_word' id='word_1_755' title='bbox 2535 5445 2737 5514; x_wconf 91' lang='lat' dir='ltr'><strong>pretio,</strong></span> <span class='ocrx_word' id='word_1_756' title='bbox 2770 5458 2932 5514; x_wconf 88' lang='lat' dir='ltr'><strong>quem</strong></span> <span class='ocrx_word' id='word_1_757' title='bbox 2963 5450 3114 5500; x_wconf 86' lang='lat' dir='ltr'><strong>tanta</strong></span> <span class='ocrx_word' id='word_1_758' title='bbox 3144 5459 3325 5500; x_wconf 88' lang='lat' dir='ltr'><strong>merce</strong></span> <span class='ocrx_word' id='word_1_759' title='bbox 3355 5444 3588 5500; x_wconf 90' lang='lat' dir='ltr'><strong>redemi.</strong></span> 
     </span>
    </p>
   </div>
   <div class='ocr_carea' id='block_1_118' title="bbox 2141 5533 3796 5604">
    <p class='ocr_par' dir='ltr' id='par_1_118' title="bbox 2141 5533 3796 5604">
     <span class='ocr_line' id='line_1_118' title="bbox 2141 5533 3796 5604; baseline 0.004 -16"><span class='ocrx_word' id='word_1_760' title='bbox 2141 5535 2280 5588; x_wconf 86' lang='lat' dir='ltr'><strong>Num</strong></span> <span class='ocrx_word' id='word_1_761' title='bbox 2313 5533 2489 5603; x_wconf 87' lang='lat' dir='ltr'><strong>patiar</strong></span> <span class='ocrx_word' id='word_1_762' title='bbox 2518 5535 2756 5604; x_wconf 84' lang='lat' dir='ltr'><strong>perimi?</strong></span> <span class='ocrx_word' id='word_1_763' title='bbox 2807 5533 2938 5604; x_wconf 88' lang='lat' dir='ltr'><strong>quid</strong></span> <span class='ocrx_word' id='word_1_764' title='bbox 2979 5534 3123 5589; x_wconf 90' lang='lat' dir='ltr'><strong>enim</strong></span> <span class='ocrx_word' id='word_1_765' title='bbox 3163 5534 3482 5603; x_wconf 80' lang='lat' dir='ltr'><strong>descensus,</strong></span> <span class='ocrx_word' id='word_1_766' title='bbox 3517 5539 3574 5600; x_wconf 85' lang='lat' dir='ltr'><strong>et</strong></span> <span class='ocrx_word' id='word_1_767' title='bbox 3612 5541 3796 5596; x_wconf 80' lang='lat' dir='ltr'><strong>ortus.</strong></span> 
     </span>
    </p>
   </div>
   <div class='ocr_carea' id='block_1_119' title="bbox 2144 5623 3430 5694">
    <p class='ocr_par' dir='ltr' id='par_1_119' title="bbox 2144 5623 3430 5694">
     <span class='ocr_line' id='line_1_119' title="bbox 2144 5623 3430 5694; baseline 0.002 -16"><span class='ocrx_word' id='word_1_768' title='bbox 2144 5623 2494 5693; x_wconf 90' lang='lat' dir='ltr'><strong>Esuriesque,</strong></span> <span class='ocrx_word' id='word_1_769' title='bbox 2523 5624 2666 5693; x_wconf 87' lang='lat' dir='ltr'><strong>sitis,</strong></span> <span class='ocrx_word' id='word_1_770' title='bbox 2700 5623 2991 5690; x_wconf 89' lang='lat' dir='ltr'><strong>lacessere,</strong></span> <span class='ocrx_word' id='word_1_771' title='bbox 3025 5624 3178 5692; x_wconf 89' lang='lat' dir='ltr'><strong>ﬂere,</strong></span> <span class='ocrx_word' id='word_1_772' title='bbox 3211 5637 3430 5694; x_wconf 89' lang='lat' dir='ltr'><strong>pavere,</strong></span> 
     </span>
    </p>
   </div>
  </div>
