4106 6178
190 312 325 368 1253

179 437 319 505 Quid
360 435 602 506 colaphi,
635 441 816 505 sputa,
851 435 1047 504 spina,
1071 433 1206 503 quid
1243 433 1478 500 arundo,
1511 431 1744 502 flagella,

181 525 320 591 Quid
352 539 506 589 crux,
539 523 671 594 quid
703 523 861 589 clavi,
894 522 1025 594 quid
1058 527 1291 587 acetum,
1326 520 1529 591 fongia,
1553 527 1608 576 et
1634 519 1728 584 fel,

184 615 415 679 Lancea,
459 626 627 679 mors,
663 611 924 677 tumulus,
960 613 1260 666 descensus
1287 611 1354 664 ad
1379 612 1506 676 ima,
1539 609 1622 664 vel
1655 609 1830 678 ipsum

184 701 469 757 Profuerat
501 701 694 756 redimi
721 706 744 754 ?
772 699 900 754 dum
921 705 1141 769 spectas
1168 700 1292 765 ista,
1327 700 1519 754 timere
1551 698 1664 753 noli
1692 717 1704 751 :

183 791 352 844 Tanta
383 789 480 844 tibi
511 789 673 858 longe
707 787 1046 857 providimus
1082 800 1231 842 arma
1261 830 1272 840 .
1311 826 1324 838 .
1371 827 1383 839 .
1421 825 1434 838 .
1471 825 1484 838 .

185 880 311 933 Hac
342 879 436 934 ubi
467 878 732 943 confidas,
767 877 886 932 hac
917 876 1093 932 hostis
1122 877 1277 947 signa
1307 883 1546 941 veretur,

185 970 313 1024 llac
345 969 518 1035 timet,
552 967 672 1023 hac
703 966 923 1036 refugit,
947 968 1092 1021 vires
1121 966 1208 1020 his
1239 964 1478 1035 denique
1509 965 1683 1020 sensit

186 1059 408 1112 Fractas
437 1071 558 1112 esse
590 1071 738 1122 suas,
773 1057 989 1111 enervis
1019 1055 1128 1122 hic,
1171 1055 1550 1124 invalidusque

186 1148 298 1213 Est,
331 1145 429 1202 sed
461 1147 532 1202 ob
569 1146 890 1202 innumeros
920 1157 1152 1200 nervoso
1185 1145 1394 1214 poplite
1421 1158 1581 1199 casus

187 1235 345 1291 Disca
375 1234 637 1305 frequens
657 1237 777 1304 ejus
815 1234 1012 1289 callum
1046 1234 1297 1288 durabile
1327 1233 1503 1288 duxit.

185 1325 412 1395 Cunque
443 1324 646 1379 cadens
675 1324 859 1390 alitur,
893 1323 1107 1392 nequit,
1143 1328 1199 1377 et
1228 1321 1298 1376 de
1327 1335 1522 1376 cruore
1555 1319 1786 1386 laborat,

188 1415 375 1482 Deque
409 1427 553 1483 genu
585 1418 810 1483 pugnat,
845 1411 1052 1466 nullum
1084 1411 1234 1481 quod
1266 1409 1589 1465 debilitatus

187 1503 384 1557 Exerat
413 1507 496 1558 est
518 1502 706 1558 robur.
741 1501 897 1556 Levis
925 1500 1065 1566 hac,
1096 1499 1194 1555 sed
1225 1499 1418 1554 sedula
1450 1498 1517 1553 lis
1545 1504 1650 1565 est,

186 1595 254 1646 At
283 1590 352 1646 lis
381 1591 749 1647 membrorum
789 1589 918 1646 licet
949 1589 1051 1645 hac
1080 1589 1149 1644 de
1180 1589 1275 1644 lite
1307 1589 1379 1643 sit
1407 1593 1550 1654 orta,

188 1682 254 1736 Et
283 1681 414 1736 licet
447 1680 514 1735 ad
547 1680 708 1736 ﬁnem
747 1680 816 1734 lis
845 1685 1076 1749 utraque
1112 1677 1302 1734 tendat
1331 1678 1617 1748 iniquum;

188 1770 408 1826 Scilicet
438 1776 498 1825 ut
527 1777 738 1826 mentes
766 1769 1030 1824 humanas
1060 1768 1312 1838 dissipet,
1345 1768 1531 1823 instat.

190 1860 396 1916 Divina
427 1860 626 1915 mentis
656 1860 796 1915 ratio
827 1865 1007 1914 tamen
1039 1872 1146 1914 una
1175 1857 1390 1912 duabus

191 1948 488 2005 Vincendis
516 1963 628 2005 non
659 1954 762 2016 est,
795 1948 955 2003 aliam
989 1947 1252 2017 patientia
1282 1946 1503 2016 frangit,

193 2040 284 2094 Vis
321 2037 502 2106 aliam,
526 2039 744 2108 dignam
774 2038 866 2092 illa
897 2038 1049 2093 dabit
1080 2042 1207 2106 post
1234 2035 1426 2106 pralia
1457 2033 1687 2104 palmam
1715 2055 1730 2101 ;

196 2129 323 2183 [lac
360 2127 486 2183 cali
517 2141 764 2198 regnum.
795 2126 1044 2182 Gaudent
1083 2127 1168 2181 ha
1209 2125 1350 2180 bella
1376 2137 1631 2193 superna

195 2216 453 2282 Virtutes,
494 2217 734 2288 gaudent
761 2221 933 2282 vates,
965 2215 1208 2286 gaudent
1246 2213 1596 2284 patriarcha,

194 2307 303 2361 Ista
341 2313 563 2361 senatus
592 2305 931 2376 apostolicus
958 2305 1196 2370 latatur,
1223 2311 1277 2358 et
1307 2303 1426 2358 hac
1455 2307 1583 2356 sunt

197 2395 380 2450 Dulcis
420 2395 767 2465 martyribus,
802 2394 940 2448 tales
969 2400 1024 2448 et
1055 2393 1179 2448 lata
1200 2391 1510 2460 triumphos

196 2486 417 2554 Spectat
455 2484 761 2554 virginitas,
803 2481 1079 2538 exsultant
1119 2480 1286 2535 rebus
1317 2480 1369 2533 in
1405 2479 1527 2534 istis

200 2572 407 2629 Felices
434 2573 650 2640 anima,
684 2572 817 2627 mihi
846 2578 974 2626 sunt
1002 2570 1122 2625 hac
1151 2574 1305 2640 grata
1333 2581 1560 2634 corona,

195 2662 338 2728 Quas
366 2675 468 2732 ego
499 2677 613 2732 pra
643 2661 854 2716 meritis
883 2659 1185 2714 victoribus
1215 2657 1320 2727 ipsi
1352 2655 1619 2725 rependo,

196 2751 531 2807 Conﬁrment
559 2752 799 2806 animum
829 2753 1148 2804 constanter
1177 2747 1245 2801 ad
1278 2759 1438 2802 omne
1463 2743 1770 2800 ferendum.

200 2841 278 2895 Me
311 2855 485 2911 genus
522 2839 816 2894 humanum
848 2838 1082 2906 patrium
1113 2841 1411 2906 cognoscat
1441 2834 1666 2900 habere,

196 2931 374 2999 Atque
439 2942 687 2984 severum
751 2927 1026 2992 animum,
1076 2927 1166 2982 cui
1223 2923 1531 2994 complacet
1595 2923 1676 2977 ire
1732 2918 1846 2975 fre-

1512 3011 1780 3083 [quenter

199 3105 279 3161 Ad
306 3105 490 3161 studia
516 3103 748 3175 prolem,
778 3102 988 3159 feriatis
1016 3102 1165 3159 nulla
1193 3102 1390 3158 diebus

200 3195 321 3250 Otia
359 3193 614 3259 concedi,
646 3193 903 3250 sudorem
933 3193 1140 3262 sapius
1169 3192 1280 3248 illis

211 3283 422 3350 Excuti,
462 3289 518 3339 et
563 3283 839 3338 interdum
897 3282 1182 3352 lacrymas,
1241 3294 1344 3336 nec
1399 3284 1581 3335 servat
1636 3278 1693 3333 in
1733 3289 1850 3332 um-

1625 3365 1774 3438 Dm,

205 3462 314 3516 Nec
352 3459 496 3516 fovet
525 3460 581 3514 in
612 3460 844 3530 gremio,
877 3459 1106 3527 tristari,
1140 3459 1391 3528 fierique,
1423 3457 1668 3526 patique.

203 3550 434 3606 Grandia
464 3549 792 3620 perpetitur,
827 3562 926 3618 per
954 3548 1119 3603 tadia
1157 3547 1381 3617 pinguia
1407 3545 1686 3616 languent.

203 3639 457 3707 Quolibet
486 3639 606 3694 hac
637 3643 788 3694 motu
817 3635 1023 3692 fuerint
1059 3636 1258 3707 agitata
1290 3634 1497 3690 laboris

207 3728 471 3783 Deficiunt
500 3741 668 3784 onere
701 3726 948 3796 proprio,
982 3723 1191 3780 nullum
1229 3722 1369 3779 feret
1398 3723 1566 3778 ictum

205 3815 546 3887 Prosperitas
574 3815 766 3872 illasa.
795 3816 927 3883 Quis
956 3820 1011 3870 et
1049 3827 1160 3869 non
1191 3814 1303 3868 otia
1335 3824 1550 3882 panam

205 3907 470 3961 Strenuus
499 3905 773 3961 astimat?
801 3905 1054 3974 ingentes
1090 3903 1396 3958 industrius
1433 3901 1612 3957 omnis

206 3997 315 4052 Res
342 3995 504 4066 gerit,
536 3999 597 4050 ut
633 3993 822 4050 faciles
851 3993 956 4049 nisi
995 4007 1117 4049 cum
1159 3993 1364 4062 majore
1394 3997 1612 4046 recusat

209 4084 302 4140 Vel
334 4099 466 4154 pace
497 4085 754 4154 componi
779 4105 793 4150 ;
827 4097 949 4139 nam
980 4083 1200 4139 vincere
1231 4082 1394 4152 digna
1425 4087 1672 4151 paratum

211 4173 364 4230 Vinci
393 4187 496 4230 nec
525 4175 644 4230 laus
682 4179 786 4242 est,
819 4188 922 4229 nec
951 4173 1146 4244 gloria.
1180 4173 1360 4228 Fortis
1381 4171 1449 4226 ab
1470 4171 1568 4228 illo

210 4265 343 4320 Cum
372 4277 482 4334 quo
510 4263 747 4320 luctatur
769 4278 998 4320 securus
1029 4263 1207 4333 poscit
1235 4263 1291 4317 in
1321 4262 1499 4332 ipsum

211 4361 429 4417 Viribus
458 4361 592 4416 eniti
622 4361 775 4429 totis,
807 4369 862 4416 at
893 4361 1017 4417 lata
1048 4360 1224 4426 feriri,

212 4451 382 4515 Cadi,
415 4451 617 4516 vexari,
647 4451 872 4520 patitur,
907 4450 1012 4505 nisi
1044 4463 1142 4518 par
1172 4449 1464 4517 reperitur.

213 4539 469 4595 Pluribus
499 4540 779 4610 objicitur,
814 4547 926 4596 tum
967 4538 1100 4608 quid
1132 4537 1396 4607 patientia
1427 4537 1622 4605 possit,

214 4629 424 4685 Polleat
461 4635 517 4685 et
545 4636 830 4699 quantum,
861 4627 1134 4683 clarescit.
1177 4626 1265 4680 Sic
1305 4623 1611 4680 faciendum

216 4720 348 4774 Esse
379 4720 540 4774 bonis
571 4718 849 4788 perpende
875 4717 1024 4772 viris.
1059 4719 1139 4772 An
1169 4713 1310 4770 forte
1335 4713 1560 4779 vereris,

216 4810 363 4875 Quos
393 4808 492 4863 tibi
525 4808 856 4877 conspicuos
886 4807 980 4862 dat
1009 4806 1186 4875 imago
1217 4803 1334 4859 sola
1372 4803 1664 4868 bonorum.

216 4899 458 4964 Quorum
488 4904 616 4953 sunt
645 4897 810 4952 animi
848 4896 1016 4951 veluti
1047 4909 1145 4964 per
1180 4892 1392 4949 somnia
1421 4891 1603 4962 longa,

220 4989 477 5058 Vanaque
509 4987 706 5052 delusi,
739 4999 880 5056 quos
918 4986 1085 5041 ebore
1116 4983 1350 5039 mundus
1380 4988 1434 5038 et
1463 4995 1598 5038 auro

220 5076 466 5146 Compsit
505 5083 559 5131 et
587 5082 837 5146 argento.
879 5076 957 5129 Tu
989 5087 1089 5144 pro
1119 5072 1374 5128 felicibus
1403 5071 1529 5126 illos

220 5165 454 5235 Aspicis,
488 5169 543 5220 at
571 5165 616 5220 si
640 5179 747 5235 qua
777 5163 982 5219 lateant
1010 5161 1389 5232 speculabere,
1432 5172 1543 5215 non
1583 5173 1687 5228 qua

221 5256 549 5321 Occurrunt,
592 5255 845 5320 miseros,
877 5251 1073 5317 fados,
1108 5257 1407 5320 turpesque
1435 5247 1649 5304 videbis

224 5344 372 5398 More
411 5358 524 5399 sua
563 5343 786 5399 fabrica
815 5341 996 5398 cultos
1023 5341 1412 5396 exstrinsecus.
1444 5339 1552 5393 Ista

226 5433 576 5502 Prosperitas
603 5431 818 5488 stabilis
847 5443 957 5486 non
989 5435 1091 5498 est,
1125 5429 1220 5485 sed
1259 5427 1451 5493 vitrea,
1485 5430 1690 5491 crusta,

228 5521 295 5576 Et
324 5521 527 5578 tenuis.
560 5523 695 5577 Dum
725 5528 870 5576 stare
902 5518 1052 5586 licet,
1095 5517 1490 5589 propriumque
1519 5514 1696 5570 videri

227 5611 309 5667 Ad
349 5617 554 5680 votum,
587 5611 834 5678 rutilant,
866 5624 987 5666 cum
1027 5607 1174 5679 quod
1206 5605 1479 5662 disturbet
1515 5608 1571 5660 et
1597 5603 1724 5661 illos

1707 306 2025 363 CARMINA.

3417 314 3552 369 1254

1841 434 1894 492 Α
1913 431 2156 501 Detegat,
2189 432 2453 498 occurrit,
2488 447 2613 489 mox
2640 439 2908 504 apparent
2935 433 3118 490 alieno

1910 521 2040 587 Qua
2081 519 2285 576 fuerint
2311 521 2505 578 sordes
2543 531 2674 578 tunc
2701 524 2802 578 sub
2832 523 3128 592 splendore
3156 523 3409 582 latentes.

1913 611 1990 665 Do
2022 610 2166 668 bona
2195 619 2346 665 certa
2376 611 2556 677 bonis,
2589 626 2699 681 quo
2721 612 2843 681 plus
2871 613 3173 668 versaveris
3201 613 3316 669 illa.

1913 698 2187 768 Undique,
2221 706 2275 754 et
2304 702 2359 755 in
2388 701 2603 770 species
2640 701 2866 756 meliora
2896 699 3201 757 forinsecus
3230 702 3310 758 illi

1915 790 2034 844 Non
2059 787 2288 859 fulgent,
2322 790 2594 846 introrsus
2618 791 2763 845 enim
2801 790 2947 846 bona
2973 804 3191 860 semper
3219 804 3408 848 eorum

1915 879 2052 933 Sunt
2081 879 2331 944 obversa,
2365 880 2526 935 bonis
2554 893 2665 935 non
2698 879 3082 949 prosperitatis
3112 892 3297 948 egere,

1916 968 2260 1037 Prosperitas
2290 976 2373 1023 est
2412 968 2488 1023 nil
2519 969 2683 1024 modo
2714 968 2969 1024 deridere
3001 974 3277 1038 potentes,

1914 1057 2090 1126 Atque
2122 1057 2356 1126 probare
2387 1064 2546 1127 potes
2575 1058 2825 1123 miseros,
2858 1071 3091 1127 quorum
3120 1057 3301 1128 gravis
3330 1057 3409 1113 ira

1917 1145 2136 1200 Pusillis
2172 1147 2353 1201 animo
2393 1153 2634 1202 terrores
2666 1146 2949 1202 insidiosis

1917 1236 2156 1290 lntentat
2184 1235 2384 1290 studiis
2412 1235 2632 1291 lethalis
2662 1235 2769 1290 tela
2803 1235 3100 1305 pharetra,

1917 1324 2299 1394 Nequitiaque
2331 1338 2541 1390 manus,
2576 1325 2728 1380 necis
2755 1338 2937 1392 arcus,
2970 1325 3270 1394 impietatis

1919 1416 2098 1479 Arma,
2131 1413 2256 1468 mali
2295 1412 2463 1469 facies
2500 1421 2628 1469 sunt
2666 1413 2908 1469 materia
2946 1413 3242 1469 cruciatus.

1918 1504 2066 1570 Quos
2092 1502 2246 1559 ladit
2275 1503 2458 1559 odisse
2484 1504 2654 1572 juvat,
2686 1503 3002 1573 faciuntque
3034 1509 3301 1559 nocentes

1918 1594 2066 1660 Quos
2093 1606 2333 1648 nocuere
2359 1594 2554 1649 timent
2585 1600 2639 1648 et
2667 1607 2726 1648 se
2755 1593 2957 1662 quibus
2985 1607 3106 1649 esse
3136 1592 3321 1650 timori

1919 1683 2134 1738 Summa
2165 1688 2378 1752 putent,
2413 1683 2469 1738 hi
2498 1681 2687 1738 felices
2716 1684 2936 1753 quoties
2959 1684 3184 1752 jacuere

1853 1757 1900 1816 Β
1923 1771 2146 1827 Illorum
2183 1778 2309 1828 ante
2339 1771 2528 1842 pedes,
2562 1786 2702 1842 quos
2740 1771 2881 1827 fastu
2911 1786 3060 1842 sape
3089 1771 3331 1840 superbo

1918 1863 1960 1916 A
1992 1861 2224 1930 pedibus
2250 1861 2511 1930 pepulere
2549 1861 2684 1924 suis,
2721 1861 2940 1930 quoties
2969 1866 3025 1916 et
3054 1860 3110 1915 in
3151 1861 3291 1916 istos

1921 1949 2130 2005 Felices
2157 1949 2281 2004 aliis
2319 1950 2519 2019 quibus
2550 1950 2797 2004 invidere
2831 1955 3018 2019 parata

1923 2041 2086 2094 Pana
2117 2037 2462 2106 redundavit,
2496 2039 2716 2108 quoties
2753 2038 2847 2108 qui
2877 2053 3024 2106 sape
3065 2037 3299 2108 negavit,

1921 2132 2045 2198 Ipse
2077 2129 2215 2198 petit
2242 2129 2476 2183 veniam.
2509 2128 2661 2183 Felix
2690 2135 2773 2183 est
2795 2130 2921 2197 jure
2953 2126 3230 2196 putandus

1923 2217 2231 2272 Invidiosus
2259 2230 2421 2285 quem
2452 2221 2676 2288 torquet
2703 2215 2954 2281 felicior;
2987 2221 3127 2270 esto.

1923 2293 2054 2360 Sint
2079 2304 2267 2360 felices
2293 2323 2308 2369 ;
2343 2303 2434 2359 dic
2472 2303 2565 2358 ubi
2597 2309 2725 2358 sunt
2755 2317 2896 2372 quos
2925 2303 3144 2358 noveris
3165 2308 3284 2357 arta

1924 2395 2064 2451 Sede
2103 2392 2504 2462 triumphantes
2534 2391 2751 2461 populis
2779 2392 2910 2446 dare
2935 2393 3060 2461 jura
3089 2390 3381 2447 subactis?

1923 2483 2040 2541 Olla
2069 2482 2222 2538 fuere
2251 2482 2399 2548 vitri,
2431 2480 2710 2537 confracta
2748 2487 2852 2547 est,
2883 2481 3094 2551 grando
3134 2480 3339 2550 liquata
3369 2487 3474 2546 est,

1928 2573 2223 2629 Fluminea
2253 2570 2418 2626 bulla
2444 2578 2621 2640 rupta
2650 2577 2800 2636 sunt,
2833 2571 3023 2626 umbra
3055 2571 3306 2637 recessit,

1930 2664 2128 2717 Fumus
2158 2659 2446 2730 prateriit,
2480 2661 2655 2716 nubes
2683 2660 2972 2729 disparuit.
3009 2662 3136 2716 Hac
3165 2666 3313 2727 sunt,

1927 2752 2057 2817 Qua
2088 2751 2306 2816 metuis,
2349 2750 2468 2805 hac
2505 2763 2631 2804 sunt
2660 2771 2674 2817 ;
2707 2762 2818 2805 non
2856 2749 2938 2804 vis
2967 2763 3231 2820 pugnare,
3273 2749 3490 2805 recede.

1928 2843 1995 2895 At
2025 2840 2249 2910 regione
2280 2840 2440 2894 times
2469 2838 2647 2893 aliena
2667 2839 2848 2893 vivere
2880 2852 3089 2908 pauper
3117 2859 3129 2893 :

1931 2930 1997 2984 Et
2027 2928 2152 2998 quis
2191 2933 2298 2982 tam
2332 2941 2540 2996 pauper
2568 2927 2718 2992 vivit,
2750 2940 2912 2996 quam
2943 2927 3226 2982 nascitur?
3263 2926 3358 2981 His
3388 2931 3441 2981 te

1934 3017 2098 3087 Eripe
2129 3015 2365 3080 deliciis,
2400 3022 2453 3070 te
2477 3015 2662 3080 rebus,
2697 3023 2751 3071 et
2780 3015 2930 3085 eripe
2964 3015 3173 3082 mundi,

1870 3087 1914 3148 α
1933 3109 2062 3174 Qua
2092 3111 2298 3174 quanto
2330 3103 2504 3174 fugies
2534 3109 2686 3159 tanto
2718 3103 2850 3158 mihi
2881 3111 3108 3173 propter
3136 3103 3404 3159 adhares.

1930 3195 2146 3251 Christe
2176 3197 2339 3259 Deus,
2370 3193 2495 3248 vita
2527 3207 2670 3248 vera
2697 3191 2996 3249 fabricator
3024 3199 3079 3248 et
3107 3193 3264 3248 alma
3293 3212 3307 3258 ;

2002 3284 2217 3341 Christe
2248 3286 2410 3350 Deus,
2443 3283 2659 3352 pulchri
2690 3283 2948 3338 conditor
2968 3287 3132 3352 atque
3163 3282 3294 3338 boni
3320 3305 3336 3350 ;

1931 3373 2144 3429 Christe
2174 3374 2336 3434 Deus,
2382 3385 2479 3440 per
2509 3385 2671 3440 quem
2704 3370 2853 3440 quod
2887 3384 2998 3425 non
3037 3376 3121 3425 est
3167 3369 3312 3425 redit
3351 3370 3421 3426 ad
3461 3383 3581 3426 esse

2002 3465 2179 3532 Atque
2210 3461 2358 3530 quod
2389 3467 2472 3515 est
2501 3457 2700 3514 factum
2732 3459 2980 3514 creditur
3017 3473 3085 3514 ex
3113 3459 3308 3514 nihilo.

1931 3550 2167 3614 Christe,
2201 3535 2400 3604 malum
2431 3548 2525 3617 qui
2558 3561 2668 3604 non
2699 3547 2868 3604 ullum
2898 3547 3056 3614 facis,
3082 3553 3136 3603 et
3166 3545 3301 3603 facis
3329 3562 3473 3615 esse,

2005 3639 2245 3694 Pessima
2281 3651 2350 3692 ne
2383 3637 2533 3702 fiant,
2575 3642 2631 3692 et
2661 3636 2805 3692 bona
2836 3636 3178 3706 perveniant.

1932 3728 2148 3784 Christe
2178 3727 2378 3782 malum
2409 3726 2661 3791 nihilum,
2686 3726 2780 3796 qui
2813 3725 3260 3796 confugientibus
3287 3726 3356 3782 ad
3389 3732 3463 3792 te,

2003 3817 2104 3885 Qui
2135 3831 2261 3872 vere
2293 3817 2472 3872 bonus
2504 3830 2564 3870 es
2591 3830 2659 3870 ex
2691 3815 2904 3871 ratione
2943 3815 3164 3885 probas.

1933 3906 2148 3963 Christe
2188 3907 2349 3972 Deus,
2385 3919 2483 3975 per
2520 3917 2683 3974 quem
2713 3911 2842 3959 sunt
2871 3910 2926 3960 et
2957 3918 3079 3960 cum
3111 3909 3265 3974 parte
3290 3904 3514 3960 sinistra

2004 3995 2195 4050 Omnia
2224 3991 2486 4064 perfecta,
2527 3992 2718 4050 condit
2748 3992 2978 4063 pulchra
3006 3993 3173 4049 bona.

1935 4084 2150 4140 Christe
2188 4085 2363 4150 Deus,
2415 4096 2578 4153 quem
2617 4081 2872 4152 quisquis
2917 4095 3100 4138 amare
3157 4087 3360 4153 potest,
3420 4088 3585 4150 amat,

3349 4170 3514 4242 [illud

2010 4261 2132 4318 Sive
2161 4260 2235 4316 sit
2263 4261 2506 4331 ignoras,
2538 4260 2652 4315 sive
2682 4259 2866 4315 sciens
2895 4259 3043 4328 quod
3075 4265 3236 4314 amat.

1939 4350 2155 4406 Christe
2186 4355 2344 4419 pater
2372 4349 2633 4413 clemens,
2669 4346 2756 4402 cui
2790 4360 2978 4401 verum
3007 4359 3119 4400 non
3150 4346 3254 4400 nisi
3281 4345 3518 4402 mundos

1877 4415 1928 4471 D
2014 4415 2254 4494 Noscere
2287 4436 2610 4507 perfectum,
2644 4441 2699 4491 et
2728 4436 2972 4504 reperire
3005 4433 3202 4503 placet.

1947 4525 2181 4592 Christe,
2214 4531 2366 4581 sator
2392 4525 2528 4592 veri,
2562 4539 2661 4595 per
2690 4538 2850 4595 quem
2882 4529 3010 4578 sunt
3039 4523 3221 4579 omnia
3259 4536 3408 4589 vera,

2020 4617 2085 4670 Et
2115 4629 2212 4684 per
2241 4629 2402 4684 quem
2433 4615 2654 4684 sapiunt
2678 4614 2860 4670 omnia
2899 4627 3022 4683 qua
3043 4611 3284 4681 sapiunt.

1945 4702 2185 4770 Christe,
2218 4709 2374 4772 pater
2404 4689 2666 4768 clemens,
2693 4701 3046 4771 perfectaque
3073 4713 3392 4769 summaque
3423 4701 3550 4756 vita.

2014 4795 2132 4860 Quo
2168 4792 2300 4848 vivit
2325 4806 2538 4848 summo
2569 4794 2753 4847 vivere
2784 4791 3052 4862 quidquid
3083 4790 3269 4857 habet,

1945 4881 2159 4938 Christe
2199 4883 2361 4947 Deus,
2397 4883 2554 4951 cujus
2583 4881 2754 4937 totius
2783 4879 3034 4936 machina
3066 4878 3254 4934 mundi

2019 4973 2114 5026 Est
2139 4985 2387 5042 regnum,
2420 4971 2514 5040 qui
2548 4984 2658 5027 non
2683 4984 2878 5026 sensus
2916 4970 3072 5026 obire
3104 4972 3308 5038 potest,

1947 5059 2162 5116 Christe
2192 5061 2355 5125 Deus,
2397 5061 2556 5129 cujus
2587 5059 2655 5114 de
2688 5073 2858 5130 regno
2891 5059 3041 5114 venit
3065 5058 3121 5112 in
3153 5057 3258 5112 ista

2021 5151 2130 5206 Lex
2167 5151 2310 5206 enim
2343 5156 2555 5220 regnat,
2581 5150 2921 5218 justitiaque
2954 5148 3128 5218 vigor.

1949 5238 2184 5307 Christe,
2218 5246 2374 5310 pater
2398 5239 2658 5306 clemens,
2693 5253 2724 5294 a
2754 5252 2864 5308 quo
2903 5237 3176 5293 divertere
3204 5235 3314 5292 labi
3345 5241 3449 5303 est,

2021 5329 2082 5383 In
2113 5343 2274 5398 quem
2305 5328 2552 5386 converti
2581 5341 2828 5398 surgere.
2863 5325 3111 5382 Pradico
3142 5331 3217 5392 te,

1951 5419 2188 5487 Christe,
2218 5421 2362 5476 Deus
2381 5419 2642 5484 clemens,
2673 5432 2704 5472 a
2743 5430 2855 5487 quo
2884 5416 3170 5472 discedere
3200 5427 3349 5472 mors
3384 5420 3489 5483 est,

2025 5510 2092 5564 Et
2120 5508 2177 5564 in
2208 5523 2370 5578 quem
2415 5506 2636 5580 regredi
2666 5507 2795 5572 vita,
2831 5518 3053 5562 manere
3082 5504 3252 5560 salus.

1956 5597 2171 5655 Christe
2198 5599 2361 5665 Deus,
2394 5597 2500 5654 nisi
2531 5596 2818 5666 deceptus.
2859 5595 3009 5666 quod
3038 5607 3198 5653 nemo
3229 5592 3514 5666 relinquit,
