4122 6184
525 306 661 364 1255
1635 290 1924 348 ALPHANI
1962 285 2405 346 SALERNITANI
2448 284 2654 342 ARCHI
2666 286 2767 341 EP.
3018 296 3019 299 ‘
3772 284 3909 340 1256

589 436 760 503 Quem
789 428 897 486 nisi
925 425 1286 498 praemonitus
1312 433 1561 491 quaarere
1590 430 1753 473 nemo
1781 416 1944 472 valet.
2176 416 2230 475 A
2314 412 2541 483 Agmina
2566 413 2656 481 jus
2685 415 2935 466 sanctum
2966 422 3132 465 cerne
3163 405 3410 478 professa
3442 412 3617 465 tuum.

521 497 759 588 Christe,
793 497 950 590 pater
980 516 1241 579 clemens,
1283 524 1443 581 quem
1479 522 1589 564 non
1618 507 1723 563 nisi
1755 506 2094 577 puriﬁcatus,
2256 504 2387 559 Haec
2414 500 2670 567 benedic,
2702 499 2911 571 illoque
2941 513 3099 555 sacro
3129 497 3398 569 perfunde
3436 497 3677 568 liquore,

594 614 716 668 Non
747 587 863 665 nisi
893 605 1186 663 mundatus
1216 599 1445 663 invenit,
1477 598 1673 653 invoco
1704 603 1779 652 te.
2324 593 2492 658 Quem
2522 589 2717 656 Patris,
2761 596 2926 659 atque
2956 594 3084 644 tuus
3112 588 3348 658 Spiritus
3375 587 3550 643 almus
3578 589 3771 654 habet,

526 701 762 768 Christe,
799 712 899 769 per
927 696 1186 758 clemens,
1220 690 1288 747 ad
1321 703 1486 760 quem
1516 686 1876 752 contendere,
1898 697 2101 749 amare,
2254 680 2429 736 Cerne
2460 678 2798 745 sacerdotes,
2829 678 3019 734 levitas
3048 691 3233 744 cerne,
3268 676 3549 733 ministros

601 792 666 846 Et
697 768 858 859 quem
891 783 1232 853 conspicere,
1270 786 1353 836 est
1380 778 1517 834 illud
1547 778 1751 832 habere
1781 774 1930 845 quod
1961 780 2063 830 est.
2326 770 2587 826 Ecclesiae
2618 768 2885 838 reliquos,
2913 768 3108 838 vulgus
3138 773 3192 822 et
3223 780 3384 823 omne
3411 781 3590 822 suum.

529 857 764 945 Christe,
806 876 942 932 fides
971 873 1060 930 cui
1086 886 1188 929 nos
1215 884 1343 928 vera
1370 870 1591 935 excitat,
1623 867 1785 937 erigit
1817 871 1872 921 et
1900 878 2048 933 spes,
2256 862 2455 916 Omnes
2483 858 2839 926 conveniunt,
2874 864 2929 915 et
2959 857 3237 922 noctibus,
3260 863 3425 926 atque
3461 857 3660 913 diebus

599 968 787 1039 Jungit
814 979 987 1032 amor,
1030 976 1130 1034 per
1161 975 1322 1031 quem
1354 959 1623 1014 vincimus
1653 969 1815 1012 omne
1845 953 2064 1009 malum.
2329 949 2514 1015 Horis,
2547 948 2839 1004 momentis
2869 953 2923 1003 te
2961 949 3081 1002 sine
3114 946 3221 1003 ﬁne
3252 952 3479 1002 canunt.

530 1036 770 1123 Christe,
805 1062 964 1127 pater
995 1054 1259 1119 clemens,
1300 1049 1394 1120 qui
1427 1061 1529 1104 nos
1558 1044 1870 1102 miserando
1900 1042 2123 1100 reducis
2255 1039 2506 1097 Christus
2531 1052 2631 1109 pro
2660 1038 2932 1104 manibus,
2960 1037 3212 1094 Christus
3245 1050 3343 1106 pro
3376 1036 3602 1101 lumine,
3635 1036 3909 1093 Christus.

596 1146 677 1203 Ad
709 1151 783 1212 te,
808 1125 910 1215 qui
942 1157 1069 1199 vera
1094 1142 1285 1212 janua,
1317 1139 1448 1205 vita,
1480 1137 1565 1192 via
1594 1150 1673 1192 es.
2328 1130 2433 1184 Pro
2465 1127 2646 1193 labiis,
2675 1126 2926 1184 Christus
2965 1140 3066 1196 pro
3099 1126 3210 1181 lare
3241 1126 3427 1182 cordis
3466 1125 3692 1180 habent.

525 1236 744 1293 Christe
774 1236 938 1301 Deus,
973 1231 1201 1303 proprio
1232 1230 1327 1300 qui
1367 1242 1469 1285 nos
1507 1225 1750 1298 dignaris
1780 1224 2013 1288 honore,
2255 1218 2446 1275 Redde
2470 1218 2646 1299 vicem
2676 1217 2909 1283 vicibus,
2935 1216 3188 1272 meritum
3220 1215 3538 1285 meritisque
3570 1215 3838 1284 repende.

594 1326 809 1395 Quique
841 1321 1164 1379 cohaeredes
1192 1333 1295 1376 nos
1326 1318 1461 1374 facis
1491 1332 1611 1373 esse
1652 1324 1815 1382 tuos;
2329 1310 2513 1363 Mutua
2543 1306 2768 1376 majoris
2796 1311 2925 1361 sunt
2963 1305 3065 1360 tibi
3097 1305 3275 1360 danda
3309 1304 3494 1360 modo.

502 1416 635 1491 Pax
663 1392 806 1480 mea,
848 1411 968 1467 laus
1022 1423 1163 1475 mea,
1222 1421 1350 1479 spes
1396 1420 1536 1472 mea,
1590 1418 1678 1460 res
1724 1416 1844 1458 mea
1893 1400 1986 1456 lux
2033 1413 2173 1467 mea,
2256 1398 2404 1465 Quos
2434 1395 2635 1451 dilecta
2667 1395 2775 1450 tuis
2812 1392 3064 1450 manibus
3104 1393 3344 1464 plantata
3375 1393 3609 1449 decores

1839 1490 2103 1561 [Christe,
2330 1486 2497 1541 Vinea
2526 1483 2804 1555 producit,
2838 1490 2896 1539 tu
2936 1484 3076 1553 lege,
3111 1483 3344 1549 Christe,
3379 1483 3591 1538 botros.

588 1592 870 1659 Glorifico,
898 1602 1134 1646 veneror
1164 1593 1238 1656 te,
1272 1585 1564 1651 benedico,
1597 1582 1742 1640 colo.
2258 1577 2378 1632 Non
2407 1574 2480 1630 sit
2507 1587 2708 1639 amara,
2741 1586 2948 1629 nocens
2976 1585 3088 1628 non
3119 1578 3306 1628 extera
3336 1572 3461 1627 vitis
3491 1572 3544 1626 in
3576 1570 3691 1635 illa,

523 1683 596 1738 Te
627 1681 806 1737 solum
838 1680 1017 1745 laetor,
1049 1682 1103 1732 te
1133 1677 1310 1733 solum
1339 1674 1575 1746 gaudeo,
1607 1671 1786 1728 solum
2328 1666 2398 1720 Ut
2422 1662 2599 1733 rapiat
2625 1661 2836 1718 fructus
2867 1662 2993 1717 hinc
3023 1661 3201 1717 aliena
3231 1675 3442 1716 manus.

595 1769 935 1839 Amplector,
967 1766 1155 1836 cupio,
1187 1764 1380 1834 diligo,
1414 1775 1625 1833 quaero,
1659 1773 1881 1829 sequor.
2183 1760 2230 1816 B
2258 1756 2408 1809 lianc
2438 1754 2619 1817 Pater,
2652 1752 2794 1808 hanc
2828 1751 3092 1807 Dominus
3116 1752 3263 1821 jugis
3292 1750 3540 1806 custodia
3571 1755 3779 1811 servet,

524 1857 717 1914 Omnia
747 1857 794 1912 si
828 1855 1023 1910 fierent
1056 1852 1336 1908 rutilantia
1374 1851 1555 1906 sidera
1584 1849 1808 1918 linguae,
2328 1844 2449 1899 Sint
2486 1848 2541 1897 et
2571 1842 2619 1897 ei
2651 1856 2813 1911 sepes
2839 1855 2987 1911 spes,
3019 1855 3193 1904 amor,
3227 1847 3390 1910 atque
3419 1839 3575 1894 ﬁdes.

596 1948 713 2002 Hoc
744 1950 801 2001 et
829 1957 996 1999 arena
1025 1941 1211 2007 maris,
1245 1952 1433 1995 semen
1464 1945 1519 1993 et
1546 1937 1673 1993 soli.
2257 1936 2432 2003 Atque
2463 1946 2586 1988 cum
2627 1932 2915 1988 cherubim
2945 1931 3247 1986 munimina
3278 1938 3406 1985 sunt
3438 1928 3703 1999 paradisi,

525 2037 639 2093 Hoc
670 2036 815 2091 enim
846 2038 1017 2105 guttae
1049 2029 1338 2102 pluviales,
1375 2028 1581 2082 littoris
1610 2025 1799 2092 undae,
2017 2058 2023 2063 -
2330 2022 2583 2092 Undique
2612 2021 2931 2092 rhomphaea
2971 2021 3217 2075 ﬂammea
3246 2019 3409 2076 vallet
3446 2034 3527 2074 ea.

595 2128 915 2193 Cunctaque
945 2136 1070 2192 quae
1100 2119 1285 2175 nullus
1322 2118 1633 2173 dinumerat
1665 2128 1946 2181 numerus,
2972 2110 3199 2165 XXXIV.

523 2216 644 2272 Non
671 2213 772 2270 tibi
803 2225 905 2283 pro
935 2209 1147 2267 meritis
1172 2206 1366 2263 laudes
1385 2205 1698 2276 persolvere
1729 2207 1976 2274 possent,
2527 2200 2613 2256 Ad
2643 2199 2901 2270 Gisulfum
2925 2199 3215 2271 principem
3243 2196 3657 2254 Salernitanum.

595 2302 931 2360 lmmeritum
961 2299 1098 2354 tanti
1129 2296 1278 2368 quod
1318 2296 1440 2362 tibi,
1470 2295 1709 2360 Christe,
1742 2291 1897 2348 facis.
2509 2289 2727 2344 Urbana
2760 2289 2945 2358 potius
2982 2287 3271 2344 nobilitate

526 2393 703 2451 Verba
733 2390 867 2448 mihi
897 2390 1073 2462 pietas
1101 2387 1323 2459 pietatis
1353 2385 1514 2456 plena
1543 2383 1783 2448 dedisti;
2402 2378 2507 2433 Pro
2538 2384 2691 2434 certo
2732 2377 2869 2432 nihil
2901 2383 2984 2433 est
3014 2378 3154 2444 sola,
3189 2375 3336 2446 quod
3367 2382 3523 2432 actus

595 2483 676 2540 Ad
702 2489 778 2551 te,
811 2494 921 2552 qua
956 2478 1192 2545 veniam,
1232 2481 1361 2532 sunt
1390 2488 1453 2531 ea
1487 2474 1674 2541 verba,
1707 2473 1816 2527 via.
2404 2468 2640 2523 Munitos
2672 2468 2888 2538 probat,
2922 2472 2977 2524 et
3009 2473 3207 2523 cuncta
3240 2464 3458 2522 refellit.

526 2575 663 2629 Dum
692 2578 747 2626 te
777 2583 889 2626 non
921 2573 1139 2639 potero,
1173 2572 1369 2637 potero
1399 2569 1491 2619 tua
1520 2562 1686 2618 verba
1712 2559 1922 2627 videre,
2401 2558 2533 2624 Quae
2564 2557 2749 2627 prodit
2779 2556 2990 2626 levitas,
3025 2557 3256 2612 maxime
3289 2555 3569 2625 princeps.

600 2660 778 2717 Verba
807 2658 905 2714 Dei
934 2657 1173 2712 Verbum
1203 2654 1319 2710 visa
1353 2652 1543 2708 videre
1573 2651 1804 2707 dabunt.
2170 2701 2185 2707 ,
2507 2646 2784 2716 Quidquid
2817 2660 3013 2716 nempe
3045 2646 3205 2715 probi
3246 2643 3489 2715 possidet
3519 2643 3694 2707 orbis,

529 2751 709 2809 Verba
740 2762 882 2805 novo
923 2754 1015 2804 tua
1043 2751 1172 2802 sunt
1201 2744 1381 2800 mellis
1418 2742 1642 2799 condita
1671 2753 1891 2812 sapore,
2411 2738 2528 2793 Hoc
2561 2741 2734 2792 totum
2766 2737 3014 2806 probitas
3042 2734 3248 2792 fecerat
3278 2735 3458 2799 Urbis,

599 2846 770 2911 Quem
800 2837 969 2896 semel
999 2834 1319 2899 imbuerint,
1352 2831 1429 2887 nil
1468 2831 1575 2886 nisi
1603 2829 1765 2886 dulce
1796 2828 1960 2899 sapit.
2402 2828 2571 2893 Quam
2600 2840 2819 2882 servare
2850 2826 3021 2891 domi,
3054 2825 3375 2895 militiaeque

526 2936 716 2991 Sermo
754 2941 896 2986 novo
928 2933 1055 2982 tuus
1084 2928 1168 2980 est
1198 2921 1450 2994 perfusus
1479 2924 1721 2976 aromate
1759 2919 1908 2984 vitai,
2403 2914 2653 2970 Decrevit
2690 2912 2874 2969 stabili
2899 2916 3023 2984 jure
3052 2920 3298 2969 senatus.

601 3023 722 3079 Vita
752 3016 1112 3076 cadaveribus
1141 3015 1300 3083 cujus
1329 3011 1501 3068 odore
1531 3010 1698 3066 redit.
2474 3004 2551 3059 Tu
2580 3003 2782 3058 virtute
2812 3003 2979 3058 animi
3006 3003 3277 3072 corporis,
3310 3008 3366 3057 et
3394 3001 3445 3055 vi

531 3114 687 3167 Hunc
716 3109 837 3164 sine
868 3112 923 3162 te
950 3103 1135 3160 nullus
1166 3102 1346 3173 potuit
1374 3101 1581 3156 sentire
1610 3111 1861 3169 saporem
2202 3096 2245 3153 C
2401 3096 2675 3162 Augustos
2711 3091 2981 3162 sequeris,
3015 3091 3164 3147 nulla
3194 3088 3416 3147 Catonis

598 3200 760 3264 Usus,
792 3201 848 3251 et
880 3194 987 3249 hoc
1019 3191 1139 3246 sine
1169 3196 1224 3245 te
1255 3188 1440 3244 nullus
1463 3187 1636 3243 odore
1659 3185 1784 3241 fuit.
2404 3184 2478 3238 Te
2507 3182 2678 3238 vincit
2704 3182 2962 3253 gravitas,
2995 3182 3147 3237 solus
3177 3180 3398 3236 haberis

531 3289 610 3344 Tu
640 3298 816 3342 novus
853 3297 914 3339 es
939 3280 1146 3347 cordis,
1179 3292 1340 3348 quem
1372 3276 1576 3342 fundis,
1611 3276 1668 3330 in
1697 3289 1794 3331 ora
1825 3273 2115 3343 liquorem,
2405 3273 2483 3328 Ex
2510 3270 2699 3327 mundi
2730 3272 2969 3328 dominis
2998 3272 3102 3327 rite
3134 3276 3433 3340 superstes.

613 3377 803 3445 Tuque
837 3370 986 3442 quod
1016 3371 1072 3426 in
1102 3373 1315 3424 mentes
1347 3364 1554 3433 fundis,
1585 3377 1771 3419 aroma
1802 3375 2023 3427 novum,
2478 3361 2612 3428 Quis
2644 3361 2755 3429 jam
2790 3358 3088 3416 frondifera
3119 3366 3365 3428 tempora
3407 3360 3561 3412 lauro

534 3467 597 3522 1n
622 3478 729 3531 me,
771 3461 920 3533 quod
950 3459 1148 3525 fuerat,
1189 3469 1356 3527 sapor
1384 3454 1474 3510 hic
1513 3453 1747 3510 exclusit
1783 3464 2047 3515 amarum,
2410 3449 2562 3506 Miles
2593 3456 2646 3504 te
2667 3449 2860 3520 religat
2889 3448 3110 3520 dignius
3138 3462 3385 3518 usquam.

608 3554 675 3609 Et
703 3550 851 3622 quod
882 3548 1109 3614 fetebat,
1144 3545 1233 3601 hic
1265 3543 1458 3616 procul
1489 3543 1602 3613 egit
1631 3541 1789 3599 odor.
2410 3538 2464 3595 Si
2504 3536 2854 3608 Carthaginis
2878 3536 2970 3592 hic
2998 3537 3178 3593 victor
3206 3536 3419 3591 adesset

538 3645 681 3714 Ergo
712 3647 804 3698 tua
832 3638 983 3694 vitiis
1012 3636 1174 3707 longe
1197 3636 1398 3690 virtute
1429 3631 1687 3702 repulsis,
2411 3625 2612 3682 Consul
2644 3633 2843 3696 sponte
2872 3625 2973 3680 tibi
3013 3624 3237 3681 cederet
3267 3626 3404 3694 ipse.

608 3733 688 3788 Ne
720 3732 992 3800 repetant,
1027 3725 1232 3796 templo
1265 3730 1343 3790 tu,
1376 3725 1541 3789 Deus,
1575 3720 1683 3776 hoc
1713 3718 1914 3775 reside.
2482 3715 2728 3785 Tarpeiae
2760 3714 2939 3770 solitae
2969 3728 3197 3770 cernere
3228 3727 3393 3783 rupes

537 3824 636 3889 Tu,
668 3823 831 3887 Deus,
860 3819 967 3875 hoc
999 3815 1200 3881 reside,
1243 3811 1478 3869 defende
1508 3809 1836 3872 forinsecus,
1870 3806 2021 3862 intus
2416 3805 2683 3860 Victrices
2710 3804 2942 3875 aquilas,
2976 3804 3230 3874 protinus
3269 3804 3414 3859 omni

610 3909 859 3975 Custodi,
895 3907 1092 3962 domus
1121 3904 1242 3959 haec
1271 3907 1331 3958 ut
1362 3900 1465 3956 tibi
1493 3904 1609 3955 tota
1637 3901 1813 3954 vacet.
2414 3894 2574 3951 Pulsa
2604 3894 2886 3961 muastitia,
2918 3895 3152 3950 Caesaris
3188 3900 3308 3949 aeta

539 4003 676 4056 Dum
703 4009 892 4054 moror
921 3996 978 4050 in
1013 3993 1199 4062 terris,
1231 3990 1468 4046 habilem
1500 4002 1585 4044 me
1616 3986 1701 4042 fac
1722 3985 1826 4042 tibi
1856 3984 2013 4056 regni
2414 3982 2662 4040 Gaudent
2691 3982 2928 4053 praeside
2959 3990 3013 4039 te
3051 3996 3213 4053 posse
3253 3981 3458 4038 novari.

591 4090 723 4144 Post
761 4085 1149 4149 habitatorem,
1181 4080 1617 4150 participemque
1646 4075 1746 4131 tui.
2485 4072 2668 4128 Gallos
2695 4086 2929 4143 namque
2960 4072 3131 4129 duces
3163 4071 3305 4128 colla
3332 4070 3530 4141 ligatos

544 4180 612 4234 Et
637 4175 896 4246 quoniam
927 4172 1081 4241 prius
1119 4183 1199 4236 es,
1235 4167 1491 4237 quoniam
1533 4164 1755 4234 pietatis
1792 4176 1978 4219 amore
2414 4161 2655 4231 Antiquo
2684 4161 2940 4232 gravibus
2977 4174 3130 4217 more
3161 4161 3388 4226 catenis,

618 4263 869 4334 Protegis
895 4260 1192 4315 humanum
1223 4253 1611 4325 compatiendo
1641 4265 1836 4323 genus,
2416 4251 2528 4307 Nec
2556 4250 2758 4307 vidisse
2783 4252 2955 4322 juvat,
2988 4251 3043 4306 ni
3083 4250 3304 4306 videant
3331 4262 3475 4304 nunc

546 4349 1027 4423 Archiapostolici,
1059 4348 1153 4419 qui
1187 4345 1424 4403 culmine
1463 4342 1635 4414 fulget
1662 4341 1894 4398 honoris
2417 4341 2530 4396 Hos
2558 4353 2589 4395 a
2619 4346 2672 4395 te
2702 4340 2927 4410 reprimi
2968 4342 3136 4396 Marte
3168 4340 3395 4396 recenti.

618 4448 855 4514 Protege
883 4439 1227 4511 Gregorium,
1259 4436 1372 4492 scis
1400 4432 1550 4503 quod
1589 4444 1771 4486 amare
1811 4431 2049 4485 Petrum.
2216 4434 2266 4493 Β
2494 4428 2713 4496 Paulos,
2748 4434 2801 4484 et
2830 4428 3051 4496 Fabios,
3093 4428 3510 4497 Corneliosque,

547 4535 823 4606 Septimus
850 4532 907 4587 in
936 4541 1166 4585 numero
1197 4525 1517 4596 vigilantum
1548 4534 1774 4577 munera
1799 4525 2010 4589 septem
2423 4518 2719 4586 Gracchos,
2752 4519 3055 4584 Fabricios,
3089 4520 3261 4574 Roma
3290 4515 3565 4579 Lucullos,

620 4621 909 4679 Possideat
935 4631 1153 4687 semper
1183 4613 1418 4670 flaminis
1446 4611 1541 4667 illa
1569 4610 1670 4666 tui.
2426 4610 2499 4664 Te
2526 4608 2644 4665 viso
2677 4614 2963 4675 memorat,
2996 4607 3193 4677 hisque
3226 4606 3466 4671 decenti,

488 4772 493 4777 ,
550 4714 681 4769 Cum
713 4708 920 4781 populo
956 4720 1119 4777 reges
1148 4704 1206 4759 in
1236 4715 1371 4773 pace
1402 4699 1581 4756 favete
1612 4696 1824 4764 ﬁdeles,
2424 4699 2593 4766 Quem
2623 4696 2824 4752 virtute
2856 4711 3040 4767 parem
3081 4701 3373 4761 monstrat,
3407 4699 3462 4749 et
3492 4692 3682 4748 armis.

623 4799 824 4865 POSSil,
852 4804 913 4854 ut
941 4794 1207 4853 Εςοιθδίεε
1236 4797 1353 4847 tuta
1383 4802 1603 4845 manere
1634 4786 1811 4856 quies.
2498 4787 2626 4842 Hac
2657 4800 2919 4842 mucrone
2949 4792 3044 4841 ιιιο
3075 4785 3327 4855 frangere
3357 4780 3545 4854 Pyrrhi

554 4894 832 4961 Deprecor
861 4885 1086 4957 Agnetis
1118 4882 1325 4952 reginae
1353 4877 1439 4935 fac
1468 4874 1817 4961 memoreris,
2066 4902 2071 4905 -
2424 4876 2539 4929 Jam
2571 4872 2795 4930 festinat
2822 4887 2979 4944 Opes,
3011 4872 3405 4943 Annibalisque

628 4959 760 5047 Quae
792 4988 982 5047 regum
1011 4971 1171 5043 Regi,
1201 4983 1393 5039 seque,
1426 4978 1694 5034 suumque
1720 4960 1892 5018 dedit.
2430 4963 2699 5017 Fortunas
2728 4969 2964 5030 veteres,
2997 4966 3162 5032 atque
3192 4959 3427 5029 furores,

562 5072 636 5128 Te
672 5065 938 5125 desiderii
968 5073 1236 5127 memoro,
1261 5060 1422 5113 Pater
1452 5054 1659 5126 optime
1690 5050 1884 5123 patris,
2431 5052 2500 5107 Ut
2530 5051 2763 5122 stringat
2791 5051 2972 5108 solitis
3000 5050 3214 5123 legibus
3243 5050 3453 5107 orbem.

632 5159 711 5214 Tu
741 5152 1036 5213 desideriis
1063 5161 1283 5219 semper
1316 5146 1508 5202 adesto
1539 5142 1673 5199 suis.
3020 5140 3221 5195 xxxv,

563 5248 792 5306 Lumina
819 5240 1119 5300 luminibus
1146 5244 1320 5294 totum
1351 5234 1552 5306 quibus
1574 5229 1778 5301 aspicis
1806 5226 1994 5283 orbem
2468 5228 2555 5285 Ad
2579 5229 2872 5285 Guidonem
2896 5229 3116 5299 fratrem
3138 5227 3393 5299 principis
3411 5223 3759 5283 Salemitani.

636 5339 812 5394 Cerne
836 5346 936 5389 8110
974 5328 1158 5387 εῑυάίο
1189 5330 1392 5397 quam!
1419 5322 1649 5381 CaSimlS
1675 5317 1860 5374 habel-
2292 5318 2522 5391 Cognita
2559 5332 2721 5375 causa
2752 5320 2880 5385 mei,
2913 5317 3211 5374 fortissime
3239 5316 3437 5382 Guido,
3468 5314 3696 5385 vigoris,

568 5428 743 5483 Cerne
772 5420 1109 5481 domicilium
1147 5414 1454 5483 Benedicti,
1478 5408 1714 5470 contulit
1738 5418 1900 5462 omne
2365 5410 2527 5465 Sume
2556 5407 2688 5464 licet
2715 5408 2990 5464 modicum
3021 5407 3282 5463 carminis
3310 5406 3470 5475 hujus
3500 5417 3640 5474 opus

642 5515 758 5569 Hoc
786 5512 955 5568 decus
984 5507 1054 5564 ad
1082 5506 1299 5563 laudem
1328 5503 1567 5562 nominis
1595 5499 1714 5569 ipse
1753 5493 1856 5551 tui.
2294 5499 2414 5554 Non
2442 5495 2560 5552 fero
2590 5496 2826 5565 divitias,
2860 5509 3014 5553 amor
3042 5501 3147 5563 est,
3181 5496 3269 5552 cui
3299 5493 3483 5551 nullus
3519 5490 3761 5548 habendi

573 5605 747 5660 Cerne
778 5597 1140 5664 domicilium,
1170 5596 1319 5668 quod
1348 5600 1403 5653 te
1434 5589 1663 5651 custode
1694 5587 1954 5656 regatur;
2366 5586 2471 5642 Des
2508 5584 2613 5642 nisi
2643 5600 2766 5655 qua
2796 5584 2944 5657 larga
2974 5598 3199 5642 munera
3230 5583 3394 5655 digna
3418 5595 3601 5639 manu.
