4122 6184
216 293 350 351 1257
1759 299 1835 352 CA

1958 297 2078 352 lNA.
3246 291 3251 297 ’
3465 299 3602 356 1258

217 424 377 479 Fama
411 429 538 478 tuos
566 422 823 492 perhibet
850 427 1168 480 constanter
1196 423 1400 493 ubique
1439 421 1768 492 triumphos,

288 514 436 580 Quos
474 525 594 568 mea
632 525 742 568 non
782 514 989 582 patitur
1025 512 1369 568 dissimulare
1408 512 1545 583 lyra.

219 600 319 668 Qui
357 614 531 671 genus
558 614 591 655 a
618 614 808 671 regum
847 602 1121 657 contraxit
1148 602 1340 670 stirpe,
1375 600 1627 673 probaris

292 691 584 745 Cuaimarii
624 692 805 761 magni
845 691 993 746 ﬁlius
1022 704 1142 746 esse
1182 690 1360 745 ducis.

223 781 397 850 Hujus
424 779 479 833 in
511 779 744 849 imperio
774 794 898 849 quae
927 793 1074 835 nunc
1104 785 1188 834 est
1217 793 1403 849 parca,
1434 778 1693 835 Saiernus

294 871 580 940 Praecipua
616 869 754 927 Latii
784 870 955 927 ditior
982 870 1119 926 urbe
1158 868 1278 926 fuit.

228 962 498 1026 Lucanus,
539 960 973 1026 Beneventanus,
1014 959 1262 1025 Calaber,
1303 960 1612 1027 Capuanus,

298 1049 546 1119 Appulus
573 1049 702 1105 huic
730 1048 878 1105 bello
908 1049 1140 1119 quisque
1171 1048 1431 1104 subactus
1467 1053 1604 1103 erat.

229 1138 565 1208 Principium
604 1138 739 1209 lyris
770 1137 898 1210 (sic)
933 1137 1036 1193 fuit
1066 1138 1199 1194 urbs
1237 1144 1291 1192 et
1329 1138 1477 1207 regia
1516 1136 1676 1192 finis:

301 1229 420 1283 Non
451 1232 631 1283 tamen
662 1227 768 1284 hoc
796 1228 877 1283 uti
906 1226 1213 1283 sufﬁciebat
1241 1227 1311 1282 ei.

232 1317 437 1373 Extulit
468 1317 607 1372 hanc
645 1317 886 1387 Babylon
928 1316 1234 1387 peregrinis
1263 1315 1448 1381 rebus,
1480 1317 1537 1368 et
1564 1318 1731 1368 auro‘

303 1406 528 1477 Sphaera
556 1406 757 1474 quibus
786 1406 921 1461 solis
958 1405 1162 1460 accidit
1199 1403 1376 1473 ampla
1405 1402 1563 1458 locis.

235 1494 443 1550 [Emula
484 1496 742 1549 Romanae
774 1494 998 1548 nimium
1029 1492 1299 1562 Carthago
1338 1490 1532 1546 salutis

312 1584 545 1639 Plurima
577 1597 677 1653 pro
716 1584 867 1653 pacis
895 1582 1102 1639 foedere
1142 1583 1286 1637 dona
1327 1581 1501 1637 dedit.

236 1670 560 1726 Theutonici
584 1684 744 1741 reges
771 1670 960 1726 donati
997 1683 1144 1739 saepe
1174 1668 1327 1724 fuere

311 1760 702 1829 Magnificeque
732 1759 817 1814 sui
849 1758 1188 1828 ponderibus
1217 1758 1399 1827 pretii.

241 1849 373 1903 Tum
412 1847 726 1903 medicinali
757 1854 967 1902 tantum
1007 1847 1237 1902 ﬂorebat
1268 1848 1323 1901 in
1348 1852 1489 1910 arte,

314 1937 507 1991 Posset.
536 1943 596 1991 ut
634 1937 723 1991 hic
754 1935 936 1991 nullus
966 1935 1199 2006 languor
1229 1935 1432 1990 habere
1471 1933 1672 1989 locum.

243 2024 348 2080 Sed
381 2030 668 2095 postquam
710 2023 901 2095 patriae
940 2030 1096 2094 pater
1122 2031 1176 2079 et
1205 2030 1332 2079 tuus
1368 2030 1495 2078 ante
1525 2035 1748 2078 suorum

316 2115 421 2169 Ora
460 2115 897 2184 propinquorum
928 2113 1246 2169 confoditur
1273 2112 1491 2183 gladiis,

243 2203 522 2273 Quidquid
554 2203 756 2259 habere
788 2204 941 2272 prius
979 2203 1157 2258 fuerat
1195 2203 1314 2258 haec
1343 2202 1452 2258 vita
1482 2199 1721 2265 decoris,

319 2292 591 2348 Memento
624 2291 808 2361 periit,
847 2290 1029 2346 fumus
1058 2296 1113 2345 et
1141 2290 1333 2345 umbra
1369 2287 1493 2343 fuit.

248 2382 381 2435 Nam
428 2380 578 2435 velut
626 2394 732 2435 una
781 2380 901 2436 lues
946 2393 1207 2449 pecorum
1239 2377 1382 2433 solet
1410 2377 1665 2432 omnibus
1704 2388 1896 2444 agmen

320 2472 458 2524 Aere
497 2475 760 2538 corrupto
799 2468 1088 2524 debilitare
1128 2467 1326 2532 modis,

250 2558 341 2613 Sic
366 2572 502 2628 gens
528 2558 804 2613 Gallorum
837 2570 1128 2612 numerosa
1159 2554 1315 2611 clade
1345 2552 1578 2619 Salerni,

322 2648 579 2716 Principe
618 2645 900 2712 detuncto,
942 2645 1179 2716 perculit
1215 2657 1376 2700 omne
1415 2642 1613 2699 solum.

250 2738 374 2792 Non
405 2736 524 2791 sine
554 2736 740 2792 divino
771 2743 907 2791 nutu
946 2734 1177 2790 fortasse
1218 2732 1419 2788 ﬁebat:

326 2825 550 2880 Viribus
590 2832 647 2880 ut
686 2825 843 2880 ﬁeret
872 2824 1070 2881 fortior
1099 2826 1216 2894 ipsa
1257 2824 1386 2878 tuis.

251 2914 499 2984 Denique
529 2914 615 2969 bis
652 2914 842 2970 novies
863 2914 1082 2984 juvenis
1112 2920 1206 2968 tua
1244 2912 1449 2968 nobilis
1487 2917 1618 2968 tetas

326 3003 489 3069 Solis,
521 3010 582 3057 ut
618 3002 897 3058 anfractus
924 3007 1164 3058 verterat
1193 3006 1248 3057 et
1278 3001 1509 3065 reditus,

254 3093 423 3147 Totus
461 3093 517 3147 in
547 3105 696 3147 arma
733 3092 868 3158 ruis,
902 3106 1081 3161 neque
1112 3098 1165 3147 te
1196 3091 1301 3146 nisi
1332 3103 1573 3160 congrua
1602 3088 1765 3143 beiils

328 3181 556 3237 Praemia
585 3180 882 3248 delectant,
916 3181 1235 3250 militiaeque
1266 3180 1411 3246 loci;

258 3270 519 3339 Impetus,
552 3270 652 3334 ira,
685 3268 859 3335 furor,
902 3269 1078 3336 labor,
1111 3268 1472 3338 impatientia,
1505 3266 1698 3329 virtus,

332 3358 566 3413 Motibus
595 3358 683 3413 his
711 3359 874 3413 etiam
914 3358 1163 3427 proxima
1191 3358 1239 3413 si
1268 3372 1375 3427 qua
1405 3362 1643 3410 manent.

260 3448 447 3514 Hasta,
481 3447 687 3502 micans
716 3447 892 3517 galea,
925 3448 1170 3517 clypeus,
1202 3447 1394 3511 lorica,
1429 3445 1708 3514 pharetra,

332 3535 577 3605 Suntque
619 3541 748 3601 tuae,
790 3535 1035 3605 sonipes,
1069 3550 1250 3602 arcus,
1278 3540 1333 3589 et
1371 3533 1539 3600 ensis,
1574 3545 1727 3601 opes.

258 3623 391 3691 Quis
419 3624 582 3680 modo
622 3624 948 3695 Phillyrides
975 3624 1124 3679 velut
1153 3631 1278 3678 ante
1310 3622 1541 3678 docetur
1569 3618 1766 3676 Achilli

333 3714 700 3769 Instrumenta
730 3715 831 3769 tibi
871 3715 1103 3769 luxuriae
1137 3714 1368 3769 tribuit?

264 3802 357 3858 Vir
385 3803 649 3859 citharam
681 3810 865 3860 tantus
893 3803 1023 3860 forti
1057 3804 1309 3874 pulsabat
1337 3803 1574 3868 inanem,

334 3893 503 3958 Quam
534 3906 799 3948 sensurus
829 3900 946 3949 erat
984 3895 1189 3949 Hector
1218 3899 1273 3948 et
1311 3892 1428 3962 ipse
1468 3904 1648 3946 manu.

262 3982 384 4037 Non
412 3981 552 4037 adeo
583 3982 764 4051 potuit
798 3988 1007 4038 tantum
1038 3982 1253 4037 diversa
1282 3982 1536 4037 voluntas

333 4073 375 4125 A
404 4070 574 4125 semel
606 4071 844 4140 incoepta
875 4079 928 4126 te
971 4071 1265 4140 prohibere
1296 4071 1400 4125 via.

265 4159 489 4216 Publica
528 4161 791 4217 continuo
821 4175 981 4231 quam
1017 4163 1140 4231 jura
1170 4161 1358 4216 labore
1385 4160 1526 4215 tueri

340 4250 529 4305 Vivere
569 4263 678 4306 non
729 4257 973 4318 praestat,
1012 4251 1095 4305 vel
1136 4251 1349 4305 ratione
1379 4248 1505 4304 frui.

268 4339 386 4393 Hoc
414 4338 595 4393 animo
625 4338 817 4406 sedet;
860 4338 1267 4408 interdumque,
1300 4338 1372 4394 sit
1410 4337 1543 4393 utile
1574 4334 1841 4407 quamvis,

344 4427 571 4482 Privatis
600 4426 838 4481 studium
870 4437 981 4481 non
1019 4427 1283 4481 adhibere
1314 4426 1512 4494 placet.

269 4517 535 4572 Omnibus
563 4529 839 4571 armorum
878 4515 1126 4584 quaesitis
1154 4514 1321 4568 rebus
1358 4514 1424 4568 ad
1455 4527 1632 4578 usum,

345 4606 611 4661 Hostilem
641 4619 832 4660 versus
860 4603 1015 4672 signa
1046 4616 1231 4659 moves
1261 4603 1455 4683 aciem.

269 4697 407 4750 Sunt
438 4695 493 4749 in
536 4697 752 4750 Lucana
784 4699 977 4763 portus
1014 4693 1240 4763 regione
1274 4689 1470 4755 Velini,

343 4785 457 4850 Qua
489 4784 855 4839 Britianorum
885 4782 1043 4838 vallis
1070 4794 1282 4837 amoena
1307 4781 1493 4849 jacet;

274 4874 449 4940 Hanc,
490 4874 749 4943 quoniam
778 4873 940 4942 longe
970 4871 1168 4937 fuerat,
1209 4868 1478 4925 ditissima
1511 4879 1714 4931 rerum,

346 4961 680 5018 Subdiderat
708 4964 930 5033 penitus
959 4975 1094 5032 gens
1122 4959 1342 5014 inimica
1380 4957 1507 5013 sibi.

270 5052 378 5130 Hic
407 5058 501 5107 tua
540 5052 819 5121 praecipue
851 5051 1027 5121 patuit
1063 5048 1212 5119 quod
1243 5048 1469 5103 dextera
1499 5049 1726 5114 posset;

348 5140 616 5195 Hostibus
653 5139 772 5195 haec
802 5140 956 5196 duris
992 5151 1187 5209 magna
1216 5137 1374 5193 ruina
1402 5134 1544 5200 fuit;

273 5231 518 5297 Quorum
552 5230 710 5285 turba
748 5235 843 5286 tuo
884 5227 1232 5284 numerosior
1259 5225 1474 5296 agmine
1507 5221 1699 5285 multo,

352 5320 420 5374 Et
458 5317 559 5374 tibi
588 5332 700 5374 non
730 5319 888 5374 miles
925 5323 1182 5373 strenuus
1211 5315 1391 5372 omnis
1430 5318 1567 5369 erat.

274 5409 447 5463 Parva
476 5414 659 5463 manet
687 5408 870 5463 socios
898 5407 1016 5462 laus
1052 5406 1108 5460 in
1148 5404 1446 5461 certamine
1485 5406 1677 5465 tanto;

350 5498 444 5551 Est
473 5496 732 5552 diuturna
771 5496 933 5551 nimis
969 5495 1144 5567 gloria
1173 5499 1375 5550 cuncta
1413 5492 1535 5548 tibi.

274 5584 449 5640 Irruis
478 5585 623 5641 inter
652 5592 753 5653 tot,
786 5587 933 5642 sicut
966 5585 1075 5652 leo,
1117 5584 1286 5640 millia
1316 5581 1489 5647 solus,

499 5693 740 5753 PATROL.
769 5694 1012 5751 CXLVII.

1879 427 1933 486 Α
2024 424 2089 477 Et
2118 420 2307 492 perdis
2334 427 2523 478 sontes
2552 422 2704 478 caede
2742 428 2970 493 repente
2999 425 3166 481 viros.

1948 512 2164 568 Occidit
2192 512 2281 567 hic
2305 512 2511 581 jaculo,
2545 513 2705 567 ﬂatus
2732 512 2861 568 huic
2890 516 3075 584 cuspis
3104 515 3327 583 ademit,

2020 602 2261 657 Obrutus
2290 606 2345 657 et
2374 601 2499 656 telis
2526 602 2775 671 pluribus
2806 602 2898 658 ille
2930 606 3092 673 perit.

1951 691 2071 746 Non
2103 690 2290 758 clipei,
2331 703 2442 745 non
2475 689 2661 745 loricae
2693 692 2995 747 munimina
3026 707 3229 763 corpus

2024 778 2314 834 Custodire
2344 779 2526 834 valent
2552 779 2699 849 quod
2740 781 2908 836 semel
2941 795 3070 837 ense
3102 781 3251 837 feris.

1952 868 2222 935 Quaelibet
2251 868 2469 923 insidiis
2499 883 2607 925 non
2635 878 2717 925 est
2756 870 2855 925 tibi
2885 885 3015 926 cura
3054 870 3312 941 gerendis
3338 894 3351 939 ;

2024 957 2215 1012 Omnia
2245 958 2326 1011 vis
2363 958 2547 1022 audet,
2582 957 2729 1012 fraus
2769 959 2868 1014 tibi
2907 960 3056 1013 nulla
3086 960 3285 1028 placet.

1955 1044 2016 1099 Vi
2057 1051 2289 1114 pereunt
2327 1046 2533 1115 plures,
2564 1046 2701 1117 fugit
2730 1053 2784 1102 et
2822 1053 2947 1117 post
2986 1049 3143 1104 turba
3182 1053 3483 1118 superstes,

2028 1136 2094 1189 Et
2132 1134 2258 1189 data
2287 1135 2483 1190 victori
2508 1141 2635 1191 sunt
2674 1136 2817 1192 bona
2860 1143 3056 1192 cuncta
3097 1137 3214 1192 tibi.

1957 1223 2096 1291 Quid
2127 1225 2328 1279 meruit
2357 1224 2555 1291 laudis,
2589 1226 2676 1280 cui
2717 1234 2901 1281 tantus
2931 1233 3173 1283 cesserat
3202 1227 3379 1282 hostis

2031 1314 2307 1368 Hactenus
2336 1314 2591 1379 invictus,
2624 1315 2716 1383 qui
2752 1315 2914 1371 modo
2952 1317 3129 1371 victus
3159 1316 3357 1372 adest?

1960 1403 2132 1471 Majus
2161 1415 2301 1457 onus
2338 1409 2534 1473 coeptae
2565 1402 2665 1458 fuit
2696 1409 2751 1458 et
2791 1406 3148 1474 praesumptio
3180 1419 3397 1476 pugnae,

2034 1492 2138 1547 Sed
2170 1492 2358 1551 vitium
2389 1492 2581 1559 virtus,
2622 1493 2799 1562 palma
2839 1494 3059 1564 repellit
3097 1509 3259 1551 onus.

1963 1581 2119 1636 Nune
2156 1580 2407 1636 residens
2444 1582 2549 1636 alta
2584 1582 2704 1652 pale
2749 1582 2875 1653 (sic)
2914 1584 3079 1638 castri
3113 1585 3289 1640 victor
3321 1583 3377 1639 in
3408 1583 3530 1639 aula

2036 1669 2218 1725 Taedia
2242 1671 2354 1739 jam
2384 1671 2575 1740 patria:
2607 1671 2750 1727 unde
2780 1671 3038 1742 fugentur
3066 1672 3254 1729 habes.

1907 1753 2130 1827 BSpem
2162 1759 2325 1825 modo
2364 1759 2541 1815 fecisti
2573 1762 2720 1830 quod
2754 1762 2967 1831 possint
2995 1768 3195 1817 caetera
3223 1761 3389 1829 vinci,

2044 1849 2109 1902 Et
2137 1848 2299 1903 subdi
2338 1850 2483 1917 quod
2527 1864 2635 1905 non
2674 1851 2841 1905 credo
2873 1850 3039 1905 fuisse
3078 1864 3256 1905 suum.

1979 1936 2181 1991 Sicilia:
2213 1938 2376 1992 tellus
2413 1938 2647 1994 Arabum
2688 1939 2918 1993 miratur
2955 1953 3234 2005 acervum,

2048 2028 2194 2094 Quos
2228 2035 2354 2083 tuus
2381 2027 2499 2097 ipse
2531 2027 2685 2083 dedit
2715 2029 2879 2092 ensis,
2915 2036 2971 2083 et
3009 2028 3165 2084 hasta
3195 2028 3340 2084 neci.

1975 2116 2240 2171 Gentibus
2268 2121 2323 2170 et
2351 2115 2547 2170 validis
2585 2117 2770 2183 timor,
2807 2123 2862 2171 et
2893 2130 3030 2173 nova
3056 2130 3221 2172 causa
3250 2117 3485 2183 timoris,

2052 2204 2120 2257 Ut
2142 2202 2319 2257 fuerat
2347 2203 2572 2257 Macedo
2604 2205 2871 2258 maximus
2902 2204 2995 2259 ille
3028 2218 3187 2273 puer.

1980 2279 2085 2347 Fa'c
2112 2291 2281 2361 igitIIr
2306 2293 2489 2346 vincas
2518 2292 2886 2362 quodcunque
2922 2297 3211 2363 repugnat,
3244 2297 3301 2348 et
3329 2294 3496 2349 instat

2050 2380 2290 2442 Civibus.
2322 2386 2377 2434 et
2408 2382 2645 2449 perimas
2674 2396 2909 2450 quaeque
2937 2380 3131 2436 nociva
3162 2387 3343 2451 putas.

1980 2471 2123 2525 Laus
2151 2476 2206 2524 et
2235 2469 2414 2524 honos
2453 2471 2719 2538 equitum,
2760 2470 2959 2537 Cuido,
2994 2478 3046 2525 te
3087 2470 3291 2526 nobilis
3329 2484 3462 2525 usus

2053 2562 2339 2613 Armorum
2380 2557 2543 2612 faciet
2572 2559 2803 2613 Caesaris
2835 2572 2957 2614 esse
2989 2573 3195 2630 parem.

1983 2649 2099 2702 Jam
2142 2646 2294 2715 prius
2322 2653 2554 2717 augusto
2584 2647 2814 2703 dederat
2846 2655 2935 2703 tua
2968 2649 3120 2703 curia
3149 2661 3351 2703 nomen
3377 2668 3391 2714 ;

2056 2736 2167 2789 Nos
2197 2748 2418 2804 quoque
2450 2736 2715 2790 debemus
2746 2737 2852 2791 hoc
2882 2736 2982 2791 tibi
3014 2750 3237 2802 nomen,
3280 2749 3472 2805 eques.

1985 2828 2152 2892 Quam
2175 2839 2433 2893 cuperem
2466 2840 2658 2895 posses
2678 2827 2913 2895 (poteris
2936 2827 3093 2895 puto)
3122 2828 3325 2893 Caesar,
3351 2831 3411 2880 ut
3433 2824 3641 2880 orbem

2057 2914 2563 2983 Constantinopolis
2591 2915 2830 2970 subdere
2860 2929 3025 2986 regna
3056 2915 3177 2970 tibi.

1988 3003 2253 3071 Tempora
2282 3002 2589 3072 Caesarium
2608 3010 2870 3072 quantum
2903 3012 2993 3058 tua
3025 3009 3281 3073 posceret
3309 3016 3501 3057 aurum

1927 3082 1968 3140 C
2057 3093 2282 3159 Sceptra
2314 3105 2525 3157 manus,
2558 3092 2818 3147 humeros
2849 3107 3111 3161 purpura,
3134 3105 3345 3162 gemma
3377 3090 3565 3160 pedes.

1986 3181 2063 3234 Tu
2102 3180 2235 3233 satis
2258 3193 2287 3232 a
2320 3180 2533 3233 Parthis
2561 3180 2805 3235 auferres
2834 3181 3085 3235 concitus
3113 3180 3299 3234 armis.

2060 3268 2294 3337 Pignora
2324 3271 2636 3323 Graecorum
2668 3276 2871 3338 quanta
2913 3268 3143 3337 pudoris
3172 3268 3397 3322 habent.

1988 3362 2135 3424 Quos
2163 3370 2342 3425 neque
2369 3356 2645 3425 pestifera:
2675 3365 2957 3411 servarent
2986 3357 3095 3410 tela
3127 3356 3398 3424 pharetra:

2060 3448 2172 3500 Nec
2211 3452 2448 3515 punctus
2487 3446 2663 3514 rapidi
2690 3447 2918 3516 grandia
2948 3460 3142 3522 cursus
3173 3445 3321 3514 equi.

1989 3537 2215 3603 Jamque
2253 3534 2391 3599 vale,
2424 3534 2519 3587 sed
2561 3535 2628 3588 ab
2659 3534 2743 3588 his
2769 3534 2934 3588 rebus
2965 3534 3232 3589 desistere
3258 3533 3394 3588 noli.

2065 3622 2333 3695 Eyigiient
2360 3623 2601 3678 studium
2631 3625 2816 3679 Graeca
2847 3623 3096 3692 trophaea
3127 3629 3300 3678 tuum.

2710 3767 2935 3821 XXXVI.

2300 3873 2386 3927 Ad
2426 3872 2623 3942 Gosfrit
2661 3873 2955 3943 episcopum
2992 3874 3338 3927 Aversanum.

2141 3976 2346 4035 Gosfrit
2377 3979 2697 4047 pontiﬁcum
2728 3979 2936 4034 laetitiae
2974 3992 3171 4048 penus,

2144 4068 2449 4138 Perlongus
2477 4068 2659 4123 valeas
2689 4084 2861 4138 usque
2893 4069 2992 4123 tibi
3026 4068 3165 4123 mala

2358 4158 2578 4213 Possint
2617 4157 2766 4212 nulla
2796 4168 3018 4213 nocere.

2143 4248 2430 4317 Nunquam
2468 4246 2610 4302 livor
2639 4247 2797 4312 edax,
2832 4247 2932 4312 ira,
2964 4246 3243 4315 superbia,

2147 4336 2437 4392 Fwdavere
2477 4342 2628 4391 tuum
2661 4343 2854 4404 pectus
2881 4335 3159 4389 amoribus

2360 4427 2425 4480 Et
2455 4427 2657 4481 virtute
2690 4420 2976 4495 repletum.

2146 4513 2291 4567 Nulli
2322 4526 2555 4583 namque
2587 4514 2759 4584 magis
2788 4527 2949 4582 quam
2980 4512 3078 4568 tibi
3110 4512 3350 4568 charitas

2148 4603 2215 4657 Se
2247 4602 2455 4672 prodit,
2497 4603 2709 4658 meritis
2748 4604 2905 4674 cujus
2943 4603 3011 4659 ab
3049 4603 3258 4673 impetu

2365 4694 2434 4747 Es
2464 4692 2606 4749 liber
2635 4696 2913 4749 vitiorum.

2148 4783 2320 4837 Nemo
2360 4789 2411 4836 te
2444 4782 2703 4852 cupidum
2735 4782 2875 4838 dixit
2905 4783 3246 4852 episcopum,

2149 4871 2261 4925 Nec
2292 4870 2438 4926 dicet
2478 4872 2733 4939 penitus:
2779 4890 2806 4918 «
2852 4871 3053 4927 Praesul
3084 4885 3279 4926 avarus
3307 4882 3387 4936 es,
3423 4888 3450 4921 »

2368 4960 2500 5012 Dum
2532 4960 2604 5013 sit
2632 4960 2742 5013 vita
2766 4966 3065 5028 superstes.

2153 5044 2242 5100 Sic
2274 5046 2399 5100 vita:
2433 5046 2682 5115 placidus
2719 5048 2964 5103 moribus
2994 5048 3238 5117 undique

2156 5134 2420 5202 Suspieis,
2461 5134 2628 5191 veluti
2661 5150 2827 5205 quum
2858 5136 3084 5191 rutilum
3115 5136 3248 5206 ligat

2367 5226 2570 5278 Aurum
2600 5223 2832 5279 Sardina
2860 5238 3091 5293 gemma.

2156 5310 2498 5380 Resplendes
2529 5313 2683 5381 pario
2716 5326 2986 5367 marmore
3020 5312 3231 5380 purius,

2157 5397 2394 5470 Eﬁ'ulges
2425 5414 2587 5456 roseo
2613 5400 2731 5456 sole
2763 5399 3075 5455 micantius.

2367 5492 2532 5557 Quam
2561 5491 2638 5547 sis
2676 5504 2839 5546 cerne
2879 5488 3137 5543 decorus.

2160 5580 2321 5634 Extra
2348 5582 2428 5636 sic
2459 5582 2703 5637 renitens
2742 5578 3029 5650 pulchrior
3067 5577 3215 5633 intus
3246 5591 3306 5633 es
3339 5597 3351 5631 :

3464 5680 3535 5734 4O
