4106 6178
495 278 632 336 1259

631 400 738 459 Sed
770 402 965 457 neutra
993 393 1180 466 specie
1209 389 1429 447 cuilibet
1464 387 1724 458 imparem

848 489 922 542 Te
961 483 1045 541 vel
1075 483 1260 538 dicere
1292 479 1372 534 fas
1401 483 1502 533 est.

635 583 714 638 Tu
753 579 846 635 lux
883 573 1164 636 Ecclesiae,
1207 567 1294 624 cui
1326 565 1489 622 modo
1528 563 1813 636 praesides,

635 672 713 726 Tu
744 665 878 725 cleri
910 665 1077 720 decus
1107 665 1160 714 et
1186 655 1522 728 praesidium,
1557 661 1664 710 tua

851 751 1033 809 Plebis
1061 761 1297 818 spesque
1337 745 1621 816 vigorque.

635 852 893 904 Aversum
922 839 1140 905 studiis,
1184 834 1545 907 philosophos
1575 833 1686 888 tuis

637 939 696 992 In
722 939 931 990 tantum
963 928 1209 997 reliquos
1238 925 1430 991 vincis,
1466 929 1524 978 ut
1556 922 1779 992 optimis

847 1022 1042 1089 Dispar
1070 1029 1182 1073 non
1214 1016 1290 1070 sis
1326 1011 1574 1070 Athenis.

631 1116 692 1171 In
723 1126 832 1184 quo
864 1108 1086 1167 condita
1116 1111 1244 1161 sunt
1273 1117 1496 1174 organa,
1530 1108 1583 1158 te
1615 1101 1776 1168 duce,

629 1207 760 1272 Qua:
786 1201 910 1272 plus
937 1195 1206 1254 Threiciis
1235 1194 1432 1249 sistere
1463 1191 1696 1248 mobiles

844 1291 1082 1347 Possunt
1120 1284 1350 1341 vocibus
1380 1296 1588 1338 amnes.

631 1386 842 1448 Grates,
875 1377 1245 1445 ParthenOpe,
1278 1372 1455 1444 dirige
1493 1371 1701 1438 Gallia,

637 1473 769 1543 Ejus
798 1466 1121 1526 muneribus
1150 1464 1277 1520 laeta
1311 1461 1460 1532 quod
1491 1460 1711 1516 obtines

855 1560 1086 1615 Tantum
1116 1554 1336 1624 taleque
1367 1551 1571 1606 lumen.

642 1647 894 1709 Caelestis
923 1645 1115 1719 patriae
1145 1642 1345 1700 Paulus
1373 1652 1693 1696 oeconomus

644 1744 779 1799 Tum
817 1738 990 1796 salvet
1025 1734 1306 1808 precibus,
1335 1730 1509 1803 gloria
1548 1725 1863 1800 praesulum,

854 1829 921 1884 Et
948 1828 1235 1883 conservet
1262 1822 1318 1876 in
1351 1833 1542 1876 aevum.

1201 1909 1454 1964 XXXVII.

807 2005 892 2062 Ad
930 2005 1172 2060 Attonem
1210 1999 1506 2069 episcopum
1548 1993 1832 2050 Teatinum.

636 2095 803 2154 Multa
828 2091 1128 2166 promittis,
1160 2087 1262 2144 tibi
1292 2100 1415 2156 quae
1446 2097 1648 2140 nocere

635 2187 760 2243 Rite
800 2181 1120 2246 debebunt;
1154 2189 1334 2245 neque
1363 2179 1415 2230 te
1446 2172 1660 2229 solutus

632 2276 890 2344 Proteget
917 2270 1082 2336 risus,
1125 2280 1228 2321 nec
1257 2264 1439 2320 honor
1461 2260 1675 2332 juvabit

845 2356 1126 2425 Praesulis,
1157 2358 1307 2411 Atto.

629 2455 794 2510 Sacra
823 2446 1145 2505 mendacem
1175 2454 1447 2498 canonum
1476 2445 1680 2495 statuta

633 2539 933 2598 Praesulem
965 2535 1247 2601 damnant,
1276 2535 1422 2586 vetat
1451 2534 1614 2599 atque
1643 2527 1836 2598 vulgus

633 2631 792 2702 Legis
820 2629 876 2685 in
913 2623 1292 2683 contractibus
1319 2617 1680 2690 approbando

847 2717 1040 2772 Dicere
1070 2711 1397 2784 quidquam.

632 2812 708 2866 De
740 2813 834 2864 tuo
865 2806 1036 2862 lectas
1063 2816 1230 2873 grege
1261 2807 1458 2870 sponte
1489 2811 1682 2853 vaccas

631 2901 737 2954 Sex
767 2895 922 2961 mihi,
966 2891 1215 2949 mirabile
1245 2889 1386 2946 forte
1426 2901 1623 2944 munus

631 2990 780 3044 Tunc
809 2983 1119 3041 inauditum
1149 2979 1296 3050 quod
1325 2984 1462 3045 erat,
1494 2976 1690 3032 Casino

844 3075 1024 3139 Teste,
1066 3068 1288 3126 dedisti.

630 3167 877 3232 Namque
907 3175 1005 3216 sex
1032 3159 1225 3214 harum
1252 3156 1402 3212 velut
1429 3156 1708 3211 intimates

631 3253 812 3309 Prima
842 3264 964 3306 cum
994 3248 1136 3304 Nino
1179 3245 1474 3315 Babylonis
1511 3244 1655 3299 altos

631 3339 893 3398 Condidit
923 3352 1131 3404 muros,
1174 3333 1543 3404 cataclysmus
1569 3333 1665 3388 illa

844 3428 1029 3484 Sensit
1057 3427 1115 3481 in
1153 3438 1300 3480 arca.

629 3519 880 3577 Omnium
904 3515 1128 3586 linguis,
1155 3512 1334 3569 avium
1362 3510 1627 3576 secunda,

633 3610 706 3679 Te
735 3607 890 3678 loqui
928 3605 1089 3676 plane
1121 3603 1333 3668 docuit,
1363 3602 1558 3656 beatus

633 3699 690 3755 Si
720 3697 830 3754 tuis
867 3697 1040 3752 scires
1069 3691 1274 3749 mundo
1303 3691 1384 3747 sic
1413 3689 1604 3746 Latina

848 3784 1101 3840 Reddere
1129 3781 1317 3838 verba.

631 3873 844 3931 Artium
882 3877 1094 3943 septem
1122 3869 1325 3926 studiis
1354 3872 1410 3924 et
1437 3865 1588 3924 omni

632 3964 780 4019 Pene
812 3962 1068 4018 doctrina
1106 3959 1285 4016 fuerat
1314 3958 1532 4029 perita;

633 4051 818 4119 Teque
847 4050 1106 4104 Timaeum
1146 4048 1298 4103 socio
1337 4043 1584 4102 Platonis

847 4137 1029 4191 Tertia
1057 4134 1302 4204 scripsit.

635 4228 837 4295 Quarta
867 4239 975 4295 qua
1021 4222 1152 4278 felix
1189 4219 1459 4277 recrearis
1487 4234 1679 4276 aurum

636 4317 866 4386 Semper
891 4329 922 4369 a
961 4313 1134 4368 cauda
1173 4311 1273 4367 tibi
1312 4308 1494 4366 sufï¬‚at
1530 4316 1735 4380 aptam,

639 4407 772 4473 Nec,
804 4404 919 4461 suis
947 4402 1146 4458 caelum
1177 4401 1284 4456 nisi
1325 4406 1377 4456 te
1414 4398 1609 4456 levarit

853 4491 1148 4560 Cornibus,
1181 4489 1311 4544 ibis.

637 4581 1043 4640 Semivestitum
1072 4580 1264 4652 genuit
1304 4577 1519 4634 cuculla

640 4671 839 4741 Quinta
869 4683 1157 4727 causarum
1188 4668 1446 4724 comitem
1477 4673 1691 4722 tuarum

640 4762 917 4826 Pontium,
948 4773 1072 4815 cum
1104 4772 1215 4828 quo
1245 4757 1363 4813 sine
1392 4757 1498 4813 fine
1529 4755 1761 4812 mendax

853 4850 1022 4904 Totus
1049 4847 1298 4902 haberis.

641 4939 910 4994 Febribus
939 4943 993 4992 te
1022 4940 1176 4992 sexta
1211 4940 1398 4990 tuetur
1427 4934 1582 4989 atris.

640 5027 896 5084 Floribus
924 5025 1067 5080 laetis
1102 5023 1432 5094 speciebus;
1469 5021 1657 5078 herbis

642 5119 739 5174 His
767 5123 863 5174 tuo
892 5115 953 5170 fit
981 5113 1266 5170 stomacho
1296 5111 1532 5169 salubris

859 5204 1018 5261 Potio
1048 5203 1213 5259 truci.

641 5295 698 5351 Si
729 5301 910 5366 potes,
952 5291 1066 5349 noli
1097 5289 1252 5358 mihi,
1285 5287 1486 5360 praesul
1515 5290 1665 5355 Atto,

643 5384 800 5440 Ultro
828 5381 1047 5439 mentiri
1073 5402 1086 5446 ;
1121 5379 1242 5435 cole
1270 5378 1373 5446 sic,
1413 5377 1645 5432 amicum

643 5475 714 5528 Ut
743 5473 904 5530 decet
930 5471 1138 5540 fidum;
1170 5469 1272 5526 tibi
1301 5481 1427 5525 mox
1464 5479 1566 5524 nec
1591 5464 1700 5522 ulla

859 5562 1031 5617 Causa
1056 5558 1299 5616 nocebit.

2164 390 2217 448 Î‘

1609 264 1900 320 ALPHANI
1941 260 2382 319 SALERNITANI
2418 258 2732 316 ARCHIEP.

2921 376 3194 433 XXXVIII.

2445 488 2531 544 Ad
2573 484 2984 543 ï¬‚ammabantÂ»
3015 497 3235 554 puerum
3267 479 3653 536 sclwlasuwm.

2438 593 2870 650 Trausmundum
2904 589 3131 646 metrica
3169 587 3330 644 laude
3363 599 3586 643 sorores

2369 686 2596 755 Dignum
2637 681 2800 737 dulce
2831 679 3003 735 melos
3033 679 3239 748 ï¬ngere
3273 677 3474 741 doctae,

2371 777 2440 830 Ut
2461 786 2559 828 vos
2587 785 2722 826 voce
2754 769 2980 838 quidem
3011 767 3177 822 vult-is
3207 771 3386 831 acuta,

2370 863 2460 918 Vel
2495 860 2682 916 thBbi
2714 859 2925 914 cithara
2965 858 3132 912 dicite
3163 856 3333 911 dulci.

2444 952 2544 1006 Hic
2576 948 2890 1004 Aristotelis
2920 945 3238 1016 philosophi

2373 1044 2628 1096 Versutas
2655 1039 2897 1102 hereses,
2931 1039 3094 1105 atque
3125 1033 3369 1089 Platonis

2373 1133 2566 1186 Fastus
2594 1127 2822 1197 eloquii,
2857 1139 3043 1180 mense
3075 1138 3175 1194 per
3202 1135 3402 1178 annum

2374 1222 2492 1276 Uno
2524 1232 2664 1288 pene
2693 1216 2922 1272 studens
2951 1219 3068 1269 arte
3107 1211 3326 1277 refutat,

2440 1310 2556 1376 Qua
2589 1319 2700 1362 non
2729 1304 2908 1360 Attica
2938 1303 3033 1357 dat
3060 1303 3279 1356 vincere
3317 1312 3529 1365 norma,

2375 1399 2480 1454 Sed
2510 1397 2696 1452 Zetina
2724 1394 2904 1464 palus,
2937 1393 3100 1448 noxia
3129 1403 3348 1459 semper

2375 1486 2571 1543 Crudis
2599 1483 2890 1548 cardiacis,
2924 1481 3281 1550 utericisque,

2379 1580 2445 1632 Et
2468 1575 2676 1646 splenis
2705 1573 2839 1628 vitio
2867 1571 3085 1626 vindice
3117 1569 3311 1640 passis.

2449 1663 2672 1720 Deridet
2698 1661 2938 1718 studium
2967 1672 3116 1730 saepe
3153 1659 3422 1721 decenne,

2380 1759 2446 1810 At
2474 1752 2695 1823 quando
2723 1750 2878 1817 libet,
2913 1750 3022 1805 hoc
3051 1752 3235 1803 monte
3267 1745 3482 1806 relicto,

2377 1845 2558 1899 Lzetus
2586 1839 2764 1897 tendit
2793 1852 2860 1895 eo
2890 1843 3138 1907 tempore
3168 1835 3315 1890 veris

2375 1934 2548 1989 Causa
2586 1937 2694 1986 tam
2723 1929 2888 1985 citius
2918 1927 3086 1983 multa
3115 1923 3348 1981 sciendi.

2445 2023 2640 2077 Fertur
2677 2017 2848 2074 corde
2877 2021 3041 2072 tenus
3070 2015 3150 2070 sic
3179 2011 3434 2069 homilias

2371 2108 2738 2179 Quadraginta
2777 2107 2967 2176 legens
2995 2104 3160 2170 scire,
3192 2101 3290 2158 sed
3321 2100 3434 2157 illic

2371 2201 2503 2255 Nam
2534 2202 2661 2268 post
2699 2203 2781 2251 tot
2819 2194 3050 2261 reditus,
3090 2192 3335 2248 muneris
3374 2189 3537 2258 hujus

2371 2290 2578 2358 Expers
2615 2299 2844 2356 prorsus
2871 2284 3047 2349 adest,
3080 2287 3272 2351 utpote
3311 2278 3544 2350 pridem.

2440 2377 2642 2432 Versus
2669 2381 2779 2430 tam
2809 2375 2951 2429 bene
2989 2372 3095 2426 scit
3123 2369 3452 2440 Virgilianos

2370 2467 2598 2522 Discens
2625 2479 2656 2519 a
2686 2477 2881 2533 puero,
2914 2475 3076 2532 quam
3115 2460 3257 2516 bene
3287 2458 3439 2514 novit

2370 2558 2516 2624 Quos
2546 2556 2683 2610 irata
2714 2552 2886 2608 libros
2916 2551 3042 2622 igne
3074 2547 3283 2621 Sibylla

2368 2644 2700 2709 Combussit,
2733 2641 2882 2712 quod
2915 2653 3010 2696 eos
3039 2639 3224 2695 renuit
3251 2641 3482 2705 emptor.

2439 2733 2596 2789 Tales
2623 2731 3008 2803 grammaticos
3035 2721 3206 2783 mittit
3233 2729 3487 2782 Aternus.

2370 2824 2469 2880 Hic
2498 2823 2705 2879 oblivio
2736 2822 2816 2876 sic
2841 2822 2993 2890 juxta
3025 2817 3211 2888 perosi

2368 2912 2600 2978 Amoris,
2635 2908 2998 2981 philosophos
3035 2907 3247 2976 praebet
3275 2905 3500 2960 inertes.

2373 3001 2583 3057 Felices
2613 3001 2814 3070 quibus
2851 2998 2970 3054 haec
3009 2995 3230 3066 cognita
3267 3007 3380 3049 non
3419 2999 3520 3048 est.

2449 3091 2526 3156 Si,
2558 3088 2953 3152 Trausmunde,
2996 3085 3130 3142 mihi
3170 3083 3370 3150 credis,
3402 3081 3597 3143 amice,

2371 3179 2466 3235 His
2494 3179 2575 3235 uti
2613 3177 2813 3234 studiis
2842 3176 3032 3232 desine
3061 3172 3318 3238 tandem;

2369 3271 2474 3324 Fac
2503 3282 2665 3324 cures
2697 3266 2950 3323 monachi
2989 3264 3132 3320 scire
3163 3261 3493 3333 professum,

2370 3359 2440 3412 Ut
2469 3371 2596 3412 vere
2637 3355 2861 3426 sapiens
2898 3367 3020 3409 esse
3048 3350 3276 3423 puteris.

2935 3459 3170 3516 XXXIX.

2413 3571 2500 3628 Ad
2538 3568 2869 3628 Guillelmum
2906 3566 3232 3634 monachum,
3272 3562 3692 3634 grammaticus.

2371 3682 2528 3750 Saepe
2558 3684 2613 3734 te
2644 3679 2758 3734 risu
2799 3690 2937 3747 puer
2965 3674 3212 3732 afï¬‚uenti

2374 3769 2542 3822 Nocte
2583 3773 2709 3836 post
2737 3778 2950 3822 coenam
2979 3761 3224 3828 memini,
3255 3758 3565 3823 Cuillelme,

2371 3858 2541 3924 Quam
2570 3855 2736 3912 modo
2767 3853 2958 3910 laudas
2987 3851 3152 3908 nimis
3178 3849 3493 3921 improbare

2589 3946 2726 4000 Rem
2755 3943 3171 3999 monachorum.

2373 4036 2495 4092 Non
2535 4034 2606 4089 sit
2637 4032 2865 4089 effectus
2894 4031 3043 4102 quod
3083 4031 3140 4086 in
3169 4029 3257 4085 his
3279 4026 3533 4084 voluntas

2377 4123 2569 4191 Ullius,
2605 4123 2799 4180 saltem
2829 4135 3008 4192 neque
3040 4133 3140 4190 pro
3173 4117 3375 4175 tuenda

2378 4216 2518 4284 Lege
2545 4220 2756 4268 naturae
2783 4211 2904 4268 sine
2942 4210 3193 4266 instituta

2591 4303 2736 4357 Voce
2766 4300 2989 4370 prioris.

2377 4395 2538 4448 Veste
2579 4391 2726 4461 quod
2765 4390 2914 4460 pulla
2947 4387 3187 4447 referant
3214 4386 3517 4448 volucrem,

2375 4482 2473 4537 Cui
2503 4480 2610 4536 frui
2639 4480 2878 4551 lymphis
2907 4481 3074 4536 toties
3111 4482 3344 4550 negatur

2377 4575 2435 4626 In
2465 4585 2563 4626 sua
2594 4569 2804 4626 lactens
2832 4568 3052 4639 quoties
3080 4566 3325 4623 manebit

2589 4659 2799 4714 Arbore
2830 4658 2986 4713 ï¬cus.

2377 4748 2578 4805 Divites
2606 4755 2818 4804 tantum
2849 4746 3050 4803 merito
3080 4746 3275 4801 beatos

2377 4839 2508 4892 Esse
2537 4837 2818 4901 narrabas,
2849 4835 3052 4904 quibus
3080 4833 3171 4888 hic
3210 4831 3279 4888 ad
3311 4842 3467 4886 usum

2377 4926 2573 4982 Factus
2599 4926 2894 4981 humanum
2925 4924 3046 4980 sine
3070 4920 3215 4978 mole
3247 4923 3473 4990 praestat

2588 5014 2779 5070 Omnia
2800 5012 3066 5069 mundus.

2378 5105 2499 5173 Ipse
2529 5103 2597 5158 de
2628 5117 2862 5173 quorum
2891 5113 3122 5158 numero
3157 5097 3329 5164 fuisti,

2378 5193 2476 5248 Cui
2515 5197 2600 5249 tot
2627 5195 2848 5249 Aversa:
2885 5189 3088 5246 studiis
3124 5194 3344 5244 acutum

2376 5281 2648 5352 Oppidum
2679 5295 2878 5338 census
2907 5278 3064 5335 dedit
3098 5283 3267 5348 atque
3295 5274 3476 5332 dulcis

2590 5369 2817 5427 Culmen
2846 5369 3101 5426 honoris.

2378 5461 2483 5516 Per
2509 5460 2588 5516 tui
2617 5473 2886 5517 summum
2914 5457 3116 5529 capitis
3144 5457 3410 5528 vigorem,

2380 5550 2591 5619 Perque
2621 5555 2896 5608 tantorum
2925 5547 3190 5605 comitum
3217 5544 3535 5609 cohortem.

3741 244 3886 299 Î¹ÎµÏ‰
