4106 6178
218 275 342 330 I261

391 401 485 457 Dic
523 401 656 471 quid
686 402 759 457 ob
787 416 967 460 causa
1007 403 1270 474 proﬂtens
1303 405 1528 462 subsisti

566 492 721 558 Quod
754 493 1101 561 reprobaras.

383 581 495 636 Nec
527 581 662 636 satis
692 582 848 650 pensi
880 596 982 638 nec
1003 583 1233 639 honoris
1263 584 1374 638 ulla

387 669 634 740 Dignitas
675 671 893 726 tandem
925 672 1142 727 miseris
1171 673 1405 728 catervis

385 758 698 815 Liberasset
727 774 835 827 me,
869 760 974 815 nisi
1007 767 1157 816 tutus
1188 763 1294 817 isto

564 850 694 903 Jure
724 848 966 904 fuissem.

383 938 616 992 Mundus
646 939 735 993 hic
770 939 939 994 vincit
970 939 1183 1009 laqueis
1207 941 1435 1005 amicos,

383 1027 512 1080 Cum
546 1028 747 1096 quibus
775 1035 902 1083 voto
935 1029 1157 1085 meliore
1189 1029 1340 1096 lusit,

379 1116 554 1184 Atque
586 1125 862 1172 momento
894 1116 1094 1186 spoliat
1130 1118 1233 1173 sub
1265 1131 1374 1174 uno

561 1205 746 1260 Rebus
776 1207 994 1274 opimis.

382 1293 497 1347 Hoc
527 1293 581 1347 in
611 1294 853 1364 antiquis
883 1301 1016 1364 puto
1046 1295 1284 1351 lectitari

383 1382 620 1450 Fabulis,
663 1383 811 1452 quod
842 1385 886 1439 si
922 1385 1194 1453 patienter
1221 1385 1397 1452 audis,

379 1471 630 1541 Congrua
669 1478 818 1528 certe
849 1475 1060 1529 ratione
1091 1472 1291 1529 factum

559 1562 681 1630 Ipse
710 1562 992 1630 probabis.

382 1648 509 1703 Plus
546 1648 692 1718 lupis
718 1652 879 1706 saevis
915 1651 1110 1708 vitiosa
1139 1650 1330 1720 vulpes

380 1738 582 1794 Belluis
619 1745 679 1796 ut
715 1755 813 1795 rex
849 1741 1012 1796 etiam
1042 1742 1267 1797 marinis

376 1826 518 1883 Nave
546 1842 644 1897 per
680 1834 908 1898 pontum
937 1831 1096 1887 fieret
1123 1830 1270 1887 leoni

553 1919 801 1974 Consulit
823 1919 924 1976 ire.

377 2005 508 2061 Inde
544 2007 827 2064 beluarum
855 2010 988 2080 vaga
1020 2011 1334 2081 multitudo,

380 2095 482 2149 Pro
511 2109 612 2152 suo
642 2110 876 2166 quaeque
906 2097 1108 2166 officio,
1152 2101 1410 2167 carinam,

377 2185 545 2240 Omne
575 2185 818 2242 naucleri
848 2187 1097 2244 subitura
1119 2190 1332 2259 jussum

552 2276 617 2330 Et
641 2275 801 2332 ducis
829 2277 1040 2348 implet.

377 2362 564 2420 Flante
593 2370 776 2434 vento,
811 2380 912 2434 per
941 2366 1166 2436 pelagus
1194 2367 1387 2422 levatis

370 2453 530 2508 Navis
568 2454 610 2508 it
638 2454 793 2521 velis,
834 2455 931 2511 sed
963 2463 1023 2511 ut
1053 2463 1134 2510 est
1172 2456 1227 2510 in
1259 2455 1426 2511 altum

373 2541 564 2610 Ducta,
595 2556 722 2599 mox
760 2543 1020 2600 frendens
1049 2544 1212 2599 nimis
1251 2544 1462 2600 esurire

548 2633 726 2688 Bestia
767 2633 954 2702 ccepit.

373 2721 542 2774 Ursus
581 2722 815 2776 immane
841 2721 988 2777 cadit
1017 2729 1166 2788 ante,
1199 2722 1471 2792 posthunc

371 2808 612 2864 Caeteros
641 2817 860 2875 mactat,
893 2810 1041 2866 velut
1079 2811 1332 2881 exigebat

369 2897 427 2950 In
461 2897 582 2952 dies
610 2898 817 2953 ventris
842 2899 990 2970 jugis
1018 2900 1295 2969 appetitus

545 2987 950 3058 Ingluviesque.

368 3072 494 3128 Sola
517 3076 628 3144 jam
668 3076 860 3146 vulpes
887 3077 992 3132 sibi
1031 3091 1155 3134 cum
1193 3077 1353 3134 leone

364 3162 606 3231 Despicit
636 3179 870 3234 pugnam
901 3165 1039 3233 fore,
1070 3180 1242 3236 seque
1281 3165 1507 3222 multum

364 3252 556 3321 Arguit
584 3254 739 3309 tarde
771 3254 958 3323 placiti
999 3255 1206 3311 laboris

541 3341 900 3412 Consiliique.

364 3428 496 3483 Tum
523 3443 684 3485 secus
713 3431 868 3486 littus
898 3445 1072 3501 prope
1102 3431 1351 3488 funerata

365 3517 507 3572 Mille
539 3532 823 3575 cervorum
864 3521 1063 3589 quibus
1102 3521 1157 3574 in
1189 3522 1427 3592 regenda

366 3606 552 3676 Puppe
582 3621 703 3663 sors
734 3615 898 3676 esset,
931 3609 1202 3664 titubante
1236 3612 1384 3679 jurat

537 3697 746 3752 Fraude
783 3697 991 3752 videre.

361 3787 430 3838 At
459 3783 547 3841 leo
575 3785 914 3843 descendere
953 3801 1130 3844 saevus
1159 3788 1307 3843 illam

364 3875 634 3943 Imperat;
668 3877 771 3932 hos
807 3877 1010 3933 ducere
1041 3876 1256 3934 fortiori

361 3965 477 4029 Quo
514 3964 658 4020 valet
687 3979 888 4031 cursu;
932 3967 1170 4023 caritura
1201 3972 1376 4024 morte

535 4055 722 4110 Paruit
749 4055 918 4112 ultro.

357 4141 600 4211 Cumque
630 4157 690 4198 se
721 4158 910 4214 rupem
950 4146 1448 4215 supereminentem

360 4229 569 4298 Ferret,
602 4234 721 4302 ejus
752 4247 862 4290 non
893 4248 1099 4301 comes,
1130 4235 1330 4306 inquit,
1362 4241 1546 4305 optem

361 4319 491 4374 Esse
519 4321 785 4390 naucleri,
826 4323 941 4379 fera
978 4327 1136 4394 cujus
1173 4331 1389 4381 exstant

536 4411 770 4467 Prandia
799 4418 1000 4468 nautae.
1030 4423 1034 4427 ’

357 4496 446 4551 Sic
484 4511 615 4553 suos
644 4501 880 4556 mundus
910 4501 1130 4571 perimit
1159 4515 1443 4571 sequaces,

357 4585 526 4655 Cujus
554 4590 778 4646 omnino
809 4591 1101 4646 metuenda
1129 4590 1294 4646 dona.

358 4674 623 4732 Dedicant
651 4680 797 4750 regis
824 4680 944 4736 vice
984 4684 1319 4751 purpuratos

535 4768 842 4837 Pauperiei.

355 4853 562 4922 Sponte
593 4869 740 4912 nunc
771 4871 957 4913 coram
994 4871 1198 4913 vacuus
1225 4857 1440 4912 latrone

355 4942 409 4996 Si
439 4943 564 5000 volo
593 4945 764 5001 saltus
803 4961 903 5016 per
929 4946 1292 5016 inhospitales

356 5034 529 5089 Canto
559 5048 772 5102 secure,
805 5039 924 5092 rota
963 5050 1048 5092 me
1079 5049 1184 5092 nec
1212 5035 1375 5103 hujus

532 5125 662 5178 Atra
693 5125 952 5181 revolvet.

354 5211 475 5266 Non
506 5211 638 5267 mihi
677 5215 949 5283 marsupia
989 5204 1148 5284 plena
1178 5212 1435 5280 nummis,

353 5298 475 5352 Non
509 5297 690 5354 honor
718 5300 919 5356 desunt
947 5301 1236 5372 epulaeque
1274 5311 1488 5370 regum,

354 5387 488 5442 Dum
518 5402 676 5443 ceres
714 5389 877 5445 detur
904 5390 1063 5445 simul
1098 5396 1154 5446 et
1182 5389 1375 5446 caleno

533 5476 698 5532 Plena
737 5478 908 5534 diota.

1733 285 2053 341 CARMINA.

2707 421 2812 478 XL.

2244 503 2330 558 Ad
2366 504 2780 564 Hildebrandum
2817 512 3260 576 archidiaconum.

2395 595 2604 661 Quanta
2631 598 2807 668 gloria
2839 604 3112 671 publicam

2325 683 2460 737 Rem
2493 687 2774 743 tuentibus
2804 689 2981 747 indita

2324 771 2482 842 Saepe
2505 775 2618 843 jam
2649 775 2834 846 fuerit,
2866 785 3014 837 tuam

2321 861 2694 920 Hildebrande
2733 869 3019 926 scientiam

2322 950 2424 1004 Hic
2453 951 2622 1008 latere
2655 957 2981 1023 putavimus.

2395 1041 2460 1094 Et
2499 1049 2772 1109 putamus.
2814 1047 2962 1104 Idem
2993 1064 3150 1107 sacra

2320 1128 2387 1182 Et
2415 1130 2664 1187 Latinum
2693 1133 2862 1192 refert
2889 1139 2994 1206 via,

2318 1216 2458 1273 Illud
2499 1226 2555 1276 et
2583 1223 2836 1292 Capitolii

2319 1307 2546 1364 Culmen
2585 1313 2842 1371 eximium
2870 1316 3104 1376 thronus

2319 1396 2540 1454 Pollons
2567 1400 2784 1470 imperii
2825 1405 3011 1463 docet.

2393 1487 2500 1542 Sed
2538 1489 2670 1558 quid
2700 1492 2862 1548 istius
2900 1495 3059 1553 ardui

2319 1574 2392 1629 Te
2420 1574 2645 1644 laboris,
2688 1585 2743 1635 et
2772 1583 2973 1640 invidae

2319 1664 2552 1722 Fraudis
2571 1672 2667 1723 aut
2691 1670 2860 1741 piget,
2883 1679 2977 1730 aut
2998 1675 3211 1745 pudet?

2323 1752 2381 1807 Id
2412 1754 2572 1812 bonis
2609 1760 2809 1815 etenim
2839 1762 2972 1818 viris

2316 1842 2474 1898 Peste
2515 1845 2639 1914 plus
2675 1849 2855 1905 subita
2886 1860 3068 1909 nocet.

2389 1931 2548 1988 Virus
2576 1934 2798 1993 invidia;
2836 1938 3014 1996 latens

2317 2019 2504 2077 Rebus
2531 2023 2590 2078 in
2621 2025 2839 2082 miseris
2875 2043 3030 2085 suam

2320 2109 2481 2165 Ponit
2510 2110 2963 2186 invaletudinem,

2313 2196 2519 2266 Hisque
2549 2213 2661 2255 non
2689 2202 2814 2258 aliis
2841 2217 3035 2261 necem

2315 2285 2380 2337 Et
2409 2287 2655 2354 pericula
2684 2289 2922 2348 confert.

2380 2375 2485 2429 Sed
2517 2383 2578 2432 ut
2604 2377 2923 2450 invidearis,
2949 2388 3006 2439 et

2309 2463 2431 2518 Non
2462 2471 2522 2519 ut
2557 2465 2823 2536 invideas,
2857 2471 3022 2527 decet

2310 2551 2383 2607 Te
2413 2554 2612 2622 peritia
2639 2570 2802 2626 quam
2842 2560 3003 2629 probi

2311 2642 2377 2696 Et
2415 2644 2548 2699 boni
2577 2645 2708 2703 facit
2747 2649 2910 2706 unice

2313 2731 2634 2802 Compotem
2665 2737 2845 2793 meriti
2875 2740 2988 2796 sui.

2379 2822 2550 2877 Omne
2584 2824 2797 2892 judicio
2829 2833 2923 2883 tuo

2308 2909 2406 2964 Jus
2444 2908 2607 2978 favet,
2647 2913 2768 2969 sine
2797 2929 2908 2985 quo
2938 2917 3072 2974 mihi

2310 2998 2483 3054 Nemo
2523 3004 2796 3072 propositi
2827 3007 2934 3062 mei

2309 3087 2401 3141 Vel
2443 3087 2644 3146 favoris
2671 3091 2912 3149 inediam
2966 3161 2978 3179 l

2306 3175 2662 3235 Praemiumve
2693 3187 2877 3249 potest
2905 3175 3057 3240 dare.

2375 3267 2572 3322 Cordis
2610 3270 2843 3327 eximius
2881 3272 3037 3343 vigor

2306 3353 2441 3409 Vitae
2473 3357 2676 3412 nobilis
2699 3360 2936 3427 optimas

2305 3442 2413 3496 Res
2441 3448 2628 3498 secuta
2659 3447 2897 3513 probant
2927 3449 3149 3518 quidem

2300 3530 2448 3585 Iuris
2485 3532 2785 3602 ingenium,
2817 3536 2982 3593 modo

2301 3619 2469 3689 Cujus
2505 3622 2718 3679 artibus
2757 3625 2948 3680 uteris.

2373 3709 2452 3763 Ex
2479 3710 2680 3779 quibus
2709 3718 2874 3782 caput
2902 3713 3118 3770 urbium

2301 3798 2473 3853 Roma
2498 3800 2721 3867 justior,
2754 3809 2810 3857 et
2849 3817 3023 3873 prope

2300 3885 2468 3941 Totus
2506 3887 2678 3954 orbis,
2712 3903 2804 3945 eas
2834 3891 2990 3947 timet

2303 3972 2455 4027 Saeva
2485 3973 2768 4031 barbaries
2796 3977 2977 4034 adhuc

2299 4061 2456 4117 Clara
2485 4069 2769 4122 stemmata
2799 4069 2972 4139 regio.

2372 4152 2468 4206 His
2496 4159 2551 4208 et
2579 4157 2976 4227 archiapostoli

2303 4241 2535 4299 Fervido
2564 4244 2748 4314 gladio
2779 4247 2927 4302 Petri

2298 4330 2508 4401 Frange
2547 4333 2737 4400 robur,
2769 4340 2825 4389 et
2852 4336 3089 4403 impetus

2299 4415 2451 4472 Illius
2487 4425 2644 4474 vetus
2673 4427 2732 4475 ut
2755 4422 2947 4491 jugum

2301 4505 2481 4574 Usque
2519 4508 2722 4563 sentiat
2750 4509 3022 4565 ultimum.

2367 4596 2577 4660 Quanta
2606 4599 2688 4651 vis
2717 4597 3082 4655 anathematis
3101 4607 3124 4654 γ

2295 4682 2570 4753 Quidquid
2603 4692 2657 4740 et
2687 4687 2886 4742 Marius
2917 4688 3073 4756 prius

2299 4773 2567 4842 Quodque
2594 4775 2769 4831 Julius
2807 4783 3033 4846 egerant

2300 4861 2526 4915 Maxima
2559 4876 2692 4917 nece
2731 4864 2988 4933 militum,

2297 4951 2442 5005 Voce
2481 4957 2540 5005 ut
2580 4952 2796 5008 modica
2825 4952 2978 5009 facis.

2365 5039 2534 5094 Roma
2575 5041 2707 5110 quid
2737 5042 3089 5112 Scipionibus

2294 5129 2632 5199 Caeterisque
2661 5131 2964 5197 Quiritibus

2296 5217 2497 5273 Debuit
2525 5233 2699 5289 mage,
2743 5235 2905 5290 quam
2936 5221 3036 5276 tibi

2292 5307 2460 5374 Cujus
2489 5315 2573 5362 est
2603 5309 2801 5363 studiis
2828 5324 2942 5365 sua;

2293 5394 2460 5450 Nacta
2490 5395 2575 5450 via
2613 5398 2920 5466 potentiae?

2365 5483 2466 5550 Qui
2498 5484 2670 5554 probe
2699 5486 2959 5555 quoniam
2987 5487 3122 5543 satis

2293 5571 2460 5626 Multa
2489 5573 2841 5630 contulerant
2871 5575 3015 5630 bona

3443 309 3579 366 1262
