4106 6178
530 289 674 347 1263

917 408 1137 473 Patriae,
1178 399 1542 473 prohibentur
1569 399 1624 447 et

917 501 1058 556 Pace
1098 494 1360 564 perpetua
1398 483 1525 548 frui,

921 586 1101 650 Lucis,
1135 585 1190 636 et
1217 573 1538 647 regionibus

988 677 1062 729 Te
1092 669 1314 740 quidem
1347 659 1676 734 potioribus.

919 761 1215 820 Praaditum
1245 753 1456 811 meritis
1484 752 1666 804 manet

915 850 1161 910 Gloriosa
1193 842 1511 917 perenniter

916 943 1059 1008 Vita,
1091 936 1303 994 civibus
1341 937 1402 987 ut
1430 928 1540 984 tuis

915 1024 1264 1099 Compareris
1301 1015 1586 1090 apostolis.

1275 1112 1408 1168 XLI.

765 1214 850 1271 Ad
879 1209 1201 1282 Stephanum
1240 1196 1559 1257 cardinalem
1599 1187 1934 1264 epitaphium.

523 1269 806 1380 Stephane
830 1269 1008 1374 qualis
1047 1299 1103 1353 in
1143 1294 1261 1351 sede
1298 1289 1467 1353 Petri,
1519 1287 1864 1380 quantusque
1909 1269 2169 1331 sacerdos

593 1365 904 1459 ﬁxstiteris,
936 1388 1088 1445 novit
1117 1382 1288 1440 Gallia
1317 1391 1438 1434 cum
1468 1365 1646 1438 Latio,

522 1485 709 1544 Edidit
736 1455 965 1548 haec,vet
994 1473 1243 1539 nutrivit,
1275 1466 1477 1524 timuit.
1510 1465 1628 1518 Hoc
1659 1455 1856 1548 amavit

593 1577 712 1631 Hoc
741 1578 793 1628 te
823 1547 1036 1634 dilexit,
1069 1559 1324 1631 compsit,
1357 1561 1413 1612 et
1441 1551 1591 1609 auxit
1620 1547 1785 1603 idem.

519 1662 738 1721 Iudicio
765 1669 1034 1717 canonum
1065 1665 1231 1709 noras
1261 1652 1471 1703 terrere
1501 1642 1787 1701 nocentes,

594 1755 660 1808 Et
689 1752 808 1807 sine
843 1750 963 1818 lege
995 1757 1120 1800 reos
1148 1738 1363 1810 legibus
1392 1731 1627 1803 erigere.

519 1840 810 1906 Nobilitas,
842 1815 1099 1908 gravitas,
1131 1826 1397 1898 probitas,
1430 1825 1486 1877 et
1514 1815 1714 1908 mentis
1750 1821 1997 1872 acumen,

594 1931 662 1985 Et
692 1906 866 1984 virtus
895 1921 1061 1978 animi
1091 1929 1283 1986 magna
1313 1911 1467 1966 fuere
1496 1906 1617 1962 tibi.

521 2018 773 2088 Quinque
803 2024 1093 2069 manere...
1125 2017 1245 2060 cum
1280 1999 1362 2056 sol
1393 1996 1657 2052 deberet:
1692 1991 1748 2046 in
1778 2001 1916 2044 urna

592 2077 821 2163 Clausus
850 2115 911 2158 es
937 2100 1062 2154 hac.
1093 2091 1361 2162 Requiem
1392 2086 1485 2141 det
1516 2081 1617 2138 tibi
1657 2078 1925 2135 Christus.
1967 2077 2157 2129 Amen.

794 2275 1132 2352 Epitaphium
1160 2268 1368 2327 Attonis
1401 2260 1631 2336 episcopi
1663 2255 1885 2352 Teatini.

519 2369 778 2431 Praesulis
804 2346 1022 2426 Attonis
1050 2359 1331 2420 tumulasti
1360 2353 1623 2417 membra,
1654 2346 1836 2405 Casini

590 2461 786 2519 Marsia
815 2460 904 2516 cui
934 2453 1128 2512 tribuit
1151 2452 1298 2522 justa
1338 2445 1522 2516 priora
1559 2439 1689 2495 tuis.

519 2553 682 2609 Istius
711 2550 856 2606 unde
887 2547 1050 2602 domo
1081 2537 1317 2597 manavit
1347 2534 1502 2604 origo
1533 2531 1840 2600 parentum,

590 2639 835 2710 Regibus
862 2649 893 2690 a
921 2631 1087 2690 Gallis
1116 2629 1261 2684 linea
1292 2625 1462 2710 ducta,
1487 2621 1670 2710 docet.

519 2700 868 2797 Principibus
906 2720 1098 2778 Marsis
1127 2721 1277 2773 satus
1315 2717 1399 2768 est
1436 2709 1504 2765 de
1534 2706 1706 2797 stirpe
1744 2700 2053 2770 Quiritum;

589 2795 743 2872 Mane
774 2827 896 2870 cum
927 2809 1076 2867 sedis
1103 2804 1290 2863 Thetis
1319 2803 1530 2858 honore
1561 2795 1732 2851 dedit.

516 2908 623 2963 Iste
655 2919 780 2961 nam
809 2900 1055 2959 Genitrix
1084 2908 1313 2967 operum
1343 2889 1444 2947 tibi
1472 2887 1625 2956 virgo
1657 2881 1879 2942 locavit,

588 2997 855 3050 Monstrat
883 2997 943 3046 ut
971 2986 1235 3044 Ecclesiae
1260 2985 1384 3053 jura
1415 2977 1680 3043 laborque
1719 2984 1854 3026 suae.

516 3087 669 3142 Unus
697 3083 996 3139 amicorum
1035 3077 1214 3148 qualis
1251 3086 1373 3129 cum
1403 3067 1656 3124 utiliores

590 3172 784 3228 Marsia
822 3169 906 3226 vel
936 3167 1124 3223 Thetis
1153 3163 1303 3219 novit
1333 3159 1560 3221 habere,
1593 3152 1715 3207 fuit.

518 3265 657 3320 Ante
697 3261 817 3317 dies
843 3265 1054 3328 septem
1093 3265 1255 3324 quam
1284 3248 1367 3304 sol
1397 3247 1453 3300 in
1485 3242 1731 3314 piscibus
1760 3243 1906 3294 esset

588 3354 776 3409 Annos
801 3347 1026 3419 triginta
1057 3348 1218 3400 natus
1245 3344 1300 3394 et
1329 3340 1455 3393 octo
1486 3332 1608 3389 fuit.

1249 3427 1430 3484 XLIII.

519 3530 708 3587 Leonis
737 3529 1086 3584 Romanorum
1129 3517 1440 3576 nobilissimi
1476 3509 1795 3585 epitaphium
1823 3505 2069 3576 scriptum
2098 3501 2164 3558 ab

814 3615 1056 3688 Alphana
1089 3607 1479 3680 archiepiscopo
1506 3600 1868 3688 Salernitano.

521 3709 638 3765 Hoc
671 3708 820 3777 jacet
849 3685 904 3760 in
934 3701 1144 3759 tumulo
1175 3702 1284 3754 Leo
1323 3696 1407 3751 vir
1431 3707 1541 3778 per
1570 3695 1768 3746 cuncta
1797 3685 1994 3751 ﬁdelis,

592 3795 752 3852 Sedis
780 3791 1100 3865 apostolica:
1142 3795 1389 3856 tempore
1419 3795 1530 3853 quo
1569 3779 1760 3849 viguit.

521 3886 710 3941 Romae
750 3863 933 3949 natus,
967 3895 1130 3951 opum
1159 3877 1344 3942 dives,
1373 3872 1602 3943 probus,
1636 3875 1692 3926 et
1723 3865 1856 3923 satis
1884 3863 1995 3920 alto

592 3972 866 4043 Sanguine
896 3974 1143 4025 materno
1174 3965 1499 4022 nobilitatus
1528 3964 1665 4016 erat.

522 4060 772 4118 Prudens
801 4064 856 4113 et
883 4058 1123 4126 sapiens,
1166 4060 1221 4109 et
1261 4051 1401 4108 coelo
1433 4063 1572 4119 pene
1603 4047 1704 4103 sub
1734 4043 1882 4101 omni

594 4147 824 4220 Agnitus
852 4151 908 4202 et
937 4143 1174 4200 celebris
1211 4152 1427 4207 semper
1456 4137 1513 4190 in
1541 4135 1687 4190 Urbe
1717 4144 1963 4188 manens.

522 4240 689 4314 Virgo
720 4246 806 4296 ter
831 4237 982 4294 senis
1008 4234 1188 4290 fuerat
1216 4244 1340 4287 cum
1369 4227 1485 4284 sole
1515 4225 1731 4290 diebus,

590 4329 818 4399 Quando
849 4339 1006 4384 suum
1043 4323 1169 4380 vita:
1208 4319 1423 4376 finierat
1451 4315 1706 4387 spatium.

525 4419 799 4488 (Carmina
827 4432 942 4489 qua:
968 4416 1251 4485 sequuntur
1277 4407 1438 4464 edidit
1466 4402 1742 4461 novissime
1769 4402 1832 4456 D.
1860 4401 2082 4457 Ouum
2111 4399 2168 4454 in

1021 4517 1177 4575 opere
1211 4512 1374 4570 supra
1412 4494 1672 4561 laudato.)

1258 4587 1435 4644 XLIV.

935 4681 1022 4739 Ad
1049 4675 1395 4736 Romualdum
1425 4670 1765 4728 causidicum.

702 4773 890 4831 Dulcis
919 4776 1128 4835 orator,
1156 4767 1452 4823 vehemens
1487 4761 1798 4833 gravisque,

1647 253 1932 312 ALPHANI
1974 248 2413 306 SALERNITANI
2451 246 2762 302 ARCHIEP.

2421 374 2569 428 Inter
2597 386 2788 428 omnes
2825 370 3134 427 causidicos
3165 382 3459 441 perennem

2425 461 2661 519 Gloriam
2686 463 2828 530 juris
2864 460 2985 527 tibi,
3018 458 3336 525 Romoalde,

2639 551 2901 606 Praestitit
2930 564 3078 605 usus.

2375 714 2378 718 Ι
2425 643 2496 696 Te
2536 641 2614 695 tui
2645 653 2844 695 census
2882 653 2987 708 ope
3015 637 3099 693 vel
3140 636 3355 706 paterni

2424 730 2567 785 lEris
2596 729 2884 799 insignem,
2917 727 3225 796 studiisque
3257 738 3438 780 mores

2425 822 2634 875 Aureos
2662 816 2986 872 sudantibus
3016 822 3071 870 et
3103 813 3428 884 propinquis

2638 905 2873 961 Protulit
2902 903 3090 969 orbis;

2425 998 2542 1054 Ulla
2571 1011 2732 1066 quem
2771 1009 3047 1064 nunquam
3082 993 3260 1063 potuit
3283 997 3478 1048 notare

2421 1086 2677 1142 Criminis
2714 1085 2886 1150 labes,
2928 1085 3168 1155 graviter
3197 1088 3476 1138 tenentem

2419 1177 2574 1231 Nunc
2605 1175 2707 1229 viri
2739 1173 3029 1243 prudentis
3058 1173 3260 1243 ubique
3300 1170 3514 1236 callem,

2635 1264 2791 1318 Nunc
2829 1261 3114 1332 sapientis.

2421 1352 2628 1408 Civium
2669 1350 2826 1417 nulli,
2859 1351 3038 1420 spatio
3077 1349 3178 1405 sub
3218 1349 3382 1420 hujus

2422 1441 2730 1511 Temporis,
2762 1439 2980 1495 fortuna
3012 1439 3308 1494 serenitate

2420 1530 2685 1586 Prtevalet
2716 1529 2896 1585 ridere
2937 1529 3149 1584 beatori

2633 1621 2799 1686 Quam
2831 1619 2931 1673 tibi
2963 1631 3157 1688 nuper.

2415 1713 2582 1777 Quam
2616 1709 2779 1764 nimis
2807 1708 2960 1763 dives
2989 1706 3149 1776 stipis
3187 1710 3243 1760 et
3281 1704 3591 1770 domorum,

2423 1798 2607 1865 Ruris,
2639 1805 2695 1852 et
2723 1801 2983 1866 quantum
3016 1793 3288 1864 probitate
3319 1792 3522 1857 clarus,

2422 1888 2663 1958 Conjuge
2695 1891 2750 1941 et
2779 1886 2922 1940 natis
2950 1883 3139 1951 fueris,
3168 1882 3428 1938 Salernus

2562 1976 2776 2046 Optima
2806 1975 2976 2031 novit.

2424 2069 2667 2136 Cumque
2697 2065 2777 2120 sic
2806 2062 2955 2130 felix,
2979 2070 3040 2119 ut
3069 2064 3124 2117 in
3157 2060 3290 2118 orbe
3321 2059 3490 2124 sidus,

2423 2157 2683 2220 Fulseris,
2719 2154 2975 2209 mundum
3008 2165 3168 2209 roseo
3193 2152 3467 2220 jacentem

2428 2244 2584 2299 Flore
2622 2243 2900 2313 sprevisti,
2941 2241 3100 2297 simul
3139 2245 3195 2295 et
3223 2252 3444 2295 suarum

2565 2333 2861 2390 Commoda
2891 2345 3094 2387 rerum.

2422 2423 2578 2490 Quod
2609 2423 2740 2478 licet
2767 2422 2938 2477 visum
2972 2419 3190 2490 populis
3219 2431 3459 2474 amarum

2423 2512 2523 2579 Sit,
2565 2519 2765 2576 tamen,
2798 2523 2883 2564 me
2909 2508 3094 2578 judice
3126 2507 3542 2576 comprobante,

2425 2602 2548 2656 Rite
2577 2599 2776 2665 fecisti,
2811 2599 3027 2668 potiore
3057 2598 3165 2652 vita

2565 2689 2953 2745 Perfruiturus.

2427 2779 2634 2835 Vivitur
2662 2778 2810 2848 quod
2841 2777 2931 2832 hic
2968 2776 3104 2832 libet
3132 2775 3390 2831 aestimari

2427 2870 2616 2924 Verius
2645 2875 2894 2934 mortem,
2928 2867 3126 2922 misere
3155 2865 3379 2920 dolores

2425 2959 2684 3029 Corporis
2711 2956 2946 3028 grandes
2975 2955 3281 3024 animaeque
3311 2965 3457 3008 cura:

2567 3049 2678 3102 Nos
2717 3047 2808 3102 ubi
2841 3045 3100 3115 perdunt.

2425 3140 2544 3193 Non
2573 3137 2639 3191 ab
2677 3137 2918 3205 inccepto
2949 3134 3074 3190 volo
3105 3131 3424 3202 paenitentis

2424 3230 2571 3283 More
2602 3225 2684 3280 vel
2715 3224 2902 3280 cordis
2932 3236 3181 3278 moveare
3211 3228 3384 3287 motu,

2423 3317 2522 3373 Cui
2551 3315 2685 3372 satis
2714 3319 2930 3370 constat
2957 3311 3074 3368 fore
3105 3310 3450 3381 profuturum

2602 3407 2873 3475 Spernere
2903 3401 3185 3458 mundum.

2991 3529 3142 3584 XLV.

1306 5190 1518 5246 Invitat.
1551 5187 1810 5243 IEthereo
1841 5185 1958 5255 regi
1989 5183 2178 5254 populi
2203 5180 2436 5251 jubilate
2468 5175 2777 5246 redempti;

1557 5276 1805 5347 Martyris
1833 5274 2046 5330 eximia:
2077 5272 2314 5328 subeunt
2346 5269 2435 5340 pia
2463 5266 2602 5324 festa
2629 5265 2866 5330 Sabinae,

1312 5369 1394 5424 Ad
1424 5371 1642 5422 noctem.
1674 5368 1732 5420 ln
1764 5363 1924 5419 labiis
1952 5361 2149 5418 diﬁusa
2178 5361 2286 5415 tuis
2316 5363 2399 5414 est
2429 5357 2602 5428 gratia
2630 5354 2832 5410 Christi
2858 5373 2870 5408 :

1665 5456 1964 5524 Propterea
2001 5449 2285 5506 benedixit
2315 5453 2368 5503 te
2407 5459 2625 5515 semper
2651 5446 2796 5499 Deus
2824 5441 2990 5498 idem.

1491 5561 1524 5600 a
1669 5540 2034 5599 Sanctificavit
2062 5552 2181 5595 eam
2208 5536 2493 5602 Dominus,
2525 5534 2619 5604 qui
2649 5531 2898 5590 condidit
2926 5529 3095 5587 illam.

3759 240 3894 294 1264

2356 3648 2689 3721 Epitaphium
2724 3647 2944 3704 Joannis
2973 3644 3301 3703 Salapitani
3326 3639 3633 3697 nobilissimi
3664 3641 3788 3696 viri.

2247 3768 2414 3835 Quam
2447 3763 2612 3821 fuerit
2639 3763 2792 3819 vetiti
2822 3762 3028 3818 crimen
3061 3757 3372 3816 miserabile
3405 3757 3561 3829 ligni,

2320 3858 2413 3912 Sat
2442 3861 2591 3925 patet
2621 3852 2836 3910 ex-solo
2866 3851 3013 3921 quod
3045 3851 3190 3921 perit
3209 3849 3389 3905 omnis
3417 3847 3604 3903 homo.

2249 3945 2581 4016 Simplicitas
2611 3956 2860 4014 puerum,
2883 3942 3139 4011 juvenem
3169 3939 3250 3994 vis
3279 3937 3428 3993 nulla
3458 3942 3666 4002 tuetur,

2320 4037 2431 4091 Nec
2460 4033 2602 4088 valet
2629 4032 2834 4102 ingenii
2865 4030 3059 4100 dogma
3099 4027 3280 4083 favere
3309 4027 3452 4082 seni.

2250 4126 2346 4180 llis
2381 4122 2562 4179 fuerat
2590 4120 2810 4176 functus
2831 4119 3069 4188 juvenis,
3101 4117 3194 4172 hic
3221 4115 3363 4173 forte
3391 4113 3644 4185 sepultus

2320 4213 2424 4270 Sed
2463 4212 2540 4267 ibi
2577 4210 2654 4266 nil
2690 4209 2878 4276 valuit,
2919 4221 3067 4264 mors
3104 4206 3220 4262 fera
3247 4219 3369 4262 cum
3399 4203 3602 4274 rapuit.

2248 4306 2344 4360 Est
2372 4301 2532 4358 dolor
2561 4302 2876 4361 immensus,
2909 4297 3110 4368 quibus
3147 4301 3230 4351 est
3261 4295 3425 4351 modo
3465 4299 3594 4349 nota
3631 4290 3902 4347 Salernus

2321 4393 2476 4448 Flent
2506 4389 2698 4462 procul
2730 4387 3070 4450 exanimem;
3103 4387 3206 4441 tlos
3243 4383 3420 4440 fuerat
3447 4383 3660 4454 patriae.

2250 4484 2430 4540 Tertia
2469 4495 2592 4536 cum
2629 4479 2793 4534 terris
2831 4492 2890 4532 se
2917 4476 3013 4531 lux
3040 4475 3197 4531 daret
3222 4473 3604 4539 arcitenentis,

2320 4572 2400 4628 Ad
2432 4569 2659 4642 patriam
2687 4567 2840 4638 pacis
2868 4565 3097 4621 crimine
3123 4563 3266 4620 liber
3292 4563 3426 4618 abit.

2248 4662 2511 4720 Omnibus
2538 4659 2626 4714 his
2653 4657 2860 4714 sanctis
2886 4656 3120 4710 animam
3150 4651 3477 4710 commendo
3513 4651 3749 4707 Joannis

2321 4753 2476 4808 Hunc
2502 4745 2739 4806 habeant
2767 4759 2973 4811 secum,
3016 4743 3309 4814 deprecor,
3349 4746 3476 4797 ante
3505 4742 3702 4797 Deum.

2120 4889 2298 4946 XLVI.

1707 5001 1896 5055 Versus
1927 4998 1992 5053 de
2017 5000 2203 5053 sancta
2231 4992 2435 5052 Sabina
2471 4994 2718 5060 martyre.

1849 5093 2167 5158 Antiphonae
2193 5096 2245 5140 et
2271 5101 2545 5154 responsa.
