4106 6178
188 353 325 409 1265

865 3239 907 3308 tl

862 3346 908 3398 ty

857 3507 900 3576 ν)

857 3613 904 3666 ιγ

859 3773 903 3842 δί’

858 3881 905 3934 ty

858 4041 902 4110 ti

856 4148 902 4200 ρφ

854 4308 896 4376 tl

850 4413 899 4470 ιν

853 4575 896 4643 ti

854 4683 898 4735 ιγ

852 4843 896 4911 ψ

852 4950 898 5002 ιν

853 5110 892 5178 )7

852 5217 897 5268 ly

850 5377 892 5444 )7

850 5660 882 5699 a

1710 361 2029 418 CARMINA.

1077 485 1340 541 Laetiﬁcat
1368 500 1529 542 verus
1557 500 1719 556 quam
1750 486 1988 542 ﬂuminis
2019 486 2257 555 impetus
2287 485 2426 553 ejus.

1080 575 1192 629 Rex
1219 574 1385 645 elegit
1419 582 1492 639 te,
1520 577 1714 631 summi
1741 576 1918 630 Patris
1947 575 2108 630 unica
2149 572 2355 643 proles,

1067 663 1144 717 Ex
1169 664 1338 718 Jacob
1363 665 1549 732 specie
1589 666 1745 733 cujus
1774 667 1917 720 Deus
1945 663 2156 719 exstitit
2184 662 2382 717 haeres.

1076 752 1227 806 Mons
1255 752 1384 808 Sion
1415 753 1646 819 exsulta,
1679 753 1985 824 congaude,
2018 751 2127 807 ﬁlia
2157 750 2332 815 Juda;

1062 841 1284 895 Judicio
1321 842 1521 896 Christi
1551 857 1720 912 super
1742 843 1948 898 aethera
1977 848 2181 911 martyr
2211 838 2393 894 abisti.

1072 932 1128 985 In
1163 935 1216 985 te
1247 930 1466 986 laatetur
1494 937 1585 986 tua
1626 932 1801 1002 plebs,
1830 933 1944 988 Rex
1982 931 2212 986 maxime
2252 941 2459 999 regum,

1069 1020 1144 1074 Ad
1179 1027 1231 1074 te
1261 1021 1542 1076 conversis
1571 1023 1665 1090 qui
1698 1023 1848 1091 pacis
1877 1034 2102 1076 munera
2133 1018 2337 1075 reddis.

1071 1110 1232 1162 Porta
1264 1109 1416 1175 Sion,
1459 1109 1659 1165 dilecta
1699 1112 1811 1165 Deo
1840 1123 2008 1180 super
2036 1108 2175 1164 atria
2210 1107 2400 1171 Jacob,

1068 1198 1210 1252 Voce
1235 1198 1511 1253 Creatoris
1541 1198 1639 1252 tibi
1666 1199 1784 1254 laus
1813 1197 2097 1254 confertur
2123 1196 2346 1252 amoris.

1066 1286 1353 1340 Permanet
1377 1293 1504 1342 ante
1542 1289 1710 1342 Deum
1741 1286 2016 1343 confessio
2057 1285 2311 1355 martyris
2339 1285 2478 1353 ejus,

1063 1377 1238 1444 Atque
1278 1375 1449 1430 decor
1480 1376 1661 1431 clarus
1683 1376 1830 1431 nulla
1861 1376 1954 1446 qui
1995 1375 2115 1430 labe
2145 1381 2386 1429 notatur.

1062 1465 1175 1518 Lux
1205 1463 1369 1519 hodie
1394 1465 1560 1533 justis
1588 1472 1642 1520 et
1675 1465 1840 1520 rectis
1869 1464 2037 1519 corde
2069 1462 2302 1527 refulsit,

1059 1554 1118 1606 ln
1149 1567 1255 1621 qua
1287 1567 1387 1622 pro
1418 1554 1644 1608 summis
1673 1553 1881 1619 laetare,
1914 1553 2132 1619 Sabina,
2165 1550 2476 1620 triumphis.

1063 1642 1302 1696 Vocibus
1340 1649 1395 1697 et
1429 1643 1652 1710 psalmis
1681 1643 1960 1712 sapienter
1989 1641 2227 1712 psallite,
2259 1640 2456 1705 sancti,

1054 1733 1201 1798 Quos
1229 1731 1492 1786 Dominus
1521 1733 1646 1787 vita:
1676 1733 1907 1787 comites
1934 1730 2064 1786 facit
2095 1744 2215 1785 esse
2244 1729 2479 1784 Sabinae.

1056 1819 1313 1875 lnduerat
1347 1829 1400 1876 te
1439 1824 1554 1877 Rex
1583 1823 1798 1876 cinctus
1833 1821 2033 1875 virtute
2072 1820 2365 1875 decorem:

1051 1907 1286 1964 Iustitiae
1319 1911 1514 1978 pennis
1546 1924 1647 1966 nos
1675 1908 1864 1975 indue,
1899 1908 2128 1963 maxima
2157 1913 2380 1976 martyr.

1057 1997 1179 2051 Rite
1213 1999 1321 2052 Deo
1345 1997 1544 2066 jubilat
1576 1997 1703 2053 laato
1728 1999 1840 2066 jam
1872 1996 2042 2052 corde
2071 1996 2291 2060 Sabina,

1061 2085 1189 2154 Ejus
1213 2085 1268 2140 in
1308 2092 1534 2156 aspectu
1565 2100 1688 2156 quae
1719 2085 1799 2140 sic
1829 2085 2035 2140 intrare
2067 2090 2326 2140 meretur.

1055 2177 1194 2228 Ante
1232 2175 1399 2230 Deum
1429 2175 1616 2244 vigilat
1644 2173 1774 2230 felix
1802 2173 1870 2229 de
1902 2173 2024 2228 luce
2054 2173 2272 2236 Sabina,

1050 2265 1108 2318 ln
1134 2275 1244 2332 quo
1283 2278 1444 2332 quam
1473 2264 1696 2318 nimium
1729 2277 1882 2317 mens
1906 2267 2094 2317 sancta
2117 2260 2364 2316 sitiverat
2388 2260 2542 2328 ejus!

1051 2357 1258 2417 Quanta
1289 2353 1465 2406 tribus
1494 2351 1679 2421 pueris
1706 2352 1863 2418 ignes
1893 2351 2135 2405 tribuere
2165 2347 2386 2413 camini,

1052 2441 1221 2494 Tanta
1251 2440 1350 2495 tibi
1390 2441 1574 2495 miseri
1606 2444 1877 2496 tormenta
1906 2439 2110 2495 dedere
2142 2437 2377 2508 tyranni.

1049 2529 1251 2595 Gloria,
1285 2531 1414 2596 vita,
1443 2529 1613 2585 decus
1639 2529 1847 2585 sanctis
1875 2535 1958 2585 est
1987 2529 2243 2585 omnibus
2272 2529 2410 2596 ejus,

1050 2620 1184 2674 Cum
1223 2618 1424 2688 quibus
1449 2632 1508 2673 es
1537 2633 1755 2688 semper
1781 2619 1944 2673 vitam
1982 2619 2176 2673 sortita
2207 2629 2522 2686 perennem.

1011 2752 1024 2764 .
1058 2710 1197 2764 Ecce
1229 2715 1379 2763 tuum
1405 2709 1580 2764 roseis
1609 2707 1964 2778 superaddita
1992 2707 2105 2762 lilia
2134 2707 2297 2762 sertis

1051 2799 1330 2853 Exornant
1361 2797 1574 2853 illustre
1604 2804 1805 2868 caput:
1840 2798 2004 2852 timor
2033 2804 2116 2851 est
2145 2795 2245 2850 tibi
2276 2795 2477 2850 nullus.

1048 2887 1245 2942 Hostili
1275 2887 1492 2956 direpta
1518 2901 1700 2953 manu,
1735 2900 1837 2942 nos
1873 2899 2038 2941 cerne
2069 2898 2357 2955 precamur

1047 2979 1273 3044 Semper
1301 2983 1357 3030 et
1385 2991 1416 3030 a
1454 2976 1661 3031 nostris
1691 2981 1840 3031 tutos
1868 2973 1984 3030 fore
2015 2973 2099 3029 fac
2129 2973 2386 3028 inimicis.

1048 3067 1186 3119 Aute
1210 3064 1305 3120 Dei
1334 3063 1528 3119 faciem
1554 3078 1702 3120 mors
1731 3071 1815 3119 est
1841 3064 2082 3134 pretiosa
2113 3063 2349 3129 Sabinae,

1040 3158 1192 3219 Quae,
1233 3153 1475 3209 moriens
1514 3153 1737 3219 mundo,
1778 3152 1908 3207 vivit
1944 3166 2112 3221 super
2149 3151 2354 3206 aethera
2391 3150 2608 3206 Christo

1037 3242 1284 3312 Martyris
1314 3249 1397 3297 est
1426 3241 1592 3297 hodie
1623 3241 1820 3297 festum
1845 3261 1856 3295 :
1892 3240 2146 3310 gaudete,
2172 3239 2380 3295 fideles.

1033 3332 1210 3387 Mente
1239 3333 1372 3386 satis
1395 3331 1579 3386 stabili
1612 3331 1810 3386 tulerat
1841 3336 2112 3385 tormenta
2142 3329 2380 3400 tyranni,

1039 3421 1107 3474 Ut
1137 3420 1365 3488 patriam
1391 3420 1516 3474 vitae
1547 3426 1734 3488 posset
1764 3419 2004 3474 caelestis
2031 3419 2207 3473 adire.

1035 3509 1222 3564 Rebus
1248 3511 1430 3578 opima
1460 3509 1622 3564 nimis
1651 3521 1774 3563 cum
1805 3508 2008 3564 mundo
2039 3515 2235 3563 cuncta
2275 3505 2518 3574 reliquit.

1039 3598 1267 3653 Laetitia:
1291 3611 1552 3653 summam
1586 3611 1684 3667 per
1712 3597 1994 3666 sanguinis
2022 3596 2231 3664 excipis
2261 3593 2458 3649 undam
2487 3613 2498 3647 :

1035 3687 1360 3756 Martyribus
1389 3701 1605 3756 semper
1633 3685 1736 3741 fuit
1765 3685 1883 3740 haec
1913 3685 2152 3740 obnoxia
2183 3697 2411 3738 merces.

1039 3776 1246 3831 Gaudia
1275 3777 1438 3847 digna
1468 3777 1580 3831 Deo
1609 3781 1762 3830 tanto
1802 3773 2074 3830 cumulata
2106 3772 2378 3842 trophzeo.

1038 3866 1206 3932 Quam
1246 3865 1355 3934 pia,
1388 3879 1548 3936 quam
1580 3863 1729 3930 felix,
1772 3878 1931 3934 quam
1963 3869 2152 3918 sancta
2181 3862 2380 3917 Sabina
2407 3859 2614 3916 videris

1036 3956 1129 4010 Est
1160 3955 1257 4009 tibi
1290 3968 1614 4010 concessum
1643 3953 1912 4009 scelerum
1943 3953 2242 4008 dissolvere
2282 3965 2500 4007 nexum.

1037 4044 1302 4099 Omnibus
1329 4058 1458 4100 ecce
1497 4042 1676 4098 modis
1713 4049 1766 4098 te
1805 4043 2104 4112 poscimus,
2135 4055 2314 4096 annue
2345 4039 2526 4095 nobis.

1038 4131 1271 4187 Pulchra
1311 4133 1410 4187 tibi
1441 4133 1690 4202 species:
1727 4140 1783 4187 ut
1814 4131 1960 4202 regis
1992 4145 2254 4201 purpura,
2288 4130 2506 4196 crines;

1034 4221 1258 4276 Lumina
1290 4220 1617 4292 przefulgeut
1647 4228 1705 4276 ut
1733 4220 1902 4277 fontis
1933 4221 2238 4276 llesebonis
2267 4219 2428 4275 unda:

1032 4311 1239 4366 Emicat
1268 4325 1334 4365 ex
1360 4311 1504 4366 ulnis
1533 4310 1731 4366 collum
1762 4311 1911 4366 velut
1945 4311 2089 4365 invia
2119 4310 2306 4365 turris.

1031 4401 1216 4454 Dulcis
1243 4402 1417 4455 amica
1445 4401 1562 4465 Dei,
1589 4401 1699 4455 luci
1721 4400 1919 4455 collata
1945 4400 2076 4465 diei,

1030 4488 1165 4542 Dote
1197 4489 1272 4557 pii
1303 4488 1468 4557 Regis
1496 4488 1790 4543 thalamum
1820 4487 2131 4543 conscende
2169 4486 2390 4555 quietis.

1031 4577 1203 4632 Nocte
1240 4577 1346 4631 sibi
1378 4576 1553 4632 media
1584 4590 1706 4631 cum
1735 4576 1942 4631 venerit
1973 4575 2134 4630 obvia
2163 4575 2341 4642 turba,

1033 4665 1220 4720 Vincla
1251 4665 1358 4720 tuis
1386 4665 1645 4734 precibus
1675 4666 1850 4721 nostri
1879 4664 2117 4720 dissolve
2147 4671 2350 4730 reatus,

1029 4756 1106 4809 Ne
1138 4767 1238 4809 nos
1267 4767 1368 4823 pro
1403 4753 1562 4824 culpa
1588 4754 1781 4824 perdat
1810 4754 1899 4810 lex
1925 4754 2136 4810 Judicis
2165 4753 2296 4808 ulla.

1025 4845 1080 4898 Si
1113 4843 1320 4913 poteris
1343 4843 1574 4909 veniam,
1606 4844 1815 4912 poteris
1844 4845 1984 4900 bene
2016 4857 2243 4913 poscere
2274 4857 2478 4898 curam.

1030 4933 1302 4988 Judicium
1340 4947 1526 4989 verum
1557 4933 1852 5003 trepidanti
1892 4933 2059 4989 corde
2085 4933 2358 4998 timemus,

1027 5023 1252 5088 Quando
1281 5024 1426 5078 Deus
1453 5028 1641 5078 sontes
1669 5029 1723 5078 et
1745 5025 1927 5092 justos
1949 5022 2159 5092 judicat
2190 5035 2398 5076 omnes.

1029 5112 1211 5166 Nostri
1243 5111 1326 5166 fac
1367 5112 1620 5180 petimus,
1651 5125 1920 5167 memores
1949 5112 2004 5166 iu
2044 5112 2149 5166 fine
2175 5112 2410 5166 dierum.

1031 5200 1351 5255 Pectoribus
1381 5201 1586 5255 nostris
1615 5214 1768 5270 spem
1799 5199 1963 5266 dona,
1997 5200 2264 5255 Conditor
2300 5201 2471 5265 orbis,

1027 5290 1252 5357 Semper
1280 5295 1335 5344 et
1362 5289 1504 5345 adde
1543 5288 1702 5344 fidem
1734 5289 1943 5344 meritis
1973 5289 2338 5359 precibusque
2368 5289 2602 5345 Sabinae.

1029 5378 1184 5433 Adsit
1212 5392 1366 5434 amor
1395 5393 1554 5434 verus
1578 5379 1748 5434 veteri
1781 5380 1874 5448 qui
1906 5379 2025 5449 lege
2050 5380 2296 5449 jubetur.

673 5468 756 5522 Ad
796 5482 935 5538 vesp.
968 5483 1022 5522 α.
1093 5468 1193 5533 Qui
1224 5467 1614 5536 splendoribus
1643 5469 1698 5522 in
1729 5476 2064 5534 sanctorum,
2098 5469 2311 5524 Christe
2345 5467 2582 5539 refulges

1029 5555 1244 5610 Sabinae
1276 5557 1555 5624 precibus,
1589 5556 1762 5611 nostri
1794 5557 2074 5626 miserere,
2109 5571 2380 5628 rogamus.

1026 5644 1216 5701 Omnia
1253 5642 1432 5700 fecisti
1462 5644 1714 5701 mandata
1739 5643 1920 5702 fidelia
1956 5644 2196 5712 Christi;

3425 339 3562 395 1266
