4106 6178
544 353 678 411 1-267

1659 355 1950 411 ALPHANI
1989 353 2430 410 SALERNITANI
2470 351 2780 406 ARCHIEP.

3788 339 3925 394 1&18

1429 485 1534 537 Fac
1573 486 1628 536 et
1657 494 1833 551 agone
1864 485 1960 536 tuo
1987 482 2097 550 jam
2137 492 2238 535 nos
2275 476 2393 534 fore
2423 482 2648 547 pectore
2679 489 2837 545 puro.

1258 589 1287 624 (ι
1433 571 1635 636 Gloria,
1677 569 1882 624 divitiae
1921 569 2022 623 tibi
2061 572 2210 634 sunt,
2241 567 2460 630 Sabina,
2495 577 2786 635 perennes.

1437 661 1531 714 His
1560 673 1780 729 quoque
1803 657 2110 722 nobiscum,
2144 658 2191 712 si
2220 671 2328 726 qua
2365 657 2528 721 valet,
2571 659 2748 719 utere,
2776 653 2970 708 virtus.

1259 765 1291 801 (ι
1434 750 1601 814 Quem
1635 747 1790 817 pueri
1819 746 2045 801 laudant
2075 746 2335 801 humilem
2365 751 2419 800 te
2449 743 2605 799 duxit
2633 743 2700 797 ad
2732 749 2900 808 astra,

1435 839 1546 893 Nos
1585 839 1779 905 inopes
1807 849 2018 891 morum
2049 835 2254 890 relevet
2282 834 2482 890 virtute
2515 833 2804 888 bonarum.

1261 942 1292 978 (ι
1438 928 1571 981 Cum
1612 925 1831 995 populis
1868 930 2062 994 gentes
2098 923 2384 980 Dominum
2415 921 2634 978 laudate
2666 921 2951 984 decenter,

1439 1016 1570 1081 Qua:
1600 1014 1802 1084 cupitis
1839 1027 2036 1068 munus
2064 1014 2394 1082 conquirere
2423 1011 2678 1080 martyris
2708 1011 2891 1078 hujus.

1266 1120 1297 1158 a
1442 1103 1747 1174 Magnificat
1776 1103 2062 1158 Dominum
2092 1102 2306 1158 Sabina:
2336 1101 2564 1170 spiritus
2592 1098 2786 1165 almus,

1443 1193 1652 1249 Gaudet
1689 1199 1744 1248 et
1781 1193 2034 1259 exsultat,
2068 1206 2170 1248 nec
2199 1190 2616 1248 contristabitur
2644 1188 2807 1244 ultra.

1447 1284 1598 1337 Hanc
1628 1281 1886 1338 humilem
1916 1281 2166 1337 Christus
2193 1280 2328 1336 foris
2364 1286 2425 1335 ut
2454 1277 2697 1348 respexit
2725 1284 2781 1332 et
2808 1275 2976 1342 intus,

1449 1372 1611 1427 Auxit
1649 1378 1703 1427 et
1741 1372 1971 1439 ornavit,
2012 1371 2138 1427 coeli
2176 1384 2344 1441 super
2380 1374 2526 1425 astra
2564 1367 2782 1424 locavit.

562 1519 3939 1547 ________—___________—______—

1486 1665 2068 1796 SERMO

2207 1662 3002 1793 ALPHANI

557 1897 768 1981 Super
823 1897 1235 1981 evangelium
1271 1917 1285 1962 :
1341 1899 1506 1960 Cum
1567 1894 1870 1959 transiret
1905 1896 2086 1959 Iesus
2124 1913 2246 1976 per
2283 1893 2613 1957 civitatem
2650 1911 2862 1966 suam,
2906 1891 3077 1955 vidit
3129 1889 3463 1954 hominem
3501 1886 3834 1950 sedentem
3863 1887 3930 1950 in

1204 1995 1465 2072 telonio,
1503 1993 1888 2059 Matt/tantm
1917 1991 2205 2067 nomine,
2243 2001 2302 2055 et
2334 1991 2433 2054 ait
2465 1991 2577 2054 illi
2603 2015 2624 2054 :
2663 1990 2945 2074 Sequere
2979 2010 3102 2068 me,
3142 1992 3271 2053 etc.

1619 2135 1899 2202 (UGHELLI,
1930 2131 2095 2189 Italia
2130 2143 2309 2199 sacra,
2341 2137 2475 2188 tom.
2507 2132 2572 2199 Χ,
2605 2130 2714 2188 col.
2745 2129 2856 2201 79.)

2043 2253 2436 2270 —_

623 2332 948 2404 Evangelica
985 2331 1151 2388 lectio
1191 2346 1314 2402 quae
1361 2345 1508 2387 nunc
1554 2331 1781 2386 auribus
1819 2329 2018 2385 vestris
2046 2329 2263 2390 inso-A
2278 2327 2648 2398 propinquum
2695 2327 3044 2396 conspiciunt
3090 2326 3463 2396 publicanum,
3496 2326 3645 2382 felici
3670 2328 3785 2396 jam
3833 2341 3927 2381 au-

555 2422 694 2490 nuit,
745 2421 1110 2489 dilectissimi,
1160 2421 1308 2476 velut
1336 2421 1568 2491 insignis
1606 2421 1751 2474 inter
1781 2425 1981 2474 caetera
2009 2417 2194 2472 Domi-

556 2511 696 2567 nica:
763 2511 1094 2568 eruditionis
1157 2510 1379 2566 oracula
1456 2516 1776 2565 mmrentem
1847 2513 2199 2576 peccatorum

557 2599 952 2657 conscientiam
1010 2605 1268 2663 recreat;
1337 2599 1681 2652 tabescentes
1741 2595 1955 2651 animos
2015 2596 2198 2667 erigit,

559 2687 1027 2760 pusillanimitatis
1074 2693 1130 2742 et
1173 2685 1494 2742 diffidentiae
1541 2685 1712 2756 frigus
1753 2685 2016 2750 excludit,
2049 2691 2104 2740 et
2133 2684 2201 2738 ad

559 2776 978 2846 concipiendam
1025 2789 1179 2846 spem
1225 2776 1398 2830 venia:
1431 2775 1700 2844 dejectum
1734 2774 1789 2829 in
1819 2774 1926 2829 alta
1965 2787 2202 2842 suspen-

560 2868 662 2923 dit.
710 2867 840 2934 Quis
879 2865 1023 2921 enim
1081 2865 1148 2920 de
1197 2864 1465 2920 scelerum
1522 2877 1745 2919 suorum
1803 2862 2204 2932 quantumlibet

560 2955 876 3012 immanium
916 2953 1241 3010 enormitate
1281 2951 1511 3018 diffidat,
1569 2967 1692 3008 cum
1739 2951 1926 3008 audiat
1985 2952 2204 3006 beatum

561 3044 875 3100 Matthaaum
937 3043 1146 3099 venalis
1201 3041 1338 3096 lucri
1395 3041 1698 3110 quaestibus
1753 3040 2054 3095 inhiantem
2093 3053 2206 3095 non

565 3130 730 3186 modo
770 3135 997 3198 repente
1045 3133 1317 3194 vocatum,
1360 3128 1456 3182 sed
1496 3129 1563 3183 ad
1597 3128 1896 3184 obtinenda
1926 3128 2206 3197 praecipua

567 3219 678 3274 duo
735 3217 1038 3272 ministeria
1085 3217 1252 3270 curiae
1299 3215 1539 3271 caelestis
1575 3216 1886 3270 adscitum?
1940 3217 2206 3271 Nimirum

566 3312 629 3364 ut
663 3306 956 3378 apostolici
1003 3311 1227 3361 senatus
1275 3306 1676 3360 conscenderet
1713 3306 1946 3374 apicem,
1979 3312 2035 3360 et
2063 3305 2209 3360 inter

566 3395 750 3453 socios
777 3395 1157 3466 evangelistas,
1191 3395 1246 3449 in
1287 3407 1352 3449 eo
1383 3394 1530 3463 quod
1573 3395 1781 3463 primus
1811 3401 1914 3459 est,
1937 3393 2208 3463 privilegii

566 3483 875 3553 susciperet
923 3482 1265 3552 dignitatem,
1316 3481 1464 3550 quod
1513 3487 1806 3551 utrumque
1844 3495 2043 3536 munus
2071 3479 2207 3536 nulli

566 3586 794 3644 prorsus
840 3571 934 3627 alii
985 3571 1242 3627 collatum
1273 3577 1375 3636 est,
1411 3570 1514 3624 nisi
1545 3571 1800 3626 Matthaao
1831 3569 2207 3625 tantummodo

2284 2417 2440 2472 dacia
2463 2425 2877 2487 praesumentes,
2901 2418 3080 2486 ipsum
3110 2415 3315 2471 fontem
3347 2430 3455 2472 non
3488 2416 3643 2471 adire
3675 2416 3935 2471 dubitant

2283 2520 2406 2561 cum
2458 2505 2687 2575 reliquis
2737 2506 3121 2575 peccatoribus
3160 2505 3489 2574 publicanis.
3522 2507 3598 2560 De
3629 2520 3740 2574 qua
3769 2506 3936 2561 nimi-

2285 2609 2403 2649 rum
2437 2594 2656 2664 publica
2699 2595 3083 2651 communione
3125 2593 3295 2650 fontis
3324 2594 3518 2650 aeterni
3559 2609 3659 2662 per
3693 2595 3936 2663 Prophe-

2286 2689 2392 2738 tam
2446 2683 2696 2738 dicitur:
2751 2702 2779 2735 «
2829 2685 2888 2738 In
2938 2684 3030 2739 illa
3075 2683 3165 2740 die
3214 2683 3319 2739 erit
3359 2683 3484 2738 fons
3513 2689 3711 2752 patens
3740 2682 3936 2738 domus

2286 2773 2474 2839 David,
2529 2773 2904 2829 habitantibus
2959 2775 3014 2828 in
3056 2773 3412 2839 Hierusalem,
3479 2774 3534 2827 in
3594 2772 3933 2827 ablutionem

2287 2861 2622 2932 peccatoris,
2687 2869 2742 2916 et
2799 2868 3149 2916 menstruatze
3191 2861 3380 2926 (Zach.
3442 2876 3561 2926 χιιι,
3610 2861 3676 2928 1;.
3725 2881 3751 2909 »
3793 2862 3936 2914 Fons

2288 2959 2516 3019 opertus
2564 2964 2627 3005 ac
2666 2950 2917 3006 occultus
2963 2957 3048 3006 est
3081 2950 3396 3018 unigenitus
3435 2950 3612 3004 Patris
3642 2948 3936 3003 invisibilis

2289 3039 2468 3104 Deus;
2519 3036 2642 3094 fons
2687 3052 2816 3093 vero
2867 3044 3060 3107 patens
3107 3047 3189 3092 est
3238 3037 3378 3092 idem
3422 3039 3565 3092 Deus
3595 3038 3932 3104 incarnatus,

2289 3127 2384 3196 qui
2439 3127 2562 3183 fons
2618 3133 2812 3196 patens
2851 3133 2999 3183 recte
3053 3127 3248 3182 domus
3299 3127 3464 3181 David
3524 3127 3748 3194 dicitur,
3808 3129 3934 3198 quia

2289 3215 2626 3284 Redemptor
2671 3223 2861 3271 noster
2898 3216 2966 3271 ad
3008 3229 3108 3270 nos
3157 3217 3370 3270 venisse
3420 3231 3486 3271 ex
3535 3215 3700 3271 David
3731 3231 3936 3287 genere

2291 3317 2403 3359 non
2434 3304 2735 3360 dubitatur.
2788 3307 2943 3360 Hunc
2993 3303 3240 3374 profecto
3281 3305 3677 3361 misericordia:
3730 3305 3937 3361 fontem

2291 3398 2373 3460 tu,
2412 3392 2722 3448 Pharisaica
2751 3395 3031 3462 superbia,
3067 3408 3224 3463 paras
3252 3394 3562 3459 obstruere,
3587 3394 3718 3448 dum
3747 3396 3944 3449 sitien-

2292 3487 2376 3536 tes
2413 3486 2469 3536 et
2506 3481 2693 3538 aridos
2731 3482 2797 3536 ab
2829 3484 2948 3551 ejus
2979 3497 3201 3537 accessu
3235 3482 3428 3537 niteris
3459 3482 3604 3537 elato
3634 3482 3939 3551 supercilio

2292 3569 2587 3639 prohibere
2623 3591 2635 3626 :
2677 3571 2770 3626 hic
2814 3585 2912 3641 per
2943 3584 3007 3627 os
3037 3572 3189 3626 Isaia:
3221 3571 3318 3626 tibi
3351 3571 3777 3640 promittebatur
3809 3572 3940 3626 hau-

567 3670 623 3719 et
667 3662 883 3718 Joanni.
932 3663 1000 3716 Et
1055 3661 1312 3731 quoniam
1351 3661 1590 3715 Joannes
1627 3661 1712 3714 dei
1757 3661 1931 3728 gratia
1980 3659 2202 3726 dicitur,
2228 3666 2414 3728 Bstus
2443 3675 2565 3716 cum
2603 3660 2864 3716 dicebat:
2918 3681 2945 3712 «
2989 3659 3267 3716 Effundam
3307 3659 3451 3715 enim
3481 3674 3678 3729 aquam
3710 3660 3940 3730 superfi-

565 3751 854 3807 Matthaaus
918 3748 1080 3804 etiam
1142 3749 1364 3804 donatus
1420 3749 1836 3818 interpretatur,
1894 3749 2023 3804 dum
2063 3756 2212 3806 uter-

568 3855 676 3911 que
723 3839 956 3910 gemina:
1004 3838 1288 3909 dignitatis
1329 3837 1472 3894 dona
1521 3839 1844 3907 promeruit,
1877 3846 1937 3894 ut
1968 3839 2209 3909 inquam,

571 3929 820 4001 profecto
850 3929 1024 4000 gratia
1071 3928 1204 3984 doni
1243 3927 1483 3984 caelestis
1522 3926 1754 3990 infulsit,
1786 3929 1882 3984 sed
1914 3935 1971 3984 ut
2011 3929 2212 3999 imple-

573 4026 726 4076 retur
779 4019 874 4074 illa
928 4018 1200 4074 sententia
1239 4032 1345 4088 qua
1395 4018 1634 4074 dicitur:
1681 4037 1708 4070 ‹‹
1762 4019 1859 4074 Ubi
1917 4019 2213 4075 abundavit

573 4107 855 4177 iniquitas,
916 4106 1379 4175 superabundavit
1442 4108 1616 4176 gratia
1673 4108 1834 4176 (Rom.
1895 4123 1951 4175 v,
2009 4107 2120 4179 20).
2183 4128 2211 4160 »

570 4197 858 4256 Matthaaus
900 4195 1159 4266 quoniam
1197 4195 1473 4250 scribendi
1514 4195 1567 4250 in
1617 4197 1929 4266 evangelica
1983 4198 2214 4253 veritate

569 4286 702 4344 fecit
748 4285 1038 4357 originem,
1089 4283 1246 4339 ducis
1291 4297 1354 4338 ac
1415 4285 1773 4353 praeceptoris
1810 4284 1955 4340 inter
1983 4290 2216 4342 caeteros

570 4375 932 4446 evangelistas
981 4373 1228 4443 possidet
1266 4373 1588 4439 claritatem,
1631 4373 1719 4428 cui
1752 4374 2008 4428 nimirum
2039 4374 2215 4444 aptis-

569 4467 706 4524 sime
753 4463 1009 4535 congruit
1052 4461 1147 4517 illa
1194 4463 1466 4518 sententia
1497 4477 1603 4533 qua
1633 4462 1838 4518 dicitur
1866 4463 2216 4520 fidelissimus

571 4561 628 4611 et
666 4553 815 4610 omni
862 4551 1184 4621 acceptione
1232 4551 1450 4621 dignus,
1491 4552 1748 4621 quoniam
1782 4552 2093 4608 «Christus
2119 4555 2214 4609 Je-

572 4658 666 4701 sus
702 4642 851 4698 venit
880 4643 936 4697 in
975 4641 1122 4696 hunc
1153 4641 1412 4696 mundum
1445 4648 1766 4710 peccatores
1795 4641 1975 4698 salvos
2010 4641 2212 4709 facere,

575 4745 808 4804 quorum
853 4731 1061 4800 primus
1090 4742 1192 4800 ego
1221 4743 1361 4796 sum,
1395 4737 1454 4785 ut
1484 4731 1538 4784 in
1571 4744 1654 4786 me
1686 4731 1918 4800 primum
1951 4731 2214 4787 ostende-

572 4807 672 4878 ret'
707 4833 921 4878 omnem
961 4818 1277 4889 patientiam
1306 4819 1375 4874 ad
1404 4817 1846 4875 informationem
1893 4833 2084 4876 eorum
2122 4819 2218 4890 qui

575 4909 842 4968 credituri
871 4914 1000 4964 sunt
1028 4908 1109 4963 illi
1139 4909 1196 4963 in
1225 4909 1389 4963 vitam
1421 4913 1679 4964 aeternam
1713 4909 1756 4979 (I
1792 4909 1920 4964 Tim.
1953 4925 1992 4975 1,
2038 4907 2144 4974 15).
2187 4927 2214 4960 ››

2294 3752 2552 3818 cientem,
2585 3757 2640 3806 et
2668 3751 2870 3806 fluenta
2900 3764 3066 3821 super
3094 3749 3338 3816 aridam;
3381 3749 3652 3804 effundam
3685 3751 3936 3819 spiritum

2294 3855 2470 3896 meum
2515 3855 2682 3911 super
2733 3854 2920 3896 semen
2968 3845 3140 3905 tuum,
3183 3846 3238 3894 et
3276 3838 3721 3894 benedictionem
3771 3853 3940 3908 super

2293 3931 2520 4000 stirpem
2559 3937 2744 3998 tuam;
2786 3936 2840 3986 et
2885 3929 3268 4000 germinabunt
3313 3929 3459 3983 inter
3511 3927 3733 3992 herbas,
3783 3929 3940 3997 quasi

2295 4020 2492 4075 salices
2534 4022 2688 4089 juxta
2737 4019 3173 4090 prmterﬂuentes
3220 4031 3389 4088 aquas
3429 4019 3581 4082 (Isai.
3615 4032 3762 4084 κων,
3794 4017 3871 4086 3).
3914 4039 3939 4066 ιι

2297 4110 2398 4164 Hic
2427 4109 2624 4164 iterum
2655 4110 3096 4179 promittebatur,
3130 4122 3252 4163 cum
3284 4115 3337 4161 et
3365 4107 3498 4162 alibi
3527 4106 3776 4162 diceret:
3816 4127 3846 4156 (ί
3881 4109 3943 4162 Et

2298 4199 2408 4254 eris
2453 4199 2609 4268 quasi
2661 4198 2854 4254 hortus
2902 4198 3178 4267 irriguus;
3221 4202 3276 4251 et
3323 4196 3468 4250 sicut
3496 4194 3618 4250 fons
3647 4209 3939 4264 aquarum,

2299 4287 2387 4343 cui
2438 4301 2547 4343 non
2597 4287 2854 4343 deﬁcient
2900 4301 3058 4356 aquae
3088 4287 3236 4354 (lsai.
3270 4301 3420 4351 Lvul,
3460 4285 3562 4351 ll).
3596 4304 3624 4335 υ
3657 4284 3763 4339 Sed
3797 4290 3861 4339 tu
3892 4287 3942 4338 in

2298 4374 2493 4431 fastum
2536 4375 2758 4431 tumidae
2807 4375 3063 4431 elationis
3108 4374 3458 4442 impudenter
3503 4378 3708 4437 erecta,
3760 4379 3821 4427 et
3880 4373 3942 4427 de

2299 4463 2447 4521 falsae
2473 4465 2702 4534 justitiae
2727 4465 3104 4535 singularitate
3134 4464 3513 4519 lenocinanter
3541 4462 3749 4528 inflata,
3775 4464 3947 4532 gratis

2299 4556 2604 4625 expositum
2654 4555 2848 4610 salutis
2895 4559 3116 4610 aeternae
3163 4552 3369 4608 fontem
3417 4549 3826 4607 contumaciter
3855 4553 3944 4607 de-

2298 4647 2488 4716 spicis,
2521 4649 2576 4700 et
2623 4645 2832 4700 vivifica
2877 4644 3102 4713 superni
3135 4642 3302 4698 fontis
3332 4642 3534 4697 fluenta
3565 4639 3809 4696 fastidis.
3839 4646 3944 4698 Ac-

2299 4735 2503 4791 cedens
2540 4733 2684 4788 enim
2730 4733 2799 4788 ad
2847 4732 3149 4801 discipulos
3180 4731 3414 4797 Domini,
3448 4735 3666 4785 tumens
3707 4738 3765 4785 et
3796 4746 3943 4786 arro-

2298 4837 2453 4894 gans,
2498 4821 2787 4878 Pharismte
2836 4819 3110 4891 pestifera
3153 4820 3427 4889 superbia:
3473 4819 3642 4884 virus,
3700 4820 3854 4889 quod
3891 4820 3940 4874 in

2301 4920 2527 4983 pectore
2557 4917 2651 4968 tuo
2682 4915 2817 4974 erat,
2851 4909 3106 4975 effundis,
3139 4915 3194 4965 et
3224 4908 3479 4964 elationis
3503 4914 3752 4974 ventum,
3788 4923 3941 4978 quam

573 5001 730 5060 Unde
787 4999 989 5056 factum
1055 5004 1158 5065 est,
1227 4998 1370 5053 sicut
1426 5011 1571 5054 nunc
1626 4999 1937 5070 evangelica
1974 4999 2509 5062 narravitctumida
2546 5007 2728 5058 mente
2776 5013 3130 5068 conceperas,
3175 4997 3468 5068 praerapidi
3515 5011 3580 5052 ac
3628 4998 3775 5053 male
3815 5013 3942 5067 spu-

571 5091 823 5157 historia,
892 5094 952 5145 ut
1017 5107 1047 5140 (ι
1114 5101 1180 5144 eo
1234 5088 1612 5144 discumbente
1669 5089 1725 5143 in
1766 5089 1930 5145 domo
1969 5089 2213 5158 ejusdem

569 5181 832 5247 Matthxi,
886 5178 1043 5234 multi
1099 5177 1378 5248 publicani
1437 5184 1491 5232 et
1548 5182 1868 5248 peccatores
1932 5178 2216 5233 venientes

569 5271 982 5328 discumberent
1028 5282 1150 5324 cum
1215 5269 1342 5323 Jesu
1393 5273 1448 5322 et
1494 5258 1780 5337 disC‘ipulis
1828 5269 1946 5338 ejus
2006 5267 2214 5326 (Matth.

572 5377 646 5424 ιχ,
685 5359 788 5428 10).
826 5379 852 5412 ››
885 5361 1032 5426 Quos
1061 5357 1206 5414 enim
1236 5357 1507 5412 scelerum
1539 5370 1761 5412 suorum
1810 5357 2038 5412 mordax
2081 5370 2222 5412 con-

579 5450 812 5506 scientia
876 5463 906 5504 a
971 5446 1357 5518 Redemptoris
1420 5460 1646 5502 accessu
1719 5461 1909 5502 arcere
1985 5451 2221 5516 poterat,

2297 5090 2494 5146 mantis
2549 5089 2664 5145 oris
2721 5089 2996 5160 spiramen
3055 5086 3328 5143 exsufflas.
3396 5087 3595 5154 Quare,
3669 5087 3940 5156 inquiens,

2299 5194 2422 5236 cum
2471 5177 2778 5249 publicanis
2817 5184 2873 5232 et
2911 5175 3296 5246 peccatoribus
3346 5174 3633 5230 manducat
3691 5176 3944 5245 magister

2300 5273 2526 5324 vester?
2553 5266 2768 5322 Idcirco
2799 5265 2960 5336 plane
2991 5279 3115 5320 cum
3145 5265 3346 5320 talibus
3375 5263 3635 5328 comedit,
3664 5271 3726 5317 ut
3757 5264 3827 5318 de
3859 5279 3944 5332 pu-

2305 5356 2537 5413 blicanis
2578 5358 2776 5427 justos,
2825 5355 2894 5413 de
2943 5355 3328 5425 peccatoribus
3373 5359 3615 5417 sanctos,
3649 5352 3723 5407 de
3762 5353 3940 5408 crimi.

2308 5447 2460 5503 nosis
2497 5444 2692 5502 reddat
2729 5444 3035 5515 apostolos.
3085 5445 3254 5500 Vocat
3301 5443 3444 5498 enim
3497 5449 3846 5510 peccatores,
3891 5447 3942 5493 ut

585 5535 827 5592 Matthaei
897 5535 1162 5593 familiare
1219 5549 1342 5591 cum
1404 5537 1633 5592 Domino
1683 5536 2126 5603 contubernium,
2169 5542 2229 5591 ut
2311 5550 2408 5593 eos
2437 5535 2658 5606 propria
2688 5539 2888 5590 virtute
2916 5533 3225 5603 justiticans
3261 5531 3458 5588 efficiat
3487 5532 3840 5586 innocentes.
3864 5531 3941 5584 Sic

589 5624 943 5694 accederent,
994 5626 1344 5696 provocabat.
1397 5627 1464 5682 Et
1500 5625 1630 5682 dum
1668 5625 1735 5682 ad
1767 5625 1987 5696 pietatis
2024 5623 2230 5692 fontem
2313 5625 2594 5693 nimirum,
2622 5624 2703 5690 sic
2730 5623 2881 5690 alibi,
2923 5622 3053 5685 dum
3082 5622 3226 5678 bona
3257 5627 3366 5686 tua,
3400 5619 3702 5687 Pharisaee,
3737 5620 3792 5676 in
3821 5627 3946 5673 tem-
