4106 6178
236 343 372 402 1269

1389 349 1543 406 VITA
1580 351 1663 406 ET
1701 351 1930 410 PASSIO
1966 356 2021 413 S.
2060 357 2459 422 CHRISTINE.

3470 369 3610 426 1270

230 467 716 567 Ριεξηθοηειίῐυξυδ
770 475 1092 567 θηρεθηιφιν
1155 485 1463 567 θωιξηϐηε,
1523 481 1580 531 et
1638 475 2066 567 alterumAbus
2109 483 2442 554 judicabiles
2485 486 2884 555 submorderis,
2933 495 2990 544 et
3029 490 3244 560 justitia
3288 499 3490 552 vestra:
3507 512 3609 567 per

232 559 584 630 publicanum
636 563 691 612 te
739 557 1088 627 praeferendo
1135 562 1516 618 condemnas:
1559 569 1616 621 et
1666 565 1759 621 ille
1807 568 1875 624 de

230 654 414 706 reatus
449 647 534 704 sui
583 645 844 703 barathro
873 648 940 702 ad
975 651 1392 717 promerendam
1422 653 1634 709 veniam
1675 656 1877 725 justiti-

231 744 385 796 catus
423 736 694 802 ascendit,
737 742 792 791 et
839 741 896 792 tu
943 751 972 792 a
1019 737 1170 794 falsae
1212 741 1441 808 justitia:
1491 747 1600 798 tuae
1639 745 1878 803 culmine

230 834 358 884 ante
414 825 813 894 omnipotentis
862 825 957 881 Dei
1011 827 1207 884 oculos
1251 828 1548 887 infeliciter
1594 835 1874 891 corruisti.

232 920 348 974 Hoc
403 917 590 985 itaque
649 914 814 971 modo
861 915 989 970 dum
1048 915 1117 972 de
1173 916 1355 975 fucato
1411 935 1597 977 vacuae
1647 923 1877 992 justitiae

232 1011 428 1064 vestrae
466 1004 650 1062 nitore
689 1004 996 1074 praesumis,
1029 1011 1084 1061 et
1114 1013 1348 1065 caeteros
1376 1009 1446 1065 de
1479 1011 1595 1068 suis
1632 1015 1880 1070 excessi-

1961 571 2254 629 elationem
2281 575 2336 629 in
2366 571 2652 644 peccatum
2681 576 2932 645 vertitur,
2956 585 3010 634 et
3041 579 3261 637 illorum
3293 591 3604 654 perpetrata

1961 663 2208 731 nequitia
2237 663 2304 718 ad
2353 663 2709 720 obtinendam
2739 666 2949 721 veniam
2997 683 3096 738 per
3124 670 3447 728 humilitatis
3474 689 3605 746 gra-

1961 751 2090 806 tiam
2122 757 2424 822 reparatur,
2460 753 2605 809 unde
2635 761 2689 809 et
2720 769 2819 824 per
2861 757 3183 827 prophetam
3222 760 3460 818 dicitur:
3489 767 3605 822 «Et

1961 841 2067 897 erit
2095 841 2373 898 desertum
2414 844 2469 898 in
2508 843 2769 912 charmel,
2803 851 2858 901 et
2897 846 3136 904 charmel
3177 850 3233 905 in
3282 851 3478 910 saltum
3509 869 3604 911 re-

1960 931 2244 1000 putabitur
2269 919 2421 1000 (isai.
2452 946 2622 1000 xxxn,
2657 930 2757 1002 15).
2791 954 2815 982 ι

235 1149 3595 1178 M

355 1321 726 1466 VITA
825 1323 1022 1464 ET
1118 1325 1691 1469 PASSIO
1808 1323 2463 1470 SANCTE
2567 1321 3482 1467 CHRISTINE

572 1565 863 1635 VlRGINlS
898 1580 984 1634 ET
1021 1580 1378 1649 MARTYRIS,
1418 1583 1504 1637 AB
1540 1582 1854 1637 ALPHANO
1890 1580 2422 1640 ARCHIEPISCOPO
2459 1579 2925 1638 SALERNITANO
2961 1580 3259 1636 SCRIPTA.

1177 1747 1383 1816 (Edidit
1412 1751 1672 1817 UGHELLI,
1706 1747 1869 1804 Italia
1897 1761 2075 1813 sacra,
2107 1750 2244 1804 tom.
2277 1747 2343 1815 X,
2374 1745 2482 1802 col.
2514 1743 2633 1815 80.)

1601 2011 2179 2104 PROLOGUS

289 2185 348 2238 in
378 2183 528 2240 claro
577 2190 632 2239 et
668 2188 932 2239 exornato
980 2182 1260 2253 triumpho
1289 2183 1579 2241 Christinae
1619 2183 1853 2240 nobilis-
1875 2182 2259 2246 Acertaminis
2313 2194 2488 2251 agone
2528 2180 2719 2248 divini,
2770 2195 2892 2236 cum
2943 2181 3190 2237 libidinis
3242 2181 3590 2254 tyrannidem

223 2272 373 2328 simae
423 2271 650 2344 virginis
707 2273 893 2328 dicere
952 2272 1380 2328 existimavimus
1426 2272 1656 2343 aliquid,
1702 2279 1758 2328 et
1798 2286 1867 2328 ex

224 2362 558 2418 admirandis
606 2362 725 2432 ejus
772 2361 987 2416 actibus
1031 2361 1370 2430 posteritatis
1417 2361 1696 2417 memoriae
1745 2368 1861 2417 tra-

222 2451 372 2518 dere,
401 2457 568 2521 atque
595 2450 650 2506 id
693 2449 1034 2520 potissimum
1085 2451 1345 2519 prosequi
1376 2451 1546 2520 quod,
1584 2450 1766 2505 adhuc
1806 2451 1862 2506 in

220 2545 417 2596 tenero
453 2539 846 2596 adolescentia:
873 2539 1030 2606 ﬂore,
1063 2553 1185 2594 cum
1208 2539 1660 2609 pertinacissimis
1699 2539 1863 2595 Chri-

217 2629 406 2685 stianae
457 2629 814 2699 professionis
859 2628 1288 2684 insectatorihus
1336 2643 1435 2697 pro
1485 2629 1677 2684 aeterni
1718 2630 1864 2699 regis

217 2731 402 2774 amore
431 2719 694 2773 certando
725 2729 986 2787 perpessa
1017 2723 1120 2771 est.
1155 2718 1344 2773 Honor
1372 2717 1576 2787 quippe
1609 2718 1702 2772 Dei
1737 2731 1859 2772 esse

218 2807 581 2877 perpenditur
607 2821 730 2862 cum
769 2806 890 2860 haec
920 2803 1270 2871 referuntur;
1305 2805 1497 2862 laudes
1528 2807 1860 2877 martyribus

216 2895 566 2961 exhibentur,
608 2900 664 2950 et
711 2893 906 2948 animae
954 2893 1281 2948 bellatorum
1322 2894 1389 2949 ad
1429 2893 1617 2949 festiva
1669 2895 1858 2964 praelia

214 2983 534 3052 diligentius
580 2983 899 3037 incitantur.
951 2981 1326 3038 Certissimum
1357 2991 1441 3038 est
1472 2984 1616 3039 enim
1661 2985 1717 3038 in
1758 2984 1858 3039 hu-

214 3071 389 3127 manis
417 3070 864 3126 dimicationibus
901 3069 1114 3126 feroces
1151 3072 1363 3127 animos
1401 3073 1635 3127 militum
1673 3073 1856 3130 subito

215 3159 483 3215 bellorum
513 3159 730 3227 timore,
762 3159 846 3215 vel
877 3158 1092 3230 fragore
1132 3159 1360 3217 fortuito
1400 3162 1695 3218 exterritos
1725 3161 1857 3217 defl-

213 3249 424 3304 eientes
461 3247 804 3314 mollescere,
838 3252 899 3303 ut
942 3249 1126 3318 potius
1165 3255 1433 3319 cogantur
1474 3249 1663 3322 fugere
1693 3265 1854 3320 quam

212 3351 359 3392 arma
389 3338 706 3407 corripere:
740 3344 794 3392 at
824 3337 917 3392 ubi
961 3335 1384 3393 fortissimorum
1423 3345 1639 3395 veteres
1685 3340 1857 3396 victo-

212 3426 340 3492 rias,
373 3426 622 3498 gloriam,
656 3426 845 3494 decus,
878 3426 1208 3491 libertatem,
1249 3435 1515 3498 praeterea
1562 3443 1660 3484 sua
1707 3443 1855 3498 quo-

1948 2267 2356 2324 immanissimis
2405 2268 2740 2323 cruciatibus
2788 2275 2843 2323 et
2889 2268 3233 2324 illecebrosis
3280 2269 3592 2326 dmmonum

1947 2357 2382 2415 immissionibus
2428 2357 2738 2412 dimicaturi
2792 2358 3124 2424 nutaverint,
3165 2358 3592 2430 gloriosissimas

1945 2447 2053 2502 sibi
2101 2455 2397 2518 martyrum
2441 2447 2743 2516 passiones,
2777 2451 2832 2502 et
2862 2460 3096 2503 coronas
3134 2452 3429 2518 perpetuas
3468 2454 3594 2517 post

1944 2536 2230 2592 victoriam
2282 2542 2676 2606 proponentes,
2710 2536 2941 2591 maxima
2971 2551 3068 2606 spe
3107 2537 3370 2606 triumphi
3401 2537 3592 2593 decer-

1945 2630 2063 2680 tare
2094 2627 2365 2682 nituntur.
2391 2626 2480 2681 Sic
2501 2630 2556 2681 et
2586 2625 2690 2695 ipsi
2724 2631 2847 2695 post
2871 2624 3061 2680 felices
3089 2626 3378 2681 conflictus
3407 2624 3590 2696 gaudii

1944 2715 2163 2784 quaesiti
2211 2715 2592 2784 adipiscuntur
2621 2719 2846 2769 aeterna.
2899 2715 3144 2783 Dumque
3174 2714 3424 2770 laborum
3452 2727 3589 2770 suo—

1943 2816 2062 2857 rum
2113 2803 2326 2858 meritis
2372 2803 2428 2857 in
2477 2803 2671 2858 aeterni
2721 2802 2960 2858 cubiculi
3019 2803 3257 2858 tribunal
3313 2803 3585 2860 inthroni-

1940 2897 2152 2958 zantur,
2184 2892 2502 2962 angelorum
2551 2892 2800 2957 comites,
2833 2890 2994 2946 amici
3041 2893 3136 2946 Dei
3190 2892 3586 2962 omnipotentis

1941 2980 2142 3049 effecti,
2167 2996 2266 3051 per
2297 2981 2534 3037 triclinia
2564 2995 2762 3037 aurora
2794 2981 3082 3047 radiantia,
3107 2986 3162 3038 et
3185 2982 3584 3038 amoenissimos

1940 3085 2165 3141 campos
2184 3071 2326 3127 rosis
2345 3076 2656 3138 vernantes,
2674 3071 2804 3126 liliis
2824 3070 3187 3136 albescentes,
3201 3071 3360 3128 violis
3382 3086 3584 3142 purpu-

1939 3161 2173 3215 rizantes
2203 3173 2302 3229 pro
2333 3160 2741 3215 distributionis
2771 3173 2992 3230 quoque
3022 3159 3183 3215 titulo
3231 3160 3582 3218 indeflciente

1938 3255 2099 3305 aetate
2138 3249 2464 3319 spatiantur,
2506 3250 2688 3305 omnia
2727 3254 2854 3304 sunt
2893 3249 3066 3318 quieti
3114 3254 3339 3304 statura:
3377 3263 3585 3320 oppor-

1938 3344 2089 3405 tuna,
2124 3337 2304 3394 omnia
2347 3337 2660 3393 delectabili
2691 3337 2968 3392 viriditate
2999 3338 3261 3401 recentia,
3296 3337 3497 3406 quibus
3525 3338 3583 3393 in

1938 3441 2072 3498 pace
2101 3425 2356 3482 fruuntur
2385 3433 2592 3495 optata.
2626 3427 2754 3480 Ilaec
2786 3431 2915 3480 sunt
2953 3425 3139 3494 itaque
3171 3425 3415 3494 praemia,
3458 3440 3582 3496 qua:

212 3530 318 3586 que
368 3515 669 3571 clarissima
717 3514 857 3570 facta
915 3516 1282 3583 meminerint,
1336 3531 1402 3571 ex
1454 3518 1662 3586 ignavis
1717 3510 2162 3573 stre-Btimidos
2189 3515 2308 3570 ﬁeri
2338 3513 2510 3570 fortes
2539 3514 2824 3584 instigant,
2857 3513 3088 3583 haecque
3127 3513 3584 3571 instructissimos

211 3603 462 3660 nuissimi
491 3611 546 3661 et
592 3603 894 3660 ferociores
940 3604 1124 3659 subito
1163 3603 1379 3660 alterati
1417 3605 1474 3660 in
1513 3605 1856 3661 confertissi-

213 3707 425 3750 morum
472 3693 710 3750 hostium
757 3692 1017 3749 cohortes
1062 3693 1333 3749 insiliunt.
1395 3695 1472 3749 Ita
1525 3695 1746 3765 quidem
1795 3695 1851 3749 in

1939 3603 2139 3660 milites
2168 3603 2338 3658 divini
2387 3601 2564 3672 praelii
2612 3601 2910 3656 bellatores
2939 3600 3148 3657 dextris
3175 3600 3291 3657 suis
3321 3601 3582 3659 victorias

1937 3699 2158 3763 portare
2199 3691 2519 3763 [reportare]
2554 3689 2912 3762 compellunt.

1209 3898 1601 3985 INCIPIT
1667 3899 1931 3989 VITA
1987 3899 2123 3983 ET
2180 3898 2560 3984 PASSIO

277 4114 448 4183 Igitur
482 4115 758 4172 Christina
785 4115 1184 4187 gloriosissima
1209 4117 1385 4188 virgo,
1417 4123 1581 4188 gente
1618 4119 1853 4187 patricia

204 4201 522 4260 Aniciorum
552 4213 760 4272 exorta,
793 4207 850 4261 in
891 4207 1195 4276 puerilibus
1233 4207 1527 4263 admodum
1565 4207 1726 4263 annis
1761 4222 1853 4263 ve-

208 4295 384 4348 terum
425 4293 879 4364 philosophorum
916 4295 1254 4366 argumentis
1291 4296 1506 4360 edocta,
1542 4297 1595 4352 in
1637 4298 1851 4352 ratione

205 4379 429 4438 dicendi
469 4383 787 4450 exercitata,
828 4389 1111 4452 poetarum
1155 4398 1250 4438 usa
1289 4385 1642 4452 carminibus,
1687 4399 1850 4456 posse

201 4469 486 4526 subtiliter
533 4471 839 4540 disputare,
899 4473 1136 4527 civiliter
1188 4485 1371 4542 agere,
1431 4480 1608 4529 metro
1659 4474 1849 4530 ludere

204 4571 323 4627 pra:
381 4559 598 4616 cunctis
652 4561 946 4616 comitibus
998 4560 1307 4616 videbatur.
1359 4564 1454 4616 Ast
1499 4561 1592 4615 ubi
1649 4561 1850 4617 talibus

204 4647 518 4718 disciplinis
547 4655 631 4704 est
679 4649 893 4719 plenius
930 4649 1164 4714 erudita,
1197 4649 1420 4704 ineunte
1451 4649 1845 4718 adolescentia,

201 4737 261 4793 in
322 4752 428 4806 qua
495 4739 749 4794 nimirum
811 4739 1041 4794 maxima
1108 4744 1283 4794 exstat
1339 4739 1593 4794 dubietas
1648 4741 1849 4809 quibus

202 4825 442 4896 quisque
471 4827 604 4882 velit
630 4828 847 4883 vivendi
893 4828 1092 4883 studiis
1126 4827 1416 4897 implicari,
1449 4827 1846 4884 deliberatione

201 4916 392 4972 habita
447 4931 570 4972 cum
628 4917 764 4973 duas
820 4924 1075 4974 cerneret
1128 4918 1262 4985 vias,
1319 4931 1480 4973 unam
1529 4918 1844 4988 voluptatis,

199 5004 434 5060 alteram
472 5020 602 5062 vero
633 5006 872 5074 virtutis,
913 5006 1060 5062 illam
1092 5006 1330 5077 denique
1359 5021 1482 5077 quae
1521 5006 1845 5072 honestatis,

200 5092 426 5149 decoris
473 5108 538 5149 ac
587 5095 870 5164 pudicitiae
918 5100 1002 5151 est
1046 5110 1176 5151 cura
1227 5095 1458 5152 ferventi
1516 5096 1843 5167 ingreditur.

202 5183 334 5236 Erat
367 5182 512 5237 enim
552 5183 672 5238 haec
712 5183 893 5254 puella
923 5197 1033 5239 non
1064 5184 1240 5239 solum
1278 5184 1496 5255 generis
1529 5185 1846 5255 ingeniique

202 5271 494 5326 nobilitate
541 5271 836 5339 fortunata,
869 5273 966 5328 sed
997 5279 1054 5329 et
1091 5274 1504 5343 pretiosissima
1545 5273 1846 5343 pulchritu-

1928 4116 2049 4173 lens
2077 4118 2270 4174 deesse
2302 4124 2408 4174 tam
2440 4117 2701 4174 laudabili
2725 4124 2854 4175 voto
2883 4119 3032 4186 tiliae,
3058 4127 3210 4177 ratus
3239 4133 3358 4176 eam
3377 4116 3575 4175 vestali

1929 4206 2196 4263 instinctu
2236 4215 2502 4277 perpetua
2531 4207 2670 4263 velle
2699 4209 3014 4279 virginitate
3053 4208 3180 4276 frui,
3216 4210 3468 4265 hortatur
3497 4207 3576 4262 uti

1930 4311 2055 4352 cum
2093 4297 2384 4353 duodecim
2416 4296 2632 4351 ancillis
2661 4296 2872 4350 diutina
2903 4297 3008 4352 sibi
3047 4297 3414 4352 familiaritate
3445 4309 3577 4351 con-

1925 4387 2133 4455 junctis
2180 4400 2332 4442 more
2389 4387 2656 4454 majorum
2713 4397 2965 4451 suorum,
3017 4399 3250 4453 quorum
3310 4383 3574 4438 beneﬁcia

1929 4474 2162 4543 plurima
2180 4475 2234 4528 in
2251 4476 2493 4529 Romana
2516 4471 2798 4543 republica
2821 4478 3025 4537 essent,
3049 4472 3156 4527 diis
3173 4471 3574 4527 immortalibus

1930 4562 2116 4616 debita
2145 4563 2354 4632 absque
2383 4562 2492 4616 ulla
2523 4561 3020 4631 procrastinatione
3049 4561 3342 4632 persolvat.
3365 4564 3433 4616 At
3457 4560 3571 4616 visa

1929 4651 2144 4705 tametsi
2182 4650 2250 4706 de
2297 4650 2623 4706 exhibendis
2671 4650 3016 4705 caeremoniis
3063 4650 3234 4719 patris
3281 4650 3568 4706 sanctione

1928 4740 2263 4805 concutitur,
2282 4746 2462 4794 tamen
2485 4740 2612 4808 quia
2634 4753 2802 4808 penes
2823 4739 3073 4794 eumdem
3095 4739 3140 4794 si
3161 4739 3565 4805 adversaretur,

1927 4828 2162 4898 cogendi
2194 4835 2437 4898 potestas
2466 4834 2623 4894 erat;
2665 4829 2739 4882 ita
2778 4827 2921 4883 sicut
2959 4834 3270 4894 censuerat,
3311 4827 3566 4884 simulato

1926 4918 2108 4973 animo
2140 4917 2560 4987 promissionem
2608 4915 2757 4972 facit.
2811 4917 2938 4972 Erat
2984 4924 3164 4973 autem
3205 4917 3373 4973 turris
3411 4917 3564 4974 mira

1925 5005 2233 5063 altitudinis
2262 5004 2525 5075 mirasque
2553 5009 2866 5062 structurae.

1999 5097 2094 5151 ilis
2147 5094 2430 5165 obsequiis
2485 5094 2775 5161 destinata,
2828 5095 3102 5150 clauditur
3156 5095 3246 5150 hic
3293 5093 3568 5150 Christina

1926 5199 2047 5240 cum
2101 5184 2456 5241 collectaneis
2511 5183 2939 5239 accuratissimis
2983 5183 3246 5248 vestibus,
3297 5187 3352 5237 et
3394 5195 3563 5238 orna-

1925 5275 2124 5330 mentis
2188 5273 2486 5343 praacipuis
2549 5273 2858 5338 decoratis,
2927 5273 3128 5342 quibus
3192 5272 3442 5328 Urbanus
3508 5272 3562 5326 in

197 5358 350 5414 dinis
377 5359 564 5429 specie
594 5361 874 5428 decorata,
911 5362 984 5416 ob
1023 5376 1184 5431 quam
1225 5361 1378 5418 multi
1410 5375 1526 5418 eam
1566 5362 1622 5417 in
1653 5361 1906 5426 matri-C
1926 5363 2196 5419 mandatis
2268 5363 2362 5417 dat
2435 5363 2512 5416 uti
2587 5363 2960 5418 sacriﬁcorum
3035 5363 3198 5417 ritum
3277 5361 3562 5431 magniﬁce

197 5447 444 5504 monium
495 5451 726 5518 juvenes
780 5449 1009 5519 petiere.
1067 5450 1275 5517 Quibus
1321 5456 1576 5521 tanquam
1624 5464 1842 5520 semper

196 5535 463 5592 adversus
483 5538 658 5594 taedas
676 5539 879 5610 jugalis
901 5538 1122 5603 amoris,
1147 5539 1520 5609 connubiique
1549 5540 1840 5596 illecebras

1922 5453 2177 5519 doceant,
2226 5449 2498 5521 simulque
2554 5464 2834 5505 sacrorum
2896 5451 3176 5506 numinum
3225 5452 3560 5521 majestatem

1919 5541 2348 5598 accuratissimis
2393 5539 2566 5594 dictis.
2603 5538 2906 5594 extollant:
2965 5544 3020 5594 et
3066 5539 3302 5595 minatur
3340 5555 3555 5610 poenam

193 5624 583 5694 porhorrebat.
629 5628 790 5684 Pater
817 5641 946 5684 vero
985 5629 1124 5700 ejus,
1166 5627 1416 5685 Urbanus
1462 5629 1705 5694 nomine,
1735 5642 1836 5685 no-
1917 5630 2116 5700 capitis
2159 5629 2268 5685 nisi
2309 5628 2549 5685 decretis
2593 5628 2708 5684 suis
2755 5626 3058 5697 paruerint.
3108 5628 3335 5685 Stabant
3368 5636 3550 5686 autem
