4106 6178
490 310 619 367 I271

1617 310 1907 365 ALPHANI
1946 309 2386 365 SALERNITANI
2423 308 2735 364 ARCHIEP.

3720 306 3864 359 1272

484 439 542 495 in
581 452 644 495 ea
694 439 993 508 pyramide,
1034 452 1064 492 a
1103 443 1256 506 parte
1296 434 1620 500 occidentis,
1660 439 1856 491 statua:
1892 434 2042 488 Jovis
2070 438 2125 488 et
2140 438 2196 500 Α
2219 432 2407 489 eadem
2446 432 2579 488 mihi
2619 437 2673 488 et
2700 432 2856 487 vobis
2884 429 3001 487 fore
3030 433 3313 501 imperavi.
3346 434 3528 501 Spem,
3559 430 3861 495 fortunam,

486 527 776 597 Apollinis,
822 534 1068 595 utrmque
1108 540 1173 580 ex
1212 539 1345 578 auro
1389 523 1677 592 purissimo
1718 522 1922 577 fusiles.
1965 524 2135 577 Cum-

492 631 599 687 que
630 615 846 671 famulaa
884 614 1151 669 Dominici
1204 612 1440 666 mandati
1481 626 1752 666 memores
1798 617 2046 667 statuunt
2074 616 2136 666 ut

492 719 559 761 ex
615 705 873 760 condicto
931 702 1259 768 sacriﬁcent,
1312 707 1728 769 prosternentes
1765 716 1822 755 se
1853 701 1920 755 ad
1962 699 2137 769 pulvi-

491 793 665 859 naria,
716 792 912 848 offerre
960 791 1139 857 thura,
1193 790 1486 845 hortantur
1523 790 1797 844 dominam
1840 795 1899 844 ut
1946 789 2137 843 eadem

492 881 694 947 faciat;
746 888 800 935 at
838 881 931 935 illa
963 884 1217 943 recusat;
1260 884 1473 955 rogant,
1509 886 1564 933 et
1592 879 1865 949 abnegat;
1906 876 2139 932 afﬁrmat

494 985 552 1026 se
601 969 776 1039 palam
824 969 1026 1024 Christi
1075 982 1328 1037 sponsam
1368 982 1508 1032 esse,
1545 974 1599 1021 et
1648 968 1773 1021 ideo
1813 964 2140 1021 manufactis

494 1059 802 1117 simulacris
848 1058 1161 1128 supplicare
1194 1058 1249 1111 in
1289 1063 1614 1126 perpetuum
1646 1071 1754 1111 nou
1787 1057 2028 1122 debere;
2070 1054 2139 1110 ad

495 1150 637 1204 hanc
705 1148 946 1217 denique
1010 1162 1199 1202 vocem
1268 1148 1498 1202 comites
1553 1148 1900 1214 obstrepunt,
1966 1151 2146 1198 vestes

496 1238 698 1308 quibus
770 1238 1142 1292 induebamur
1215 1242 1443 1305 repente
1519 1234 1859 1300 discindunt,
1910 1239 1965 1289 et
2021 1247 2142 1287 sese

498 1327 751 1382 manibus
798 1327 1105 1381 lacerantes
1143 1326 1230 1379 his
1262 1326 1313 1379 in
1356 1325 1588 1394 puellam
1622 1324 1956 1379 clamoribus
1986 1324 2142 1378 inve-

499 1405 705 1471 huntur
745 1435 759 1469 :
806 1436 832 1465 ‹‹
873 1414 969 1469 Dic
999 1428 1118 1485 age,
1162 1415 1448 1483 sacrilega,
1481 1415 1637 1482 cujus
1669 1412 1869 1467 ﬂducia
1909 1413 1965 1466 in
2004 1412 2146 1466 hanc

500 1505 747 1559 declinas
784 1504 1095 1558 insaniam?
1142 1504 1287 1558 unde
1327 1511 1433 1557 tam
1485 1503 1827 1558 reticendum
1867 1500 2021 1557 nefas
2050 1513 2147 1554 ore

502 1591 715 1661 polluto
768 1592 974 1647 evomis
1032 1592 1316 1660 peritura?
1371 1593 1500 1657 Qute
1558 1597 1611 1644 te
1672 1605 1760 1645 res
1816 1589 1884 1644 ad
1942 1594 2144 1644 tantam

500 1681 897 1737 obscenitatem
956 1680 1218 1749 impulit?
1266 1694 1373 1735 non
1423 1679 1616 1743 forma,
1651 1692 1760 1735 non
1810 1691 2004 1748 genus,
2035 1689 2148 1732 non

2220 522 2670 587 dominationem,
2719 520 2937 577 consilii
2988 521 3095 576 mei
3143 535 3405 576 summam
3453 520 3743 576 arbitratui
3775 535 3866 575 ve.

2220 619 2335 667 stro
2385 611 2654 677 commisi,
2713 615 2878 679 atque
2929 610 3076 676 ideo,
3137 610 3285 679 quod
3335 610 3473 665 ﬁdes
3528 616 3709 664 vestra
3768 608 3866 663 ad-

2220 701 2441 758 modum
2481 701 2613 755 mihi
2654 706 2963 769 opportuna
3003 699 3325 769 jamdudum
3374 704 3619 768 spectata
3668 697 3864 753 fuerat.

2222 791 2274 845 Si
2307 789 2453 859 quid
2470 789 2664 843 horum
2706 787 2846 843 forte
2879 788 3223 854 inﬁciamini,
3256 788 3437 857 reipsa
3477 788 3532 842 iu
3572 786 3868 855 propatulo

2224 877 2521 933 constituta
2578 875 2989 932 convincam.»
3056 879 3124 931 At
3179 876 3409 930 comites
3468 876 3624 944 plura
3681 875 3867 929 dicere

2225 966 2557 1036 cupientem,
2608 965 2808 1020 talibus
2860 965 3308 1035 aggressionibus
3364 971 3653 1034 appetunt.
3711 983 3739 1013 (ι
3773 965 3870 1018 Fa-

2226 1056 2386 1111 cilius
2432 1056 2635 1110 clavem
2688 1055 2756 1110 de
2806 1068 2967 1109 manu
3015 1055 3275 1110 divellere
3324 1055 3532 1110 valebis
3576 1054 3864 1118 Herculea,

2227 1159 2389 1215 quam
2440 1158 2580 1211 nos,
2640 1159 2672 1199 a
2726 1144 3015 1199 cunabulis
3071 1144 3267 1199 devote
3332 1144 3650 1198 numinibus
3712 1156 3869 1197 sacra

2228 1235 2523 1300 solventes,
2556 1233 2666 1290 tuis
2713 1232 3051 1288 ferventibus
3096 1233 3152 1287 in
3190 1237 3308 1287 arte
3347 1231 3627 1288 rhetorica
3672 1231 3870 1287 studiis

2228 1324 2553 1379 Christianae
2620 1329 2785 1378 sectae
2850 1322 3058 1392 absque
3132 1321 3402 1392 promissa
3468 1322 3871 1391 disceptatione

2229 1413 2548 1483 adiungere.
2589 1412 2817 1465 Tantum
2868 1411 2913 1465 si
2972 1411 3031 1464 in
3078 1410 3306 1465 deorum
3354 1410 3641 1466 divinitate
3687 1410 3874 1478 aliquo

2232 1502 2396 1557 modo
2426 1501 2667 1565 haesitas,
2703 1500 2775 1554 sit
2803 1513 2834 1553 a
2861 1500 2993 1555 Jove
3041 1499 3393 1568 principium,
3427 1499 3577 1569 quod
3624 1498 3673 1553 si
3704 1498 3879 1553 omni-

2234 1596 2511 1659 potentem
2572 1602 2681 1644 non
2737 1602 2857 1643 esse
2923 1594 3205 1658 poetarum
3264 1588 3349 1643 vel
3420 1586 3880 1657 philosophon

2235 1679 2568 1734 testimoniis
2623 1676 3088 1746 comprobaveris,
3139 1676 3587 1761 quandoquidam
3647 1683 3765 1731 tum
3815 1676 3881 1731 de

502 1769 709 1823 divitia:
750 1769 1015 1835 deerant;
1067 1769 1299 1824 hucciue
1331 1769 1536 1823 Urbani
1570 1769 1742 1838 patris
1771 1768 1896 1822 vitae
1929 1755 2211 1837 peractaB
2236 1768 2455 1823 caeteris
2502 1766 2845 1822 reticendum
2893 1773 2997 1831 est,
3030 1767 3139 1821 tuis
3167 1755 3292 1835 'jam
3339 1765 3744 1821 assertionibus
3783 1779 3884 1820 nos

503 1858 687 1913 studia
727 1865 992 1913 evasere?
1037 1860 1251 1927 Ergone
1299 1873 1364 1912 eo
1410 1860 1754 1912 miseriarum
1804 1857 2147 1927 perducitur,

504 1953 567 2001 ut
611 1961 773 2015 quam
821 1946 939 2015 ipse
973 1947 1147 2014 primo
1180 1946 1245 2000 ad
1287 1947 1551 2001 honorem
1585 1947 1810 2001 deorum
1862 1948 2149 1999 immorta-

506 2035 658 2099 lium,
703 2034 831 2088 inde
879 2040 1104 2088 senatus
1144 2034 1319 2103 plebis
1359 2034 1660 2104 populique
1690 2034 1919 2089 Romani
1952 2033 2152 2088 artium

505 2122 816 2178 liberalium
864 2122 1174 2191 disciplinis
1220 2122 1419 2176 instrui
1468 2122 1661 2188 voluit,
1704 2136 1802 2191 per
1841 2130 1894 2177 te
1935 2123 2157 2191 potissi-

507 2225 653 2266 mum
702 2210 993 2265 clarissimi
1043 2210 1263 2280 generis
1309 2212 1392 2265 sui
1443 2210 1719 2265 infamiam
1759 2217 1814 2266 et
1852 2210 2156 2281 perniciem

507 2300 813 2356 sortiatur?
859 2300 960 2367 Qui
990 2305 1046 2354 et
1084 2300 1130 2354 si
1181 2300 1317 2354 nihil
1358 2301 1486 2355 saevi
1527 2300 1773 2355 criminis
1813 2300 1947 2355 alias
1974 2299 2159 2355 videa-

508 2395 599 2446 tur
656 2390 713 2444 in
771 2389 947 2458 patria
1006 2389 1367 2454 commisisse,
1438 2396 1620 2443 tamen
1678 2390 1825 2458 quod
1888 2397 1939 2443 te
1996 2388 2160 2442 talem

511 2474 827 2533 educaverit
865 2476 1051 2542 ﬁliam,
1090 2477 1427 2531 meritissimi
1468 2479 1785 2533 censebitur
1822 2480 1968 2532 inter
1997 2476 2163 2531 maxi-

514 2565 587 2620 mi
636 2578 762 2620 reos
807 2563 1090 2619 facinoris.
1131 2565 1212 2619 Ad
1259 2565 1366 2619 hoc
1414 2566 1601 2635 itaque
1651 2566 1930 2621 obstinato
1979 2565 2162 2620 animo

519 2654 836 2710 dulcissima
874 2653 1151 2708 connubia
1189 2654 1535 2709 exsecraris?
1572 2660 1626 2709 et
1670 2654 2164 2710 illustrissimorum

420 2810 429 2815 ,
516 2746 777 2815 juvenum
808 2742 1111 2811 amplexus,
1135 2742 1336 2811 quibus
1368 2742 1504 2797 nihil
1530 2755 1597 2797 ne
1628 2745 1924 2812 conjicitur
1944 2742 2167 2813 quidem
2212 2756 2219 2763 °

526 2831 763 2895 dulcius,
814 2829 1159 2898 reformidas,
1211 2837 1269 2885 ut
1327 2831 1535 2886 homini
1583 2832 1800 2901 perdito
1840 2829 2170 2901 virginitatis

537 2925 646 2974 tuae
685 2919 923 2990 insignia
961 2920 1201 2989 perdas?
1241 2927 1296 2975 et
1326 2921 1567 2986 numina,
1600 2920 1819 2990 quibus,
1852 2919 1897 2975 si
1929 2926 2171 2987 optares,

530 3009 651 3063 usui
700 3009 935 3064 maximo
984 3008 1149 3076 fores,
1183 3009 1250 3063 ad
1293 3009 1370 3064 tui
1420 3023 1632 3078 pinnam
1682 3010 1833 3064 exitii
1882 3008 2172 3077 perhorre-

2234 1856 2500 1913 assentire
2539 1860 2720 1911 amota
2750 1855 3096 1910 dubitatione
3133 1854 3387 1921 videbis;
3434 1854 3522 1910 sin
3562 1860 3749 1909 autem
3779 1854 3884 1910 hoc

2235 1958 2483 2000 asserere
2548 1943 2690 1999 forte
2753 1943 3066 2012 nequiveris
3097 1986 3111 2010 ,
3189 1942 3466 2013 aequitatis
3530 1942 3886 1997 ratiocinatio

2237 2038 2463 2104 praestat
2510 2039 2570 2088 ut
2618 2033 2735 2102 pari
2782 2032 2947 2088 modo
2995 2032 3224 2087 deorum
3270 2038 3587 2087 nostrorum
3628 2044 3740 2086 una
3791 2045 3888 2087 no-

2240 2123 2450 2179 biscum
2524 2121 2780 2177 subdaris
2853 2121 3177 2191 imperio.»
3254 2120 3672 2190 Sapientissima
3736 2121 3887 2189 virgo

2241 2211 2531 2281 respondit
2572 2231 2585 2266 :
2630 2230 2659 2261 «
2708 2211 2789 2265 Sit
2830 2212 2985 2280 juxta
3024 2216 3258 2266 vestram
3305 2210 3679 2274 sententiam;
3751 2223 3887 2272 rem,

2243 2316 2405 2371 quam
2454 2301 2620 2356 modo
2651 2300 2865 2355 dictura
2910 2314 3053 2367 sum,
3095 2307 3250 2369 puto,
3281 2298 3451 2356 corde
3502 2298 3746 2365 tenetis;
3795 2297 3889 2353 sed

2246 2392 2304 2447 in
2342 2390 2587 2446 auctoris
2614 2389 2941 2445 sententiam
2982 2389 3217 2458 pedibus
3254 2389 3335 2444 ire
3363 2389 3431 2444 ad
3466 2402 3717 2458 praesens
3744 2386 3893 2443 [asti-

2246 2480 2398 2536 ditis.
2449 2482 2508 2534 In
2557 2478 2653 2533 illo
2703 2492 2935 2547 namque
2994 2477 3184 2533 libello
3232 2478 3468 2547 Apuleii,
3518 2476 3615 2546 qui
3665 2477 3737 2531 de
3786 2478 3895 2532 Deo

2248 2569 2479 2626 sacratis
2508 2566 2781 2634 titulatur,
2806 2568 2861 2621 in
2882 2581 2993 2636 quo
3021 2574 3251 2636 propter
3277 2565 3659 2623 incredibilem
3684 2564 3896 2635 copiam

2250 2658 2683 2726 suavitatemque
2748 2656 2969 2711 dicendi
3035 2669 3183 2725 saepe
3249 2662 3304 2710 et
3374 2654 3606 2711 multum
3675 2655 3897 2709 studere

2250 2747 2583 2813 solebamus,
2617 2758 2728 2802 non
2757 2745 2934 2800 solum
2965 2745 3034 2801 de
3083 2745 3406 2814 impotentia
3441 2745 3681 2813 Jupiter,
3713 2758 3899 2799 verum

2254 2838 2417 2892 etiam
2474 2837 2543 2891 de
2601 2834 2908 2890 commissis
2954 2834 3021 2889 ad
3071 2847 3235 2904 posse
3289 2834 3598 2889 sceleribus
3652 2833 3899 2903 apertius

2256 2926 2637 2981 inﬂammatur.
2716 2925 2846 2978 Nam
2922 2937 3045 2978 cum
3123 2924 3225 2978 iste
3291 2931 3472 2978 vester
3544 2923 3898 2991 omnipotens

2256 3027 2483 3071 summae
2513 3013 2804 3082 potestatis
2839 3012 3014 3083 gloria
3043 3013 3382 3068 Cretensium
3414 3023 3587 3081 regno
3624 3010 3900 3081 potiretur

526 3103 690 3152 scas?
745 3100 823 3151 An
884 3102 937 3151 te
994 3096 1128 3151 latet
1182 3098 1311 3166 quia
1367 3112 1435 3153 ex
1483 3112 1593 3166 quo
1641 3104 1805 3152 tanta}
1846 3096 2158 3152 calamitatis

2262 3102 2369 3173 (sic
2398 3103 2544 3157 enim
2590 3102 2667 3156 ibi
2714 3101 3078 3170 accepimus).
3117 3100 3417 3156 Ascribatis
3444 3099 3559 3154 filio
3598 3112 3794 3169 magna
3822 3098 3893 3164 vi,

526 3191 843 3258 portentum
901 3186 1091 3239 urbem
1148 3186 1394 3255 irrepsit,
1436 3188 1665 3242 Romani
1722 3187 1938 3255 imperii
1992 3191 2167 3240 status
2250 3191 2532 3260 multoque
2580 3189 2767 3244 labore
2817 3194 3186 3259 oppugnatus,
3218 3188 3346 3244 dum
3379 3189 3638 3244 resistere
3676 3188 3894 3256 nequit,

522 3280 869 3331 externarum
917 3274 1161 3344 gentium
1221 3275 1428 3344 praeliis
1470 3276 1758 3330 lacessitus
1802 3274 2165 3341 imminuitur,
2250 3280 2391 3336 solio
2418 3278 2679 3348 expulsus
2708 3278 2977 3333 abscedit.
3011 3279 3075 3332 Et
3111 3277 3240 3348 quia
3271 3277 3511 3333 ludibrio
3543 3294 3575 3332 a
3602 3276 3722 3332 suis
3749 3289 3896 3332 com-

520 3362 796 3432 variisque
853 3362 1255 3418 calamitatibus
1310 3365 1694 3433 mancipatur?
1752 3363 1958 3417 Exhibe
2012 3376 2166 3432 ergo,
2252 3368 2489 3439 plicibus
2544 3366 2866 3432 habebatur,
2927 3366 3022 3421 diu
3073 3381 3171 3422 sua
3234 3366 3585 3437 indagatione
3642 3366 3894 3420 incertus

521 3451 649 3508 dum
702 3451 870 3517 vales,
930 3457 1144 3522 gratum
1200 3452 1308 3508 diis
1367 3453 1715 3522 obsequium,
1767 3466 1857 3517 ne,
1912 3452 1980 3507 ad
2034 3452 2169 3514 iram
2252 3463 2433 3514 tamen
2472 3455 2674 3511 habitis
2711 3455 2972 3524 auspiciis
3016 3469 3137 3512 sese
3176 3457 3476 3525 empireum
3525 3455 3755 3525 injecit;
3786 3454 3898 3509 diis

524 3541 757 3599 ulterius
805 3543 1137 3611 provocatis,
1186 3542 1498 3613 Augustalis
1543 3543 1833 3598 sententia:
1873 3548 2024 3598 motu
2062 3541 2169 3595 im-
2253 3545 2521 3602 sacriﬁcia
2577 3545 2845 3612 exhibuit,
2895 3559 3101 3615 eosque
3157 3545 3399 3615 postulat
3445 3545 3551 3600 sibi
3608 3544 3896 3613 opitulari,

525 3638 793 3687 maturam
832 3637 1061 3686 mortem
1103 3632 1423 3701 experiaris.
1461 3649 1489 3682 »
2255 3636 2457 3706 quibus
2510 3633 2935 3704 suffragantibus
2988 3634 3165 3691 hostis
3212 3634 3541 3698 devincitur,
3584 3639 3639 3689 et
3687 3633 3766 3688 ita
3800 3635 3899 3688 Ju-

599 3720 679 3776 Ad
719 3720 839 3775 haec
886 3734 1008 3775 cum
1057 3720 1163 3774 alia
1206 3720 1496 3775 maledicta
1543 3719 1857 3776 adderent:
1895 3721 2169 3787 «Quaeso,
2258 3724 2402 3793 piter
2465 3723 2653 3779 existit
2716 3722 3011 3778 laureatus.
3079 3723 3275 3789 Plane,
3344 3730 3404 3778 ut
3470 3736 3617 3788 reor,
3688 3735 3900 3778 mecum

533 3810 714 3879 inquit
759 3808 1054 3873 Christiua,
1104 3822 1367 3878 quorsum
1406 3808 1524 3864 haec
1570 3809 1945 3878 corruptionis
1994 3808 2176 3862 evadit
2258 3812 2587 3869 acuminatis
2652 3826 2775 3868 eum
2839 3812 2908 3867 de
2982 3811 3429 3881 impossibilitate
3492 3812 3667 3867 satius
3742 3823 3902 3880 posse

534 3898 856 3952 temeritas?
916 3897 1261 3952 Bacchamini
1308 3897 1535 3953 multum
1593 3898 1649 3951 in
1704 3897 2000 3962 dominam,
2042 3894 2179 3951 resi-
2262 3901 2463 3968 notari,
2513 3900 2607 3971 qui
2664 3914 2925 3971 regnum,
2980 3900 3129 3971 quod
3188 3914 3289 3956 suo
3338 3901 3451 3969 juri
3508 3899 3901 3966 vindicaverat,

536 3984 733 4055 Ρὶεείῐθ
782 3984 839 4038 ill
888 3985 1030 4050 hoc;
1091 3987 1317 4054 quippe.
1352 3992 1413 4040 ιιι
1464 3985 1712 4052 ηοδϐίῐίδ,
1754 3986 1990 4039 Minerva
2041 3982 2177 4038 nihil
2263 3990 2424 4046 bellis
2469 3995 2657 4058 aperte
2697 3989 3021 4054 convinctis,
3063 3989 3209 4045 hosti
3259 3988 3501 4058 reliquit,
3542 3995 3599 4043 et
3635 3988 3736 4058 qui
3783 4002 3903 4043 eum

540 4071 724 4127 docet.
784 4074 1006 4126 Servata
1056 4073 1454 4141 disputantium
1504 4074 1905 4129 consuetudine
1953 4074 2182 4128 alternis
2264 4093 2388 4136 cum
2436 4092 2546 4148 quo
2593 4092 2785 4134 manus
2822 4076 3073 4134 conferre
3122 4077 3274 4134 solus
3319 4078 3562 4142 erubuit,
3611 4084 3711 4133 aut
3756 4083 3905 4132 certe

541 4159 609 4215 ad
641 4159 1104 4229 comprobandam
1151 4161 1233 4214 rei
1278 4161 1561 4215 veritatem
1611 4162 2045 4230 obtemperando
2084 4162 2182 4218 do-
2266 4166 2497 4234 timuit,
2564 4166 2782 4223 auxiliis
2846 4166 3041 4223 alienis
3072 4210 3086 4233 ,
3155 4181 3315 4236 quem
3384 4166 3605 4223 ﬂetibus
3668 4165 3911 4222 obtinuit

542 4255 757 4306 ctorum
778 4250 1095 4304 testimonio
1126 4250 1564 4319 procedamus.»
1598 4252 1664 4305 Et
1692 4250 1801 4306 illa:
1826 4269 1840 4305 :
1867 4269 1895 4301 (ι
1918 4251 1971 4305 Si
2003 4257 2182 4319 potes,
2269 4256 2549 4313 interficit.
2584 4278 2610 4305 ιο
2653 4258 2718 4311 Ει
2756 4256 2919 4325 paulo
2970 4264 3093 4325 post
3139 4256 3285 4312 idem
3320 4256 3586 4326 Apuleius
3629 4255 3702 4312 de
3753 4256 3909 4311 ince-

541 4336 820 4407 ἱηίιιιίυηι,
862 4342 918 4392 ιιι
950 4338 1103 4407 Prior
1131 4339 1225 4409 (illi
1265 4352 1458 4394 οθηδθδ
1495 4339 1764 4410 agendum
1803 4338 2124 4409 aggPEdel‘e-
2156 4356 2213 4415 ir
2269 4345 2475 4401 stuosis
2504 4345 2623 4413 ejus
2649 4344 2987 4401 facinoribus
3017 4347 3091 4400 ita
3121 4344 3357 4401 orditur.
3393 4363 3421 4396 «
3453 4343 3912 4415 Expergiscimini

541 4429 610 4484 At
656 4425 861 4497 puella,
894 4432 953 4482 ut
982 4434 1100 4483 erat
1129 4434 1410 4484 oratorum
1455 4428 1653 4483 studiis
1690 4441 1941 4494 accensa,
1974 4427 2050 4482 ita
2079 4414 2252 4483 sibil)
2273 4435 2657 4505 pulcherrima:
2687 4442 2920 4490 matrum
2949 4433 3219 4501 familias;
3262 4434 3441 4489 Liberi
3472 4414 3699 4504 quidem
3747 4434 3918 4503 patris

545 4530 638 4573 eas
674 4514 930 4572 affectare
980 4516 1378 4573 benevolentiae
1426 4516 1566 4573 locis
1614 4518 1790 4586 primo
1839 4529 2036 4573 conata
2082 4522 2186 4572 est.
2271 4523 2424 4580 feria»,
2488 4537 2675 4578 mense
2739 4524 2992 4593 sequenti
3057 4524 3391 4589 subintrant,
3457 4528 3608 4578 certe
3675 4521 3915 4577 vicissim

547 4625 575 4654 «
606 4605 951 4672 Meministis,
983 4606 1171 4673 sociae,
1204 4612 1407 4676 quanta
1444 4606 1499 4661 in
1541 4606 1824 4675 prosperis
1854 4614 1908 4661 et
1946 4606 2191 4662 adversis
2272 4612 2422 4668 illius
2468 4612 2819 4668 simulacrum
2868 4627 2968 4681 per
3014 4626 3162 4677 rura,
3214 4626 3313 4681 per
3357 4611 3619 4681 compita,
3658 4611 3780 4667 imo
3826 4624 3920 4681 per

548 4700 908 4766 utrorumque
946 4696 1382 4752 communicatur
1429 4710 1555 4767 erga
1603 4710 1700 4751 vos
1742 4696 1988 4763 exitium,
2041 4696 2191 4765 quod
2273 4702 2485 4759 urbem.
2568 4741 2582 4755 .
2663 4744 2674 4757 .
2759 4745 2770 4757 .
2853 4744 2865 4756 .
2945 4745 2957 4756 .
3043 4742 3057 4755 .
3137 4744 3149 4756 .
3232 4743 3245 4755 .
3325 4745 3338 4756 .
3420 4741 3436 4756 .
3516 4743 3528 4755 .
3612 4740 3628 4754 .
3713 4741 3731 4755 .
3811 4740 3825 4753 .
3901 4742 3915 4754 .

551 4783 716 4839 etiam
746 4797 925 4854 neque
955 4784 1158 4853 animo,
1186 4799 1365 4855 neque
1396 4798 1629 4855 corpore
1660 4784 1875 4840 avobis
1904 4782 2190 4840 abfuerim.
2280 4833 2293 4846 ,
2382 4831 2395 4843 ,
2478 4834 2490 4845 ,
2573 4833 2584 4845 ,
2667 4830 2680 4844 ,
2760 4830 2774 4845 .
2856 4830 2869 4843 .
2951 4830 2965 4844 .
3047 4833 3058 4845 ,
3142 4833 3152 4845 ,
3232 4829 3247 4843 .
3330 4832 3341 4843 .
3424 4831 3436 4844 .
3502 4790 3723 4846 Marcus
3761 4790 3922 4845 etiam

552 4872 766 4943 Saepius
821 4886 923 4944 ego
979 4887 1193 4929 mecum
1252 4887 1647 4943 pr0posueram
1697 4872 1796 4939 uti,
1854 4879 1978 4942 post
2025 4873 2196 4942 patris
2274 4872 2445 4926 Varro
2476 4870 2608 4941 quid
2640 4870 2709 4927 de
2738 4870 2843 4927 hac
2870 4870 2960 4926 cui
2997 4869 3340 4941 supplicatis,
3376 4871 3534 4925 Vesta
3581 4869 3640 4924 in
3692 4870 3925 4941 digestis

559 4961 858 5031 matrisque
931 4967 1193 5029 extrema,
1279 4963 1449 5018 totius
1521 4962 1835 5031 patrimonii
1910 4976 2194 5030 summam,
2279 4962 2393 5015 suis
2438 4959 2691 5027 afﬁxerit,
2739 4961 2873 5016 satis
2922 4960 3232 5031 legentibus
3279 4964 3447 5029 patet.
3482 4959 3666 5025 Vesta,
3722 4960 3920 5030 inquit,

558 5050 754 5107 famam
801 5056 983 5106 tamen
1030 5050 1338 5121 intelligere
1387 5064 1582 5119 meam,
1630 5057 1891 5107 caeterum
1938 5064 2094 5106 usum
2144 5053 2201 5104 et
2281 5064 2404 5119 quae
2469 5050 2783 5120 nuperrime
2837 5049 3167 5119 virginitatis
3213 5047 3500 5119 privilegio
3554 5047 3922 5118 gloriabatur,

559 5141 1003 5211 procurationem
1053 5141 1171 5210 ejus
1220 5154 1389 5211 penes
1434 5155 1531 5196 vos
1568 5155 1710 5207 esse,
1754 5154 1883 5195 avos
1915 5140 2048 5194 mihi
2099 5152 2199 5209 pa-

561 5234 799 5297 rentum,
849 5243 947 5286 vos
1002 5228 1243 5286 afﬁnium
1291 5230 1417 5286 loco
1464 5230 1688 5286 ducere.
1746 5230 2019 5285 Praeterea
2056 5227 2198 5295 haec,

562 5332 687 5387 quae
744 5334 858 5389 pra:
916 5320 1168 5375 manibus
1223 5326 1370 5386 sunt,
1426 5318 1649 5374 monilia
1686 5361 1700 5385 ,
1768 5317 2153 5374 dextrocheria
2185 5359 2199 5385 ,

564 5409 799 5466 annulos
845 5408 1300 5481 praefulgentibus
1342 5408 1571 5479 gemmis
1608 5407 1935 5464 mirabiliter
1972 5405 2205 5477 insigni-

566 5504 674 5563 tos,
704 5506 884 5555 vestes
922 5514 1248 5569 purpureas,
1279 5506 1335 5554 et
1372 5512 1507 5555 auro
1558 5498 1851 5569 purissimo
1898 5496 2202 5565 redimitas,

568 5585 881 5657 omniaque,
914 5588 1116 5659 quibus
1144 5588 1310 5660 regiae
1357 5588 1543 5660 proles
1587 5586 1815 5646 miriﬁce
1844 5585 2182 5644 adornantur

2280 5138 2428 5195 Jovis
2474 5138 2747 5194 adulterio
2786 5138 3074 5204 incestata,
3116 5151 3241 5193 cum
3278 5136 3348 5192 de
3399 5136 3518 5205 ejus
3563 5138 3925 5207 corruptione

2284 5228 2518 5297 quaestio
2557 5233 2858 5293 vereretur,
2899 5226 3274 5295 corruptionis
3327 5239 3442 5281 sua:
3493 5224 3769 5280 instinctu
3815 5225 3927 5280 eri-

2284 5317 2441 5371 brum
2471 5316 2540 5372 de
2568 5330 2709 5386 aqua
2746 5315 2992 5385 implevit
3028 5313 3264 5381 Tiberis,
3295 5320 3350 5369 et
3385 5312 3515 5383 quia
3553 5325 3667 5368 non
3713 5314 3929 5383 perﬂuit

2285 5404 2413 5460 facti
2466 5404 2693 5460 abstulit
2747 5403 3197 5460 controversiam.
3246 5406 3290 5458 Ο
3336 5401 3572 5458 delirum
3625 5409 3835 5472 caput!
3897 5416 3928 5455 ο

2285 5494 2562 5551 hominem
2601 5493 2772 5549 totius
2809 5493 3036 5549 sceleris
3073 5491 3207 5547 faece
3248 5490 3553 5560 pollutum!
3606 5503 3641 5545 ο
3681 5504 3930 5546 exsecra-

2287 5584 2418 5652 bile,
2451 5589 2506 5639 et
2531 5584 2679 5639 omni
2717 5582 2999 5654 oppletum
3029 5580 3375 5639 deformitate
3419 5586 3772 5637 monstrum!
3812 5578 3930 5635 vio-
