4106 6178
293 307 433 363 1273

1454 307 1602 362 VlTA
1641 307 1724 362 ET
1763 308 1992 363 PASSIO
2027 307 2082 360 S.
2123 305 2520 360 CHRISTlN/E.

3527 304 3546 354 Ι
3555 299 3661 354 274

282 433 506 488 lentiam
537 441 648 487 non
680 437 878 500 sponte
911 445 1206 501 perpessus
1235 431 1548 500 hujusmodi
1579 433 1767 500 cessit;
1800 433 1994 496 tiliazA
2013 429 2190 486 solum
2257 429 2363 485 hoc
2423 430 2492 484 ad
2568 428 2839 485 libertatis
2905 435 3108 484 nostra;
3167 427 3659 498 parvipenderetur

281 523 548 594 pudorem
585 521 788 590 rapuit,
847 524 1183 592 Agenoream
1243 522 1450 591 prolem
1513 522 1654 576 tauri
1695 523 1928 593 imagine

2013 519 2297 586 auxilium,
2347 524 2710 588 spontaneum
2750 519 2930 574 crucis
2963 517 3259 587 assumpsit
3311 517 3654 586 patibulum;

280 612 503 677 delusit,
582 624 745 665 omne
812 612 997 676 etiam,
1035 610 1182 680 quod
1236 610 1339 666 sibi
1407 611 1679 677 eollibuit,
1751 612 1933 669 scelus
2014 609 2247 666 moritur
2283 609 2413 662 vita:
2469 608 2767 672 Dominus;
2834 607 3022 662 mundi
3086 605 3264 676 gloria
3318 605 3654 672 tumulatur;

279 701 538 767 admisit,
607 706 662 755 et
728 699 1032 754 divinitatis
1095 699 1200 754 sibi
1267 701 1602 769 majestatem
1669 701 1933 770 opinione

279 790 446 860 impia
478 803 746 858 usurpare
786 802 896 844 non
939 787 1150 858 puduit.
1206 790 1348 844 Ecce
1405 789 1554 859 quali
1612 796 1930 859 quantoque

277 882 390 935 Deo
429 893 611 934 arcem
671 878 834 933 etiam
872 877 1235 948 Capitolinam
1273 879 1504 934 Romani
1535 880 1930 935 observandam

277 983 337 1024 se
369 968 784 1024 commendasse
813 966 1162 1036 gaudebant:
1214 967 1312 1022 sed
1346 968 1436 1023 ubi
1468 968 1764 1023 invisarum
1798 983 1932 1039 gen-

277 1057 412 1114 tium
471 1057 730 1126 potestati
793 1056 928 1110 urbs
984 1062 1098 1111 tota
1156 1063 1318 1111 nocte
1357 1057 1688 1126 intempesta
1743 1058 1931 1113 dedita

278 1154 396 1213 est;
433 1145 567 1200 illud
608 1151 758 1200 certe
799 1144 1088 1199 clarissimi
1139 1145 1356 1214 imperii
1396 1145 1736 1201 domicilium
1785 1152 1931 1201 esset

277 1250 400 1291 cum
458 1234 653 1290 eodem
711 1233 941 1289 custode
989 1238 1230 1303 captum,
1293 1234 1397 1289 nisi
1457 1235 1650 1305 vigiles
1707 1249 1931 1291 anseres

272 1327 404 1380 Jove
445 1323 721 1378 incautius
759 1322 1067 1378 dormiente
1100 1324 1245 1378 arcis
1275 1324 1536 1380 custodes
1574 1325 1925 1380 excitassent.

275 1414 429 1470 Unde
479 1413 673 1467 mirum
717 1418 801 1466 est
849 1417 957 1466 tam
997 1412 1258 1468 cordatos
1305 1412 1558 1468 homines
1586 1413 1643 1468 in
1675 1414 1930 1483 hujusce-

274 1503 425 1560 modi
465 1500 811 1572 postmodum
843 1501 1076 1556 culturis
1105 1502 1288 1572 decipi
1322 1504 1589 1572 potuisse.
1642 1503 1749 1558 Sed
1799 1505 1929 1574 quia

270 1595 379 1663 jam
425 1592 492 1647 de
532 1591 827 1645 illustrium
882 1589 1125 1646 virorum
1173 1592 1506 1646 testimoniis
1544 1592 1611 1646 de
1652 1593 1924 1662 impoten-

274 1683 349 1737 tia
439 1695 502 1736 ac
595 1679 876 1748 turpidine
968 1680 1086 1734 Jovi
1182 1681 1465 1750 proposita
1559 1681 1700 1736 ratio
1795 1681 1927 1737 mihi

2013 703 2160 752 terra
2189 698 2526 764 concutitur,
2558 697 2641 752 sol
2673 697 3021 762 obscuratur,
3056 695 3232 766 legem
3280 707 3390 750 non
3441 701 3662 752 servant

2014 786 2285 841 elementa
2339 790 2570 851 natura},
2612 799 2846 855 quorum
2907 784 3168 842 Dominus
3210 788 3294 839 est
3342 784 3658 840 cruciﬁxus.

2012 861 2382 930 Claudebatur
2439 875 2496 928 in
2552 874 2810 944 sepulcro
2867 887 3018 940 caro,
3079 878 3135 928 et
3189 871 3492 928 divinitatis
3547 887 3661 930 suae

2014 964 2258 1033 potentia
2317 963 2604 1034 frangebat
2659 965 2896 1019 claustra
2944 956 3166 1018 inferni.
3205 964 3556 1017 Concurrunt
3591 963 3660 1018 ad

2013 1067 2135 1109 eum
2169 1053 2380 1123 populi,
2422 1061 2505 1108 tot
2560 1053 2891 1109 saaculorum
2931 1053 3126 1122 spatiis
3181 1051 3445 1107 continua
3483 1057 3661 1107 morte

2012 1143 2275 1198 damnati.
2315 1143 2483 1198 Adest
2541 1144 2751 1213 primus
2806 1156 3007 1212 parens
3062 1141 3419 1212 terrigenum,
3462 1145 3517 1195 et
3556 1140 3664 1210 pri-

2013 1232 2213 1288 mordii
2253 1232 2338 1286 sui
2368 1232 2618 1302 agnoscit
2651 1231 2951 1286 indicium:
2987 1231 3283 1286 obsecrant
3330 1229 3663 1284 unanimiter

2011 1323 2327 1378 Creatorem
2377 1336 2556 1386 suum,
2589 1327 2753 1391 atque
2812 1321 2880 1376 ad
2913 1335 2972 1376 se
3031 1318 3344 1376 excusando
3405 1319 3663 1389 praevari-

2015 1409 2252 1465 cationis
2289 1409 2590 1465 ostendunt
2645 1409 2996 1478 principium.
3060 1410 3237 1463 Motus
3289 1407 3499 1462 interea
3557 1407 3662 1460 Do-

2012 1497 2192 1553 minus
2221 1498 2446 1553 aaternis
2490 1497 2724 1553 vinculis
2779 1498 3000 1552 humani
3059 1497 3279 1567 generis
3334 1495 3521 1565 alligat
3559 1495 3665 1550 iiii-

2012 1587 2233 1653 micum,
2284 1593 2339 1642 et
2395 1601 2492 1642 eos
2557 1600 2697 1656 quos
2740 1586 2913 1642 voluit
2978 1600 3165 1642 secum
3231 1585 3532 1649 deducens,
3591 1583 3661 1639 ad

2011 1688 2216 1745 corpus
2263 1675 2450 1742 rediit,
2510 1690 2573 1730 ac
2612 1676 2775 1730 tertia
2827 1677 2937 1745 jam
2991 1674 3102 1741 die,
3172 1675 3316 1728 sicut
3373 1672 3662 1742 discipulis

273 1769 491 1825 videtur
523 1768 592 1823 ad
622 1781 857 1838 unguem
889 1767 1176 1838 perducta,
1209 1783 1325 1836 vos,
1387 1769 1433 1824 si
1489 1769 1622 1840 quid
1681 1770 1749 1824 ad
1809 1764 2128 1826 hchsuis
2194 1763 2545 1833 praedixerat,
2613 1762 2873 1818 surrexit.
2916 1764 3046 1817 Post
3111 1761 3473 1830 quadraginta
3530 1773 3660 1816 vero

276 1858 667 1930 opponendum
690 1856 915 1927 putatis,
939 1865 1000 1912 ut
1020 1857 1167 1913 dicta
1187 1858 1593 1915 confirmatum
1623 1859 1869 1929 objicite.
1897 1878 1925 1911 »

274 1949 340 2002 Et
367 1947 479 2003 illa
506 1967 518 2003 :
559 1966 588 1997 «
618 1945 1061 2013 Evidentissime,
1094 1947 1374 2017 inquiunt,
1399 1947 1631 2003 rationis
1654 1947 1865 2023 judicio
1898 1962 1928 2002 a

273 2038 564 2093 divinitate
605 2042 812 2091 temere
843 2035 1118 2103 affectata,
1161 2043 1350 2092 noster
1401 2037 1652 2108 tigrellus
1683 2037 1927 2092 excludi-

279 2135 405 2194 tur;
465 2138 569 2182 nos
614 2130 795 2180 autem
857 2125 995 2181 nihil
1035 2126 1402 2196 opponimus;
1465 2126 1641 2183 solum
1698 2126 1928 2196 posthac

279 2216 415 2288 quid
482 2214 784 2271 divinitatis
846 2215 914 2270 de
981 2217 1200 2272 Christo
1258 2221 1528 2284 autumas,
1587 2216 1749 2270 nobis
1803 2221 1926 2269 ate

277 2306 554 2375 poscimus
602 2303 1036 2359 luculentissime
1088 2303 1392 2374 explanari.
1436 2324 1463 2354 »
1512 2303 1787 2359 Christina
1835 2302 1926 2357 di-

273 2395 388 2450 xit:
434 2412 462 2445 «
502 2395 645 2449 Satis
683 2394 878 2462 probe;
919 2393 1334 2462 superstitionis
1390 2405 1580 2451 errore
1637 2391 1922 2461 supploso,

277 2481 671 2552 omnipotentis
698 2482 795 2537 Dei
835 2480 1174 2536 divinitatem
1233 2481 1543 2550 exquiritis,
1596 2486 1658 2534 ut
1713 2495 1836 2549 quae
1893 2493 1925 2534 a

275 2569 612 2625 fescenninis
641 2582 890 2625 errorum
923 2569 1166 2624 tenebris
1206 2573 1388 2624 mente
1437 2569 1693 2624 obducta:
1747 2582 1928 2624 caecu-

277 2659 416 2725 titis,
482 2659 598 2714 veri
661 2658 903 2723 luminis,
963 2659 1057 2727 qui
1115 2658 1366 2714 Christus
1420 2665 1524 2725 est,
1593 2657 1928 2714 aeternaliter

277 2746 698 2817 resplendeatis.
734 2746 1000 2801 Exhibete
1039 2747 1225 2816 itaque
1282 2748 1496 2802 animos
1553 2746 1621 2802 ad
1680 2761 1742 2801 ea
1802 2760 1925 2815 quae

276 2835 552 2906 ﬂagitatis,
595 2842 650 2890 et
706 2848 791 2889 me
848 2834 1176 2904 simpliciter
1231 2841 1580 2906 perorantem
1632 2835 1928 2905 diligenter

277 2923 567 2980 attendite.
608 2923 871 2979 Dominus
896 2925 1055 2979 Jesus
1083 2924 1354 2991 Christus,
1395 2927 1464 2980 de
1512 2927 1669 2995 cujus
1722 2924 1927 2980 divini-

279 3017 390 3066 tate
455 3025 541 3067 me
606 3009 861 3066 famulam
918 3026 1071 3067 suam
1128 3013 1370 3069 scienter
1424 3013 1726 3084 inquiritis,
1767 3026 1928 3068 verus

2010 1853 2130 1907 dies
2168 1852 2234 1907 ad
2273 1853 2446 1908 cmlos
2502 1851 2647 1906 unde
2687 1856 2932 1916 venerat,
2979 1864 3101 1905 cum
3153 1863 3388 1919 corpore
3426 1848 3661 1904 manife-

2010 1942 2250 1996 stissime
2282 1942 2466 1996 rediit.
2509 1932 2844 2009 COmprobat
2899 1940 3007 1995 hoc
3064 1939 3370 1995 certissime
3422 1939 3660 1994 inteme-

2009 2038 2126 2086 rata
2156 2037 2471 2086 sanctorum
2501 2029 2878 2099 apostolorum
2918 2029 3240 2096 auctoritas,
3281 2028 3374 2098 qui
3413 2029 3664 2084 veritatis

2008 2133 2195 2174 amore
2252 2118 2400 2175 felici
2460 2125 2635 2173 morte
2676 2119 2916 2173 damnati
2973 2122 3122 2172 sunt.
3180 2119 3473 2171 Testantur
3512 2117 3567 2172 id
3606 2123 3662 2172 et

2008 2207 2392 2279 gloriosissimi
2450 2214 2736 2277 martyres,
2800 2207 2914 2276 qui,
2975 2207 3122 2261 inter
3179 2206 3448 2274 equuleos
3503 2206 3659 2261 ﬂam-

2009 2311 2235 2367 masque
2274 2296 2534 2363 victores,
2593 2299 2909 2352 Creatorem
2967 2295 3210 2351 omnium
3269 2309 3449 2350 rerum
3510 2308 3658 2364 prae-

2007 2387 2194 2443 dicare
2235 2400 2346 2442 non
2377 2391 2648 2442 metuunt.
2691 2386 2758 2440 Hi
2797 2391 2978 2439 autem
3037 2384 3164 2439 dum
3206 2383 3326 2438 haec
3383 2389 3656 2452 astruunt,

2005 2475 2219 2530 animos
2251 2475 2590 2530 audientium
2650 2474 2718 2528 ad
2785 2472 3033 2529 coelestia
3088 2486 3258 2543 regna
3296 2471 3657 2541 compellunt,

2007 2571 2062 2620 et
2092 2565 2252 2630 banc,
2295 2579 2420 2634 qua:
2463 2570 2670 2620 tantum
2711 2563 2915 2619 dicitur
2970 2562 3101 2630 vita,
3143 2562 3363 2632 penitus
3402 2567 3656 2617 contem-

2011 2662 2222 2723 nentes,
2263 2655 2447 2720 aliam,
2506 2656 2748 2726 ignaram
2806 2653 3019 2721 mortis,
3074 2659 3129 2709 et
3185 2667 3309 2722 quae
3357 2651 3500 2707 finiri
3540 2664 3651 2707 non

2008 2747 2181 2813 novit,
2213 2746 2526 2816 acquirunt.
2576 2744 2656 2800 Ad
2705 2759 2865 2814 quam
2923 2744 3116 2814 procul
3147 2743 3336 2808 dubio,
3378 2743 3425 2797 si
3454 2741 3650 2798 volue-

2009 2835 2151 2904 ritis,
2192 2840 2248 2890 et
2283 2849 2401 2900 vos,
2443 2834 2776 2889 dulcissimaa
2816 2833 3066 2899 comites,
3099 2833 3179 2888 ire
3220 2831 3493 2902 poteritis.
3529 2850 3555 2880 »
3589 2831 3655 2885 Et

2008 2922 2157 2978 illae:
2204 2941 2230 2973 «
2263 2922 2526 2978 Volumus
2555 2923 2760 2990 modo;
2802 2921 3106 2977 divinitatis
3138 2921 3437 2991 potentiam
3468 2932 3662 2975 omnes

2007 3011 2165 3066 valde
2231 3011 2530 3078 miramur,
2608 3011 2706 3066 sed
2771 3011 3004 3066 maxime
3079 3010 3148 3065 de
3224 3009 3319 3065 tali
3396 3014 3660 3076 tantoque

280 3101 422 3154 Deus
451 3103 535 3154 est
563 3106 690 3154 ante
729 3099 917 3155 mundi
957 3101 1247 3172 originem,
1280 3116 1348 3158 ex
1377 3103 1489 3158 Deo
1518 3115 1648 3158 vero
1687 3102 1925 3172 genitus,
1951 3084 2230 3171 Cpietatis
2267 3114 2470 3170 genere
2510 3101 2989 3170 obstupescimus;
3032 3097 3441 3164 inenarrabilis,
3475 3103 3535 3151 ut
3563 3109 3662 3152 no-

283 3201 380 3258 per
434 3201 597 3256 quem
653 3187 836 3242 omnia
897 3187 1039 3243 facta
1076 3195 1224 3255 sunt,
1287 3203 1398 3245 non
1455 3191 1766 3260 adoptivus,
1826 3203 1929 3245 nec

284 3275 680 3346 phantasticus,
738 3276 835 3331 sed
876 3277 1380 3345 consubstantialis,
1440 3286 1495 3334 et
1552 3277 1930 3335 coessentialis

282 3363 429 3419 Patri
450 3364 816 3433 omnipotenti
847 3366 1163 3435 unigenitus
1193 3367 1379 3422 Filius.
1435 3368 1538 3435 Qui
1589 3375 1714 3437 post
1759 3368 1928 3422 multa

290 3467 320 3506 a
368 3452 595 3509 condito
635 3454 840 3510 mundo
897 3468 1167 3511 annorum
1205 3457 1500 3523 curricula,
1543 3471 1652 3513 non
1683 3463 1930 3524 coactus,

283 3541 380 3596 sed
410 3556 508 3597 sua
564 3547 619 3597 et
656 3543 832 3598 Patris
888 3543 1168 3599 voluntate
1229 3544 1297 3600 ad
1356 3545 1698 3601 liberandum
1756 3559 1930 3616 genus

284 3631 598 3698 humanum,
638 3632 893 3702 originali
948 3633 1168 3689 vinculo
1225 3634 1521 3698 irretitum,
1579 3634 1726 3704 quod
1767 3634 1929 3704 primi

284 3719 528 3790 parentis
559 3720 740 3790 culpa,
782 3721 1059 3778 diabolico
1097 3723 1364 3778 instinctu
1403 3729 1705 3791 contracta,
1737 3724 1806 3779 ab
1837 3723 1930 3778 illa

284 3808 604 3879 angelorum
633 3808 896 3866 felicitate
935 3817 1199 3881 perpetua
1247 3813 1304 3867 in
1353 3813 1667 3869 barathrum
1707 3819 1930 3869 aeterna;

285 3898 480 3953 mortis
507 3897 800 3966 inciderat,
834 3899 902 3955 de
943 3901 1101 3956 cmlis
1149 3901 1205 3956 in
1246 3907 1462 3957 uterum
1495 3902 1732 3973 Virginis
1759 3902 1927 3969 venit,

285 3994 340 4042 et
405 4000 567 4057 quem
623 3988 751 4044 coeli
815 3988 1073 4057 ambitus,
1132 3991 1393 4061 orbisque
1457 3992 1628 4048 totius
1657 3991 1932 4060 capacitas

285 4090 483 4145 capere
514 4077 725 4147 nequit,
757 4083 990 4147 angusto
1031 4083 1188 4135 utero
1219 4080 1380 4151 Virgo
1421 4081 1666 4150 pertulit.
1699 4082 1777 4136 Ex
1824 4095 1930 4150 qua

287 4177 453 4221 carne
491 4172 695 4221 nostra;
747 4166 1096 4222 mortalitatis
1151 4167 1396 4236 indutus,
1455 4168 1733 4239 perfectus
1789 4170 1933 4224 Deus

288 4261 342 4309 et
372 4254 536 4310 homo
568 4253 902 4323 periclitanti
932 4257 1138 4312 mundo
1168 4272 1228 4312 se
1269 4258 1546 4327 praebuit;
1587 4259 1656 4314 ab
1685 4257 1929 4314 homini-

289 4341 390 4396 bus
417 4341 640 4411 quidem
696 4342 865 4408 visus,
927 4350 981 4398 et
1019 4359 1140 4400 cum
1198 4345 1513 4402 hominibus
1551 4353 1926 4414 conversatus,

2011 3190 2098 3245 bis
2127 3188 2365 3256 videtur,
2409 3195 2464 3244 et
2503 3195 2652 3244 extat
2707 3189 2828 3245 haec
2888 3189 3084 3258 pietas,
3144 3201 3209 3242 ac
3256 3186 3428 3242 totius
3474 3184 3663 3240 mundi

2011 3278 2234 3334 fabricae
2284 3284 2476 3334 nostro
2516 3278 2738 3348 quidem
2774 3278 2981 3346 jueicio
3028 3275 3497 3345 incomparabilis.
3549 3277 3662 3344 Age

2012 3381 2165 3437 ergo,
2199 3373 2255 3422 et
2303 3367 2453 3436 quod
2495 3367 2593 3421 tibi
2633 3366 2702 3420 ad
2743 3372 2951 3421 tantum
2990 3365 3248 3435 gaudium
3297 3362 3658 3419 obtinendum

2011 3455 2320 3511 Christiana
2367 3453 2638 3524 professio
2678 3453 2907 3522 expetit,
2935 3466 3128 3508 secura
3167 3452 3328 3508 nobis
3356 3451 3476 3506 sine
3505 3463 3659 3504 mora

2013 3557 2336 3614 exsequere,
2399 3561 2426 3594 «
2484 3545 2552 3598 At
2614 3541 2888 3597 Christina
2914 3585 2928 3609 ,
2988 3541 3414 3611 prudentissima
3478 3539 3653 3608 virgo,

2012 3632 2149 3688 tanti
2221 3630 2450 3702 tripudii
2516 3630 2792 3686 hilaritate
2857 3628 3096 3699 perfusa,
3162 3629 3230 3684 ad
3305 3627 3655 3683 simulacrum

2012 3721 2278 3792 imagines
2315 3719 2581 3776 citissimo
2619 3734 2679 3775 se
2735 3733 2899 3775 cursu
2957 3717 3250 3788 proripuit,
3311 3722 3366 3772 et
3421 3714 3654 3786 virgula,

2013 3823 2174 3880 quam
2241 3823 2402 3864 manu
2475 3809 2772 3879 gestabat,
2839 3809 3026 3863 Jovem
3102 3805 3355 3877 primitus
3427 3803 3654 3860 feriens.

2017 3918 2044 3948 α
2084 3898 2346 3969 Experire
2375 3899 2430 3953 in
2463 3911 2569 3965 me,
2610 3899 2706 3964 ait,
2739 3898 2786 3952 si
2825 3911 2962 3967 quas
3007 3897 3179 3952 habes
3215 3895 3380 3962 vires,
3414 3898 3581 3964 teque
3609 3891 3657 3947 si

2015 3993 2174 4057 potes
2231 3988 2300 4042 ab
2358 3987 2510 4042 illata
2566 3987 2667 4042 tibi
2725 3986 2926 4057 injuria
2983 3990 3251 4042 consueto
3307 3997 3460 4040 more
3526 3981 3662 4037 ulci-

2013 4090 2189 4132 scere.
2226 4094 2254 4128 »
2284 4078 2528 4146 Cumque
2568 4076 2675 4132 hoc
2722 4075 3048 4131 alternando
3087 4074 3393 4144 uniquique
3433 4070 3664 4126 inferret

2013 4164 2393 4235 opprobrium,
2446 4165 2631 4221 omnia
2677 4164 2837 4220 simul
2893 4163 3167 4234 arripiens
3214 4161 3271 4218 in
3320 4175 3486 4217 unum
3526 4173 3660 4216 coa-

2013 4254 2271 4318 cervavit,
2312 4269 2482 4324 seque
2539 4267 2661 4309 cum
2717 4253 2829 4308 illis
2884 4253 3132 4322 proxima
3182 4251 3440 4306 videlicet
3495 4252 3659 4303 nocte

2017 4356 2305 4411 parvorum
2360 4342 2695 4397 adminiculo
2752 4340 3137 4395 resticulorum
3206 4352 3304 4406 per
3364 4336 3658 4391 fenestram

289 4437 638 4499 peccatorum
677 4439 732 4486 et
769 4431 1188 4500 publicanorum
1244 4435 1472 4501 amicus,
1533 4442 1588 4490 et
1627 4411 1923 4505 pauperum
1944 4411 2237 4496 1)dimisit,
2279 4430 2604 4486 ChriStianis
2639 4429 2939 4484 latentibus
2994 4425 3265 4496 quidquid
3317 4429 3437 4481 erat
3494 4422 3655 4480 exhi-

289 4519 623 4588 piscatorum
654 4533 840 4576 comes
870 4520 1117 4588 effectus,
1150 4521 1218 4576 de
1265 4523 1468 4592 quibus
1522 4522 1652 4578 fecit
1706 4528 1930 4594 aposto-

289 4609 392 4674 los,
426 4623 567 4679 quos
596 4611 884 4666 constituit
923 4611 1284 4682 patriarchas,
1335 4626 1620 4682 praecones
1659 4613 1926 4680 veritatis,

281 4697 501 4768 judices
556 4698 764 4754 saeculi.
806 4701 872 4754 Et
927 4705 988 4755 ut
1024 4701 1182 4756 vobis
1231 4700 1379 4770 quod
1436 4701 1680 4770 praedico
1736 4702 1932 4758 melius

291 4787 619 4871 innotescat,
653 4787 799 4842 hunc
828 4787 897 4842 ad
936 4788 1093 4856 cujus
1122 4789 1349 4860 vestigia
1380 4789 1727 4859 supplicandi
1755 4791 1931 4862 gratia

289 4887 358 4930 ex
424 4879 539 4930 toto
600 4875 735 4930 orbe
809 4878 1196 4945 concurritur,
1272 4879 1601 4948 piscatorem
1655 4879 1930 4949 quondam

291 4963 452 5018 hamo
484 4977 760 5034 parvoque
790 4965 895 5020 reti
934 4970 1272 5034 contentum,
1315 4968 1620 5038 principem
1660 4968 1847 5025 mundi
1878 4973 1933 5023 et

291 5051 418 5107 οωιὶ
448 5051 777 5123 clavigerum
806 5053 1112 5110 adornavit.
1161 5055 1382 5112 Talibus
1428 5057 1618 5127 utique
1670 5058 1935 5113 ministris

291 5141 593 5210 majestatis
666 5157 780 5198 suae
851 5151 1064 5199 secreta
1137 5147 1392 5213 aperuit,
1449 5151 1504 5200 et
1556 5146 1778 5202 eosdem
1835 5162 1933 5203 sua

292 5229 687 5300 prmdicatione
726 5231 916 5287 docuit
955 5232 1365 5301 humanitatem,
1417 5235 1726 5291 daemonum
1766 5249 1930 5292 exor-

293 5317 515 5374 bitatam
552 5318 854 5387 illecebris,
886 5321 941 5376 in
971 5321 1248 5378 Creatoris
1272 5324 1356 5378 sui
1385 5324 1613 5394 gratiam
1635 5338 1926 5392 revocare;

290 5411 365 5472 et,
426 5412 486 5463 ut
537 5407 643 5464 ﬁde
682 5409 1035 5466 exhiberetur
1077 5410 1260 5478 dictis,
1308 5412 1590 5483 virtusque
1629 5413 1931 5469 divinitatis

289 5495 639 5564 claresceret,
692 5498 942 5568 leprosos
987 5500 1286 5566 mundavit,
1336 5502 1668 5572 paralyticos
1697 5503 1925 5571 curavit,

288 5598 470 5642 caecos
508 5585 850 5654 illuminavit,
893 5596 1139 5645 mortuos
1175 5589 1475 5646 suscitavit.
1529 5592 1810 5647 Postremo
1860 5605 1928 5649 ne

2010 4521 2150 4584 buit,
2182 4526 2346 4589 atque
2378 4535 2477 4590 per
2531 4533 2723 4575 manus
2779 4531 2969 4574 eorum
3007 4515 3196 4587 egenis
3252 4514 3532 4588 erogando
3571 4513 3656 4571 di-

2009 4608 2254 4664 stribuit.

2083 4697 2180 4752 His
2205 4697 2393 4768 itaque
2432 4696 2689 4768 peractis,
2730 4709 2952 4767 gressus
2997 4693 3143 4751 unde
3189 4692 3390 4750 tulerat
3437 4690 3646 4759 retulit,

2013 4791 2068 4843 et
2094 4786 2406 4854 comitibus,
2448 4801 2571 4856 quae
2609 4790 2875 4856 gesserat,
2915 4783 3110 4840 ordine
3149 4781 3437 4839 intimavit.
3479 4783 3651 4837 Inter-

2014 4889 2077 4932 ea
2105 4875 2234 4931 dum
2264 4890 2353 4932 res
2390 4875 2574 4930 taliter
2602 4879 2876 4946 ageretur,
2910 4885 3103 4943 magna
3140 4872 3373 4927 militum
3411 4870 3650 4940 stipante

2013 4971 2251 5036 caterva,
2283 4979 2349 5022 eo
2382 4964 2530 5036 quod
2562 4965 2715 5021 urbis
2745 4962 3125 5035 przefacturam
3156 4962 3371 5033 agebat,
3403 4960 3656 5016 Urbanus

2014 5055 2276 5123 advenit;
2309 5055 2655 5111 festus-enim
2705 5054 2850 5124 apud
2896 5067 2994 5109 eos
3032 5052 3152 5108 dies
3199 5056 3330 5106 tunc
3368 5049 3652 5121 agebatur.

2013 5147 2148 5201 Dum
2205 5145 2570 5214 inApollinis
2632 5143 2874 5214 stipitem
2933 5140 3264 5206 intenderet,
3325 5144 3385 5195 ut
3450 5137 3522 5205 ei,
3583 5137 3652 5194 ad

2014 5249 2175 5306 quem
2207 5241 2449 5301 venerat,
2499 5235 2660 5290 thura
2713 5231 3056 5299 incenderet,
3123 5229 3473 5286 simulacrum
3534 5229 3657 5285 nul-

2012 5325 2123 5381 lum
2189 5324 2374 5394 videt;
2443 5337 2745 5394 magnaque
2810 5321 2904 5378 diu
2967 5320 3329 5377 admiratione
3387 5317 3655 5375 attonitus

2011 5415 2243 5486 primum
2276 5413 2538 5470 decenter
2576 5413 2761 5480 tiliam,
2803 5411 2896 5468 ubi
2943 5414 3146 5476 essent,
3195 5409 3518 5479 interrogat.
3565 5407 3647 5464 Ad

2011 5518 2172 5576 quem
2201 5503 2510 5559 Christina:
2549 5523 2575 5552 α
2616 5503 2720 5558 Pro
2759 5500 2996 5557 culmine
3035 5498 3265 5555 honoris
3319 5499 3398 5553 tui
3461 5496 3648 5568 unige-

2009 5593 2182 5650 nitum
2212 5591 2405 5649 Filium
2434 5591 2529 5647 Dei
2559 5604 2778 5662 semper
2831 5587 2999 5656 colui,
3057 5593 3113 5644 et
3171 5600 3270 5658 pro
3333 5585 3645 5644 valetudine
