4106 6178
450 308 585 363 1275

1563 313 1853 370 ALPHANI
1892 315 2337 371 SALERNITANI
2377 315 2687 370 ARCHIEP.

3682 315 3827 372 1275

443 434 614 490 totius
639 433 961 503 reipublicae
990 435 1286 502 Christum,
1307 437 1400 505 qui
1435 436 1486 490 in
1519 435 1674 491 cmlis
1703 444 1807 502 est,
1837 438 2078 505 adoravi;
2099 438 2322 499 Aillico
2360 439 2546 494 divino
2579 438 2826 494 examine
2857 437 3148 494 retroactis
3185 437 3448 509 vestigiis,
3499 442 3658 511 quasi
3701 456 3829 512 pas-

443 523 600 593 cujus
654 523 939 588 instinctu,
999 524 1519 593 cujusqueﬁducia
1559 525 2086 594 perniciosissimum

443 625 564 666 esse
630 612 948 668 existimans
984 612 1422 668 sceleratissimis
1487 619 1542 668 et
1606 615 1926 671 miserrimis
1981 616 2091 672 ho-

444 701 831 756 muncionibus
887 701 1185 756 divinitatis
1217 704 1552 771 majestatem
1591 706 1889 770 ascribere,
1923 713 2088 774 atque

444 801 634 845 eorum
681 789 1043 858 supplicando
1100 790 1428 858 simulacris,
1485 794 1797 848 Creatorem
1845 795 2086 850 omnium

446 891 628 934 rerum
659 878 958 944 oﬁ'endere,
1001 880 1165 934 statui
1223 893 1287 934 ea
1344 881 1596 936 manibus
1654 883 1789 937 meis
1844 883 2088 938 confrin-

443 981 592 1037 gere,
627 972 681 1022 et
711 967 980 1036 quidquid
1021 969 1200 1024 inerat
1236 969 1449 1040 argenti
1481 971 1562 1025 vel
1593 971 1711 1025 auri
1753 973 2089 1041 pauperibus

445 1069 709 1126 erogare;
785 1056 952 1126 idque
1019 1064 1182 1114 nocte
1239 1065 1513 1114 transacta
1572 1068 1850 1130 peractum
1909 1068 2012 1116 est.
2057 1081 2084 1112 »

444 1143 696 1200 Urbanus
719 1151 902 1200 autem
931 1146 999 1201 ad
1033 1146 1152 1203 haec
1183 1147 1334 1204 nullo
1374 1149 1542 1204 modo
1595 1164 1878 1206 assensum
1937 1165 2090 1220 pra?-

442 1233 573 1288 bere
640 1238 877 1302 poterat,
938 1236 1086 1305 quod
1137 1238 1263 1293 ostii
1321 1239 1692 1306 obseratione,
1753 1248 1807 1295 et
1855 1241 2088 1296 excelsae

439 1321 612 1376 turris
643 1321 934 1380 altitudine
961 1325 1030 1379 ad
1059 1339 1176 1380 eam
1210 1325 1522 1382 hominibus
1549 1329 1850 1399 negabatur
1877 1329 2088 1400 ingres-

443 1424 558 1465 sus.
590 1413 832 1481 Cumque
872 1427 1058 1468 secum
1091 1414 1324 1484 plurima
1366 1415 1626 1483 volveret,
1670 1425 1724 1472 et
1765 1433 1877 1487 prae
1917 1419 2086 1474 nimio

443 1498 638 1555 dolore
675 1502 949 1558 obstinata
988 1517 1088 1572 per
1132 1504 1352 1560 domum
1394 1512 1575 1560 mente
1621 1507 1926 1573 incederet,
1958 1522 2086 1563 casu

441 1586 698 1645 fenestra:
747 1591 1091 1659 incumbens,
1123 1593 1272 1648 videt
1331 1601 1557 1662 repente
1617 1596 1927 1662 resticulos,
1970 1597 2091 1666 qui-

440 1677 544 1733 bus
583 1679 780 1736 abinde
813 1681 1129 1751 hujusmodi
1159 1682 1286 1739 facti
1314 1683 1702 1740 conferebatur
1739 1685 1895 1741 ﬁdes.
1936 1687 2086 1742 Tunc

2169 527 2322 582 sibus
2376 529 2525 584 senis
2578 528 2761 586 vicino
2818 527 3014 598 parieti
3071 527 3441 595 adhaeserunt,
3474 536 3535 584 ut
3565 529 3830 599 profecto

2170 620 2433 686 tyrannus
2470 622 2796 688 agnosceret
2843 616 3102 672 militesa
3141 616 3374 686 puellari
3423 619 3577 674 crede
3627 620 3824 688 expul-

2169 716 2263 762 sos
2299 705 2507 760 viribus
2561 705 2758 761 alienis
2805 706 3058 761 cessisse.
3121 706 3271 760 Tunc
3327 707 3486 761 beata
3543 708 3825 763 Christina

2171 791 2269 848 hac
2299 793 2454 849 valde
2493 795 2854 849 admiratione
2892 808 3086 849 secura
3124 793 3238 848 ait:
3273 812 3300 844 «
3331 797 3597 866 Agnoscis
3629 811 3827 866 poenas

2169 887 2292 936 tuas
2320 883 2651 950 inefﬁcaces,
2686 884 2940 949 Urbane;
3001 882 3299 953 perpendis
3355 883 3558 940 milites
3613 893 3823 955 quanta

2169 970 2225 1025 in
2258 986 2341 1027 me
2390 979 2623 1042 possunt
2679 973 2759 1028 uti
2819 972 3185 1038 credulitate;
3247 980 3542 1028 occurrant
3599 973 3702 1040 dii,
3760 981 3822 1029 et

2169 1061 2297 1128 quia
2328 1076 2428 1130 pro
2457 1077 2516 1118 se
2555 1063 2896 1118 certantibus
2933 1068 3214 1132 nequeunt
3260 1063 3616 1132 suppeditare
3666 1064 3826 1118 auxi-

2169 1148 2321 1215 lium,
2354 1151 2461 1220 ipsi
2502 1151 2604 1206 sibi
2664 1151 3041 1220 opitulentur;
3103 1151 3460 1220 experiantur
3511 1153 3567 1207 in
3625 1167 3716 1208 me
3771 1153 3821 1207 si

2169 1252 2330 1308 quam
2363 1240 2600 1295 habeant
2630 1241 2936 1295 divinitatis
2974 1240 3314 1310 potentiam;
3376 1240 3504 1310 quia
3557 1241 3640 1296 eis
3706 1255 3822 1297 non

2171 1341 2392 1397 parvum
2458 1329 2618 1384 intuli
2690 1329 2970 1396 dedecus;
3031 1343 3172 1398 quos
3229 1329 3394 1384 dictis
3477 1329 3823 1386 confutando

2170 1417 2496 1487 contempsi,
2565 1417 2990 1474 comtemnendo
3047 1417 3247 1484 delusi,
3308 1417 3625 1474 deludendo
3685 1432 3823 1474 con-

2170 1504 2346 1577 fregi;
2377 1506 2578 1576 quibus
2616 1506 2808 1562 oculos
2847 1507 2986 1572 erui,
3045 1505 3245 1576 quibus
3301 1519 3398 1560 ora
3456 1504 3690 1562 nefanda
3722 1507 3820 1562 ob-

2168 1595 2366 1662 struxi,
2396 1596 2599 1663 quibus
2628 1595 2796 1665 pedes
2823 1594 3046 1664 fugaces
3081 1594 3313 1659 abscidi,
3357 1594 3583 1650 brachia
3631 1592 3773 1664 fregi
3801 1635 3816 1659 ,

2169 1684 2288 1738 sine
2316 1692 2441 1740 actu
2472 1685 2714 1740 membra
2743 1684 3061 1740 comminui.
3103 1700 3136 1737 ››
3182 1683 3426 1739 Audiens
3481 1683 3589 1739 hoc
3646 1683 3823 1738 Urba-

438 1765 703 1823 immensa
769 1784 1054 1839 accensus,
1096 1773 1175 1826 ira
1236 1779 1291 1828 et
1348 1774 1490 1828 ultra
1543 1789 1704 1843 quam
1763 1770 2273 1844 parentibuanus
2302 1775 2471 1829 nimio
2511 1788 2747 1831 maerore
2787 1773 3069 1842 confusus,
3129 1772 3324 1829 ferreis
3371 1773 3606 1829 vinculis
3673 1773 3820 1828 colla

440 1857 731 1912 conveniat
793 1858 851 1913 in
918 1859 1124 1916 liberos
1179 1862 1431 1928 saeviens,
1493 1864 1666 1933 alapis
1719 1869 1775 1919 et
1843 1865 2087 1921 calcibus

438 1942 780 1999 mitissimam
822 1947 1029 2015 prolem
1087 1949 1421 2018 aggreditur.
1482 1952 1857 2021 Suggerebant
1904 1958 2085 2008 autem

439 2032 646 2088 milites
673 2035 1111 2102 circumstantes,
1141 2039 1218 2094 uti
1260 2053 1376 2095 eam
1427 2048 1652 2109 paterne
1708 2040 1972 2107 afﬁceret,
2033 2049 2087 2098 et

437 2123 705 2177 suasoriis
741 2124 1226 2194 insinuationibus,
1269 2129 1402 2197 quid
1433 2130 1490 2183 in
1530 2144 1590 2185 re
1638 2137 1784 2185 esset
1834 2131 2088 2200 exquire-

439 2218 544 2277 ret,
583 2213 834 2268 simulate
881 2215 1148 2270 addentes
1193 2231 1300 2273 non
1331 2233 1452 2273 esse
1481 2219 1777 2275 verisimile
1807 2219 2083 2284 feminam,

437 2307 545 2355 tam
594 2301 874 2367 solertem,
908 2309 1126 2375 tamque
1165 2307 1221 2360 in
1251 2308 1512 2363 Romanis
1559 2308 1772 2379 legibus
1817 2310 2085 2365 eruditam

438 2390 710 2459 ejusmodi
751 2395 897 2461 patri
924 2394 1162 2450 voluisse
1202 2395 1406 2452 inferre
1455 2397 1731 2468 injuriam,
1774 2400 1919 2454 unde
1963 2401 2087 2468 jure

439 2481 585 2534 civili
619 2489 947 2539 testamento
997 2493 1226 2554 paterno
1276 2487 1524 2542 exhaeres
1563 2490 1758 2544 merito
1807 2490 2089 2545 scribere-

439 2575 530 2624 tur
601 2571 790 2640 sicque
870 2574 1034 2629 rebus
1100 2576 1306 2644 privata
1361 2576 1727 2633 haareditariis
1782 2579 2086 2648 improvide

440 2664 535 2712 aut
564 2658 870 2715 voluntarie
901 2662 1006 2716 sibi
1047 2663 1243 2719 obesse
1280 2664 1578 2720 videretur.
1612 2668 1774 2722 Beata
1811 2668 2087 2723 Christina

439 2747 770 2815 respondit:
832 2748 886 2804 Si
945 2750 1051 2806 hoc
1109 2751 1258 2822 leges
1296 2754 1659 2823 constituunt,
1722 2755 1827 2812 hoc
1873 2757 2082 2824 volunt,

439 2833 507 2889 ad
539 2835 646 2890 hoc
675 2842 946 2906 spectant,
987 2845 1048 2896 ut
1087 2853 1296 2908 omnes,
1347 2844 1441 2912 qui
1481 2845 1779 2913 opprobria
1838 2847 2087 2916 patribus

439 2924 738 2996 ingerunt,
817 2942 1006 2984 eorum
1084 2932 1435 2998 possessione
1510 2934 1829 3003 priventnr,
1905 2943 2083 2990 vestra

438 3015 712 3070 sententia
774 3017 898 3085 jure
947 3018 1283 3086 plectemini,
1345 3022 1438 3091 qui
1496 3037 1526 3077 a
1582 3031 1764 3079 vestro
1824 3025 2083 3080 Creatore

2167 1862 2401 1919 delicata
2456 1865 2804 1935 constringit,
2867 1871 2923 1919 et
2960 1863 3014 1919 in
3071 1861 3321 1918 inferiori
3362 1855 3516 1932 parte
3575 1863 3820 1918 carceris

2167 1952 2292 2007 loco
2347 1952 2585 2023 quodam
2638 1953 3000 2009 subterraneo
3057 1951 3274 2018 clausit,
3334 1966 3398 2007 ac
3445 1966 3504 2007 se
3548 1951 3683 2007 inde
3722 1951 3822 2006 do-

2169 2055 2316 2097 mum
2373 2043 2706 2112 proripiens,
2774 2043 2963 2112 ibique
3012 2040 3344 2098 furibundus
3399 2055 3588 2096 secum
3644 2040 3818 2095 multa

2179 2132 2487 2200 revolvens,
2521 2132 2668 2203 quod
2701 2132 2996 2202 insperata:
3037 2131 3116 2186 rei
3164 2131 3339 2185 malus
3368 2136 3596 2186 eventus
3622 2129 3818 2184 incur-

2171 2227 2338 2288 rerat,
2372 2222 2594 2291 conjugi
2627 2221 2867 2276 tristitiae
2908 2235 3124 2276 causam
3165 2219 3416 2290 poscenti
3446 2233 3560 2274 rem
3613 2218 3817 2288 aperit,

2168 2309 2330 2365 ﬁliam
2387 2310 2750 2366 Christianam
2807 2310 3053 2366 effectam
3112 2309 3297 2364 multis
3361 2307 3669 2363 astantibus
3728 2322 3821 2376 pa-

2169 2398 2374 2455 tefecit.
2437 2400 2520 2454 Fit
2583 2400 2882 2456 amicorum
2948 2405 3175 2468 repente
3214 2405 3535 2462 conventus,
3597 2403 3653 2451 et
3709 2411 3821 2450 ma-

2168 2494 2450 2543 tronarum
2481 2489 2747 2542 maximus
2797 2487 3040 2556 undique
3094 2501 3326 2552 cursus;
3369 2491 3672 2554 concrepat
3709 2484 3820 2539 do-

2170 2588 2286 2630 mus
2345 2577 2578 2632 diversis
2641 2576 2892 2631 dolorum
2950 2575 3165 2630 turbata
3221 2574 3536 2645 generibus,
3571 2574 3817 2628 virorum

2173 2679 2237 2720 ac
2303 2665 2613 2734 mulierum,
2673 2665 3015 2731 amicorum,
3075 2672 3130 2720 et
3186 2662 3409 2718 familiae
3467 2662 3678 2732 repleta
3745 2661 3822 2714 la-

2167 2755 2385 2809 mentis.

2238 2844 2372 2897 Dum
2410 2842 2530 2898 haec
2569 2841 2713 2912 apud
2743 2855 2840 2898 eos
2877 2845 3160 2912 geruntur,
3194 2839 3508 2895 beatissima
3535 2839 3816 2894 Christina

2165 2931 2564 3002 aliquantisper
2593 2932 2832 2988 orationi
2872 2931 3140 2998 incubuit,
3188 2932 3489 2986 obsecrans
3516 2929 3594 2983 uti
3625 2929 3676 2983 ei
3710 2930 3818 2984 Do-

2165 3022 2345 3078 minus
2373 3030 2565 3078 contra
2595 3021 2899 3078 diabolicas
2937 3022 3084 3076 acies
3132 3019 3549 3090 impenetrabile
3597 3025 3850 3073 scutum.

441 3103 622 3171 divisi,
657 3105 750 3173 qui
791 3106 858 3158 ad
890 3105 1302 3163 similitudinem
1334 3124 1486 3165 suam
1537 3112 1762 3177 creavit,
1821 3099 2145 3168 daamoni-G
2167 3111 2293 3166 ﬁdei
2339 3111 2606 3167 conferat.
2673 3111 2932 3167 Oratione
2983 3115 3162 3166 autem
3222 3108 3383 3174 facta,
3439 3107 3626 3163 subito
3690 3122 3814 3162 cum

440 3191 544 3245 bus
572 3205 670 3247 vos
709 3193 994 3249 ultroneos
1023 3196 1312 3252 exhibetis.
1347 3200 1458 3268 Ego
1507 3213 1636 3254 vero
1685 3203 1803 3269 ejus
1849 3201 2085 3256 haaredi-

442 3285 608 3334 tatem
632 3281 758 3349 jure
787 3281 1037 3346 obtineo,
1095 3284 1151 3339 in
1191 3298 1297 3354 qua
1337 3287 1470 3341 mihi
1528 3287 1777 3342 cohaeres
1833 3289 2084 3344 Christus

439 3373 540 3434 est,
605 3369 860 3424 concives
924 3371 1124 3442 angeli,
1179 3380 1467 3430 consortes
1519 3376 1777 3444 apostoli,
1838 3378 2084 3432 consocii

437 3464 723 3528 martyres,
783 3459 943 3516 amici
1001 3461 1374 3531 confessores,
1437 3463 1628 3520 amnes
1681 3466 1957 3537 virgines;
1990 3466 2084 3522 ubi

440 3547 626 3602 nullus
653 3548 785 3603 mihi
825 3550 1216 3622 subrogabitur
1261 3553 1458 3620 haeres,
1512 3553 1694 3610 nullus
1734 3561 1940 3625 praetor
1986 3570 2085 3624 po-

437 3638 567 3692 terit
592 3638 860 3695 bonorum
901 3641 1303 3712 possessionem
1351 3643 1614 3710 adimere,
1647 3645 1830 3700 nullus
1860 3645 2085 3702 audebit

439 3734 664 3783 exactor
694 3730 1063 3798 pensitatione
1103 3746 1297 3788 vexare
1346 3733 1536 3788 ﬁscali.
1571 3749 1602 3788 »
1643 3735 1896 3790 Urbanus
1945 3734 2084 3790 dixit

439 3816 506 3872 ad
534 3816 685 3872 haec:
732 3836 760 3869 «
810 3821 1094 3892 Resipisce
1149 3823 1472 3890 temeraria,
1535 3829 1590 3880 et
1645 3825 1714 3880 ab
1773 3825 2081 3881 intentione

439 3905 646 3961 nefaria
675 3907 914 3964 animum
953 3915 1175 3978 averte;
1218 3910 1411 3968 aﬁ‘erto
1458 3912 1614 3981 deos,
1665 3927 1806 3983 quos
1851 3914 2084 3970 abscon-

439 3993 590 4058 disti,
634 4001 689 4049 et
727 3995 898 4052 libato
937 3998 1037 4064 eis,
1097 3999 1344 4068 alioquin
1401 4001 1457 4055 in
1517 4002 1776 4058 membris
1815 4003 1891 4057 tui
1932 4007 2082 4057 tanta

439 4095 723 4151 pmnarum
771 4099 972 4153 genera
1031 4087 1352 4155 experieris,
1403 4097 1604 4158 quanta
1662 4096 1716 4144 te
1774 4091 1832 4146 in
1889 4091 2084 4146 alienis

438 4169 616 4226 solum
659 4172 859 4228 vid-isse
898 4167 1144 4229 terreris.
1181 4193 1222 4229 »_
1241 4177 1402 4231 Beata
1441 4179 1714 4233 Christina
1754 4180 2076 4248 respondit:

442 4278 478 4311 tr
501 4262 644 4316 Deos
683 4267 808 4317 tuos
856 4262 1048 4319 desine
1107 4263 1358 4330 ulterius,
1419 4266 1654 4331 Urbane,
1715 4268 2076 4337 perquirere;

2167 3200 2432 3267 exsiliret,
2492 3207 2619 3255 ante
2677 3199 2870 3256 oculos
2917 3201 3036 3268 ejus
3086 3199 3303 3268 juvenis
3330 3195 3817 3266 splendidissimus

2167 3288 2330 3358 igneo
2395 3288 2692 3358 splendore
2749 3286 3114 3343 circumfusus
3177 3285 3472 3356 apparuit;
3543 3287 3630 3339 cui
3690 3283 3814 3338 hac

2166 3378 2342 3432 dixit:
2377 3395 2404 3428 «
2446 3378 2589 3432 Misit
2627 3391 2712 3432 me
2743 3377 2998 3432 dominus
3024 3378 3184 3431 Jesus
3213 3373 3482 3439 Christus,
3541 3373 3700 3442 cujus
3759 3381 3816 3426 te

2165 3465 2418 3522 famulam
2449 3472 2568 3520 toto
2597 3465 2766 3521 corde
2796 3464 3047 3522 confessa
3075 3479 3154 3532 es,
3189 3471 3247 3519 ut
3285 3465 3386 3518 sim
3436 3462 3544 3518 tibi
3588 3470 3816 3517 aeterna:

2165 3555 2359 3611 salutis
2387 3556 2562 3627 galea,
2596 3561 2652 3611 et
2680 3554 3156 3625 impenetrabilior
3184 3554 3252 3608 ab
3291 3552 3440 3608 omni
3472 3550 3814 3606 immissione

2165 3644 2375 3699 lorica:
2409 3651 2463 3700 et
2501 3645 2620 3700 haec
2663 3645 2874 3712 dicens,
2937 3657 3152 3714 panem,
3211 3655 3374 3712 quem
3413 3653 3600 3695 secum
3658 3639 3816 3694 detu-

2166 3733 2303 3789 lerat
2351 3734 2571 3802 obtulit,
2606 3735 2767 3804 eique
2798 3739 2858 3790 ut
2895 3732 3212 3790 comederet
3239 3730 3546 3800 imperavit.
3580 3727 3813 3794 Deinde,

2165 3823 2316 3878 brevi
2347 3829 2572 3894 peracto
2601 3825 2803 3894 spatio,
2845 3837 2976 3880 ecce
3013 3829 3187 3878 mater
3226 3819 3482 3876 muliebri
3514 3817 3816 3888 fragilitate

2164 3911 2467 3979 mmissior,
2499 3913 2706 3982 sparsis
2735 3912 3000 3980 crinibus,
3048 3915 3196 3967 veste
3235 3909 3488 3973 discissa,
3537 3907 3655 3962 luto
3703 3920 3818 3960 caa-

2165 4013 2348 4070 noque
2377 4001 2639 4070 volutata,
2698 4003 2765 4057 ad
2807 4003 2926 4072 ejus
2981 3999 3188 4072 quippe
3244 3997 3572 4055 calamitatis
3629 3996 3816 4050 locum

2163 4090 2402 4156 advenit,
2443 4091 2718 4161 ﬁliamque
2749 4091 2958 4148 catenis
2995 4091 3248 4146 innexam
3277 4087 3472 4144 ferreis
3502 4086 3810 4154 conspexit.

2165 4180 2303 4234 Hinc
2361 4179 2783 4236 irremediabilis
2838 4180 3152 4246 cruciatus,
3210 4178 3339 4233 hinc
3368 4175 3818 4245 incomparabilis

2162 4267 2367 4334 luctus,
2402 4268 2531 4324 hinc
2564 4269 2726 4325 dolor
2776 4270 2954 4324 oritur
3007 4267 3328 4333 inauditus;
3388 4264 3690 4320 conﬂuitur
3744 4277 3813 4317 ex

437 4364 560 4405 cum
601 4351 732 4421 quid
765 4350 833 4406 de
873 4352 953 4408 eis
1000 4352 1351 4408 laudabiliter
1386 4361 1597 4425 gestum
1638 4355 1710 4410 sit
1750 4370 2135 4428 recognove-_
2165 4356 2301 4412 urbe
2332 4362 2446 4412 tota
2477 4357 2545 4412 ad
2596 4363 2703 4413 tam
2762 4358 2981 4414 exitiale
3040 4355 3456 4428 spectaculum;
3515 4352 3646 4422 quid
3686 4360 3815 4421 agat

441 4440 555 4496 ris:
594 4445 702 4496 tam
736 4442 876 4498 male
916 4443 1207 4509 animatus,
1241 4449 1405 4514 atque
1435 4446 1488 4499 in
1531 4429 1741 4502 memor
1784 4425 1907 4513 sui,
1925 4452 1984 4503 ut
2025 4425 2477 4503 ianiserenda
2505 4460 2662 4514 anus,
2694 4461 2804 4517 quo
2843 4462 2901 4502 se
2940 4425 3116 4502 vertat
3145 4447 3355 4500 incerta
3385 4449 3487 4498 est.
3520 4440 3818 4510 Appellare

439 4529 838 4598 pretiosissima
878 4532 1220 4587 metallorum
1260 4533 1438 4589 nitore
1478 4533 1785 4591 daamonum
1817 4535 2084 4607 imagines

439 4617 660 4672 caelatas
699 4620 957 4687 patiatur,
1015 4626 1068 4675 et
1118 4634 1227 4676 non
1268 4635 1374 4691 qua
1423 4629 1604 4691 potest
1651 4623 1933 4680 celeritate
1972 4631 2080 4680 tam

439 4695 673 4761 nefanda
703 4716 946 4763 monstra
979 4709 1295 4765 eliminet.»
1321 4711 1571 4766 Urbanus
1596 4711 1770 4768 dixit:
1807 4732 1834 4764 «
1866 4715 2080 4785 Ergone

437 4793 721 4851 fortissimi
775 4796 924 4851 Jovis
962 4797 1250 4867 imaginem
1290 4813 1508 4854 auream
1567 4799 1809 4856 delesti?
1849 4821 1876 4853 »
1918 4804 2081 4858 Beata

437 4884 712 4941 Christina
753 4886 1074 4955 respondit:
1131 4909 1156 4937 α
1204 4889 1316 4958 Ego
1348 4896 1516 4944 totam
1570 4903 1798 4946 massam
1840 4891 1933 4946 tali
1965 4890 2081 4961 pol-

438 4973 654 5030 lutione
706 4974 1096 5030 dedecoratam
1132 4975 1188 5030 in
1227 4975 1426 5032 frustra
1460 4977 1738 5046 distribui,
1797 4993 1870 5036 ne
1923 4988 1979 5036 et
2017 4995 2080 5036 ea

443 5107 456 5118 .
538 5107 550 5118 .
631 5104 646 5117 .
727 5103 742 5116 .
818 5063 967 5119 lovis
1004 5061 1236 5135 efﬁgiem
1293 5065 1624 5122 insensatam
1681 5067 1996 5124 deleverim.
2049 5089 2076 5118 ι»

437 5149 557 5206 Mox
617 5153 866 5208 Urbanus
915 5153 1228 5209 incredibili
1267 5153 1451 5211 furore
1498 5163 1822 5226 correptus:
1873 5159 2083 5213 Exten—

437 5238 554 5295 dite
618 5255 736 5297 eam
805 5257 1055 5314 pronam,
1124 5243 1304 5314 inquit
1359 5244 1643 5312 militibus,
1704 5253 1761 5302 et
1815 5248 2082 5304 atrociter

438 5326 674 5386 fustibus
701 5332 1020 5403 eastigetur,
1063 5339 1122 5388 ut
1159 5333 1621 5390 animadvertatur
1666 5341 1872 5405 quanto
1911 5337 2080 5392 exitio

439 5414 608 5486 digna
641 5419 732 5487 sit,
773 5435 897 5491 quae
936 5422 1073 5478 deos
1120 5421 1456 5478 immortales
1492 5423 1664 5479 atroci
1712 5423 1911 5493 injuria
1957 5425 2083 5482 vio-

437 5504 652 5562 laverit.

511 5593 610 5652 His
631 5595 802 5664 jussis
825 5597 1137 5668 duodecim,
1188 5600 1284 5674 qui
1313 5600 1551 5658 vicissim
1591 5607 1849 5672 parerent
1895 5601 2078 5670 electi,

2165 4533 2329 4589 ﬁliam
2361 4534 2576 4604 incipit,
2617 4536 2714 4591 sed
2753 4535 3036 4604 intercipit
3072 4533 3348 4589 anhelitus
3395 4544 3623 4595 vocem;
3675 4529 3810 4598 quid

2163 4623 2294 4678 velit
2357 4623 2592 4693 ignorat,
2661 4624 2929 4694 quidquid
2988 4622 3196 4678 factura
3256 4621 3478 4676 videtur
3527 4617 3810 4687 displicet.

2163 4712 2322 4768 Videt
2339 4700 2407 4767 in
2437 4727 2570 4783 gyro
2600 4713 2896 4782 dispositas
2925 4713 3119 4769 sedere
3164 4715 3461 4774 matronas,
3512 4715 3566 4762 et
3621 4719 3814 4761 unam-

2163 4815 2435 4870 quamque
2501 4802 2789 4857 nominans
2851 4800 3139 4872 appellat,
3226 4803 3429 4870 rogat,
3507 4797 3814 4865 obsecrat,

2163 4889 2472 4945 obtestatur
2524 4891 2602 4945 uti
2662 4896 2908 4946 materna
2957 4889 3161 4960 pietate
3238 4895 3400 4943 motae
3467 4886 3632 4940 ﬁliam
3701 4883 3818 4939 sibi

2162 4978 2380 5034 unicam
2440 4979 2655 5035 redant.
2713 4981 2930 5036 Adeunt
2992 4981 3178 5049 itaque
3250 4977 3360 5033 illa:
3437 4975 3810 5031 beatissimam

2162 5067 2511 5135 Christinam,
2569 5076 2624 5124 et
2677 5070 2857 5126 verbis
2907 5083 3024 5124 eam
3080 5066 3346 5123 suasoriis
3402 5066 3592 5122 taliter
3647 5076 3815 5120 occu-

2163 5162 2332 5228 pant:
2398 5178 2423 5206 c
2482 5158 2828 5229 Repugnant,
2886 5156 3182 5224 Christina,
3221 5155 3409 5210 virtuti
3447 5153 3812 5222 scientiaeque

2162 5260 2323 5316 quam
2354 5247 2423 5302 de
2457 5253 2511 5302 te
2541 5247 2902 5316 opinabamur
2924 5287 2939 5312 ,
2982 5245 3198 5301 vincula
3227 5245 3428 5315 quibus
3466 5242 3804 5304 innecteris;

2164 5341 2219 5389 ut
2252 5340 2307 5390 et
2337 5336 2631 5399 cernimus,
2665 5345 2815 5391 tuum
2872 5334 3351 5391 exornatissimum
3407 5331 3645 5387 studium
3715 5344 3811 5385 no—

2163 5423 2376 5479 bilitate
2416 5431 2505 5479 tua
2544 5425 2766 5495 indigna
2807 5425 3169 5481 obsccenitate
3200 5422 3418 5478 foedasti
3444 5443 3459 5490 ;
3490 5420 3711 5475 videtur
3740 5419 3809 5474 de

2165 5519 2222 5567 te
2251 5524 2494 5583 congrue
2523 5512 2633 5568 dici
2689 5511 2911 5584 vulgare
2968 5511 3104 5567 illud
3164 5511 3550 5582 proverbium:
3590 5510 3809 5576 Quanto

2163 5600 2328 5657 altior
2353 5600 2528 5672 gloria
2580 5605 2706 5671 post
2744 5599 3096 5670 triumphum,
3158 5605 3311 5656 tanto
3368 5596 3604 5656 inferior
3652 5597 3811 5668 igno-
