4122 6184
366 318 502 374 1277

1529 324 1680 378 VlTA
1720 324 1802 378 ET
1841 323 2068 379 PASSIO
2104 325 2160 381 S.
2201 325 2594 380 CHRISTINE.

3597 321 3731 376 1278

354 446 520 504 minia
569 452 693 516 post
743 447 975 502 ruinam.
1030 449 1186 503 Unde
1215 449 1314 504 tibi
1357 455 1464 503 tam
1495 448 1732 504 ferreum
1766 451 2206 516 pectus?Aesse
2244 452 2434 504 Jovem
2484 448 2923 504 manifestissima
2976 449 3187 503 ratione
3238 449 3536 519 colligitur.
3589 451 3727 504 Ecce

351 547 419 588 an
452 540 505 588 te
539 533 674 589 ferae
712 548 956 604 genuere
986 535 1238 605 tigrides,
1269 537 1542 605 Gorgonei
1578 536 1763 590 aluere
1796 549 1996 604 paren-

354 630 490 678 tes?
564 623 737 679 solam
823 637 1056 693 namque
1144 625 1383 681 hominis
1457 625 1701 679 exterius
1754 623 2000 678 indutam

354 714 602 784 figuram,
660 715 810 770 intus
869 721 1246 783 portentosam
1305 714 1745 784 deprehenderis
1809 727 2002 783 gerere

351 801 646 870 feritatem,
709 804 838 859 dum
896 817 1019 873 quze
1079 811 1131 859 te
1187 803 1379 874 genuit
1426 809 1652 858 matrem
1711 808 1767 858 tu
1821 803 2000 872 magni

353 905 516 948 causa
547 893 758 949 doloris
789 892 922 948 facis
951 907 1072 948 esse
1111 894 1376 948 ostentui.
1408 893 1664 948 Placetne
1694 906 1810 947 eam
1833 892 2001 947 tantis

354 981 636 1038 incitatam
685 981 843 1038 furiis
890 982 1472 1052 circumspectantium
1528 982 1705 1038 oculis
1762 979 2002 1036 ludibrio

355 1070 592 1127 haberi?
636 1072 791 1139 Quod
830 1072 876 1127 si
927 1071 1069 1138 aliis,
1102 1087 1226 1141 quae
1275 1072 1462 1128 multae
1509 1077 1637 1126 sunt
1674 1085 1874 1136 causae,
1915 1068 2003 1124 vel

357 1159 663 1228 blanditiis,
704 1161 906 1230 quibus
937 1169 988 1216 te
1028 1161 1297 1232 pusiolam
1349 1161 1502 1226 fovit,
1535 1162 1813 1226 convenit,
1881 1173 2004 1214 mo-

357 1263 542 1305 veare.
583 1252 688 1306 Per
717 1255 882 1319 caput
912 1251 1019 1306 hoc
1049 1251 1366 1320 speciosiss.
1393 1266 1600 1322 perque
1631 1264 1835 1320 corpus
1855 1249 2002 1305 omni

361 1336 636 1395 formitate
665 1338 929 1395 decorum
973 1345 1026 1394 te
1059 1339 1423 1410 deprecamur
1467 1340 1536 1394 ab
1583 1340 1686 1394 hac
1725 1337 2010 1408 impietate

363 1426 650 1493 desistere,
683 1433 741 1483 et
787 1428 946 1482 matri
988 1429 1101 1497 jam
1152 1428 1484 1498 periclitanti
1533 1428 1834 1484 remedium
1873 1439 2006 1482 con-

361 1514 652 1571 solationis
697 1516 911 1573 afferre.
966 1536 993 1567 »
1043 1517 1250 1584 Quibus
1303 1518 1460 1573 beata
1499 1517 1774 1573 Christina
1818 1515 2007 1586 paucis

361 1605 650 1675 respondit
683 1626 694 1661 :
733 1627 758 1655 «
801 1607 1044 1662 Breviter
1091 1621 1154 1662 ac
1201 1608 1426 1677 copiose
1475 1607 1543 1662 de
1584 1605 1866 1676 obsequiis
1906 1619 2010 1674 pa-

361 1695 612 1750 rentibus
657 1695 985 1752 exhibendis
1022 1697 1344 1766 perorastis,
1386 1711 1582 1767 meque
1613 1696 1912 1766 impietatis
1949 1696 2005 1749 in

2084 537 2254 592 habes
2282 538 2432 607 quod
2461 539 2746 607 quaesisti,-
2797 539 3110 592 conlltearis
3158 543 3379 606 oportet
3429 538 3576 606 quod
3608 538 3727 592 sine

2085 627 2522 682 contradictione
2573 631 2665 681 tua
2713 627 3025 681 necessario
3074 627 3392 680 conclusum
3443 634 3544 680 est.
3587 627 3728 681 Alte-

2086 730 2204 771 rum
2244 729 2395 781 vero,
2429 715 2576 786 quod
2607 715 2860 770 similiter
2906 715 3122 769 ostendi
3161 715 3260 769 tibi
3294 715 3582 783 postulasti
3623 716 3733 770 evi-

2088 807 2407 861 dentissima
2456 807 2668 860 ratione
2716 804 3054 869 monstrabo,
3089 804 3134 858 si
3165 818 3289 872 qua:
3328 803 3579 860 refellere
3621 818 3730 860 non

2088 895 2235 950 vales
2305 895 2652 950 veracissime
2720 894 2932 964 prolata
2989 893 3058 948 iis
3117 893 3484 962 praesentibus
3543 893 3730 962 itaque

2087 984 2248 1040 veris.
2285 1004 2311 1036 »
2344 985 2595 1039 Urbanus
2637 984 2775 1039 dixit
2811 1003 2821 1038 :
2862 1003 2887 1032 α
2932 984 3047 1038 Non
3097 988 3180 1038 est
3231 983 3285 1037 in
3337 987 3461 1051 post
3501 982 3731 1052 quaesita

2087 1071 2338 1127 facienda
2367 1072 2659 1141 digressio,
2693 1072 2785 1127 ubi
2819 1071 3022 1142 prioris
3052 1071 3377 1141 quaastionis
3415 1077 3733 1140 argumenta

2089 1163 2261 1232 possit
2293 1176 2420 1231 pars
2472 1162 2687 1216 diversa
2735 1161 3183 1232 reprehendere;
3229 1159 3508 1230 prioribus
3548 1158 3731 1228 itaque

2087 1250 2368 1315 insistens,
2415 1264 2711 1320 paucorum
2762 1251 3189 1306 commutatione
3229 1249 3541 1313 verborum,
3584 1246 3731 1318 quod

2088 1341 2144 1395 in
2192 1354 2277 1395 me
2326 1340 2556 1409 torsisti,
2619 1341 2673 1395 in
2730 1346 2782 1395 te
2841 1339 3215 1409 retorquendo
3276 1339 3544 1393 rationem
3585 1342 3731 1392 tuam

2089 1429 2432 1500 redarguam.
2489 1431 2585 1485 Dic
2629 1443 2782 1500 ergo,
2814 1428 3116 1485 Cruciﬁxus
3165 1434 3309 1493 tuus,
3343 1441 3504 1497 quem
3535 1426 3732 1494 unige-

2089 1520 2260 1575 nitum
2313 1519 2506 1574 Filium
2555 1520 2648 1574 Dei
2700 1533 2820 1574 esse
2869 1519 3160 1588 przedicas,
3194 1520 3337 1572 Deus
3385 1522 3489 1579 est,
3549 1515 3730 1571 omnia

2089 1608 2254 1676 fecit;
2297 1609 2343 1664 si
2391 1609 2575 1665 omnia
2621 1607 2771 1674 fecit,
2805 1608 2941 1663 nihil
2989 1608 3108 1664 fieri
3157 1607 3364 1676 absque
3406 1619 3472 1660 eo
3513 1604 3727 1674 potuit;

2088 1699 2186 1753 sed
2216 1699 2438 1769 genitor
2482 1713 2634 1764 suus,
2676 1712 2838 1769 quem
2870 1697 2986 1768 ipse
3018 1711 3129 1753 non
3176 1696 3328 1759 fecit,
3365 1695 3482 1750 fleri
3521 1694 3729 1763 absque

359 1790 588 1840 matrem
643 1785 923 1855 arguistis,
973 1799 1210 1855 quaeque
1271 1785 1504 1841 dicenda
1555 1786 1845 1841 verborum
1907 1783 2008 1838 hac
2029 1777 2158 1843 Beo
2199 1787 2463 1858 potuerit,
2505 1792 2560 1842 et
2593 1787 2666 1841 ita
2696 1787 2878 1842 omnia
2908 1800 3018 1842 non
3049 1785 3266 1851 fecisse,
3300 1787 3580 1852 Deumque
3619 1795 3728 1836 non

358 1873 755 1930 sententiarum
821 1875 1106 1930 coloribus
1170 1881 1286 1930 arte
1353 1875 1484 1930 mihi
1548 1888 1657 1930 non
1725 1873 2006 1944 incognita

359 1960 782 2032 distinguentes.
814 1965 1084 2018 Caeterum
1135 1963 1337 2019 divina}
1385 1964 1535 2034 leges
1572 1963 1826 2018 sanciunt
1855 1963 2002 2032 quod

360 2051 694 2120 quicumque
734 2051 990 2107 dilexerit
1039 2059 1270 2122 patrem,
1323 2059 1416 2107 aut
1464 2058 1714 2117 matrem,
1757 2057 1851 2106 aut
1889 2050 2002 2106 fra-

361 2145 496 2206 tres,
543 2147 637 2196 aut
691 2153 934 2206 sorores,
965 2148 1059 2196 aut
1105 2141 1248 2197 tilios
1297 2141 1584 2212 plusquam
1635 2143 1822 2207 Deum,
1891 2142 2003 2195 Deo

362 2228 562 2298 dignus
608 2242 719 2285 non
780 2231 870 2285 sit.
929 2231 1043 2296 Qua
1089 2231 1157 2285 de
1207 2245 1267 2285 re
1309 2231 1671 2299 consequitur
1718 2236 1778 2284 ut
1829 2229 2005 2298 pietas

361 2331 522 2386 quam
551 2318 609 2373 in
640 2323 868 2373 matrem
907 2317 1211 2373 habendam
1253 2318 1518 2384 suadetis,
1560 2317 1776 2386 impiam
1810 2318 1864 2372 in
1893 2319 2006 2373 Do-

360 2407 566 2461 minum
604 2405 736 2462 facit
773 2407 1048 2473 famulam,
1099 2414 1262 2476 atque
1311 2408 1388 2462 ita
1426 2407 1532 2462 hoc
1573 2407 1795 2476 pietatis
1831 2420 2006 2478 genus

359 2510 487 2552 vera
518 2496 860 2551 intuentibus
889 2502 1148 2552 censetur
1178 2496 1449 2565 impietas.
1495 2515 1522 2547 »

435 2587 728 2654 Postquam
776 2599 906 2641 vero
938 2587 1178 2642 animum
1228 2589 1346 2656 ejus
1395 2592 1606 2642 mutare
1646 2585 1798 2640 nullo
1839 2585 2003 2641 modo

357 2679 588 2745 queunt,
641 2674 860 2730 domum
917 2689 1042 2730 cum
1100 2681 1272 2730 matre
1320 2675 1556 2730 redeunt
1607 2675 2005 2744 multiplicibus

355 2771 516 2820 aucta
572 2763 880 2820 doloribus.
939 2764 1145 2819 Deinde
1205 2765 1298 2819 ubi
1349 2764 1602 2819 Urbanus
1660 2779 1726 2818 ex
1784 2764 1853 2818 iis
1909 2764 2002 2832 qui

355 2852 721 2909 interfuerant
773 2853 938 2908 tiliam
989 2853 1096 2909 sibi
1151 2867 1264 2910 non
1323 2867 1716 2909 consensuram
1765 2853 2000 2922 accepit,

358 2943 732 2997 reminiscitur
762 2942 935 2998 Fulvii
978 2943 1262 3011 cujusdam
1313 2941 1586 2997 senatoris
1644 2942 1780 3008 filii,
1839 2955 2000 3011 quem

355 3037 652 3087 retractum
700 3045 768 3087 ex
806 3031 1004 3087 itinere
1035 3031 1130 3100 qui
1169 3045 1292 3086 cum
1349 3031 1582 3086 Catilina
1619 3032 2002 3100 conjuraverat

2088 1890 2230 1941 esse,
2258 1875 2374 1944 pari
2406 1874 2876 1930 demonstratione
2907 1873 3272 1928 convinceris.
3301 1893 3325 1920 »
3355 1873 3412 1925 Β.
3455 1869 3729 1924 Christina

2087 1964 2420 2034 respondit:
2458 1982 2485 2014 «
2553 1965 2720 2019 Deum
2779 1967 3082 2018 creatorem
3141 1976 3262 2017 esse
3319 1959 3620 2030 intelligis,
3661 1971 3729 2012 an

2087 2059 2445 2109 creaturam?
2484 2072 2512 2104 ι)
2556 2053 2806 2108 Urbanus
2862 2051 3154 2122 respondit
3187 2070 3198 2106 :
3238 2071 3262 2099 ‹‹
3307 2055 3612 2105 creatorem
3668 2049 3725 2101 Β.

2085 2143 2358 2198 Christina
2409 2141 2742 2210 respondit:
2781 2159 2807 2191 «
2866 2143 3182 2196 Creatorem
3236 2137 3476 2194 omnium
3518 2141 3729 2192 creatu-

2086 2245 2289 2296 rarum,
2332 2244 2398 2284 an
2459 2229 2808 2298 aliquarum?
2847 2248 2874 2279 »
2918 2229 3169 2284 Urbanus
3215 2224 3501 2295 respondit
3552 2245 3563 2279 :
3617 2238 3730 2279 om-

2087 2317 2256 2372 nium.
2291 2318 2350 2372 Β.
2392 2317 2667 2372 Christina
2716 2317 3003 2386 respondit
3038 2337 3050 2370 :
3088 2333 3115 2366 «
3157 2316 3211 2371 Si
3242 2329 3363 2370 cum
3409 2316 3548 2368 Deus
3579 2326 3730 2368 crea-

2086 2411 2208 2460 tura
2241 2419 2351 2460 non
2383 2412 2487 2471 est,
2521 2413 2740 2460 creator
2783 2411 2868 2460 est
2911 2405 3153 2460 omnium
3193 2408 3566 2458 creaturarum
3607 2415 3726 2456 cum

2090 2497 2246 2550 Pater
2274 2501 2330 2550 et
2376 2495 2543 2549 Filius
2585 2497 2729 2549 Deus
2776 2495 2867 2560 sit,
2902 2508 3002 2549 nec
3057 2497 3215 2548 Pater
3253 2499 3470 2547 creator
3500 2497 3553 2545 et
3585 2489 3729 2552 Filii,

2088 2597 2188 2638 nec
2218 2583 2387 2638 Filius
2416 2591 2634 2639 creator
2663 2589 2745 2638 est
2777 2584 2971 2637 Patris.
3017 2584 3092 2636 ita
3127 2581 3347 2651 quidem
3389 2579 3728 2649 unigenitum

2088 2672 2280 2727 Filium
2331 2673 2426 2727 Dei
2475 2671 2658 2728 omnia
2708 2685 2815 2727 non
2866 2671 3083 2737 fecisse,
3117 2670 3265 2739 quod
3319 2671 3530 2739 Patrem
3571 2680 3726 2722 suum

2085 2775 2197 2816 non
2265 2759 2476 2827 fecerit,
2519 2767 2684 2830 atque
2732 2760 2856 2816 ideo
2914 2774 3022 2816 non
3081 2774 3200 2815 esse
3264 2761 3452 2825 Deum,
3502 2756 3724 2822 videris,

2087 2850 2236 2904 omni
2303 2858 2512 2905 semota
2571 2849 2910 2921 ambiguite,
2973 2849 3282 2913 mentitus;
3361 2847 3535 2916 liquet
3599 2856 3730 2914 ergo

2087 2939 2431 3009 unigenitum
2464 2940 2559 2994 Dei
2593 2941 2771 2994 Patris
2808 2938 3206 3009 omnipotentis
3236 2936 3429 2992 Filium
3470 2942 3525 2989 et
3562 2935 3730 2989 Deum

2085 3043 2226 3095 esse,
2277 3035 2332 3083 et
2397 3033 2594 3084 cuncta
2650 3042 2865 3084 creasse
2900 3071 2913 3095 ,
2977 3029 3106 3083 licet
3150 3029 3364 3082 Patrem
3412 3039 3567 3080 suum
3618 3035 3728 3078 non

355 3126 511 3189 pater
575 3121 758 3175 necari
820 3121 1027 3189 jussit,
1088 3128 1145 3175 et
1210 3120 1443 3176 maximo
1501 3117 1844 3188 praefecturae
1883 3101 2297 3175 sumcfecerit.
2333 3136 2361 3167 »
2394 3117 2644 3173 Urbanus
2665 3117 2803 3172 dixit
2839 3138 2850 3172 :
2886 3139 2914 3166 ‹‹
2954 3117 3144 3174 Omnia
3173 3117 3290 3172 hinc
3313 3113 3730 3170 convenientius

355 3209 692 3264 monimento
749 3207 867 3264 fore
925 3208 1244 3264 existimans
1290 3207 1338 3262 si
1395 3207 1452 3262 id
1503 3207 1866 3262 consimiliter
1922 3207 1999 3262 fa-

355 3304 545 3363 ceret,
592 3297 759 3366 jussit
805 3312 924 3352 eam
971 3299 1088 3352 suis
1125 3297 1376 3352 exhiberi
1432 3297 1844 3366 conspectibus.
1886 3299 1999 3351 Du-

354 3387 499 3440 citur
554 3394 734 3441 autem
782 3386 1058 3441 Christina
1113 3387 1457 3441 sanctissima
1513 3384 1710 3440 ferreis
1768 3385 2000 3441 nexibus

355 3474 558 3546 illigata
607 3481 734 3530 ante
774 3475 967 3531 oculos
996 3475 1363 3544 spectantium
1392 3473 1524 3543 quid
1555 3475 1636 3528 rei
1686 3474 1998 3542 hujusmodi

355 3570 622 3619 statueret
653 3564 830 3620 exitus
864 3584 875 3619 :
910 3564 1120 3620 clamor
1159 3563 1402 3631 undique
1449 3562 1673 3632 grandis
1728 3562 2002 3618 attollitur

351 3659 544 3708 contra
575 3652 806 3708 salutem
842 3652 1162 3722 reipublicae
1193 3651 1545 3707 innocentem
1583 3651 1760 3706 videri
1787 3651 1998 3721 absque

347 3741 508 3810 legali
540 3740 885 3796 discussione
923 3741 1190 3795 damnari.
1235 3741 1303 3795 At
1350 3739 1510 3795 simul
1560 3747 1622 3794 ut
1667 3745 1888 3796 ventum
1928 3741 1996 3796 ad

351 3829 567 3900 tyranni
596 3833 902 3898 aspectum,
933 3829 1026 3885 tali
1057 3843 1176 3885 eam
1207 3828 1300 3884 ille
1338 3828 1674 3884 allocutione
1706 3843 1999 3900 aggressus

353 3925 483 3972 est:
520 3937 547 3968 «
596 3920 782 3988 Longe
829 3919 1043 3985 melius,
1095 3918 1392 3984 Christina,
1452 3932 1682 3988 ageres,
1727 3919 1774 3973 si
1831 3918 1996 3974 saluti

353 4013 501 4075 tuae,
555 4022 664 4077 qua
703 4007 802 4064 tibi
857 4007 934 4062 nil
989 4008 1154 4064 debet
1199 4006 1377 4062 videri
1426 4007 1633 4073 utilius,
1678 4007 1996 4064 meditando

350 4096 689 4152 consuleres.
743 4097 864 4153 Non
913 4110 1032 4152 esse
1077 4095 1211 4152 mihi
1269 4096 1487 4152 videtur
1528 4097 1653 4166 jure
1701 4098 1996 4153 temerario

350 4183 532 4240 animo
591 4192 822 4242 mortem
869 4191 1151 4256 appetere,
1203 4186 1353 4241 bono
1392 4191 1447 4240 et
1483 4185 1606 4241 utili
1653 4185 1834 4242 modis
1873 4200 1997 4242 om-

355 4273 520 4329 nibus
547 4288 875 4345 repugnare.
919 4294 946 4327 »
989 4277 1050 4330 Β.
1088 4277 1364 4331 Christina
1404 4276 1691 4346 respondit
1725 4297 1736 4331 :
1808 4295 1837 4327 (ς
1877 4278 1996 4332 Non

356 4373 517 4416 omne
549 4362 695 4430 quod
744 4363 844 4418 tibi
876 4363 1113 4431 videtur,
1161 4365 1236 4418 ita
1285 4379 1406 4420 esse
1456 4378 1681 4420 necesse
1716 4371 1818 4420 est.
1850 4365 1998 4420 Alio-

2085 3207 2154 3261 de
2209 3208 2444 3262 Saturno
2488 3213 2542 3261 et
2587 3209 2720 3262 Jove
2767 3207 2914 3262 dicta
2958 3212 3266 3270 sumuntur,
3308 3203 3509 3273 quibus
3547 3202 3729 3258 omnia

2083 3311 2207 3366 quae
2246 3295 2387 3350 facta
2432 3304 2562 3351 sunt
2600 3297 2889 3361 obediunt,
2932 3296 3134 3364 quibus
3182 3295 3345 3349 etiam
3385 3292 3729 3362 disponenti-

2083 3385 2186 3440 bus
2215 3392 2412 3440 cuncta
2441 3399 2472 3440 a
2507 3386 2780 3454 principio
2830 3385 3227 3454 gubernantur.
3282 3402 3308 3433 »
3352 3383 3410 3436 Β.
3451 3380 3726 3436 Christina

2083 3474 2369 3544 respondit
2404 3493 2415 3528 :
2456 3493 2480 3522 ι
2525 3474 2770 3538 Falleris,
2806 3472 3085 3542 praefecte,
3118 3485 3290 3538 erras,
3313 3471 3484 3542 judex
3511 3471 3722 3541 perite;

2083 3562 2224 3617 dicis
2271 3576 2462 3618 eorum
2510 3563 2876 3632 dispositione
2924 3576 2954 3616 a
3002 3561 3276 3631 principio
3315 3561 3496 3615 omnia
3528 3559 3727 3630 guber-

2082 3651 2223 3716 nari,
2266 3658 2392 3706 ante
2441 3663 2584 3720 ques
2634 3656 2689 3706 et
2732 3650 2901 3706 multa
2948 3649 3117 3705 millia
3156 3650 3436 3705 hominum
3466 3647 3633 3703 fuisse
3672 3653 3727 3703 et

2081 3745 2329 3810 tempora
2362 3740 2593 3810 plurima
2625 3739 2899 3796 exstitisse
2947 3745 3286 3809 compertum
3327 3744 3430 3804 est,
3460 3745 3518 3793 ut
3548 3743 3725 3807 poetae

2083 3837 2327 3897 narrant,
2385 3831 2731 3900 probantque
2772 3828 3106 3899 philosophi.
3148 3829 3306 3884 Disce
3346 3841 3444 3884 eos
3472 3827 3726 3883 homines

2080 3918 2270 3985 fuisse,
2302 3932 2413 3974 non
2445 3919 2600 3986 deos,
2633 3919 2998 3984 incestuosos,
3031 3917 3375 3984 homicidas;
3428 3925 3724 3988 propterea

2082 4009 2137 4063 in
2171 4014 2372 4063 tartara
2402 4009 2603 4063 retrusi
2631 4029 2644 4075 ;
2677 4014 2731 4063 te
2762 4015 2816 4064 et
2845 4007 2984 4063 alios
3013 4007 3257 4064 cultores
3280 4021 3412 4064 suos
3441 4007 3726 4077 perpetuis

2079 4097 2299 4168 ignibus
2333 4111 2520 4153 secum
2559 4103 2881 4166 exspectant
2918 4110 3159 4152 arsuros.
3207 4115 3234 4148 »

2151 4187 2302 4242 Tunc
2387 4187 2640 4242 Urbanus
2701 4186 3002 4256 impietatis
3082 4185 3238 4241 furiis
3320 4187 3720 4256 exagitatatus,

2077 4276 2241 4346 jussit
2300 4275 2484 4332 afferri
2525 4281 2719 4341 rotam,
2762 4282 2816 4329 et
2864 4274 3078 4344 gladios
3131 4275 3478 4330 acutissimas
3533 4289 3726 4344 super-

2083 4366 2280 4435 aptari,
2323 4371 2378 4418 et
2425 4364 2604 4434 ignem
2632 4363 2915 4432 copiosum
2955 4363 3146 4417 subter
3183 4363 3433 4417 accendi.
3481 4365 3724 4432 Cumque

357 4451 493 4520 quin
541 4427 687 4518 tuus,
733 4466 895 4521 quem
945 4427 1107 4518 colis,
1140 4453 1380 4520 Jupiter,
1432 4452 1568 4506 deus
1624 4459 1789 4518 esset,
1833 4427 2151 4520 quemDex
2207 4427 2424 4521 tyranni
2447 4427 2718 4508 vdecreto‘
2753 4453 2810 4506 Β.
2853 4451 3126 4506 Christina
3171 4456 3324 4506 tanto
3381 4427 3726 4507 crudelitatis

363 4552 526 4609 nego,
568 4540 738 4610 inque
775 4540 877 4596 hac
915 4539 1186 4595 sententia
1236 4540 1375 4594 mori
1422 4539 1712 4595 honestum
1761 4541 1925 4596 duco.
1969 4559 1997 4592 »

365 4631 615 4686 Urbanus
652 4630 827 4686 dixit:
857 4648 885 4682 «
925 4632 1039 4686 Duo
1071 4635 1198 4684 sunt
1226 4644 1351 4699 quae
1380 4635 1432 4685 te
1463 4629 1622 4685 velim
1654 4629 1785 4685 mihi
1807 4637 1998 4686 osten-

361 4719 516 4785 dere,
576 4733 743 4775 unum
789 4722 974 4776 Jovem
1023 4720 1185 4776 deum
1247 4732 1356 4775 non
1416 4733 1555 4784 esse,
1606 4719 1858 4787 alterum,
1901 4721 2002 4777 tibi

364 4808 503 4863 mori
534 4807 846 4873 honestum,
871 4824 994 4878 qua:
1018 4807 1458 4864 manifestissime
1482 4814 1610 4878 peto
1633 4815 1692 4865 ut
1723 4808 1942 4866 doceas.
1971 4829 1997 4862 »

365 4898 422 4951 Β.
463 4898 738 4954 Christina
805 4899 1135 4968 respondit:
1173 4916 1200 4948 α
1256 4897 1580 4968 Quicunque
1631 4900 1748 4955 sani
1807 4899 2004 4969 capitis

278 5028 285 5033 .
363 4998 485 5040 esse
527 4986 906 5057 perpenditur,
939 4985 1147 5043 nullum
1177 4987 1342 5042 alium
1373 4989 1541 5044 Deum
1572 5002 1692 5044 esse
1724 4989 2000 5060 intelligit,

363 5075 470 5130 nisi
504 5075 598 5145 qui
628 5077 809 5132 omnia
840 5074 990 5132 fecit.
1024 5096 1052 5128 »
1095 5077 1346 5133 Urbanus
1376 5078 1514 5132 dixit
1546 5098 1558 5135 :
1596 5096 1623 5128 «
1666 5080 1780 5134 Hoc
1820 5079 2003 5135 nullus

363 5163 552 5220 vivens
605 5165 842 5236 ignorat.
903 5186 932 5214 »
987 5167 1044 5220 Β.
1103 5165 1377 5221 Christina
1435 5167 1618 5221 dixit:
1689 5185 1717 5219 «
1779 5169 2006 5225 Constat

365 5267 499 5325 ergo
547 5254 730 5310 omnia
775 5253 971 5311 fecisse
1025 5256 1235 5320 Jovem,
1267 5256 1314 5311 si
1362 5255 1500 5310 deus
1537 5260 1640 5310 est.
1685 5276 1711 5308 »
1753 5258 2004 5314 Urbanus

365 5343 550 5398 dixit:
609 5363 636 5394 ι
675 5342 910 5411 Liquido
945 5348 1114 5411 patet.
1160 5364 1185 5392 n
1221 5347 1280 5399 B.
1321 5344 1598 5400 Christina
1631 5345 1770 5402 dixit
1803 5367 1814 5401 :
1878 5365 1907 5398 (ί
1945 5348 2004 5403 Si

365 5433 551 5490 omnia
577 5431 728 5498 fecit,
761 5431 972 5501 aliquid
991 5432 1198 5502 absque
1221 5446 1286 5489 eo
1318 5433 1632 5490 nullatenus
1650 5435 1767 5491 ﬁeri
1793 5436 1998 5505 potuit;

365 5526 421 5575 at
467 5521 756 5587 Saturnus,
789 5521 881 5590 qui
922 5519 1073 5575 illum
1122 5521 1331 5590 genuit,
1377 5523 1494 5578 fieri
1541 5523 1750 5594 absque
1788 5538 1854 5580 eo
1897 5539 2003 5594 po-

367 5607 509 5677 tuit;
553 5621 664 5666 non
693 5622 825 5680 ergo
853 5609 1067 5681 Jupiter
1094 5610 1277 5672 omnia
1308 5609 1458 5668 fecit.
1494 5613 1668 5668 Deum
1697 5612 1868 5683 igitur
1890 5627 2002 5671 non

2083 4543 2271 4612 generi
2319 4542 2716 4607 incurvaretur,
2777 4540 2903 4595 dum
2971 4547 3090 4596 rota
3151 4541 3466 4607 revolvitur,
3522 4555 3724 4610 corpus

2085 4631 2204 4700 ejus
2270 4630 2725 4700 pretiosissimum
2791 4629 3064 4684 scinditur
3129 4635 3184 4685 et
3249 4630 3514 4685 exuritur.
3574 4631 3725 4684 Tunc

2085 4726 2350 4789 tyrannus
2378 4733 2500 4774 cum
2531 4718 2836 4773 fautoribus
2865 4719 2979 4773 suis
3005 4718 3055 4773 ei
3085 4719 3355 4774 insultans
3383 4719 3460 4774 ait
3485 4738 3496 4774 :
3524 4736 3551 4769 «
3583 4719 3725 4774 Con-

2085 4815 2236 4864 stans
2275 4814 2415 4873 esto,
2456 4807 2753 4873 Christina,
2796 4807 2910 4863 noli
2960 4808 3348 4877 pertimescere
3398 4822 3496 4887 pro
3535 4807 3723 4863 Cruci-

2085 4897 2193 4954 fixo
2223 4897 2327 4953 hoc
2358 4897 2656 4962 sustinens,
2698 4897 2791 4965 qui
2824 4897 3021 4965 noluit,
3065 4911 3187 4953 cum
3227 4897 3425 4967 potuit,
3459 4897 3526 4952 de
3559 4907 3722 4950 cruce

2085 4987 2444 5043 descendere.
2481 5005 2508 5037 »
2539 4989 2598 5042 Β.
2631 4987 2906 5043 Christina
2946 4987 3232 5057 respondit
3266 5009 3278 5042 :
3316 5008 3340 5036 ι
3381 4988 3535 5042 Nunc
3557 4984 3724 5040 miser

2085 5075 2275 5132 infelix
2305 5076 2551 5131 ausculta
2587 5097 2598 5130 :
2632 5084 2838 5146 quanto
2873 5083 3000 5131 sunt
3031 5076 3320 5142 humiliora
3351 5091 3474 5146 quae
3505 5087 3605 5144 pro
3635 5086 3721 5128 me

2087 5179 2279 5236 passus
2301 5170 2404 5231 est,
2427 5169 2578 5221 tanto
2599 5165 2678 5220 illi
2719 5165 2843 5236 plus
2872 5165 3085 5232 debeo;
3110 5170 3164 5220 et
3203 5179 3323 5220 cum
3355 5165 3537 5220 omnia
3558 5165 3614 5219 in
3635 5177 3720 5219 me

2084 5260 2485 5311 tormentorum
2558 5269 2762 5325 genera
2825 5255 3324 5320 consummaveris,
3393 5254 3719 5310 Cruciﬁxum

2083 5343 2341 5412 laudabo,
2390 5344 2521 5399 mihi
2551 5350 2732 5400 autem
2780 5344 2923 5400 absit
2951 5345 3176 5414 gloriari
3225 5343 3331 5399 nisi
3363 5344 3418 5398 in
3451 5359 3615 5399 cruce
3654 5345 3714 5398 D.

2084 5434 2147 5488 N.
2187 5435 2314 5490 Jesu
2353 5435 2592 5490 Christi!
2640 5435 2838 5503 (Galat.
2871 5451 2948 5500 vx,
2998 5433 3076 5503 l4)
3119 5434 3172 5488 in
3215 5449 3323 5504 qua
3361 5433 3428 5490 de
3468 5435 3718 5490 hostibus

2084 5521 2400 5591 triumpho,
2441 5537 2604 5593 quam
2663 5523 3079 5579 adversantibus
3143 5523 3358 5579 cunctis
3419 5523 3642 5593 objicio.
3687 5541 3714 5574 »

2083 5611 2212 5667 Haec
2246 5610 2337 5667 illa
2377 5617 2768 5683 prosequente,
2811 5617 2931 5669 rota
2966 5626 3155 5669 eversa
3200 5619 3304 5680 est,
3346 5618 3401 5668 et
3456 5610 3716 5670 contrivit
