4106 6178
425 295 561 350 1279

416 508 594 568 fectus
641 512 815 582 illico,
850 515 1059 586 ingenti
1101 523 1314 574 terrore
1345 521 1631 588 attonitus,
1675 523 1883 580 dimisit
1927 540 2060 583 con-

417 605 660 668 ventum,
712 607 767 656 et
827 605 1198 660 carceralibus
1243 605 1391 663 illam
1439 611 1707 667 custodiis
1759 615 2060 685 mancipari

419 689 704 759 pracepit.
739 693 988 762 Ingressa
1041 701 1219 749 autem
1271 697 1329 749 B.
1377 697 1652 756 Christina
1704 702 2060 760 obscurrissi-

415 789 562 832 mum
605 779 845 834 carceris
893 779 1095 850 locum,
1129 784 1357 854 angelus
1400 788 1451 842 ei
1498 789 1710 844 Domini
1771 795 1925 861 quasi
1974 796 2057 850 sol

415 863 755 920 meridianus
801 867 1077 936 apparuit,
1109 875 1165 924 et
1214 870 1353 926 dixit
1399 873 1466 928 ab
1515 888 1633 930 eam
1667 897 1678 931 :
1717 897 1744 928 «
1785 879 1928 935 Misit
1973 896 2057 936 me

414 953 676 1008 Dominus
719 955 876 1010 Jesus
931 957 1200 1025 Christus,
1272 974 1372 1030 pro
1433 964 1590 1032 cujus
1639 981 1824 1023 amore
1875 971 2059 1039 gravia

416 1055 575 1110 passa
613 1055 691 1108 es,
718 1048 778 1097 ut
818 1046 1078 1102 membris
1115 1049 1225 1104 tuis
1274 1050 1554 1108 conferam
1580 1057 1887 1113 sanitatem.
1924 1077 1952 1110 »
1993 1063 2060 1115 Et

413 1143 536 1184 cum
585 1129 705 1186 hac
755 1131 1004 1203 diceret,
1045 1135 1121 1191 ita
1157 1138 1394 1195 solidata
1430 1149 1557 1198 sunt
1605 1146 1786 1200 omnia
1835 1147 2059 1205 vulnera

412 1219 551 1287 ejus,
593 1225 654 1275 ut
694 1221 902 1277 nullum
945 1223 1002 1278 in
1040 1226 1121 1280 eis
1149 1227 1363 1296 signum
1404 1229 1691 1288 incisionis
1726 1245 2056 1294 remaneret.

411 1309 583 1364 Nocte
648 1316 828 1365 autem
877 1313 1249 1385 subsequente
1299 1318 1550 1375 Urbanus
1597 1323 1862 1392 optimum
1909 1325 2056 1383 factu

410 1396 645 1452 credens
698 1399 898 1455 iterum
946 1402 1095 1458 illius
1151 1406 1390 1462 animum
1458 1409 1604 1464 dulci
1663 1412 1944 1484 colloquio
2004 1423 2058 1468 et

412 1486 697 1542 blanditiis
734 1489 801 1544 ad
860 1491 1088 1548 deorum
1127 1495 1397 1552 culturam
1447 1513 1727 1569 revocare,
1768 1502 1900 1560 fecit
1938 1520 2053 1561 eam

938 279 943 284 ”
980 302 1270 360 ALPHANI
1310 305 1752 364 SALERNITANI
1790 311 2102 370 ARCHIEP.
2147 317 2300 373 VITA
2341 320 2423 374 ET
2462 321 2691 378 PASSIO
2729 323 2784 378 S.
2825 323 3226 382 CHRISTINE.

419 421 892 482 circumstantium
940 428 1227 485 maximam
1275 430 1574 487 inﬁdelium
1632 438 1862 503 partem.
1918 439 2130 502 Pra-A

3658 329 3804 384 I280

2283 446 2496 502 Aureus
2523 445 2640 502 axis
2670 455 2808 517 erat,
2841 449 3123 507 radiorum
3162 459 3456 522 argenteus
3485 454 3648 522 ordo,

2285 535 2390 590 Per
2413 537 2543 606 juge
2574 536 2899 608 chrysolithi
2928 537 3211 610 fulgebant
3247 542 3441 598 ordine
3470 543 3645 599 ducti.

2212 623 2292 678 Ad
2324 624 2430 680 hoc
2473 627 2847 696 spectaculum
2887 631 2945 684 Β.
2987 630 3262 687 Christina
3309 632 3624 700 adducitur,
3667 634 3796 689 data

2143 725 2172 766 a
2202 713 2465 782 prafecto
2517 717 2791 772 sententia
2838 725 2918 783 ut,
2951 719 2998 774 si
3045 719 3152 774 deo
3200 720 3305 776 soli
3343 721 3656 778 sacriﬁcare
3699 737 3794 778 re-

2143 802 2372 868 nuissct,
2413 804 2619 859 statim
2666 805 2851 876 gladio
2902 807 3177 866 interiret.
3217 810 3277 864 B.
3319 811 3488 880 igitur
3515 811 3796 867 Christina

2141 890 2292 946 illico
2324 895 2580 962 poposcit
2608 893 2908 963 silentium,
2942 903 2998 952 et
3041 897 3245 953 erectis
3290 899 3357 954 ad
3405 899 3590 956 sidera
3618 903 3797 957 mani-

2142 980 2266 1047 bus,
2299 983 2550 1038 oratione
2582 984 2868 1040 Dominum
2908 985 3291 1056 hujuscemodi
3319 988 3617 1059 deprecata
3656 997 3744 1046 est
3775 1012 3788 1046 :

2143 1088 2172 1119 ‹‹
2230 1072 2346 1126 Rex
2401 1072 2780 1137 invictissime,
2834 1076 2994 1130 Pater
3051 1077 3422 1146 omnipotens,
3483 1080 3626 1134 Deus
3693 1080 3796 1135 im-

2143 1172 2351 1228 mense,
2393 1162 2488 1231 qui
2517 1162 2710 1218 rudem
2750 1168 2807 1218 et
2846 1163 3173 1236 indigestam
3225 1167 3506 1222 materiem
3555 1168 3612 1223 in
3654 1183 3796 1238 qua-

2143 1254 2269 1304 tuor
2298 1250 2568 1306 elementa
2616 1251 2967 1308 conformans
3005 1253 3266 1324 perfectis
3314 1256 3563 1325 partibus
3602 1256 3798 1326 perfe-

2141 1343 2282 1394 ctam
2323 1339 2511 1395 mundi
2560 1341 3012 1398 constitutionem
3059 1343 3386 1400 mirabiliter
3414 1351 3682 1415 operatus
3708 1360 3790 1412 es,

2140 1429 2344 1498 quique
2377 1429 2430 1483 in
2462 1430 2579 1500 ipsa
2610 1431 2798 1486 mundi
2827 1433 3080 1503 genitura
3119 1433 3369 1503 angelum
3409 1435 3792 1492 immoderata

2139 1518 2415 1587 superbiae
2462 1519 2648 1574 sedem
2689 1521 2795 1576 sibi
2829 1521 3166 1591 aquilonem,
3208 1530 3402 1578 contra
3448 1523 3790 1580 voluntatem

411 1575 526 1630 suis
573 1577 859 1634 obtutibus
914 1590 1292 1653 prasentare;
1341 1602 1575 1656 cumque
1623 1591 1690 1645 ab
1740 1605 1804 1647 ea
1845 1593 2047 1650 nullum

2139 1575 2304 1673 tuam,
2368 1607 2488 1676 ipso
2555 1610 2933 1666 tantummodo
2995 1617 3146 1666 motu
3202 1611 3368 1666 animi
3426 1621 3790 1682 usurpantem

413 1665 644 1769 Ρθῐιίῐιξῇ
680 1669 950 1736 Ροῐυίεδθῑ
991 1680 1327 1769 ῥκιοιηυθνθ
1377 1690 1721 1747 responsum,
1773 1682 2101 1769 immenSiSi
2137 1695 2204 1751 de
2243 1665 2454 1752 summo
2483 1697 2608 1752 cali
2639 1697 2856 1769 fastigio
2882 1699 3116 1768 ejecisti,
3139 1701 3384 1756 concede
3414 1701 3544 1756 mihi
3566 1701 3790 1760 famula

410 1766 530 1860 eain
553 1754 842 1857 alligat3m_
860 1760 1199 1860 Dondﬁfibus
1229 1764 1406 1860 ρθιεὲί
1431 1767 1697 1860 ﬂuetibus?
1715 1770 2009 1828 ἀθειίηενίῐ
2032 1795 2046 1842 ;
2069 1768 2116 1824 Β
2138 1790 2246 1841 tua
2277 1791 2337 1841 ut
2365 1799 2432 1840 ex
2461 1786 2567 1841 hoc
2599 1786 2742 1842 Solis
2766 1754 3164 1856 simulacro,'in
3184 1754 3305 1859 quo
3335 1754 3791 1860 idem-pessimus

411 1843 508 1896 sed
542 1857 664 1898 cum
688 1859 806 1900 eam
829 1848 884 1901 in
908 1849 1089 1905 medio
1113 1853 1247 1907 mari
1269 1860 1450 1910 nauta
1473 1859 1813 1927 pracipitem
1837 1862 2047 1928 darent,

2140 1875 2455 1932 ludiﬁcator
2501 1875 2850 1944 habitat.....,
2885 1843 2946 1933 et
2979 1843 3093 1933 hoc
3123 1843 3263 1948 opus
3301 1843 3682 1934 mechariicum
3731 1888 3788 1935 et

414 1931 692 2040 an‘geliﬁii
731 1935 983 2037 Millme
1013 1938 1308 2011 ευστὲἓίίδ»
1341 1943 1566 2040 alacri?
1587 1947 1655 2002 ad
1686 1948 1842 2004 Ῑίῐῐιιδ
1880 1951 2059 2006 (1613ῐᾶ
2140 1968 2261 2036 ipso
2318 1966 2527 2021 artifice
2572 1931 2850 2036 patratum
2884 1931 3240 2035 comminuat,
3273 1975 3328 2022 et
3376 1969 3451 2022 ita
3481 1977 3787 2040 cognoscat

412 2025 516 2074 est.
588 2021 840 2079 Urbanus
896 2025 1108 2084 interea
1165 2031 1417 2100 arreptus
1463 2047 1494 2088 a
1533 2034 1810 2094 damonio
1868 2041 2047 2110 exspi-

2139 2021 2318 2112 omnis
2357 2056 2447 2111 hic
2484 2021 2709 2111 senatus
2738 2069 2860 2111 cum
2902 2055 3108 2126 populo
3134 2055 3235 2112 tibi
3266 2058 3507 2112 omnium
3539 2061 3784 2115 creatori

410 2111 568 2204 “‘1”-
2138 2146 2444 2201 universam
2503 2158 2570 2199 ex
2617 2145 2805 2201 debito
2853 2145 3082 2201 obedire
3125 2151 3452 2202 creaturam.
3498 2165 3526 2198 »
3559 2149 3780 2204 Etcum

483 2200 754 2307 Ροδεγηρη
791 2205 1021 2307 {Hyllum
1052 2221 1180 2307 vero
1213 2213 1496 2280 temporis.
1529 2228 1652 2270 cum
1677 2216 2056 2288 iniquissimus
2136 2236 2255 2292 hac
2303 2235 2568 2301 dixisset,
2619 2249 2748 2291 ecce
2796 2235 3002 2305 ignitus
3059 2235 3276 2291 daemon
3323 2237 3601 2306 apparuit,
3661 2239 3778 2307 qui,

414 2287 567 2342 ldion
602 2290 968 2396 Urbaniuloco
1001 2296 1293 2365 prafectus
1321 2300 1637 2396 elige-retur,
1679 2307 1738 2360 Β.
1775 2307 2054 2396 Christina
2134 2287 3329 2396 'gagﬁgumque
3359 2287 3512 2395 ᾌὶυε
3539 2287 3781 2381 οδηίῖ-ίηί

409 2388 439 2429 a
473 2380 921 2486 persecutoribus
968 2393 1304 2456 coarctatur,
1350 2396 1406 2444 et
1443 2390 1590 2448 Solis
1627 2394 1921 2465 simulacro
1959 2413 2053 2454 sa-
2132 2428 2287 2484 gens,
2320 2414 2605 2469 maximam
2643 2413 2849 2470 metalli
2897 2380 3106 2484 partevm
3153 2415 3210 2470 in
3239 2380 3561 2484 prafectum
3597 2418 3778 2486 proje-

410 2466 658 2522 criﬁcare
689 2472 1058 2541 compellitur.
1099 2478 1308 2544 Quibus
1335 2495 1458 2536 cum
1510 2485 1826 2541 consentire
1857 2489 2047 2558 nollet,

2133 2466 2548 2572 Eii,
2577 2504 2696 2571 ejus
2760 2466 2962 2558 feriehs
3012 2501 3154 2558 colla
3211 2466 3362 2559 illico
3419 2466 3631 2559 infecitr.
3685 2466 3780 2561 {iis

411 2556 1441 2661 nequissimejudici_praesematur.
1492 2572 1562 2627 ad
1620 2588 1780 2643 quam
1821 2556 2054 2634 saeviens
2129 2556 2228 2646 ita,
2257 2556 2535 2661 peractis“,
2583 2556 3269 2661 Julianusjudexijussit
3331 2594 3390 2647 Β.
3441 2593 3774 2649 Cbristinam

410 2643 707 2746 prafect‘us
756 2648 930 2706 dixit:
958 2669 986 2704 «
1018 2654 1095 2709 Tu
1144 2669 1212 2712 ne
1243 2671 1302 2712 es
1331 2659 1605 2716 Christina
1635 2676 1759 2732 qua
1792 2667 2047 2736 omnipo-

2134 2643 2332 2746 teneri,
2365 2686 2420 2736 et
2456 2680 2512 2735 in
2545 2680 2760 2736 camino
2799 2679 3084 2736 astuantis
3130 2681 3374 2736 incendii
3405 2683 3773 2738 concremari.

407 2739 588 2842 Lentis
617 2735 753 2838 {189s
783 2744 1236 2842 nostrossffapius
1266 2747 1709 2819 philosophando
1730 2753 1990 2839 deludis?
2020 2774 2048 2808 »
2132 2735 2332 2825 Milites
2378 2735 2521 2827 vero
2577 2770 2754 2840 iniqui
2805 2735 3187 2826 crudelissimi
3251 2771 3518 2841 principis
3584 2772 3773 2842 iniqua

406 2823 466 2877 Β.
509 2824 783 2882 Christina
832 2833 1119 2900 respondit
1151 2854 1163 2889 :
1198 2853 1228 2888 «
1286 2838 1498 2894 iustum
1553 2846 1636 2896 est
1675 2855 1778 2898 nec
1808 2844 1863 2898 in
1896 2829 2047 2902 nullo

2132 2861 2383 2916 mandata
2413 2867 2540 2917 sunt
2569 2861 2822 2930 protinus
2851 2861 3115 2916 exsecuti.
3155 2861 3397 2931 Cumque
3424 2861 3777 2916 sanctissima

407 2913 591 3022 obviat
620 2917 821 2974 rationi
852 2926 913 2976 ut
941 2936 1065 2992 qua
1096 2926 1292 2983 merito
1318 2931 1720 2987 contemnenda
1739 2940 1868 2989 sunt
1895 2934 2049 2990 delu-
2129 2913 2462 3022 ’έεεει
2490 2950 2547 3005 in
2570 2913 2800 3006 ’πῖοιιηεοθ
2839 2950 3002 3006 mum
3049 2913 3534 3019 horarumjspauo,
3579 2951 3777 3006 existi-

404 3001 625 3069 dantur,
659 3012 713 3061 et
741 3023 866 3077 qua
904 3025 1040 3067 vana
1078 3021 1205 3070 sunt
1234 3030 1334 3085 pro
1367 3019 1532 3076 nullis
1561 3023 1781 3090 penitus
1808 3023 2106 3111 habeam-ﬂ
2131 3001 2284 3096 ιηθῖιε
2332 3047 2596 3110 tyrannus
2653 3053 2774 3095 esse
2829 3045 3227 3108 consumptam,
3279 3001 3460 3111 ignrem
3515 3053 3772 3096 amovere

407 3099 515 3200 tur.
553 3096 658 3149 Vos
685 3111 816 3153 vero
848 3112 957 3154 non
1007 3101 1162 3171 deos,
1195 3106 1294 3162 sed
1335 3108 1636 3179 damones,
1667 3126 1778 3169 non
1818 3116 2047 3172 coelico-

2131 3128 2276 3184 fecit.
2311 3096 2460 3184 Tunc
2488 3143 2593 3185 vox
2621 3127 2800 3184 dulcis
2829 3096 3177 3198 psallentium
3206 3096 3275 3184 de
3299 3096 3520 3184 camino
3543 3137 3770 3200 repente

2318 3179 2457 3184 η---
2502 3179 2593 3185 .--_
2627 3179 2797 3184 ηπ--
2832 3179 3177 3198 r____--___--_
3211 3179 3272 3184 η
3310 3179 3514 3184 -__-__-
3544 3179 3769 3200 --τ-κ--

406 3179 507 3280 Ps:
529 3183 647 3289 ,⁵ξά
679 3184 932 3289 ηοιιξίηθδ
967 3189 1216 3260 impuros
1253 3201 1308 3250 θῑ
1344 3197 1674 3268 ﬂagitiorum
1708 3203 2046 3262 immanitate
2129 3218 2394 3284 insonuit,
2417 3233 2481 3274 ac
2500 3218 2646 3273 inter
2662 3217 2983 3288 angelorum
3012 3217 3214 3274 choros
3232 3217 3459 3289 virginis
3477 3219 3769 3275 Christina

405 3268 462 3323 in
497 3269 740 3378 .inferi‘io
779 3275 1066 3378 damnatos
1120 3282 1178 3337 in
1237 3287 1524 3344 metallicis
1561 3291 1869 3351 simulacris
1913 3296 2049 3353 ado-
2128 3321 2287 3363 sacer
2331 3268 2514 3362 vultus
2567 3268 2789 3362 effulsit.
2844 3308 3104 3362 Matrona
3159 3268 3404 3376 quideom.
3455 3323 3581 3378 qua:
3637 3309 3772 3365 illuc

404 3359 562 3467 ratis:
605 3381 632 3413 »
672 3362 974 3467 Praefectus
1020 3370 1108 3426 his
1164 3375 1343 3431 verbis
1399 3387 1707 3437 commotus
1771 3388 2045 3456 extemplo
2129 3359 3050 3465 spectatum—venerant,attonita
3097 3359 3264 3466 super
3308 3359 3404 3451 his,
3443 3359 3568 3467 qua
3622 3399 3772 3454 vide-

400 3450 567 3549 jussit
595 3465 714 3508 eam
752 3453 991 3553 fustibus
1037 3463 1197 3529 cadi,
1247 3478 1311 3520 ac
1350 3465 1552 3524 deinde
1603 3485 1697 3528 vas
1733 3487 1946 3531 anaum
1976 3478 2044 3533 ad
2130 3450 2272 3551 rant,
2334 3483 2643 3540 credidere.
2693 3483 2944 3539 Julianus
2979 3497 3110 3540 vero
3150 3485 3269 3541 hac
3305 3485 3557 3553 audiens,
3606 3489 3772 3545 vehe-

405 3539 578 3648 instar
624 3557 782 3648 cuna
831 3546 1118 3617 ﬁguratum
1167 3554 1270 3609 sub
1299 3570 1492 3628 magna
1531 3561 1812 3621 celeritate
1841 3566 2044 3636 aﬁ‘erri,
2130 3539 2297 3632 menti
2336 3574 2714 3646 indignatione
2753 3580 3079 3640 commotus,
3123 3576 3289 3644 jussit
3333 3575 3480 3632 illam
3523 3593 3772 3648 prasen-

405 3629 554 3737 quod
583 3632 809 3737 milites,
842 3651 909 3737 ex
939 3640 1187 3708 prafecti
1219 3643 1472 3715 imperio,
1506 3650 1652 3718 oleo,
1688 3655 1830 3722 pice,
1864 3629 2048 3714 resina
2129 3629 2528 3730 tiaexhibe‘ri,
2571 3663 2660 3719 cui
2697 3629 2772 3718 et
2797 3629 2942 3718 dixit
2974 3629 3278 3719 :c'T'adet
3333 3678 3454 3728 nos.
3487 3629 3766 3737 orpuella,

404 3724 459 3772 et
512 3719 720 3778 sulfure
767 3727 1070 3799 replevere,
1105 3739 1160 3788 et
1208 3735 1276 3789 ad
1325 3735 1528 3806 ignem,
1561 3746 1621 3796 ut
1664 3719 1925 3801 calefacta
1971 3747 2044 3802 li-
2129 3754 2453 3824 injuriarum
2491 3719 2628 3822 quas
2673 3751 2836 3808 nobis
2883 3759 2940 3807 et
2985 3751 3094 3808 diis
3139 3753 3363 3820 nostris,
3414 3719 3633 3812 nemihe
3667 3719 3767 3814 tibi

402 3819 752 3915 quescerent,
787 3829 1042 3887 posuere,
1077 3836 1310 3893 cumque
1357 3841 1424 3882 ex
1468 3829 1637 3887 nimio
1668 3832 1851 3890 calore
1890 3849 2044 3892 com-
2128 3819 2440 3909 resistente,
2509 3819 2615 3898 aut
2668 3841 2992 3909 ulciscente,
3053 3842 3187 3897 satis
3232 3842 3432 3898 multas
3487 3845 3764 3915 intulisti;

403 3897 563 3954 mista
601 3899 994 3972 fervescerent,
1053 3912 1347 3980 prafectus
1403 3917 1587 3975 dixit:
1625 3941 1651 3969 α
1710 3925 1883 3980 Unum
1943 3927 2044 3982 tibi

402 4001 432 4041 e
471 3988 706 4084 duobus,
739 4007 772 4047 o
804 3997 1005 4064 puella,
1038 4000 1178 4071 elige
1203 4045 1217 4070 ,
1250 4011 1344 4060 aut
1369 4007 1474 4063 deo
1513 4009 1746 4068 colitura
1786 4015 2041 4084 incende,

402 4081 738 4170 autAcorpus
793 4088 943 4139 tuum
994 4093 1101 4143 tam
1151 4091 1464 4150 delectabili
1513 4112 1638 4155 rore
1677 4102 1966 4170 perfunde.
2011 4081 2040 4157 Β

2128 3947 2259 4003 ergo
2290 3932 2450 3987 nobis
2482 3931 2639 3987 dabis
2670 3943 2880 4001 poenas,
2912 3931 3174 3987 adversus
3198 3946 3333 4002 quas
3364 3933 3590 4004 magica
3618 3946 3767 3994 artes

2126 4022 2348 4076 minime
2396 4021 2844 4091 pravalebunt.»
2895 4021 2961 4076 Et
2979 4021 3184 4088 statim,
3217 4027 3278 4077 ut
3311 4023 3522 4091 jussum
3562 4023 3762 4094 fuerat,

2124 4126 2266 4168 unus
2296 4112 2364 4168 de
2393 4124 2673 4181 magorum
2703 4109 2960 4181 collegio,
3001 4111 3096 4180 qui
3125 4124 3189 4166 ea
3214 4118 3538 4182 tempestate
3558 4115 3612 4170 in
3644 4125 3764 4173 arte

402 4165 459 4218 Β.
503 4165 777 4267 Christina
833 4173 1069 4268 signum
1104 4165 1890 4250 sibigloriosissima-crucis
1933 4195 2041 4248 im-
2482 4165 2700 4256 ulloma
2764 4165 3158 4256 celeberrimus
3213 4165 3521 4259 habebatur
3552 4247 3566 4268 ,
3628 4205 3768 4262 duos

401 4256 623 4358 pressit,
665 4265 721 4314 et
775 4275 835 4316 se
892 4263 948 4318 in
998 4265 1160 4322 ollam
1218 4267 1517 4329 ferventem
1562 4277 1828 4336 citissimo
1875 4296 2039 4339 cursu
2124 4291 2395 4346 dracones
2433 4289 2489 4344 in
2523 4289 2762 4344 medium
2801 4288 3018 4355 detulit,
3060 4303 3200 4359 quos
3229 4289 3284 4345 in
3322 4290 3577 4348 famulam
3607 4294 3767 4351 Chri-

400 4347 655 4447 projecit;
689 4351 810 4406 Mox
858 4367 998 4409 cuna
1029 4356 1428 4447 disrumpitur,
1470 4370 1525 4421 et
1563 4368 1830 4440 quidquid
1870 4372 1927 4427 in
1975 4380 2219 4447 eahsti,
2261 4384 2321 4434 ut
2349 4379 2417 4434 ab
2467 4379 2548 4434 eis
2594 4347 3016 4444 absorberetur,
3054 4347 3298 4434 immisit.
3340 4382 3464 4436 Mox

397 4431 600 4540 fuerat.
622 4436 772 4540 foras
816 4457 916 4540 per
960 4445 1230 4505 scissuras
1267 4451 1579 4524 deducitur,
1621 4427 1780 4515 beata
1819 4427 2302 4532 quidemDstiana
2339 4469 2553 4539 signum
2600 4467 2680 4524 eis
2726 4467 2919 4522 salutis
2947 4468 3242 4536 opposuit;
3277 4469 3394 4540 qui,
3426 4471 3614 4528 divino
3643 4488 3770 4529 exa-

397 4523 676 4627 Christina
706 4529 998 4588 incolumis
1037 4550 1396 4604 perseverans
1435 4523 1684 4615 erigitur.
1742 4523 2043 4609 Praefectus
2124 4559 2268 4614 mine
2332 4523 2588 4623 revoluti,
2657 4569 2871 4627 magum
2935 4557 3322 4626 arripuerunt,
3382 4564 3438 4615 et
3501 4561 3604 4616 sub
3644 4577 3761 4619 mo-

395 4610 550 4714 illico
580 4614 894 4718 indignatus
934 4620 1064 4680 fecit
1096 4639 1214 4683 eam
1263 4629 1462 4686 nudam
1511 4610 1780 4704 torqueri,
1823 4644 1878 4694 et
1915 4654 2040 4697 raso
2121 4652 2306 4702 mento
2379 4653 2507 4701 ante
2571 4610 2776 4701 totiusv
2808 4651 3110 4701 conventus
3181 4645 3373 4704 faciem
3451 4663 3755 4718 peremere.

398 4703 581 4773 capite
611 4706 680 4762 ad
713 4711 974 4780 templum
1004 4714 1148 4771 Solis
1179 4719 1430 4787 perduci.

469 4796 596 4893 Erat
623 4803 805 4893 autem
835 4800 890 4855 in
923 4803 1104 4860 medio
1134 4809 1325 4878 templi
1365 4811 1602 4869 tribunal
1641 4820 1916 4888 argenteis
1944 4837 2039 4893 pa-

395 4882 630 4979 rietibus
692 4887 746 4942 in
796 4891 1031 4949 sublime
1079 4901 1321 4953 erectum
1348 4941 1362 4965 ,
1405 4905 1563 4972 cujus
1617 4882 1831 4979 fastigia
1869 4882 2038 4970 ebore

393 4972 726 5032 nitidissimo
772 4980 1115 5050 tegebantur,
1175 4985 1232 5040 in
1281 5002 1391 5057 quo
1446 5005 1612 5048 aurea
1667 4972 1803 5053 solis
1856 5001 2036 5073 imago

394 5063 794 5159 micantibus‘e
847 5073 1072 5157 casarie
1121 5077 1290 5133 radiis
1339 5083 1685 5154 coruscabat,
1716 5101 1841 5157 qua
1880 5063 2036 5163 quasi

391 5153 671 5210 stellarum
704 5153 1008 5228 repetendo
1058 5163 1342 5224 zodiacum
1389 5184 1553 5228 cursu
1593 5153 1857 5236 citissimo
1895 5153 2037 5239 t‘ere-

393 5239 572 5338 batur.
605 5245 767 5338 Signa
798 5250 1005 5321 quippe
1051 5268 1148 5310 sex
1186 5271 1216 5312 a
1256 5257 1484 5329 dextris,
1520 5264 1859 5338 totidemque
1892 5286 1923 5327 a
1951 5274 2034 5329 si-

392 5330 581 5432 nistris
610 5337 868 5394 occidere
890 5346 946 5396 et
975 5356 1269 5416 exsurgere
1298 5348 1610 5408 alternatim
1639 5330 1785 5412 bina.
1799 5373 2035 5432 quaque

389 5414 494 5517 sibi
527 5424 852 5517 exadverso
885 5414 1208 5491 obsistentia
1238 5436 1565 5497 videbantur
1595 5461 1609 5499 :
1643 5444 1720 5500 ibi
1741 5414 1915 5517 hora,

388 5502 538 5650 (ilics;
583 5508 659 5563 ibi
709 5527 942 5585 menses,
994 5523 1070 5580 ibi
1128 5538 1306 5583 annus
1341 5529 1458 5586 suis
1521 5533 1715 5602 spatiis
1771 5502 2029 5598 circumi-

427 5605 495 5650 an
546 5614 561 5650 :

427 5605 523 5650 alii.
546 5614 561 5661 ;

2118 4737 2358 4792 Censore
2379 4735 2566 4804 itaque
2587 4747 2709 4790 cum
2731 4734 2879 4790 omni
2900 4734 3161 4790 comitatu
3180 4748 3281 4790 suo
3306 4737 3757 4806 obstupescente,

2120 4827 2177 4880 Β.
2236 4825 2512 4882 Christina
2566 4823 2634 4879 ad
2692 4823 2874 4879 locum
2929 4823 3022 4878 ubi
3071 4821 3366 4879 defunctus
3398 4827 3620 4895 jacebat
3671 4842 3762 4884 ac-

2119 4915 2322 4980 cessit,
2387 4920 2442 4969 et
2497 4913 2714 4968 cunctis
2777 4911 3130 4968 audientibus
3176 4913 3252 4968 ait
3293 4933 3306 4968 :
3350 4931 3379 4964 (ι
3419 4915 3478 4970 In
3535 4916 3760 4972 nomine

2118 5004 2332 5060 Domini
2371 5005 2476 5060 mei
2523 5005 2651 5059 Jesu
2689 5001 2912 5066 Christi,
2953 5001 3047 5073 qui
3093 5002 3388 5059 cruciﬁxus
3433 5009 3536 5071 est,
3567 5019 3759 5076 surge,

2117 5093 2302 5159 miser,
2336 5099 2396 5148 ut
2435 5093 2740 5163 perpendat
2779 5091 2956 5148 omnis
3001 5091 3121 5148 hac
3160 5092 3318 5148 turba
3357 5092 3486 5163 quia
3523 5093 3644 5163 ipse
3676 5101 3761 5150 est

2114 5197 2276 5238 verus
2307 5183 2448 5238 Deus
2478 5183 2685 5249 vivens,
2709 5186 2765 5238 et
2794 5194 3031 5252 regnans
3059 5180 3114 5237 in
3142 5181 3346 5237 sacula
3367 5182 3756 5240 saeculorum.»

2114 5272 2193 5327 Ad
2225 5272 2366 5328 hanc
2395 5286 2585 5328 vocem
2632 5271 2884 5337 cadaver,
2913 5275 3140 5340 recepto
3186 5271 3406 5340 spiritu,
3439 5271 3759 5328 videntibus

2115 5361 2350 5427 cunctis,
2402 5360 2651 5432 erigitur,
2701 5373 2956 5416 asserens
2993 5365 3050 5415 et
3089 5359 3398 5429 pradicans
3445 5359 3595 5430 quod
3641 5375 3758 5418 non

2111 5450 2184 5506 sit
2221 5449 2361 5505 alius
2389 5452 2532 5506 Deus
2578 5450 2684 5505 nisi
2723 5462 2886 5520 quem
2923 5448 3197 5504 Christina
3235 5449 3518 5519 pradicat,
3563 5450 3758 5506 Domi-

2113 5552 2216 5595 nus
2261 5541 2420 5595 Jesus
2465 5539 2735 5595 Christus.
2786 5539 3064 5595 Dracones
3121 5539 3332 5595 interea
3387 5539 3598 5608 absque
3641 5541 3756 5595 ulla

2111 5627 2392 5684 hominum
2450 5627 2676 5684 lasione
2726 5627 2871 5683 unde
2929 5626 3163 5697 profecti
3205 5633 3334 5684 sunt
3373 5632 3751 5685 revertuntur.
