4106 6178
452 289 589 345 1283
1583 284 1923 340 GUAIFERII
1963 282 2346 358 CASINENSIS
2383 281 2678 337 MONACHI
3689 281 3833 337 1284

449 429 624 470 mones
654 414 722 470 de
751 413 1044 468 Nativitate
1065 412 1303 477 Domini,
1326 411 1394 465 de
1416 409 1739 478 Epiphania,
1765 408 1832 463 de
1864 422 2021 464 caena
2044 406 2281 473 Domini,
2305 407 2374 462 de
2399 405 2832 478 Septuagesima,
2855 405 2925 460 de
2957 405 3124 461 ramis
3153 405 3479 478 Palmgarum.
3511 408 3826 463 Passim

447 487 511 542 S.
543 486 691 540 Lucii
723 499 898 556 papae.
948 485 1023 556 Ex_
1055 484 1139 556 his
1181 484 1293 536 Vita
1323 482 1409 556 S._
1436 477 1721 556 Secundini
1759 480 1906 535 edita
1945 486 2028 536 est
2067 480 2136 534 ab
2168 478 2416 550 Ughello,
2451 485 2584 534 tom.
2619 479 2658 544 Ι,
2694 477 2864 534 italite
2901 491 3096 546 sacras,
3130 493 3252 548 pag.
3294 477 3448 532 1336.
3489 480 3558 534 Et
3595 494 3825 536 carmen

451 551 752 628 elegiacum
783 551 836 610 in
867 557 976 624 ejus
1006 554 1231 620 laudem,
1263 551 1412 620 quod
1443 552 1676 621 incipit:

1580 647 1734 703 Adsit
1764 652 1873 703 tota
1903 648 2006 703 tuis
2033 647 2181 718 festis
2217 646 2405 717 festi-va
2436 645 2635 710 diebus,

447 757 504 812 p.
545 741 698 806 1341,
733 749 788 797 et
834 743 1068 810 Hymnus
1116 737 1380 812 sapphico
1425 739 1690 812 carmine,
1723 739 1880 812 cujus
1928 737 2142 791 initium
2191 736 2395 792 Christe
2441 737 2557 812 item
2603 749 2802 802 regum,
2847 734 3072 812 pretium
3116 736 3322 812 piorum
3360 750 3490 812 pag.
3529 735 3668 812 1342
3698 751 3824 812 seq.

459 807 623 868 Vitam
653 815 715 869 S.
749 807 904 866 Lucii
934 814 962 864 Ι
993 824 1147 878 papa:
1177 813 1239 864 A.
1273 808 1379 861 255
1405 809 1671 873 defuncti,
1705 809 1800 862 sed
1844 817 2084 862 extrema
2127 817 2277 877 parte
2319 807 2584 871 mutilam,
2618 821 2684 861 ex
2715 820 2816 878 ms.
2848 807 3130 860 Casineusi
3162 807 3399 876 vulgavit
3439 809 3828 863 tienschenius

445 885 502 939 iu
533 886 683 940 Actis
711 875 1224 945 Sanctorumjtom.
1257 882 1277 933 l
1309 881 1484 934 Martii
1517 881 1606 936 die
1636 882 1690 945 4,
1724 895 1778 948 p.
1805 879 2062 934 304-307.
2104 875 2313 934 Caetera
2365 881 2417 932 in
2459 878 2632 932 lucem
2688 875 2934 947 proferre
2991 875 3315 947 promiserat
3360 893 3450 933 an.
3491 878 3626 932 1655
3654 881 3820 934 Joan.

447 957 686 1026 Baptista
717 957 916 1019 Marus,
952 953 1099 1008 notis
1128 952 1205 1026 ad
1225 953 1441 1026 Petrum
1472 954 1792 1026 Diaconum,
1824 952 2124 1026 sed__morte
2166 957 2477 1026 przeventus
2505 949 2628 1026 aliis
2658 949 2777 1003 haec
2809 948 3296 1026 edendareliquit.

521 1021 667 1096 [Acta
717 1026 1051 1080 inventionis
1099 1027 1152 1079 S.
1187 1024 1506 1087 Secundini,
1551 1038 1658 1096 non
1699 1038 1828 1077 vero
1880 1023 2029 1096 illius
2056 1023 2249 1096 Vitam
2281 1021 2456 1096 edidit
2505 1021 2713 1096 primus
2761 1022 3001 1096 omnium
3036 1021 3352 1096 Ughellius;
3403 1022 3676 1096 eamdem,
3720 1023 3824 1096 ali-

445 1091 768 1166 quantisper
799 1104 977 1150 tamen
1021 1096 1288 1150 diversam
1321 1110 1349 1149 e
1392 1110 1492 1148 ms.
1529 1095 1720 1149 codice
1771 1094 2093 1166 reproduxit
2138 1093 2432 1166 Bollandus
2471 1092 2724 1166 addiem
2761 1091 2817 1143 ll
2853 1092 3012 1166 Febr.
3049 1092 3442 1166 Utramqueab
3473 1095 3824 1162 autographa

443 1163 753 1224 Cassinensi
786 1167 1038 1222 nonnihil
1072 1167 1387 1234 discrepare
1420 1173 1604 1221 monet
1633 1165 1864 1230 Gattola,
1900 1166 2105 1220 Hister.
2149 1166 2359 1220 Cassin.
2392 1163 2589 1219 Smcul.
2626 1165 2709 1217 Vl.
2745 1177 2866 1232 pag.
2911 1163 3027 1218 187.
3062 1165 3120 1217 ln
3154 1163 3473 1231 praefatione
3505 1166 3823 1232 praesertim

444 1240 740 1295 discrimen
781 1239 917 1294 illud
950 1244 1192 1294 notatur.
1224 1239 1340 1302 Quo
1368 1240 1513 1291 enim
1547 1237 1668 1292 loco
1709 1235 1955 1291 Bollandi
1996 1237 2166 1292 editio
2208 1235 2430 1305 praefert
2471 1255 2483 1288 :
2527 1235 2841 1305 Coepiscopo
2881 1239 3079 1299 sancte,
3133 1249 3197 1288 ex
3227 1248 3338 1303 quo
3371 1236 3706 1304 episcopalis
3736 1236 3824 1290 di-

440 1311 622 1380 gnitas
658 1309 912 1366 Gauferio
965 1315 1309 1380 assereretur
1355 1309 1603 1363 sincerus
1654 1309 1896 1364 auctoris
1935 1308 2110 1363 codex
2136 1307 2235 1380 7(in
2287 1306 2609 1380 Cassinensi
2647 1305 2984 1380 bibliotheca
3021 1313 3288 1380 servatus,
3339 1312 3398 1380 ut
3437 1307 3654 1380 credo),
3679 1308 3818 1377 legit

441 1376 945 1453 Episcopesancte.
999 1382 1078 1453 l_ta
1116 1393 1245 1435 vero
1288 1379 1597 1453 legendum,
1630 1381 1875 1450 quamvis
1922 1380 2085 1435 etiam
2129 1376 2186 1434 in
2236 1379 2386 1434 edito
2435 1377 2664 1433 Gattolae
2705 1376 2904 1433 mendo
2958 1377 3290 1448 typographi
3326 1378 3399 1432 sit
3441 1397 3453 1431 :
3497 1376 3823 1449 Coepiscope

440 1450 650 1522 sducie,‘
672 1452 816 1510 idem
845 1451 1060 1510 Gattola
1099 1455 1302 1508 monet.
1337 1450 1548 1522 iussn]

1303 1742 2019 1887 CARMINA
2135 1741 2959 1884 GUAIFERII

1755 1957 2139 2012 CASINENSIS
2194 1956 2492 2010 MONACHI

661 2079 886 2145 (Partim
914 2080 1110 2148 primus
1137 2079 1320 2146 edidit,
1346 2083 1542 2151 partim
1571 2081 1712 2136 edita
1741 2081 2042 2150 recognovit
2071 2080 2532 2151 domnustassu
2563 2079 2616 2131 in
2642 2077 2776 2132 libro
2806 2092 2969 2149 supra
2998 2077 3214 2133 laudato
3239 2099 3254 2130 :
3290 2079 3602 2134 Documents

1713 2149 1923 2220 inedita,
1956 2157 2063 2206 etc.
2097 2163 2221 2220 pag,
2254 2149 2543 2219 372-387.)

1239 2387 1278 2440 l.
2102 2384 2300 2443 AHaec
2327 2391 2457 2439 sunt
2494 2383 2686 2440 vitales
2715 2398 2838 2454 quae
2867 2383 3094 2438 mittunt
3121 2381 3366 2453 germina
3403 2381 3636 2449 fructus,

865 2474 1052 2527 Versus
1081 2474 1134 2528 in
1163 2472 1370 2529 tandem
1396 2473 1660 2530 Psalterii.
2169 2474 2407 2542 Fertque
2436 2471 2751 2529 salutiferas
2779 2473 2904 2528 talis
2935 2471 3200 2543 plantatio
3239 2471 3451 2529 botros.

441 2559 615 2614 Verba
646 2564 772 2614 tene
801 2559 966 2628 vitae;
998 2575 1122 2631 quae
1153 2562 1408 2629 Verbum,
1440 2563 1570 2632 vita,
1603 2563 1832 2630 notavit,
2169 2564 2306 2618 Ecce
2337 2565 2706 2632 magisterium
2742 2561 2965 2618 debeuti
3005 2562 3136 2617 ﬂere
3168 2567 3377 2616 reatum
3403 2581 3414 2615 :

438 2647 607 2716 Regia
636 2647 821 2719 lingua
850 2649 995 2716 tulit,
1029 2650 1099 2705 de
1130 2652 1286 2720 cujus
1309 2651 1518 2707 semine
1549 2652 1693 2722 regis
2167 2652 2306 2706 Ecce
2337 2651 2709 2707 rudimentum
2738 2649 3018 2720 sperandi,
3051 2663 3244 2705 norma
3273 2648 3521 2705 cavendi.

436 2737 552 2790 Rex
581 2751 768 2808 regum
799 2738 1002 2794 mundo
1031 2739 1206 2796 voluit
1233 2740 1353 2796 sine
1383 2739 1593 2796 semine
1625 2742 1797 2796 nasci.
2164 2741 2430 2808 Peccasti,
2463 2755 2591 2796 reus
2619 2755 2700 2805 es,
2733 2739 2873 2796 deﬂe
2903 2754 3026 2795 cum
3057 2753 3186 2810 rege
3217 2746 3426 2794 reatum
3452 2758 3464 2792 :

437 2827 536 2882 His
565 2842 698 2898 ergo
736 2828 924 2896 libeat,
958 2830 1160 2900 quibus
1199 2838 1359 2888 utens
1386 2832 1607 2898 vixeris,
1640 2833 1758 2888 uti:
2164 2829 2392 2885 Saucius
2430 2845 2490 2886 es
2516 2829 2773 2901 graviter,
2807 2841 2969 2898 spera
2999 2842 3122 2884 cum
3153 2833 3274 2883 vate
3313 2827 3569 2882 salutem.

437 2916 558 2985 Ipse
591 2931 688 2986 per
717 2918 838 2973 haec
866 2920 1028 2975 vitam
1061 2921 1154 2990 qui
1188 2921 1418 2991 protulit
1445 2922 1565 2991 ipse
1597 2921 1828 2991 recepit,
2162 2919 2348 2974 Justus
2377 2933 2456 2985 es,
2487 2919 2617 2973 inde
2648 2932 2776 2973 cave
2813 2937 2824 2972 :
2867 2917 2992 2986 quis
3023 2916 3169 2971 enim
3200 2915 3283 2971 vel
3317 2917 3524 2985 justior
3562 2916 3672 2970 isto

436 3005 635 3060 Factus
664 3011 719 3062 et
748 3008 1078 3077 exemplum,
1110 3009 1380 3065 scelerum
1413 3011 1507 3080 qui
1538 3016 1712 3067 morte
1743 3009 1992 3066 labarent
2161 2995 2506 3077 Justitiaéque
2546 3006 2649 3063 fuit
2687 3006 2944 3062 dilectior
2980 3006 3379 3075 Omnipotenti,

435 3093 513 3148 Ad
545 3095 709 3149 vitam
742 3095 933 3151 docuit
962 3098 1220 3154 virtutum
1256 3114 1414 3168 posse
1446 3100 1666 3167 reverti,
2161 3098 2237 3152 De
2266 3099 2423 3167 cujus
2451 3096 2631 3152 fructu
2662 3096 2887 3161 ventris,
2927 3095 3015 3150 cui
3049 3093 3230 3150 sidera
3259 3094 3420 3148 sedes

433 3185 510 3236 Ac
539 3182 687 3237 velut
725 3185 988 3238 emeritos
1014 3186 1081 3240 ad
1115 3188 1342 3253 praemia
1381 3188 1544 3258 digna
1575 3188 1751 3244 citari.
2162 3187 2302 3242 Sede
2331 3201 2501 3257 super
2531 3187 2754 3256 propria
2778 3185 2982 3255 juravit
3013 3200 3071 3240 se
3104 3185 3430 3253 positurum,

435 3270 542 3325 Sed
572 3272 725 3336 ﬂetu,
756 3273 983 3343 gemitu,
1015 3273 1275 3344 lacrymis
1303 3276 1536 3330 imiteris
1565 3281 1784 3346 oportet
2162 3277 2229 3330 Et
2259 3277 2479 3345 posuit;
2522 3289 2683 3346 quem
2723 3275 3006 3345 praecipuo
3041 3279 3274 3329 testatur
3301 3286 3486 3327 amore

434 3361 533 3416 Cui
562 3375 662 3430 par
690 3375 812 3416 esse
842 3361 977 3417 velis
1006 3363 1184 3430 venia,
1217 3363 1437 3432 virtute,
1472 3366 1749 3435 triumpho
1779 3386 1790 3420 :
2162 3367 2386 3421 Servum
2443 3379 2592 3434 saepe
2649 3377 2767 3419 sum
2829 3364 3168 3434 proprioque
3224 3361 3349 3418 oleo
3407 3375 3468 3416 se
3529 3369 3814 3431 unguente

433 3447 678 3516 Qualiter
703 3449 1002 3506 admissum
1037 3451 1273 3508 deﬂebat
1303 3454 1395 3522 qui
1436 3454 1760 3509 comedebat
3353 3451 3700 3520 [perunctum
3719 3457 3743 3504 ?

433 3538 503 3592 Ut
533 3552 727 3608 panem
757 3540 1022 3607 cinerem,
1055 3540 1321 3596 miscebat
1350 3543 1544 3610 pocula
1575 3543 1740 3598 ﬂetu!
2161 3542 2267 3598 Sed
2299 3555 2492 3614 magna
2522 3549 2707 3598 tantus
2735 3542 2818 3598 vir
2845 3541 3058 3598 corruit
3085 3541 3190 3596 iste
3220 3540 3377 3595 ruina
3405 3559 3418 3594 :

431 3626 710 3697 Quamque
739 3628 992 3698 gemebat
1021 3635 1078 3684 et
1115 3629 1380 3696 haerebat,
1412 3644 1534 3686 cum
1564 3645 1780 3687 sumere
1811 3645 2004 3700 panem
2163 3631 2287 3687 Mox
2316 3638 2496 3688 tamen
2528 3633 2673 3687 unde
2703 3633 2814 3687 ruit
2844 3644 3079 3686 maerore
3113 3629 3325 3684 levante
3365 3628 3591 3684 resedit.

433 3716 726 3772 Exciderat
753 3718 980 3788 gemitu,
1012 3719 1217 3789 gemitu
1249 3734 1468 3790 quoque
1500 3723 1594 3790 qui
1625 3721 1876 3792 rugiebat
2095 3726 2142 3784 B
2163 3721 2240 3776 Tu
2272 3727 2452 3777 tamen
2492 3721 2676 3777 audita
2704 3721 2862 3776 venia
2903 3733 3133 3790 peccare
3166 3731 3380 3783 recusa,

432 3806 552 3860 Pra:
583 3807 753 3862 nimio
783 3807 987 3873 cordis,
1023 3808 1382 3878 lacrymarum
1422 3816 1624 3879 quanta
1655 3810 1902 3880 profudit
2163 3811 2256 3866 Vel
2289 3812 2416 3881 quia
2451 3825 2559 3867 non
2591 3816 2773 3867 tantos
2803 3811 2984 3866 valeas
3013 3809 3251 3865 tolerare
3285 3807 3526 3872 labores,

431 3894 700 3962 Flumina,
735 3909 844 3952 non
877 3897 986 3953 alio
1025 3898 1120 3968 qui
1151 3904 1378 3954 stratum
1411 3898 1563 3956 fonte
1602 3901 1815 3971 rigabat
2161 3900 2256 3955 Vel
2282 3901 2410 3970 quia
2443 3907 2647 3971 pugnet
2676 3901 2744 3955 ab
2774 3900 2880 3956 hoc
2905 3898 3115 3969 fragilis
3143 3896 3410 3952 breviatio
3443 3896 3590 3960 vitae,

433 3983 492 4036 In
523 3990 736 4050 noctes,
770 3985 1040 4040 scelerum
1075 3987 1342 4057 lacrymas
1381 3989 1634 4058 aequabat
1663 4003 1857 4045 acervo
1883 3996 1894 4043 !
2161 3990 2225 4044 Et
2252 3991 2380 4059 quia
2411 4003 2521 4045 non
2554 3996 2718 4046 tanta:
2747 3989 2964 4044 virtutis
2993 4003 3052 4043 es
3081 3994 3207 4042 ante
3248 3993 3479 4052 reatum,

430 4071 547 4136 Quo
579 4070 880 4140 desiderio,
915 4088 1024 4142 quo
1055 4075 1220 4130 ﬂendi
1255 4077 1420 4132 ﬂebat
1443 4091 1628 4134 amore
2160 4078 2228 4133 Ut
2267 4078 2414 4133 vitiis
2443 4093 2650 4145 careas,
2681 4077 2978 4133 virtutibus
3006 4083 3066 4132 ut
3097 4075 3416 4139 renitescas,

432 4159 531 4213 Cui
561 4158 817 4230 lacrymae
850 4174 1038 4230 panes,
1072 4162 1358 4229 habitatio,
1391 4165 1737 4235 deliciaeque,
2163 4168 2336 4237 thue
2376 4168 2660 4224 beatorum
2689 4167 2834 4223 felici
2866 4173 3014 4222 sorte
3047 4165 3263 4220 fruaris.

431 4249 528 4303 Cui
559 4248 813 4320 lacryma:
845 4255 1010 4319 potus
1039 4258 1340 4322 noctesque
1373 4252 1600 4323 diesque
1632 4253 1783 4309 fuere
1811 4263 1821 4308 !
2161 4256 2258 4310 ilic
2288 4255 2452 4311 docet
2491 4257 2543 4310 in
2577 4259 2804 4326 proprio
2835 4256 2955 4312 loca
2985 4270 3084 4325 per
3112 4255 3325 4308 diversa
3356 4250 3585 4306 libello:

430 4336 700 4394 Diluvium
732 4339 818 4393 his
848 4338 1138 4409 lacrymas,
1173 4340 1439 4412 lacrymas
1469 4343 1709 4412 appellat
1738 4345 2010 4414 abyssum,
2154 4345 2332 4401 Pestis
2365 4347 2607 4402 avaritia:
2646 4345 2768 4402 fons
2797 4351 2852 4402 et
2881 4351 3045 4415 caput
3087 4350 3170 4399 est
3199 4342 3479 4402 vitiorum.

429 4426 584 4492 Quod
617 4441 718 4482 nec
748 4427 1010 4483 diluvium
1043 4429 1166 4498 plus
1194 4429 1357 4486 diluit
1394 4431 1499 4498 his,
1534 4445 1636 4487 nec
1668 4431 1895 4503 abyssus
2155 4434 2284 4499 Quae
2316 4435 2512 4503 partim
2554 4450 2756 4503 rerum,
2793 4435 2986 4504 partim
3018 4433 3247 4503 cupiens
3277 4437 3331 4486 et
3361 4430 3657 4496 bonorum,

426 4513 604 4570 Altior
633 4521 736 4580 est,
768 4523 962 4572 tetram
996 4524 1288 4587 penetrant
1317 4535 1440 4588 qua:
1472 4521 1672 4576 mentis
1702 4522 1977 4591 abyssum.
2156 4522 2294 4577 llinc
2325 4528 2379 4578 et
2410 4523 2690 4593 perﬂdiam
2729 4524 2942 4590 sordes,
2975 4522 3261 4585 insomnia,
3299 4533 3479 4586 curas,

428 4603 546 4658 Hoc
576 4603 633 4658 in
663 4603 870 4660 diluvio
899 4607 1130 4662 Domino
1161 4608 1396 4663 vicinius
1427 4609 1604 4664 hatres
1630 4631 1641 4665 :
2154 4612 2492 4678 Commenta,
2526 4610 2766 4680 fraudes,
2801 4611 3119 4678 homicidia,
3151 4610 3315 4675 furta,
3352 4609 3593 4678 rapinas,

426 4693 544 4749 Hoc
575 4693 784 4749 habitat
811 4697 975 4761 Deus,
1009 4696 1227 4752 invocat
1257 4698 1376 4753 haec
1406 4705 1461 4754 et
1490 4699 1721 4770 abyssus
1755 4701 2031 4770 abyssum.
2151 4701 2472 4770 Czeteraque
2503 4701 2842 4757 innumeram
2873 4707 3101 4772 generat
3137 4698 3458 4770 generantia
3488 4694 3704 4765 prolem

427 4781 650 4838 Scilicet
679 4783 950 4853 amplexat
981 4785 1200 4853 pietatis
1231 4792 1428 4842 cuncta
1457 4787 1806 4858 profundum.
2153 4788 2309 4844 Illinc
2339 4789 2618 4857 invidiam,
2653 4796 3048 4859 contemptum,
3077 4788 3242 4853 bella,
3273 4785 3510 4851 furores,

425 4871 524 4926 His
551 4877 704 4927 vates
734 4872 985 4942 lacrymis
1015 4873 1280 4944 lacrymas
1308 4877 1480 4932 evasit
1507 4879 1703 4933 Averni
1733 4898 1744 4932 :
2152 4877 2210 4932 Id
2240 4891 2415 4948 genus
2444 4883 2499 4932 et
2528 4877 2740 4947 reliqua
2766 4883 2918 4933 creat
2945 4876 3128 4946 amplo
3158 4877 3402 4947 germine
3433 4873 3563 4928 feta.

425 4961 523 5017 His
550 4962 763 5017 veniam
794 4962 1013 5028 meruit,
1045 4963 1338 5020 virtutibus
1375 4972 1430 5020 et
1460 4969 1723 5036 reparari,
2150 4966 2290 5021 Hinc
2319 4967 2458 5021 alios
2485 4967 2689 5037 spoliat
2717 4967 2932 5037 spoliis,
2965 4967 3166 5037 quibus
3195 4966 3314 5034 ipsa
3343 4968 3639 5034 gravetur;

425 5051 524 5106 His
553 5051 675 5107 nive
705 5051 995 5108 candidior
1023 5052 1162 5120 ﬂeri,
1196 5055 1525 5126 mundisque
1555 5059 1755 5112 creatis
2089 5051 2280 5110 Clnde
2310 5069 2460 5125 suos,
2494 5056 2632 5112 alios
2661 5063 2721 5112 ut
2750 5057 2924 5124 ditet;
2965 5055 3189 5111 vendita
3225 5066 3459 5124 quorum

429 5141 766 5207 Visceribus,
800 5147 986 5197 rectus
1012 5141 1100 5198 his
1128 5143 1356 5213 spiritus
1383 5151 1467 5200 est
1504 5154 1816 5202 renovatus.
2152 5144 2358 5214 Lingua
2391 5158 2582 5215 graves
2611 5145 2759 5200 vitiis
2787 5144 2984 5201 clamet
3011 5145 3211 5200 virtute
3243 5140 3496 5198 refertos.

423 5229 522 5286 His
557 5231 702 5288 Deus
731 5231 1043 5300 inspicitur,
1075 5232 1164 5287 his
1200 5233 1429 5304 spiritus
1457 5233 1630 5290 almus
1659 5235 1910 5290 habetur.
2152 5232 2310 5287 Illinc
2339 5233 2574 5288 occultis
2606 5233 2826 5303 jaculis,
2858 5234 2986 5290 hinc
3020 5235 3177 5289 saevit
3206 5231 3438 5302 apertis,

423 5317 631 5388 Hisque
660 5319 916 5376 salutaris
945 5321 1255 5378 redduntur
1282 5323 1480 5395 gaudia
1510 5325 1704 5380 Patris.
2149 5323 2389 5378 Membra
2437 5322 2624 5392 lupina
2671 5338 2888 5394 gerens,
2939 5324 3180 5394 speciem
3227 5321 3357 5376 hinc
3406 5316 3629 5373 affectat
3679 5317 3798 5373 ovi-

422 5405 521 5460 His
567 5421 786 5480 quoque
834 5409 929 5480 qui
967 5412 1130 5468 Pater
1167 5419 1251 5469 est
1288 5412 1574 5470 conﬁrmat
1611 5413 1847 5484 Spiritus
1889 5433 1902 5469 :
1945 5413 2065 5471 haec
3551 5409 3726 5470 illam.

1847 5503 1991 5572 [sunt
2144 5499 2230 5555 Nil
2260 5498 2426 5556 habet
2464 5499 2583 5556 haec
2613 5501 2770 5570 pensi
2802 5500 2979 5571 turpis
3006 5499 3091 5556 vel
3121 5498 3265 5557 foeda
3293 5495 3492 5563 videri,

420 5579 658 5637 Latitiae
686 5595 910 5641 summae
939 5600 1065 5657 quae
1093 5589 1324 5661 gignunt
1353 5592 1562 5648 semina
1589 5589 1808 5663 fruges:
2143 5590 2363 5645 Vertice
2391 5589 2692 5646 verticibus
2723 5596 2805 5647 tot
2831 5591 3018 5661 vipera
3048 5589 3249 5646 crescit
3278 5591 3513 5656 utroque
3541 5589 3555 5639 t
