4106 6178
287 275 424 331 1285

277 403 366 458 Sic
397 407 453 458 et
483 399 800 471 pestiferum
834 397 1103 454 diﬂ'undet
1130 399 1388 469 utrinque
1418 413 1707 466 venenmn,

277 491 395 546 Sint
426 495 484 544 ut
513 489 581 544 ab
611 488 851 558 ingenuo
883 488 1022 542 mala
1052 494 1249 542 cuncta
1279 489 1505 544 ﬂuentia
1543 487 1712 544 fonte.

274 581 448 636 Perde
476 579 669 647 biceps
698 584 1023 643 monstrum,
1057 577 1242 646 proles
1270 583 1578 633 monstrosa
1610 577 1848 648 peribit;

277 672 341 725 Et
373 667 580 738 duplici
611 666 835 736 duplex,
876 671 929 720 et
966 680 1178 720 summo
1208 666 1439 720 maxima
1475 667 1648 721 virtus

278 758 537 814 Succedit
565 757 699 811 vitio
739 755 966 810 dilectio
1003 755 1152 824 larga
1182 753 1387 823 rapaci.

277 849 549 902 Virtutum
589 851 753 915 caput
791 851 875 899 est
906 845 1045 910 haec,
1079 849 1132 898 et
1161 848 1328 912 caput
1364 844 1470 899 hoc
1500 844 1794 900 vitiorum:

279 937 432 992 Sicut
461 936 516 990 in
549 936 656 990 hoc
683 934 818 989 vitio
848 933 1037 988 vitium
1069 932 1417 988 concluditur
1455 948 1636 999 omne,

275 1027 364 1083 Sic
404 1032 458 1081 et
487 1027 544 1080 in
573 1025 676 1080 hac
706 1024 885 1080 omnis
912 1022 1086 1078 virtus
1112 1023 1312 1077 virtute
1353 1029 1590 1079 tenetur.

276 1117 436 1170 Certe
466 1115 512 1168 si
545 1113 747 1184 linguis
776 1112 1078 1178 hominum,
1113 1111 1487 1182 angelicisque
1519 1112 1763 1182 loquaris

279 1205 429 1259 Hanc
457 1209 512 1258 et
541 1216 652 1258 non
682 1203 906 1268 habeas,
940 1216 1000 1256 es
1029 1208 1089 1256 ut
1127 1216 1236 1256 tera
1266 1203 1519 1256 sonantia
1547 1201 1743 1257 factus.

277 1293 330 1347 Si
369 1300 522 1348 vates
558 1291 751 1359 fueris,
793 1290 1049 1362 mysteria
1080 1296 1388 1360 cunctaque
1419 1291 1573 1346 noris

277 1381 415 1437 Sciri
456 1394 690 1450 quaque
711 1379 912 1445 valent,
946 1379 1151 1434 habeas
1187 1392 1515 1450 omnemque
1547 1379 1707 1435 fidem
1737 1379 1816 1433 sic

277 1472 348 1526 Ut
373 1468 670 1525 transferre
700 1482 873 1538 queas
902 1475 1138 1536 montes,
1171 1475 1352 1524 tamen
1382 1469 1484 1525 hac
1515 1469 1634 1524 sine
1665 1468 1740 1524 nil
1774 1483 1851 1523 es.

277 1561 332 1615 Si
373 1565 463 1614 tua
494 1557 828 1628 pauperibus
857 1571 946 1612 res
976 1557 1156 1612 omnis
1184 1557 1566 1624 distribuatur,

277 1647 398 1702 Sive
429 1653 580 1702 tuum
611 1659 816 1715 corpus
847 1645 1094 1700 tradatur
1121 1653 1181 1700 ut
1217 1645 1408 1701 ardeat
1443 1647 1578 1717 igni,

278 1738 428 1791 Hanc
458 1740 514 1790 et
542 1749 652 1792 non
685 1735 888 1790 habeas
922 1736 1201 1802 virtutem,
1229 1735 1305 1790 nil
1344 1735 1444 1790 tibi
1478 1735 1722 1806 prodest.

277 1827 395 1882 Non
428 1830 511 1880 est
541 1825 852 1895 impatiens,
886 1837 997 1880 non
1028 1824 1355 1893 ambitiosa;
1389 1824 1625 1896 benigna
1657 1833 1775 1881 est:

277 1914 397 1970 Non
435 1913 556 1970 haec
593 1926 881 1984 perperam
932 1915 1064 1984 agit,
1125 1926 1236 1970 non
1293 1913 1413 1970 haec
1463 1929 1588 1984 quae
1643 1921 1772 1970 sunt
1828 1929 1924 1970 sua

1599 2003 1850 2075 [quaerit,

281 2094 401 2148 Non
442 2091 710 2158 irritatur,
751 2104 862 2147 non
904 2090 1160 2147 inﬂatur:
1205 2091 1501 2148 meditatur

282 2181 511 2237 Tantum
548 2195 674 2251 qua:
704 2182 850 2237 bona
880 2187 1029 2248 sunt,
1061 2190 1189 2237 vero
1220 2182 1551 2253 congaudet,
1593 2182 1783 2252 iniquo

286 2269 714 2339 Haudquaquam
750 2270 972 2341 gaudet,
1016 2283 1126 2326 non
1165 2270 1392 2336 invidet,
1435 2270 1618 2326 omnia
1655 2269 1853 2335 credit,

282 2359 469 2414 Omnia
500 2357 709 2426 suffert,
743 2359 924 2414 omnia
962 2359 1217 2424 sustinet,
1255 2358 1437 2413 omnia
1470 2365 1677 2427 sperat.

286 2447 512 2503 Excidet
541 2448 661 2503 haec
691 2460 1006 2518 nunquam:
1052 2460 1161 2502 non
1190 2447 1544 2502 evacuabitur
1581 2461 1820 2516 unquam

284 2536 405 2592 Sive
437 2537 727 2606 pr0phetia
756 2542 955 2602 cesset,
997 2535 1110 2590 sive
1148 2535 1398 2602 scientia,
1432 2537 1546 2591 sive

286 2624 510 2695 Linguae.
536 2624 868 2680 cessabunt:
921 2629 1104 2679 manet
1132 2623 1252 2680 haec
1300 2624 1429 2679 dum
1476 2638 1714 2694 spesque
1761 2623 1928 2680 fides-

1563 2713 1701 2784 [que
1733 2719 1816 2768 est
1839 2734 1852 2780 ;

281 2803 525 2872 Cumque
564 2801 905 2868 transierint,
939 2803 1115 2871 major
1152 2802 1271 2857 sine
1311 2802 1570 2858 manebit.

281 2892 434 2946 Hanc
463 2890 716 2955 imiteris,
758 2905 944 2958 ames;
986 2891 1133 2945 hunc
1171 2891 1520 2960 amplectaris
1549 2906 1785 2948 amorem

283 2982 440 3034 Hunc
471 2985 584 3034 tota
614 2979 813 3034 virtute
853 2979 1022 3046 colas,
1065 2979 1288 3046 habeas,
1332 2988 1652 3050 teneasque,

1803 277 2121 332 CARMIN‘A.

1938 403 2176 465 ACausa
2205 401 2327 470 fuit,
2359 403 2518 469 clavi,
2552 404 2738 474 ﬂagra,
2769 419 2904 461 crux
2933 411 2987 460 et
3018 405 3207 462 lancea
3237 420 3440 478 corpus

2000 494 2116 546 Jam
2149 505 2258 548 non
2296 492 2568 548 afficient:
2613 508 2779 549 cruor
2806 495 2898 548 ille
2936 495 3185 550 salutifer
3215 496 3359 552 ultro

3510 281 3646 337 1286

2003 582 2122 636 Non
2156 581 2322 646 ﬂuet;
2366 587 2460 636 aut
2489 581 2699 636 tumulo
2728 581 2998 648 Christus,
3041 589 3133 638 tua
3163 585 3292 650 vita,
3324 586 3571 643 secundo

2004 668 2337 737 Claudetur;
2372 671 2627 725 barathra
2656 685 2758 726 nec
2798 671 3167 727 descendetur
3205 673 3260 727 in
3292 675 3400 728 ima

2004 758 2047 810 A
2086 758 2330 814 tenebris
2357 760 2571 814 animus
2609 767 2896 815 revocatus
2935 759 3075 814 lucis
3111 761 3178 815 ad
3219 761 3416 817 aedem.

2004 846 2135 912 Quis
2165 861 2337 903 novus
2367 862 2498 919 ergo
2525 849 2719 904 modus
2755 849 2921 905 fuerit
2951 863 3060 918 quo
3092 855 3199 904 tam
3231 850 3544 907 miserando

2007 936 2251 1005 Eripiare
2277 939 2453 1008 jugo?
2483 940 2719 1007 Repetiti
2760 938 2956 994 fortius
2985 946 3200 994 arctant

2006 1026 2207 1091 Nexus,
2241 1033 2293 1081 et
2323 1041 2514 1082 carcer
2542 1035 2687 1082 serat
2718 1029 2923 1082 arctius
2961 1042 3025 1082 ac
3055 1029 3337 1098 religatus,

2007 1113 2098 1167 Vis
2129 1115 2308 1168 minor
2332 1121 2386 1169 et
2425 1117 2600 1184 major
2629 1117 2762 1186 (sic),
2817 1117 3142 1186 graviorque
3190 1118 3433 1173 secunda
3474 1120 3650 1175 ruina.

2006 1202 2175 1256 Tanta
2214 1216 2314 1258 nec
2346 1203 2578 1259 ulterius
2615 1205 2882 1272 patientia
2912 1211 3163 1261 conteret
3201 1207 3436 1274 hostem,

2006 1291 2119 1345 Nec
2148 1304 2297 1346 mors
2326 1301 2501 1348 morte
2532 1293 2698 1348 semel
2731 1295 2953 1363 periens
2977 1297 3087 1363 jam
3128 1301 3304 1351 morte
3345 1296 3566 1365 peribit.

2008 1379 2146 1434 Hinc
2175 1386 2376 1447 tamen,
2409 1381 2538 1436 hinc
2566 1396 2744 1451 spera.
2787 1384 3077 1452 Cujusnam
3106 1382 3215 1438 vita
3244 1385 3542 1455 triumphat

2013 1469 2129 1523 Vita
2159 1470 2538 1540 triumphabit,
2580 1485 2683 1526 nec
2710 1485 2819 1528 non
2851 1473 2906 1527 in
2939 1473 3144 1528 aethere
3175 1473 3358 1528 vincet

2007 1557 2108 1624 Qui
2148 1558 2277 1613 vicit
2307 1558 2537 1615 tumulo.
2571 1561 2702 1615 Nam
2733 1561 2813 1616 sic
2840 1561 3009 1618 semel
3049 1561 3143 1616 illa
3174 1561 3322 1617 beati

2005 1647 2296 1717 Sanguinis
2334 1648 2479 1703 unda
2525 1647 2700 1704 ferum
2730 1651 3014 1706 restrinxit
3037 1649 3154 1705 fusa
3194 1650 3511 1718 draconem,

1944 1730 1990 1786 B
2015 1737 2080 1790 Ut
2109 1736 2201 1805 qui
2233 1737 2522 1792 sorbuerat
2559 1737 2696 1793 diris
2718 1740 2827 1808 jam
2869 1738 3121 1794 faucibus
3149 1739 3360 1805 orbem,

2005 1825 2127 1892 ipse
2157 1825 2259 1880 sub
2297 1826 2432 1880 orbe
2463 1832 2664 1896 gemat,
2707 1840 2809 1882 nec
2842 1829 2933 1896 jus
2961 1841 3183 1896 quoque
3215 1828 3390 1896 possit
3419 1827 3609 1883 haberi

2007 1915 2446 1984 ln‘quemquam,
2479 1915 2628 1970 velut
2664 1921 2812 1981 ante,
2854 1930 3032 1984 suum,
3064 1923 3324 1986 surgente
3353 1917 3528 1972 ruina:

2006 2004 2124 2070 Quo
2153 2009 2420 2074 surgunt:
2455 2003 2758 2060 hominum.
2791 2005 2976 2061 Solum
3016 2005 3330 2061 dominatur
3356 2006 3415 2062 in
3445 2004 3570 2060 illos

2009 2094 2156 2159 Quos
2185 2106 2294 2148 non
2335 2094 2601 2161 preniteat
2637 2093 2930 2159 scelerum,
2965 2094 3048 2149 vel
3089 2094 3318 2149 credere
3349 2093 3549 2150 nolint.

2009 2184 2151 2251 Ergo
2189 2181 2446 2236 salutaris
2483 2181 2622 2237 stola
2653 2196 2813 2251 quem
2847 2182 3087 2251 pretiosa
3126 2183 3349 2249 lavacri,

2011 2271 2075 2324 Et
2108 2269 2229 2323 nive
2260 2268 2550 2324 candidior
2577 2270 2896 2340 Phoeboque
2930 2271 3224 2326 micantior
3252 2272 3397 2340 ipso,

2009 2359 2182 2424 Texit,
2215 2372 2313 2427 spe
2343 2365 2546 2424 certus,
2579 2373 2701 2413 cum
2732 2365 2785 2414 te
2817 2365 2909 2414 tua
2940 2359 3170 2414 crimina
3197 2359 3434 2427 fuscent,

2010 2447 2423 2504 Intercedentes
2453 2447 2520 2503 ad
2551 2448 2825 2503 Christum
2866 2448 3041 2519 dirige
3071 2449 3260 2504 mistas

2010 2538 2142 2592 Cum
2180 2538 2386 2606 gemitu
2416 2537 2700 2606 lacrymas.
2743 2538 2835 2592 Sat
2877 2538 3023 2592 enim
3071 2551 3218 2593 nunc
3255 2544 3472 2608 tergere
3529 2551 3659 2593 sor-

3459 2625 3588 2698 [des

2011 2716 2307 2770 lmmensas
2344 2715 2615 2771 scelerum
2640 2715 2893 2785 lacrymre
2931 2715 3276 2786 gemitusque
3306 2715 3582 2772 valebunt.

2012 2805 2123 2859 Nec
2154 2804 2317 2860 modo
2349 2803 2601 2860 confesso
2627 2805 2837 2859 veniam
2869 2804 3104 2859 lamenta
3135 2804 3443 2874 parabunt;

2013 2895 2242 2948 Praemia
2273 2895 2566 2948 restituent
2596 2893 2886 2948 commissa
2926 2893 3140 2963 perdita
3169 2893 3352 2963 culpa.

2015 2983 2124 3038 Nec
2163 2997 2263 3051 per
2290 2982 2459 3037 multa
2488 2982 2624 3037 ﬂdes
2654 2982 2925 3052 longeque
2955 2989 3168 3038 vetusta
3197 2988 3450 3054 petatur:

281 3068 451 3136 Cujus
483 3068 713 3134 ﬂamma,
764 3067 985 3124 modum
1025 3082 1310 3125 numerum
1370 3070 1416 3124 si
1473 3071 1653 3126 vincat
1710 3075 1765 3125 et
1815 3072 2108 3136 om-cEst
2136 3072 2270 3126 satis
2307 3070 2558 3139 exemplo
2589 3070 2738 3140 quod
2773 3076 2962 3127 nostro
2995 3072 3227 3142 contigit
3266 3084 3382 3126 :evo

1679 3159 1857 3230 [nem,

282 3245 604 3315 Congeriem
634 3245 927 3311 scelerum,
969 3247 1226 3316 stipulam
1264 3248 1412 3302 velut
1442 3248 1603 3318 ignis,
1637 3248 1856 3313 adurit;

282 3336 450 3404 Cujus
487 3334 722 3390 dulcedo
753 3335 992 3404 quodam
1023 3336 1250 3393 dulcore
1280 3338 1506 3406 superni

283 3423 530 3479 Nectaris
558 3424 819 3479 obdulcat
848 3429 1080 3493 mentes,
1113 3428 1400 3496 omnisque
1438 3425 1637 3482 futura:

282 3511 576 3578 Quemdam
607 3513 814 3568 laetitiae
845 3513 988 3582 sapit
1014 3514 1103 3568 hic
1135 3521 1189 3570 et
1218 3515 1274 3568 in
1315 3515 1449 3569 orbe
1479 3529 1763 3584 saporem,

286 3603 346 3656 ln
379 3602 540 3657 terris
579 3603 791 3672 positos
827 3601 1015 3658 videas
1053 3610 1112 3658 ut
1150 3603 1207 3657 in
1248 3603 1454 3659 aethere
1485 3603 1714 3659 locatos.

282 3689 383 3744 Hic
413 3691 468 3745 in
508 3691 838 3762 martyribus
877 3692 1042 3746 habet
1069 3691 1442 3762 insuperabile
1473 3692 1664 3758 robur,

282 3780 384 3834 Hic
415 3781 470 3834 in
511 3781 815 3851 virginibus
843 3787 996 3837 tenet
1025 3781 1340 3838 inviolabile
1370 3786 1554 3837 votum
1579 3797 1594 3834 :

284 3868 494 3939 Ungula
525 3876 773 3936 torturze,
795 3870 1012 3941 gladius
1049 3878 1190 3938 rota,
1221 3872 1469 3938 verbera,
1503 3871 1755 3937 ﬂammae,

277 3958 560 4030 Omneque
592 3973 871 4030 paenarum
904 3975 1079 4031 genus
1118 3961 1225 4018 hoc
1255 3969 1552 4032 superatur
1581 3973 1790 4026 amore,

284 4048 383 4102 Hic
414 4061 587 4116 amor,
628 4049 719 4104 hic
759 4057 984 4120 pugnat,
1026 4050 1118 4105 hic
1165 4051 1336 4106 vincit
1367 4057 1421 4106 et
1451 4051 1568 4120 ipse
1601 4049 1932 4119 triumphat;

283 4138 490 4193 Laurea
519 4139 850 4209 martyribus
877 4139 1028 4205 hinc,
1060 4139 1474 4211 virginibusque
1505 4153 1710 4196 corona
1741 4143 1862 4195 est:

282 4226 545 4282 Omnibus
572 4227 701 4283 hinc
727 4228 893 4298 justis
921 4243 1134 4286 merces
1163 4229 1326 4285 datur
1364 4229 1542 4298 ampla
1582 4228 1808 4284 laboris.

286 4317 460 4387 Hujus
487 4320 564 4385 et,
596 4329 629 4373 0
667 4317 919 4388 quisquis
948 4318 1086 4389 legis
1117 4319 1260 4386 haec,
1301 4319 1548 4388 repletus
1585 4317 1810 4383 amoris,

2015 3159 2298 3228 Multiplex
2326 3160 2632 3229 mirumque
2664 3159 2850 3227 modo,
2893 3175 3121 3216 numero
3153 3167 3334 3215 tamen
3366 3172 3554 3227 unum,

2014 3251 2174 3320 Spem
2215 3249 2382 3319 lapsis
2413 3263 2683 3320 magnam,
2724 3250 2990 3304 cautelam
3020 3250 3295 3305 stantibus
3324 3247 3553 3303 addens.

2084 3338 2358 3393 Gallorum
2391 3344 2566 3392 cretus
2595 3344 2780 3406 partes
2818 3351 2924 3406 qua
2955 3336 3126 3405 fulget
3155 3338 3332 3403 lbera,

2013 3428 2226 3495 Corpus
2264 3426 2626 3495 apostolicum
2656 3425 2835 3495 gentis
2873 3425 2941 3479 de
2980 3438 3130 3480 more
3171 3425 3412 3494 petebat,

2017 3516 2084 3570 Ut
2111 3514 2343 3569 devotus
2371 3527 2543 3580 amor,
2575 3527 2732 3569 sacra
2763 3513 2891 3568 dum
2923 3512 3045 3569 loca
3072 3513 3299 3581 viseret,
3334 3512 3452 3582 ipsa

2015 3603 2324 3672 Asperitate
2361 3603 2465 3657 via:
2503 3601 2774 3657 scelerum
2805 3617 2862 3657 se
2905 3602 3048 3658 mole
3078 3602 3306 3658 levaret.

2017 3693 2277 3758 Quorum,
2311 3697 2521 3747 naturae
2551 3690 2920 3761 persimplicis
2949 3697 3003 3745 et
3034 3691 3265 3761 puerilis

2018 3783 2169 3837 Unus
2207 3787 2344 3847 erat,
2378 3779 2556 3836 facilis
2590 3795 2701 3850 quo
2738 3779 2908 3835 velles
2938 3779 3159 3835 ﬂectere
3186 3780 3334 3836 ﬂecti

2017 3871 2131 3925 Hos
2169 3876 2229 3925 ut
2257 3870 2324 3925 ad
2365 3869 2665 3939 hospitium
2699 3871 2810 3937 jam
2842 3868 3053 3924 tardior
3081 3869 3219 3924 hora
3251 3869 3455 3941 coegit,

2017 3961 2078 4014 In
2108 3967 2319 4029 partem
2348 3959 2580 4028 simplex
2618 3958 2842 4014 divertit
2870 3958 2938 4012 ab
2968 3959 3182 4029 agmine
3221 3958 3394 4026 solus,

2017 4050 2374 4118 Dimotusque
2405 4049 2488 4102 via
2521 4047 2818 4115 modicum,
2850 4045 3167 4116 fraudisque
3192 4047 3417 4117 dolique

2018 4138 2231 4192 Invenit
2268 4143 2571 4203 auctorem,
2607 4135 2873 4206 juvenilis
2902 4137 3156 4205 corporis
3194 4136 3386 4191 instar.

2019 4227 2246 4282 Incohat
2267 4232 2482 4281 astutus
2511 4224 2690 4280 dirum
2722 4238 2844 4279 cum
2875 4224 3124 4292 simplice
3157 4224 3382 4291 bellum,

2017 4317 2139 4370 Non
2169 4315 2354 4385 ﬂagra,
2399 4329 2505 4369 non
2546 4313 2779 4383 gladios,
2813 4312 2910 4366 sed
2941 4313 3094 4380 pacis
3130 4312 3388 4367 habentia
3417 4310 3632 4382 signum

290 4406 483 4462 Redde
524 4421 718 4476 preces
757 4407 974 4474 merito,
1008 4409 1165 4476 cujus
1203 4407 1302 4461 tibi
1335 4422 1435 4462 ceu
1465 4407 1571 4462 sibi
1610 4408 1876 4475 scriptum
1955 4403 2257 4460 DPrimum
2315 4403 2477 4457 verba
2539 4413 2793 4456 movens:
2831 4417 2858 4450 α
2897 4400 3015 4465 Quo
3069 4397 3258 4464 frater,
3302 4399 3543 4468 duceris,
3585 4398 3670 4454 in-

288 4497 406 4551 Hoc
437 4509 578 4565 Opus
606 4501 690 4551 est
721 4509 922 4566 opera;
957 4510 1080 4550 nam
1111 4496 1156 4550 si
1199 4495 1520 4551 memoreris
1558 4494 1719 4560 alius,

289 4585 353 4640 Et
391 4586 534 4640 Deus
560 4585 679 4654 ipse
710 4586 789 4640 tui
821 4584 1251 4640 memorabitur:
1295 4585 1459 4653 hujus
1487 4583 1692 4638 amoris

285 4674 381 4729 Jus
408 4673 521 4740 dat,
555 4679 614 4729 ut
643 4673 749 4730 hoc
786 4673 927 4729 alios
965 4688 1076 4744 quo
1110 4674 1339 4742 juveris,
1383 4674 1501 4743 ipse
1528 4671 1758 4742 juveris.

1080 4763 1146 4817 II.

555 4851 633 4904 De
660 4848 914 4904 miraculo
943 4848 1085 4905 illius
1116 4851 1203 4921 qui
1231 4851 1458 4922 seipsum
1487 4850 1694 4905 occidit.

289 4936 480 4992 Mortis
516 4935 571 4992 in
602 4938 890 4994 immanem
930 4944 984 4994 te
1025 4940 1214 4994 mersit
1244 4939 1404 5009 culpa
1435 4940 1670 5005 ruinam,

289 5024 490 5080 Christi
521 5039 670 5082 mors
699 5028 894 5093 erexit,
927 5027 1112 5083 homo.
1149 5029 1294 5084 Mors
1323 5027 1440 5083 sola
1470 5027 1716 5095 redimit,

290 5113 417 5169 Sola
446 5115 601 5170 dedit
629 5116 812 5180 vitam,
853 5116 971 5172 sola
999 5131 1174 5186 spem,
1215 5117 1334 5173 sola
1363 5117 1617 5172 salutem.

290 5202 395 5257 Sed
428 5207 488 5256 tu
530 5208 695 5258 tanta:
721 5217 872 5274 spem
912 5206 1059 5272 vitae,
1093 5205 1238 5260 bona
1269 5212 1420 5260 tanta
1448 5205 1642 5261 salutis

289 5289 525 5358 Oblitus,
559 5293 767 5362 repetis
795 5307 920 5362 quae
951 5300 1004 5349 te
1031 5298 1247 5350 traxere
1279 5294 1614 5365 trahuntque

290 5378 403 5434 Sub
441 5381 768 5450 captivantis
797 5381 1044 5437 crudelia
1069 5384 1194 5452 jura
1224 5384 1462 5454 tyranni.

290 5472 358 5524 At
381 5470 493 5538 jam
532 5483 643 5526 non
663 5471 897 5527 moritur
933 5471 1183 5527 Christus
1221 5472 1288 5527 de
1322 5478 1498 5528 morte
1528 5485 1842 5542 resurgens,

291 5558 359 5613 Et
387 5567 821 5626 sacrosanctum,
863 5563 1021 5630 cujus
1047 5561 1146 5616 tibi
1179 5573 1339 5629 pinna
1373 5559 1568 5616 salutis

3345 4486 3496 4560 [quit
3514 4495 3538 4544 ?
3567 4508 3596 4541 »

2021 4581 2126 4637 Sed
2155 4580 2286 4650 quid
2326 4579 2393 4635 ad
2425 4579 2544 4634 haec
2573 4578 2847 4647 simplex?
2876 4576 3043 4633 facies
3080 4577 3336 4644 humana,
3369 4592 3601 4634 serenus

2022 4671 2234 4736 Vultus,
2268 4674 2323 4724 et
2362 4668 2641 4738 eloquium
2672 4680 2794 4726 cum
2834 4667 3056 4723 nomine
3092 4665 3278 4722 fratris
3305 4667 3563 4734 amicum,

2021 4761 2152 4827 Qua:
2191 4759 2330 4814 bene
2356 4758 2613 4814 cordatos
2650 4756 2902 4811 homines
2931 4755 3270 4825 multumque
3302 4755 3565 4826 probatos

2022 4849 2372 4918 Exciperent,
2407 4847 2473 4902 ad
2515 4845 2851 4915 colloquium
2882 4843 3248 4900 miserabilem
3289 4849 3529 4899 mentem

2022 4937 2283 4993 Alliciunt
2320 4935 2613 4992 stolidam:
2648 4947 2758 5004 quo
2791 4934 3001 4999 tendat,
3036 4933 3247 5004 pandit.
3290 4936 3356 4988 At
3383 4932 3475 4988 ille

2024 5026 2425 5096 Subsequitur:
2467 5042 2495 5075 «
2525 5025 2700 5090 Quare
2732 5029 2941 5078 tantum
2966 5022 3049 5077 vis
3077 5021 3220 5079 ferre
3250 5022 3539 5077 laborem?
3569 5039 3597 5073 »

2027 5117 2127 5172 Hic
2164 5118 2268 5181 via,
2311 5113 2712 5183 consiliumque
2749 5112 2888 5168 viae:
2931 5143 3000 5151 —
3041 5130 3070 5162 «
3103 5111 3417 5167 discrimine
3447 5109 3600 5167 nullo

2029 5224 2058 5259 «
2088 5209 2264 5275 Atque
2294 5217 2446 5260 mora
2477 5202 2647 5270 nulla,
2687 5201 2943 5272 conquiri
2981 5214 3144 5272 posse
3176 5200 3324 5272 quod
3356 5204 3534 5270 optas.
3569 5219 3597 5252 »

2027 5297 2205 5365 thue
2236 5294 2407 5365 magis
2437 5292 2616 5362 capiat
2645 5292 2925 5358 miserum,
2957 5290 3129 5360 magis
3161 5303 3257 5346 ora
3286 5295 3527 5355 serenat,

2028 5386 2282 5454 Voceque
2313 5381 2652 5448 demulceus,
2675 5380 2752 5435 ait
2779 5401 2791 5435 :
2828 5401 2854 5430 α
2885 5379 3222 5450 Agnoscisne
3252 5378 3613 5448 loquentem?
3642 5395 3670 5429 »

2027 5475 2266 5529 Cernere
2304 5485 2363 5527 se
2387 5471 2642 5540 juvenem
2682 5469 2807 5539 quis
2834 5468 2906 5522 sit
2935 5468 3150 5524 nescire
3189 5466 3391 5523 fatetur

2028 5561 2364 5631 Simpliciter
2399 5557 2650 5628 simplex.
2684 5558 2833 5612 Tunc
2872 5555 3089 5628 inquit:
3127 5575 3155 5606 ι
3183 5554 3481 5626 Apostolus
3507 5553 3601 5611 ille
