4106 6178
491 287 625 344 1287

1622 285 1962 340 GUAIFERII
2000 279 2384 338 CASINENSIS
2420 280 2716 335 MONACHI

3728 277 3869 334 1288

484 457 512 490 α
543 441 670 495 Sum
696 451 858 508 quem
890 436 1095 507 quaeris
1126 450 1250 507 ego.
1284 453 1311 488 «
1343 435 1530 492 Credit
1578 435 1763 502 miser,
1817 440 1981 504 atque
2029 433 2529 496 re-AContentum
2572 430 2779 500 reperit
2808 430 3010 500 quibus
3039 445 3130 486 ars
3157 431 3368 486 sutoria
3397 445 3518 487 sese

1855 523 2050 594 [pente

475 619 691 674 Stratus
721 617 871 672 humi
902 614 1155 684 deposcit
1192 627 1373 683 opem,
1423 612 1805 683 scelerumque
1854 613 2120 669 levamen.

473 708 597 762 Mox
634 711 828 762 auctor
856 705 1048 760 mortis
1078 703 1270 758 mortis
1301 703 1608 773 prorumpit
1641 703 1709 758 ad
1750 708 1926 758 atrum

474 796 796 862 Consilium,
827 793 924 850 sed
949 793 1216 848 facturum
1249 792 1382 862 quid
1414 792 1667 848 consulat
1698 791 1848 847 illum

475 885 691 954 Accipit
711 889 836 938 ante
876 882 1058 938 fidem.
1091 883 1242 937 Tunc
1280 881 1360 937 sic
1390 881 1500 936 ait:
1537 897 1566 935 ι(
1599 881 1774 946 Haud,
1809 879 1914 935 nisi
1945 879 2124 936 solvas

483 994 509 1023 α
545 974 663 1042 Ipse
703 979 827 1028 tuos
863 977 1015 1026 artus
1052 971 1247 1026 animm
1279 985 1565 1041 compage,
1606 971 1835 1025 salutem

483 1080 510 1113 «
545 1063 712 1129 Quam
743 1060 919 1130 cupis,
956 1066 1214 1116 aeternam
1247 1074 1456 1128 speres.
1490 1060 1581 1115 Vis
1610 1060 1791 1115 vivere
1819 1059 1983 1114 vitam

485 1169 514 1203 «
553 1153 779 1220 Semper
808 1155 1157 1205 mansuram?
1185 1151 1347 1205 vitam
1379 1149 1479 1204 tibi
1513 1148 1644 1204 tolle
1676 1149 1958 1204 caducam.
1989 1166 2017 1199 »

481 1239 766 1296 Horrescit
793 1238 1006 1294 facinus
1043 1239 1205 1294 bruto
1236 1239 1337 1294 sub
1369 1244 1596 1309 pectore
1627 1243 1856 1302 tantum,

477 1329 675 1393 Audet,
709 1335 763 1383 et
802 1327 907 1383 hoc
937 1327 1102 1382 ﬁdei.
1131 1368 1145 1380 .
1173 1371 1184 1383 .
1214 1368 1227 1381 .
1261 1369 1274 1383 .
1315 1342 1435 1382 esse
1475 1340 1786 1397 repugnans

476 1420 670 1474 Dicere
697 1439 709 1472 :
744 1417 841 1472 sed
882 1417 1106 1473 monitis
1135 1431 1430 1487 persuasus
1459 1417 1608 1472 cedit
1639 1415 1863 1485 iniquis.

475 1508 709 1578 Flagitat
739 1521 869 1577 ergo
901 1507 1144 1573 modum,
1178 1512 1387 1562 tantum
1419 1520 1529 1576 quo
1563 1507 1770 1561 crimen
1802 1507 2012 1574 agatur.

475 1597 784 1666 Hospitium
816 1596 1014 1666 repeti,
1048 1610 1225 1663 coena,
1258 1596 1605 1652 sermonibus
1635 1609 1729 1650 ore

475 1685 781 1742 Sollicitum
809 1691 1003 1756 pectus
1042 1684 1244 1752 claudi,
1278 1685 1603 1754 cunctisque
1634 1697 1836 1753 sopore

477 1775 772 1842 Immersis,
803 1773 990 1830 fauces
1015 1773 1198 1845 gladio
1229 1775 1572 1844 penetrarier
1609 1774 1764 1838 imas,

478 1867 546 1920 Et
573 1863 780 1919 ventris
809 1863 1069 1930 medium,
1092 1868 1302 1918 tantum
1325 1871 1448 1932 post
1477 1863 1693 1929 vulnus,
1718 1861 1912 1917 eodem

479 1952 797 2010 Consulitur
825 1952 1008 2022 gladio
1039 1952 1305 2022 transfigi.
1346 1952 1551 2007 Suadet
1581 1952 1805 2021 iniquus

486 2043 640 2109 Quod
674 2042 845 2110 cupit.
887 2042 952 2107 lt,
986 2047 1187 2107 cmnat,
1220 2040 1381 2095 simul
1411 2048 1574 2109 atque
1611 2040 1848 2110 gravatis

475 2133 678 2188 Somno
718 2131 1013 2197 consociis,
1047 2131 1321 2200 immergit
1349 2136 1567 2200 gutture
1599 2129 1788 2195 telum,

474 2223 733 2290 Amputat
761 2223 816 2275 et
845 2232 1029 2286 venas,
1064 2225 1212 2274 secat
1244 2224 1299 2273 et
1338 2232 1460 2274 cum
1490 2223 1711 2288 gutture
1741 2229 1960 2282 nervos,

474 2311 588 2364 Nec
617 2321 788 2376 mora,
822 2307 1046 2378 contigit
1075 2307 1421 2377 praecordia:
1460 2306 1557 2361 sed
1588 2305 1750 2362 dolor
1774 2306 1893 2375 ipse

475 2397 732 2454 Criminis
761 2411 824 2453 ac
854 2398 1048 2453 mortis
1077 2397 1337 2452 miserum
1375 2395 1610 2452 clamare
1641 2397 1848 2467 coegit.

480 2506 506 2535 σι
538 2489 619 2542 Me
658 2487 953 2543 miserum!
998 2487 1177 2557 perii;
1226 2485 1406 2542 scelus
1453 2486 1560 2541 hoc
1608 2499 1727 2541 mea
1767 2485 1959 2540 dextra
1998 2497 2121 2554 per-

1832 2575 1994 2646 [egit.
2020 2589 2050 2629 »

474 2666 542 2723 Et
570 2666 680 2722 ruit
718 2665 1019 2722 examinis:
1063 2666 1315 2722 miseram
1347 2679 1472 2722 mox
1513 2665 1671 2721 turba
1700 2663 1943 2721 ferorum

474 2756 776 2826 Spirituum
816 2756 1041 2826 capiunt
1069 2757 1324 2823 animam,
1358 2755 1688 2825 rapiuntque
1727 2754 2084 2825 trahuntque,

473 2844 578 2899 Per
614 2859 852 2900 summas
881 2844 1050 2901 valles
1079 2846 1350 2916 agitantes
1378 2850 1541 2914 atque
1573 2858 1672 2914 per
1700 2843 1858 2900 imas.

472 2936 714 3003 Apparet
750 2934 935 2990 subito
974 2933 1186 2990 facinus
1214 2935 1308 3004 qui
1339 2939 1588 2989 suaserat
1617 2933 1814 3000 hostis,

473 3023 619 3078 Juris
648 3029 704 3078 et
733 3038 853 3079 esse
883 3024 988 3091 sui,
1031 3023 1258 3079 sceleris
1288 3023 1382 3093 qui
1422 3034 1586 3078 causa
1615 3022 1708 3089 sit,
1741 3022 1940 3092 inquit.

473 3111 720 3177 Ceditur,
752 3111 1084 3181 insequitur,
1115 3113 1287 3182 magis
1317 3112 1572 3167 omnibus
1603 3118 1760 3182 urget
1799 3118 1854 3166 et
1884 3125 2046 3167 unus.

473 3198 555 3254 Ad
584 3198 705 3254 loca
733 3199 996 3254 Romanis
1033 3200 1114 3253 sic
1144 3201 1254 3254 itur
1293 3200 1540 3269 proxima
1570 3200 1760 3255 muris.

476 3289 594 3343 Vox
620 3293 782 3344 sonat
809 3288 936 3344 hic:
974 3306 1003 3339 «
1033 3288 1205 3343 Sinite
1231 3310 1245 3355 ;
1281 3310 1307 3338 ι)
1341 3290 1528 3344 stolidi
1559 3303 1776 3344 cessere
1808 3303 2120 3358 parumper.

470 3377 576 3433 Sed
602 3382 860 3447 repetunt
887 3378 1144 3446 animam,
1167 3377 1297 3433 dum
1317 3392 1422 3435 vox
1450 3378 1596 3445 silet,
1621 3387 1785 3447 atque
1818 3384 2119 3434 coarctant.

469 3468 691 3523 Intonat
720 3467 840 3524 haec
879 3467 1070 3522 eadem
1102 3469 1362 3537 proprior
1390 3481 1566 3538 mage,
1595 3466 1971 3537 terribilisque
1999 3488 2010 3522 :

469 3554 766 3625 Diffugiunt
806 3569 997 3612 omnes
1026 3556 1223 3612 subitis
1254 3558 1562 3612 terroribus
1587 3556 1795 3623 hostes,

467 3645 580 3700 Nec
620 3645 876 3714 quatiunt
904 3645 1139 3699 animam
1163 3647 1275 3714 jam
1299 3652 1488 3701 sancta
1517 3659 1651 3701 voce
1682 3645 1936 3701 solutam.

468 3735 549 3789 En
577 3734 763 3803 specie
791 3749 922 3790 vera
954 3736 1171 3804 juvenis
1200 3734 1605 3804 pulcherrimus
1634 3741 1775 3790 astat
1801 3754 1812 3788 :

466 3824 628 3878 Novit
655 3822 947 3893 apostolici
985 3821 1212 3880 formam
1250 3824 1404 3894 quasi
1445 3825 1711 3893 praescius
1740 3824 1854 3879 oris

466 3912 741 3981 Spiritus;
784 3913 932 3968 hunc
960 3912 1232 3982 sequitur,
1275 3926 1443 3982 super
1471 3912 1641 3968 ardua
1681 3917 1826 3968 tecta
1864 3911 2084 3968 venitur

466 3999 742 4070 Principis
769 4000 1030 4056 Ecclesiae
1069 4002 1386 4071 regnantis;
1421 4003 1476 4056 in
1508 4001 1714 4056 aethere
1751 4003 1923 4057 Mater

465 4089 742 4160 Virgineis
777 4091 980 4158 stipata
1010 4089 1196 4145 choris
1224 4097 1403 4145 astare
1440 4091 1686 4146 videtur.

465 4176 979 4244 AcceditJacobus,
1012 4190 1112 4246 pro
1142 4182 1291 4232 tanta
1322 4178 1443 4232 labe
1483 4185 1758 4247 precator.

441 4266 633 4323 'Audit
669 4267 736 4322 ab
767 4251 864 4322 ore
894 4265 987 4335 pio
1012 4286 1024 4320 :
1058 4270 1274 4336 repetat
1294 4265 1399 4321 nisi
1430 4279 1630 4321 carnea
1659 4265 1918 4332 claustra,

463 4355 533 4410 Et
561 4369 684 4411 cum
715 4368 880 4410 carne
910 4353 1024 4409 luat
1053 4352 1254 4424 factum
1289 4368 1414 4410 cum
1452 4368 1616 4410 carne
1648 4359 1880 4422 reatum,

463 4446 584 4501 Non
623 4446 859 4500 animam
888 4449 1040 4499 tanto
1066 4443 1374 4500 damnatam
1404 4445 1634 4500 crimine
1664 4444 1824 4502 solvi.

461 4534 606 4604 Ergo
645 4531 937 4602 repentino
967 4533 1190 4588 rediens
1211 4534 1325 4604 jam
1356 4533 1529 4589 libera
1567 4548 1753 4602 cursu,

459 4623 634 4678 lntrat
662 4621 970 4691 apostolico
1011 4621 1234 4678 dimissa
1263 4621 1466 4678 cubilia
1505 4623 1694 4678 ductu.

459 4711 686 4778 Oscitat,
729 4709 978 4781 erigitur,
1012 4709 1276 4781 loquitur,
1316 4711 1674 4782 graditurque
1713 4710 1981 4767 cadaver:

459 4803 562 4857 Dat
590 4815 681 4857 res
710 4800 829 4871 ipsa
858 4799 1020 4856 fidem
1051 4801 1239 4868 sociis,
1272 4815 1398 4856 nam
1435 4802 1617 4858 vivere
1657 4808 1892 4857 cernunt

459 4894 630 4958 Quem
660 4891 848 4947 videre
872 4891 1049 4958 mori;
1081 4891 1178 4946 sed
1211 4889 1368 4946 testis
1396 4892 1514 4947 sola
1545 4892 1774 4947 cicatrix

458 4981 592 5037 Esse
632 4985 816 5050 potest
853 4979 996 5046 aliis,
1029 4993 1155 5049 quae
1181 4978 1407 5036 vulnere
1437 4980 1518 5036 sic
1558 4982 1612 5035 in
1645 4986 1880 5051 utroque

458 5069 735 5136 Cernitur,
767 5075 828 5124 ut
858 5067 1021 5124 talem
1050 5067 1176 5124 vitae
1208 5069 1320 5139 jam
1353 5083 1514 5125 nemo
1545 5069 1756 5125 redisse

456 5158 538 5215 Ad
569 5158 964 5230 postliminium
995 5157 1229 5213 dubitet.
1266 5159 1406 5214 Huic
1444 5158 1825 5214 Cluniacensis

458 5249 709 5305 Cmnobii
738 5249 918 5304 vicina
949 5247 1072 5304 loco
1104 5247 1227 5303 loca
1257 5262 1414 5304 sacra
1443 5246 1716 5315 feruntur,

457 5337 557 5390 Cui
590 5339 748 5394 Pater
776 5337 921 5393 haud
951 5338 1104 5407 parvi
1135 5337 1314 5392 meriti
1346 5337 1429 5392 vir
1460 5337 1723 5408 praesidet
1760 5337 1898 5407 Ugo.

458 5425 588 5480 Haec
627 5428 785 5496 petit,
818 5429 964 5483 hunc
994 5434 1115 5484 orat
1146 5427 1391 5482 habitum
1432 5426 1584 5492 dare,
1627 5432 1824 5482 cuncta
1856 5423 2106 5496 professo

455 5515 587 5581 Qua:
625 5515 731 5570 sibi
760 5517 1129 5587 contigerant.
1160 5517 1322 5572 Pater
1361 5523 1416 5572 at
1446 5516 1741 5584 discretus,
1777 5520 1832 5571 et
1860 5520 2014 5570 actus

456 5603 524 5660 Et
551 5615 734 5660 mores
769 5603 1007 5662 hominis
1026 5607 1355 5678 perquirens
1383 5607 1518 5662 artis
1547 5612 1603 5662 et
1633 5619 1783 5674 usus,

2210 523 2437 576 Foverat
2475 527 2528 575 et
2558 525 2809 584 matrem,
2849 533 3011 588 quam
3041 534 3109 575 ne
3140 520 3284 575 sinat
3314 522 3566 590 imperat.
3610 521 3750 592 Ergo

2208 609 2286 664 Ad
2316 615 2542 664 matrem
2573 609 2754 675 redit;
2787 609 2908 677 ipse
2937 609 3042 664 sibi
3076 611 3188 679 jam
3219 624 3380 665 causa
3411 609 3660 678 cavendi,

2207 698 2637 768 Exemplumque
2674 699 2794 767 spei
2829 713 3179 769 quocumque
3218 699 3449 754 crimine
3478 699 3663 769 lapsis.

2998 789 3090 843 111.

2383 878 2462 932 De
2490 879 2826 932 conversione
2850 878 3176 949 quorundam
3205 877 3679 935 Salemilanorum.

2208 966 2316 1022 Res
2345 978 2484 1021 nova
2515 981 2708 1038 magna
2737 967 2871 1022 satis
2900 968 3228 1036 perhibetur
3265 966 3406 1023 facta
3445 968 3673 1036 Salerni,

2279 1055 2444 1111 Plena
2475 1055 2582 1126 piis
2610 1055 2887 1126 lacrymis,
2921 1057 3176 1113 laudibus
3205 1064 3260 1113 et
3290 1058 3544 1113 celebris.

2209 1148 2326 1201 Una
2354 1146 2550 1202 domus
2575 1145 2844 1215 locuples,
2885 1145 3156 1214 sublimis,
3198 1147 3361 1203 docta
3392 1153 3693 1219 potensque

2277 1237 2411 1291 Tota
2441 1235 2602 1290 simul
2631 1250 2804 1292 sacra:
2836 1236 3015 1292 induit
3046 1251 3196 1292 arma
3226 1243 3391 1308 togae.

2209 1329 2338 1382 Πωο
2369 1326 2450 1380 vir
2489 1330 2543 1380 et
2569 1339 2707 1380 uxor
2736 1333 2874 1393 erat,
2906 1326 3220 1396 dilectaque
3251 1328 3484 1398 pignora
3513 1335 3743 1398 septem,

2277 1415 2527 1485 Quinque
2568 1429 2765 1482 mares,
2807 1430 2972 1471 sexus
3000 1423 3204 1471 caetera
3233 1415 3476 1472 feminei.

2205 1505 2356 1573 Quis,
2399 1506 2542 1561 bone
2581 1506 2684 1573 vir,
2726 1507 2940 1562 Domini
2974 1505 3169 1561 melius
3201 1513 3253 1561 te
3278 1509 3431 1576 jussa
3464 1507 3712 1577 peregit?

2278 1593 2372 1650 Vel
2404 1595 2527 1664 quis
2557 1594 2876 1664 adimplevit
2902 1595 2988 1650 his
3015 1596 3090 1650 ita
3119 1596 3503 1665 temporibus?

2210 1687 2466 1749 Uxorem,
2499 1683 2769 1749 sobolem,
2801 1689 3142 1754 matremque
3173 1690 3496 1755 patremque
3525 1685 3781 1755 relinqui,

2147 1771 2185 1825 Β
2276 1775 2342 1829 Ει
2379 1773 2524 1843 quod
2558 1773 2725 1829 habet
2753 1787 2855 1843 pro
2885 1788 2944 1829 se
2977 1775 3240 1844 praecepit
3277 1776 3653 1845 Omnipotens.

2215 1865 2291 1918 Tu
2332 1863 2493 1919 simul
2524 1863 2628 1918 ista
2659 1864 2869 1929 sinens,
2901 1871 3082 1919 tecum
3113 1863 3223 1920 fers
3251 1865 3437 1920 omnia
3474 1865 3710 1920 Christo.

2281 1952 2407 2008 Plus
2441 1953 2777 2024 evangelium
2809 1953 2971 2022 quam
3003 1953 3155 2023 jubet
3185 1967 3317 2024 ergo
3356 1953 3510 2009 facis.

2206 2043 2336 2109 Quae
2369 2047 2476 2097 tam
2509 2041 2670 2097 dulce
2699 2045 2811 2098 Deo
2841 2056 2989 2098 nunc
3019 2042 3180 2098 offert
3218 2042 3422 2098 femina
3460 2057 3676 2109 munus,

2277 2133 2427 2187 Uxor
2467 2131 2817 2202 magnanimi,
2854 2133 2963 2201 jam
2995 2145 3156 2187 soror
3184 2131 3304 2200 ipsa
3332 2131 3478 2187 viri?

2207 2220 2308 2288 Qui
2350 2235 2448 2275 sua
2477 2220 2571 2276 det
2600 2235 2776 2287 rarus,
2817 2220 2912 2290 qui
2933 2235 2992 2276 se
3026 2234 3199 2290 prope
3229 2220 3416 2276 nullus
3444 2219 3710 2276 habetur:

2275 2311 2352 2364 Tu
2382 2315 2495 2376 tua,
2528 2316 2696 2380 tuque
2735 2315 2880 2377 tuos,
2913 2316 3078 2380 teque
3109 2310 3262 2365 dicas
3289 2311 3540 2366 Domino.

2203 2399 2342 2466 Quid
2373 2399 2504 2454 fecit
2534 2399 2765 2469 imperio
2792 2399 2872 2454 sic
2902 2405 2954 2453 te
2987 2397 3203 2454 deferre
3241 2405 3528 2469 parentum

2276 2488 2504 2558 Egregia
2536 2487 2740 2557 proles,
2773 2501 2900 2557 spes
2929 2494 2985 2542 et
3023 2488 3204 2543 honor
3242 2488 3435 2557 patria:
3457 2494 3480 2541 ?

2205 2578 2354 2632 Amas
2382 2576 2477 2631 illa
2507 2577 2628 2642 tibi,
2671 2591 2816 2645 quae,
2858 2576 3047 2632 mundi
3078 2574 3219 2632 fessa
3254 2576 3464 2643 labore,

2276 2667 2509 2736 Cogeret
2546 2665 2602 2721 id
2634 2679 2745 2721 non
2784 2670 2887 2733 est,
2920 2680 3050 2735 spes
3077 2671 3133 2720 et
3163 2665 3344 2723 honor
3373 2666 3585 2735 patriae.

2207 2757 2317 2810 Lex
2345 2770 2409 2810 ea
2447 2770 2555 2824 qua
2583 2754 2806 2811 soboles
2834 2754 2902 2810 ad
2942 2755 3114 2824 patris
3141 2754 3280 2810 velle
3319 2754 3536 2810 dicatur

2278 2847 2417 2901 Nota
2447 2843 2548 2899 tibi
2588 2857 2698 2899 non
2729 2849 2832 2910 est,
2865 2858 2993 2913 spes
3022 2849 3078 2899 et
3106 2844 3287 2900 honor
3317 2845 3531 2912 patriae.

2208 2935 2347 2990 Huic
2377 2940 2557 2989 autem
2589 2933 2822 3002 imperio
2855 2935 2900 2988 si
2931 2933 3314 2989 contradicere
3344 2933 3534 3001 velles,

2278 3025 2350 3078 Te
2379 3022 2510 3089 sibi,
2544 3027 2597 3078 te
2630 3023 2805 3092 patria
2835 3022 3049 3094 legibus
3079 3023 3340 3092 eriperet.

2147 3090 2275 3168 CAt
2305 3113 2477 3180 patris
2507 3118 2562 3167 et
2593 3090 2780 3167 matris
2810 3090 2990 3167 minor
3020 3090 3178 3167 esset
3195 3112 3392 3182 gloria,
3424 3117 3574 3167 certe

2276 3203 2387 3256 Nec
2417 3201 2518 3256 tibi
2549 3206 2751 3270 praeter
2789 3213 2886 3256 eos
2913 3201 3112 3270 gaudia
3143 3200 3304 3270 plena
3334 3199 3533 3257 forent.

2204 3293 2317 3348 Lex
2338 3290 2432 3346 dat
2461 3295 2515 3345 et
2547 3305 2677 3345 usus
2706 3289 2871 3345 habet
2902 3291 3073 3360 patris
3103 3297 3163 3345 ut
3182 3289 3254 3344 sit
3284 3289 3427 3345 filius
3456 3290 3630 3344 haeres
3654 3309 3665 3343 :

2278 3379 2444 3433 Vobis
2471 3384 2556 3432 est
2584 3377 2783 3442 haeres,
2815 3378 3061 3447 germina
3091 3377 3257 3442 clara,
3301 3383 3476 3446 pater.

2205 3469 2538 3537 PrOpensam
2569 3465 2916 3536 celeremque
2955 3466 3128 3522 vicem
3157 3479 3441 3535 sumpsere
3475 3472 3768 3535 parentes;

2274 3557 2387 3610 Imo
2415 3554 2586 3626 magis
2625 3555 2796 3610 multo
2836 3569 2997 3623 quam
3029 3554 3286 3610 dederint
3319 3555 3562 3624 capiunt.

2201 3646 2332 3712 Qua:
2363 3644 2525 3698 datur
2553 3643 2824 3712 accipitur
2861 3643 3170 3699 certissimo
3202 3643 3384 3712 portio
3415 3657 3614 3697 rerum.

2272 3734 2405 3789 Nam
2435 3733 2541 3788 nisi
2570 3739 2807 3803 sumpta,
2839 3733 3030 3793 minus
3069 3746 3214 3788 nunc
3244 3733 3422 3788 aliena
3451 3732 3613 3788 foret.

2200 3820 2493 3877 En~rerum
2524 3823 2799 3889 dominos,
2833 3822 3150 3878 dulcissima
3184 3823 3411 3892 pignora
3433 3828 3664 3890 septem,

2271 3913 2404 3968 Cum
2435 3913 2601 3968 rebus
2629 3914 2785 3983 quasi
2813 3927 2920 3979 res,
2963 3913 3132 3969 donat
3162 3920 3394 3983 uterque
3437 3926 3653 3981 parens.

2198 4002 2320 4058 Non
2349 4002 2517 4072 igitur
2546 4003 2823 4072 quondam
2854 4003 2980 4073 plus
3009 4003 3206 4059 detulit
3239 4003 3333 4058 ille
3360 4001 3592 4073 parenti,

2270 4091 2371 4157 Qui
2403 4091 2725 4147 mactandus
2749 4091 2864 4146 abit
2903 4106 3011 4160 qua
3048 4096 3207 4148 vocat
3237 4092 3355 4160 ipse
3398 4104 3616 4160 parens.

2198 4181 2308 4236 Vos
2347 4193 2566 4250 quoque
2591 4179 2764 4249 patris
2793 4195 2947 4236 amor
2975 4180 3176 4236 Christi
3208 4179 3461 4235 mactavit
3488 4179 3555 4234 ad
3584 4191 3760 4244 aram,

2269 4270 2403 4324 Dum
2436 4269 2714 4337 perimens
2745 4269 2971 4335 mundo,
3002 4282 3100 4324 vos
3130 4269 3284 4324 dedit
3313 4269 3431 4338 ipse
3462 4269 3591 4324 Deo.

2195 4359 2239 4414 Ο
2276 4371 2430 4412 sacra
2457 4357 2636 4423 turba,
2672 4362 2846 4427 pater,
2881 4363 3182 4427 materque,
3219 4357 3488 4426 beataque
3516 4356 3720 4427 proles,

2129 4418 2179 4476 D
2270 4447 2398 4501 Haec
2432 4445 2520 4514 pia
2551 4418 2699 4512 sunt,
2733 4418 2875 4504 bona
2907 4451 3054 4514 sunt,
3072 4418 3231 4501 .fac'ta
3262 4418 3531 4501 decentia.
3554 4452 3702 4500 sunt.

2197 4533 2302 4590 Sed
2335 4535 2574 4606 gaudere
2613 4535 2762 4603 licet,
2796 4535 2925 4604 quia
2955 4537 3180 4606 praemia
3209 4535 3603 4601 retribuentur,

2267 4626 2397 4692 Quae
2428 4624 2614 4680 nullus
2643 4639 3046 4692 sensus,'mens
3067 4639 3287 4695 quoque
3321 4624 3470 4679 nulla
3509 4624 3678 4693 capit,

2197 4713 2431 4781 Prtedia,
2467 4713 2687 4781 fundus,
2729 4729 2879 4784 ager,
2913 4715 3073 4770 simul
3114 4720 3198 4770 est
3217 4715 3419 4770 omissa
3451 4712 3723 4784 supellex,

2267 4802 2452 4858 Dulcis
2481 4808 2535 4858 et
2565 4803 2799 4859 affectus
2828 4809 3048 4873 spretus
3077 4803 3354 4859 amicitiae.

2196 4892 2301 4947 Sed
2329 4892 2550 4947 dabitur
2578 4892 2797 4959 coelum,
2831 4892 3054 4948 dabitur
3092 4893 3376 4962 paradisus
3413 4897 3468 4947 et
3497 4893 3614 4962 ipse

2266 4980 2548 5047 Christus;
2595 4988 2650 5037 et
2679 4982 2954 5038 aethereus
2982 4988 3158 5038 coetus
3196 4981 3403 5037 amicus
3433 4980 3558 5036 erit.

2194 5073 2362 5138 Quam
2392 5076 2522 5126 tunc
2552 5069 2744 5126 felices
2782 5072 2938 5127 eritis
2969 5071 3194 5142 laetique
3225 5077 3505 5141 parentes,

2266 5159 2559 5216 Vobiscum
2588 5160 2811 5216 soboles
2837 5174 2959 5216 cum
2989 5175 3158 5230 super
3186 5166 3330 5215 astra
3360 5160 3508 5216 cluet
3533 5165 3545 5213 !

2193 5249 2259 5302 Et
2291 5263 2450 5318 quam
2492 5254 2623 5304 tunc
2654 5247 2786 5304 felix
2816 5249 3021 5318 poterit
3051 5249 3140 5319 pia
3171 5249 3329 5304 turba
3357 5247 3552 5314 videri,

2265 5338 2398 5392 Cum
2428 5351 2526 5393 vos
2554 5339 2698 5393 inter
2723 5351 2853 5394 oves
2884 5345 3070 5408 pascet
3091 5344 3323 5408 uterque
3355 5342 3589 5407 parens!

2189 5427 2398 5493 Quanta
2437 5426 2638 5482 ducum
2667 5428 2866 5484 vestris
2897 5426 3155 5484 inviderit
3183 5427 3267 5483 ala
3299 5425 3614 5496 triumphis,

2262 5519 2457 5573 Vestro
2487 5531 2599 5573 non
2630 5518 2805 5573 nisam
2835 5531 2893 5573 se
2934 5518 3174 5574 dolitura
3207 5517 3410 5582 modo;

2189 5607 2321 5662 Cum
2352 5613 2477 5676 post
2505 5605 2734 5664 delicias
2763 5606 3062 5678 mundique
3093 5611 3396 5678 sequantur
3423 5617 3694 5671 amorem,
