4106 6178
242 289 378 348 1289

308 416 510 483 Perpes
539 420 594 468 et
622 415 800 484 ampla
837 415 1006 469 fames
1035 422 1090 468 et
1117 414 1345 484 stygiale
1384 415 1589 471 chaos!

236 505 300 558 Et
330 516 426 558 vos
454 501 522 556 ad
563 500 761 557 calum
793 501 1085 573 tegeticula
1115 503 1289 573 nigra,
1317 503 1500 571 diata,

308 591 672 660 Libratusque
704 590 863 646 cibus
901 605 1000 660 per
1026 591 1114 659 pie
1143 597 1267 646 vota
1297 590 1498 648 ferunt.

239 681 332 735 His
370 693 592 750 quoque
633 680 884 750 perpetui
912 696 1124 738 vermes
1154 689 1447 752 pascentur
1473 687 1530 737 et
1559 681 1714 752 ignes
1755 701 1768 737 :

309 768 478 824 Vobis
517 768 798 837 angelicus
827 769 984 837 panis
1012 769 1260 826 edendus
1297 771 1424 840 erit,

237 857 334 925 Qui
375 871 594 926 semper
621 855 782 911 saliat
812 870 913 912 nec
943 856 1049 914 fert
1077 857 1314 926 fastidia,
1348 858 1514 929 plenu

307 947 474 1016 Cujus
509 945 745 1000 vivificat
775 952 971 1012 tactus,
1014 948 1155 1004 odor
1182 954 1415 1005 recreat.

237 1037 352 1090 Hoc
383 1042 442 1090 ut
472 1041 526 1089 et
564 1035 680 1104 ipse
712 1035 837 1090 cibo
870 1037 1068 1106 potiar,
1103 1039 1190 1107 pia
1229 1039 1446 1105 concio,
1479 1043 1681 1105 tecum,

305 1125 385 1180 Ad
417 1125 701 1179 Dominum
727 1126 908 1196 juges,
940 1126 1193 1193 obsecro,
1227 1126 1392 1182 funde
1425 1141 1636 1196 preces.

237 1215 301 1269 Et
332 1227 530 1283 precor
570 1219 628 1268 ut
664 1211 850 1268 fratris
888 1214 1099 1284 placeat
1139 1217 1450 1271 meminisse
1478 1216 1704 1272 Joannis

309 1304 377 1359 Ut
405 1302 554 1372 quod
587 1303 780 1358 amatis
808 1309 971 1369 amet,
1015 1305 1162 1373 quod
1193 1303 1374 1360 facitis
1404 1303 1566 1360 faciat
1600 1326 1613 1360 :

236 1395 369 1448 Nam
398 1392 516 1448 sine
546 1392 718 1462 stirpe
746 1407 864 1460 sua,
906 1407 1077 1464 prope
1118 1401 1235 1450 toto
1265 1394 1566 1464 quemlibet
1595 1395 1728 1450 orbe

307 1481 493 1538 Solum
522 1481 660 1538 velle
686 1480 792 1537 frui
831 1482 1093 1550 dedecus,
1125 1483 1268 1539 haud
1301 1484 1489 1551 decus,
1531 1490 1635 1540 est.

1013 1574 1102 1627 lV.

363 1663 430 1715 In
457 1659 613 1715 laude
639 1662 810 1715 sancti
837 1661 1124 1716 Secundini
1156 1663 1370 1731 Trojani
1397 1662 1625 1734 episcopi
1655 1660 1750 1732 (2).

238 1748 403 1804 Adsis
441 1754 555 1804 tota
585 1749 695 1803 tuis
726 1747 882 1803 festis
910 1747 1101 1804 festiva
1131 1749 1347 1817 diebus,

308 1838 487 1906 Troja,
523 1836 724 1906 quibus
760 1838 928 1892 cessit
966 1837 1134 1893 altera
1174 1840 1334 1908 Troja
1364 1839 1486 1895 tibi.

241 1926 431 1982 Plures
460 1925 552 1981 illa
592 1927 738 1982 viros
767 1933 1022 1997 terraque
1063 1930 1309 1998 marique
1341 1935 1615 1998 potentes,

307 2017 456 2082 Quos
485 2021 664 2070 tamen
705 2015 846 2070 haud
881 2018 1060 2086 potuit
1097 2031 1315 2086 semper
1344 2017 1567 2083 habere,
1611 2015 1754 2071 tulit.

241 2105 446 2160 Horum
485 2104 659 2159 sensit
688 2117 822 2173 opes
850 2104 1116 2173 vivorum,
1147 2107 1320 2161 sensit
1350 2107 1590 2163 honores
1623 2124 1636 2161 :

311 2191 592 2248 Defunctis
617 2192 781 2262 periit
819 2193 1086 2262 quidquid
1127 2194 1360 2250 honoris
1397 2201 1535 2250 erat.

239 2283 338 2346 Tu,
371 2294 507 2336 nova
537 2281 717 2350 Troja,
752 2279 921 2336 duces
959 2281 1196 2352 calique
1234 2283 1448 2351 solique
1480 2288 1755 2351 potentes,

311 2370 411 2437 Qui
442 2369 542 2425 tibi
581 2369 705 2439 plus
733 2369 967 2425 aderunt
995 2385 1119 2425 cum
1149 2371 1478 2436 moriuntur,
1520 2369 1710 2424 habes.

241 2459 319 2513 Ex
347 2458 434 2513 his
469 2471 611 2513 unus
639 2457 816 2524 adest,
851 2458 1076 2527 pr0prio
1104 2459 1198 2528 qui
1230 2472 1380 2514 more
1410 2457 1722 2513 secundans

153 2545 156 2549 ’
312 2548 539 2614 Cuncta,
571 2546 914 2602 Secundinus
944 2547 1048 2601 rite
1086 2561 1346 2603 vocamen
1374 2547 1558 2604 habet.

240 2635 414 2705 Hujus
440 2633 508 2690 ad
541 2635 816 2706 egregium
850 2649 1094 2704 prasens
1131 2637 1419 2708 accingere
1450 2635 1666 2704 festum,

313 2726 569 2795 Lataque
607 2725 918 2796 significent
948 2739 1122 2793 mens,
1153 2725 1393 2793 habitus,
1426 2725 1612 2781 facies.

239 2814 401 2870 Sume
440 2813 610 2884 lyram
646 2835 658 2869 :
694 2814 903 2869 medias
943 2815 1157 2884 placeat
1194 2815 1531 2872 contendere
1563 2821 1737 2880 uetas,

208 2949 215 2955 .
311 2902 540 2958 Carmen
573 2901 780 2958 latitia
811 2902 995 2974 lingua
1027 2918 1330 2974 manusque
1367 2910 1586 2961 sonent.

1757 292 2076 350 CARMINA.

1889 419 1941 476 Α
2026 415 2092 470 Et
2129 388 2393 484 praclara
2426 415 2502 469 tui
2535 413 2672 470 facta
2703 415 2889 473 videre
2922 417 3080 474 ducis
3114 441 3126 474 :

3467 300 3603 358 1290

1960 503 2130 558 Gallia
2155 508 2429 558 tantorum
2457 505 2757 572 spectatrix
2784 505 2903 574 ipsa
2932 507 3223 563 bonorum.

2031 593 2263 661 Ipsaque
2294 592 2570 656 materies,
2614 593 2770 647 testis
2799 600 2855 648 et
2883 594 3001 663 ipsa
3032 597 3198 652 venit.

1961 679 2237 735 Gallorum
2271 679 2544 735 celebrem
2585 681 2768 736 Sancti
2799 681 3078 738 Michaelis
3115 685 3183 740 ad
3215 684 3388 741 adem

2032 770 2268 825 Venerat
2297 775 2509 824 oratum
2541 782 2692 825 more
2722 783 2824 825 suo
2856 771 3112 840 populus.

1961 857 2004 910 E
2033 857 2234 926 quibus
2262 857 2424 912 unius
2453 863 2600 912 totos
2629 858 3008 928 circumplicat
3036 867 3187 916 artus

2033 946 2287 1014 Languor
2316 945 2596 1000 inauditus
2633 953 2689 1001 et
2717 949 2896 1017 gravis
2925 954 2981 1002 et
3019 949 3236 1006 subitus
3278 971 3290 1006 :

1961 1034 2130 1088 Omne
2161 1033 2382 1102 quidem
2423 1047 2626 1103 corpus
2663 1035 2744 1089 sic
2773 1035 2853 1090 sic
2884 1037 3178 1104 contraxit,
3221 1045 3280 1093 ut
3311 1039 3482 1094 instar

2032 1122 2295 1192 Sphara,
2330 1137 2441 1179 non
2472 1123 2731 1190 hominis,
2763 1125 3023 1181 redderet
3053 1125 3144 1182 ille
3175 1126 3390 1198 globus.

1961 1214 2152 1279 Crura,
2196 1212 2364 1282 pedes
2392 1213 2575 1268 stabili
2616 1215 2939 1286 compagine
2971 1216 3190 1272 natibus
3228 1218 3440 1274 harent
3473 1239 3485 1274 :

2034 1304 2132 1358 Vix
2162 1303 2328 1359 habet
2358 1303 2596 1360 officium
2629 1304 2815 1376 lingua
2853 1320 3153 1377 manusque
3183 1322 3360 1364 suum.

1960 1393 2172 1447 Catera
2219 1393 2461 1448 membra
2491 1401 2765 1463 premunt,
2800 1407 2900 1450 nec
2939 1397 3200 1452 omittunt
3229 1397 3332 1453 ista
3361 1396 3602 1454 dolores.

2035 1482 2224 1536 Vivere
2246 1482 2357 1551 jam
2389 1483 2594 1552 patitur
2630 1483 2726 1553 qui
2757 1485 2922 1539 toties
2951 1485 3203 1540 moritur.

1963 1571 2124 1624 Fama
2161 1571 2460 1626 Secundini
2492 1572 2603 1640 jam
2636 1572 2886 1641 pluribus
2914 1573 3098 1644 agnita
3128 1574 3312 1640 terris,

2035 1659 2226 1714 Evolat
2254 1659 2321 1714 ad
2352 1659 2534 1715 Gallos
2564 1667 2675 1715 tum
2703 1662 2809 1716 sibi
2839 1665 3149 1733 contiguos.

1895 1747 1944 1804 B
1967 1748 2087 1803 Mox
2117 1748 2411 1818 insperata
2441 1764 2569 1818 spes
2597 1751 2832 1805 sumitur
2861 1752 3038 1821 ampla
3068 1753 3319 1820 medela,

2035 1838 2288 1908 Languor
2327 1843 2381 1892 et
2402 1843 2461 1892 ut
2492 1837 2621 1907 pelli
2655 1840 2850 1907 possit,
2882 1839 3078 1895 odesse
3117 1841 3284 1896 salus.

1963 1926 2106 1995 Ergo
2137 1925 2434 1980 Secundini
2465 1927 2830 1981 venerandam
2860 1925 3035 1983 fertur
3062 1929 3130 1983 ad
3161 1929 3355 1997 adem,

2035 2015 2202 2083 Cujus
2231 2028 2352 2070 eum
2386 2028 2653 2085 nusquam
2685 2014 2829 2071 ferre
2860 2017 3030 2086 pedes
3059 2023 3336 2088 poterant.

1964 2102 2241 2171 Psallitur,
2275 2110 2483 2170 oratur,
2518 2104 2869 2174 lacrymatur,
2902 2113 3027 2161 vota
3059 2113 3368 2174 moventur,

2033 2192 2255 2246 Munera
2293 2191 2641 2260 spondentur
2673 2213 2685 2248 :
2720 2193 2780 2246 fit
2809 2194 2920 2248 cito
2960 2195 3109 2263 quod
3149 2196 3377 2264 petitur.

1962 2280 2061 2346 Qui
2091 2280 2254 2334 simul
2304 2280 2574 2348 ulnarum,
2619 2295 2894 2349 manuum,
2937 2297 3267 2354 crurumque
3298 2284 3608 2355 pedumque

2034 2368 2283 2423 Perdidit
2311 2367 2574 2435 officium,
2617 2370 2850 2440 suscipit
2881 2383 3042 2427 omne
3072 2373 3256 2428 simul.

1961 2458 2076 2511 Jam
2107 2457 2380 2527 graditur,
2421 2457 2690 2526 loquitur,
2723 2465 3008 2529 vegetatur
3036 2475 3271 2531 corpore
3303 2468 3421 2519 toto

2035 2547 2280 2616 Corpore
2309 2547 2404 2616 qui
2436 2554 2553 2602 toto
2584 2561 2724 2617 pene
2762 2548 2976 2604 solutus
3005 2558 3141 2606 erat.

1963 2635 2131 2701 Quem
2171 2636 2284 2690 voti
2324 2649 2570 2705 prasens
2597 2636 2774 2692 morbi
2805 2635 2935 2693 facit
2973 2653 3093 2695 esse
3131 2653 3384 2696 recessus

2036 2724 2170 2778 Dum
2193 2737 2368 2780 novus
2389 2731 2491 2789 est,
2517 2739 2848 2794 memorem;
2872 2741 2995 2782 cum
3015 2734 3193 2796 vetus,
3216 2730 3607 2787 immemorem.

1965 2811 2044 2867 Ad
2084 2813 2315 2882 patriam
2355 2813 2524 2883 lapsis
2551 2814 2763 2884 aliquot
2792 2823 2949 2884 parat
2977 2817 3059 2872 ire
3089 2817 3306 2886 diebus,

2037 2901 2138 2968 Qui
2168 2901 2318 2957 novit
2349 2915 2614 2971 nusquam
2644 2902 2692 2958 si
2721 2901 2864 2959 foret
2903 2904 3216 2962 incolumis.

241 2990 310 3044 Ut
357 2990 522 3059 colat,
577 2990 724 3047 hunc
785 2999 844 3048 ut
897 2999 1042 3049 amet
1105 2995 1269 3050 nimis
1325 2995 1458 3050 urbs
1513 2991 1676 3049 nimis
1731 2992 1886 3048 urbis
1969 2991 2088 3045 Non
2122 2990 2342 3060 impune
2375 2997 2594 3058 tamen;
2639 3005 2762 3046 nam
2794 3001 2920 3049 mox
2949 2994 3187 3050 intratur
3214 2995 3268 3050 in
3292 2994 3504 3062 urbem,

1558 3081 1880 3156 [amantem,
1904 3078 1951 3141 α
2039 3081 2206 3135 Pana
2237 3080 2421 3149 priore
2452 3081 2615 3135 nimis
2653 3081 2902 3150 asperior
2931 3083 3114 3139 rediit.

311 3162 627 3236 Condecet;
661 3170 868 3226 indicio
901 3171 954 3226 id
985 3173 1133 3242 quod
1165 3187 1347 3228 amere
1377 3180 1461 3228 sat
1491 3176 1592 3227 est.

240 3257 464 3327 Ignotus
497 3258 690 3326 jacuit,
733 3273 854 3314 cum
898 3267 957 3315 tu
988 3261 1267 3316 destructa
1292 3264 1549 3331 jaceres;

309 3345 579 3401 Manibus
607 3353 668 3402 ut
696 3349 896 3418 surgis,
929 3349 1105 3419 surgit
1143 3356 1198 3406 et
1229 3350 1346 3419 ipse
1377 3349 1500 3404 tibi.

244 3433 512 3489 Plurimus
543 3441 597 3490 et
627 3434 858 3505 pulcher
887 3436 1027 3508 lapis
1064 3451 1095 3492 a
1125 3436 1336 3493 fossore
1366 3443 1618 3507 repertus

312 3522 545 3579 Pulchra
575 3524 723 3595 quod
755 3525 1034 3580 exstiteris
1071 3533 1127 3581 et
1163 3528 1402 3596 spatiosa
1444 3525 1634 3581 refert.

244 3610 347 3666 Sed
371 3625 528 3668 sacer
564 3612 768 3669 inventi
810 3613 1100 3670 thesaurus
1129 3616 1400 3684 corporis,
1434 3617 1582 3670 omni

315 3699 668 3770 Splendidior
705 3702 908 3772 lapide,
940 3705 1018 3758 sis
1047 3717 1199 3774 mage
1228 3703 1454 3774 pulchra
1493 3702 1641 3758 facit.

245 3788 424 3860 Pange
455 3790 600 3860 quod
635 3791 907 3848 exhibitas
937 3793 1063 3848 dum
1096 3793 1298 3863 prasul
1331 3793 1583 3863 prasulis
1611 3792 1746 3849 odas
1768 3791 1883 3862 (sic)

315 3877 498 3946 Ridet,
533 3878 590 3934 in
629 3885 931 3936 extremum
965 3882 1007 3937 it
1046 3895 1218 3952 prope
1247 3881 1598 3952 supplicium.

244 3967 526 4037 Supplicat
557 3983 708 4036 ecce,
749 3978 906 4042 rogat
934 3971 1099 4027 modo
1129 3972 1223 4042 qui
1254 3971 1544 4038 destruxit,
1586 3975 1641 4026 et
1670 3976 1811 4036 orat,

313 4056 556 4127 Cumque
587 4057 799 4115 doloris
826 4061 981 4116 abest
1011 4075 1193 4128 causa,
1235 4060 1429 4117 dolore
1468 4065 1639 4116 caret.

244 4144 333 4201 Sic
363 4159 520 4202 sacer
547 4145 743 4204 irrisus
772 4151 951 4219 punit,
987 4152 1139 4220 juvat
1167 4157 1331 4219 atque
1363 4156 1606 4221 rogatus,

315 4235 403 4291 Sic
435 4236 637 4292 renitet
663 4239 858 4305 virtus,
890 4239 971 4295 sic
1002 4239 1223 4309 pietatis
1250 4252 1412 4310 opus.

242 4322 513 4380 Credulus
542 4339 676 4397 ergo
705 4327 866 4384 ﬁdem
899 4329 986 4384 cui
1018 4329 1220 4385 restitit
1258 4327 1514 4399 exprimit
1543 4327 1688 4383 idem

314 4413 542 4481 Prasul,
584 4414 849 4486 reliquias
878 4417 1005 4474 dum
1035 4418 1234 4488 probat
1259 4417 1384 4488 igne
1413 4431 1618 4472 sacras.

244 4501 550 4572 Relliquias
578 4505 750 4560 ambit
781 4521 882 4562 nec
912 4506 1078 4562 habet
1106 4507 1210 4562 vim
1243 4499 1454 4561 ﬂamma
1484 4503 1784 4561 cremandi.

317 4591 406 4647 Sic
446 4592 618 4648 illasa
647 4593 793 4650 foras
823 4610 947 4651 ossa
976 4601 1214 4652 cremata
1251 4594 1456 4651 volant.

245 4680 464 4736 Summa
503 4681 776 4753 refrigerii
807 4685 1012 4740 residet
1041 4685 1183 4751 loca,
1216 4687 1374 4755 cujus
1403 4697 1466 4740 os
1497 4683 1639 4754 ignis

318 4769 490 4825 Urere
529 4783 633 4826 nec
665 4773 866 4841 potuit,
899 4786 1002 4829 nec
1032 4774 1270 4830 retinere
1309 4773 1422 4828 diu.

243 4856 490 4914 Collocet
529 4872 660 4930 ergo
711 4875 866 4916 sacra
904 4876 1058 4918 sacra
1097 4863 1339 4918 membra
1370 4859 1569 4932 prasul
1609 4859 1665 4915 in
1703 4872 1816 4926 ara,

318 4947 529 5017 Detque
567 4948 882 5007 Secundino
913 4965 1023 5008 non
1063 4951 1242 5008 aliena
1279 4964 1400 5007 suo.

246 5034 476 5104 Laudat,
517 5035 775 5107 honorat,
816 5047 982 5107 amat,
1025 5048 1336 5107 veneratur,
1368 5038 1663 5110 supplicat,
1714 5042 1834 5093 orat
1876 5056 1888 5090 :

320 5123 452 5180 Hac
489 5139 588 5181 sua
616 5134 747 5184 sunt
775 5130 1031 5200 equidem
1064 5151 1077 5186 :
1115 5131 1263 5197 urbs,
1296 5128 1464 5185 facias
1500 5128 1711 5184 eadem.

247 5210 461 5276 Plures,
492 5213 674 5285 Troja,
706 5217 856 5274 vales
884 5218 1048 5290 hujus
1075 5233 1363 5275 numerare
1392 5215 1721 5286 triumphos,

318 5301 425 5358 Sed
457 5304 594 5360 satis
618 5304 724 5362 hoc
753 5305 932 5364 laudis
959 5314 1218 5380 suppetet
1240 5306 1308 5364 ad
1347 5305 1622 5363 cumulum

247 5389 369 5446 Non
399 5397 484 5448 sat
515 5401 634 5450 erat
665 5395 875 5454 Latium
906 5397 1167 5454 virtutum
1199 5396 1423 5469 pramia
1456 5401 1627 5452 totum

1974 3169 2028 3224 Si
2065 3169 2294 3238 patriam
2325 3175 2560 3238 peteret,
2590 3184 2836 3240 gressum
2865 3171 3114 3228 valitudo
3147 3174 3418 3244 negabat;

2046 3258 2102 3312 Si
2131 3257 2343 3327 Trojam
2376 3256 2562 3324 vellet,
2596 3271 2694 3328 pes
2721 3258 2828 3314 sibi
2858 3258 3000 3315 liber
3038 3266 3156 3316 erat

1966 3347 2110 3418 Ergo
2141 3347 2276 3402 libet
2304 3347 2519 3416 Trojam
2559 3361 2805 3403 remeare
2845 3348 3020 3403 salute
3052 3356 3294 3418 recepta,

2038 3438 2216 3505 Seque
2246 3435 2558 3490 Secundino
2589 3435 2793 3491 dedere
2823 3437 3069 3492 servitio.

1966 3525 2298 3594 Obsequium
2340 3525 2598 3580 reducem
2628 3525 2831 3580 solidat
2868 3525 3186 3596 stabilitque
3225 3525 3478 3592 salutem,

2039 3613 2106 3668 Et
2135 3613 2368 3683 repetita
2399 3613 2547 3669 salus
2577 3615 2803 3670 roborat
2841 3614 3191 3684 obsequium,

1967 3702 2049 3757 Sit
2076 3703 2210 3756 satis
2236 3701 2302 3756 ad
2346 3701 2561 3758 laudem
2593 3703 2731 3758 tanti
2770 3704 2948 3759 Patris
2985 3705 3090 3759 ista
3120 3702 3334 3772 tulisse,

2038 3792 2098 3846 In
2129 3790 2330 3861 quibus
2359 3791 2596 3861 aspicias
2624 3805 2748 3862 qua
2787 3790 2993 3847 fuerint
3022 3793 3235 3848 merita.

1968 3882 2127 3936 Certe
2158 3894 2267 3936 non
2298 3881 2494 3950 pietas,
2529 3881 2796 3950 probitas,
2832 3895 2942 3937 non
2974 3881 3066 3937 illa
3096 3882 3349 3938 voluntas

2039 3970 2247 4040 Cuique
2285 3984 2442 4025 suum
2477 3971 2745 4037 tribuens,
2781 3984 2892 4026 non
2931 3985 3084 4027 amor
3113 3971 3206 4027 ille
3245 3970 3467 4042 duplex,

1967 4061 2126 4115 Certe
2157 4072 2268 4114 non
2307 4060 2563 4130 gravitas,
2597 4073 2707 4116 non
2747 4059 2986 4130 denique
3027 4066 3227 4116 caetera
3263 4061 3438 4116 virtus

2041 4149 2214 4218 Hujus
2241 4149 2310 4203 ab
2348 4147 2591 4218 hospitio
2632 4148 2830 4203 mentis
2861 4149 3041 4204 abisse
3072 4154 3274 4219 potest,

1969 4238 2136 4304 Quem
2167 4238 2247 4292 sic
2267 4237 2526 4292 virtutum
2557 4238 2673 4292 Rex
2702 4237 3041 4308 largitorque
3073 4237 3342 4293 bonorum

2040 4324 2280 4379 Auditet
2311 4324 2552 4389 exaudit,
2585 4323 2877 4394 glorificat,
2911 4325 3156 4379 decorat.

1896 4403 1948 4462 D
1970 4415 2203 4483 Respice
2227 4415 2338 4482 jam
2372 4413 2539 4478 cives,
2572 4412 2734 4466 Pater
2757 4412 2986 4480 optime,
3020 4412 3235 4481 respice
3265 4411 3536 4477 alumnos,

2040 4502 2273 4570 Respice
2305 4513 2612 4570 pracones,
2655 4512 2838 4568 praco
2867 4512 3126 4568 superne,
3159 4505 3304 4555 tuos.

1970 4589 2024 4644 Si
2064 4595 2155 4644 tua
2195 4590 2460 4659 suscipiat
2486 4587 2740 4658 suffragia
2780 4601 2890 4643 non
2923 4594 3014 4642 tua
3053 4587 3237 4655 tellus,

2040 4680 2137 4734 Jus
2173 4678 2266 4733 dat
2297 4685 2358 4734 ut
2396 4678 2515 4734 hac
2555 4676 2720 4732 tellus
2748 4676 2874 4746 plus
2909 4683 3002 4732 tua
3039 4677 3324 4746 suscipiat.

1972 4769 2104 4823 Cum
2143 4767 2360 4822 noviter
2398 4772 2560 4821 notos
2588 4764 2781 4819 morbo
2812 4763 3045 4820 faciente
3085 4778 3370 4834 procures,

2045 4857 2184 4912 Cura
2215 4855 2444 4912 devotos
2467 4860 2663 4924 sponte
2696 4851 2901 4923 diuque
2931 4858 3077 4909 tuos.

1977 4946 2060 5000 Fit
2089 4958 2210 5001 cum
2250 4949 2474 4999 sanatur
2501 4943 2715 4998 sananti
2747 4942 2966 4998 debitor
3001 4956 3148 5013 ager
3189 4962 3201 4997 :

2048 5036 2236 5090 Praco
2275 5046 2435 5103 quem
2468 5032 2671 5087 cecinit
2699 5031 2946 5088 creditor
2974 5046 3094 5088 esse
3120 5035 3322 5102 potest.

1977 5125 2119 5196 Ergo
2151 5122 2314 5178 modo
2345 5122 2582 5192 quodam
2622 5121 2804 5177 meriti
2833 5121 3126 5177 subeamus
3155 5119 3359 5176 alumni

2044 5211 2200 5280 Quod
2231 5209 2367 5266 nihil
2397 5210 2653 5265 immeriti
2684 5223 2829 5266 nunc
2859 5209 3078 5266 subiere
3110 5208 3296 5264 rudes.

1978 5300 2240 5372 Corporis
2267 5305 2324 5355 et
2352 5297 2538 5354 cordis
2568 5297 2708 5353 mala
2747 5298 2990 5364 destrue,
3023 5298 3156 5353 siste
3186 5295 3438 5362 salutem,

2048 5391 2182 5446 Pars
2210 5393 2366 5444 vacet
2395 5393 2456 5444 ut
2494 5401 2771 5456 nunquam
2810 5393 3040 5458 utraque
3065 5384 3225 5442 laude
3256 5391 3367 5440 tua.

323 5527 391 5598 (2)
423 5530 659 5590 Carmen
690 5534 758 5592 de
788 5538 844 5594 S.
877 5538 1188 5594 Secundino
1214 5539 1325 5607 jam
1356 5534 1607 5592 ediderat
1635 5529 1850 5602 Ughelll
1881 5529 2051 5587 italia
2083 5543 2256 5586 sacra
2287 5534 2420 5585 tom.
2462 5529 2507 5593 Ι,
2539 5526 2649 5583 col.
2688 5525 2843 5581 1341.

468 5629 702 5688 Parnm.
745 5636 965 5691 CXLVII
978 5676 993 5692 .

3374 5619 3438 5671 41
