4106 6178
497 283 627 337 1291
1488 320 1493 325 .
1613 265 1951 322 GUAIFERII
1990 263 2375 319 CASINENSIS
2412 263 2708 319 MONACHI
2874 304 2881 307 .
3740 264 3881 319 1292

1279 398 1336 451 V.
2146 389 2198 448 Α
2217 387 2551 444 Pravalidus
2574 386 2771 443 fortem
2799 399 2982 442 sermo
3021 386 3213 457 procul
3246 385 3447 458 eh‘ugat
3478 389 3724 454 hostem,

793 512 1030 580 Hymnus
1067 506 1133 561 de
1167 508 1349 560 εαησιο
1388 498 1686 558 Secundino
1729 496 1814 567 (3),
2217 569 2251 580 Λ
2282 476 2530 580 Ellebori
2558 475 2745 580 clades
2782 476 2834 531 vi
2865 477 3049 579 precis
3077 477 3259 580 omnis
3288 477 3463 580 abest.

737 566 975 679 Christe.
1016 616 1133 669 Rex
1169 623 1378 680 regum.
1421 607 1659 678 ρι-ειίιιπι
1697 604 1935 678 piorum.
2212 566 3496 680 Qus:faxitait?Ifrfif‘e3_?a'zi"§fag3:

738 657 975 769 ἓὲὲὶῑέιῗ
999 657 1812 772 ἑίιῖῖιίέιῖέίέὺίῖιέίὲῐέίίιεέ⁷⁷
2215 657 2572 772 ..ηἳιξξῗεξξιξ
2595 657 2926 772 affair
2950 658 3623 772 Effiff"f.3f‘31‘ﬁ‘i‘fi‘fi

742 746 1777 852 θέξξηῌιίεζέᾶξῶξε,
2214 746 2442 800 Maxima
2471 752 2558 802 ter
2594 746 2912 801 barathrum
2950 748 3127 801 virtus
3171 747 3410 801 evicerat
3445 754 3649 812 atrum,

956 827 1449 935 QQ'Qgcjgﬁf”
1485 827 1777 850 wwww'
2285 835 2619 890 Criminibus
2657 850 2880 905 pressos
2906 837 3138 891 suscitat
3165 842 3331 906 atque
3370 849 3517 891 reos.

740 975 912 1044 Hujus
939 971 1211 1040 insignem
1240 965 1624 1034 celebremque
1661 963 1845 1018 vitam.
2216 925 2788 1044 Βυεξξᾞξξδηέξξιξη
2805 925 3356 1044 Τιῇἷῗεὲξξξλςξθὲῗ
3376 932 3631 1044 utnsaiea
3673 925 3873 987 moles,

740 1013 823 1029 ....
851 1013 912 1027 ..υ
939 1013 1211 1040 ...ωυηωη
1242 1013 1620 1034 unum,“

736 1013 965 1120 Nobiles
993 1072 1196 1125 mores,
1227 1061 1442 1111 veteres
1470 1052 1779 1123 triumphos

2287 1015 2398 1068 Nec
2428 1013 2534 1068 nisi
2566 1014 2789 1083 quando
2814 1013 2966 1070 voles
2995 1014 3246 1084 quolibet
3275 1016 3357 1069 ire
3388 1020 3592 1085 potest.

2225 1102 2287 1125 ν,
2320 1102 2586 1125 -..μηηη
2650 1116 2798 1125 -..-_.
2832 1103 2993 1125 κεη---
3032 1104 3296 1125 -.--.--,-
3340 1105 3552 1125 ---ευ-

2216 1102 2289 1156 Te
2318 1102 2611 1166 subeunte,
2648 1116 2801 1158 suam
2832 1103 2996 1172 pinus
3032 1104 3302 1159 vertendo
3340 1105 3577 1168 ruinam,

2287 1191 2348 1245 In
2378 1205 2486 1260 qua
2516 1198 2669 1259 parte
2692 1191 2795 1247 fuit
2822 1205 2933 1247 non
2966 1194 3198 1259 ruitura,
3239 1193 3367 1248 ruit.

2218 1282 2380 1351 ignea
2417 1280 2500 1335 vis
2525 1279 2745 1351 refugit,
2778 1281 2909 1337 dum
2938 1282 3170 1337 ﬂammis
3199 1282 3393 1338 obvius
3422 1281 3576 1347 exis;

2287 1368 2458 1424 Ardet
2489 1375 2545 1424 et
2573 1369 2660 1424 his
2688 1370 2844 1436 solis,
2878 1377 2963 1426 est
2999 1370 3093 1426 ubi
3117 1372 3291 1440 jussa,
3328 1371 3487 1426 locis.

2220 1456 2385 1511 Plebe
2414 1456 2730 1525 reluctanti,
2758 1458 3078 1515 coelestibus
3105 1459 3320 1515 obsitus
3347 1460 3514 1514 armis

2291 1546 2619 1602 Damonica
2648 1553 2823 1603 totum
2862 1548 3038 1603 diruis
3072 1547 3209 1604 adis
3238 1561 3398 1617 opus.

2222 1635 2296 1689 Te
2334 1648 2557 1704 quoque
2589 1634 2718 1691 dum
2755 1635 2940 1707 gladio
2972 1637 3110 1705 petit
3138 1649 3280 1691 unus
3309 1641 3364 1691 et
3391 1635 3534 1691 alter
3569 1634 3790 1705 iniquo,

2156 1699 2204 1757 Β
2294 1699 2392 1779 Ille
2422 1699 2552 1791 ι-ιίίι,
2583 1699 2823 1795 ςιεάίιιῖη
2855 1699 3039 1795 perdit
3065 1725 3157 1781 hic
3187 1740 3216 1781 e
3248 1726 3516 1780 manibus.

2218 1814 2361 1879 Quot
2391 1828 2557 1883 prece
2586 1813 2687 1869 das
2723 1813 2902 1870 salvos
2932 1814 3140 1870 morbis
3177 1821 3233 1870 et
3281 1814 3532 1870 damone
3561 1814 3799 1883 captos!

737 1154 870 1208 Mira
907 1151 1169 1206 virtutum
1200 1146 1415 1201 uoviter
1443 1156 1661 1199 suarum

956 1237 1176 1294 Prodita
1216 1234 1463 1305 pandunt

737 1316 895 1387 Falsa
925 1328 1250 1384 frementem
1283 1322 1467 1394 jaculo
1498 1320 1710 1377 doloris

740 1418 985 1475 Percutit
1013 1429 1167 1481 vero,
1193 1413 1343 1468 videt
1371 1411 1463 1465 hic
1493 1413 1724 1472 reatum,

742 1509 978 1565 Paenitet
1015 1504 1149 1560 dicti
1175 1525 1190 1571 ;
1218 1516 1317 1557 sua
1345 1499 1702 1569 panitentem

958 1597 1126 1650 Pana
1163 1590 1448 1659 relinquit.

742 1689 909 1758 Cujus
946 1684 1227 1740 oblectant
1255 1680 1490 1735 animam
1523 1682 1743 1746 tepores

748 1778 899 1832 Veris
928 1773 1142 1838 aterni,
1183 1768 1331 1825 fovet
1368 1774 1424 1823 et
1453 1765 1657 1836 quietis

740 1871 885 1921 Aura
907 1862 1170 1926 caelestis,
1203 1857 1397 1927 nequit
1423 1856 1589 1924 hujus
1612 1859 1764 1908 artus

956 1951 1195 2005 Flamma
1224 1959 1447 2001 nocere.

742 2041 1007 2099 Omnibus
1035 2034 1296 2093 membris
1328 2046 1467 2103 pene
1498 2031 1786 2095 destituto,

742 2136 909 2199 Quem
942 2141 1101 2184 suum
1134 2131 1344 2180 tantum
1376 2124 1596 2191 poterat
1626 2117 1767 2174 tueri

741 2224 859 2289 Jus,
893 2230 1088 2289 preces
1115 2211 1353 2268 fundens
1384 2208 1620 2265 celerem
1652 2204 1895 2262 refundit

958 2306 1167 2375 Lingua
1203 2301 1454 2357 salutem.

748 2394 978 2453 Prasuli
1008 2398 1161 2449 tanto
1198 2402 1430 2447 vacuare
1469 2386 1612 2441 facta

752 2489 885 2542 Vota
916 2488 1219 2538 tentantem
1250 2476 1506 2533 valetudo
1537 2473 1712 2530 nectit

751 2574 999 2644 Sospites
1026 2582 1248 2641 gressus
1282 2565 1472 2621 eadem
1505 2563 1718 2635 paranti

963 2659 1185 2715 Solvere
1215 2655 1396 2711 solvit.

752 2749 1006 2808 Fimbriis
1045 2746 1205 2818 palla
1236 2741 1552 2800 decorantis
1589 2754 1738 2796 aram

748 2844 954 2898 Cereus
982 2837 1178 2894 mistus
1206 2834 1428 2905 penitus
1457 2836 1769 2893 crematur;

750 2928 1004 2985 Fimbria
1042 2938 1171 2981 vero
1202 2922 1340 2979 nihil
1368 2919 1606 2978 ustionis

2290 1902 2593 1971 Leprosum
2621 1909 2818 1958 curant
2845 1902 3032 1958 oscula
3063 1902 3180 1959 sola
3219 1908 3331 1958 tua.

2222 1990 2544 2045 Innumeros
2573 1989 2731 2059 pellit
2754 1990 3050 2061 languores
3079 1991 3294 2046 ﬂmbria
3316 1990 3485 2046 vestis
3524 2009 3538 2044 :

2294 2078 2499 2133 Febres
2536 2077 2727 2134 charta
2755 2077 2908 2149 fugat
2937 2086 3066 2134 sunt
3096 2079 3189 2134 ubi
3219 2080 3426 2148 scripta
3455 2086 3569 2133 tua.

2225 2167 2284 2220 In
2324 2165 2551 2221 nimium
2581 2166 2719 2222 diris
2748 2165 3062 2223 confractus
3101 2166 3345 2222 membra
3388 2166 3584 2231 ruinis,

2295 2254 2470 2310 lllitus
2492 2262 2773 2326 unguento
2805 2269 3001 2326 sospes
3028 2270 3088 2312 es
3116 2255 3387 2326 angelico.

2228 2343 2409 2398 Uteris
2437 2344 2721 2414 angelicis,
2750 2344 3034 2400 hominum
3063 2343 3363 2414 parcendo,
3396 2342 3654 2413 loquelis,

2296 2432 2551 2491 Vultibus
2575 2434 2834 2490 athereis
2861 2448 2928 2489 ac
2955 2434 3057 2489 tibi
3084 2434 3425 2504 conspicuis.

2225 2522 2379 2590 Quod
2412 2521 2543 2578 facit
2571 2523 2774 2579 invitus
2802 2523 2978 2579 hostis
3009 2523 3110 2579 tibi
3139 2523 3327 2592 prodit
3356 2523 3582 2593 iniquus
3611 2543 3624 2576 :

2296 2612 2417 2667 Non
2447 2619 2501 2667 te
2524 2609 2667 2667 facta
2706 2611 2897 2680 latent,
2930 2627 3079 2683 sape
3100 2611 3281 2667 futura
3315 2619 3520 2681 patent.

2226 2702 2360 2757 Cum
2391 2699 2629 2755 trahitur
2657 2701 2858 2756 tunica
2897 2701 2999 2756 tibi
3017 2699 3193 2756 forma
3222 2700 3457 2756 videnda
3486 2698 3694 2771 fugosa
3738 2701 3866 2766 (sic).

2299 2791 2421 2845 Mox
2449 2789 2727 2845 evanescit
2759 2810 2772 2844 :
2805 2804 2895 2844 ars
2923 2788 3177 2845 simulata
3208 2790 3371 2858 perit.

2228 2880 2512 2948 Purpureo
2551 2878 2826 2934 Christum
2864 2879 3129 2935 mentitur
3156 2885 3217 2934 ut
3244 2878 3421 2933 hostis
3445 2879 3671 2942 amictu,

2299 2969 2494 3034 Notus,
2528 2974 2588 3023 ut
2619 2967 2831 3035 umbra,
2864 2968 2975 3023 tuis
3002 2967 3207 3023 labitur
3234 2981 3302 3023 ex
3331 2966 3529 3023 oculis.

2231 3058 2421 3127 Magna
2449 3055 2775 3112 sacramenti
2805 3057 2934 3113 dum
2961 3063 3165 3112 tractas
3201 3055 3347 3112 dona
3376 3055 3622 3126 superni,

2299 3147 2492 3201 Divino
2522 3146 2807 3216 proprium
2836 3147 3036 3201 emicat
3068 3145 3196 3216 igne
3226 3152 3409 3214 caput.

2233 3238 2365 3290 Dum
2397 3249 2556 3291 sacer
2585 3248 2853 3305 expansas
2882 3233 3132 3290 sustollis
3159 3233 3228 3288 ad
3260 3234 3464 3289 athera
3493 3232 3718 3303 palmas,

2302 3327 2616 3381 Cernuntur
2643 3322 2874 3394 gemmis
2900 3322 3126 3377 brachia
3155 3323 3301 3378 nuda
3332 3322 3463 3393 tegi.

2234 3415 2390 3470 Hunc
2421 3413 2521 3468 tibi
2549 3413 2809 3468 virtutum
2849 3411 3125 3467 cumulum
3166 3411 3270 3467 fert
3307 3410 3467 3481 copia
3496 3424 3727 3477 morum,

2304 3504 2452 3570 Quos
2479 3502 2655 3571 liquet
2683 3502 2978 3556 humanum
3008 3501 3350 3556 transiluisse
3379 3500 3623 3556 modum.

2236 3591 2390 3647 Unde
2421 3601 2600 3661 p0tes,
2640 3590 2901 3657 moriens,
2926 3602 3100 3659 prOpe
3129 3589 3317 3645 dicere
3354 3587 3506 3644 solus
3533 3589 3591 3643 in
3619 3588 3873 3644 hostem:

2312 3700 2338 3729 α
2376 3681 2437 3735 In
2467 3693 2553 3735 me
2583 3678 2857 3735 funestum
2893 3678 2968 3733 nil
3007 3679 3254 3748 reperire
3280 3678 3447 3733 vales.
3490 3696 3518 3729 »

2236 3771 2309 3825 Te
2330 3770 2479 3825 canit
2508 3768 2563 3824 in
2594 3766 2770 3836 calis,
2794 3767 2864 3823 de
2890 3780 3127 3838 corpore
3156 3767 3376 3837 quando
3406 3766 3644 3832 recedis,

2307 3860 2627 3914 Sanctorum
2660 3871 2921 3913 numerus
2952 3857 3342 3928 angelicusque
3367 3854 3591 3912 chorus.

2236 3947 2405 4004 Obvia
2433 3953 2550 4003 tota
2578 3947 2727 4002 venit
2757 3945 3000 4002 calestis
3028 3945 3180 4001 curia
3210 3945 3394 4016 Regis,

2310 4038 2377 4091 Et
2404 4036 2566 4091 datur
2595 4035 2713 4104 ipse
2753 4036 2914 4100 Deus,
2947 4033 3125 4104 palma
3172 4034 3395 4099 decora,
3427 4033 3620 4089 decus.

964 3015 1378 3086 Perpetiuntur.

752 3106 1025 3178 Splendor
1053 3110 1314 3169 aternus,
1339 3099 1510 3156 decus
1539 3104 1595 3154 et
1623 3094 1934 3166 triumphus

754 3198 886 3251 Cum
916 3199 1196 3249 coaterno
1234 3190 1334 3245 tibi
1366 3190 1435 3244 sit
1466 3190 1721 3254 Parente,

754 3288 930 3354 Atque
961 3294 1085 3337 cum
1123 3293 1279 3335 sacro
1311 3277 1536 3348 pariter,
1568 3287 1826 3345 superna,

970 3368 1234 3435 Flamine,
1274 3366 1484 3422 Proles.

510 3485 556 3539 ιγ
587 3467 726 3522 Ecce
755 3459 1120 3525 Secundinus,
1163 3456 1375 3512 calesti
1405 3453 1536 3510 sede
1577 3453 1802 3523 potitus,

581 3554 797 3612 Transit
833 3551 903 3607 ab
932 3551 1035 3605 hac
1063 3548 1195 3615 vita,
1226 3560 1354 3603 vere
1393 3544 1573 3600 bonus
1610 3541 1875 3597 Israelita.

584 3646 739 3702 Nunc
785 3624 990 3697 chorus
1035 3634 1272 3694 exsultet
1326 3632 1657 3705 psalmisque
1704 3635 1967 3700 sequatur
2013 3643 2154 3684 eun-

583 3732 820 3799 Transit,
853 3734 961 3786 etc.
2004 3716 2150 3787 [ῐθιη.

514 3842 559 3896 ιγ
588 3825 756 3892 Euge.
788 3818 886 3874 Dei
924 3815 1073 3887 regis
1110 3812 1291 3870 cultor
1320 3811 1486 3878 bone,
1518 3823 1673 3866 serve
1703 3807 1902 3874 ﬁdelis,

584 3911 751 3967 Multa
779 3921 945 3978 supra
974 3904 1126 3971 felix,
1159 3903 1289 3974 quia
1316 3914 1482 3972 supra
1512 3913 1683 3970 pauca
1708 3897 1920 3953 ﬁdelis!

514 4010 550 4069 ψ
582 4000 754 4069 Dupla
784 3999 1122 4067 reprasenta
1160 3993 1261 4048 tibi
1302 3990 1501 4047 tradita
1538 3990 1782 4060 quinque
1821 3986 2045 4043 talenta.

666 4126 679 4140 -
703 4126 716 4141 -
737 4129 750 4142 -
773 4130 785 4141 -
809 4129 820 4140 -
845 4124 858 4137 -
878 4122 894 4138 ο
914 4127 927 4140 -
967 4096 1117 4151 (μηδ’
1158 4087 1266 4136 etc‘
2239 4125 2452 4181 Nobilis
2480 4125 2537 4179 in
2575 4083 2738 4180 terrris
2766 4083 2982 4180 accedit
3010 4123 3186 4194 gloria
3214 4083 3495 4189 membris,

1298 4185 1380 4238 Ἦ·
2311 4216 2441 4282 Qua
2471 4213 2606 4270 solis
2634 4218 2899 4283 superant
2926 4185 3243 4268 irradiando
3265 4212 3451 4281 jubar.

814 4298 881 4351 In
917 4292 1123 4349 laudem
1148 4291 1319 4347 sancti
1344 4288 1568 4347 Martini
1594 4287 1840 4359 episcopi.

2242 4303 2331 4358 Sic
2360 4316 2537 4369 sacer,
2570 4308 2817 4369 ornatus,
2847 4302 2929 4358 sic
2952 4303 3103 4359 omni
3132 4308 3287 4372 parte
3315 4301 3528 4367 beatus,

1622 4349 1633 4357 ,
1763 4349 1781 4359 ,
2242 4349 2330 4358 η.-
2360 4349 2537 4369 -_--_,
2573 4349 2817 4369 -____-_-,
2847 4349 2928 4358 _--
2955 4349 3103 4359 -..η
3132 4349 3285 4372 ρ---
3316 4349 3499 4357 --_-__

509 4412 729 4465 Gemma
767 4400 1137 4465 sacerdotum,
1165 4397 1308 4452 votis
1336 4395 1531 4451 assiste
1561 4398 1801 4462 tuorum,
2168 4349 2220 4408 Β
2314 4392 2412 4448 ilic
2441 4400 2497 4448 et
2528 4392 2583 4447 in
2611 4392 2845 4448 excelsis
2872 4392 3097 4461 pramia
3126 4390 3291 4462 digna
3319 4392 3499 4447 metis.

589 4498 656 4552 Ut
677 4497 940 4549 resonent
967 4486 1182 4544 meritis
1219 4486 1433 4541 cantica
1459 4483 1623 4554 digna
1652 4483 1782 4539 tuis.
2237 4483 2558 4550 Quasumus
2604 4481 2757 4549 inde,
2805 4482 2987 4550 Pater,
3046 4481 3247 4551 quibus
3293 4494 3354 4536 es
3397 4493 3547 4550 spes,
3580 4485 3700 4535 esto
3731 4480 3886 4548 juvao

518 4589 680 4642 Facta
707 4580 1109 4651 triumphorum
1138 4575 1490 4632 celebrantur
1522 4572 1725 4642 ubique
1755 4577 1995 4640 tuorum,
3686 4567 3880 4638 [mem

589 4678 722 4732 Cum
760 4670 955 4727 rutilas
985 4668 1162 4740 primo
1192 4666 1295 4722 sub
1325 4665 1452 4721 fidei
1483 4663 1667 4718 titulo.
2310 4661 2378 4715 Et
2406 4659 2608 4729 quibus
2635 4658 2757 4729 ipse
2788 4659 2969 4726 times,
2999 4657 3102 4714 hos
3131 4656 3427 4714 refovendo
3456 4657 3601 4714 vide.

517 4772 686 4834 Quem
718 4761 858 4832 tegis
886 4761 944 4815 in
982 4758 1146 4813 terris
1201 4762 1327 4811 tuus
1372 4760 1458 4809 est
1502 4766 1670 4823 super
1711 4750 1914 4808 athera
1955 4751 2111 4807 testis
2143 4770 2155 4806 :
2242 4750 2363 4804 Non
2403 4748 2554 4817 piget
2580 4747 2780 4815 atatis,
2811 4760 2923 4804 non
2954 4746 3123 4804 tadet
3150 4747 3209 4802 in
3237 4746 3373 4802 orbe
3403 4745 3630 4813 laboris,

590 4855 721 4908 Pars
758 4845 1061 4916 chlamydis
1084 4844 1371 4900 Dominum
1399 4841 1632 4898 fanerat
1660 4840 1978 4896 athereum.
2312 4838 2506 4894 Vivere
2535 4836 2583 4892 si
2612 4835 2798 4905 liceat,
2832 4841 2884 4892 te
2912 4835 3053 4892 duce
3083 4836 3213 4892 dum
3226 4836 3478 4907 vigeant.

516 4946 601 5002 Fit
640 4942 780 4996 latro
810 4935 1073 5007 pralatus
1100 4934 1362 4988 virtutum
1392 4944 1577 5003 praco
1607 4940 1844 4998 tuarum,
2242 4926 2392 4984 Velle
2422 4926 2495 4982 sit
2521 4927 2579 4982 in
2610 4926 2766 4983 calis
2803 4926 2905 4983 tibi
2934 4939 3056 4994 nos,
3087 4924 3338 4993 Martiae,
3368 4926 3533 4994 tueri,

580 5029 869 5086 Calestem
901 5020 1167 5095 proﬁtens
1194 5020 1264 5076 ad
1296 5027 1390 5076 tua
1424 5019 1590 5075 verba
1622 5018 1805 5075 tidem.
2313 5017 2436 5072 Mox
2464 5015 2560 5073 ubi
2588 5029 2823 5088 quaque
2859 5015 3012 5074 voles
3039 5015 3247 5088 absque
3277 5015 3466 5073 labore
3503 5020 3688 5085 potes.

585 5176 652 5244 β)
684 5176 870 5229 Exstat
900 5169 1044 5242 apud
1073 5166 1287 5238 Ughelli
1318 5166 1353 5220 ι.
1396 5163 1433 5218 ι.
1475 5163 1583 5219 col.
1621 5162 1776 5216 1342.

1958 5376 2431 5431 «mmmrwm
