4122 6184
250 310 385 365 1293

1313 309 1467 364 VITA
1503 309 1558 363 S.
1600 308 1954 364 SECUNDINI
1991 307 2198 363 EPISC.
2240 306 2538 362 TROJANI.

3473 306 3607 361 l294

809 585 1234 715 VITA
1340 585 1969 716 SANCTI
2081 586 3045 717 SECUNDINI
3103 633 3108 638 ·

1610 822 1908 877 EPISCOPI
1946 822 2199 878 TROJAN
2205 823 2246 887 1,

685 985 1176 1066 AUCTORE
1259 985 1855 1067 GUAIFERIO
1940 985 2468 1065 MONACHO
2552 984 3162 1068 CASINENSI.

1033 1161 1320 1239 (UGHELLI,
1365 1160 1525 1217 Italia
1560 1176 1739 1229 sacra,
1772 1162 1816 1229 Ι,
1863 1160 2019 1228 1336,
2064 1176 2130 1217 ex
2168 1163 2294 1219 cod.
2338 1177 2439 1219 ms.
2483 1162 2824 1232 Casinensi.)

1720 1304 2121 1317 ———_

1682 1400 2172 1472 MONITUM.

313 1554 370 1608 S.
402 1550 747 1607 Secundinus
788 1551 934 1606 zEca
981 1550 1037 1605 in
1075 1549 1291 1619 Apulia,
1324 1549 1491 1605 hodie
1519 1551 1680 1619 Troja
1713 1570 1726 1606 :
1770 1552 1928 1619 cujus
1957 1563 2179 1620 corpus,
2212 1564 2336 1606 cum
2376 1564 2535 1607 nova
2567 1549 2811 1606 basilica
2849 1548 3135 1606 foderetur
3170 1548 3608 1616 fundamentum,

245 1638 367 1680 cum
396 1622 782 1693 inscriptione,
816 1635 927 1677 non
955 1622 1074 1676 sine
1106 1636 1299 1692 magna
1329 1621 1523 1693 populi
1559 1621 1771 1687 latitia,
1805 1627 2084 1690 repertum
2115 1627 2218 1677 est.
2250 1623 2416 1690 Cujus
2446 1623 2785 1677 inventionis
2812 1623 3071 1677 Historia:
3100 1623 3287 1693 Roma
3317 1622 3373 1675 in
3405 1620 3611 1693 biblio-

244 1696 404 1753 theca
432 1691 786 1750 Vallicellana
825 1698 1153 1749 asservatur.
1186 1695 1317 1761 Ejus
1354 1693 1473 1748 dies
1503 1691 1675 1748 festus
1717 1692 2029 1748 celebratur
2064 1708 2119 1747 χι
2150 1693 2452 1748 Februarii.
2496 1695 2642 1749 .1an
2671 1694 2817 1763 apud
2851 1694 3085 1749 Plinium
3116 1692 3213 1747 lib.
3244 1709 3328 1758 ιιι,
3361 1702 3483 1762 cap.
3527 1692 3609 1757 ll,

247 1782 378 1838 μοι).
412 1768 646 1821 ιλΕοειηοε
675 1778 903 1838 memor.
936 1766 1131 1838 .Esca,
1164 1778 1261 1819 seu
1301 1766 1454 1820 Esca
1483 1766 1628 1838 apud
1668 1768 1870 1820 Anton.
1910 1767 2046 1838 Aug.
2080 1766 2137 1819 in
2160 1765 2299 1838 _l_tin.
2335 1766 2547 1838 Ecana
2571 1764 3255 1838 post_eris_(quod_potius
3290 1764 3615 1833 adjectivum

177 1888 181 1891 τ
250 1835 358 1908 est)
411 1852 558 1893 nunc
606 1838 768 1906 Troja
821 1836 885 1906 [et
932 1836 1049 1891 ideo
1096 1837 1348 1904 Trojana.
1404 1838 1465 1890 E.
1515 1836 1595 1906 P.]
1646 1838 1839 1891 civitas
1895 1835 2227 1908 episc0palis
2271 1836 2484 1905 Apulia
2530 1836 2777 1903 Daunia,
2828 1836 2953 1908 loco
2993 1835 3229 1891 editiore
3248 1840 3614 1908 Wconstructa,

246 1906 516 1975 Luceria,
550 1914 606 1963 et
633 1908 841 1963 Bovino
871 1908 939 1962 ad
970 1922 1067 1962 vur
1096 1909 1164 1961 M.
1198 1909 1257 1962 Ρ.
1287 1908 1487 1974 vicina,
1520 1909 1828 1964 Benevento
1868 1915 2104 1977 metrop.
2136 1906 2203 1962 ad
2235 1921 2361 1975 xxx,
2393 1922 2424 1963 a
2454 1907 2681 1977 Neapoli
2715 1907 2884 1977 duplo
2926 1908 3212 1963 remotior.
3244 1907 3480 1976 Tempus
3507 1919 3616 1975 quo

246 1981 594 2038 Secundinus
624 1979 874 2035 floruerit
910 1978 1253 2035 adhucmihi
1283 1980 1709 2050 incompertum.

1413 2258 1806 2343 INCIPIT
1880 2255 2458 2340 PROLOGUS

1255 2403 1342 2457 AD
1380 2402 1782 2457 STEPHANUM
1820 2401 2170 2456 TROJANUM
2208 2401 2583 2457 EPISCOPUM

312 2559 388 2612 De
437 2556 586 2610 bono
626 2553 946 2609 dilectionis
997 2558 1054 2608 et
1089 2552 1443 2620 obedientia,
1490 2552 1660 2609 frater
1698 2561 1754 2609 et
1791 2566 2099 2625 co-Acum
2146 2559 2201 2608 et
2256 2553 2337 2608 illi
2393 2553 2788 2621 obedientiam,
2844 2554 2943 2610 tibi
2993 2554 3223 2610 debeam
3270 2519 3615 2610 charitatem.

245 2648 507 2717 episcope
545 2644 626 2711 S.,
658 2658 780 2698 cum
811 2658 877 2699 ex
907 2643 1000 2697 illa
1030 2651 1201 2713 opaca
1233 2650 1287 2699 et
1316 2643 1596 2699 condensa
1637 2643 1886 2713 lapidea-

246 2749 365 2790 rum
396 2733 772 2802 descriptione
802 2731 1151 2797 Tabularum,
1183 2739 1297 2786 tum
1329 2731 1604 2801 Evangelii
1634 2745 1889 2787 sermone

242 2822 529 2894 perlucido
577 2826 633 2876 et
679 2820 887 2891 patulo,
941 2821 1130 2892 regula
1177 2821 1340 2876 nobis
1386 2835 1578 2877 norma
1617 2827 1673 2876 et
1711 2821 1885 2877 disci-

243 2913 392 2983 plina
445 2910 769 2981 porrigitur.
823 2910 1035 2966 Placuit
1073 2910 1217 2965 enim
1267 2911 1371 2979 ipsi
1418 2924 1632 2965 summo
1669 2909 1885 2979 Opiﬁci,

243 3009 300 3057 et
328 2999 876 3071 incomprehensibili
906 3001 1018 3055 Deo
1058 2998 1153 3068 qui
1181 3013 1397 3055 omnem
1432 2999 1692 3055 mundum
1723 3000 1884 3070 regit,

243 3092 398 3162 prius
449 3092 812 3146 instrumenta
859 3090 1175 3158 hujusmodi
1223 3090 1326 3145 sub
1380 3090 1553 3160 Moysi
1589 3089 1766 3145 velata
1803 3087 1886 3144 fa-

242 3183 327 3237 cie
364 3181 603 3251 quodam
652 3186 997 3235 sacramento
1040 3181 1280 3249 signare,
1324 3180 1527 3248 quibus
1564 3181 1620 3234 in
1650 3193 1710 3234 se
1747 3192 1887 3247 gen-

243 3270 390 3325 tibus
444 3269 760 3335 credituris,
814 3274 940 3339 post
997 3269 1268 3324 incarnati
1322 3269 1487 3324 Verbi
1544 3267 1885 3338 mysterium,

245 3358 667 3413 evidentissima
706 3358 928 3427 pietatis
968 3358 1278 3427 patrocinio
1320 3357 1665 3427 potissimum
1695 3364 1888 3426 patro-

245 3447 542 3503 cinaretur.
592 3446 740 3502 Nihil
770 3454 853 3501 est
891 3454 1073 3502 autem
1103 3447 1252 3516 quod
1294 3449 1349 3501 in
1387 3447 1552 3501 terris
1580 3447 1631 3501 ei
1671 3445 1764 3501 ﬁat
1791 3460 1889 3500 ac-

245 3537 462 3606 ceptius
507 3550 669 3605 quam
709 3542 886 3590 catus
936 3535 1241 3601 hominum,
1291 3535 1437 3590 unda
1485 3536 1659 3589 sacris
1704 3534 1891 3603 bapti-

245 3626 436 3681 smatis
462 3625 694 3695 mystica
731 3624 956 3694 quidem
1003 3623 1313 3693 spirituque
1361 3623 1578 3688 sociati,
1613 3622 1700 3677 his
1728 3623 1894 3678 rebus

244 3728 493 3785 Operam,
524 3713 613 3768 his
659 3713 926 3775 laborem,
957 3713 1046 3767 his
1083 3712 1323 3782 denique
1366 3711 1707 3781 diligentiam
1739 3723 1892 3766 suam

243 3804 512 3860 locantes.

1970 2641 2274 2711 Aggrediar
2321 2656 2452 2713 ergo
2501 2644 2698 2699 anima
2748 2649 2857 2699 tua
2903 2643 2998 2699 diu
3046 2642 3416 2700 desideratum
3455 2656 3615 2713 opus,

1972 2743 2075 2785 nec
2114 2729 2431 2787 formidabit
2471 2733 2629 2799 dura,
2682 2731 2949 2799 difﬁcilia,
2984 2748 3109 2803 qua
3147 2733 3384 2790 sustinet
3412 2733 3616 2796 omnia,

1971 2818 2232 2875 charitas.
2292 2821 2409 2875 Erit
2465 2821 2716 2891 profecto
2773 2827 2941 2879 tanta
2993 2824 3074 2878 rei
3131 2823 3424 2879 maximum
3470 2834 3618 2878 emo-

1971 2906 2273 2963 lumentum
2323 2910 2505 2964 Casini
2538 2911 2702 2967 etiam
2751 2918 2966 2968 secreta
3003 2925 3257 2968 secessus
3292 2909 3481 2978 facies,
3523 2909 3616 2965 ubi

1971 3009 2072 3066 pro
2109 2997 2411 3052 venerabili
2462 2996 2753 3055 fundatore
2806 3001 3030 3070 quietis,
3081 3000 3418 3057 diuturnitas
3465 2999 3617 3070 pacis

1969 3098 2186 3141 sacrum
2231 3086 2402 3141 otium
2463 3087 2822 3144 conﬁrmavit.
2881 3090 3195 3160 Antiquitas
3245 3090 3409 3146 etiam
3447 3086 3615 3144 refert

1971 3181 2027 3229 et
2083 3174 2235 3231 illum
2279 3176 2593 3243 Varronem,
2653 3182 2734 3233 tot
2789 3178 2978 3234 saculi
3035 3178 3394 3247 celebratum,
3452 3178 3617 3250 hujus

1971 3264 2109 3319 adis
2153 3270 2435 3322 auctorem
2482 3264 2671 3334 fuisse,
2704 3268 2820 3337 qui,
2856 3268 2924 3323 M.
2957 3268 3135 3324 Tullio
3160 3269 3371 3339 judice,
3412 3269 3618 3325 Roma-

1971 3365 2168 3409 norum
2197 3354 2338 3411 alios
2364 3354 2654 3425 religione,
2697 3356 2838 3411 alios
2876 3370 3055 3412 rerum
3095 3364 3371 3427 gestarum
3413 3371 3619 3414 memo-

1971 3442 2074 3507 ria,
2135 3455 2328 3497 omnes
2382 3448 2563 3498 autem
2620 3442 2925 3499 litterarum
2990 3444 3221 3500 scientia
3276 3446 3489 3502 vicerit.
3558 3447 3617 3501 Id

1973 3542 2093 3584 mea
2140 3543 2365 3600 quoque
2411 3530 2685 3587 intererit.
2718 3532 2943 3589 Veniam
2981 3539 3037 3589 et
3075 3532 3144 3589 ad
3182 3535 3420 3604 Trojam,
3463 3538 3621 3605 cujus

1973 3618 2196 3674 nomine
2227 3619 2502 3689 gloriaris.
2545 3622 2709 3677 Istam
2738 3621 2807 3676 ad
2838 3622 3039 3678 undam
3076 3622 3261 3694 frigidi
3299 3624 3616 3693 Simoentis,

1975 3707 2324 3778 perlustrabo
2354 3708 2532 3765 oculis
2569 3709 2984 3767 famosissimam
3012 3712 3294 3783 Tenedon,
3326 3715 3617 3772 ascendam

1976 3796 2044 3851 ad
2082 3795 2225 3863 illas,
2266 3798 2508 3854 omnium
2547 3799 2923 3857 doctrinarum
2962 3802 3317 3871 inventrices,
3356 3803 3618 3871 Athenas,

318 3894 547 3949 Notarat
585 3890 730 3947 enim
770 3894 826 3946 et
870 3889 978 3946 hoc
1008 3889 1263 3946 columna
1300 3889 1464 3945 nubis
1510 3894 1566 3945 et
1602 3888 1766 3960 ignis,
1798 3887 1955 3944 illaB
1977 3885 2034 3939 in
2063 3885 2265 3954 quibus
2302 3901 2510 3942 summa
2540 3888 2761 3946 dicendi
2789 3890 2872 3945 vis
2899 3896 2955 3945 et
2983 3892 3204 3948 inventa
3233 3897 3402 3948 estet
3439 3893 3622 3963 perfe-

246 3981 552 4037 lsraelitica
597 3984 768 4036 secta.
817 3980 1081 4035 Jubemur
1108 3993 1176 4035 ex
1204 3983 1324 4036 toto
1363 3979 1533 4034 corde
1570 3980 1740 4034 Deum
1770 3977 1894 4033 dili-

246 4085 399 4143 gere,
435 4069 695 4140 jubemur
725 4069 1008 4139 proximos
1044 4069 1364 4135 admonere,
1406 4068 1728 4138 parentibus
1754 4067 1892 4122 obe-

247 4161 391 4218 dire.
441 4159 751 4231 Magisteria
797 4165 926 4215 sunt
972 4160 1076 4215 ista
1125 4158 1329 4226 divina,
1381 4164 1436 4213 et
1472 4158 1723 4227 quadam
1768 4169 1893 4226 pro-

249 4250 371 4321 pria
418 4252 474 4306 in
521 4249 772 4319 utrisque
809 4247 1033 4303 Tabulis
1083 4247 1178 4304 Dei
1209 4247 1384 4318 digito
1414 4246 1718 4318 designata.
1758 4246 1895 4301 Sunt

248 4345 306 4395 et
368 4339 490 4394 hac
545 4337 897 4393 fundamenta
960 4336 1300 4393 adiﬁcanda
1356 4337 1497 4407 spei,
1556 4336 1895 4391 ﬁrmamenta

249 4427 677 4485 corroboranda
733 4426 909 4492 ﬁdei,
977 4426 1314 4481 nutrimenta
1377 4424 1599 4480 fovendi
1664 4424 1850 4480 cordis
1875 4464 1892 4491 ,

247 4514 622 4588 gubernacula
667 4514 942 4586 dirigendi
990 4514 1228 4579 itineris,
1272 4513 1529 4582 prasidia
1577 4512 1895 4567 obtinenda

249 4602 462 4661 salutis.
517 4604 595 4657 Ex
643 4601 956 4673 hujusmodi
994 4614 1192 4671 nempe
1224 4600 1435 4670 origine
1474 4603 1720 4655 torrente
1760 4611 1893 4668 pro-

250 4692 537 4762 phetarum
576 4695 632 4746 et
678 4690 817 4762 legis
863 4695 1149 4745 emanante
1202 4687 1474 4759 procedit,
1509 4692 1563 4742 et
1592 4685 1684 4741 ille
1714 4698 1894 4741 sermo

249 4780 608 4837 brevissimus
652 4780 889 4851 irrigans
937 4780 1139 4847 omnia,
1190 4777 1400 4834 rivulus
1446 4775 1573 4833 ﬁdei
1625 4789 1749 4845 qua
1799 4789 1896 4845 per

248 4868 605 4925 dilectionem
670 4875 952 4938 operatur.
1020 4867 1127 4923 Sed
1194 4881 1293 4922 cur
1356 4867 1462 4921 ista
1536 4864 1894 4935 pramiserim

247 4959 395 5014 scias
439 4957 590 5014 licet.
645 4957 922 5026 Quasiisti
970 4971 1002 5012 a
1040 4970 1126 5012 me
1176 4970 1277 5025 per
1323 4956 1673 5010 Casinensem
1721 4951 1894 5007 abba-

247 5051 379 5115 tem,
411 5060 573 5117 quem
624 5060 727 5117 ego
775 5059 939 5102 causa
976 5044 1208 5101 honoris
1254 5042 1599 5099 Desiderium
1645 5041 1892 5106 nomino,

245 5136 422 5191 virum
452 5135 598 5190 inter
634 5134 815 5191 bonos
852 5134 1128 5190 antistites
1165 5147 1334 5203 opera
1372 5137 1427 5188 et
1464 5131 1732 5202 religione
1771 5128 1893 5184 lau-

1978 3979 2103 4042 cla;
2145 3990 2387 4045 quaram
2417 3977 2656 4033 ostiatim
2693 3978 2991 4048 platanum,
3024 3995 3150 4052 qua
3178 3981 3247 4037 ad
3277 3983 3618 4052 opacandum

1978 4064 2183 4133 putulis
2211 4070 2296 4148 est
2323 4064 2519 4121 diffusa
2547 4068 2892 4136 ramusculis,
2923 4072 3082 4140 cujus
3112 4071 3356 4127 umbram
3395 4075 3621 4128 secutus

1977 4158 2060 4207 est
2087 4154 2371 4221 Socrates;
2404 4155 2697 4212 mutuabor
2715 4155 2902 4212 abillo
2923 4159 3193 4214 rationem
3216 4157 3462 4226 dicendi,
3494 4175 3621 4217 con-

1974 4241 2335 4297 structionem
2381 4242 2692 4311 verborum,
2735 4244 2998 4314 leporem,
3042 4246 3413 4314 dulcedinem,
3455 4264 3620 4305 venu-

1974 4334 2192 4398 statem,
2223 4337 2283 4387 ut
2322 4331 2486 4386 etiam
2524 4346 2626 4403 ego
2656 4333 2725 4387 ab
2763 4335 3073 4389 urbanitate
3113 4349 3223 4391 non
3263 4336 3531 4403 excidam,
3564 4344 3620 4393 et

1976 4434 2158 4475 rerum
2182 4420 2498 4490 cognitione
2520 4421 2773 4477 ﬁorescat
2796 4421 3028 4478 historia
3049 4428 3105 4477 et
3123 4423 3397 4480 redundet
3415 4427 3616 4481 oratio.

1977 4511 2073 4563 Est
2100 4508 2245 4563 enim
2292 4509 2533 4566 Historia
2571 4512 2715 4568 testis
2752 4517 3058 4584 temporum,
3098 4510 3194 4567 lux
3229 4514 3484 4582 veritatis,
3511 4516 3617 4573 vita

1976 4598 2261 4659 memoriae,
2293 4599 2548 4668 magistra
2584 4602 2721 4667 vitae,
2752 4601 2935 4657 nuntia
2972 4603 3249 4657 vestutatis
3289 4601 3429 4673 (CIC.
3464 4606 3613 4662 Orat.

1980 4700 2039 4751 ιι,
2071 4683 2171 4754 9);
2212 4700 2336 4755 qua
2387 4689 2724 4757 perennibus
2771 4689 2948 4745 titulis
2993 4691 3239 4747 Oratoris
3280 4704 3415 4749 voce
3463 4706 3615 4750 com-

1978 4773 2287 4829 mendatur.
2320 4777 2520 4832 Contra
2547 4777 2817 4847 plerique,
2844 4792 2944 4848 pro
2974 4778 3325 4849 amplissimis
3355 4779 3621 4852 eloquen-
3726 4770 3731 4775 ’

1978 4861 2070 4917 tia
2127 4864 2427 4933 propositis
2482 4865 2740 4921 laudibus
2795 4867 2862 4922 ad
2920 4868 3150 4938 gloriam
3206 4868 3617 4938 adispicendam

1980 4950 2113 5006 nudi
2162 4952 2387 5008 veniunt
2434 4959 2490 5008 et
2536 4953 2795 5023 inermes,
2847 4956 2995 5012 nulla
3042 4957 3359 5028 cognitione
3410 4973 3617 5028 rerum,

1980 5039 2127 5094 nulla
2164 5040 2394 5097 scientia
2434 5044 2634 5111 ornati,
2669 5050 2727 5099 ut
2759 5044 2806 5099 is
2833 5046 2926 5116 qui
2975 5045 3117 5102 hanc
3162 5048 3410 5104 eamdem
3458 5062 3618 5119 quam

1980 5129 2036 5183 in
2074 5142 2267 5185 manus
2304 5130 2567 5187 habemus
2612 5133 2927 5202 Historiam,
2971 5143 3258 5207 postquam
3299 5136 3499 5207 attigit,
3529 5137 3618 5191 in-

248 5224 434 5279 datum
465 5228 522 5278 et
548 5222 796 5278 moribus
829 5222 1266 5292 comprobatum,
1298 5227 1358 5277 ut
1385 5222 1431 5276 si
1462 5219 1595 5290 quid
1628 5218 1759 5273 mihi
1791 5218 1889 5273 otii
1915 5211 1957 5271 C
1979 5218 2343 5275 commodavit
2382 5220 2602 5291 penitus
2630 5227 2686 5277 et
2715 5223 2971 5279 turbavit.
3003 5224 3133 5280 Mihi
3163 5239 3294 5285 vero
3324 5225 3455 5281 dum
3486 5227 3620 5280 scri-

250 5316 438 5382 posset
478 5326 578 5368 sua
624 5311 864 5367 amicitia
900 5311 1155 5379 suadere,
1194 5310 1262 5366 ad
1311 5309 1666 5366 scribendum
1714 5307 1890 5378 potis-

1981 5306 2119 5362 bens
2154 5308 2363 5378 aliquid
2413 5311 2517 5366 ista
2566 5312 2834 5384 recogito,
2875 5314 3049 5384 magis
3078 5315 3228 5370 venit
3278 5315 3333 5370 in
3381 5320 3620 5371 mentem

250 5401 448 5463 simum
485 5401 781 5457 Historiam
836 5398 1174 5458 confessoris
1220 5399 1517 5456 Secundini
1564 5396 1893 5455 conferrem.
1979 5396 2401 5466 vituperationis
2447 5413 2609 5471 quam
2661 5400 2859 5457 laudis.
2914 5403 3141 5459 Constat
3188 5404 3334 5459 enim
3380 5403 3529 5474 quia,
3570 5403 3618 5458 si

250 5487 468 5546 Faciam
524 5502 642 5546 rem
699 5488 833 5545 mihi
898 5487 1198 5555 difﬁcilem,
1249 5488 1346 5544 sed
1403 5501 1621 5544 causam
1680 5484 1896 5541 facilem
1977 5484 2216 5557 eleganti
2246 5487 2578 5559 eloquentia
2626 5489 2823 5562 gloria,
2856 5490 3060 5563 inepta
3100 5493 3285 5563 potius
3316 5491 3618 5564 ignominia

252 5589 446 5650 agam;
488 5589 670 5649 neque
716 5577 798 5635 illi
843 5576 1087 5636 hortanti
1134 5574 1324 5646 deero,
1365 5588 1468 5633 nec
1505 5574 1607 5631 tibi
1653 5572 1889 5646 roganti,
1976 5574 2262 5634 debeatur.
