4106 6178
540 288 674 343 1295
1663 283 2001 340 GUAIFERII
2039 283 2424 341 CASINENSIS
2463 283 2759 340 MONACHI
3777 277 3922 332 1296

608 413 683 466 Tu
729 423 881 479 ergo,
931 407 1100 463 frater
1141 407 1271 462 mihi
1326 409 1378 462 in
1427 408 1644 462 Christo
1691 407 2032 475 charisslme,
2085 407 2592 473 lo-Ascendimus,
2623 405 2805 461 studia
2834 405 3185 474 animumque
3216 417 3556 458 revocemus.

536 505 748 554 cantem
789 497 936 552 felici
965 497 1137 551 vineae
1168 509 1388 564 operam
1436 494 1783 551 orationibus
1824 497 1972 564 juva,
2006 503 2174 565 utque
2331 498 2387 551 in
2439 496 2639 565 quibus
2687 495 2926 564 petimus
2968 500 3022 548 et
3075 506 3331 563 rogamus
3377 501 3433 546 ut
3482 507 3647 548 manu
3700 495 3916 550 miseri-

538 589 678 643 hanc
724 586 1070 642 Secundinus
1097 598 1254 639 sacer
1283 597 1383 653 pro
1415 591 1541 640 voto
1573 598 1674 640 suo
1706 598 1938 654 meoque
1969 598 2173 640 secun-
2260 585 2465 640 cordia;
2514 599 2629 640 suae
2668 584 2829 639 nobis
2879 584 2946 638 ad
2993 583 3259 638 rationem
3301 581 3441 636 bene
3469 581 3690 636 vivendi
3731 591 3916 651 patro-

538 676 652 742 det,
702 673 1192 731 intercessionibus
1239 673 1449 728 obtine.
1499 674 1729 742 Oportet
1776 681 1955 728 autem
2005 687 2180 742 expe-
2261 675 2462 729 ciuium
2505 671 2772 734 conferat,
2805 679 2861 728 et
2899 671 3303 742 possessionem
3346 670 3626 727 felicitatis
3666 679 3914 734 aeternae,

538 765 669 821 ditis
697 763 803 830 his,
839 777 960 834 qum
991 761 1135 832 apud
1167 775 1268 818 nos
1297 761 1366 817 de
1406 775 1472 818 eo
1520 771 1648 818 sunt
1696 763 1976 832 pauciora,
2017 763 2179 816 mira-
2261 763 2354 832 qui
2390 764 2469 832 [/.,
2501 761 2640 831 quae]
2675 776 2705 816 a
2727 761 2895 831 digno
2927 761 3149 816 haerede
3183 760 3434 829 precario
3465 766 3520 814 et
3544 773 3644 829 pro
3676 760 3916 814 indiviso

537 853 676 909 culis
704 853 937 918 (habetis
967 852 1109 906 enim
1147 857 1202 907 et
1231 851 1356 917 alia,
1391 866 1514 921 quae
1545 852 1599 906 in
1640 851 1726 906 his
1773 851 2178 920 exemplaribus
2258 852 2578 921 suscipitur,
2622 864 2723 921 pro
2769 849 3041 906 mercedis
3092 851 3272 919 pretio
3309 849 3425 904 suis
3464 852 3916 917 promerentibus

539 957 647 1000 non
693 942 1010 1008 habentur),
1040 941 1108 997 ad
1157 956 1242 1008 ea,
1278 942 1421 998 unde
1459 941 1528 998 ad
1567 942 1687 998 haec
1725 947 1821 997 tuo
1850 954 2037 997 amore
2074 941 2177 996 de-
2260 941 2470 995 meritis
2500 940 2775 1010 acquirat.

1809 1104 2264 1218 INCIPIT
2339 1105 2629 1217 VITA

609 1295 769 1362 Troja
816 1291 1093 1361 quondam
1142 1289 1397 1357 ducibus,
1440 1288 1646 1345 divitiis
1684 1294 1739 1344 et
1784 1288 1982 1344 bellica
2021 1286 2182 1341 laude
2266 1286 2536 1352 ecclesiis,
2579 1287 2635 1340 in
2686 1285 2960 1342 moenibus
3005 1286 3430 1352 constituendis,
3480 1286 3689 1356 quibus
3727 1291 3912 1349 salvis,

537 1381 816 1453 insignis,
885 1382 1043 1449 cujus
1108 1379 1366 1434 diuturna
1434 1378 1780 1434 incommoda
1848 1385 1902 1431 et
1968 1377 2183 1430 diversa
2266 1375 2402 1442 ipsis
2449 1375 2614 1428 salvis
2670 1389 2790 1429 esse
2849 1374 3062 1439 liceret,
3121 1388 3312 1444 magna
3372 1375 3734 1444 popularibus
3786 1392 3914 1430 cura

535 1468 750 1527 excidia
793 1469 988 1524 iisdem
1036 1468 1354 1538 regionibus
1384 1472 1514 1522 nota
1550 1474 1679 1521 sunt
1722 1466 1927 1535 quibus
1966 1472 2020 1519 et
2051 1463 2186 1518 solis
2266 1463 2585 1529 insisteret;
2635 1462 2762 1517 dum
2813 1477 2940 1532 pars
2988 1463 3353 1517 marmoribus
3399 1463 3734 1532 tabulandis,
3793 1481 3916 1534 pars

539 1574 751 1626 cursus,
787 1559 841 1613 in
893 1558 1258 1627 Peloponnesi
1307 1557 1530 1628 regione
1572 1562 1626 1612 et
1681 1554 2031 1611 serenissima
2076 1553 2186 1609 loci
2267 1551 2545 1622 lapidibus
2602 1552 2912 1620 poliendis,
2977 1551 3251 1606 fodiendis
3302 1553 3567 1608 lateribus
3621 1554 3760 1618 alii,
3828 1558 3916 1610 alii

539 1648 699 1716 facie,
731 1648 926 1705 tellure
976 1646 1167 1712 fertili,
1210 1660 1341 1717 agro
1388 1646 1546 1716 aquis
1593 1652 1648 1700 et
1687 1646 1865 1700 omnis
1911 1641 2501 1717 viriditatendiversis
2547 1641 2850 1705 laboribus,
2901 1655 3135 1709 quorum
3193 1643 3428 1711 quisque
3489 1642 3912 1707 admonebatur,

533 1698 802 1807 jucunde,
854 1750 1024 1807 prope
1086 1698 1314 1792 Pontuom
1372 1698 1455 1791 eti
1483 1734 1714 1790 insulam
1771 1732 2024 1788 Tenedos
2079 1698 2606 1785 sitaBintendunt:
2658 1730 2726 1783 ab
2776 1729 2884 1793 his,
2921 1698 3174 1798 ‘quorum
3212 1698 3416 1784 ‘votum
3474 1739 3589 1786 erat
3649 1698 3912 1801 templum

540 1828 662 1883 fuit.
696 1826 849 1882 Unde
881 1827 1097 1881 demum
1130 1826 1379 1894 plerique
1410 1825 1580 1880 duces
1610 1823 1892 1879 fortissimi
1927 1821 1980 1876 in
2014 1821 2183 1890 priori
2267 1817 2532 1886 perficere
2579 1817 2647 1872 ad
2688 1817 2985 1872 salutifera
3017 1819 3198 1873 crucis
3237 1818 3522 1886 honorem,
3558 1822 3614 1874 in
3645 1829 3912 1876 cremete-

539 1914 880 1982 discrimine,
922 1915 976 1968 in
1027 1919 1350 1982 tempestate
1408 1913 1683 1977 horribili,
1718 1926 1840 1965 cum
1890 1915 2057 1965 tautae
2095 1923 2182 1963 ur-
2267 1908 2350 1961 rio
2389 1908 2447 1961 Β.
2482 1906 2829 1978 evangelista:
2875 1908 3036 1962 Marci
3081 1907 3223 1977 (erat
3254 1909 3398 1962 enim
3438 1909 3513 1963 ibi
3553 1912 3676 1978 ejus
3703 1918 3909 1965 structa

541 2005 627 2059 bis
693 2002 1081 2059 commercium
1141 2009 1312 2057 totum
1365 2004 1579 2071 jactura
1635 2000 1810 2065 ﬁeret,
1871 2004 2178 2054 evaserunt.
2266 1994 2517 2065 basilica)
2561 2003 2968 2051 monumentum
3005 1997 3246 2065 pretioso
3297 1997 3595 2053 tabulatum
3639 2013 3908 2054 marmore

543 2095 618 2148 Ex
671 2093 873 2161 quibus
935 2091 1293 2146 Anchisiades
1338 2092 1422 2144 vir
1478 2104 1605 2145 acer
1660 2096 1715 2144 et
1771 2087 2183 2142 strenuissimus
2266 2086 2560 2152 reperitur,
2594 2085 2740 2153 quod
2782 2084 2911 2139 dum
2961 2085 3196 2140 curiosis
3243 2087 3420 2140 oculis
3470 2087 3906 2150 collustraretur,

537 2181 658 2246 fuit,
692 2194 722 2234 a
771 2193 880 2248 quo
929 2179 1187 2245 Quirites,
1229 2178 1380 2233 orbis
1427 2185 1695 2232 terrarum
1748 2176 2045 2246 principes,
2087 2175 2181 2244 qui
2267 2181 2493 2242 propter
2541 2186 2809 2243 magnam,
2843 2188 2966 2242 qua
3005 2176 3212 2228 circum
3262 2182 3398 2240 erat,
3433 2176 3792 2245 frequentiam
3826 2193 3909 2232 se-

537 2271 896 2338 Trojanorum
964 2281 1184 2337 quoque
1251 2267 1438 2322 hostes
1490 2266 1694 2321 talione
1760 2267 2179 2330 ulciscerentur,
2267 2262 2605 2330 pulerorum,
2661 2262 2956 2318 advertunt
3011 2262 3262 2320 caelatum
3314 2265 3665 2334 epigramma,
3725 2268 3906 2320 exesis

539 2355 726 2412 nobile
764 2354 982 2425 generis
1013 2361 1067 2409 et
1099 2354 1276 2409 laudis
1319 2355 1563 2409 habuere
1611 2354 1963 2423 principium.
2004 2353 2183 2408 Jacuit
2259 2351 2369 2418 jam
2419 2349 2773 2406 inferioribus
2822 2351 3090 2420 partibus,
3141 2351 3235 2406 sed
3283 2353 3430 2420 quod
3489 2353 3593 2423 legi
3651 2362 3904 2423 poterat:

534 2445 656 2499 haec
696 2442 894 2497 diutini
935 2444 1199 2512 temporis
1253 2442 1570 2509 intervallo,
1620 2441 1874 2496 omnibus
1920 2441 2183 2496 destituta
2265 2438 2384 2494 haec
2425 2438 2670 2494 ferebat:

535 2532 750 2589 solatiis
792 2552 803 2586 :
858 2530 1024 2585 nullze
1073 2544 1228 2600 opes,
1284 2529 1467 2585 nullus
1514 2530 1704 2596 decor,
1744 2529 1894 2584 nulla
1941 2529 2180 2599 denique

537 2620 755 2691 religio.
805 2620 1060 2674 Semiruti
1102 2625 1308 2674 tantum
1350 2627 1406 2673 et
1451 2620 1599 2674 exesi
1641 2619 1858 2689 ignibus
1896 2618 2182 2673 exstabant

538 2710 722 2773 muri;
773 2706 1042 2774 Xanthus,
1083 2708 1302 2774 Simois,
1355 2713 1410 2762 et
1455 2706 1634 2762 insula
1680 2705 1932 2762 Tenedos
1967 2706 2180 2773 Trojam

537 2798 614 2853 ibi
662 2796 830 2853 fuisse
889 2796 1200 2867 signabant.
1251 2797 1380 2851 Ηωο
1428 2810 1560 2852 vero
1608 2796 1811 2850 excitat
1858 2795 2076 2850 tandem
2128 2801 2182 2848 et

539 2885 752 2958 colligit
781 2901 839 2940 se
871 2899 1079 2941 memor
1109 2886 1360 2954 pristinae
1390 2885 1607 2940 virtutis
1637 2891 1690 2939 et
1718 2884 1930 2954 gloriae,
1969 2883 2183 2938 reducit

537 2978 755 3046 longam
831 2989 899 3030 ex
972 2981 1338 3044 pronepotum
1411 2973 1766 3044 generatione
1842 2971 2179 3042 progeniem,

2442 2584 2544 2638 Hic
2571 2583 2845 2653 requiescit
2873 2584 2935 2639 S.
2970 2600 3033 2637 ac
3060 2583 3371 2639 venerabilis
3402 2585 3731 2640 Secundinus

2442 2673 2754 2744 Episcopus,
2787 2674 2875 2743 qui
2910 2679 3205 2727 sanctorum
3243 2673 3476 2742 fabricas
3514 2688 3732 2727 renova-

2442 2762 2534 2829 vit,
2568 2767 2751 2832 raptus
2789 2762 2841 2815 in
2880 2763 3128 2832 requiem,
3162 2778 3223 2816 ιιι
3265 2762 3391 2816 Idus
3433 2760 3727 2816 Februarii.

2337 2887 2567 2942 lmmissi
2624 2900 2756 2956 ergo
2814 2885 2969 2941 multi
3026 2901 3150 2941 cum
3208 2886 3504 2956 ligonibus,
3562 2893 3801 2955 purgant
3855 2891 3906 2938 et

2265 2975 2521 3043 aperiunt
2569 2976 2786 3040 locum;
2828 2976 2923 3044 qui
2963 2989 3084 3030 cum
3135 2975 3438 3044 patefactus
3467 2983 3614 3029 esset
3645 2974 3905 3036 tumulus,

540 3064 718 3119 reiicit
776 3063 939 3129 lares,
990 3061 1176 3118 studet
1233 3062 1311 3116 illi
1369 3075 1470 3117 suo
1522 3061 1758 3116 mirabili
1815 3067 1871 3115 et
1922 3050 2324 3130 singulariCin
2369 3064 2524 3119 labro
2579 3062 2811 3118 mirifico
2859 3061 3130 3129 inferiori,
3179 3064 3326 3132 quod
3371 3070 3782 3118 monumentum
3835 3061 3906 3116 fo-

539 3152 750 3208 militite
817 3157 1181 3216 sacramento,
1235 3159 1292 3206 ut
1360 3150 1519 3221 Sylla:
1587 3150 1844 3206 dictatori
1911 3147 2096 3204 favens
2156 3164 2185 3204 a

543 3240 781 3296 Fimbria
848 3239 1207 3294 Marianarum
1275 3240 1512 3309 partium
1569 3238 1858 3294 obsidione
1920 3244 2182 3303 vastetur,

2271 3154 2520 3208 rinsecus
2566 3153 2634 3206 ab
2683 3153 2884 3222 injuria
2933 3153 3206 3216 tuebatur,
3259 3153 3716 3221 pretiosissimum
3768 3164 3908 3204 mar-

2269 3243 2500 3311 garitum
2571 3242 2846 3296 inventum
2913 3250 3017 3297 est.
3093 3239 3561 3295 Circumfunditur
3632 3239 3908 3308 extemplo

537 3337 598 3386 ut
647 3328 936 3384 tormentis
993 3335 1304 3398 quassetur,
1347 3336 1405 3383 ut
1460 3335 1632 3383 mater
1689 3329 1885 3383 iterum
1929 3328 2186 3382 concidat
2267 3329 2458 3383 civitas
2495 3329 2563 3384 ad
2612 3329 2927 3384 thesaurum
2986 3330 3189 3384 inventi
3247 3330 3538 3398 corporis;
3599 3335 3797 3397 putant
3838 3328 3912 3380 fas

536 3418 735 3490 gladiis
763 3417 1021 3474 ﬁliorum.
1071 3419 1148 3472 Ex
1193 3417 1287 3472 illa
1326 3417 1493 3488 igitur
1539 3422 1863 3486 tempestate
1912 3431 2085 3485 usque
2117 3416 2183 3470 ad

539 3509 646 3563 hoc
675 3504 789 3562 fere
838 3511 1055 3575 tempus
1093 3505 1227 3561 vixit
1264 3513 1476 3561 tantum
1517 3506 1636 3560 sine
1685 3519 1918 3574 corpore
1959 3518 2182 3571 nomen,

535 3597 745 3666 absque
795 3594 948 3650 Latio
979 3594 1224 3664 quidem,
1260 3595 1474 3650 cunctis
1518 3609 1674 3663 aeque
1723 3595 1979 3665 gentibus
2029 3609 2182 3649 exse-

535 3684 742 3740 crabile
811 3683 882 3738 ob
940 3684 1309 3738 Romanorum
1377 3682 1772 3749 monarchiam,
1844 3685 2001 3752 cujus
2068 3683 2182 3752 ipsa

538 3775 702 3829 etiam
741 3785 904 3827 causa
934 3772 1144 3826 exstitit
1173 3777 1228 3827 et
1267 3770 1600 3841 principium
1631 3770 1932 3840 dignitatis.

610 3862 732 3917 Fuit
777 3867 958 3916 autem
1007 3867 1061 3916 et
1108 3862 1165 3916 in
1211 3861 1424 3932 Apulia:
1483 3859 1605 3916 solo
1663 3860 1855 3915 civitas
1908 3860 2179 3929 quaedam,

536 3959 799 4022 quantum
866 3949 936 4005 ad
1000 3949 1373 4006 frumentariae
1437 3950 1516 4006 rei
1575 3951 1811 4019 cepiam,
1868 3949 2003 4004 nulli
2062 3949 2182 4005 solo

537 4038 810 4104 inferior;
851 4039 944 4092 ubi
975 4039 1138 4094 etiam
1177 4039 1346 4094 multa
1385 4045 1546 4109 gustu
1589 4039 1794 4104 suavia,
1827 4053 1949 4109 quae
1992 4044 2182 4093 natura

539 4126 838 4190 desiderat,
899 4140 966 4181 ex
1022 4134 1168 4180 terra
1225 4128 1627 4196 arboribusque
1683 4128 2002 4198 gignuntur,
2059 4142 2179 4182 cum

539 4216 698 4284 copia
728 4213 894 4280 facili,
936 4220 1050 4269 tum
1087 4215 1353 4270 suavitate
1398 4216 1703 4284 praestanti.
1745 4215 1896 4270 Vites
1934 4224 1989 4270 et
2027 4216 2184 4270 arbo-

539 4319 629 4362 res
658 4305 736 4360 ibi
765 4302 1002 4358 humiles
1047 4308 1196 4370 sunt,
1228 4316 1407 4372 neque
1452 4317 1511 4358 se
1542 4301 1739 4358 tollere
1769 4316 1798 4356 a
1831 4309 1976 4358 terra
2015 4304 2182 4358 altius

2267 3432 2410 3481 esse,
2460 3417 2609 3486 quod
2668 3419 2816 3486 pium
2873 3424 2976 3480 est,
3039 3418 3276 3473 osculari
3334 3417 3616 3487 reliquias,
3678 3417 3910 3471 invitare

2267 3507 2429 3570 votis,
2481 3505 2674 3561 etferre
2735 3507 3047 3574 praeconiis,
3107 3507 3598 3561 intercessionibus
3655 3519 3906 3574 poscere,

2269 3594 2521 3664 lacrymis
2550 3594 2806 3649 invocare
2841 3615 2852 3648 :
2895 3595 3226 3650 nocentibus
3254 3595 3486 3656 veniam.
3521 3594 3910 3649 innocentibus

2269 3684 2545 3754 prtesidia,
2578 3683 2822 3738 subsidia
2873 3683 3282 3754 indigentibus;
3335 3683 3404 3739 de
3455 3685 3696 3738 civitatis
3740 3691 3906 3744 statu,

2267 3772 2335 3828 de
2392 3772 2568 3827 salute
2617 3773 2913 3838 communi,
2964 3772 3032 3827 de
3079 3787 3177 3841 spe
3235 3773 3505 3827 bonorum
3559 3771 3802 3827 omnium
3855 3771 3904 3825 in

2266 3862 2538 3916 communi
2599 3867 2874 3930 precatur.
2930 3863 3051 3916 Non
3090 3862 3144 3914 in
3193 3867 3318 3916 cute
3357 3860 3531 3916 solum
3589 3860 3904 3930 hujusmodi

2268 3959 2426 4018 putes
2473 3950 2638 4004 fuisse
2679 3949 2958 4016 laetitiam;
3012 3957 3203 4018 pectus
3249 3957 3303 4004 et
3333 3950 3542 4004 viscera
3591 3950 3711 4018 ipsa
3751 3963 3908 4004 com-

2267 4041 2470 4106 movit;
2518 4039 2809 4094 desideriis
2863 4041 3106 4093 omnium
3154 4037 3492 4094 satisfactum
3521 4046 3604 4094 est
3643 4039 3700 4093 in
3731 4052 3909 4093 reme-

2265 4129 2414 4184 dium
2480 4129 2741 4192 omnium,
2801 4128 3202 4183 oblectamenta
3268 4129 3452 4184 omnia
3517 4133 3906 4183 cucurrerunt.

2264 4217 2499 4272 Effertur
2540 4216 2851 4272 venerabile
2891 4229 3093 4285 corpus
3132 4217 3383 4271 manibus
3409 4216 3788 4280 sacerdotum,
3813 4215 3910 4270 ubi

2264 4319 2419 4361 nova:
2449 4306 2603 4360 urbis
2629 4303 2980 4360 fundamenta
3004 4306 3304 4373 jaciuntur,
3339 4306 3432 4360 ubi
3461 4319 3676 4360 nomem
3705 4318 3911 4360 novum

540 4399 809 4464 possunt;
871 4407 939 4448 ex
981 4393 1070 4448 his
1118 4399 1299 4448 tamen
1354 4392 1478 4448 alia!
1535 4405 1753 4462 semper
1808 4392 2007 4460 virent,
2056 4375 2537 4452 aliaaDexstincto
2612 4397 2796 4465 priore
2871 4395 2955 4451 vel
3029 4397 3084 4451 in
3167 4398 3539 4452 accessionem
3620 4394 3913 4451 validioris

536 4484 715 4539 hieme
746 4483 964 4538 nudatae
994 4495 1164 4538 verno
1195 4488 1442 4551 tempore
1481 4480 1768 4551 tepefacta;
1799 4480 2177 4549 frondescunt,
2263 4499 2551 4552 converso,
2585 4485 2866 4550 exoritur;
2899 4500 2964 4540 ac
3006 4486 3062 4540 in
3109 4484 3407 4540 salutiferae
3448 4486 3631 4540 crucis
3662 4486 3910 4540 sacrario

535 4579 591 4627 et
627 4570 864 4626 tundunt
891 4570 1202 4627 odoriferos
1241 4571 1407 4626 ﬂores
1436 4578 1492 4625 et
1531 4571 1839 4640 germinant
1877 4571 2183 4627 uberrimas
2264 4582 2465 4630 tantam
2498 4575 2816 4645 dignitatem
2849 4583 2904 4629 et
2947 4581 3267 4631 ornamenta
3317 4581 3611 4644 reponunt.
3661 4575 3909 4643 Cumque

534 4660 738 4731 fruges.
782 4661 911 4714 Haec
938 4673 1067 4715 vero
1099 4661 1310 4725 civitas,
1343 4661 1388 4714 si
1439 4660 1677 4713 nominis
1724 4661 2179 4729 significationem
2262 4662 2451 4719 felices
2497 4663 2748 4732 reliquiae
2792 4663 2984 4734 signis,
3016 4663 3312 4718 virtutibus
3358 4663 3425 4718 ad
3472 4674 3716 4718 amorem
3750 4677 3906 4716 suum

532 4749 867 4806 advertimus
914 4748 1121 4819 (Ecana
1170 4750 1334 4804 etiam
1385 4749 1532 4803 dicta
1583 4747 1692 4817 est)
1724 4791 1738 4812 ,
1800 4749 2179 4818 antiquissima
2262 4753 2459 4807 civium
2489 4753 2544 4806 in
2575 4752 2696 4808 dies
2724 4751 3092 4808 accenderent
3122 4752 3354 4816 animos,
3387 4758 3443 4806 et
3471 4752 3825 4820 erumpentia
3857 4752 3906 4804 in

534 4838 656 4905 fuit,
717 4851 839 4893 cum
907 4843 1385 4892 monumentorum
1452 4837 1823 4901 marmoratio,
1892 4851 2176 4892 scenarum

534 4925 912 4991 columnatio,
989 4926 1286 4980 eminentia
1361 4925 1656 4980 culminum
1732 4925 1787 4980 id
1865 4925 2174 4996 designent.

535 5014 673 5071 Huic
712 5014 857 5069 serio
895 5014 952 5068 in
1002 5013 1456 5070 reconciliatione
1489 5015 1666 5082 Trojae
1705 5027 1902 5069 nomen
1943 5015 2178 5084 imponi-

535 5113 662 5171 tur,
732 5109 787 5158 et
851 5103 1057 5173 egregii
1125 5102 1318 5156 titulus
1392 5102 1632 5157 nominis
1705 5109 2175 5159 auctoramentum

532 5191 693 5248 faciat
747 5191 996 5246 novitati.
1051 5193 1307 5246 Putamus
1357 5191 1460 5244 ista
1507 5189 1667 5245 fidem
1708 5204 1876 5260 posse
1927 5206 2178 5262 quaeren-

532 5281 680 5337 tibus
717 5277 918 5347 facere,
951 5292 1094 5352 quos
1123 5280 1225 5335 sub
1255 5279 1432 5348 Troja:
1472 5279 1692 5334 nomine
1731 5278 2029 5349 appellatio
2061 5294 2176 5336 mo-

531 5371 669 5424 verit
717 5369 871 5424 urbis
918 5370 1135 5425 Eeante.
1188 5369 1342 5424 Nunc
1390 5366 1460 5422 ad
1519 5369 1861 5438 propositum
1918 5368 2174 5424 Historiae

530 5457 828 5514 veniamus.

599 5546 731 5599 Cum
762 5547 927 5616 igitur
961 5563 1060 5618 pro
1091 5548 1376 5619 diligentia
1411 5548 1718 5617 principqu
1753 5547 1806 5602 in
1839 5545 2173 5603 fabricandis

2262 4848 2505 4896 maturos
2578 4841 2934 4897 beatitudinis
3016 4841 3209 4896 botros
3291 4839 3574 4910 religionis
3659 4841 3906 4909 germina

2263 4936 2716 5000 prapagarentur,
2749 4931 2818 4986 ab
2852 4931 3116 4999 episcopo
3156 4937 3336 4984 tamen
3377 4928 3530 4983 urbis
3566 4927 3709 4982 nihil
3750 4928 3909 4984 factis

2261 5019 2568 5087 hujusmodi
2605 5019 2972 5074 adhibebatur
3000 5018 3148 5074 tidei.
3177 5018 3434 5088 Impingit
3454 5022 3647 5071 contra
3672 5016 3906 5072 salutem

2262 5107 2452 5176 patria:
2519 5107 2726 5162 crimen
2794 5106 3026 5173 civnbus,
3096 5105 3312 5176 plebem
3379 5105 3632 5160 stultitia:
3701 5106 3904 5175 arguit,

2259 5201 2479 5252 accusat
2529 5196 2809 5266 principes
2856 5195 3202 5262 temeritatis,
3251 5193 3554 5250 Ecclesiam
3610 5200 3905 5248 contuma-

2259 5285 2358 5340 cite
2390 5285 2730 5342 criminatur.
2772 5284 2929 5340 Nulla
2968 5290 3052 5340 est
3089 5284 3434 5355 improperii,
3466 5281 3617 5338 nulla
3650 5283 3908 5348 insaniat,

2258 5374 2405 5430 nulla
2435 5374 2751 5441 derisionis,
2787 5373 2936 5444 quod
2980 5387 3103 5430 eum
3153 5372 3506 5443 praeterierit,
3540 5371 3905 5428 contumelia.

2255 5465 2596 5534 Degenerare
2647 5465 2853 5534 quippe
2901 5462 2969 5518 ab
2999 5463 3226 5533 optimis
3271 5461 3540 5518 institutis
3580 5459 3907 5517 multiformi

2255 5553 2396 5609 malo
2463 5553 2654 5609 civitas
2718 5558 2953 5622 poterat,
3005 5553 3059 5608 ni
3126 5551 3254 5608 felix
3322 5551 3464 5606 hanc
3529 5549 3907 5616 Secundinus,
