4106 6178
207 315 337 370 1297
1274 311 1424 364 VITA
1463 311 1516 364 S.
1559 307 1916 365 SECUNDINI
1953 308 2158 364 EPISC.
2199 309 2495 364 TROJANI.
3435 308 3568 362 1298

201 446 461 512 quantum
492 438 718 504 valeret,
755 451 916 493 manu
963 434 1358 492 misericordia
1405 432 1671 489 tenuisset
1696 432 2091 501 peneAalium
2158 432 2497 502 poenitentiae
2561 432 2884 488 cruciatum.
2949 432 3150 502 Iujuria
3214 433 3420 504 quippe
3485 441 3572 492 est

198 533 307 601 jam
363 529 672 593 cadentem,
728 528 836 595 jam
897 538 1114 595 pessum
1161 531 1403 580 euntem.
1448 522 1586 590 Quid
1636 522 1772 591 agis,
1813 534 1846 575 0
1929 522 2166 592 aliquem
2197 519 2556 577 criminaliter
2585 521 2773 591 plecti,
2802 521 2981 590 quiin
3023 521 3326 591 principem
3366 527 3568 593 poten-

205 619 506 688 episcope?
573 617 737 671 Putas
793 614 890 670 ulli
957 613 1174 683 injuriae
1222 625 1344 667 eum
1381 625 1502 666 esse
1549 610 1847 666 obnoxium
1931 613 2220 676 tissimum,
2253 625 2363 667 non
2389 610 2524 676 odii,
2556 609 2652 666 sed
2692 609 2956 666 fatuitatis
2985 611 3196 666 insania
3225 611 3503 668 insanivit.
3539 631 3568 663 η

206 707 299 778 qui
329 720 389 761 se
435 705 491 760 in
543 704 844 760 aethereum
875 703 1159 765 verticem,
1200 701 1347 756 unde
1377 714 1538 755 nemo
1569 699 1846 766 dejicitur,

207 795 541 851 collocavit?
589 792 728 860 Quid
785 798 876 846 tua
935 789 1121 856 refert,
1172 804 1294 845 cum
1362 788 1530 844 multa
1585 789 1640 842 in
1696 786 1849 842 illum

208 882 614 939 maledictionis
661 881 770 936 tela
817 880 1164 949 conjeceris?
1210 881 1305 934 Est
1351 886 1529 934 autem
1580 879 1697 946 ejus
1743 877 1850 931 im-

210 972 568 1043 penetrabilis
640 971 709 1025 ab
775 969 923 1024 omni
989 969 1325 1024 immissione
1399 968 1590 1022 lorica.
1663 966 1854 1021 Nescis

210 1061 466 1116 duritiam
516 1059 781 1129 lapidum,
833 1058 1035 1128 quibus
1080 1057 1270 1112 civitas
1316 1055 1510 1110 summi
1559 1055 1724 1124 Regis
1751 1067 1850 1108 ex-

210 1149 464 1214 struitur,
517 1147 867 1203 coutumeliae
907 1145 1052 1201 ferro
1101 1144 1620 1215 inexpugnabilem?
1675 1142 1855 1197 Caedis

211 1238 488 1294 caelestem
529 1237 890 1301 adamantem,
925 1243 980 1290 et
1027 1235 1233 1290 deteris
1273 1232 1645 1302 petulantibus
1674 1231 1856 1286 verbis

212 1327 360 1396 quod
435 1326 770 1381 incurrentia
845 1332 1040 1380 cuncta
1118 1323 1382 1378 retundit.
1471 1321 1702 1392 Respice
1786 1320 1853 1375 ad

213 1415 398 1485 obryzi
457 1416 735 1485 rigorem,
804 1415 961 1483 cujus
1020 1413 1263 1468 habitum
1321 1411 1468 1466 nulla
1528 1408 1856 1465 circumfusa

213 1505 427 1559 flamma
475 1503 849 1568 contaminat;
900 1502 1066 1557 multa
1117 1509 1172 1556 et
1215 1501 1269 1556 id
1318 1514 1492 1571 genus
1539 1508 1689 1563 sunt,
1732 1513 1855 1567 quae

215 1594 487 1648 communi
538 1592 664 1663 igne
704 1591 831 1647 laedi
883 1605 992 1646 non
1032 1597 1283 1660 possunt.
1326 1589 1558 1658 Respice
1597 1587 1859 1657 scopulos

214 1683 268 1737 in
308 1682 476 1736 altum
516 1682 816 1750 prujectos,
858 1681 950 1750 qui
991 1694 1137 1734 mare
1176 1678 1396 1748 quidem
1429 1678 1703 1748 frangunt,
1735 1676 1855 1741 sed,

2004 701 2136 756 lnde
2163 701 2395 756 vertitur
2422 700 2490 754 ad
2529 700 2948 755 circumstantes
2980 719 2994 754 :
3037 719 3063 750 «
3115 700 3569 767 Reminiscimini,

1934 790 2132 860 inquit,
2183 804 2216 845 ο
2274 789 2392 855 ﬁlii,
2446 787 2860 844 reminiscimini
2911 789 3105 853 Patris,
3158 789 3571 856 reminiscimini

1934 879 2156 944 amoris,
2188 876 2602 933 reminiscimini
2648 876 2974 940 clementiae,
3025 877 3439 934 reminiscimini
3481 879 3572 934 di-

1935 968 2177 1038 gnitatis.
2211 967 2374 1022 Scitis
2403 967 2536 1036 quid
2566 980 2740 1032 amor,
2763 966 2897 1036 quid
2927 966 3120 1032 virtus,
3153 965 3285 1034 quid
3315 967 3570 1036 gravitas.

1936 1056 2068 1126 quid
2120 1056 2359 1126 denique
2407 1055 2692 1125 diligentia
2739 1069 2857 1109 mea
2903 1055 3061 1111 vobis
3108 1055 3443 1122 contulerit;
3488 1058 3576 1125 ju—

1935 1152 2055 1201 vate
2103 1161 2187 1200 me
2229 1147 2522 1215 precibus,
2571 1152 2783 1200 servate
2839 1145 3069 1214 patrias,
3135 1152 3348 1200 servate
3398 1146 3577 1212 vobis,

1936 1242 2148 1291 servate
2223 1235 2412 1290 liberis
2485 1235 2719 1301 vestris;
2808 1235 3021 1304 placeat
3103 1234 3258 1290 vobis
3346 1233 3574 1290 salutem

1939 1338 2168 1394 poscere
2207 1338 2236 1378 a
2276 1338 2386 1393 quo
2424 1331 2640 1379 constat
2679 1323 2930 1392 equidem
2980 1322 3148 1378 multa
3177 1337 3274 1379 vos
3311 1322 3578 1378 beneﬁcia

1938 1413 2267 1482 suscepisse.
2297 1431 2326 1466 ι)
2369 1414 2540 1483 igitur
2586 1413 2654 1468 ad
2695 1413 2814 1468 haec
2853 1412 3100 1482 episcopi
3128 1413 3294 1468 verba
3332 1411 3581 1468 funditur

1941 1502 2120 1558 omnis
2156 1502 2352 1558 domus
2389 1502 2446 1557 in
2486 1502 2775 1573 lacrymas,
2817 1503 2993 1558 mistte
3033 1502 3314 1558 orationes
3354 1502 3578 1572 gemiti-

1941 1593 2067 1654 bus,
2115 1607 2215 1662 pro
2264 1591 2615 1647 conferendis
2665 1591 2959 1662 suffragiis,
3010 1593 3104 1648 Dei
3142 1592 3472 1648 Geuitricem
3525 1598 3582 1647 et

1941 1681 2312 1738 confessorem
2370 1683 2489 1751 ejus
2556 1681 2834 1751 postulant
2900 1681 3288 1737 Secundinum.
3361 1681 3585 1736 Videres

214 1771 486 1826 verberati
535 1785 633 1840 per
681 1770 849 1825 multa
896 1769 1066 1824 millia
1119 1776 1446 1837 temporum,
1477 1767 1706 1836 vestigia
1751 1780 1854 1820 sae-
1879 1765 2045 1841 Bpro
2085 1772 2259 1827 salute
2299 1771 2593 1841 pontiﬁcis,
2626 1771 2694 1827 de
2733 1771 2898 1827 rebus
2936 1771 3052 1826 suis
3081 1771 3248 1826 multa
3281 1770 3428 1826 cives
3457 1785 3585 1840 pro-

215 1860 359 1915 vitia:
409 1859 612 1914 nullius
661 1859 978 1915 ostendunt.
1031 1859 1200 1912 Tutus
1249 1865 1332 1912 est
1369 1857 1438 1910 ab
1482 1856 1630 1911 omni
1659 1854 1859 1924 injuria

213 1949 574 2014 Secundinus,
625 1948 896 2004 abductus
934 1952 1018 2002 est
1058 1946 1250 2016 majori
1299 1945 1586 2001 intervallo
1635 1958 1664 1999 a
1706 1947 1857 2013 jactu

215 2039 488 2104 telorum;
540 2037 810 2107 quidquid
850 2043 1030 2092 autem
1080 2037 1136 2092 in
1185 2036 1337 2092 illum
1379 2040 1651 2105 proterve,
1695 2041 1861 2103 petu-

215 2127 432 2191 lanter,
484 2126 720 2196 superbe
771 2127 1006 2192 niteris,
1056 2124 1258 2180 frustra
1306 2124 1561 2180 tentabis.
1605 2121 1859 2177 leestia

215 2216 479 2271 humanas
526 2228 720 2270 manus
757 2213 1053 2284 effugiunt,
1104 2213 1253 2268 nulla
1303 2214 1357 2267 in
1408 2211 1580 2266 solem
1630 2208 1858 2283 missilia

216 2318 444 2375 prorsus
489 2304 797 2358 incurrunt.
850 2303 985 2369 Erit,
1027 2302 1133 2357 erit
1184 2315 1284 2370 pro
1341 2305 1517 2364 certo,
1567 2299 1661 2368 qui
1707 2297 1860 2353 illum

212 2393 491 2461 vindicet;
525 2395 631 2448 erit
661 2392 756 2461 qui
795 2399 850 2447 et
889 2391 944 2446 in
991 2397 1045 2446 te
1091 2389 1300 2460 spicula
1348 2389 1559 2444 doloris
1587 2387 1857 2454 intendat,

213 2496 337 2551 quae
382 2495 493 2536 non
551 2481 648 2536 illo
697 2493 864 2536 nervo
913 2479 1235 2549 quatiuntur
1277 2483 1336 2532 ut
1382 2477 1582 2532 frustra
1621 2483 1676 2531 et
1724 2475 1860 2531 citra

215 2585 274 2626 se
306 2570 623 2635 concidant,
671 2569 768 2624 sed
817 2568 980 2635 latus,
1011 2567 1109 2622 sed
1139 2567 1370 2632 viscera,
1411 2566 1507 2621 sed
1556 2579 1653 2621 cor
1681 2566 1858 2633 ipsum

217 2660 506 2717 tormentis
555 2672 813 2729 expressa
861 2659 947 2729 [f.,
990 2658 1275 2725 impressa,
1317 2658 1377 2711 E.
1432 2653 1512 2727 P.]
1562 2654 1854 2725 conligant.

219 2751 434 2806 Feritur
478 2750 691 2805 interea
739 2762 806 2803 ex
845 2747 1143 2816 improviso
1173 2746 1468 2815 episcopus
1498 2744 1610 2800 telo
1650 2742 1857 2810 lateris,

217 2852 549 2910 quocunque
580 2836 891 2892 miserabile
914 2850 1118 2905 corpus
1145 2835 1393 2899 inclinat,
1418 2833 1686 2888 incumbit
1709 2831 1862 2887 dolo-

217 2930 391 2994 ribus,
423 2927 837 2996 suspenduntur
881 2926 935 2979 in
984 2926 1198 2994 longam
1231 2923 1466 2993 vigiliam
1518 2923 1684 2989 oculi,
1727 2921 1863 2976 ﬁunt

217 3016 500 3086 refrigeria
537 3016 831 3079 cruciatus,
867 3013 1166 3068 remedium
1216 3011 1547 3082 pestilentia,
1589 3010 1862 3066 medicina

1941 1861 2191 1926 fundere,
2232 1867 2356 1916 vota
2404 1873 2693 1916 numerosa
2741 1860 3082 1930 promittere,
3114 1860 3210 1915 Dei
3241 1859 3588 1929 ompipotem

1942 1951 2070 2006 tiam
2137 1949 2314 2006 modis
2379 1949 2634 2005 omnibus
2694 1948 3027 2019 supplicare.
3086 1949 3221 2004 Dum
3274 1947 3587 2019 bujusmodi

1943 2041 2108 2096 rebus
2145 2040 2438 2103 insistitur,
2479 2039 2647 2094 sentit
2695 2039 2990 2108 episcopus
3036 2038 3346 2096 orationum
3393 2038 3586 2094 suifra-

1943 2130 2050 2199 gia,
2085 2129 2306 2198 penitus
2343 2128 2665 2183 discessisse
2713 2127 2962 2184 dolorem
3010 2127 3229 2193 clamat,
3262 2127 3494 2183 liberum
3525 2142 3584 2182 se

1946 2216 2263 2274 multiformi
2307 2216 2449 2272 malo
2501 2217 2838 2287 pronuntiat.
2879 2218 3088 2283 Quanta
3118 2215 3185 2271 ad
3217 2215 3337 2272 haec
3365 2215 3585 2286 Trojani

1945 2307 2133 2377 populi
2161 2306 2477 2377 gratulatio,
2511 2312 2713 2376 quanta
2743 2305 2933 2362 laetitia
2963 2306 3158 2362 oborta
3188 2303 3309 2369 fuit,
3342 2319 3464 2361 cum
3499 2319 3584 2368 ea,

1943 2410 2066 2465 qua:
2126 2409 2226 2465 pro
2283 2395 2456 2451 salute
2513 2394 2751 2465 pastoris
2803 2395 3077 2450 communi
3134 2393 3425 2464 suffragio,
3480 2407 3586 2449 una

1944 2492 2124 2541 mente
2181 2491 2346 2554 atque
2400 2485 2600 2540 virtute
2651 2490 2962 2554 gesserant,
3023 2497 3285 2554 prospere
3337 2483 3584 2540 evenisse

1943 2575 2386 2629 arbitrabantur!
2439 2575 2609 2644 Igitur
2657 2575 2998 2642 episcopum,
3041 2572 3325 2628 beneﬁciis
3372 2574 3583 2628 Secun-

1943 2663 2058 2719 dini
2095 2663 2425 2719 liberalitate
2454 2663 2803 2732 conquisitis,
2823 2661 3031 2716 nullum
3053 2667 3289 2732 tempus,
3315 2661 3459 2716 nulla
3481 2662 3582 2725 vis,

1946 2752 2092 2808 nulla
2123 2753 2340 2808 occasio
2372 2752 2584 2816 tenuit;
2625 2751 2720 2807 sed
2745 2750 3052 2816 confestim,
3080 2757 3240 2805 utens
3260 2764 3360 2818 pro
3386 2751 3585 2819 pedum

1945 2841 2128 2898 ofﬁcio
2159 2842 2431 2906 manibus,
2457 2842 2550 2896 tibi
2581 2848 2739 2896 erant
2767 2839 3064 2896 Secundini
3095 2839 3344 2909 reliquiae
3375 2839 3582 2917 pergit;

1945 2945 2106 3000 quem
2154 2931 2472 2986 sacerdotes
2509 2945 2631 2985 cum
2679 2929 3033 2993 aromatibus,
3077 2943 3197 2984 cum
3238 2926 3588 2983 candelarum

1949 3020 2182 3090 populus
2222 3020 2418 3076 hostiis
2455 3019 2784 3075 subsecutus
2811 3062 2825 3082 ,
2872 3019 2964 3073 ubi
3021 3019 3089 3073 ad
3137 3017 3329 3074 Crucis
3363 3017 3591 3072 viviﬁcaa

216 3119 486 3160 venenum
515 3147 530 3171 ,
579 3105 687 3158 vita
744 3103 1019 3158 interitus.
1079 3103 1272 3158 Moeret
1335 3101 1550 3165 domus,
1610 3100 1861 3154 turbatur
1883 3097 1927 3157 ϐ
1949 3109 2210 3177 templum
2238 3116 2456 3164 ventum
2497 3115 2600 3172 est,
2633 3122 2690 3162 se
2725 3114 2841 3163 toto
2880 3107 2935 3162 in
2968 3113 3168 3161 terram
3198 3119 3432 3174 corpore
3464 3119 3593 3174 pro-

219 3195 440 3261 civitas,
509 3193 895 3263 impendendis
960 3191 1220 3247 remediis
1285 3191 1482 3246 medici
1553 3191 1860 3246 laborantes

1947 3198 2137 3251 stravit
2175 3196 2507 3266 episcopus;
2540 3196 2690 3250 illum
2723 3209 2958 3265 poscens
2987 3203 3336 3265 peccatorum
3367 3208 3590 3250 suorum

223 3283 354 3338 nihil
391 3284 704 3353 proﬁciunt.
757 3284 816 3336 ln
866 3281 1202 3336 contrarium
1255 3279 1398 3334 enim
1429 3279 1660 3333 vertitur
1695 3277 1862 3347 quid-
1945 3286 2176 3350 veniam,
2227 3286 2321 3354 qui
2374 3285 2662 3340 verberato
2711 3284 2999 3338 doloribus
3045 3283 3266 3350 οοιιροιιί
3309 3283 3420 3349 jam
3459 3296 3594 3337 con.

221 3372 352 3441 quid
402 3372 587 3427 tutela:
637 3372 892 3439 corporis
939 3369 1234 3433 invenitur,
1268 3374 1633 3436 aspernantur
1681 3381 1862 3422 reme-
1947 3372 2148 3427 tulerat
2236 3372 2583 3426 medicinam.
2677 3373 2878 3425 Sancto
2963 3369 3276 3424 Secundino
3367 3384 3590 3439 quoque

221 3461 370 3515 dium
419 3460 682 3515 validiora
733 3463 1024 3519 tormenta,
1076 3464 1131 3510 et
1169 3457 1502 3510 insanabiles
1553 3455 1729 3510 morbi
1773 3453 1866 3508 fu-
1946 3461 2134 3516 antisti
2192 3461 2451 3514 maximas
2501 3460 2614 3529 egit
2668 3465 2722 3513 et
2788 3458 2978 3512 habuit
3033 3465 3217 3528 grates
3270 3458 3419 3527 quod
3476 3460 3588 3514 voti

219 3551 376 3620 giunt
404 3549 751 3604 medicinam.
803 3549 1044 3600 Fuerunt
1091 3545 1338 3613 plerique
1369 3546 1461 3612 qui
1502 3543 1654 3598 illum
1694 3557 1866 3612 prope

220 3637 528 3693 funeratam
556 3635 684 3690 facti
723 3635 1042 3704 improperii
1085 3641 1448 3687 memorarent
1499 3631 1610 3703 (4),
1668 3652 1692 3680 α
1735 3632 1864 3686 dum

222 3726 564 3794 poenitentia;
605 3725 760 3778 locus
789 3730 954 3788 esset,
989 3728 1224 3776 mutaret
1264 3723 1626 3790 propositum,
1659 3720 1866 3776 rediret

221 3816 276 3870 in
317 3815 479 3879 viam,
511 3826 754 3869 errorem
785 3818 1095 3880 sperneret,
1137 3810 1206 3865 de
1245 3809 1542 3864 Secundini
1572 3809 1866 3866 virtutibus

223 3917 333 3959 non
385 3903 726 3971 desperaret.
762 3920 790 3950 »
850 3900 1091 3954 lntendit
1140 3901 1193 3953 in
1234 3899 1536 3954 menitores
1581 3913 1712 3954 suos
1750 3900 1867 3968 epi-

221 4007 444 4062 scopus,
487 3998 542 4045 et
588 3991 861 4044 submisse
900 3988 1145 4058 quidem,
1181 4001 1290 4042 non
1339 3988 1483 4042 enim
1521 3988 1682 4043 aliter
1713 3993 1868 4057 pote-

225 4089 326 4147 rat,
369 4080 640 4136 facturum
689 4094 768 4144 se,
811 4079 969 4146 cujus
1007 4085 1126 4132 erat
1172 4077 1506 4141 admonitus,
1551 4077 1864 4146 pollicetur,

222 4183 468 4238 sperans,
502 4169 546 4224 si
596 4168 760 4223 modo
811 4167 1148 4236 paenitentiae
1197 4167 1431 4236 spatium
1471 4167 1867 4233 intercesserit,

222 4259 450 4313 salutem
517 4259 837 4327 veniamque
906 4256 1204 4311 Secundini
1266 4256 1475 4311 meritis
1545 4256 1866 4326 promereri,

223 4361 385 4415 quem
418 4348 705 4402 nominans
733 4346 813 4400 sic
842 4345 1174 4413 appellabat.
1229 4361 1256 4396 «
1290 4348 1332 4399 Ο
1370 4344 1499 4398 felix
1531 4345 1864 4408 Secundine,

1947 3563 2174 3618 compos
2212 3547 2386 3603 factus
2420 3555 2586 3612 esset,
2618 3547 2765 3616 quod
2799 3548 2852 3602 in
2893 3546 3035 3616 ejus,
3065 3561 3229 3616 quem
3262 3547 3587 3613 offenderat,

1947 3639 2172 3709 gratiam
2204 3637 2462 3702 venisset,
2507 3652 2605 3706 per
2642 3651 2802 3706 quem
2844 3651 3006 3706 posse
3055 3636 3249 3706 pedem
3291 3651 3495 3706 ponere
3536 3639 3590 3692 in

1947 3729 2072 3783 vita:
2103 3733 2324 3782 aeternae
2356 3727 2756 3796 possessionem
2787 3732 3055 3796 speraret.

2020 3818 2190 3871 Fuere
2220 3815 2315 3884 qui
2354 3815 2617 3884 episcopo
2649 3815 2718 3870 de
2750 3814 3017 3869 industria
3065 3814 3361 3870 suaderent
3411 3815 3592 3884 (puta-

1949 3906 2080 3959 bant
2109 3912 2289 3960 autem
2329 3917 2453 3959 eum
2483 3904 2759 3965 dubitare)
2800 3910 2878 3967 ut,
2916 3903 3038 3972 (qui
3067 3904 3305 3960 debebat
3327 3905 3593 3972 subjectis

1949 3994 2262 4058 consulere,
2294 3992 2697 4047 constituendae
2745 3991 3060 4047 credulitati
3107 3992 3380 4057 laborare,
3412 3994 3596 4061 cujus-

1950 4097 2058 4152 que
2112 4083 2254 4151 juris
2308 4087 2454 4136 esset
2509 4081 2712 4150 quibus
2777 4085 3034 4148 parerent
3098 4094 3370 4149 quemque
3436 4083 3592 4150 sequi

1953 4172 2220 4227 deberent
2267 4170 2604 4238 ostendere),
2656 4168 3010 4238 reliquiarum
3058 4177 3266 4237 partem
3316 4170 3372 4224 in
3412 4170 3590 4239 ignem

1955 4260 2241 4328 probatum
2311 4258 2591 4321 mitteret,
2659 4263 2718 4310 ut
2782 4270 2850 4310 ex
2916 4255 3209 4311 multorum
3276 4257 3595 4324 pectoribus

1953 4348 2250 4403 dubietatis
2296 4346 2493 4400 vulnus
2547 4357 2708 4399 omne
2767 4343 3059 4397 recideret.
3117 4342 3350 4397 Probata
3413 4349 3595 4400 tamen

220 4449 384 4506 quem
429 4438 570 4491 Deus
619 4449 800 4490 rerum
857 4433 1098 4488 omnium
1143 4434 1346 4486 Ρθνθιιδ
1394 4441 1673 4499 Parente"!
1721 4422 2304 4504 Tro-Dreliquiarum
2368 4435 2559 4497 virtus,
2620 4433 2768 4503 quod
2825 4431 3177 4495 suadebatur,
3241 4431 3595 4489 dissuadebat

215 4529 361 4592 jana:
401 4525 640 4594 providit
689 4523 904 4593 patriae,
956 4521 1009 4575 in
1064 4522 1222 4587 cujus
1259 4518 1606 4574 commodum
1645 4519 1868 4586 impen-

221 4613 388 4668 dendi
438 4612 714 4676 beneﬁcii,
768 4609 1171 4666 constituendae
1209 4608 1422 4672 salutis,
1473 4607 1866 4662 conservanda:

220 4703 513 4768 libertatis,
555 4709 704 4757 totus
753 4700 1079 4756 incumbis:
1149 4698 1297 4752 adsis
1355 4696 1487 4752 mihi
1540 4703 1648 4752 tua:
1704 4695 1866 4751 bona:

221 4791 519 4846 voluntatis
583 4790 810 4859 indigno
845 4831 859 4854 ,
928 4803 1029 4843 nec
1089 4787 1314 4856 patiaris
1380 4792 1587 4855 partem
1652 4800 1682 4839 a
1748 4791 1866 4840 toto

220 4879 427 4944 divelli,
470 4881 627 4947 cujus
666 4879 953 4948 potestatis
982 4883 1066 4932 est
1095 4877 1337 4932 omnium
1367 4876 1422 4930 in
1454 4876 1725 4946 integrum
1757 4875 1864 4930 mi-

219 4969 428 5025 sereri!

295 5077 321 5103 α
386 5056 467 5110 Me
526 5054 822 5108 miserum!
884 5052 1072 5107 delicti
1137 5066 1406 5117 accusor,
1473 5065 1539 5105 an
1609 5053 1865 5120 peccati?

219 5145 486 5214 Equidem
513 5143 820 5212 utriusque,
854 5155 963 5196 nou
995 5142 1141 5195 enim
1182 5143 1237 5195 in
1269 5148 1344 5205 te,
1377 5140 1525 5209 quod
1554 5141 1740 5206 debui,
1773 5155 1862 5196 so-

220 5233 473 5287 lemniter
513 5232 680 5296 colui,
731 5231 828 5285 sed
878 5231 979 5294 tui,
1029 5232 1177 5298 quod
1229 5243 1337 5283 nou
1395 5228 1582 5292 debui,
1632 5229 1861 5284 oblitum

215 5322 296 5376 ire
348 5321 610 5390 populum
658 5319 950 5376 concitavi.
992 5318 1150 5372 Solve
1191 5325 1371 5372 tamen
1412 5319 1621 5385 peccati
1647 5319 1859 5389 jugum,

214 5424 400 5466 assere
430 5409 642 5464 doloris
679 5407 1100 5464 irremediabilis
1128 5420 1364 5472 servum,
1397 5404 1588 5462 confer
1615 5410 1864 5475 quemvis

1951 4524 2254 4592 episcopo;
2304 4522 2401 4577 sed
2452 4522 2600 4592 quod
2641 4519 3106 4575 animadvertebat
3155 4533 3315 4588 posse
3346 4521 3413 4576 ad
3444 4536 3594 4578 com-

1953 4613 2211 4682 pendium
2271 4613 2460 4682 populi
2517 4611 2767 4681 legaliter
2817 4610 2954 4674 ﬁeri,
3018 4609 3178 4665 ﬁdem
3235 4611 3595 4667 suadentibus

1949 4699 2335 4755 commodavit.
2375 4700 2661 4755 Jaciuntur
2700 4699 2754 4752 in
2807 4711 3009 4766 prunas
3056 4697 3325 4767 reliquiae,
3359 4699 3596 4770 instatur

1950 4788 2194 4857 undique
2253 4788 2514 4850 flatibus,
2575 4787 2634 4840 ﬁt
2693 4786 2748 4840 in
2815 4785 2926 4840 illis
2990 4785 3147 4840 color
3211 4786 3590 4852 rubicundus;

1948 4877 2144 4932 saltum
2170 4877 2387 4932 tandem
2428 4891 2494 4930 ex
2533 4877 2658 4945 igne
2688 4873 2930 4939 faciunt;
2965 4874 3113 4930 nulla
3144 4875 3198 4930 in
3234 4875 3345 4930 illis
3373 4876 3595 4931 combu-

1947 4967 2145 5021 stiouis
2201 4973 2328 5022 nota
2387 4965 2680 5027 invenitur,
2740 4965 2884 5019 sicut
2940 4963 2996 5017 hi
3050 4964 3144 5032 qui
3193 4971 3398 5032 praesto
3438 4971 3595 5019 erant

1947 5055 2274 5109 retulerunt.
2304 5052 2553 5108 Gaudent
2602 5052 2790 5121 populi
2829 5051 3078 5106 mirabile
3117 5050 3339 5116 factum,
3372 5059 3595 5107 sumunt

1945 5145 2154 5199 alacres
2209 5143 2422 5197 animos
2474 5140 2734 5196 secundis
2791 5141 2974 5196 rebus.
3043 5140 3349 5209 Episcopus
3411 5146 3592 5196 autem

1947 5246 2140 5303 magna
2171 5230 2581 5300 exspectatione
2615 5231 2668 5284 iu
2707 5229 3032 5284 concionem
3061 5229 3245 5295 venit;
3287 5229 3592 5284 conciona-

1951 5329 2037 5377 tus
2065 5327 2149 5376 est
2178 5319 2326 5390 quod
2361 5318 2619 5389 perutilia
2653 5318 2841 5386 patriae
2873 5317 3179 5386 patrocinia
3219 5317 3588 5387 possiderent,

1944 5410 1990 5464 si
2021 5409 2131 5465 illis
2151 5409 2229 5463 uti
2257 5409 2543 5463 honestate
2575 5407 2831 5476 magistra
2862 5404 3156 5474 placuisset
3183 5426 3197 5470 ;
3231 5406 3594 5462 concionatus

282 5579 358 5650 (4)
385 5576 710 5649 lmproprie,
741 5591 841 5646 pro
871 5576 1400 5646 commonefacerent;
1445 5575 1482 5629 i.
1516 5589 1568 5629 e.
1603 5589 1752 5629 suum
1782 5574 1832 5628 ei
1857 5573 2223 5646 improperium
2250 5574 2306 5624 in
2335 5571 2633 5625 memoriam
2674 5573 3001 5627 revocarent.
