4106 6178
562 328 699 381 1299

1684 325 2024 380 GUAIFEIUI
2062 323 2448 381 CASINENSIS
2486 323 2785 377 MONACHI

3801 326 3928 380 1300

557 460 662 524 est,
712 458 768 510 et
822 453 1026 526 gratias
1063 454 1173 524 egit
1221 450 1370 522 quod
1423 450 1505 506 sic
1551 451 1620 505 de
1663 464 1782 518 sua,
1832 456 1893 506 ut
1930 450 1999 506 de
2039 448 2411 518 com-Aquae
2468 446 2562 503 Dei
2620 451 2846 515 possent
2910 444 3179 501 inclinare
3232 445 3598 515 clementiam,
3656 449 3823 521 erigit
3873 467 3929 509 se

558 544 709 602 muni
748 544 989 601 omnium
1022 543 1197 599 salute
1236 542 1591 605 laetarentur;
1633 541 1995 597 concionatus
2023 547 2107 596 est
2142 546 2203 595 ut

559 633 962 703 constituendae
985 630 1233 688 ecclesiae
1255 644 1475 701 operam
1500 630 1714 696 darent,
1736 643 1965 701 eamque
1985 629 2202 685 demum

560 725 907 796 perlicerent,
939 737 1062 793 quae
1118 720 1431 777 Secundino
1473 720 1773 776 venerabili
1823 719 1986 791 digna
2036 725 2201 785 esset,

560 813 707 870 unde
736 812 882 868 idem
925 814 1113 880 posset
1141 823 1360 880 semper
1396 809 1705 876 advertere,
1746 823 1963 879 semper
2000 809 2203 864 habere

559 903 773 971 Trojam
819 900 875 956 in
915 899 1088 967 vultu,
1128 900 1344 968 Trojam
1383 899 1440 954 in
1489 897 1686 966 oculis,
1727 898 1943 968 Trojam
1983 897 2040 953 in
2081 911 2201 954 ore.

560 990 664 1046 Sed
696 990 815 1045 haec
845 989 1130 1053 hactenus,
1164 1002 1309 1044 nunc
1337 988 1406 1045 ad
1446 988 1658 1059 reliqua
1686 988 1986 1044 veniamus.

632 1078 725 1148 Vir
777 1078 1019 1148 quidam,
1077 1079 1254 1134 Teuzo
1314 1077 1557 1146 nomine,
1625 1092 1826 1148 genere
1880 1076 2204 1147 Aquitanus,

560 1167 829 1225 orationis
865 1166 1070 1234 studio,
1113 1167 1262 1238 quod
1302 1167 1581 1237 praecipue
1626 1166 1806 1237 gentis
1852 1165 2002 1222 illius
2038 1166 2209 1221 moris

561 1264 664 1324 est,
696 1256 765 1311 ad
804 1255 1179 1325 apostolorum
1206 1255 1516 1326 principem
1554 1257 1779 1313 Romam
1820 1254 1988 1322 venit,
2028 1253 2207 1309 adnit-

560 1352 712 1402 tente
762 1345 985 1414 quidem
1034 1350 1246 1411 matre,
1305 1359 1428 1415 quae
1480 1345 1682 1401 amoris
1728 1343 1923 1400 aﬁ‘ectu
1972 1344 2206 1413 seipsam

560 1435 674 1492 ﬁlio
713 1435 969 1494 comitem
1025 1434 1243 1490 itineris
1290 1434 1547 1504 praebuit.
1607 1433 1710 1490 Ubi
1758 1447 1858 1503 per
1893 1438 2207 1489 sanctorum

561 1527 808 1584 locorum
865 1525 1131 1582 circuitus
1186 1523 1507 1581 solemniter
1552 1523 1752 1581 ofﬁciis
1808 1538 1908 1594 pro
1960 1531 2207 1594 tempore

564 1616 707 1673 datis
759 1615 982 1688 (citabat
1037 1613 1182 1671 enim
1248 1628 1371 1669 eum
1436 1614 1504 1669 ad
1556 1614 1661 1669 alia
1716 1614 1836 1669 loca
1874 1612 2208 1669 venerabilia

565 1704 853 1776 transitus)
908 1705 1129 1761 domum
1188 1703 1489 1758 beatissimi
1538 1702 1852 1773 archangeli
1907 1701 2207 1769 Michaelis,

2286 542 2461 592 totum
2522 540 2739 603 mente,
2799 535 2954 604 quasi
2994 536 3051 590 in
3105 536 3403 591 Secundini
3441 538 3690 595 visibiles
3746 542 3932 598 oculos

2286 630 2562 696 precatur,
2630 624 2969 692 obtestatur,
3035 630 3194 680 vovet
3248 639 3309 681 se
3365 640 3641 697 nunquam
3704 630 3774 685 ab
3838 630 3927 686 illo

2286 728 2650 778 recessurum,
2683 714 2731 768 si
2765 713 3051 783 pristinam
3089 713 3197 769 sibi
3226 714 3487 771 redderet
3514 718 3827 774 sanitatem.

2356 806 2598 875 Cumque
2647 803 2703 858 in
2754 805 2873 873 ejus
2925 801 3174 858 aﬁ‘ectum
3224 802 3473 874 reliqua,
3533 812 3594 861 ut
3648 806 3926 879 linguam,

2288 895 2531 951 membra
2560 893 2814 949 nesciens
2844 898 3044 959 movet,
3080 893 3318 948 recurrit
3345 894 3413 950 ad
3444 894 3686 952 animum
3713 916 3726 950 :
3760 903 3927 954 tentat

2287 998 2477 1041 revera
2533 996 2752 1039 movere
2810 995 3040 1048 manus,
3099 990 3319 1051 movet;
3374 986 3674 1041 extendere
3740 987 3922 1056 pedes,

2289 1073 2572 1139 extendit;
2604 1085 2851 1142 surgere,
2890 1071 3104 1141 surgit;
3137 1071 3414 1139 incedere,
3463 1074 3697 1130 incedit.
3748 1075 3928 1132 Excla-

2289 1168 2399 1220 mat
2426 1176 2536 1234 quo
2567 1161 2731 1217 altius
2759 1160 2903 1217 valet
2933 1180 2962 1211 «
2991 1174 3181 1216 sanum
3207 1175 3267 1217 se
3293 1176 3412 1218 esse
3442 1163 3631 1232 pedes,
3667 1170 3727 1220 et
3753 1167 3929 1221 omnia

2288 1252 2530 1309 membra
2568 1249 2807 1308 ofﬁcium
2862 1264 3018 1305 suum
3076 1250 3300 1306 habere.
3353 1269 3383 1302 υ
3450 1253 3581 1308 Ηαξο
3626 1253 3803 1324 igitur
3836 1269 3933 1311 vox

2289 1354 2485 1412 magno
2531 1339 2717 1395 audita
2776 1338 3075 1404 desiderio,
3129 1338 3524 1409 aliquantulum
3581 1342 3810 1397 sustulit
3871 1344 3932 1398 ad

2291 1430 2709 1486 aedificationem
2756 1427 2970 1484 ordinis
3007 1428 3375 1485 sacerdotum.
3416 1431 3621 1487 Tantus
3660 1433 3809 1487 enim
3840 1431 3934 1487 fuit

2289 1521 2347 1576 in
2395 1519 2558 1575 laude
2604 1532 2732 1573 vera
2770 1517 3054 1588 splendor,
3105 1523 3255 1573 tanta
3302 1517 3359 1574 in
3406 1520 3628 1591 populis
3651 1521 3932 1590 jubilatio,

2289 1615 2440 1665 tanta
2478 1608 2718 1679 denique
2756 1607 2949 1663 laetitia
2978 1608 3034 1662 in
3065 1606 3216 1664 clero
3248 1612 3307 1664 ut
3356 1623 3468 1678 pra:
3499 1611 3669 1665 nimia
3697 1612 3935 1667 exsulta-

2290 1699 2441 1755 tione
2496 1696 2823 1753 universitas
2877 1694 2973 1751 illa
3024 1696 3274 1765 gestiret.
3322 1696 3548 1754 Videres
3603 1699 3934 1756 incolumem

562 1809 688 1865 quae
761 1794 865 1850 sita
937 1802 1022 1850 est
1084 1806 1251 1862 supra
1311 1793 1542 1863 Gargani
1616 1792 1821 1848 montis
1882 1782 2513 1856 altissimumBoperam
2550 1799 2704 1842 suam
2734 1784 2947 1840 medico
2978 1784 3425 1841 affectuosissime
3455 1786 3733 1856 polliceri,
3763 1790 3934 1844 stabi-

562 1884 845 1950 verticem,
878 1882 1049 1949 adiit;
1082 1881 1135 1936 in
1168 1895 1277 1951 qua
1313 1880 1593 1948 nimirum,
1626 1886 1683 1937 et
1720 1882 1850 1951 quia
1878 1881 2037 1938 devia
2065 1887 2203 1948 erat,

565 1978 622 2029 et
668 1972 797 2044 quia
841 1970 1078 2028 orationi
1118 1982 1316 2040 pacare
1362 1968 1701 2036 decreverat,
1748 1970 1877 2025 dum
1914 1970 2207 2025 stationem

565 2076 717 2118 suam
755 2062 813 2116 in
851 2060 1123 2117 diutinum
1161 2066 1378 2129 tempus
1424 2058 1775 2126 extenderet,
1831 2065 2032 2126 mater,
2082 2073 2206 2128 qua:

564 2150 720 2207 illum
767 2149 947 2206 fuerat
993 2153 1203 2215 secuta,
1253 2146 1587 2218 defungitur.
1633 2148 1733 2215 Qui
1781 2162 1903 2203 cum
1936 2148 2048 2218 jam
2094 2146 2209 2204 fere

564 2239 781 2303 cunctis
822 2239 1118 2296 destitutus
1164 2236 1291 2294 vitae
1337 2236 1570 2304 solatiis,
1612 2236 1976 2304 orationibus,
2024 2236 2209 2308 lacry-

568 2329 671 2385 mis
736 2333 791 2385 et
847 2326 1143 2397 ejulatibus
1206 2325 1547 2382 incubuisset
1601 2324 1683 2395 (ﬁt
1745 2325 1892 2380 enim
1946 2340 2095 2395 saepe
2151 2330 2212 2382 ut

564 2420 802 2488 majores
866 2416 1106 2472 tristitia:
1172 2417 1432 2485 majorem
1500 2414 1716 2484 pariant
1768 2414 2208 2486 valetudinem),

567 2505 880 2572 insanabili,
923 2510 982 2561 ut
1009 2504 1317 2570 videbatur,
1359 2503 1689 2573 pestilentia:
1736 2504 1930 2559 morbo
1979 2517 2212 2572 percus-

565 2610 660 2652 sus
697 2601 819 2664 est;
859 2594 936 2651 ita
974 2594 1197 2664 quidem
1226 2600 1285 2649 ut
1339 2607 1466 2663 pars
1493 2593 1860 2649 membrorum
1890 2606 2115 2649 suorum
2144 2607 2211 2649 eo

566 2684 738 2751 invito
789 2688 1160 2749 moverentur,
1210 2681 1315 2737 alia
1362 2695 1582 2753 quoque
1631 2683 1711 2737 sic
1749 2688 1934 2737 essent
1962 2681 2116 2737 arida
2153 2687 2213 2738 ut

564 2788 632 2830 ex
676 2772 787 2830 illis
823 2771 1054 2839 nullum,
1109 2770 1257 2842 quod
1305 2772 1513 2827 sentire
1554 2777 1761 2840 posset,
1804 2770 2078 2838 haberet;
2122 2772 2212 2826 vix

565 2862 734 2930 oculi,
766 2862 855 2917 vix
903 2875 1096 2916 manus
1132 2859 1189 2916 in
1221 2874 1322 2917 suo
1355 2867 1512 2915 erant
1541 2859 1747 2927 ofﬁcio,
1781 2874 1943 2916 crura
1988 2874 2211 2931 quoque

566 2958 622 3017 et
674 2950 846 3022 pedes
902 2949 1122 3005 natibus
1184 2948 1532 3005 adhaerentes
1585 2963 1807 3020 gressus
1852 2948 2206 3015 ademerant;

2289 1876 2445 1932 litum
2482 1876 2600 1941 ire;
2652 1889 2713 1931 se
2762 1874 2864 1941 illi,
2914 1879 2975 1929 ut
3017 1880 3367 1942 convenerat,
3426 1877 3706 1947 mancipio
3764 1877 3931 1933 dare:

2289 1964 2442 2021 illum
2472 1963 2725 2034 corporis
2752 1964 2838 2019 sui
2866 1969 3169 2030 auctorem,
3210 1962 3362 2019 illum
3392 1965 3680 2021 custodem
3718 1968 3930 2033 animaa,

2289 2054 2442 2110 illum
2473 2054 2558 2108 sui
2587 2052 2903 2123 largitorem
2933 2051 3187 2107 beneﬁcii
3217 2051 3576 2122 gloriabatur.

2362 2141 2557 2197 Mansit
2598 2141 2656 2196 in
2703 2141 2812 2197 hoc
2860 2140 3146 2211 proposito
3203 2140 3323 2196 dies
3368 2141 3661 2198 admodum
3711 2157 3930 2214 paucos.

2291 2233 2463 2288 Batus
2526 2231 2673 2287 enim
2724 2243 2824 2300 pro
2881 2243 2941 2285 se
3001 2243 3122 2285 esse
3180 2228 3410 2299 patriam
3464 2238 3675 2300 petere,
3731 2232 3934 2287 amicos

2291 2321 2488 2387 visere,
2539 2318 2701 2391 fregit
2749 2317 2897 2389 quod
2944 2317 3001 2373 in
3050 2317 3146 2373 Dei
3184 2316 3320 2373 facie
3359 2319 3665 2376 stabilierat
3695 2329 3929 2390 pactum,

2293 2409 2520 2464 mutavit
2584 2407 3025 2478 praecipitatione
3090 2406 3381 2462 consilium
3424 2450 3439 2473 ,
3507 2410 3727 2479 negavit
3790 2410 3933 2466 nulla

2294 2497 2621 2553 necessitate
2660 2495 2988 2566 promissum
3016 2515 3031 2562 ;
3060 2500 3135 2563 et,
3166 2496 3296 2566 quia
3326 2496 3513 2552 timori
3537 2504 3657 2553 erat
3679 2497 3853 2554 solum
3882 2504 3936 2553 et

2294 2586 2669 2644 incomitatum
2734 2591 2844 2640 tam
2910 2584 3264 2655 longinquam
3322 2586 3546 2657 aggredi
3607 2587 3746 2642 viam
3788 2630 3805 2655 ,
3868 2587 3933 2642 ad

2293 2675 2680 2732 inveniendum
2734 2674 2951 2731 itineris
2992 2675 3177 2731 socios
3231 2675 3457 2730 Romam
3519 2677 3779 2733 accessit.
3840 2676 3935 2732 [hi

2293 2779 2476 2830 autem
2524 2772 2762 2842 repertis
2797 2771 2967 2830 sociis
3004 2772 3185 2843 pergit
3229 2772 3310 2828 ire
3340 2815 3355 2839 ,
3410 2772 3670 2830 valetudo
3708 2775 3936 2844 pristina

2293 2863 2486 2918 adimit
2529 2876 2771 2933 gressus,
2822 2868 2978 2931 parat
3020 2862 3223 2928 redire,
3263 2876 3485 2934 gressus
3532 2864 3768 2919 resumit
3823 2861 3941 2919 offi-

2294 2952 2476 3018 cium;
2510 2955 2667 3022 parat
2703 2950 2878 3019 abire,
2909 2952 3107 3007 iterum
3142 2951 3396 3020 pedibus,
3437 2953 3691 3009 manibus
3719 2960 3777 3009 et
3826 2959 3939 3010 toto

564 3040 748 3111 lingua
786 3045 1017 3106 tantum,
1051 3053 1119 3094 ne
1160 3042 1311 3094 recte
1350 3039 1593 3108 quidem,
1624 3045 1835 3094 naturae
1883 3039 2209 3096 beneﬁcium
2237 3101 2272 3112 Α
2296 3041 2349 3098 ei
2413 3054 2647 3110 corpore
2727 3039 3096 3096 interdicitur.
3172 3040 3482 3096 Accedeute
3556 3042 3725 3112 igitur
3800 3043 3938 3099 malo

567 3101 843 3183 tuebatur.
875 3101 1014 3193 Quid
1045 3132 1232 3196 ageret
1271 3101 1460 3195 pro-ru]
1501 3141 1532 3181 a
1578 3101 1923 3197 parentibus,
1956 3128 2150 3197 procul
2179 3101 2643 3201 acperterritus,
2684 3129 2831 3199 quod
2883 3129 3080 3185 viderit
3108 3130 3219 3200 jam
3258 3130 3316 3185 in
3360 3144 3419 3186 se
3470 3101 3608 3186 mala
3647 3131 3940 3187 obliterata

567 3218 752 3284 domo,
787 3224 862 3283 et,
894 3214 1043 3285 quod
1074 3214 1257 3270 verius
1287 3215 1438 3282 dico,
1479 3216 1672 3286 procul
1711 3232 1742 3272 a
1779 3217 2008 3288 seipso?
2054 3218 2213 3274 Mise-

564 3306 828 3362 rebantur
865 3305 986 3374 ejus
1022 3309 1423 3373 praetereuntes
1450 3304 1675 3374 inopiae,
1716 3307 1876 3375 cujus
1910 3305 2210 3362 valetudini

563 3409 675 3452 non
706 3400 963 3466 poterant
992 3391 1306 3449 subvenire.
1330 3394 1690 3449 lntimabatur
1719 3393 1801 3449 illi
1822 3394 1891 3450 de
1911 3395 2210 3451 Secundini

562 3483 894 3540 virtutibus:
935 3482 1035 3539 sed
1063 3482 1110 3538 si
1147 3481 1313 3538 vellet
1340 3481 1443 3549 ire,
1476 3496 1587 3538 non
1627 3487 1882 3552 poterat;
1924 3484 1972 3539 si
2002 3485 2209 3553 portari

562 3574 630 3628 ab
659 3573 802 3641 aliis,
827 3571 974 3628 unde
1004 3570 1429 3637 conduceretur,
1462 3571 1599 3626 nihil
1628 3571 1865 3628 habebat
1895 3573 2089 3642 pensi;
2140 3574 2208 3629 ab

562 3663 649 3719 his
688 3669 866 3718 tamen
897 3661 990 3732 qui
1030 3661 1148 3731 ejus
1177 3659 1426 3730 quotidie
1454 3659 1836 3717 afﬁciebantur
1864 3661 2099 3718 miseriis
2140 3662 2210 3719 de

562 3752 760 3807 itinere
789 3750 876 3821 agi
919 3755 1159 3819 emptum
1197 3756 1315 3810 est;
1359 3750 1450 3818 qui
1490 3749 1656 3806 domo
1686 3749 1910 3806 demissi
1950 3765 2073 3807 cum
2111 3751 2208 3810 illo

561 3839 778 3908 Trojam
825 3852 990 3894 cursu
1039 3836 1308 3893 citissimo
1357 3836 1782 3895 contenderunt.
1856 3840 2209 3899 Festinabant

559 3933 740 3984 autem
774 3970 789 3995 ,
885 3927 1015 3998 quia
1088 3926 1425 3984 confessoris
1497 3928 1794 3984 Secundini
1868 3928 2208 3987 collocandis

564 4016 815 4086 reliquiis
855 4017 1118 4074 solemnis
1163 4017 1403 4074 instabat
1439 4017 1579 4074 dies.
1631 4019 1922 4088 Postquam
1960 4033 2091 4076 vero
2137 4020 2205 4075 ad

568 4105 759 4161 urbem
809 4105 1073 4170 veniunt,
1131 4111 1186 4158 et
1241 4105 1582 4161 debilitatum
1640 4107 1900 4163 membris
1953 4109 2208 4165 omnibus

564 4192 841 4250 hominem
896 4197 1023 4248 ante
1068 4192 1365 4248 Secundini
1422 4193 1824 4250 confessionem
1880 4196 2201 4266 deponunt:

565 4301 594 4334 «
641 4283 911 4349 Quantum
962 4280 1144 4349 nobis,
1185 4281 1463 4351 inquiunt,
1503 4282 1789 4351 attinebat,
1830 4282 2026 4340 fecisse
2074 4287 2207 4342 satis

2293 3233 2603 3287 recurrere,
2654 3231 2721 3274 ne
2771 3224 2941 3274 tantae
2989 3217 3285 3275 calamitati
3333 3219 3566 3275 ulterius
3620 3220 3935 3285 inserviret,

2291 3321 2515 3379 gressus
2569 3306 2717 3363 unde
2767 3306 2987 3374 tulerat,
3047 3307 3274 3376 retulit;
3333 3307 3426 3364 ubi
3481 3314 3702 3376 autem,
3756 3309 3938 3378 quoad

2291 3397 2444 3464 vixit,
2469 3397 2525 3451 in
2556 3394 2893 3452 confessoris
2911 3395 3211 3452 Secundini
3240 3396 3522 3467 obsequiis
3553 3396 3941 3454 devotissimus

2292 3484 2627 3555 perduravit.

2364 3575 2636 3629 Praeterea
2665 3586 2788 3629 cum
2817 3573 3084 3642 Trojanus
3130 3572 3368 3643 populus
3395 3579 3600 3628 tantam
3633 3574 3942 3630 auctorita-

2292 3667 2420 3728 tem,
2470 3666 2787 3732 tantamque
2834 3660 3169 3718 confessoris
3203 3662 3405 3718 Christi
3454 3662 3713 3718 virtutem
3762 3663 3942 3733 potis-

2290 3751 2485 3807 simum
2552 3752 2761 3807 enitere
2835 3751 2891 3806 in
2967 3751 3087 3807 dies
3158 3751 3406 3822 singulos
3480 3760 3796 3819 cerneret,
3872 3752 3940 3808 ad

2289 3838 2667 3895 illustrandam
2697 3839 2955 3896 omnibus
2983 3840 3340 3907 ornamentis,
3372 3839 3429 3895 in
3467 3854 3574 3910 qua
3613 3842 3941 3898 reconditus

2289 3936 2426 3997 erat,
2459 3929 2768 3996 ecclesiam,
2802 3931 3167 3987 consensione
3195 3930 3431 4001 quadam
3460 3931 3736 3987 unanimis
3761 3933 3945 3988 inten-

2289 4019 2473 4075 debat.
2515 4019 2729 4089 Quippe
2781 4033 2848 4074 ex
2894 4018 2992 4075 illo
3041 4033 3191 4090 spes,
3232 4033 3299 4075 ex
3342 4019 3441 4075 illo
3472 4019 3693 4087 ﬁducia,
3726 4034 3798 4077 ex
3844 4022 3943 4078 illo

2289 4122 2478 4165 eorum
2508 4108 2737 4165 maxime
2759 4123 2891 4166 cura
2913 4108 3226 4179 pendebat;
3257 4108 3326 4164 de
3347 4121 3459 4178 quo
3489 4110 3645 4166 urbis
3673 4111 3944 4180 praesule,

2289 4197 2497 4267 de-quo
2540 4196 2791 4264 custode,
2841 4198 2909 4253 de
2960 4211 3070 4267 quo
3107 4197 3347 4268 denique
3395 4200 3648 4269 principe
3685 4200 3949 4270 quotidie

2287 4282 2434 4356 apud
2463 4300 2560 4342 eos
2595 4286 2923 4357 agitabatur.
2957 4286 3182 4343 Videres
3209 4287 3486 4358 singulum
3515 4302 3794 4358 quemque
3828 4292 3951 4358 ejus

469 4386 483 4403 ι
559 4378 688 4427 voto
717 4377 814 4427 tuo
842 4369 1130 4427 videmur:
1165 4369 1234 4426 de
1264 4377 1466 4428 castero
1505 4385 1623 4441 age,
1657 4378 1718 4427 ut
1747 4372 1916 4439 libet;
1963 4373 2502 4448 consuli-“domui,
2560 4384 2620 4432 ut
2672 4390 2807 4445 suae,
2868 4383 2927 4431 ut
2979 4375 3169 4432 liberis
3226 4376 3537 4446 providere,
3592 4377 3650 4432 in
3708 4380 3952 4448 privatis

560 4474 681 4517 mus
719 4465 899 4518 tamen
948 4460 1051 4516 tibi
1098 4460 1155 4514 in
1212 4466 1362 4515 tanta
1409 4462 1700 4530 praesentis
1736 4461 2056 4519 celebritate
2094 4436 2274 4520 dieiD
2296 4464 2463 4519 rebus
2493 4465 2716 4520 minimo
2765 4436 2821 4521 et
2866 4464 3190 4521 tenuissimo
3226 4436 3381 4522 cultu
3411 4436 3947 4531 contentosvivere,

560 4549 798 4606 orationi
845 4562 1079 4615 vacare;
1142 4555 1394 4618 putamus
1446 4549 1592 4605 enim
1633 4557 1687 4605 et
1717 4550 1992 4607 credimus
2021 4552 2076 4607 id
2108 4552 2208 4606 tibi

557 4638 714 4695 valde
746 4637 1113 4709 profuturum,
1145 4638 1213 4693 ad
1253 4637 1403 4708 quod
1434 4652 1535 4708 pro
1574 4637 1748 4694 salute
1787 4647 1878 4695 tua
1908 4641 2012 4710 ipsi
2044 4642 2206 4696 etiam

557 4741 768 4783 summa
798 4741 904 4797 ope
944 4728 1202 4783 nitemur.
1247 4745 1275 4779 »
1307 4728 1532 4784 Factum
1570 4732 1692 4784 est:
1737 4734 1791 4784 et
1833 4730 1944 4798 jam
1993 4736 2209 4800 tempus

558 4816 750 4874 aderat
813 4823 874 4873 ut
945 4815 1014 4871 ad
1089 4816 1329 4874 officium
1403 4817 1786 4888 ingrederetur
1859 4819 2201 4889 episcopus;

558 4906 748 4977 populi
777 4919 928 4975 vero,
958 4906 1214 4963 omnibus
1241 4906 1488 4964 studiose
1518 4907 1586 4963 ad
1618 4907 1882 4964 honorem
1912 4907 2008 4963 Dei
2048 4921 2204 4963 com-

557 4996 777 5067 positis,
826 4997 977 5053 intus
1023 5003 1078 5053 et
1125 5011 1241 5068 praa
1288 4995 1500 5054 foribus
1545 4996 1795 5053 ecclesiae
1852 4997 2202 5053 assistebant.

558 5086 711 5144 Multi
740 5099 962 5157 quoque
999 5086 1068 5143 ad
1112 5085 1232 5143 haec
1270 5086 1553 5154 solemnia,
1587 5085 1744 5153 vicis,
1776 5087 1923 5158 agris
1972 5088 2208 5156 pr0pin-

559 5175 704 5247 quis,
746 5174 1024 5246 hospitiis,
1067 5174 1224 5230 multi
1255 5174 1515 5246 denique,
1549 5176 1644 5247 qui
1683 5175 1878 5245 procul
1908 5176 2203 5247 degebant,

559 5264 818 5323 domibus
898 5264 1266 5321 abducuntur.
1354 5265 1527 5321 Intrat
1604 5264 1898 5335 episcopus
1992 5265 2206 5321 cunctis

560 5354 811 5412 ecclesia:
844 5355 1081 5426 stipatus
1118 5353 1323 5420 choris,
1356 5354 1548 5424 incipit
1598 5367 1761 5425 agere
1799 5353 2204 5424 pontiﬁcalibus

559 5441 845 5500 institutis.
877 5444 1013 5500 Dum
1043 5443 1164 5500 haec
1191 5449 1445 5515 aguntur,
1471 5442 1538 5498 ad
1569 5444 1736 5499 Deum
1766 5441 2056 5514 languidus
2088 5450 2203 5500 toto

561 5530 729 5586 corde
772 5544 1069 5589 conversus
1114 5533 1284 5588 trahit
1331 5532 1399 5588 ab
1452 5533 1563 5588 imo
1612 5538 1835 5602 pectore
1874 5534 1981 5589 alta
2019 5535 2202 5605 SUSpi-

562 5619 661 5687 ria,
712 5620 901 5689 implet
949 5622 1204 5694 lacrymis
1249 5628 1305 5679 et
1352 5623 1591 5680 luctibus
1639 5624 1840 5692 omnia,
1883 5622 2013 5680 facit
2039 5625 2205 5681 verba

2290 4560 2347 4608 at
2375 4553 2430 4608 in
2463 4555 2582 4624 ejus
2621 4554 2844 4624 publico
2884 4562 3150 4626 apparatu
3195 4554 3267 4610 ad
3313 4555 3658 4626 dignitatem,
3698 4555 3774 4611 ad
3827 4557 3949 4627 glo-

2291 4642 2448 4710 riam,
2499 4643 2567 4698 ad
2618 4644 2968 4713 splendorem
3017 4644 3198 4699 omnia
3247 4658 3461 4714 parare.
3520 4644 3716 4701 Fiebat
3758 4653 3946 4701 autem

2290 4733 2342 4789 ei
2373 4732 2595 4789 assidua
2626 4746 2739 4789 non
2770 4734 2947 4790 solum
2995 4733 3064 4789 de
3108 4735 3473 4804 patrimoniis,
3502 4748 3693 4791 verum
3740 4736 3947 4793 tabulis

2290 4821 2606 4892 emptionis,
2657 4822 2932 4879 codicillis
2982 4824 3145 4879 etiam
3190 4824 3434 4878 omnium
3478 4823 3754 4880 bonorum
3797 4825 3946 4880 dele-

2288 4912 2457 4982 gatio.
2524 4912 2825 4968 Fumabant
2886 4918 3152 4980 aromata,
3219 4911 3551 4969 candelabra
3621 4914 3942 4978 radiabant,

2289 5014 2451 5057 omne
2497 5001 2633 5057 illud
2677 5001 3016 5058 domicilium
3066 5000 3264 5069 cereis,
3322 5001 3691 5072 lampadibus,
3753 5012 3947 5071 nocte,

2288 5090 2532 5147 interdiu
2561 5091 2908 5147 coruscabat.

2358 5181 2533 5237 Nocte
2590 5194 2720 5237 vero
2777 5179 3011 5249 quadam
3058 5193 3182 5235 cum
3227 5193 3328 5250 pro
3376 5178 3674 5237 devotione
3724 5182 3949 5253 populi,

2289 5276 2349 5326 ut
2392 5270 2670 5340 hodieque
2714 5271 2885 5326 moris
2927 5276 3031 5336 est,
3081 5283 3275 5341 magna
3324 5283 3611 5326 cereorum
3659 5273 3818 5328 serie
3855 5286 3953 5327 ara

2288 5360 2604 5429 cingeretur
2665 5372 2698 5415 a
2764 5357 3160 5425 deferentibus,
3230 5364 3292 5415 ut
3353 5359 3617 5415 custodes
3682 5359 3789 5417 diu
3856 5376 3954 5417 eos

2287 5462 2550 5505 accensos
2578 5449 2826 5506 sinerent
2855 5454 3066 5505 oratum
3097 5454 3201 5505 est.
3231 5449 3493 5505 Accensis
3526 5463 3663 5520 ergo
3696 5451 3955 5507 dimissis

2286 5538 2684 5605 luminaribus,
2737 5553 2861 5595 cum
2908 5539 2977 5595 ab
3014 5538 3122 5595 alia
3166 5538 3429 5596 custodes
3474 5538 3725 5597 animum
3769 5548 3954 5597 vene.

2286 5635 2428 5697 rent,
2459 5627 2626 5685 dilata
2655 5630 2948 5687 exstinctio
2978 5628 3240 5685 memoria
3271 5628 3494 5686 excidit.
3541 5629 3699 5686 Inter
3751 5645 3955 5690 cereos
