4122 6184
330 311 458 368 1301

1404 328 1556 382 νιΤΑ
1593 327 1647 382 S.
1692 327 1867 383 LUCll
1910 327 2097 382 ΡΑΡᾸΞ
2137 327 2218 381 ET
2256 326 2613 381 MARTYRIS.

3552 315 3686 370 1302

321 446 501 497 autem
550 449 607 499 et
642 459 790 502 aram
838 462 894 503 in
943 450 1208 507 anteriori
1259 456 1412 521 parte
1461 452 1594 508 illud
1635 459 1751 508 erat
1798 451 2397 522 spatiiAadmovisset,
2430 451 2656 521 reperit,
2725 455 2784 505 ut
2847 447 3077 515 viderat,
3145 448 3214 502 ab
3263 445 3411 503 omni
3460 443 3687 500 lasione

320 533 467 601 quod
499 533 722 605 gradus,
774 537 862 592 cui
911 538 1060 595 cerei
1109 540 1384 610 capitibus
1431 542 1678 598 accensis
1706 542 1960 597 adhaere-

320 621 471 687 bant,
506 622 739 681 latitudo
788 624 1062 696 faciebat;
1095 642 1163 683 ex
1210 628 1333 685 aliis
1380 643 1508 686 vero
1550 631 1797 700 partibus
1845 629 1962 686 sola

319 711 672 769 interstitium
714 715 859 785 palla
909 723 1046 773 erat.
1104 719 1252 774 Arsit
1309 735 1440 791 ergo
1485 720 1630 789 ignis
1679 719 1959 787 continue,

320 802 613 874 nullusque
652 804 732 861 illi
780 806 1011 863 ardendi
1060 808 1205 874 ﬁnis,
1265 809 1370 864 nisi
1421 824 1541 865 cum
1574 811 1816 865 materia
1855 811 1961 866 ﬁne

317 891 439 948 fuit.
488 894 619 950 Hac
666 893 886 951 interim
934 897 1253 954 sollicitudo
1303 899 1626 970 hymnorum
1671 900 1961 956 matutina-

317 981 450 1038 lium
497 997 746 1040 somnum
805 987 1130 1043 custodibus
1185 988 1414 1054 adimit;
1469 990 1846 1060 unusquisque
1901 1003 1960 1044 se

315 1072 385 1128 ad
423 1087 521 1128 sua
551 1073 855 1130 ministeria
884 1075 1027 1132 levat
1071 1097 1083 1131 :
1116 1078 1256 1133 alius
1295 1079 1511 1148 aperire
1540 1077 1708 1147 fores,
1744 1080 1960 1150 pulsare

316 1162 661 1231 cymbalum;
703 1163 844 1220 alius
901 1166 1074 1222 libros
1107 1168 1415 1235 extrahere,
1449 1168 1609 1224 thura
1637 1169 1956 1225 incendere.

315 1251 385 1304 Ut
412 1258 593 1306 autem
634 1267 756 1308 cum
798 1252 1080 1311 thuribulo
1138 1256 1206 1312 ad
1255 1271 1404 1312 aram
1451 1265 1670 1314 ventum
1740 1264 1842 1327 est,
1894 1273 1960 1314 ex

313 1338 407 1394 illa
438 1354 725 1397 cereorum
773 1343 1122 1400 multitudine
1165 1345 1348 1402 nullus
1376 1361 1666 1416 superesse
1696 1348 1914 1403 videtur
1940 1368 1954 1415 ;

314 1429 478 1484 vertit
506 1444 566 1485 se
615 1445 716 1500 per
753 1433 1019 1488 circuitus
1058 1448 1167 1490 ara
1207 1442 1414 1502 custos,
1458 1436 1683 1506 inspicit
1712 1436 1956 1492 lineatim

308 1519 494 1587 jacere
524 1520 762 1582 cineres,
812 1523 956 1578 sicut
1000 1523 1216 1580 illorum
1278 1524 1456 1580 fuerat
1512 1526 1765 1582 ordinata
1802 1541 1958 1582 com-

314 1621 498 1678 pages.
549 1611 778 1681 Excepit
843 1611 1013 1683 igitur
1066 1613 1356 1671 admiratio
1412 1615 1706 1671 admodum
1764 1630 1958 1686 magna

313 1698 618 1765 custodem,
690 1702 837 1770 quod
924 1709 1080 1759 erant
1144 1704 1305 1773 palla
1373 1705 1600 1760 ﬁmbriae
1677 1705 1956 1761 cineribus

312 1784 592 1855 involuta,
660 1790 756 1846 sed
823 1791 1074 1862 integra.
1143 1793 1384 1864 Cumque
1449 1795 1517 1849 ad
1585 1794 1707 1849 illas
1763 1809 1953 1851 manus

2049 541 2191 612 ignis
2237 542 2463 596 alienas.
2515 541 2644 595 Hac
2682 538 2920 609 denique
2972 544 3032 593 ut
3062 536 3405 608 potissimum
3444 533 3689 589 facerent

2046 630 2358 686 videntibus
2387 629 2567 694 ﬁdem,
2611 628 2821 698 putavit
2872 629 2988 683 tore
3045 631 3437 697 opportunum,
3497 624 3570 678 ita
3628 629 3689 678 ut

2045 726 2347 791 repererat,
2406 733 2707 776 reservare.
2766 717 3009 774 Peractis
3048 717 3215 786 igitur
3254 714 3478 786 psalmis
3505 717 3686 768 matu-

2045 810 2326 878 tinalibus,
2360 824 2483 866 cum
2514 810 2664 865 clero
2707 807 2942 878 populus
2980 807 3046 861 ad
3087 813 3195 860 tam
3226 805 3432 874 grande
3464 810 3684 874 specta-

2045 900 2227 956 culum
2266 901 2548 956 invitatur.
2581 898 2804 954 Tollunt
2860 897 2928 953 ad
2967 896 3110 951 hanc
3166 894 3434 950 visionem
3493 905 3686 948 manus

2045 1005 2236 1047 omnes
2309 990 2377 1046 ad
2451 989 2654 1061 sidera,
2738 987 3072 1057 multiplices
3153 983 3400 1041 referunt
3484 983 3687 1052 gratias

2043 1079 2349 1144 Conditori,
2395 1080 2488 1148 qui
2527 1077 2792 1132 facturam
2831 1089 2942 1130 non
2997 1073 3251 1144 despicit,
3285 1073 3379 1142 qui
3410 1071 3687 1126 miraculis

2043 1170 2357 1226 hominibus
2413 1165 2731 1232 innotescit,
2791 1166 2885 1236 qui
2942 1162 3310 1220 Secundinum
3369 1159 3437 1216 de
3484 1159 3684 1216 virtute

2042 1258 2097 1312 in
2163 1257 2417 1313 virtutem
2483 1257 2561 1312 sic
2639 1255 2944 1311 enitescere
3019 1250 3462 1322 frequentissime
3532 1247 3682 1302 facit.

2042 1346 2338 1404 Confestim
2378 1346 2579 1402 deinde
2609 1345 2883 1401 civitatem
2922 1357 3136 1399 omnem
3176 1353 3495 1403 accersere;
3540 1337 3683 1393 dona

2042 1438 2304 1494 decenter
2353 1437 2685 1502 ministrare,
2735 1433 2930 1489 vicinis
2970 1445 3191 1503 quoque
3221 1437 3424 1485 tantam
3453 1426 3682 1497 gloriam

2040 1527 2293 1584 intimare
2347 1525 2659 1582 mandatum
2717 1531 2819 1580 est.
2863 1525 2993 1578 Ilac
3029 1536 3156 1577 vera
3197 1520 3343 1575 beati
3381 1516 3482 1572 viri
3511 1516 3685 1571 virtus

2041 1617 2326 1672 maximam
2374 1615 2695 1686 dignitatem
2743 1613 2800 1668 in
2848 1612 3079 1679 civibus,
3139 1609 3427 1665 maximum
3485 1603 3684 1660 vicinis

2043 1705 2320 1777 gaudium,
2385 1703 2702 1776 longinquis
2783 1701 2947 1758 etiam
3031 1699 3260 1755 urbibus
3333 1693 3680 1752 commodum

2047 1797 2334 1851 maximum
2366 1793 2722 1865 comparavit.

1031 2031 1122 2144 s.
1215 2032 1549 2147 LUGII
1647 2033 2002 2146 PAPZE
2096 2033 2249 2146 ET
2326 1955 2963 2145 MARTYRIS

1801 2229 2168 2373 VITA

1378 2448 1893 2534 AUCTORE
1962 2449 2594 2536 GUAIFERIO.

705 2591 880 2662 (Apud
921 2593 1192 2649 Bonam).
1223 2599 1360 2649 Acta
1396 2598 1716 2662 sanctorum,
1750 2595 1926 2651 Martii
1959 2601 2093 2652 tom.
2127 2598 2170 2663 Ι,
2203 2595 2292 2652 die
2321 2595 2376 2664 4,
2408 2609 2533 2667 pag.
2563 2593 2669 2650 304
2695 2608 2760 2650 ex
2792 2607 2892 2650 ms.
2935 2590 3264 2655 Casinensi.)

846 2773 1062 2828 CAPUT
1100 2773 1383 2830 PRIMUM.

293 2861 598 2916 Encomium
636 2862 897 2933 martyrii.
946 2863 1010 2918 S.
1051 2864 1201 2919 Lucii
1235 2871 1400 2931 ortus,
1450 2869 1636 2921 sancta
1672 2865 1935 2935 juventus.

370 2949 419 3004 1.
455 2950 775 3006 Fortissima
813 2955 868 3006 et
916 2953 1182 3021 praeclara
1227 2953 1487 3009 virtutum
1552 2954 1754 3023 studia,
1816 2969 1940 3025 qua

297 3039 577 3096 credentis
603 3040 673 3096 ad
723 3054 1011 3097 commune
1050 3043 1437 3112 compendium
1476 3057 1646 3100 sacra
1677 3045 1806 3100 ﬁdei
1835 3044 1941 3101 do-

299 3134 555 3184 cumento
604 3127 831 3184 formata
883 3136 1030 3198 sunt,
1064 3131 1229 3186 altius
1259 3131 1449 3188 calata
1489 3138 1542 3187 et
1589 3134 1855 3203 impressa
1885 3134 1941 3188 in

300 3223 593 3288 martyrum
651 3219 883 3274 maxime
941 3221 1219 3275 cernimus
1257 3227 1551 3276 armatura.
1606 3222 1740 3278 llluc
1798 3223 1942 3278 enim

300 3305 507 3372 labore,
544 3305 676 3361 illuc
729 3308 1039 3363 constantia
1087 3316 1142 3364 et
1190 3309 1248 3364 in
1300 3323 1422 3365 eum
1475 3310 1735 3366 verticem
1775 3310 1942 3365 animi

297 3409 357 3450 se
420 3395 796 3466 magnitudine
882 3397 1255 3465 contulerunt,
1323 3400 1469 3456 unde
1544 3400 1684 3455 facta
1752 3413 1938 3456 eorum

298 3483 599 3540 clarissima
636 3485 844 3554 ubique
872 3487 1139 3555 gentium,
1172 3488 1376 3556 ubique
1409 3496 1697 3555 terrarum,
1741 3495 1944 3558 prater

298 3572 492 3629 oculos
528 3573 771 3630 omnium
823 3575 1157 3644 sempiterna
1207 3576 1467 3632 memoria
1516 3583 1938 3644 prasentantur.

299 3660 476 3718 Efﬁcit
532 3661 640 3718 hoc
687 3661 964 3717 obstinata
1014 3664 1279 3732 patientia
1327 3664 1598 3729 exercitii,
1659 3679 1782 3734 qua
1830 3677 1941 3720 non

297 3751 462 3807 modo
494 3751 604 3806 illis
634 3750 869 3807 delicata
900 3758 956 3807 et
993 3752 1179 3808 mollia
1213 3765 1322 3808 non
1353 3752 1613 3820 admovit,
1645 3753 1742 3808 sed
1772 3753 1944 3808 robur

298 3842 462 3896 etiam
491 3840 732 3897 lassandi
762 3855 954 3897 manus
983 3842 1333 3910 caedentium,
1357 3851 1411 3898 et
1441 3843 1695 3898 vincendi
1725 3856 1941 3899 omnem

299 3931 406 3987 vim
440 3931 610 3987 totius
657 3930 978 3987 hostilitatis
1028 3932 1274 3987 indulsit.
1323 3934 1433 3987 llos
1472 3933 1614 3988 enim
1645 3933 1818 3987 virtus
1848 3929 1943 3986 Dei

302 4027 358 4077 et
384 4021 654 4092 sapientia
700 4020 950 4076 Christus
998 4021 1055 4076 in
1088 4020 1223 4076 illud
1254 4036 1412 4077 suum
1442 4020 1944 4092 frequentissimum

1951 2780 1999 2839 B
2027 2780 2250 2833 natores
2297 2781 2509 2846 regant,
2561 2773 2696 2829 nulli
2729 2773 2963 2843 remiges
2999 2776 3180 2842 agant,
3213 2769 3372 2826 facile
3403 2783 3525 2825 cum
3559 2769 3667 2824 hu-

2019 2865 2264 2937 jusmodi
2321 2863 2701 2921 instrumentis
2774 2868 2868 2917 aut
2945 2860 3168 2931 pelagus
3225 2865 3434 2928 merget
3480 2866 3573 2914 aut
3613 2859 3668 2912 in

2025 2955 2285 3026 scopulos
2313 2959 2612 3024 tempestas
2640 2951 2849 3016 allidet,
2897 2951 2971 3005 ita
3011 2963 3110 3020 per
3149 2948 3431 3017 pulchram
3463 2953 3518 3003 et
3550 2947 3670 3003 exi-

2027 3047 2187 3102 miam
2219 3044 2534 3116 hujusmodi
2593 3047 2920 3106 creaturam,
2963 3039 3225 3094 dilectum
3282 3037 3481 3092 animal
3519 3039 3668 3093 Con-

2025 3135 2215 3202 ditori,
2275 3133 2566 3204 imaginem
2624 3131 2740 3196 Dei,
2795 3127 3208 3184 similitudinem
3261 3125 3672 3195 Redemptoris,

2026 3226 2179 3282 orbis
2226 3223 2531 3294 speculum,
2578 3220 2801 3278 atheris
2853 3218 3194 3288 dignitatem,
3237 3215 3576 3285 principatus
3620 3220 3675 3270 et

2027 3318 2329 3384 potestates
2375 3312 2540 3382 hujus
2594 3308 2805 3375 mundi,
2865 3315 2920 3362 et
2958 3305 3265 3376 spiritualia
3314 3303 3576 3372 nequitia
3617 3302 3673 3356 in

2026 3401 2365 3468 calestibus,
2413 3400 2628 3465 crebra,
2663 3396 2973 3453 vehementi
3025 3400 3079 3448 et
3126 3394 3324 3448 usitata
3358 3391 3673 3445 incursione

2026 3490 2300 3561 perditum
2349 3488 2530 3552 irent;
2582 3487 2629 3541 si
2688 3499 2788 3555 pro
2837 3498 2900 3538 ea
2949 3481 3136 3552 plures
3182 3483 3450 3548 martyres
3488 3476 3674 3532 divino

2025 3578 2340 3649 magisterio
2371 3577 2592 3631 minime
2623 3574 2999 3630 dimicassent.

2095 3666 2147 3719 2.
2181 3665 2287 3720 Sed
2317 3664 2580 3721 adversus
2610 3662 2773 3732 hujus
2789 3661 2935 3717 modi
2968 3659 3115 3714 acies
3135 3669 3430 3726 earumque
3453 3668 3667 3719 manus,

2024 3754 2080 3810 in
2113 3760 2369 3825 potentes
2405 3762 2689 3824 tyrannos,
2715 3765 2813 3820 per
2833 3750 2999 3805 urbes
3027 3747 3311 3802 universas
3339 3751 3459 3800 toto
3489 3750 3670 3799 terra-

2025 3859 2144 3900 rum
2192 3845 2328 3901 orbe
2386 3843 2636 3908 diﬁ‘usos,
2699 3855 2805 3896 non
2860 3836 3211 3893 multitudine
3251 3834 3509 3900 militum,
3559 3846 3670 3889 non

2025 3935 2419 3990 numerositate
2466 3932 2765 4003 legionum,
2818 3942 2928 3984 non
2977 3925 3313 3998 fulgentibus
3341 3923 3526 3989 armis,
3560 3935 3669 3976 non

2028 4024 2278 4095 pecuniis
2314 4022 2581 4087 inﬁnitis;
2623 4019 2720 4076 sed
2751 4033 2782 4073 a
2811 4016 3104 4073 duodecim
3133 4021 3342 4069 tantum
3376 4009 3668 4082 primariis,

302 4116 357 4166 et
385 4109 662 4181 singulare
710 4109 1035 4166 famulitium
1084 4111 1321 4167 ascivit:
1364 4111 1470 4168 hoc
1517 4112 1718 4168 lectum
1764 4109 2122 4184 bella-Cqui
2177 4112 2337 4168 simul
2385 4109 2740 4182 Imperatoris
2795 4116 2850 4163 et
2914 4106 3098 4162 Militis
3153 4103 3333 4160 ofﬁcia
3390 4104 3668 4170 gererent,

302 4208 482 4257 torum
520 4214 693 4271 genus
731 4213 873 4256 novo
923 4200 1132 4257 militia
1187 4207 1529 4258 sacramento
1560 4202 1704 4257 inter
1734 4207 1942 4272 prato-

302 4291 489 4345 rianos
529 4305 642 4345 sua
691 4290 859 4345 curia
919 4290 1121 4347 milites
1179 4291 1574 4348 consecravit:
1628 4298 1686 4346 ut
1752 4291 1944 4346 armati

301 4378 624 4434 fortitudine
664 4379 849 4446 animi,
892 4380 1040 4436 nudo
1073 4395 1306 4449 corpore
1345 4382 1448 4436 sub
1480 4383 1650 4437 ictum
1669 4381 1941 4447 venirent,

303 4469 438 4525 nihil
469 4468 664 4524 durum
688 4470 1129 4537 extimescerent,
1153 4470 1289 4525 nihil
1317 4469 1539 4525 difficile
1561 4469 1940 4535 formidarent,

303 4558 438 4614 nihil
476 4557 882 4615 intolerandum
930 4565 1187 4629 putarent
1221 4579 1232 4613 :
1267 4558 1449 4614 omnia
1479 4558 1714 4613 humana
1750 4556 1941 4626 despi-

303 4653 513 4715 cerent,
565 4649 747 4703 omnia
812 4649 1068 4718 graviter,
1138 4647 1321 4703 omnia
1374 4651 1712 4714 constanter,
1762 4647 1942 4703 omnia

302 4736 593 4807 splendide
639 4737 952 4794 factitarent
997 4757 1010 4792 :
1065 4737 1255 4793 orbem
1309 4736 1546 4806 denique
1604 4738 1783 4806 ipsum
1831 4749 1941 4790 non

304 4827 470 4882 modo
501 4826 714 4897 pralio,
748 4826 844 4882 sed
889 4825 1034 4883 bello
1073 4833 1416 4896 superarent.
1450 4829 1622 4883 Porro
1661 4828 1780 4883 hac
1811 4843 1943 4886 con-

303 4916 540 4973 secratio
597 4917 947 4987 imperatoris
1002 4918 1216 4985 aterni,
1293 4925 1348 4975 et
1404 4919 1473 4974 ad
1531 4918 1647 4986 ejus
1711 4920 1942 4988 gloriam

309 5005 445 5074 (non
489 5013 671 5061 tamen
718 5011 779 5061 ut
836 5005 1068 5076 alicujus
1118 5007 1300 5079 egeat)
1347 5007 1597 5064 instituta
1637 5015 1739 5075 est,
1781 5015 1835 5066 et
1873 5011 1941 5066 ad

304 5094 557 5150 humana
595 5094 915 5164 reipublica
946 5097 1262 5165 prasidium
1294 5104 1608 5167 comparata
1650 5119 1662 5153 :
1696 5113 1764 5154 ne
1795 5099 1944 5155 velut

305 5197 495 5238 navem
559 5181 792 5237 solidam
859 5191 914 5240 et
982 5185 1217 5241 durabili
1275 5188 1501 5243 materia
1565 5186 1938 5254 fabrefactam,

305 5271 483 5326 tenaci
515 5283 777 5340 compage
816 5271 1122 5340 solidatam,
1155 5276 1428 5347 variisque
1470 5275 1749 5331 coloribus
1782 5291 1944 5332 auro-

303 5373 412 5430 que
468 5359 804 5427 distinctam,
868 5361 1057 5416 mobili
1124 5362 1297 5430 clavo,
1359 5364 1528 5420 ﬁrmis
1592 5365 1940 5433 rudentibus,

2029 4203 2302 4260 obviatum
2335 4208 2419 4258 est
2449 4223 2466 4255 :
2496 4201 2588 4271 qui
2620 4213 2679 4254 se
2710 4197 2887 4268 copiis
2907 4200 3269 4267 exponerent,
3295 4189 3389 4260 qui
3421 4188 3666 4256 receptui

2025 4292 2178 4364 signa
2209 4292 2338 4347 dare
2369 4290 2666 4353 nescirent,
2724 4287 2819 4357 qui
2850 4297 3086 4356 pugnam
3126 4279 3440 4337 nullatenus
3479 4276 3668 4364 detre-

2025 4363 2240 4438 ctarent
2282 4401 2293 4435 :
2329 4381 2476 4435 nulla
2526 4376 2792 4433 materiali
2832 4378 3126 4437 armatura,
3169 4383 3236 4424 ne
3285 4366 3390 4421 levi
3421 4363 3664 4434 quidem,

2025 4471 2227 4540 quibus
2264 4470 2426 4525 etiam
2459 4466 2656 4522 baculo
2694 4462 3049 4519 interdictum
3096 4461 3232 4522 erat,
3285 4453 3549 4524 insignes.
3590 4451 3668 4506 Ex

2026 4559 2227 4629 quibus
2262 4571 2459 4626 nempe
2509 4554 2784 4626 primariis
2831 4552 3016 4607 Simon
3064 4547 3180 4614 ille,
3221 4544 3382 4614 longe
3423 4540 3665 4598 omnium

2025 4647 2540 4712 excellentissimus,
2600 4643 2842 4699 omnium
2903 4641 3181 4709 princeps,
3231 4631 3473 4690 omnium
3503 4636 3662 4685 ante-

2024 4738 2305 4808 signanus,
2355 4735 2463 4802 cui,
2507 4749 2573 4789 ex
2621 4731 2747 4786 ﬁdei
2794 4728 3071 4783 soliditate
3121 4730 3176 4780 et
3218 4722 3421 4778 amoris
3467 4718 3664 4774 affectu

2025 4841 2152 4898 erga
2180 4825 2469 4881 Dominum
2509 4821 2861 4884 Salvatorem,
2893 4818 3087 4871 Petrus
3125 4820 3209 4868 est
3250 4823 3450 4867 nomen
3482 4810 3662 4898 impof

2024 4893 2226 4983 situm;
2260 4915 2316 4970 in
2358 4913 2522 4977 Urbe,
2585 4909 2677 4964 ubi
2735 4908 2987 4971 thronus,
3029 4902 3120 4958 ubi
3171 4900 3410 4970 dignitas
3456 4893 3663 4951 terreni

2024 5005 2283 5062 rutilabat
2339 5000 2577 5072 imperii,
2626 5011 2844 5054 suarum
2895 4993 3078 5066 posuit
3124 4996 3302 5048 castra
3357 4987 3658 5042 virtutum:

2024 5101 2317 5163 tantusque
2347 5092 2431 5146 vir
2458 5091 2569 5145 Deo
2593 5087 2807 5158 plenus,
2841 5086 2895 5140 in
2927 5080 3238 5152 superando
3269 5076 3390 5144 fuit,
3415 5080 3474 5130 ut
3504 5085 3663 5128 nemo

2024 5193 2148 5256 post
2179 5186 2377 5254 ipsum,
2426 5180 2510 5234 vel
2557 5190 2780 5247 sperare
2826 5173 3056 5230 similem
3106 5169 3331 5256 audeat,
3357 5164 3441 5220 vel
3473 5168 3663 5232 optare

2025 5255 2380 5344 triumphum,
2407 5272 2594 5339 Neque
2616 5267 2760 5323 enim
2782 5279 2840 5321 se
2863 5264 3026 5334 digna
3058 5258 3280 5330 negotio
3303 5255 3662 5344 decertasset,

2024 5365 2069 5421 si
2101 5379 2160 5420 se
2194 5339 2331 5419 cum
2379 5359 2502 5415 aliis
2541 5355 2960 5427 composuisset,
3004 5351 3098 5421 qui
3145 5347 3289 5404 vinci
3333 5344 3450 5400 sine
3504 5339 3664 5396 laude

304 5448 446 5503 malo
477 5448 716 5515 excelso,
758 5449 1040 5505 carchesio
1080 5451 1300 5522 insigni,
1341 5453 1476 5509 velis
1499 5430 2006 5523 splendentibus,D
2029 5454 2260 5510 maxima
2297 5457 2352 5506 et
2391 5448 2564 5520 gloria
2612 5444 2940 5516 potuissent.
2988 5440 3066 5497 Ad
3118 5436 3288 5493 ardua
3327 5440 3381 5490 et
3422 5430 3664 5523 difficilia

307 5544 588 5608 postremo
637 5537 891 5594 omnibus
936 5541 1285 5595 armamentis
1324 5548 1377 5596 et
1413 5541 1481 5596 ad
1532 5557 1685 5598 usum
1727 5543 1944 5600 idoneis

308 5633 363 5683 et
392 5627 460 5684 ad
491 5626 972 5698 contemplandum
1019 5629 1285 5699 honestis,
1325 5631 1371 5688 si
1420 5644 1538 5688 eam
1568 5633 1703 5690 nulli
1733 5634 1940 5704 guber-

2025 5541 2350 5613 Capitolina
2381 5538 2525 5594 arcis
2562 5534 2830 5600 ascendit,
2865 5539 2923 5587 ut
2973 5541 3203 5586 excusso
3233 5527 3361 5582 Jove
3401 5522 3469 5578 de
3501 5521 3663 5613 solio,

2026 5611 2270 5701 reliQuos
2325 5627 2540 5684 facilius
2589 5624 2869 5680 damones
2932 5619 3062 5675 alibi
3133 5617 3406 5672 civitatum
3474 5611 3662 5666 eadem
