4122 6184
543 263 679 330 1303

1669 283 2006 340 GUAIFERII
2045 287 2427 346 CASINENSIS
2466 291 2762 349 MONACHI

3826 295 3945 352 1304

531 400 689 458 ruina
763 407 1108 473 sequeretur.
1177 403 1426 459 intentus
1504 404 1671 477 igitur
1754 407 2175 479 diligentissimo
2194 414 2552 486 Asplendida
2617 419 2830 476 ratione
2887 427 2944 477 et
2999 424 3420 480 concertatione
3482 424 3821 481 verborum
3887 438 3940 481 ea

529 578 866 648 informavit,
914 579 1008 649 qui
1060 584 1116 635 et
1172 579 1276 649 ipsi
1334 589 1578 638 monstra
1617 583 1872 642 immania
1919 589 2175 646 Cruciiixi

533 668 736 724 virtute
766 668 1103 739 subigerent,
1137 670 1395 726 sordibus
1433 675 1619 728 orbem
1664 679 1824 730 terrae
1855 686 2172 748 purgarent,

533 757 792 814 malitiam
842 754 1250 826 perdomarent,
1311 758 1405 828 qui
1463 759 1825 830 iracundiam,
1876 767 2170 836 invidiam;

536 845 632 916 qui
662 845 960 909 avaritiam,
992 843 1300 913 libidinem,
1343 861 1645 919 omnesque
1667 858 1850 922 pestes
1887 855 1956 909 ab
1986 855 2176 911 huma-

538 934 624 989 nis
643 934 919 989 mentibus
939 932 1300 1002 cohiberent;
1326 937 1458 992 nudi
1490 944 1542 992 et
1575 938 1701 1008 ipsi,
1735 942 1935 1010 quibus
1964 944 2173 1000 nullum

535 1027 652 1077 erat
698 1022 752 1077 in
802 1036 860 1077 re
918 1020 1169 1078 familiari
1219 1025 1557 1093 praesidium,
1617 1029 1822 1085 nullum
1880 1032 1981 1087 sub
2034 1035 2174 1091 coelo

535 1111 881 1167 commodum
925 1111 1257 1168 divitiarum.
1300 1115 1556 1172 Mutaturi
1605 1118 1860 1187 equidem
1891 1122 2174 1190 pontificio

533 1198 900 1267 consulatum,
959 1200 1256 1270 praesulatu
1313 1203 1625 1272 imperium,
1686 1209 1998 1266 sacerdotio
2057 1225 2175 1266 ma-

531 1288 857 1358 gistratum;
893 1295 1208 1360 praeturam,
1261 1291 1664 1361 praefecturam,
1716 1296 1885 1366 ipsam
1935 1299 2174 1370 denique

532 1378 862 1438 senatoriam
894 1378 1215 1450 dignitatem
1261 1387 1316 1434 et
1354 1381 1565 1452 reliqua
1604 1385 1659 1440 in
1691 1399 1864 1455 genus
1901 1386 2081 1444 officia
2119 1390 2174 1444 in

533 1465 961 1523 ecclesiasticam
1002 1467 1322 1538 dignitatem
1357 1489 1368 1523 :
1412 1484 1714 1543 eorumque
1758 1478 2176 1534 coruscantibus

532 1555 706 1626 signis
733 1556 813 1612 sic
842 1556 1102 1613 mundum
1131 1557 1434 1625 subacturi,
1469 1566 1527 1616 ut
1548 1561 1712 1618 hodie
1740 1576 1929 1620 omnes
1958 1572 2172 1637 gentes,

533 1645 716 1700 omnia
746 1659 932 1717 regna,
983 1646 1161 1716 ipsum
1202 1647 1363 1702 etiam
1395 1649 1683 1719 imperium
1719 1653 1947 1710 Romani
1986 1669 2174 1712 sacer-

534 1733 682 1791 dotis
710 1735 949 1791 decretis
980 1736 1432 1806 jussionibusque
1473 1739 1657 1795 videas
1688 1739 1953 1799 famulari.

603 1819 658 1877 3.
691 1824 760 1878 At
787 1829 979 1878 contra
1000 1837 1096 1902 eos
1125 1824 1366 1879 Romana
1389 1828 1635 1895 potentia
1666 1829 1758 1883 illa
1779 1845 1875 1885 sua
1906 1832 2175 1900 victricia,

533 1923 646 1967 non
693 1910 890 1966 solidis
933 1917 1114 1966 tamen
1161 1914 1530 1981 successibus,
1571 1917 1726 1987 signa
1757 1926 1936 1975 movet
1970 1941 1982 1975 :
2025 1920 2176 1978 fero-

534 1999 780 2056 cioribus
835 2000 1096 2056 adversus
1134 2000 1260 2057 illos
1298 2003 1514 2070 animis,
1565 2019 1727 2074 quam
1784 2009 1839 2063 in
1900 2010 2178 2079 quoslibet

532 2087 743 2154 hostes,
783 2087 888 2143 vim
937 2103 1090 2144 suam
1149 2090 1426 2154 intendit;
1470 2099 1528 2147 ut
1567 2095 1859 2161 veneficos,
1893 2102 1954 2152 ut
1984 2098 2176 2168 patriae

531 2175 868 2252 proditores,
902 2182 961 2231 ut
1009 2177 1065 2232 in
1113 2178 1336 2234 exitium
1370 2180 1649 2249 publicum
1680 2191 1992 2254 generatos,
2027 2189 2176 2244 omni

525 2276 732 2334 genere
769 2269 1170 2320 tormentorum
1216 2268 1554 2338 aggreditur.
1605 2271 1897 2340 Experitur
1926 2275 1980 2330 in
2012 2277 2176 2332 Petro

532 2353 845 2419 crucem,in
867 2352 1146 2409 Clemente
1169 2356 1444 2424 exsilium,
1477 2358 1531 2412 in
1555 2359 1813 2416 Marcello
1833 2364 2173 2432 servitutem,

531 2446 778 2497 catenam
810 2441 866 2496 in
895 2441 1225 2509 Alexandro,
1265 2444 1505 2515 gladium
1545 2447 1600 2502 in
1625 2449 1810 2505 Lucio.
1846 2453 2054 2507 Etcum
2077 2467 2176 2523 per

533 2533 709 2585 totum
740 2529 930 2586 orbem
977 2529 1045 2586 de
1075 2529 1278 2587 familia
1315 2533 1519 2589 Christi
1549 2537 1814 2605 quosdam
1844 2539 1993 2596 velut
2021 2542 2176 2597 rabi-

535 2616 633 2672 das
659 2615 805 2673 feras
833 2617 1133 2689 affligeret;
1166 2621 1433 2690 quosdam
1464 2629 1523 2678 ut
1553 2631 1737 2680 truces
1766 2631 1822 2681 et
1851 2627 2176 2686 immansue-

533 2711 622 2761 tos
657 2705 976 2774 occideret;
1018 2708 1071 2762 in
1121 2708 1261 2764 alios
1305 2709 1452 2765 velut
1506 2712 1564 2766 in
1611 2712 1820 2783 aliquid
1861 2717 2171 2774 morbidum

527 2791 729 2850 ferrum
780 2793 1105 2863 dimitteret,
1157 2796 1297 2853 alios
1336 2805 1395 2853 ut
1443 2806 1835 2868 portentuosos
1880 2803 2045 2861 fretus
2073 2822 2172 2863 ex-

523 2884 850 2954 stingueret,
873 2884 1013 2941 alios
1051 2892 1112 2942 ut
1141 2891 1522 2944 monstruosos
1559 2890 1881 2962 debilesque
1910 2903 2168 2962 necaret;

524 2983 636 3026 non
667 2986 699 3026 a
746 2971 1128 3042 familiaribus,
1186 2989 1296 3030 non
1345 2990 1376 3030 a
1429 2977 1766 3046 domesticis,
1801 2995 1902 3037 nec
1933 2997 1960 3036 a
1992 2985 2173 3054 seipsa

2258 597 2553 662 communi,
2595 597 2651 653 in
2700 606 2913 666 natura,
2963 601 3041 656 in
3079 601 3328 658 moribus
3385 617 3628 674 semper
3682 604 3935 674 superior

2257 681 2440 740 fuerit.
2493 688 2552 741 ln
2590 701 2840 758 campum
2899 689 3041 745 enim
3106 697 3407 760 patentem,
3438 693 3542 748 ubi
3577 699 3933 763 spectatores

2255 773 2551 842 Christum,
2610 777 2951 848 principatus
2981 787 3035 835 et
3076 789 3381 850 potestates
3409 783 3685 849 haberet,
3723 797 3928 853 propo-

2256 863 2359 918 sita
2388 863 2541 919 illum
2590 867 2814 936 praemia
2862 874 2917 924 et
2969 869 3138 925 animi
3196 873 3520 943 magnitudo
3567 872 3923 928 sustulerat:

2258 951 2347 1007 cui
2379 967 2478 1022 pro
2507 954 2649 1011 vallo
2680 962 2735 1011 et
2764 957 3004 1014 hostium
3042 960 3280 1016 statione
3330 961 3629 1017 dimicanti
3661 961 3922 1031 deprimi,

2258 1041 2532 1109 inclinari,
2566 1057 2669 1100 nec
2698 1047 2906 1102 moveri
2937 1047 3162 1117 quidem
3191 1049 3440 1120 contigit,
3477 1057 3539 1105 ut
3574 1050 3922 1120 triumphum

2259 1144 2325 1185 ex
2371 1132 2572 1188 virtute
2615 1141 2929 1190 nascentem
2990 1137 3058 1191 ad
3117 1137 3338 1193 caeleste
3384 1139 3699 1209 imperium
3750 1141 3922 1211 gratia

2259 1219 2489 1275 maxima
2521 1222 2746 1290 potitus,
2779 1230 3107 1292 asportaret.

2327 1307 2380 1362 5.
2435 1309 2514 1364 Ad
2559 1310 2699 1366 hanc
2747 1312 2915 1382 igitur
2959 1314 3189 1385 gloriam
3239 1323 3294 1372 et
3344 1317 3702 1375 nobilitatem
3746 1333 3916 1390 expe-

2259 1397 2477 1452 tendam
2517 1400 2910 1457 exsecrandum
2949 1402 3007 1458 id
3049 1403 3344 1460 admodum
3376 1412 3548 1476 ratus,
3601 1408 3762 1478 quod
3795 1423 3916 1477 per-

2259 1487 2632 1545 turbationum
2661 1491 2901 1547 omnium
2955 1491 3162 1549 fontem
3201 1495 3641 1566 principiumque
3675 1510 3912 1566 persen-

2257 1581 2440 1644 serat;
2475 1578 2707 1646 primum
2737 1581 3176 1651 intemperantiae
3208 1592 3450 1640 monstro
3490 1585 3659 1655 (quod
3681 1585 3908 1642 scilicet

2260 1673 2343 1721 est
2380 1680 2411 1720 a
2451 1673 2599 1724 recta
2646 1676 2848 1737 mente,
2881 1672 2950 1727 ab
2992 1673 3139 1728 omni
3170 1673 3380 1729 ratione
3411 1673 3668 1741 defectio,
3703 1682 3764 1730 ut
3794 1675 3900 1731 hac

2192 1752 2475 1811 Banimus
2539 1756 2794 1826 infectus,
2862 1773 2965 1816 nec
3005 1761 3119 1832 regi
3156 1775 3255 1817 nec
3301 1764 3581 1819 contineri
3639 1766 3897 1834 potuerit)

2258 1842 2406 1899 fores
2455 1846 2620 1901 animi
2665 1847 2863 1904 clausit
2909 1849 3145 1906 admissa
3177 1851 3344 1907 semel
3376 1852 3431 1908 in
3470 1852 3680 1908 mentis
3708 1852 3894 1922 hospi-

2259 1933 2392 1988 tium
2431 1934 2768 1992 moderatrix
2803 1938 3061 1994 virtutum
3104 1945 3159 1996 et
3213 1941 3433 1996 domina
3475 1943 3836 2012 temperantia
3877 1962 3887 1993 :

2257 2022 2628 2090 appetitiones
2691 2025 2933 2095 quidem,
3002 2033 3061 2082 ut
3125 2034 3291 2085 rectae
3354 2029 3555 2085 rationi
3617 2036 3883 2101 parerent,

2258 2109 2534 2179 effecerat,
2578 2119 2744 2183 utque
2775 2113 2917 2185 frugi
2955 2113 3117 2172 homo
3178 2117 3388 2186 judicia
3441 2132 3573 2173 sana
3628 2127 3879 2182 servaret,

2259 2200 2440 2255 omnia
2497 2207 2646 2257 recta
2703 2201 2928 2272 faceret,
2980 2205 3269 2271 moderati,
3303 2208 3603 2263 constantis
3630 2215 3688 2264 et
3721 2209 3880 2279 quieti

2256 2287 2424 2343 animi
2455 2299 2636 2357 esset;
2671 2304 2740 2346 ne
2772 2292 3077 2349 tabesceret
3124 2295 3413 2361 molestiis,
3456 2311 3519 2352 ne
3547 2295 3882 2366 frangeretur

2260 2377 2476 2445 timore,
2509 2392 2577 2434 ne
2625 2380 2775 2436 inani
2806 2382 3052 2439 claritate
3097 2384 3345 2455 gestiret,
3379 2398 3480 2440 nec
3511 2385 3742 2455 denique
3779 2384 3876 2439 nisi

2258 2465 2468 2522 cmlesti
2525 2468 2802 2526 desiderio
2849 2470 3067 2526 arderet
3109 2491 3121 2526 :
3182 2473 3312 2542 quia
3367 2487 3490 2529 cum
3525 2487 3588 2529 se
3625 2474 3792 2529 virtus
3824 2472 3872 2528 in

2257 2553 2560 2612 editissimo
2609 2564 2664 2612 et
2714 2559 3065 2616 eminentiori
3112 2560 3236 2618 loco
3271 2563 3591 2632 recepisset,
3626 2562 3763 2618 unde
3798 2577 3871 2616 V3-

2257 2657 2384 2699 carc
2413 2645 2519 2701 sibi
2550 2653 2747 2714 totum,
2783 2649 2933 2719 quod
2963 2649 3348 2717 illustraverat,
3380 2658 3736 2720 conspectum
3760 2652 3870 2716 iret,

2256 2733 2397 2788 bene
2436 2748 2533 2789 usa
2579 2736 2788 2792 viribus
2829 2737 2965 2805 suis,
3007 2745 3202 2808 pectus
3251 2739 3394 2794 beati
3448 2739 3552 2794 viri
3598 2739 3873 2795 comitibus

2256 2827 2464 2877 tantum
2532 2822 2763 2880 liberum
2822 2826 3036 2882 scilicet
3097 2835 3262 2898 atque
3328 2827 3578 2883 mirabile
3621 2827 3875 2884 dedicavit

2255 2909 2507 2966 aerarium
2542 2928 2555 2965 :
2589 2913 2733 2968 unde
2764 2929 2853 2969 res
2882 2914 3064 2980 bonae,
3087 2915 3253 2972 utiles
3280 2922 3334 2971 et
3362 2915 3632 2983 honestae,
3656 2915 3872 2986 justitia,

2253 2998 2616 3068 continentia,
2649 3001 2962 3070 prudentia,
2996 3004 3311 3074 magnitudo
3348 3005 3536 3072 animi,
3567 3004 3873 3070 liberalitas,

521 3060 759 3165 quidem.
1762 3071 2450 3156 crlldminem-Cipietas,
2510 3060 2768 3158 amicitia,
2845 3105 2993 3161 spes,
3061 3060 3217 3160 fides,
3285 3094 3506 3160 caritas,
3564 3099 3873 3165 caateraeque

516 3149 658 3203 Ecce
705 3149 796 3203 hic
843 3151 1214 3220 Porphyrides
1253 3154 1470 3220 Lucius,
1513 3157 1648 3211 civis
1694 3159 1990 3226 Romanus,
2025 3175 2169 3230 pon-

520 3234 653 3291 tifex
683 3237 968 3306 maximus,
1013 3238 1081 3294 de
1110 3241 1269 3309 cujus
1290 3242 1551 3312 triumphi
1575 3245 1735 3301 titulo
1758 3246 1877 3303 dies
1902 3248 2168 3305 hodierna

514 3325 804 3395 gloriatur,
859 3326 1010 3381 illius
1054 3325 1276 3384 familiae
1326 3329 1542 3398 pollens
1591 3335 1829 3389 nominis
1877 3336 2164 3407 dignitate,

516 3428 662 3483 quae,
694 3420 755 3469 ut
798 3415 969 3471 Roma
998 3424 1335 3487 superesset,
1377 3420 1792 3491 Carthaginensi
1832 3429 1887 3479 et
1923 3427 2167 3481 Numan-

518 3503 635 3558 tino
667 3501 838 3560 furori
891 3505 998 3560 imo
1031 3507 1131 3561 toti
1163 3508 1306 3575 orbi,
1340 3508 1560 3564 modum
1592 3517 1646 3566 et
1685 3511 1844 3568 finem
1877 3514 2166 3584 imposuit;

523 3597 751 3661 propter
779 3607 930 3649 suam
970 3603 1336 3664 opportunam
1397 3598 1451 3652 in
1512 3599 1754 3656 Romano
1793 3603 1998 3672 populo
2038 3618 2170 3674 ope-

523 3693 658 3746 ram,
699 3681 802 3737 sub
835 3682 1122 3739 Valeriano
1171 3686 1384 3741 Caesare
1425 3687 1645 3757 capitali
1695 3692 1966 3746 sententia
2008 3705 2170 3747 neca-

523 3775 612 3824 tus
641 3775 746 3825 est.

592 3857 647 3910 4.
706 3859 812 3916 Sed
870 3860 1087 3917 videtur
1145 3875 1329 3932 opera:
1393 3867 1625 3934 pretium
1693 3867 1761 3922 ad
1833 3869 2171 3938 posteritatis

521 3947 909 4017 compendium
967 3951 1209 4005 seriatim
1268 3953 1538 4024 evolvere,
1591 3956 1737 4026 quod
1798 3957 1962 4014 homo
2001 3959 2171 4014 totius

520 4034 857 4103 integritatis
909 4043 964 4091 et
1002 4052 1198 4108 magno
1247 4050 1398 4107 natu,
1442 4045 1725 4111 patricius,
1778 4045 2000 4116 ingenio
2041 4062 2169 4117 pru-

521 4121 672 4177 denti
711 4131 926 4190 auctus,
982 4128 1232 4181 oratione
1264 4129 1503 4196 limatus,
1540 4134 1680 4200 juris
1712 4136 2013 4202 peritorum
2055 4138 2168 4193 elo-

515 4212 934 4281 quentissimus,
971 4214 1347 4284 eloquentium
1393 4218 1536 4288 juris
1585 4222 1970 4290 peritissimus,
2012 4227 2170 4294 cujus

519 4300 775 4368 majestas
823 4308 876 4356 et
925 4303 1228 4373 amplitudo
1261 4311 1316 4360 et
1346 4307 1586 4379 dignitas
1632 4309 1928 4365 sacerdotii
1968 4312 2166 4368 coelum

2253 3177 2543 3233 contrariae
2578 3178 2725 3234 vitiis
2762 3180 2992 3236 virtutes
3030 3183 3212 3251 expeti
3250 3181 3408 3238 facile
3452 3184 3771 3253 potuissent.
3802 3186 3875 3240 Ita

2251 3265 2473 3335 quidem
2503 3267 2687 3324 divina
2735 3270 3079 3340 providentia
3126 3270 3199 3340 ei,
3231 3273 3325 3342 qui
3358 3274 3500 3342 jura,
3541 3274 3638 3342 qui
3665 3273 3872 3337 Urbem,

2252 3355 2346 3423 qui
2392 3369 2520 3410 vera
2559 3371 2714 3412 sacra
2744 3365 3061 3414 servaturus
3091 3367 3273 3428 esset;
3307 3361 3401 3430 qui
3449 3361 3503 3415 in
3553 3359 3748 3425 forum,
3789 3361 3875 3430 qui

2252 3441 2307 3497 in
2339 3450 2536 3512 rostra,
2571 3447 2664 3516 qui
2711 3447 2767 3502 in
2816 3447 3022 3503 curiam
3071 3448 3141 3504 de
3169 3449 3385 3504 Christo
3415 3449 3663 3505 dicturus
3700 3463 3878 3518 proce-

2252 3531 2429 3598 deret,
2479 3533 2793 3603 hujusmodi
2851 3543 3164 3607 competere
3196 3539 3348 3608 jussa
3392 3544 3522 3594 sunt
3549 3545 3875 3594 ornamenta.

2253 3621 2499 3677 Humano
2530 3623 2696 3693 igitur
2732 3627 2920 3694 generi
2952 3632 3010 3681 ut
3038 3641 3263 3682 summae
3301 3627 3600 3682 divinitatis
3639 3627 3876 3691 facturae,

2251 3709 2361 3765 imo
2402 3717 2461 3765 ut
2489 3711 2584 3766 Dei
2604 3711 2952 3768 similitudini
2981 3714 3248 3782 intentus,
3279 3716 3654 3786 circumspicit
3681 3715 3876 3786 largam

2252 3797 2456 3867 ubique
2504 3807 2559 3854 et
2605 3801 2878 3857 assiduam
2927 3802 3052 3857 mali
3101 3805 3428 3859 materiam:
3479 3803 3617 3860 alios
3646 3812 3880 3875 egestate

2252 3885 2579 3957 laboriosos,
2620 3891 2758 3945 alios
2789 3891 3088 3948 ambitione
3121 3892 3414 3959 sollicitos,
3438 3892 3575 3949 alios
3604 3898 3880 3963 torpentes

2251 3975 2484 4043 desidia,
2517 3978 2656 4034 alios
2701 3981 3017 4036 sordidatos
3073 3981 3323 4051 luxuria;
3388 3982 3490 4037 hos
3547 3982 3878 4052 impatientia

2252 4067 2494 4134 concuti,
2550 4067 2677 4124 illos
2732 4071 2941 4125 saevitia
2994 4071 3214 4137 inflari;
3275 4071 3540 4141 quosdam
3579 4071 3876 4136 iracundia,

2251 4152 2454 4220 furore,
2488 4157 2813 4214 crudelitate
2844 4159 3109 4229 quosdam
3137 4159 3414 4227 insanire;
3459 4160 3719 4215 adversus
3748 4172 3881 4229 quos

2253 4245 2592 4302 miserandos
2629 4247 2855 4304 affectus
2896 4250 2978 4305 vir
3016 4249 3194 4305 bonus
3238 4264 3461 4320 operam
3509 4254 3567 4305 et
3602 4249 3771 4305 robur
3800 4262 3882 4318 pe-

2251 4333 2422 4389 ctoris
2471 4337 2773 4406 experitur,
2823 4344 2877 4394 et
2933 4339 3234 4395 secundum
3284 4338 3605 4410 Apostolum
3665 4337 3726 4410 (
3759 4340 3880 4394 Cor.

517 4387 907 4501 dgstinaverat.
949 4392 1346 4450 interdicturus
1374 4397 1479 4451 sibi
1507 4397 1881 4501 voluptatibus
1897 4405 1966 4501 ff
1995 4402 2162 4501 vitiis.
2181 4419 2229 4474 D
2248 4387 2330 4489 1x,
2345 4423 2442 4495 20)
2469 4387 2742 4483 imi;
3622 4387 3882 4490 omnium,

521 4477 589 4531 ab
619 4475 843 4534 ineunte
875 4485 1034 4535 miatc
1067 4488 1238 4536 totum
1271 4498 1329 4539 se
1377 4485 1550 4539 sacris
1575 4487 1820 4542 moribus
1857 4487 2163 4560 officiisque

519 4565 812 4622 indulserit
846 4589 858 4624 :
893 4570 1152 4641 quodque
1203 4572 1502 4629 derelictos
1549 4589 1577 4628 a
1628 4576 1853 4644 pietate,
1884 4592 1914 4632 a
1954 4580 2165 4634 miseri-

517 4653 728 4722 cordia,
762 4656 830 4711 ab
885 4657 1244 4728 humanitate,
1306 4661 1644 4718 inveteratos
1689 4666 1850 4720 etiam
1893 4667 2158 4735 perfidiae,

519 4742 767 4799 libidinis
813 4752 868 4801 et
917 4747 1030 4803 odii
1082 4748 1234 4814 loris,
1277 4763 1386 4805 non
1436 4753 1726 4807 severitate
1773 4760 2010 4820 austera,
2053 4769 2163 4810 non

517 4829 850 4888 demissione
909 4835 1123 4902 diffusa,
1184 4850 1294 4892 non
1361 4841 1624 4909 gravitate
1681 4841 2012 4908 tristissima,
2065 4844 2161 4898 sed

518 4920 922 4978 machinatione
971 4925 1240 4981 orationis
1287 4929 1453 4984 variae
1492 4935 1548 4984 et
1585 4930 1943 4996 vehementis,
1987 4931 2163 5000 plenae

516 5009 704 5078 animi,
738 5010 915 5080 plenae
955 5014 1202 5082 spiritus,
1236 5015 1413 5085 plenae
1456 5017 1785 5085 dulcedinis,
1821 5019 1997 5088 plena:
2022 5023 2164 5076 veri-

518 5097 667 5166 tatis,
699 5099 755 5153 in
786 5114 966 5156 arcem
1006 5103 1179 5171 pacis,
1231 5105 1434 5174 quietis
1463 5112 1518 5162 et
1564 5106 1851 5178 religionis
1889 5108 2159 5166 eduxerit.

516 5187 626 5243 Nec
674 5188 810 5245 illud
851 5205 1072 5261 quoque
1120 5193 1358 5250 alienum
1406 5194 1546 5263 fore,
1597 5210 1834 5267 quonam
1877 5198 2040 5254 modo
2081 5200 2164 5253 in-

517 5274 679 5332 titulo
710 5278 1135 5337 Christianitatis
1182 5297 1303 5338 cum
1353 5285 1565 5341 Caesare
1604 5284 1900 5342 furibundo
1939 5300 2164 5357 compo-

520 5363 679 5431 situs,
739 5369 816 5423 uti
873 5371 1120 5426 ancillari
1194 5373 1434 5428 Romana
1492 5381 1544 5429 et
1603 5375 1844 5444 gentium
1898 5378 2022 5446 jura
2086 5377 2165 5432 vi-

524 5449 814 5522 debantur,
883 5473 909 5512 a
979 5459 1091 5515 litis
1155 5460 1460 5517 intentione
1527 5464 1593 5518 ad
1663 5465 2064 5534 depulsionem,
2132 5482 2162 5523 a

527 5538 852 5608 depulsione
934 5549 1000 5601 ad
1088 5555 1287 5606 statum
1380 5551 1634 5607 abeundo
1668 5595 1681 5617 ,
1763 5555 2065 5622 prudenter
2109 5562 2165 5611 et

2247 4513 2543 4585 unicuique
2574 4518 2816 4572 omnium
2860 4519 3039 4589 gerit;
3070 4525 3126 4574 et
3156 4519 3375 4574 modum
3417 4523 3642 4588 praestat
3672 4516 3882 4572 unicui-

2247 4617 2374 4672 que,
2451 4605 2845 4676 indulgentiam
2921 4614 3176 4678 tauquam
3238 4607 3413 4674 fratri,
3472 4608 3883 4663 venerationem

2247 4696 2503 4761 tanquam
2555 4697 2791 4762 parenti,
2841 4696 3046 4751 cultum
3079 4704 3335 4767 tauquam
3373 4697 3685 4767 superiori;
3723 4695 3887 4766 hujus

2247 4781 2555 4849 miseretur,
2606 4784 2685 4838 illi
2737 4785 3085 4854 moderatur;
3136 4786 3264 4842 huic
3302 4787 3596 4851 succurrit,
3631 4785 3778 4841 hunc
3810 4786 3886 4841 in-

2245 4869 2407 4925 struit
2435 4891 2447 4924 :
2478 4873 2734 4928 omnibus
2770 4882 2950 4930 autem
2985 4875 3132 4930 inter
3152 4880 3234 4930 tot
3263 4889 3483 4931 errores
3510 4875 3630 4930 dies
3670 4883 3887 4931 noctes-

2246 4974 2350 5028 que
2391 4959 2546 5014 malze
2595 4963 2794 5018 mentis
2825 4963 3222 5031 laborantibus,
3254 4964 3323 5019 ad
3369 4964 3524 5019 beate
3565 4969 3886 5034 aeterneque

2245 5049 2555 5116 vivendum,
2617 5051 2948 5114 tutissimum.
2983 5067 3205 5124 quoque
3267 5061 3318 5108 et
3376 5052 3799 5109 celeberrimum
3832 5054 3887 5108 in

2246 5139 2348 5194 hac
2379 5139 2488 5195 vita
2518 5141 2624 5196 iter
2661 5143 2923 5198 ostendit.

2909 5234 3124 5288 CAPUT
3161 5235 3227 5288 ll.

2246 5317 2556 5390 Adhortatio
2585 5319 2648 5375 S.
2700 5321 2848 5376 Lucii
2887 5322 2950 5376 de
2987 5337 3161 5377 rerum
3204 5335 3531 5379 terrenarum
3569 5324 3816 5390 despectu
3844 5333 3892 5378 et

2447 5389 2735 5447 imitatione
2765 5392 2956 5449 Christi
2993 5400 3043 5450 et
3072 5396 3318 5450 virtutum
3345 5389 3709 5466 (requisitions.

2315 5477 2369 5530 6.
2413 5479 2644 5535 Lubrica
2672 5489 2799 5537 sunt
2829 5489 2884 5537 et
2913 5483 3122 5540 incerta
3153 5485 3356 5551 omnia,
3377 5498 3480 5540 nec
3511 5484 3622 5539 dici
3660 5488 3890 5554 possunt

2247 5566 2409 5635 bona,
2442 5582 2564 5638 quae
2603 5571 2872 5640 speciosa,
2923 5572 3020 5627 sed
3069 5572 3246 5629 fallaci
3296 5574 3595 5644 voluptate,
3629 5575 3882 5638 miseros,
