4106 6178
458 199 594 254 1305

1532 201 1685 256 VITA
1725 202 1780 256 S.
1823 203 2001 258 LUCII
2041 204 2232 260 PAPIE
2271 204 2354 260 ET
2392 205 2749 261 MARTYRIS.

3687 207 3824 263 1306

453 324 714 383 mortales
763 323 1016 383 alliciunt
1049 345 1061 381 :
1114 325 1367 398 pecunia,
1415 324 1675 397 dignitas,
1726 327 1994 396 potentia,
2043 330 2165 392 etA
2181 331 2236 384 et
2257 327 2598 400 dignitatem.
2621 330 2763 400 Ergo
2793 328 2862 386 ab
2882 328 2990 388 hoc
3011 329 3209 402 exiguo
3240 335 3296 388 et
3323 330 3533 388 caduco
3560 331 3826 403 temporis

449 414 556 470 alia
585 415 640 470 id
680 427 890 486 genus;
941 415 1009 470 ad
1057 429 1180 486 quae
1231 419 1313 471 tot
1360 414 1612 471 homines
1658 415 1892 484 inducti,
1951 431 2098 473 caeca

451 503 754 574 cupiditate
801 504 1241 574 obstupescunt:
1285 505 1389 560 ista
1427 518 1547 560 cum
1581 504 1770 561 labore
1801 507 2094 576 possiden-

452 597 561 660 tur,
594 606 717 649 cum
748 592 952 649 invidia
978 593 1417 664 conspiciuntur,
1452 594 1723 650 neminem
1749 608 1860 651 non
1890 596 2098 653 sollici-

451 685 565 738 tum
595 680 824 749 faciunt,
857 684 1127 740 neminem
1166 684 1309 740 bene
1354 682 1590 750 felicem,
1643 685 1916 742 neminem
1955 687 2096 742 bene

450 784 726 826 securum.
793 771 987 828 Nullus
1050 772 1232 828 stabili
1300 773 1548 828 constitit
1612 773 1758 841 loco,
1819 776 2098 844 jactantur

451 871 663 926 omnes,
694 859 919 930 pendet,
952 860 1236 928 ﬂuctuant,
1287 862 1344 917 in
1394 861 1718 918 alterutrum
1764 862 2090 918 illiduntur:

449 949 543 1005 alii
581 947 722 1005 alios
778 949 1041 1006 cadentes
1099 951 1342 1018 trahunt,
1401 950 1493 1006 alii
1552 951 1675 1007 aliis
1739 952 1908 1008 exitio
1945 956 2092 1008 sunt.

449 1041 669 1111 Strages
697 1045 782 1095 est
820 1039 944 1106 ista,
987 1053 1098 1096 non
1155 1041 1284 1107 vita,
1344 1045 1401 1096 et
1463 1043 1807 1097 coacervatio
1863 1041 2095 1099 aliorum

448 1141 618 1198 super
644 1127 783 1184 alios
823 1130 1118 1185 ruentium.
1160 1131 1510 1200 Respondeat
1548 1131 1654 1186 sibi
1693 1131 1824 1187 licet
1861 1132 2096 1202 quisque

448 1215 515 1272 ad
555 1221 760 1282 votum,
793 1217 1095 1288 credatque
1150 1217 1482 1288 voluptatem
1541 1233 1809 1275 summum
1866 1220 2092 1284 bonum,

446 1304 677 1374 gloriam
707 1309 762 1360 et
790 1304 963 1361 seculi
993 1320 1223 1376 pompas
1271 1311 1326 1362 et
1373 1306 1562 1362 ultima
1607 1307 1738 1362 vitia
1786 1307 1839 1362 in
1885 1323 2093 1364 summa

448 1390 710 1449 felicitate
748 1400 954 1463 ponat:
1018 1395 1200 1450 omnia
1262 1400 1442 1451 tamen
1499 1395 1735 1451 humana
1791 1397 1977 1452 brevia
2037 1405 2093 1454 et

447 1481 655 1538 caduca
701 1487 850 1550 sunt,
892 1497 994 1540 nec
1053 1484 1409 1554 procedentia
1466 1485 1522 1540 in
1579 1492 1789 1554 partem
1853 1485 2090 1556 aliquam

448 1571 714 1641 temporis
778 1571 1080 1643 longioris:
1152 1573 1264 1629 cito
1330 1579 1636 1641 transeunt,
1689 1580 1744 1630 et
1799 1574 2090 1631 immaturo

2178 417 2432 484 transitu,
2457 417 2514 472 in
2539 415 2633 472 illa
2665 422 2782 473 toto
2813 431 2915 474 nos
2944 418 3138 474 demus
3167 418 3372 487 animo,
3394 434 3517 490 qua:
3536 420 3822 489 immensa,

2178 518 2302 575 qua:
2332 512 2540 561 aeterna
2577 511 2725 572 sunt,
2766 519 2890 576 quae
2929 507 3255 562 melioribus
3284 505 3550 562 meliora:
3591 507 3660 563 ad
3699 521 3825 578 qua

2179 593 2434 648 nimirum
2465 592 2583 649 sola
2613 593 2816 648 Christi
2856 592 3121 649 charitate
3152 593 3496 660 deducimur,
3531 594 3624 650 ubi
3663 594 3827 651 nobis

2177 681 2328 737 nulla
2385 675 2578 738 saeculi
2635 681 3000 738 diuturnitate
3055 683 3425 749 interdicitur,
3485 683 3580 739 ubi
3635 696 3829 740 omnes

2177 769 2550 837 admittimur,
2619 769 2714 826 ubi
2768 782 2876 826 non
2935 770 3383 841 constringimur,
3445 784 3556 827 non
3620 771 3826 828 asseri-

2179 871 2336 925 mnr;
2370 858 2466 914 sed
2500 859 2626 925 tuti,
2658 859 2754 914 sed
2787 858 2970 926 liberi,
2994 858 3092 914 sed
3123 859 3316 914 aeterni
3347 857 3522 916 libero
3551 865 3608 915 et
3635 866 3827 931 aperto

2178 945 2411 1002 fruimur
2449 947 2626 1002 creto:
2671 947 2764 1002 ubi
2791 960 2907 1002 nos
2945 953 3128 1003 terror
3183 946 3368 1004 nullus
3417 948 3657 1017 invadet,
3717 963 3826 1006 non

2178 1035 2260 1090 ira
2328 1035 2632 1106 torquebit,
2700 1049 2812 1092 non
2871 1036 3097 1092 morbus
3151 1035 3377 1107 afﬂiget,
3418 1050 3528 1092 non
3585 1038 3828 1108 suspicio

2176 1125 2430 1193 lacesset,
2463 1139 2574 1181 non
2603 1125 2807 1182 invidia
2845 1126 3227 1194 insectabitur,
3270 1140 3380 1182 non
3410 1132 3588 1182 metus
3615 1127 3830 1183 sollici-

2177 1215 2335 1284 tabit,
2369 1229 2480 1272 non
2512 1215 2706 1272 levitas
2755 1215 3110 1286 inquietabit.
3141 1219 3223 1272 An
3254 1229 3388 1282 non,
3419 1215 3465 1272 si
3504 1215 3646 1272 bene
3675 1216 3831 1271 msti-

2177 1317 2310 1368 mes,
2345 1303 2461 1360 sola
2502 1305 2621 1361 haec
2651 1305 2813 1360 nobis
2861 1306 2979 1375 ipsa
3024 1305 3431 1375 quodammodo
3485 1305 3680 1360 interni
3725 1303 3830 1359 be-

2175 1393 2361 1450 neficii
2393 1393 2515 1450 loca
2545 1401 2754 1465 erepta,
2786 1401 2842 1451 et
2893 1395 3073 1450 ablata
3129 1395 3507 1451 sortirentur?
3560 1394 3826 1465 Agedum,

2175 1497 2242 1538 ex
2297 1482 2463 1539 hodie
2529 1484 2896 1555 magistratus,
2959 1489 3052 1539 aut
3109 1485 3436 1554 quaestionis
3485 1488 3582 1540 aut
3618 1489 3828 1539 tantum

2175 1570 2342 1627 animi
2383 1586 2566 1638 causa,
2627 1572 2755 1628 duci
2799 1573 3040 1643 juberet,
3083 1579 3144 1628 ut
3191 1573 3369 1643 primo
3416 1573 3586 1644 virgis
3629 1585 3826 1637 caesus,

447 1659 584 1717 citra
642 1660 1039 1718 incrementum
1097 1663 1334 1719 termino
1390 1662 1817 1730 concluduntur,
1876 1669 1936 1719 ut
1990 1656 2307 1721 necBinde
2339 1660 2536 1732 ligatus
2573 1661 2640 1716 ad
2691 1660 2896 1731 palum,
2956 1660 3135 1717 securi
3196 1660 3497 1718 feriendam
3555 1661 3827 1717 cervicem

446 1749 557 1806 illis
575 1749 670 1806 diu
699 1755 844 1808 stare
875 1752 1189 1823 contigerit.
1223 1752 1394 1808 Etiam
1423 1753 1491 1808 ad
1523 1752 1636 1819 illa,
1670 1767 1793 1823 quae
1823 1759 2093 1810 vetustate

445 1839 771 1911 gloriantur,
804 1840 1181 1908 extendamus,
1221 1841 1268 1897 si
1309 1841 1462 1908 libet,
1513 1841 1692 1898 aetatis
1731 1849 1934 1899 nostra:
1974 1857 2097 1899 me-

446 1933 577 1995 tam,
619 1928 776 1997 cujus
799 1928 1039 1985 medium
1078 1931 1239 2000 pauci
1287 1937 1607 2000 computant
1636 1930 1692 1986 in
1722 1944 1922 1986 annum
1953 1945 2090 1987 cen-

445 2015 734 2072 tesimum:
786 2016 914 2073 inde
963 2017 1197 2074 ducatur
1260 2018 1474 2074 animus
1538 2019 1607 2074 ad
1674 2019 1990 2091 longissima
2038 2027 2094 2077 et

445 2105 658 2161 inﬁnita
695 2105 795 2162 aevi
824 2107 1037 2177 spatia;
1079 2108 1199 2164 hazc
1229 2113 1498 2179 tempora,
1539 2108 1834 2164 aeternitati
1865 2123 2090 2178 compa-

444 2197 581 2260 rata,
641 2208 802 2264 quam
869 2195 1286 2265 pr0portionem
1344 2194 1610 2261 facerent,
1670 2196 1883 2252 etiamsi
1932 2197 2094 2252 nobis

446 2286 580 2339 mtas
608 2295 810 2338 annum
840 2282 1185 2339 millesimum
1219 2283 1577 2355 indulgeret?
1629 2285 1760 2351 Quae
1819 2299 1938 2340 cum
1993 2285 2096 2342 hu-

441 2370 684 2440 jusmodi
713 2371 844 2438 sint,
887 2371 1138 2442 exiguum
1172 2371 1315 2427 istud
1350 2379 1403 2428 et
1450 2373 1636 2440 breve,
1687 2387 1797 2443 quo
1845 2375 2094 2444 cogimur

446 2458 515 2513 ad
574 2471 778 2515 morem
837 2459 1072 2515 aliorum
1123 2460 1326 2527 vivere,
1388 2461 1460 2515 ita
1511 2467 1684 2517 totum
1743 2462 2093 2534 negligentia;

445 2545 786 2618 desidiaeque
818 2547 1156 2614 mandamus,
1200 2554 1260 2602 ut
1291 2548 1346 2604 id
1387 2548 1564 2619 ipsum
1605 2549 1766 2620 plane
1812 2550 1885 2605 sit
1929 2551 2090 2618 mori,

444 2635 592 2705 quod
624 2636 872 2692 vivimus.
909 2637 1154 2692 Humana
1185 2637 1329 2693 enim
1362 2653 1462 2708 per
1494 2638 1674 2694 luxum
1715 2645 1772 2696 et
1818 2640 2092 2710 intempe-

443 2725 620 2781 rantia
662 2740 694 2780 a
750 2725 986 2796 pueritia
1044 2727 1153 2782 vita
1197 2724 1416 2795 difﬂuit,
1460 2733 1683 2798 torpore
1722 2730 1892 2797 iners,
1941 2727 2095 2786 defa-

443 2814 610 2885 tigata
640 2813 900 2882 lasciviis,
952 2815 1251 2872 ambitione
1309 2831 1596 2887 suspensa,
1659 2818 1938 2873 mercandi
1997 2833 2093 2874 cu-

443 2902 592 2973 pida,
635 2917 766 2974 vaga
806 2910 860 2960 et
899 2905 1222 2961 inconstans
1277 2911 1334 2961 et
1380 2907 1485 2961 sibi
1545 2905 1868 2976 displicens,
1929 2921 2090 2977 quam

2173 1748 2388 1804 lictoris
2418 1763 2746 1822 exponeres,
2787 1749 3000 1821 sicque,
3033 1750 3362 1820 propinquis
3391 1757 3446 1805 et
3476 1749 3826 1815 necessariis,

2173 1842 2410 1910 conjuge
2448 1846 2504 1895 et
2549 1839 2741 1895 liberis
2791 1839 3199 1906 assistentibus,
3242 1838 3582 1896 exsecrabile
3622 1837 3828 1909 populo

2172 1927 2547 1998 spectaculum
2616 1928 2796 1995 dares,
2857 1927 3358 1998 supplicationibus
3423 1927 3667 1998 undique
3724 1941 3827 1998 pro

2173 2017 2460 2086 ereptione
2489 2017 2649 2083 actis,
2683 2030 2874 2086 parum
2905 2016 3252 2083 succederet,
3291 2015 3439 2087 quod
3471 2015 3652 2072 inanis
3679 2014 3830 2072 illius

2173 2110 2229 2158 et
2284 2110 2526 2160 ventosae
2593 2103 2872 2159 felicitatis
2929 2105 2985 2159 in
3044 2105 3180 2160 tanti
3220 2113 3434 2160 terrore
3493 2103 3828 2160 discriminis

2172 2191 2316 2246 scire
2355 2191 2622 2261 pondera,
2664 2197 2720 2246 et
2749 2205 2864 2247 eam
2915 2191 2983 2247 ad
3033 2205 3196 2248 omne
3233 2191 3359 2247 vita:
3409 2197 3624 2261 tempus
3661 2202 3825 2246 reco-

2172 2281 2338 2337 leres.
2379 2283 2562 2348 Certe,
2603 2281 2649 2336 si
2690 2286 2803 2336 tum
2842 2281 2942 2336 tibi
2995 2281 3259 2352 possibile
3307 2287 3454 2338 esset
3491 2281 3662 2337 libere
3715 2293 3827 2336 ma-

2171 2370 2517 2442 gnitudinem
2558 2376 2614 2426 et
2642 2369 2736 2426 illa
2774 2368 3038 2440 fulgentia
3097 2370 3240 2426 bona
3299 2369 3592 2435 aestimare,
3652 2367 3828 2423 lectos

2172 2473 2392 2527 aureos,
2424 2460 2607 2516 aureis
2636 2472 2854 2514 mensas
2900 2457 3173 2531 fulgentes
3209 2459 3374 2526 vasis,
3425 2455 3824 2528 supellectilem

2172 2547 2456 2618 grandem,
2489 2560 2770 2603 servorum
2811 2547 3047 2614 turbam,
3080 2552 3379 2618 unguenta,
3413 2557 3668 2611 coronas,
3691 2543 3824 2600 odo-

2173 2650 2283 2705 res,
2325 2636 2824 2709 conquisitissimas
2871 2635 3081 2707 epulas,
3127 2651 3252 2707 quae
3291 2633 3593 2691 fastidienti
3622 2631 3765 2704 gula:
3793 2645 3826 2686 a

2171 2726 2432 2792 Gadibus,
2463 2726 2531 2780 ab
2560 2738 2778 2792 aurora,
2822 2729 2877 2780 et
2916 2725 2984 2779 ab
3023 2725 3216 2781 ultimo
3245 2729 3540 2795 portantur
3567 2725 3822 2787 Oceano;

2171 2815 2411 2870 sentires
2449 2814 2638 2884 utique
2688 2813 3075 2885 dispungendo
3125 2819 3181 2868 et
3237 2811 3580 2868 recensendo
3634 2823 3827 2867 omnes

2171 2904 2298 2959 vita
2329 2910 2439 2959 tuae
2478 2903 2619 2970 dies,
2651 2902 2859 2958 nullum
2891 2902 3152 2958 memoria
3191 2902 3438 2973 dignum,
3490 2900 3587 2957 sed
3634 2912 3828 2956 omnes

444 2991 687 3062 undique
725 2991 856 3047 vitia
887 3001 1105 3064 urgent,
1139 2994 1384 3064 undique
1415 2995 1807 3051 circumstant:
1842 3010 1945 3052 nec
1975 2987 2154 3051 eamC
2177 3006 2334 3063 teque
2367 2991 2634 3062 perditos,
2667 3005 2824 3062 aeque
2864 2991 3174 3046 exitiabiles
3211 2990 3356 3061 apud
3409 2997 3462 3046 te
3511 2989 3822 3054 resedisse;

441 3081 581 3137 bene
611 3080 896 3149 collocari,
939 3095 1040 3138 nec
1081 3083 1177 3138 ulli
1217 3084 1378 3140 bonae
1417 3083 1497 3139 rei
1539 3084 1802 3154 impendi,
1836 3098 1938 3142 nec
1977 3086 2093 3140 eri-

438 3184 568 3240 gere
600 3170 824 3235 vultum,
857 3184 960 3226 nec
1007 3171 1263 3228 attollere
1309 3171 1514 3228 lumina
1545 3173 1602 3227 in
1633 3180 1915 3243 aspectum
1943 3174 2090 3229 veri-

441 3259 570 3314 tatis
606 3259 816 3314 sinunt.
866 3259 1026 3329 Cogit
1064 3260 1286 3316 tandem
1343 3274 1402 3316 se
1459 3261 1736 3329 miseram,
1793 3261 2093 3319 fabricatos

441 3345 631 3416 digitis
659 3348 776 3402 suis
805 3345 1037 3401 adorare
1068 3347 1238 3403 deos:
1281 3348 1484 3418 gaudet
1522 3355 1648 3405 ante
1687 3349 1874 3420 inepta
1919 3351 2092 3407 simu-

442 3434 611 3501 lacra,
644 3441 770 3490 ante
803 3435 985 3504 inepta
1017 3435 1292 3505 ﬁgmenta,
1334 3442 1460 3492 ante
1510 3437 1899 3494 nefandissima
1931 3453 2095 3495 mon-

440 3530 554 3579 stra
593 3537 794 3594 corpus
850 3522 1123 3579 inclinare
1179 3526 1491 3594 captivum;
1550 3527 1840 3598 placetque
1893 3534 2093 3584 statum

442 3613 729 3669 sublimem
762 3614 828 3669 ad
870 3613 1090 3678 caelum,
1122 3621 1177 3670 et
1215 3614 1282 3669 ad
1323 3616 1488 3670 Deum
1538 3630 1694 3672 suum
1728 3617 1932 3672 vultum
1965 3632 2094 3673 ere-

443 3708 610 3770 ctum,
651 3717 773 3758 cum
805 3703 1007 3758 ceteris
1046 3703 1374 3759 animalibus
1412 3704 1604 3774 pronis
1641 3706 1707 3760 ad
1751 3711 1952 3762 terram
1983 3707 2092 3762 situ

442 3797 701 3863 vergente
731 3791 1060 3862 deprimere.

510 3881 564 3935 7.
607 3880 745 3936 Huic
778 3893 946 3950 porro
984 3881 1110 3936 vita:
1147 3881 1203 3936 in
1252 3885 1402 3936 tanta
1463 3887 1808 3952 tempestate,
1870 3883 1922 3938 in
1983 3889 2089 3938 tam

441 3969 730 4038 reciproco
759 3969 918 4036 mari,
953 3969 1006 4024 in
1037 3968 1350 4039 procelloso
1391 3970 1583 4041 pelago
1615 3972 1910 4043 naviganti,
1945 3973 2092 4027 nulla

438 4061 588 4116 salus
617 4059 722 4114 nisi
748 4061 984 4128 jactura,
1017 4058 1166 4114 nulla
1198 4059 1356 4129 quies
1387 4060 1492 4114 nisi
1523 4059 1885 4132 naufragium,
1909 4062 2094 4119 nullus

441 4155 633 4218 portus
689 4148 794 4204 nisi
846 4148 1105 4204 interitus
1153 4153 1256 4203 est.
1308 4149 1789 4219 Supersedendum
1839 4165 1970 4223 ergo
2010 4159 2095 4208 est

440 4235 695 4290 omnibus
732 4236 1010 4291 illecebris
1053 4237 1244 4291 saeculi
1292 4244 1348 4292 et
1395 4237 1562 4293 idolis
1607 4253 1796 4295 errore
1853 4240 2090 4295 humano

2175 3081 2455 3152 magisque
2512 3085 2566 3136 te
2619 3080 2875 3135 miserum
2917 3085 2974 3135 et
3029 3078 3446 3145 infortunatum,
3504 3092 3665 3148 quam
3722 3078 3826 3148 Sy—

2173 3183 2497 3227 racusanum
2555 3169 2751 3235 illum,
2809 3170 2967 3238 cujus
3023 3169 3342 3239 impendere
3381 3167 3710 3233 cervicibus,
3768 3165 3823 3220 in

2172 3259 2269 3315 illo
2308 3266 2414 3314 tam
2448 3258 2762 3315 desiderato
2802 3265 3088 3328 apparatu,
3129 3257 3346 3328 gladius
3370 3271 3398 3311 a
3440 3263 3586 3312 tecto
3616 3255 3824 3310 demis-

2172 3363 2267 3403 sus
2295 3354 2411 3403 seta
2443 3347 2644 3418 equina
2674 3347 3026 3401 cernebatur.

2245 3437 2298 3488 8.
2329 3438 2409 3490 An
2450 3441 2508 3489 tu
2550 3435 2678 3490 illos
2705 3434 2888 3489 vivere
2928 3438 3109 3503 putas,
3167 3434 3262 3504 qui
3319 3432 3472 3499 tetri,
3514 3431 3714 3496 rabidi,
3769 3436 3824 3485 et

2171 3523 2588 3580 concitatissimi
2637 3529 2767 3578 sunt
2812 3523 3020 3592 impetu
3070 3522 3303 3588 doloris,
3353 3535 3650 3587 armorum,
3701 3533 3825 3574 san-

2171 3614 2373 3684 guinis,
2440 3612 2880 3683 suppliciorum;
2943 3625 3178 3682 quorum
3235 3618 3318 3666 est
3381 3611 3562 3666 minax
3620 3609 3820 3675 vultus,

2171 3703 2346 3758 tristis
2410 3701 2583 3771 frons,
2641 3709 2792 3758 torva
2852 3701 3042 3768 facies,
3102 3701 3302 3756 citatus
3356 3700 3581 3772 gradus,
3632 3712 3826 3754 manus

2173 3793 2456 3862 inquietae,
2524 3792 2681 3846 color
2745 3805 2957 3857 versus,
3025 3791 3262 3861 suspiria
3329 3790 3569 3845 crebra:
3622 3789 3825 3843 micant

2173 3881 2340 3947 oculi,
2391 3880 2621 3935 horrent
2677 3879 2884 3948 capilli,
2943 3884 3129 3947 stupet
3193 3879 3442 3948 spiritus,
3504 3877 3826 3948 quatiuntur

2174 3969 2348 4037 labra,
2401 3969 2842 4040 comprimuntur
2899 3969 3130 4023 dentes:
3192 3967 3285 4036 qui
3325 3967 3546 4038 pulsant
3601 3967 3822 4022 humum

2176 4058 2430 4128 pedibus,
2463 4059 2557 4128 qui
2589 4058 2987 4127 complaudunt
3015 4057 3222 4126 saepius
3258 4070 3471 4122 manus,
3522 4057 3617 4129 qui
3649 4062 3822 4111 totum

2174 4148 2456 4203 concitant
2487 4161 2710 4216 corpus,
2751 4144 2883 4202 fmdi
2936 4147 3078 4212 visu,
3137 4145 3401 4200 horrendi
3459 4144 3616 4211 facie,
3677 4150 3825 4204 omni

2175 4237 2416 4306 denique
2454 4236 2658 4291 irarum
2708 4234 2998 4290 affectione
3039 4233 3355 4289 deformes?
3403 4241 3496 4288 aut
3551 4233 3662 4288 illis
3701 4235 3824 4301 jure

439 4323 786 4377 adinventis:
819 4325 886 4377 ad
921 4326 1086 4377 Deum
1120 4325 1359 4379 eundum
1389 4335 1493 4391 est,
1534 4328 1602 4382 ad
1635 4330 1882 4384 caelestia
1915 4319 2155 4384 inten-D
2179 4333 2274 4380 tuo
2304 4327 2466 4380 vitam
2507 4325 2679 4389 cedis,
2731 4326 2826 4394 qui
2875 4323 3236 4391 quorumdam
3275 4321 3643 4376 inhonoritico
3683 4321 3825 4374 facto

439 4409 718 4476 dendum;
760 4409 892 4464 illuc
922 4410 1160 4474 intuere,
1195 4411 1326 4465 illuc
1355 4413 1550 4467 oculos
1589 4415 1760 4483 erige,
1811 4415 1943 4469 illuc
1992 4430 2090 4470 su-

437 4512 696 4570 spensum
737 4503 931 4568 pectus
960 4496 1190 4552 attolle:
1235 4510 1302 4552 ne
1335 4503 1387 4552 te
1417 4498 1484 4552 ad
1517 4499 1820 4568 pulvinaria
1853 4508 2095 4556 mortuo-

437 4601 555 4642 rum
579 4586 861 4642 hominum
883 4591 1204 4650 sternas,ne
1228 4592 1355 4640 ante
1377 4593 1683 4641 creaturam
1711 4589 1766 4642 in
1789 4596 1940 4644 tuum
1961 4604 2093 4645 con-

437 4675 605 4730 ditam
627 4673 950 4729 famulitium
975 4673 1166 4728 cadas:
1193 4688 1349 4728 serva
1371 4675 1713 4744 dignitatem,
1736 4691 1888 4732 serva
1911 4678 2092 4734 subli-

438 4765 699 4830 mitatem,
731 4777 886 4818 serva
907 4763 1003 4817 Dei
1029 4762 1448 4818 similitudinem
1475 4784 1487 4819 :
1523 4770 1707 4819 tantus
1739 4773 1976 4835 quantus
2007 4781 2086 4832 es,

436 4866 722 4922 persevera
749 4868 762 4904 :
786 4852 911 4906 talis
935 4852 1030 4916 sis,
1056 4851 1235 4920 qualis
1263 4866 1290 4905 a
1314 4854 1423 4907 Deo
1444 4851 1621 4909 factus
1640 4869 1700 4909 es
1724 4875 1736 4909 :
1770 4856 1984 4925 respice
2011 4863 2086 4923 te,

435 4939 519 4996 fac
548 4942 625 4996 sis
657 4948 857 5007 tecum,
892 4939 1010 4995 redi
1040 4940 1108 4994 ad
1138 4941 1376 4995 animum
1409 4962 1419 4996 :
1465 4949 1523 4996 ut
1553 4957 1888 5013 cognoscere
1918 4946 2087 5001 Deum

437 5030 636 5099 possis,
680 5039 732 5085 te
764 5031 918 5100 prius
955 5043 1212 5098 agnosce.
1256 5029 1352 5084 ille
1391 5031 1446 5085 in
1484 5045 1544 5085 se
1583 5032 1938 5088 credentibus
1969 5050 2087 5090 caa-

435 5119 542 5174 lum
576 5119 806 5188 patriam
846 5117 996 5183 facit,
1029 5131 1197 5186 super
1233 5118 1406 5173 solem
1438 5125 1492 5174 et
1529 5121 1718 5176 stellas
1746 5124 2084 5179 mansionem

436 5208 691 5274 aediﬁcat,
733 5208 824 5261 ubi
871 5206 1116 5261 honores
1163 5207 1354 5261 aeterni
1405 5214 1552 5274 sunt,
1605 5211 1803 5280 gaudia
1851 5211 2081 5280 infinita,

435 5311 539 5366 pax
558 5298 912 5366 sempiterna,
937 5293 1096 5364 quies
1126 5302 1432 5363 perpetua:
1465 5297 1533 5351 ad
1565 5297 1684 5352 haec
1711 5299 2082 5355 inaestimabili

435 5386 702 5441 charitate
740 5385 965 5455 adoptat
1003 5384 1058 5437 in
1098 5382 1242 5438 tllios
1288 5384 1560 5451 homines,
1611 5394 1667 5442 et
1713 5389 1862 5457 quod
1911 5389 2085 5444 solius

435 5476 608 5548 ipsius
636 5482 741 5540 est,
773 5473 1102 5545 participare
1133 5473 1354 5530 eosdem
1395 5473 1526 5530 facit
1573 5475 1832 5534 divinitas
1879 5491 2079 5537 nomen

2173 4415 2258 4469 vel
2290 4414 2442 4468 dicto
2482 4418 2790 4477 moventur,
2831 4412 2876 4464 si
2926 4411 3144 4464 illorum
3193 4422 3504 4465 sermonem
3554 4409 3826 4478 superbus

2173 4501 2375 4571 aliquis
2411 4510 2693 4558 aversatus
2722 4507 2805 4556 est
2843 4505 2937 4554 aut
2987 4499 3162 4568 palam
3224 4498 3379 4564 risit;
3442 4499 3536 4568 qui
3595 4499 3641 4553 si
3701 4512 3822 4553 cum

2173 4590 2296 4644 aliis
2333 4589 2400 4645 ad
2441 4605 2648 4646 cumam
2700 4602 2810 4644 non
2859 4588 3082 4643 admissi
3120 4593 3269 4653 sunt,
3327 4594 3421 4642 aut
3471 4588 3517 4642 si
3575 4587 3820 4651 admissi,

2175 4692 2282 4734 non
2315 4680 2368 4734 in
2400 4680 2602 4744 medio,
2635 4677 2732 4733 sed
2763 4679 2820 4733 in
2850 4677 3041 4733 ultimo
3074 4677 3216 4732 forte
3247 4677 3432 4740 locati,
3464 4677 3511 4731 si
3543 4676 3653 4730 illis
3671 4675 3824 4730 salu-

2173 4769 2417 4823 tantibus
2481 4775 2722 4822 mutuam
2780 4766 3166 4821 salutationem
3244 4778 3353 4820 non
3417 4765 3486 4820 de
3551 4764 3822 4819 industria

2172 4855 2440 4910 salutatus
2470 4867 2578 4910 non
2612 4854 2876 4921 reddidit,
2909 4855 3057 4910 serio
3087 4855 3190 4909 ista
3241 4853 3359 4909 ﬁeri
3389 4852 3459 4908 ad
3489 4867 3642 4908 suam
3681 4864 3821 4908 con-

2171 4942 2448 4998 tumeliam
2478 4943 2755 4998 credunt?
2783 4942 2920 5010 Quid
2944 4942 3013 4998 de
3044 4942 3244 4998 invidis
3273 4957 3488 5009 censes,
3516 4943 3610 5012 qui
3639 4939 3820 4996 aliena

2169 5030 2432 5087 felicitate
2473 5032 2780 5098 tristantur,
2836 5032 3033 5087 alienis
3089 5032 3246 5087 malis
3300 5031 3664 5094 delectantur,
3725 5029 3818 5098 qui

2169 5128 2230 5176 ut
2267 5122 2615 5176 commodum
2655 5121 2878 5191 aliquod
2919 5128 3352 5190 consequantur,
3401 5120 3543 5175 alios
3588 5119 3815 5186 violant,

2167 5215 2378 5264 naturae
2435 5209 2585 5280 leges
2643 5211 2940 5276 invertunt,
2993 5210 3061 5263 ab
3119 5208 3453 5264 humanitate
3502 5214 3723 5275 exeunt,
3767 5216 3821 5263 et

2168 5298 2444 5354 hominem
2493 5313 2560 5354 ex
2625 5298 2847 5354 homine
2907 5297 3151 5354 tollunt?
3188 5297 3380 5352 Nonne
3439 5297 3557 5354 haec
3614 5304 3820 5353 aeterna

2166 5387 2384 5442 miseria
2432 5393 2536 5453 est,
2577 5394 2633 5441 et
2669 5386 2964 5442 inhumana
3020 5386 3313 5456 voluptas?
3362 5387 3473 5442 Nec
3512 5385 3637 5442 illos
3677 5401 3822 5442 mor-

2165 5483 2290 5531 tuos
2341 5481 2515 5545 putat,
2574 5474 2778 5546 quibus
2828 5474 3007 5546 longae
3067 5482 3273 5545 paratae
3322 5488 3480 5548 opes,
3539 5483 3595 5530 et
3632 5489 3815 5533 rerum
