  <div class='ocr_page' id='page_1' title='image "/cluster/home/n/w/nwhite01/storage/ocr_20150623/147/hvd.32044073505281/659.png"; bbox 0 0 4106 6178; ppageno 0'>
   <div class='ocr_carea' id='block_1_1' title="bbox 442 284 576 338">
    <p class='ocr_par' dir='ltr' id='par_1_1' title="bbox 442 284 576 338">
     <span class='ocr_line' id='line_1_1' title="bbox 442 284 576 338; baseline -0.015 0"><span class='ocrx_word' id='word_1_1' title='bbox 442 284 576 338; x_wconf 82' lang='grc'><strong>1307</strong></span> 
     </span>
    </p>
   </div>
   <div class='ocr_carea' id='block_1_2' title="bbox 1572 252 2670 339">
    <p class='ocr_par' dir='ltr' id='par_1_2' title="bbox 1572 252 2670 339">
     <span class='ocr_line' id='line_1_2' title="bbox 1572 252 2670 339; baseline 0.001 -5"><span class='ocrx_word' id='word_1_2' title='bbox 1572 252 1911 339; x_wconf 70' lang='lat' dir='ltr'><strong>GAUJFEBH</strong></span> <span class='ocrx_word' id='word_1_3' title='bbox 1951 277 2338 334; x_wconf 84' lang='lat' dir='ltr'><strong>CASINENSIS</strong></span> <span class='ocrx_word' id='word_1_4' title='bbox 2374 279 2670 335; x_wconf 82' lang='lat' dir='ltr'><strong>MONACHI</strong></span> 
     </span>
    </p>
   </div>
   <div class='ocr_carea' id='block_1_3' title="bbox 3684 285 3837 339">
    <p class='ocr_par' dir='ltr' id='par_1_3' title="bbox 3684 285 3837 339">
     <span class='ocr_line' id='line_1_3' title="bbox 3684 285 3837 339; baseline 0 0"><span class='ocrx_word' id='word_1_5' title='bbox 3684 285 3837 339; x_wconf 83' lang='lat'><strong>1308</strong></span> 
     </span>
    </p>
   </div>
   <div class='ocr_carea' id='block_1_4' title="bbox 423 403 3824 481">
    <p class='ocr_par' dir='ltr' id='par_1_4' title="bbox 423 403 3824 481">
     <span class='ocr_line' id='line_1_4' title="bbox 423 403 3824 481; baseline 0.001 -15"><span class='ocrx_word' id='word_1_6' title='bbox 423 409 778 476; x_wconf 73' lang='lat' dir='ltr'><strong>abundantia,</strong></span> <span class='ocrx_word' id='word_1_7' title='bbox 829 412 884 464; x_wconf 94' lang='lat' dir='ltr'><strong>et</strong></span> <span class='ocrx_word' id='word_1_8' title='bbox 927 407 1328 479; x_wconf 90' lang='lat' dir='ltr'><strong>magniﬁcentia</strong></span> <span class='ocrx_word' id='word_1_9' title='bbox 1365 405 1564 462; x_wconf 65' lang='lat' dir='ltr'><strong>aedium</strong></span> <span class='ocrx_word' id='word_1_10' title='bbox 1609 405 1880 476; x_wconf 89' lang='lat' dir='ltr'><strong>regiarum</strong></span> <span class='ocrx_word' id='word_1_11' title='bbox 1928 418 2070 460; x_wconf 90' lang='lat' dir='ltr'><strong>sem-</strong></span> <span class='ocrx_word' id='word_1_12' title='bbox 2088 414 2330 474; x_wconf 71' lang='lat' dir='ltr'><strong>Aquens</strong></span> <span class='ocrx_word' id='word_1_13' title='bbox 2357 403 2718 460; x_wconf 76' lang='lat' dir='ltr'><strong>Christianam</strong></span> <span class='ocrx_word' id='word_1_14' title='bbox 2776 406 2843 461; x_wconf 90' lang='lat' dir='ltr'><strong>ad</strong></span> <span class='ocrx_word' id='word_1_15' title='bbox 2903 407 3100 463; x_wconf 66' lang='lat' dir='ltr'><strong>caelum</strong></span> <span class='ocrx_word' id='word_1_16' title='bbox 3141 410 3464 481; x_wconf 84' lang='lat' dir='ltr'><strong>religionem</strong></span> <span class='ocrx_word' id='word_1_17' title='bbox 3521 411 3824 480; x_wconf 80' lang='lat' dir='ltr'><strong>attollere,</strong></span> 
     </span>
    </p>
   </div>
   <div class='ocr_carea' id='block_1_5' title="bbox 427 497 2073 568">
    <p class='ocr_par' dir='ltr' id='par_1_5' title="bbox 427 497 2073 568">
     <span class='ocr_line' id='line_1_5' title="bbox 427 497 2073 568; baseline -0.004 -14"><span class='ocrx_word' id='word_1_18' title='bbox 427 513 527 568; x_wconf 90' lang='lat' dir='ltr'><strong>per</strong></span> <span class='ocrx_word' id='word_1_19' title='bbox 581 497 765 554; x_wconf 87' lang='lat' dir='ltr'><strong>timori</strong></span> <span class='ocrx_word' id='word_1_20' title='bbox 823 503 972 564; x_wconf 89' lang='lat' dir='ltr'><strong>sunt,</strong></span> <span class='ocrx_word' id='word_1_21' title='bbox 1033 511 1102 553; x_wconf 92' lang='lat' dir='ltr'><strong>ne</strong></span> <span class='ocrx_word' id='word_1_22' title='bbox 1140 502 1322 552; x_wconf 89' lang='lat' dir='ltr'><strong>tantos</strong></span> <span class='ocrx_word' id='word_1_23' title='bbox 1378 509 1567 551; x_wconf 91' lang='lat' dir='ltr'><strong>eorum</strong></span> <span class='ocrx_word' id='word_1_24' title='bbox 1606 501 1920 564; x_wconf 85' lang='lat' dir='ltr'><strong>apparatus,</strong></span> <span class='ocrx_word' id='word_1_25' title='bbox 1979 499 2073 548; x_wconf 91' lang='lat' dir='ltr'><strong>aut</strong></span> 
     </span>
    </p>
   </div>
   <div class='ocr_carea' id='block_1_6' title="bbox 423 583 2074 658">
    <p class='ocr_par' dir='ltr' id='par_1_6' title="bbox 423 583 2074 658">
     <span class='ocr_line' id='line_1_6' title="bbox 423 583 2074 658; baseline -0.004 -13"><span class='ocrx_word' id='word_1_26' title='bbox 423 589 681 658; x_wconf 62' lang='lat' dir='ltr'><strong>praetoris</strong></span> <span class='ocrx_word' id='word_1_27' title='bbox 718 587 947 655; x_wconf 64' lang='lat' dir='ltr'><strong>saevitia;</strong></span> <span class='ocrx_word' id='word_1_28' title='bbox 989 594 1082 642; x_wconf 91' lang='lat' dir='ltr'><strong>aut</strong></span> <span class='ocrx_word' id='word_1_29' title='bbox 1119 585 1299 654; x_wconf 88' lang='lat' dir='ltr'><strong>aliqua</strong></span> <span class='ocrx_word' id='word_1_30' title='bbox 1339 584 1689 640; x_wconf 89' lang='lat' dir='ltr'><strong>intercedens</strong></span> <span class='ocrx_word' id='word_1_31' title='bbox 1729 583 1888 654; x_wconf 90' lang='lat' dir='ltr'><strong>culpa</strong></span> <span class='ocrx_word' id='word_1_32' title='bbox 1919 584 2074 654; x_wconf 90' lang='lat' dir='ltr'><strong>depi-</strong></span> 
     </span>
    </p>
   </div>
   <div class='ocr_carea' id='block_1_7' title="bbox 421 673 2072 748">
    <p class='ocr_par' dir='ltr' id='par_1_7' title="bbox 421 673 2072 748">
     <span class='ocr_line' id='line_1_7' title="bbox 421 673 2072 748; baseline -0.003 -15"><span class='ocrx_word' id='word_1_33' title='bbox 421 677 539 733; x_wconf 78' lang='lat' dir='ltr'><strong>let?</strong></span> <span class='ocrx_word' id='word_1_34' title='bbox 588 676 859 748; x_wconf 87' lang='lat' dir='ltr'><strong>Exagitati</strong></span> <span class='ocrx_word' id='word_1_35' title='bbox 919 675 1081 730; x_wconf 91' lang='lat' dir='ltr'><strong>etiam</strong></span> <span class='ocrx_word' id='word_1_36' title='bbox 1148 673 1355 729; x_wconf 87' lang='lat' dir='ltr'><strong>morbis</strong></span> <span class='ocrx_word' id='word_1_37' title='bbox 1412 673 1827 744; x_wconf 90' lang='lat' dir='ltr'><strong>doloribusque;</strong></span> <span class='ocrx_word' id='word_1_38' title='bbox 1871 673 2072 742; x_wconf 87' lang='lat' dir='ltr'><strong>quibus</strong></span> 
     </span>
    </p>
   </div>
   <div class='ocr_carea' id='block_1_8' title="bbox 417 762 2073 836">
    <p class='ocr_par' dir='ltr' id='par_1_8' title="bbox 417 762 2073 836">
     <span class='ocr_line' id='line_1_8' title="bbox 417 762 2073 836; baseline -0.004 -14"><span class='ocrx_word' id='word_1_39' title='bbox 417 766 621 822; x_wconf 88' lang='lat' dir='ltr'><strong>ferrum</strong></span> <span class='ocrx_word' id='word_1_40' title='bbox 662 772 718 821; x_wconf 92' lang='lat' dir='ltr'><strong>et</strong></span> <span class='ocrx_word' id='word_1_41' title='bbox 774 766 919 836; x_wconf 81' lang='lat' dir='ltr'><strong>ignis</strong></span> <span class='ocrx_word' id='word_1_42' title='bbox 957 764 1299 830; x_wconf 87' lang='lat' dir='ltr'><strong>admovetur,</strong></span> <span class='ocrx_word' id='word_1_43' title='bbox 1341 777 1573 833; x_wconf 89' lang='lat' dir='ltr'><strong>quorum</strong></span> <span class='ocrx_word' id='word_1_44' title='bbox 1614 777 1736 818; x_wconf 88' lang='lat' dir='ltr'><strong>ossa</strong></span> <span class='ocrx_word' id='word_1_45' title='bbox 1785 762 1959 833; x_wconf 81' lang='lat' dir='ltr'><strong>frangi</strong></span> <span class='ocrx_word' id='word_1_46' title='bbox 2017 767 2073 817; x_wconf 93' lang='lat' dir='ltr'><strong>et</strong></span> 
     </span>
    </p>
   </div>
   <div class='ocr_carea' id='block_1_9' title="bbox 418 853 2069 923">
    <p class='ocr_par' dir='ltr' id='par_1_9' title="bbox 418 853 2069 923">
     <span class='ocr_line' id='line_1_9' title="bbox 418 853 2069 923; baseline -0.002 -13"><span class='ocrx_word' id='word_1_47' title='bbox 418 855 546 912; x_wconf 70' lang='lat' dir='ltr'><strong>laedi</strong></span> <span class='ocrx_word' id='word_1_48' title='bbox 584 855 866 922; x_wconf 87' lang='lat' dir='ltr'><strong>videmus,</strong></span> <span class='ocrx_word' id='word_1_49' title='bbox 915 866 1149 923; x_wconf 89' lang='lat' dir='ltr'><strong>quorum</strong></span> <span class='ocrx_word' id='word_1_50' title='bbox 1187 866 1341 909; x_wconf 61' lang='lat' dir='ltr'><strong>venae</strong></span> <span class='ocrx_word' id='word_1_51' title='bbox 1382 853 1774 919; x_wconf 89' lang='lat' dir='ltr'><strong>extrahuntur,</strong></span> <span class='ocrx_word' id='word_1_52' title='bbox 1827 853 2069 907; x_wconf 77' lang='lat' dir='ltr'><strong>membra</strong></span> 
     </span>
    </p>
   </div>
   <div class='ocr_carea' id='block_1_10' title="bbox 415 941 2069 1016">
    <p class='ocr_par' dir='ltr' id='par_1_10' title="bbox 415 941 2069 1016">
     <span class='ocr_line' id='line_1_10' title="bbox 415 941 2069 1016; baseline -0.002 -16"><span class='ocrx_word' id='word_1_53' title='bbox 415 949 786 1016; x_wconf 87' lang='lat' dir='ltr'><strong>amputantur,</strong></span> <span class='ocrx_word' id='word_1_54' title='bbox 828 942 1058 997; x_wconf 83' lang='lat' dir='ltr'><strong>vivunt?</strong></span> <span class='ocrx_word' id='word_1_55' title='bbox 1107 941 1248 1010; x_wconf 87' lang='lat' dir='ltr'><strong>Quid</strong></span> <span class='ocrx_word' id='word_1_56' title='bbox 1291 943 1670 998; x_wconf 86' lang='lat' dir='ltr'><strong>inconstantes</strong></span> <span class='ocrx_word' id='word_1_57' title='bbox 1699 941 1800 1009; x_wconf 88' lang='lat' dir='ltr'><strong>illi,</strong></span> <span class='ocrx_word' id='word_1_58' title='bbox 1836 942 1930 1011; x_wconf 90' lang='lat' dir='ltr'><strong>qui</strong></span> <span class='ocrx_word' id='word_1_59' title='bbox 1961 943 2069 996; x_wconf 86' lang='lat' dir='ltr'><strong>llu-</strong></span> 
     </span>
    </p>
   </div>
   <div class='ocr_carea' id='block_1_11' title="bbox 415 1031 2069 1102">
    <p class='ocr_par' dir='ltr' id='par_1_11' title="bbox 415 1031 2069 1102">
     <span class='ocr_line' id='line_1_11' title="bbox 415 1031 2069 1102; baseline -0.003 -12"><span class='ocrx_word' id='word_1_60' title='bbox 415 1035 750 1090; x_wconf 90' lang='lat' dir='ltr'><strong>ctuationem</strong></span> <span class='ocrx_word' id='word_1_61' title='bbox 782 1046 934 1088; x_wconf 92' lang='lat' dir='ltr'><strong>suam</strong></span> <span class='ocrx_word' id='word_1_62' title='bbox 975 1031 1172 1087; x_wconf 89' lang='lat' dir='ltr'><strong>sistere</strong></span> <span class='ocrx_word' id='word_1_63' title='bbox 1225 1039 1526 1102; x_wconf 90' lang='lat' dir='ltr'><strong>nequeunt,</strong></span> <span class='ocrx_word' id='word_1_64' title='bbox 1569 1033 1661 1102; x_wconf 91' lang='lat' dir='ltr'><strong>qui</strong></span> <span class='ocrx_word' id='word_1_65' title='bbox 1702 1031 2069 1101; x_wconf 86' lang='lat' dir='ltr'><strong>tranquillita-</strong></span> 
     </span>
    </p>
   </div>
   <div class='ocr_carea' id='block_1_12' title="bbox 415 1121 2064 1191">
    <p class='ocr_par' dir='ltr' id='par_1_12' title="bbox 415 1121 2064 1191">
     <span class='ocr_line' id='line_1_12' title="bbox 415 1121 2064 1191; baseline -0.001 -14"><span class='ocrx_word' id='word_1_66' title='bbox 415 1130 522 1178; x_wconf 89' lang='lat' dir='ltr'><strong>tem</strong></span> <span class='ocrx_word' id='word_1_67' title='bbox 559 1122 884 1186; x_wconf 87' lang='lat' dir='ltr'><strong>abhorrent,</strong></span> <span class='ocrx_word' id='word_1_68' title='bbox 917 1122 1011 1191; x_wconf 91' lang='lat' dir='ltr'><strong>qui</strong></span> <span class='ocrx_word' id='word_1_69' title='bbox 1053 1122 1199 1176; x_wconf 92' lang='lat' dir='ltr'><strong>omni</strong></span> <span class='ocrx_word' id='word_1_70' title='bbox 1231 1127 1383 1178; x_wconf 91' lang='lat' dir='ltr'><strong>motu</strong></span> <span class='ocrx_word' id='word_1_71' title='bbox 1432 1122 1598 1177; x_wconf 87' lang='lat' dir='ltr'><strong>animi</strong></span> <span class='ocrx_word' id='word_1_72' title='bbox 1644 1121 2064 1188; x_wconf 88' lang='lat' dir='ltr'><strong>tumultuantur,</strong></span> 
     </span>
    </p>
   </div>
   <div class='ocr_carea' id='block_1_13' title="bbox 412 1211 2066 1282">
    <p class='ocr_par' dir='ltr' id='par_1_13' title="bbox 412 1211 2066 1282">
     <span class='ocr_line' id='line_1_13' title="bbox 412 1211 2066 1282; baseline -0.001 -15"><span class='ocrx_word' id='word_1_73' title='bbox 412 1225 553 1282; x_wconf 88' lang='lat' dir='ltr'><strong>quos</strong></span> <span class='ocrx_word' id='word_1_74' title='bbox 581 1211 909 1281; x_wconf 59' lang='lat' dir='ltr'><strong>poenitentia</strong></span> <span class='ocrx_word' id='word_1_75' title='bbox 943 1211 1114 1280; x_wconf 76' lang='lat' dir='ltr'><strong>cmpit</strong></span> <span class='ocrx_word' id='word_1_76' title='bbox 1153 1216 1324 1278; x_wconf 90' lang='lat' dir='ltr'><strong>tenet,</strong></span> <span class='ocrx_word' id='word_1_77' title='bbox 1376 1211 1678 1280; x_wconf 88' lang='lat' dir='ltr'><strong>incipiendi</strong></span> <span class='ocrx_word' id='word_1_78' title='bbox 1730 1213 1929 1267; x_wconf 87' lang='lat' dir='ltr'><strong>timor:</strong></span> <span class='ocrx_word' id='word_1_79' title='bbox 1981 1212 2066 1266; x_wconf 88' lang='lat' dir='ltr'><strong>in-</strong></span> 
     </span>
    </p>
   </div>
   <div class='ocr_carea' id='block_1_14' title="bbox 411 1300 2066 1370">
    <p class='ocr_par' dir='ltr' id='par_1_14' title="bbox 411 1300 2066 1370">
     <span class='ocr_line' id='line_1_14' title="bbox 411 1300 2066 1370; baseline 0.001 -15"><span class='ocrx_word' id='word_1_80' title='bbox 411 1301 553 1355; x_wconf 90' lang='lat' dir='ltr'><strong>ﬁrmi</strong></span> <span class='ocrx_word' id='word_1_81' title='bbox 583 1300 652 1355; x_wconf 91' lang='lat' dir='ltr'><strong>ad</strong></span> <span class='ocrx_word' id='word_1_82' title='bbox 683 1313 845 1356; x_wconf 91' lang='lat' dir='ltr'><strong>omne</strong></span> <span class='ocrx_word' id='word_1_83' title='bbox 879 1300 1244 1367; x_wconf 90' lang='lat' dir='ltr'><strong>tolerandum,</strong></span> <span class='ocrx_word' id='word_1_84' title='bbox 1276 1315 1378 1356; x_wconf 92' lang='lat' dir='ltr'><strong>nec</strong></span> <span class='ocrx_word' id='word_1_85' title='bbox 1408 1300 1616 1356; x_wconf 91' lang='lat' dir='ltr'><strong>laboris</strong></span> <span class='ocrx_word' id='word_1_86' title='bbox 1637 1301 1929 1370; x_wconf 86' lang='lat' dir='ltr'><strong>patientes,</strong></span> <span class='ocrx_word' id='word_1_87' title='bbox 1961 1315 2066 1358; x_wconf 90' lang='lat' dir='ltr'><strong>nec</strong></span> 
     </span>
    </p>
   </div>
   <div class='ocr_carea' id='block_1_15' title="bbox 411 1387 2060 1460">
    <p class='ocr_par' dir='ltr' id='par_1_15' title="bbox 411 1387 2060 1460">
     <span class='ocr_line' id='line_1_15' title="bbox 411 1387 2060 1460; baseline 0.001 -16"><span class='ocrx_word' id='word_1_88' title='bbox 411 1387 747 1460; x_wconf 84' lang='lat' dir='ltr'><strong>voluptatis:</strong></span> <span class='ocrx_word' id='word_1_89' title='bbox 801 1390 895 1459; x_wconf 93' lang='lat' dir='ltr'><strong>qui</strong></span> <span class='ocrx_word' id='word_1_90' title='bbox 927 1389 1214 1459; x_wconf 88' lang='lat' dir='ltr'><strong>proposita</strong></span> <span class='ocrx_word' id='word_1_91' title='bbox 1243 1404 1392 1459; x_wconf 60' lang='lat' dir='ltr'><strong>saepe</strong></span> <span class='ocrx_word' id='word_1_92' title='bbox 1425 1397 1656 1458; x_wconf 89' lang='lat' dir='ltr'><strong>mutant,</strong></span> <span class='ocrx_word' id='word_1_93' title='bbox 1691 1396 1746 1446; x_wconf 89' lang='lat' dir='ltr'><strong>et</strong></span> <span class='ocrx_word' id='word_1_94' title='bbox 1774 1391 1831 1445; x_wconf 92' lang='lat' dir='ltr'><strong>in</strong></span> <span class='ocrx_word' id='word_1_95' title='bbox 1871 1391 2060 1446; x_wconf 90' lang='lat' dir='ltr'><strong>eadem</strong></span> 
     </span>
    </p>
   </div>
   <div class='ocr_carea' id='block_1_16' title="bbox 411 1478 2063 1550">
    <p class='ocr_par' dir='ltr' id='par_1_16' title="bbox 411 1478 2063 1550">
     <span class='ocr_line' id='line_1_16' title="bbox 411 1478 2063 1550; baseline 0 -15"><span class='ocrx_word' id='word_1_96' title='bbox 411 1478 804 1542; x_wconf 82' lang='lat' dir='ltr'><strong>revolvuntur:</strong></span> <span class='ocrx_word' id='word_1_97' title='bbox 843 1479 938 1548; x_wconf 91' lang='lat' dir='ltr'><strong>qui</strong></span> <span class='ocrx_word' id='word_1_98' title='bbox 979 1479 1385 1548; x_wconf 89' lang='lat' dir='ltr'><strong>quodammodo</strong></span> <span class='ocrx_word' id='word_1_99' title='bbox 1434 1495 1493 1534; x_wconf 91' lang='lat' dir='ltr'><strong>se</strong></span> <span class='ocrx_word' id='word_1_100' title='bbox 1533 1479 1766 1550; x_wconf 89' lang='lat' dir='ltr'><strong>fugiunt,</strong></span> <span class='ocrx_word' id='word_1_101' title='bbox 1818 1481 1913 1550; x_wconf 89' lang='lat' dir='ltr'><strong>qui</strong></span> <span class='ocrx_word' id='word_1_102' title='bbox 1945 1480 2063 1535; x_wconf 91' lang='lat' dir='ltr'><strong>nul-</strong></span> 
     </span>
    </p>
   </div>
   <div class='ocr_carea' id='block_1_17' title="bbox 410 1568 2061 1638">
    <p class='ocr_par' dir='ltr' id='par_1_17' title="bbox 410 1568 2061 1638">
     <span class='ocr_line' id='line_1_17' title="bbox 410 1568 2061 1638; baseline 0.002 -16"><span class='ocrx_word' id='word_1_103' title='bbox 410 1568 521 1623; x_wconf 91' lang='lat' dir='ltr'><strong>lum</strong></span> <span class='ocrx_word' id='word_1_104' title='bbox 560 1569 787 1624; x_wconf 91' lang='lat' dir='ltr'><strong>novitati</strong></span> <span class='ocrx_word' id='word_1_105' title='bbox 823 1568 1003 1624; x_wconf 91' lang='lat' dir='ltr'><strong>locum</strong></span> <span class='ocrx_word' id='word_1_106' title='bbox 1046 1569 1386 1638; x_wconf 90' lang='lat' dir='ltr'><strong>relinquunt,</strong></span> <span class='ocrx_word' id='word_1_107' title='bbox 1438 1569 1638 1638; x_wconf 90' lang='lat' dir='ltr'><strong>quibus</strong></span> <span class='ocrx_word' id='word_1_108' title='bbox 1684 1569 1904 1624; x_wconf 89' lang='lat' dir='ltr'><strong>fastidio</strong></span> <span class='ocrx_word' id='word_1_109' title='bbox 1953 1572 2061 1625; x_wconf 92' lang='lat' dir='ltr'><strong>vita</strong></span> 
     </span>
    </p>
   </div>
   <div class='ocr_carea' id='block_1_18' title="bbox 409 1657 2061 1728">
    <p class='ocr_par' dir='ltr' id='par_1_18' title="bbox 409 1657 2061 1728">
     <span class='ocr_line' id='line_1_18' title="bbox 409 1657 2061 1728; baseline 0.002 -16"><span class='ocrx_word' id='word_1_110' title='bbox 409 1663 494 1712; x_wconf 90' lang='lat' dir='ltr'><strong>est</strong></span> <span class='ocrx_word' id='word_1_111' title='bbox 523 1663 578 1713; x_wconf 91' lang='lat' dir='ltr'><strong>et</strong></span> <span class='ocrx_word' id='word_1_112' title='bbox 607 1658 725 1726; x_wconf 92' lang='lat' dir='ltr'><strong>ipse</strong></span> <span class='ocrx_word' id='word_1_113' title='bbox 757 1657 1036 1712; x_wconf 88' lang='lat' dir='ltr'><strong>mundus?</strong></span> <span class='ocrx_word' id='word_1_114' title='bbox 1083 1659 1278 1712; x_wconf 89' lang='lat' dir='ltr'><strong>Omnes</strong></span> <span class='ocrx_word' id='word_1_115' title='bbox 1326 1657 1575 1727; x_wconf 87' lang='lat' dir='ltr'><strong>profecto</strong></span> <span class='ocrx_word' id='word_1_116' title='bbox 1625 1659 1780 1725; x_wconf 90' lang='lat' dir='ltr'><strong>istos,</strong></span> <span class='ocrx_word' id='word_1_117' title='bbox 1823 1661 1879 1714; x_wconf 92' lang='lat' dir='ltr'><strong>in</strong></span> <span class='ocrx_word' id='word_1_118' title='bbox 1921 1673 2061 1728; x_wconf 92' lang='lat' dir='ltr'><strong>quos</strong></span> 
     </span>
    </p>
   </div>
   <div class='ocr_carea' id='block_1_19' title="bbox 2159 492 3824 572">
    <p class='ocr_par' dir='ltr' id='par_1_19' title="bbox 2159 492 3824 572">
     <span class='ocr_line' id='line_1_19' title="bbox 2159 492 3824 572; baseline 0.007 -27"><span class='ocrx_word' id='word_1_119' title='bbox 2159 492 2380 546; x_wconf 90' lang='lat' dir='ltr'><strong>nomina</strong></span> <span class='ocrx_word' id='word_1_120' title='bbox 2420 492 2573 560; x_wconf 92' lang='lat' dir='ltr'><strong>dare,</strong></span> <span class='ocrx_word' id='word_1_121' title='bbox 2634 493 2797 550; x_wconf 88' lang='lat' dir='ltr'><strong>ﬁdem</strong></span> <span class='ocrx_word' id='word_1_122' title='bbox 2853 510 3106 565; x_wconf 89' lang='lat' dir='ltr'><strong>poscere,</strong></span> <span class='ocrx_word' id='word_1_123' title='bbox 3147 498 3242 554; x_wconf 89' lang='lat' dir='ltr'><strong>alii</strong></span> <span class='ocrx_word' id='word_1_124' title='bbox 3300 501 3627 572; x_wconf 86' lang='lat' dir='ltr'><strong>satagebant</strong></span> <span class='ocrx_word' id='word_1_125' title='bbox 3683 509 3824 557; x_wconf 88' lang='lat' dir='ltr'><strong>ante</strong></span> 
     </span>
    </p>
   </div>
   <div class='ocr_carea' id='block_1_20' title="bbox 2156 579 3827 655">
    <p class='ocr_par' dir='ltr' id='par_1_20' title="bbox 2156 579 3827 655">
     <span class='ocr_line' id='line_1_20' title="bbox 2156 579 3827 655; baseline 0.008 -21"><span class='ocrx_word' id='word_1_126' title='bbox 2156 579 2314 636; x_wconf 89' lang='lat' dir='ltr'><strong>alios.</strong></span> <span class='ocrx_word' id='word_1_127' title='bbox 2348 581 2565 638; x_wconf 86' lang='lat' dir='ltr'><strong>Fideles</strong></span> <span class='ocrx_word' id='word_1_128' title='bbox 2584 597 2714 640; x_wconf 87' lang='lat' dir='ltr'><strong>vero</strong></span> <span class='ocrx_word' id='word_1_129' title='bbox 2738 598 2847 640; x_wconf 93' lang='lat' dir='ltr'><strong>non</strong></span> <span class='ocrx_word' id='word_1_130' title='bbox 2870 600 3037 655; x_wconf 83' lang='lat' dir='ltr'><strong>parvo</strong></span> <span class='ocrx_word' id='word_1_131' title='bbox 3069 588 3124 643; x_wconf 92' lang='lat' dir='ltr'><strong>in</strong></span> <span class='ocrx_word' id='word_1_132' title='bbox 3156 589 3276 644; x_wconf 91' lang='lat' dir='ltr'><strong>dies</strong></span> <span class='ocrx_word' id='word_1_133' title='bbox 3305 589 3583 646; x_wconf 90' lang='lat' dir='ltr'><strong>desiderio</strong></span> <span class='ocrx_word' id='word_1_134' title='bbox 3615 605 3827 648; x_wconf 84' lang='lat' dir='ltr'><strong>accen-</strong></span> 
     </span>
    </p>
   </div>
   <div class='ocr_carea' id='block_1_21' title="bbox 2156 669 3820 751">
    <p class='ocr_par' dir='ltr' id='par_1_21' title="bbox 2156 669 3820 751">
     <span class='ocr_line' id='line_1_21' title="bbox 2156 669 3820 751; baseline 0.008 -27"><span class='ocrx_word' id='word_1_135' title='bbox 2156 669 2431 726; x_wconf 86' lang='lat' dir='ltr'><strong>debantur</strong></span> <span class='ocrx_word' id='word_1_136' title='bbox 2459 672 2528 727; x_wconf 90' lang='lat' dir='ltr'><strong>ad</strong></span> <span class='ocrx_word' id='word_1_137' title='bbox 2560 674 2929 730; x_wconf 89' lang='lat' dir='ltr'><strong>mandandum</strong></span> <span class='ocrx_word' id='word_1_138' title='bbox 2979 676 3028 730; x_wconf 91' lang='lat' dir='ltr'><strong>ei</strong></span> <span class='ocrx_word' id='word_1_139' title='bbox 3060 678 3458 747; x_wconf 86' lang='lat' dir='ltr'><strong>pontiﬁcatum,</strong></span> <span class='ocrx_word' id='word_1_140' title='bbox 3492 695 3656 749; x_wconf 88' lang='lat' dir='ltr'><strong>quam</strong></span> <span class='ocrx_word' id='word_1_141' title='bbox 3688 681 3820 751; x_wconf 88' lang='lat' dir='ltr'><strong>pri-</strong></span> 
     </span>
    </p>
   </div>
   <div class='ocr_carea' id='block_1_22' title="bbox 2155 760 3819 837">
    <p class='ocr_par' dir='ltr' id='par_1_22' title="bbox 2155 760 3819 837">
     <span class='ocr_line' id='line_1_22' title="bbox 2155 760 3819 837; baseline 0.008 -24"><span class='ocrx_word' id='word_1_142' title='bbox 2155 772 2301 814; x_wconf 92' lang='lat' dir='ltr'><strong>mum</strong></span> <span class='ocrx_word' id='word_1_143' title='bbox 2341 760 2598 817; x_wconf 91' lang='lat' dir='ltr'><strong>Cornelio</strong></span> <span class='ocrx_word' id='word_1_144' title='bbox 2635 763 2832 818; x_wconf 78' lang='lat' dir='ltr'><strong>ccelum</strong></span> <span class='ocrx_word' id='word_1_145' title='bbox 2884 765 3234 837; x_wconf 88' lang='lat' dir='ltr'><strong>obtingeret:</strong></span> <span class='ocrx_word' id='word_1_146' title='bbox 3287 783 3407 824; x_wconf 89' lang='lat' dir='ltr'><strong>eum</strong></span> <span class='ocrx_word' id='word_1_147' title='bbox 3452 771 3819 826; x_wconf 87' lang='lat' dir='ltr'><strong>successione</strong></span> 
     </span>
    </p>
   </div>
   <div class='ocr_carea' id='block_1_23' title="bbox 2152 849 3816 920">
    <p class='ocr_par' dir='ltr' id='par_1_23' title="bbox 2152 849 3816 920">
     <span class='ocr_line' id='line_1_23' title="bbox 2152 849 3816 920; baseline 0.008 -19"><span class='ocrx_word' id='word_1_148' title='bbox 2152 849 2514 917; x_wconf 89' lang='lat' dir='ltr'><strong>aptissimum,</strong></span> <span class='ocrx_word' id='word_1_149' title='bbox 2548 851 2641 920; x_wconf 89' lang='lat' dir='ltr'><strong>qui</strong></span> <span class='ocrx_word' id='word_1_150' title='bbox 2671 853 2972 909; x_wconf 86' lang='lat' dir='ltr'><strong>Romanum</strong></span> <span class='ocrx_word' id='word_1_151' title='bbox 3004 856 3373 912; x_wconf 83' lang='lat' dir='ltr'><strong>sacerdotium</strong></span> <span class='ocrx_word' id='word_1_152' title='bbox 3395 872 3518 913; x_wconf 92' lang='lat' dir='ltr'><strong>cum</strong></span> <span class='ocrx_word' id='word_1_153' title='bbox 3549 859 3816 915; x_wconf 84' lang='lat' dir='ltr'><strong>doctrina</strong></span> 
     </span>
    </p>
   </div>
   <div class='ocr_carea' id='block_1_24' title="bbox 2153 939 3816 1015">
    <p class='ocr_par' dir='ltr' id='par_1_24' title="bbox 2153 939 3816 1015">
     <span class='ocr_line' id='line_1_24' title="bbox 2153 939 3816 1015; baseline 0.008 -25"><span class='ocrx_word' id='word_1_154' title='bbox 2153 943 2264 991; x_wconf 90' lang='lat' dir='ltr'><strong>tum</strong></span> <span class='ocrx_word' id='word_1_155' title='bbox 2294 939 2590 994; x_wconf 85' lang='lat' dir='ltr'><strong>virtutibus</strong></span> <span class='ocrx_word' id='word_1_156' title='bbox 2621 940 2783 996; x_wconf 89' lang='lat' dir='ltr'><strong>etiam</strong></span> <span class='ocrx_word' id='word_1_157' title='bbox 2814 943 3199 1001; x_wconf 87' lang='lat' dir='ltr'><strong>administrare</strong></span> <span class='ocrx_word' id='word_1_158' title='bbox 3240 952 3444 1015; x_wconf 89' lang='lat' dir='ltr'><strong>posset,</strong></span> <span class='ocrx_word' id='word_1_159' title='bbox 3497 948 3816 1004; x_wconf 88' lang='lat' dir='ltr'><strong>acclaman-</strong></span> 
     </span>
    </p>
   </div>
   <div class='ocr_carea' id='block_1_25' title="bbox 2152 1027 3812 1105">
    <p class='ocr_par' dir='ltr' id='par_1_25' title="bbox 2152 1027 3812 1105">
     <span class='ocr_line' id='line_1_25' title="bbox 2152 1027 3812 1105; baseline 0.008 -26"><span class='ocrx_word' id='word_1_160' title='bbox 2152 1031 2253 1080; x_wconf 91' lang='lat' dir='ltr'><strong>tes.</strong></span> <span class='ocrx_word' id='word_1_161' title='bbox 2323 1027 2580 1083; x_wconf 91' lang='lat' dir='ltr'><strong>Cornelio</strong></span> <span class='ocrx_word' id='word_1_162' title='bbox 2646 1028 2856 1086; x_wconf 87' lang='lat' dir='ltr'><strong>interea</strong></span> <span class='ocrx_word' id='word_1_163' title='bbox 2924 1033 3052 1087; x_wconf 91' lang='lat' dir='ltr'><strong>dum</strong></span> <span class='ocrx_word' id='word_1_164' title='bbox 3108 1034 3351 1105; x_wconf 81' lang='lat' dir='ltr'><strong>Martyrii</strong></span> <span class='ocrx_word' id='word_1_165' title='bbox 3417 1035 3596 1092; x_wconf 88' lang='lat' dir='ltr'><strong>laurea</strong></span> <span class='ocrx_word' id='word_1_166' title='bbox 3657 1037 3812 1093; x_wconf 71' lang='lat' dir='ltr'><strong>cmlo</strong></span> 
     </span>
    </p>
   </div>
   <div class='ocr_carea' id='block_1_26' title="bbox 2150 1115 3808 1193">
    <p class='ocr_par' dir='ltr' id='par_1_26' title="bbox 2150 1115 3808 1193">
     <span class='ocr_line' id='line_1_26' title="bbox 2150 1115 3808 1193; baseline 0.009 -25"><span class='ocrx_word' id='word_1_167' title='bbox 2150 1115 2383 1170; x_wconf 90' lang='lat' dir='ltr'><strong>candida</strong></span> <span class='ocrx_word' id='word_1_168' title='bbox 2432 1117 2742 1184; x_wconf 84' lang='lat' dir='ltr'><strong>exhibetur,</strong></span> <span class='ocrx_word' id='word_1_169' title='bbox 2796 1123 3065 1189; x_wconf 86' lang='lat' dir='ltr'><strong>pontiﬁcii</strong></span> <span class='ocrx_word' id='word_1_170' title='bbox 3115 1124 3327 1179; x_wconf 83' lang='lat' dir='ltr'><strong>Maximi</strong></span> <span class='ocrx_word' id='word_1_171' title='bbox 3376 1127 3593 1193; x_wconf 89' lang='lat' dir='ltr'><strong>Lucius,</strong></span> <span class='ocrx_word' id='word_1_172' title='bbox 3646 1128 3808 1182; x_wconf 87' lang='lat' dir='ltr'><strong>omni</strong></span> 
     </span>
    </p>
   </div>
   <div class='ocr_carea' id='block_1_27' title="bbox 2147 1203 3810 1285">
    <p class='ocr_par' dir='ltr' id='par_1_27' title="bbox 2147 1203 3810 1285">
     <span class='ocr_line' id='line_1_27' title="bbox 2147 1203 3810 1285; baseline 0.009 -27"><span class='ocrx_word' id='word_1_173' title='bbox 2147 1203 2394 1260; x_wconf 89' lang='lat' dir='ltr'><strong>Ecclesia</strong></span> <span class='ocrx_word' id='word_1_174' title='bbox 2431 1215 2727 1273; x_wconf 87' lang='lat' dir='ltr'><strong>annuente,</strong></span> <span class='ocrx_word' id='word_1_175' title='bbox 2761 1211 2988 1279; x_wconf 87' lang='lat' dir='ltr'><strong>potitur.</strong></span> <span class='ocrx_word' id='word_1_176' title='bbox 3032 1213 3160 1268; x_wconf 87' lang='lat' dir='ltr'><strong>Erat</strong></span> <span class='ocrx_word' id='word_1_177' title='bbox 3197 1214 3248 1268; x_wconf 91' lang='lat' dir='ltr'><strong>ei</strong></span> <span class='ocrx_word' id='word_1_178' title='bbox 3287 1221 3442 1270; x_wconf 91' lang='lat' dir='ltr'><strong>vetus</strong></span> <span class='ocrx_word' id='word_1_179' title='bbox 3481 1229 3670 1285; x_wconf 88' lang='lat' dir='ltr'><strong>opera,</strong></span> <span class='ocrx_word' id='word_1_180' title='bbox 3725 1232 3810 1272; x_wconf 68' lang='lat' dir='ltr'><strong>aes</strong></span> 
     </span>
    </p>
   </div>
   <div class='ocr_carea' id='block_1_28' title="bbox 2148 1292 3806 1372">
    <p class='ocr_par' dir='ltr' id='par_1_28' title="bbox 2148 1292 3806 1372">
     <span class='ocr_line' id='line_1_28' title="bbox 2148 1292 3806 1372; baseline 0.008 -25"><span class='ocrx_word' id='word_1_181' title='bbox 2148 1292 2387 1349; x_wconf 92' lang='lat' dir='ltr'><strong>alienum</strong></span> <span class='ocrx_word' id='word_1_182' title='bbox 2438 1310 2539 1364; x_wconf 90' lang='lat' dir='ltr'><strong>pro</strong></span> <span class='ocrx_word' id='word_1_183' title='bbox 2597 1311 2684 1364; x_wconf 92' lang='lat' dir='ltr'><strong>eo,</strong></span> <span class='ocrx_word' id='word_1_184' title='bbox 2727 1299 2822 1368; x_wconf 91' lang='lat' dir='ltr'><strong>qui</strong></span> <span class='ocrx_word' id='word_1_185' title='bbox 2878 1300 3141 1358; x_wconf 90' lang='lat' dir='ltr'><strong>solvendo</strong></span> <span class='ocrx_word' id='word_1_186' title='bbox 3177 1316 3287 1358; x_wconf 93' lang='lat' dir='ltr'><strong>non</strong></span> <span class='ocrx_word' id='word_1_187' title='bbox 3347 1312 3482 1371; x_wconf 91' lang='lat' dir='ltr'><strong>erat,</strong></span> <span class='ocrx_word' id='word_1_188' title='bbox 3539 1305 3806 1372; x_wconf 87' lang='lat' dir='ltr'><strong>solvere;</strong></span> 
     </span>
    </p>
   </div>
   <div class='ocr_carea' id='block_1_29' title="bbox 2145 1379 3809 1462">
    <p class='ocr_par' dir='ltr' id='par_1_29' title="bbox 2145 1379 3809 1462">
     <span class='ocr_line' id='line_1_29' title="bbox 2145 1379 3809 1462; baseline 0.01 -28"><span class='ocrx_word' id='word_1_189' title='bbox 2145 1379 2371 1437; x_wconf 89' lang='lat' dir='ltr'><strong>factioni</strong></span> <span class='ocrx_word' id='word_1_190' title='bbox 2403 1386 2751 1452; x_wconf 58' lang='lat' dir='ltr'><strong>praetorianae</strong></span> <span class='ocrx_word' id='word_1_191' title='bbox 2799 1388 3068 1456; x_wconf 88' lang='lat' dir='ltr'><strong>privatum</strong></span> <span class='ocrx_word' id='word_1_192' title='bbox 3116 1391 3280 1446; x_wconf 87' lang='lat' dir='ltr'><strong>etiam</strong></span> <span class='ocrx_word' id='word_1_193' title='bbox 3327 1392 3692 1462; x_wconf 87' lang='lat' dir='ltr'><strong>intercedere,</strong></span> <span class='ocrx_word' id='word_1_194' title='bbox 3741 1403 3809 1450; x_wconf 89' lang='lat' dir='ltr'><strong>ut</strong></span> 
     </span>
    </p>
   </div>
   <div class='ocr_carea' id='block_1_30' title="bbox 2145 1473 3802 1552">
    <p class='ocr_par' dir='ltr' id='par_1_30' title="bbox 2145 1473 3802 1552">
     <span class='ocr_line' id='line_1_30' title="bbox 2145 1473 3802 1552; baseline 0.01 -29"><span class='ocrx_word' id='word_1_195' title='bbox 2145 1482 2443 1538; x_wconf 91' lang='lat' dir='ltr'><strong>oppressos</strong></span> <span class='ocrx_word' id='word_1_196' title='bbox 2495 1473 2722 1542; x_wconf 89' lang='lat' dir='ltr'><strong>judiciis</strong></span> <span class='ocrx_word' id='word_1_197' title='bbox 2758 1475 3058 1532; x_wconf 86' lang='lat' dir='ltr'><strong>liberaret:</strong></span> <span class='ocrx_word' id='word_1_198' title='bbox 3121 1480 3371 1535; x_wconf 90' lang='lat' dir='ltr'><strong>misereri</strong></span> <span class='ocrx_word' id='word_1_199' title='bbox 3433 1482 3802 1552; x_wconf 87' lang='lat' dir='ltr'><strong>pupillorum,</strong></span> 
     </span>
    </p>
   </div>
   <div class='ocr_carea' id='block_1_31' title="bbox 2145 1559 3805 1640">
    <p class='ocr_par' dir='ltr' id='par_1_31' title="bbox 2145 1559 3805 1640">
     <span class='ocr_line' id='line_1_31' title="bbox 2145 1559 3805 1640; baseline 0.009 -27"><span class='ocrx_word' id='word_1_200' title='bbox 2145 1559 2420 1615; x_wconf 89' lang='lat' dir='ltr'><strong>consolari</strong></span> <span class='ocrx_word' id='word_1_201' title='bbox 2450 1560 2705 1630; x_wconf 85' lang='lat' dir='ltr'><strong>afﬂictos,</strong></span> <span class='ocrx_word' id='word_1_202' title='bbox 2739 1566 3015 1635; x_wconf 87' lang='lat' dir='ltr'><strong>egentium</strong></span> <span class='ocrx_word' id='word_1_203' title='bbox 3055 1569 3346 1636; x_wconf 87' lang='lat' dir='ltr'><strong>providere</strong></span> <span class='ocrx_word' id='word_1_204' title='bbox 3394 1571 3633 1640; x_wconf 69' lang='lat' dir='ltr'><strong>inopiae;</strong></span> <span class='ocrx_word' id='word_1_205' title='bbox 3687 1573 3805 1628; x_wconf 83' lang='lat' dir='ltr'><strong>ad-</strong></span> 
     </span>
    </p>
   </div>
   <div class='ocr_carea' id='block_1_32' title="bbox 2143 1649 3801 1722">
    <p class='ocr_par' dir='ltr' id='par_1_32' title="bbox 2143 1649 3801 1722">
     <span class='ocr_line' id='line_1_32' title="bbox 2143 1649 3801 1722; baseline 0.011 -23"><span class='ocrx_word' id='word_1_206' title='bbox 2143 1661 2332 1702; x_wconf 90' lang='lat' dir='ltr'><strong>venam</strong></span> <span class='ocrx_word' id='word_1_207' title='bbox 2397 1649 2727 1722; x_wconf 90' lang='lat' dir='ltr'><strong>viduamque</strong></span> <span class='ocrx_word' id='word_1_208' title='bbox 2794 1653 3112 1711; x_wconf 81' lang='lat' dir='ltr'><strong>defendere.</strong></span> <span class='ocrx_word' id='word_1_209' title='bbox 3153 1657 3310 1713; x_wconf 85' lang='lat' dir='ltr'><strong>illum</strong></span> <span class='ocrx_word' id='word_1_210' title='bbox 3369 1659 3512 1714; x_wconf 88' lang='lat' dir='ltr'><strong>enim</strong></span> <span class='ocrx_word' id='word_1_211' title='bbox 3568 1661 3801 1717; x_wconf 84' lang='lat' dir='ltr'><strong>Patrum</strong></span> 
     </span>
    </p>
   </div>
   <div class='ocr_carea' id='block_1_33' title="bbox 411 1739 3798 1819">
    <p class='ocr_par' dir='ltr' id='par_1_33' title="bbox 411 1739 3798 1819">
     <span class='ocr_line' id='line_1_33' title="bbox 411 1739 3798 1819; baseline 0.004 -18"><span class='ocrx_word' id='word_1_212' title='bbox 411 1752 518 1801; x_wconf 89' lang='lat' dir='ltr'><strong>tam</strong></span> <span class='ocrx_word' id='word_1_213' title='bbox 578 1747 902 1816; x_wconf 89' lang='lat' dir='ltr'><strong>pestilentes</strong></span> <span class='ocrx_word' id='word_1_214' title='bbox 957 1747 1182 1803; x_wconf 78' lang='lat' dir='ltr'><strong>affectus</strong></span> <span class='ocrx_word' id='word_1_215' title='bbox 1239 1749 1541 1816; x_wconf 90' lang='lat' dir='ltr'><strong>incursant,</strong></span> <span class='ocrx_word' id='word_1_216' title='bbox 1602 1749 1786 1819; x_wconf 88' lang='lat' dir='ltr'><strong>potius</strong></span> <span class='ocrx_word' id='word_1_217' title='bbox 1841 1739 2460 1804; x_wconf 72' lang='lat' dir='ltr'><strong>miseriaBnOSU&#39;Ol‘llm</strong></span> <span class='ocrx_word' id='word_1_218' title='bbox 2518 1747 2574 1796; x_wconf 76' lang='grc' dir='ltr'><strong>Θῑ</strong></span> <span class='ocrx_word' id='word_1_219' title='bbox 2628 1743 2946 1798; x_wconf 65' lang='lat' dir='ltr'><strong>memoriam</strong></span> <span class='ocrx_word' id='word_1_220' title='bbox 2997 1751 3052 1800; x_wconf 66' lang='grc' dir='ltr'><strong>εἰ</strong></span> <span class='ocrx_word' id='word_1_221' title='bbox 3099 1747 3396 1817; x_wconf 61' lang='lat' dir='ltr'><strong>exemplar.</strong></span> <span class='ocrx_word' id='word_1_222' title='bbox 3453 1749 3555 1804; x_wconf 78' lang='lat' dir='ltr'><strong>J0b</strong></span> <span class='ocrx_word' id='word_1_223' title='bbox 3612 1749 3798 1805; x_wconf 69' lang='lat' dir='ltr'><strong>Virum</strong></span> 
     </span>
    </p>
   </div>
   <div class='ocr_carea' id='block_1_34' title="bbox 411 1838 2056 1908">
    <p class='ocr_par' dir='ltr' id='par_1_34' title="bbox 411 1838 2056 1908">
     <span class='ocr_line' id='line_1_34' title="bbox 411 1838 2056 1908; baseline 0.002 -18"><span class='ocrx_word' id='word_1_224' title='bbox 411 1843 678 1904; x_wconf 90' lang='lat' dir='ltr'><strong>mortuos,</strong></span> <span class='ocrx_word' id='word_1_225' title='bbox 713 1850 874 1906; x_wconf 88' lang='lat' dir='ltr'><strong>quam</strong></span> <span class='ocrx_word' id='word_1_226' title='bbox 904 1838 1075 1904; x_wconf 89' lang='lat' dir='ltr'><strong>vivos,</strong></span> <span class='ocrx_word' id='word_1_227' title='bbox 1117 1851 1228 1893; x_wconf 92' lang='lat' dir='ltr'><strong>non</strong></span> <span class='ocrx_word' id='word_1_228' title='bbox 1276 1838 1550 1894; x_wconf 90' lang='lat' dir='ltr'><strong>immerito</strong></span> <span class='ocrx_word' id='word_1_229' title='bbox 1603 1838 1854 1906; x_wconf 86' lang='lat' dir='ltr'><strong>dixerim,</strong></span> <span class='ocrx_word' id='word_1_230' title='bbox 1910 1853 2056 1908; x_wconf 67' lang='lat' dir='ltr'><strong>pra:-</strong></span> 
     </span>
    </p>
   </div>
   <div class='ocr_carea' id='block_1_35' title="bbox 408 1923 2059 1996">
    <p class='ocr_par' dir='ltr' id='par_1_35' title="bbox 408 1923 2059 1996">
     <span class='ocr_line' id='line_1_35' title="bbox 408 1923 2059 1996; baseline 0.002 -19"><span class='ocrx_word' id='word_1_231' title='bbox 408 1923 598 1978; x_wconf 89' lang='lat' dir='ltr'><strong>sertim</strong></span> <span class='ocrx_word' id='word_1_232' title='bbox 629 1939 750 1979; x_wconf 91' lang='lat' dir='ltr'><strong>cum</strong></span> <span class='ocrx_word' id='word_1_233' title='bbox 783 1925 850 1979; x_wconf 90' lang='lat' dir='ltr'><strong>ad</strong></span> <span class='ocrx_word' id='word_1_234' title='bbox 881 1932 1065 1980; x_wconf 88' lang='lat' dir='ltr'><strong>votum</strong></span> <span class='ocrx_word' id='word_1_235' title='bbox 1088 1939 1280 1994; x_wconf 90' lang='lat' dir='ltr'><strong>parum</strong></span> <span class='ocrx_word' id='word_1_236' title='bbox 1307 1925 1489 1992; x_wconf 86' lang='lat' dir='ltr'><strong>detur,</strong></span> <span class='ocrx_word' id='word_1_237' title='bbox 1527 1927 1779 1996; x_wconf 91' lang='lat' dir='ltr'><strong>corporis</strong></span> <span class='ocrx_word' id='word_1_238' title='bbox 1809 1927 2059 1982; x_wconf 90' lang='lat' dir='ltr'><strong>custodia</strong></span> 
     </span>
    </p>
   </div>
   <div class='ocr_carea' id='block_1_36' title="bbox 410 2012 2061 2085">
    <p class='ocr_par' dir='ltr' id='par_1_36' title="bbox 410 2012 2061 2085">
     <span class='ocr_line' id='line_1_36' title="bbox 410 2012 2061 2085; baseline 0.002 -19"><span class='ocrx_word' id='word_1_239' title='bbox 410 2012 660 2080; x_wconf 87' lang='lat' dir='ltr'><strong>retentis,</strong></span> <span class='ocrx_word' id='word_1_240' title='bbox 721 2013 836 2068; x_wconf 87' lang='lat' dir='ltr'><strong>suis</strong></span> <span class='ocrx_word' id='word_1_241' title='bbox 892 2013 1044 2068; x_wconf 91' lang='lat' dir='ltr'><strong>abuti</strong></span> <span class='ocrx_word' id='word_1_242' title='bbox 1101 2013 1494 2083; x_wconf 80' lang='lat' dir='ltr'><strong>voluptatibus,</strong></span> <span class='ocrx_word' id='word_1_243' title='bbox 1555 2022 1608 2070; x_wconf 90' lang='lat' dir='ltr'><strong>et</strong></span> <span class='ocrx_word' id='word_1_244' title='bbox 1665 2015 1857 2084; x_wconf 89' lang='lat' dir='ltr'><strong>ejectis</strong></span> <span class='ocrx_word' id='word_1_245' title='bbox 1893 2029 2061 2085; x_wconf 89' lang='lat' dir='ltr'><strong>super</strong></span> 
     </span>
    </p>
   </div>
   <div class='ocr_carea' id='block_1_37' title="bbox 409 2101 2057 2171">
    <p class='ocr_par' dir='ltr' id='par_1_37' title="bbox 409 2101 2057 2171">
     <span class='ocr_line' id='line_1_37' title="bbox 409 2101 2057 2171; baseline 0.002 -16"><span class='ocrx_word' id='word_1_246' title='bbox 409 2113 592 2166; x_wconf 92' lang='lat' dir='ltr'><strong>omne,</strong></span> <span class='ocrx_word' id='word_1_247' title='bbox 625 2101 774 2171; x_wconf 91' lang='lat' dir='ltr'><strong>quod</strong></span> <span class='ocrx_word' id='word_1_248' title='bbox 822 2101 1029 2157; x_wconf 89' lang='lat' dir='ltr'><strong>dicitur</strong></span> <span class='ocrx_word' id='word_1_249' title='bbox 1073 2102 1352 2168; x_wconf 90' lang='lat' dir='ltr'><strong>miserum,</strong></span> <span class='ocrx_word' id='word_1_250' title='bbox 1409 2103 1743 2170; x_wconf 88' lang='lat' dir='ltr'><strong>miserabile,</strong></span> <span class='ocrx_word' id='word_1_251' title='bbox 1804 2110 1860 2159; x_wconf 89' lang='lat' dir='ltr'><strong>et</strong></span> <span class='ocrx_word' id='word_1_252' title='bbox 1914 2105 2057 2159; x_wconf 90' lang='lat' dir='ltr'><strong>irre-</strong></span> 
     </span>
    </p>
   </div>
   <div class='ocr_carea' id='block_1_38' title="bbox 408 2188 2060 2263">
    <p class='ocr_par' dir='ltr' id='par_1_38' title="bbox 408 2188 2060 2263">
     <span class='ocr_line' id='line_1_38' title="bbox 408 2188 2060 2263; baseline 0.003 -19"><span class='ocrx_word' id='word_1_253' title='bbox 408 2188 723 2257; x_wconf 90' lang='lat' dir='ltr'><strong>mediabile,</strong></span> <span class='ocrx_word' id='word_1_254' title='bbox 782 2191 1054 2246; x_wconf 87' lang='lat' dir='ltr'><strong>sententia</strong></span> <span class='ocrx_word' id='word_1_255' title='bbox 1115 2191 1508 2263; x_wconf 83' lang='lat' dir='ltr'><strong>irretragabilis</strong></span> <span class='ocrx_word' id='word_1_256' title='bbox 1545 2194 1617 2248; x_wconf 88' lang='lat' dir='ltr'><strong>sit</strong></span> <span class='ocrx_word' id='word_1_257' title='bbox 1672 2193 1890 2248; x_wconf 89' lang='lat' dir='ltr'><strong>illatura</strong></span> <span class='ocrx_word' id='word_1_258' title='bbox 1946 2200 2060 2250; x_wconf 91' lang='lat' dir='ltr'><strong>tor-</strong></span> 
     </span>
    </p>
   </div>
   <div class='ocr_carea' id='block_1_39' title="bbox 411 2276 678 2333">
    <p class='ocr_par' dir='ltr' id='par_1_39' title="bbox 411 2276 678 2333">
     <span class='ocr_line' id='line_1_39' title="bbox 411 2276 678 2333; baseline 0.004 -1"><span class='ocrx_word' id='word_1_259' title='bbox 411 2276 678 2333; x_wconf 89' lang='lat' dir='ltr'><strong>mentum.</strong></span> 
     </span>
    </p>
   </div>
   <div class='ocr_carea' id='block_1_40' title="bbox 477 2367 2060 2442">
    <p class='ocr_par' dir='ltr' id='par_1_40' title="bbox 477 2367 2060 2442">
     <span class='ocr_line' id='line_1_40' title="bbox 477 2367 2060 2442; baseline 0.004 -20"><span class='ocrx_word' id='word_1_260' title='bbox 477 2367 530 2420; x_wconf 91' lang='lat'><strong>9.</strong></span> <span class='ocrx_word' id='word_1_261' title='bbox 565 2368 908 2425; x_wconf 85' lang='lat' dir='ltr'><strong>Retinendus</strong></span> <span class='ocrx_word' id='word_1_262' title='bbox 947 2376 1032 2425; x_wconf 91' lang='lat' dir='ltr'><strong>est</strong></span> <span class='ocrx_word' id='word_1_263' title='bbox 1081 2383 1212 2442; x_wconf 89' lang='lat' dir='ltr'><strong>ergo</strong></span> <span class='ocrx_word' id='word_1_264' title='bbox 1251 2371 1307 2426; x_wconf 93' lang='lat' dir='ltr'><strong>in</strong></span> <span class='ocrx_word' id='word_1_265' title='bbox 1352 2371 1582 2441; x_wconf 88' lang='lat' dir='ltr'><strong>proclivi</strong></span> <span class='ocrx_word' id='word_1_266' title='bbox 1612 2373 1844 2440; x_wconf 91' lang='lat' dir='ltr'><strong>animus,</strong></span> <span class='ocrx_word' id='word_1_267' title='bbox 1879 2379 1934 2428; x_wconf 89' lang='lat' dir='ltr'><strong>et</strong></span> <span class='ocrx_word' id='word_1_268' title='bbox 1965 2373 2060 2429; x_wconf 91' lang='lat' dir='ltr'><strong>ad-</strong></span> 
     </span>
    </p>
   </div>
   <div class='ocr_carea' id='block_1_41' title="bbox 407 2457 2060 2534">
    <p class='ocr_par' dir='ltr' id='par_1_41' title="bbox 407 2457 2060 2534">
     <span class='ocr_line' id='line_1_41' title="bbox 407 2457 2060 2534; baseline 0.004 -23"><span class='ocrx_word' id='word_1_269' title='bbox 407 2471 599 2513; x_wconf 89' lang='lat' dir='ltr'><strong>versus</strong></span> <span class='ocrx_word' id='word_1_270' title='bbox 623 2457 794 2514; x_wconf 91' lang='lat' dir='ltr'><strong>ardua</strong></span> <span class='ocrx_word' id='word_1_271' title='bbox 833 2458 1220 2529; x_wconf 91' lang='lat' dir='ltr'><strong>impellendus,</strong></span> <span class='ocrx_word' id='word_1_272' title='bbox 1281 2475 1392 2516; x_wconf 93' lang='lat' dir='ltr'><strong>non</strong></span> <span class='ocrx_word' id='word_1_273' title='bbox 1451 2466 1535 2516; x_wconf 91' lang='lat' dir='ltr'><strong>est</strong></span> <span class='ocrx_word' id='word_1_274' title='bbox 1591 2461 1839 2530; x_wconf 89' lang='lat' dir='ltr'><strong>dubium,</strong></span> <span class='ocrx_word' id='word_1_275' title='bbox 1898 2464 2060 2534; x_wconf 92' lang='lat' dir='ltr'><strong>quin-</strong></span> 
     </span>
    </p>
   </div>
   <div class='ocr_carea' id='block_1_42' title="bbox 406 2545 2060 2620">
    <p class='ocr_par' dir='ltr' id='par_1_42' title="bbox 406 2545 2060 2620">
     <span class='ocr_line' id='line_1_42' title="bbox 406 2545 2060 2620; baseline 0.005 -20"><span class='ocrx_word' id='word_1_276' title='bbox 406 2545 711 2602; x_wconf 90' lang='lat' dir='ltr'><strong>ascendens</strong></span> <span class='ocrx_word' id='word_1_277' title='bbox 742 2548 991 2604; x_wconf 91' lang='lat' dir='ltr'><strong>nitatur:</strong></span> <span class='ocrx_word' id='word_1_278' title='bbox 1035 2548 1308 2604; x_wconf 89' lang='lat' dir='ltr'><strong>obluctari</strong></span> <span class='ocrx_word' id='word_1_279' title='bbox 1357 2551 1639 2619; x_wconf 89' lang='lat' dir='ltr'><strong>patientia,</strong></span> <span class='ocrx_word' id='word_1_280' title='bbox 1675 2550 1962 2620; x_wconf 89' lang='lat' dir='ltr'><strong>fortitudo,</strong></span> <span class='ocrx_word' id='word_1_281' title='bbox 2005 2560 2060 2609; x_wconf 91' lang='lat' dir='ltr'><strong>et</strong></span> 
     </span>
    </p>
   </div>
   <div class='ocr_carea' id='block_1_43' title="bbox 405 2637 2059 2708">
    <p class='ocr_par' dir='ltr' id='par_1_43' title="bbox 405 2637 2059 2708">
     <span class='ocr_line' id='line_1_43' title="bbox 405 2637 2059 2708; baseline 0.005 -18"><span class='ocrx_word' id='word_1_282' title='bbox 405 2637 813 2704; x_wconf 89' lang='lat' dir='ltr'><strong>perseverantia</strong></span> <span class='ocrx_word' id='word_1_283' title='bbox 843 2637 1067 2706; x_wconf 90' lang='lat' dir='ltr'><strong>debent,</strong></span> <span class='ocrx_word' id='word_1_284' title='bbox 1109 2646 1168 2694; x_wconf 91' lang='lat' dir='ltr'><strong>ut</strong></span> <span class='ocrx_word' id='word_1_285' title='bbox 1197 2637 1426 2694; x_wconf 84' lang='lat' dir='ltr'><strong>ferentia</strong></span> <span class='ocrx_word' id='word_1_286' title='bbox 1459 2640 1752 2708; x_wconf 90' lang='lat' dir='ltr'><strong>pessimum</strong></span> <span class='ocrx_word' id='word_1_287' title='bbox 1782 2642 2059 2698; x_wconf 89' lang='lat' dir='ltr'><strong>hominem</strong></span> 
     </span>
    </p>
   </div>
   <div class='ocr_carea' id='block_1_44' title="bbox 410 2724 2058 2802">
    <p class='ocr_par' dir='ltr' id='par_1_44' title="bbox 410 2724 2058 2802">
     <span class='ocr_line' id='line_1_44' title="bbox 410 2724 2058 2802; baseline 0.005 -23"><span class='ocrx_word' id='word_1_288' title='bbox 410 2724 541 2779; x_wconf 90' lang='lat' dir='ltr'><strong>vitia</strong></span> <span class='ocrx_word' id='word_1_289' title='bbox 593 2725 872 2796; x_wconf 91' lang='lat' dir='ltr'><strong>subigant,</strong></span> <span class='ocrx_word' id='word_1_290' title='bbox 907 2734 1074 2797; x_wconf 88' lang='lat' dir='ltr'><strong>utque</strong></span> <span class='ocrx_word' id='word_1_291' title='bbox 1123 2734 1231 2783; x_wconf 87' lang='lat' dir='ltr'><strong>tam</strong></span> <span class='ocrx_word' id='word_1_292' title='bbox 1271 2728 1471 2783; x_wconf 88' lang='lat' dir='ltr'><strong>claram</strong></span> <span class='ocrx_word' id='word_1_293' title='bbox 1511 2735 1565 2784; x_wconf 91' lang='lat' dir='ltr'><strong>et</strong></span> <span class='ocrx_word' id='word_1_294' title='bbox 1613 2730 1840 2786; x_wconf 89' lang='lat' dir='ltr'><strong>nitidam</strong></span> <span class='ocrx_word' id='word_1_295' title='bbox 1879 2745 2058 2802; x_wconf 91' lang='lat' dir='ltr'><strong>neque</strong></span> 
     </span>
    </p>
   </div>
   <div class='ocr_carea' id='block_1_45' title="bbox 406 2814 2059 2888">
    <p class='ocr_par' dir='ltr' id='par_1_45' title="bbox 406 2814 2059 2888">
     <span class='ocr_line' id='line_1_45' title="bbox 406 2814 2059 2888; baseline 0.005 -19"><span class='ocrx_word' id='word_1_296' title='bbox 406 2826 516 2870; x_wconf 91' lang='lat' dir='ltr'><strong>uno</strong></span> <span class='ocrx_word' id='word_1_297' title='bbox 547 2827 748 2885; x_wconf 84' lang='lat' dir='ltr'><strong>genere</strong></span> <span class='ocrx_word' id='word_1_298' title='bbox 788 2814 1104 2883; x_wconf 87' lang='lat' dir='ltr'><strong>formosam,</strong></span> <span class='ocrx_word' id='word_1_299' title='bbox 1133 2823 1316 2873; x_wconf 89' lang='lat' dir='ltr'><strong>natam</strong></span> <span class='ocrx_word' id='word_1_300' title='bbox 1354 2816 1571 2888; x_wconf 89' lang='lat' dir='ltr'><strong>fastigia</strong></span> <span class='ocrx_word' id='word_1_301' title='bbox 1603 2819 1729 2875; x_wconf 77' lang='lat' dir='ltr'><strong>cmli</strong></span> <span class='ocrx_word' id='word_1_302' title='bbox 1767 2825 2059 2876; x_wconf 88' lang='lat' dir='ltr'><strong>transcen-</strong></span> 
     </span>
    </p>
   </div>
   <div class='ocr_carea' id='block_1_46' title="bbox 408 2901 2055 2977">
    <p class='ocr_par' dir='ltr' id='par_1_46' title="bbox 408 2901 2055 2977">
     <span class='ocr_line' id='line_1_46' title="bbox 408 2901 2055 2977; baseline 0.005 -19"><span class='ocrx_word' id='word_1_303' title='bbox 408 2901 562 2970; x_wconf 89' lang='lat' dir='ltr'><strong>dere,</strong></span> <span class='ocrx_word' id='word_1_304' title='bbox 603 2909 908 2961; x_wconf 88' lang='lat' dir='ltr'><strong>creaturam</strong></span> <span class='ocrx_word' id='word_1_305' title='bbox 966 2905 1221 2962; x_wconf 86' lang='lat' dir='ltr'><strong>infernali</strong></span> <span class='ocrx_word' id='word_1_306' title='bbox 1278 2907 1590 2977; x_wconf 69' lang='lat' dir='ltr'><strong>praecipitio</strong></span> <span class='ocrx_word' id='word_1_307' title='bbox 1649 2923 1760 2965; x_wconf 93' lang='lat' dir='ltr'><strong>non</strong></span> <span class='ocrx_word' id='word_1_308' title='bbox 1790 2910 2055 2967; x_wconf 87' lang='lat' dir='ltr'><strong>condant.</strong></span> 
     </span>
    </p>
   </div>
   <div class='ocr_carea' id='block_1_47' title="bbox 403 2992 2052 3069">
    <p class='ocr_par' dir='ltr' id='par_1_47' title="bbox 403 2992 2052 3069">
     <span class='ocr_line' id='line_1_47' title="bbox 403 2992 2052 3069; baseline 0.005 -22"><span class='ocrx_word' id='word_1_309' title='bbox 403 2992 601 3049; x_wconf 89' lang='lat' dir='ltr'><strong>Eamus</strong></span> <span class='ocrx_word' id='word_1_310' title='bbox 629 2993 815 3063; x_wconf 90' lang='lat' dir='ltr'><strong>itaque</strong></span> <span class='ocrx_word' id='word_1_311' title='bbox 851 2995 1148 3065; x_wconf 90' lang='lat' dir='ltr'><strong>perditum,</strong></span> <span class='ocrx_word' id='word_1_312' title='bbox 1183 2996 1332 3067; x_wconf 93' lang='lat' dir='ltr'><strong>quod</strong></span> <span class='ocrx_word' id='word_1_313' title='bbox 1381 2997 1576 3053; x_wconf 90' lang='lat' dir='ltr'><strong>melius</strong></span> <span class='ocrx_word' id='word_1_314' title='bbox 1606 3004 1661 3054; x_wconf 90' lang='lat' dir='ltr'><strong>et</strong></span> <span class='ocrx_word' id='word_1_315' title='bbox 1691 2999 1903 3069; x_wconf 76' lang='lat' dir='ltr'><strong>aequius</strong></span> <span class='ocrx_word' id='word_1_316' title='bbox 1950 3007 2052 3067; x_wconf 91' lang='lat' dir='ltr'><strong>est,</strong></span> 
     </span>
    </p>
   </div>
   <div class='ocr_carea' id='block_1_48' title="bbox 2141 1824 3800 1903">
    <p class='ocr_par' dir='ltr' id='par_1_48' title="bbox 2141 1824 3800 1903">
     <span class='ocr_line' id='line_1_48' title="bbox 2141 1824 3800 1903; baseline 0.008 -23"><span class='ocrx_word' id='word_1_317' title='bbox 2141 1824 2499 1884; x_wconf 91' lang='lat' dir='ltr'><strong>fortissimum</strong></span> <span class='ocrx_word' id='word_1_318' title='bbox 2538 1830 2846 1900; x_wconf 78' lang='lat' dir='ltr'><strong>affectabat,</strong></span> <span class='ocrx_word' id='word_1_319' title='bbox 2895 1835 3054 1903; x_wconf 90' lang='lat' dir='ltr'><strong>cujus</strong></span> <span class='ocrx_word' id='word_1_320' title='bbox 3102 1835 3222 1891; x_wconf 66' lang='lat' dir='ltr'><strong>base</strong></span> <span class='ocrx_word' id='word_1_321' title='bbox 3273 1843 3328 1891; x_wconf 93' lang='lat' dir='ltr'><strong>et</strong></span> <span class='ocrx_word' id='word_1_322' title='bbox 3365 1836 3470 1892; x_wconf 87' lang='lat' dir='ltr'><strong>alia</strong></span> <span class='ocrx_word' id='word_1_323' title='bbox 3518 1837 3800 1894; x_wconf 82' lang='lat' dir='ltr'><strong>liberalis-</strong></span> 
     </span>
    </p>
   </div>
   <div class='ocr_carea' id='block_1_49' title="bbox 2140 1916 3797 1996">
    <p class='ocr_par' dir='ltr' id='par_1_49' title="bbox 2140 1916 3797 1996">
     <span class='ocr_line' id='line_1_49' title="bbox 2140 1916 3797 1996; baseline 0.01 -28"><span class='ocrx_word' id='word_1_324' title='bbox 2140 1916 2277 1970; x_wconf 90' lang='lat' dir='ltr'><strong>sima</strong></span> <span class='ocrx_word' id='word_1_325' title='bbox 2305 1918 2470 1972; x_wconf 90' lang='lat' dir='ltr'><strong>verba</strong></span> <span class='ocrx_word' id='word_1_326' title='bbox 2509 1918 2576 1974; x_wconf 93' lang='lat' dir='ltr'><strong>de</strong></span> <span class='ocrx_word' id='word_1_327' title='bbox 2617 1920 2930 1990; x_wconf 89' lang='lat' dir='ltr'><strong>hujusmodi</strong></span> <span class='ocrx_word' id='word_1_328' title='bbox 2979 1922 3175 1979; x_wconf 89' lang='lat' dir='ltr'><strong>ofﬁciis</strong></span> <span class='ocrx_word' id='word_1_329' title='bbox 3213 1939 3336 1979; x_wconf 90' lang='lat' dir='ltr'><strong>cum</strong></span> <span class='ocrx_word' id='word_1_330' title='bbox 3374 1926 3646 1996; x_wconf 89' lang='lat' dir='ltr'><strong>scriptura</strong></span> <span class='ocrx_word' id='word_1_331' title='bbox 3687 1929 3797 1985; x_wconf 85' lang='lat' dir='ltr'><strong>do-</strong></span> 
     </span>
    </p>
   </div>
   <div class='ocr_carea' id='block_1_50' title="bbox 2141 2006 3792 2084">
    <p class='ocr_par' dir='ltr' id='par_1_50' title="bbox 2141 2006 3792 2084">
     <span class='ocr_line' id='line_1_50' title="bbox 2141 2006 3792 2084; baseline 0.009 -25"><span class='ocrx_word' id='word_1_332' title='bbox 2141 2011 2364 2060; x_wconf 89' lang='lat' dir='ltr'><strong>cuerat:</strong></span> <span class='ocrx_word' id='word_1_333' title='bbox 2398 2006 2681 2062; x_wconf 89' lang='lat' dir='ltr'><strong>Salvabam</strong></span> <span class='ocrx_word' id='word_1_334' title='bbox 2713 2024 3009 2080; x_wconf 90' lang='lat' dir='ltr'><strong>pauperem</strong></span> <span class='ocrx_word' id='word_1_335' title='bbox 3063 2012 3130 2066; x_wconf 93' lang='lat' dir='ltr'><strong>de</strong></span> <span class='ocrx_word' id='word_1_336' title='bbox 3189 2027 3351 2068; x_wconf 91' lang='lat' dir='ltr'><strong>manu</strong></span> <span class='ocrx_word' id='word_1_337' title='bbox 3409 2017 3669 2084; x_wconf 89' lang='lat' dir='ltr'><strong>potentis,</strong></span> <span class='ocrx_word' id='word_1_338' title='bbox 3731 2028 3792 2075; x_wconf 89' lang='lat' dir='ltr'><strong>et</strong></span> 
     </span>
    </p>
   </div>
   <div class='ocr_carea' id='block_1_51' title="bbox 2140 2093 3791 2172">
    <p class='ocr_par' dir='ltr' id='par_1_51' title="bbox 2140 2093 3791 2172">
     <span class='ocr_line' id='line_1_51' title="bbox 2140 2093 3791 2172; baseline 0.009 -25"><span class='ocrx_word' id='word_1_339' title='bbox 2140 2093 2460 2163; x_wconf 88' lang='lat' dir='ltr'><strong>adjuvabam</strong></span> <span class='ocrx_word' id='word_1_340' title='bbox 2513 2097 2800 2166; x_wconf 89' lang='lat' dir='ltr'><strong>pupillum,</strong></span> <span class='ocrx_word' id='word_1_341' title='bbox 2861 2100 2951 2155; x_wconf 89' lang='lat' dir='ltr'><strong>cui</strong></span> <span class='ocrx_word' id='word_1_342' title='bbox 2989 2115 3100 2156; x_wconf 90' lang='lat' dir='ltr'><strong>non</strong></span> <span class='ocrx_word' id='word_1_343' title='bbox 3149 2109 3266 2157; x_wconf 90' lang='lat' dir='ltr'><strong>erat</strong></span> <span class='ocrx_word' id='word_1_344' title='bbox 3320 2103 3672 2172; x_wconf 90' lang='lat' dir='ltr'><strong>adjutorium.</strong></span> <span class='ocrx_word' id='word_1_345' title='bbox 3711 2111 3791 2164; x_wconf 89' lang='lat' dir='ltr'><strong>Os</strong></span> 
     </span>
    </p>
   </div>
   <div class='ocr_carea' id='block_1_52' title="bbox 2143 2182 3793 2262">
    <p class='ocr_par' dir='ltr' id='par_1_52' title="bbox 2143 2182 3793 2262">
     <span class='ocr_line' id='line_1_52' title="bbox 2143 2182 3793 2262; baseline 0.008 -24"><span class='ocrx_word' id='word_1_346' title='bbox 2143 2182 2321 2238; x_wconf 68' lang='lat' dir='ltr'><strong>vidua:</strong></span> <span class='ocrx_word' id='word_1_347' title='bbox 2361 2198 2446 2239; x_wconf 89' lang='lat' dir='ltr'><strong>me</strong></span> <span class='ocrx_word' id='word_1_348' title='bbox 2495 2185 2794 2254; x_wconf 83' lang='lat' dir='ltr'><strong>benedixit,</strong></span> <span class='ocrx_word' id='word_1_349' title='bbox 2839 2194 2893 2242; x_wconf 91' lang='lat' dir='ltr'><strong>et</strong></span> <span class='ocrx_word' id='word_1_350' title='bbox 2931 2188 3158 2244; x_wconf 91' lang='lat' dir='ltr'><strong>indutus</strong></span> <span class='ocrx_word' id='word_1_351' title='bbox 3197 2204 3344 2246; x_wconf 72' lang='lat' dir='ltr'><strong>eram</strong></span> <span class='ocrx_word' id='word_1_352' title='bbox 3388 2193 3675 2262; x_wconf 89' lang='lat' dir='ltr'><strong>judicium,</strong></span> <span class='ocrx_word' id='word_1_353' title='bbox 3730 2205 3793 2251; x_wconf 90' lang='lat' dir='ltr'><strong>et</strong></span> 
     </span>
    </p>
   </div>
   <div class='ocr_carea' id='block_1_53' title="bbox 2141 2271 3794 2347">
    <p class='ocr_par' dir='ltr' id='par_1_53' title="bbox 2141 2271 3794 2347">
     <span class='ocr_line' id='line_1_53' title="bbox 2141 2271 3794 2347; baseline 0.01 -22"><span class='ocrx_word' id='word_1_354' title='bbox 2141 2271 2511 2328; x_wconf 87' lang='lat' dir='ltr'><strong>circumdatus</strong></span> <span class='ocrx_word' id='word_1_355' title='bbox 2541 2275 2837 2344; x_wconf 70' lang='lat' dir='ltr'><strong>aequitate:</strong></span> <span class='ocrx_word' id='word_1_356' title='bbox 2880 2291 2981 2347; x_wconf 90' lang='lat' dir='ltr'><strong>ego</strong></span> <span class='ocrx_word' id='word_1_357' title='bbox 3021 2292 3166 2333; x_wconf 91' lang='lat' dir='ltr'><strong>eram</strong></span> <span class='ocrx_word' id='word_1_358' title='bbox 3208 2280 3398 2336; x_wconf 90' lang='lat' dir='ltr'><strong>oculos</strong></span> <span class='ocrx_word' id='word_1_359' title='bbox 3428 2297 3698 2340; x_wconf 56' lang='lat' dir='ltr'><strong>carcerum</strong></span> <span class='ocrx_word' id='word_1_360' title='bbox 3729 2294 3794 2342; x_wconf 87' lang='lat' dir='ltr'><strong>et</strong></span> 
     </span>
    </p>
   </div>
   <div class='ocr_carea' id='block_1_54' title="bbox 2141 2361 3790 2438">
    <p class='ocr_par' dir='ltr' id='par_1_54' title="bbox 2141 2361 3790 2438">
     <span class='ocr_line' id='line_1_54' title="bbox 2141 2361 3790 2438; baseline 0.01 -24"><span class='ocrx_word' id='word_1_361' title='bbox 2141 2374 2239 2430; x_wconf 90' lang='lat' dir='ltr'><strong>pes</strong></span> <span class='ocrx_word' id='word_1_362' title='bbox 2260 2361 2618 2418; x_wconf 91' lang='lat' dir='ltr'><strong>claudorum:</strong></span> <span class='ocrx_word' id='word_1_363' title='bbox 2654 2377 2754 2434; x_wconf 86' lang='lat' dir='ltr'><strong>ego</strong></span> <span class='ocrx_word' id='word_1_364' title='bbox 2785 2365 3168 2434; x_wconf 88' lang='lat' dir='ltr'><strong>impotentium</strong></span> <span class='ocrx_word' id='word_1_365' title='bbox 3202 2376 3375 2438; x_wconf 89' lang='lat' dir='ltr'><strong>pater,</strong></span> <span class='ocrx_word' id='word_1_366' title='bbox 3410 2374 3790 2430; x_wconf 87' lang='lat' dir='ltr'><strong>examinabam</strong></span> 
     </span>
    </p>
   </div>
   <div class='ocr_carea' id='block_1_55' title="bbox 2141 2451 3791 2532">
    <p class='ocr_par' dir='ltr' id='par_1_55' title="bbox 2141 2451 3791 2532">
     <span class='ocr_line' id='line_1_55' title="bbox 2141 2451 3791 2532; baseline 0.01 -29"><span class='ocrx_word' id='word_1_367' title='bbox 2141 2463 2335 2504; x_wconf 92' lang='lat' dir='ltr'><strong>causas</strong></span> <span class='ocrx_word' id='word_1_368' title='bbox 2392 2451 2510 2506; x_wconf 88' lang='lat' dir='ltr'><strong>sine</strong></span> <span class='ocrx_word' id='word_1_369' title='bbox 2571 2454 2897 2522; x_wconf 88' lang='lat' dir='ltr'><strong>exceptione</strong></span> <span class='ocrx_word' id='word_1_370' title='bbox 2947 2462 3002 2510; x_wconf 90' lang='lat' dir='ltr'><strong>et</strong></span> <span class='ocrx_word' id='word_1_371' title='bbox 3050 2455 3403 2529; x_wconf 90' lang='lat' dir='ltr'><strong>confringens</strong></span> <span class='ocrx_word' id='word_1_372' title='bbox 3457 2461 3791 2532; x_wconf 89' lang='lat' dir='ltr'><strong>injustorum</strong></span> 
     </span>
    </p>
   </div>
   <div class='ocr_carea' id='block_1_56' title="bbox 2142 2537 3788 2611">
    <p class='ocr_par' dir='ltr' id='par_1_56' title="bbox 2142 2537 3788 2611">
     <span class='ocr_line' id='line_1_56' title="bbox 2142 2537 3788 2611; baseline 0.01 -19"><span class='ocrx_word' id='word_1_373' title='bbox 2142 2537 2335 2605; x_wconf 91' lang='lat' dir='ltr'><strong>molas,</strong></span> <span class='ocrx_word' id='word_1_374' title='bbox 2368 2538 2679 2594; x_wconf 88' lang='lat' dir='ltr'><strong>auferebam</strong></span> <span class='ocrx_word' id='word_1_375' title='bbox 2712 2542 2932 2611; x_wconf 86' lang='lat' dir='ltr'><strong>rapinas</strong></span> <span class='ocrx_word' id='word_1_376' title='bbox 2955 2543 3023 2599; x_wconf 93' lang='lat' dir='ltr'><strong>de</strong></span> <span class='ocrx_word' id='word_1_377' title='bbox 3054 2544 3248 2600; x_wconf 89' lang='lat' dir='ltr'><strong>mediis</strong></span> <span class='ocrx_word' id='word_1_378' title='bbox 3277 2547 3534 2604; x_wconf 90' lang='lat' dir='ltr'><strong>dentibus</strong></span> <span class='ocrx_word' id='word_1_379' title='bbox 3571 2564 3788 2607; x_wconf 89' lang='lat' dir='ltr'><strong>eorum.</strong></span> 
     </span>
    </p>
   </div>
   <div class='ocr_carea' id='block_1_57' title="bbox 2219 2629 3798 2712">
    <p class='ocr_par' dir='ltr' id='par_1_57' title="bbox 2219 2629 3798 2712">
     <span class='ocr_line' id='line_1_57' title="bbox 2219 2629 3798 2712; baseline 0.011 -31"><span class='ocrx_word' id='word_1_380' title='bbox 2219 2629 2301 2682; x_wconf 94' lang='lat' dir='ltr'><strong>ll.</strong></span> <span class='ocrx_word' id='word_1_381' title='bbox 2361 2631 2604 2699; x_wconf 90' lang='lat' dir='ltr'><strong>Cumque</strong></span> <span class='ocrx_word' id='word_1_382' title='bbox 2663 2638 2813 2686; x_wconf 91' lang='lat' dir='ltr'><strong>totus</strong></span> <span class='ocrx_word' id='word_1_383' title='bbox 2867 2633 2934 2688; x_wconf 90' lang='lat' dir='ltr'><strong>ad</strong></span> <span class='ocrx_word' id='word_1_384' title='bbox 2995 2633 3114 2690; x_wconf 60' lang='lat' dir='ltr'><strong>haec</strong></span> <span class='ocrx_word' id='word_1_385' title='bbox 3163 2643 3393 2693; x_wconf 90' lang='lat' dir='ltr'><strong>eotenus</strong></span> <span class='ocrx_word' id='word_1_386' title='bbox 3451 2639 3798 2712; x_wconf 87' lang='lat' dir='ltr'><strong>immigraret</strong></span> 
     </span>
    </p>
   </div>
   <div class='ocr_carea' id='block_1_58' title="bbox 2141 2716 3792 2793">
    <p class='ocr_par' dir='ltr' id='par_1_58' title="bbox 2141 2716 3792 2793">
     <span class='ocr_line' id='line_1_58' title="bbox 2141 2716 3792 2793; baseline 0.009 -21"><span class='ocrx_word' id='word_1_387' title='bbox 2141 2716 2342 2786; x_wconf 87' lang='lat' dir='ltr'><strong>ofﬁcia,</strong></span> <span class='ocrx_word' id='word_1_388' title='bbox 2377 2726 2436 2774; x_wconf 90' lang='lat' dir='ltr'><strong>ut</strong></span> <span class='ocrx_word' id='word_1_389' title='bbox 2488 2720 2576 2773; x_wconf 89' lang='lat' dir='ltr'><strong>vix</strong></span> <span class='ocrx_word' id='word_1_390' title='bbox 2622 2720 2755 2774; x_wconf 89' lang='lat' dir='ltr'><strong>satis</strong></span> <span class='ocrx_word' id='word_1_391' title='bbox 2793 2720 2891 2776; x_wconf 92' lang='lat' dir='ltr'><strong>otii</strong></span> <span class='ocrx_word' id='word_1_392' title='bbox 2949 2723 3304 2793; x_wconf 86' lang='lat' dir='ltr'><strong>suppeditare</strong></span> <span class='ocrx_word' id='word_1_393' title='bbox 3343 2725 3466 2783; x_wconf 90' lang='lat' dir='ltr'><strong>aliis</strong></span> <span class='ocrx_word' id='word_1_394' title='bbox 3520 2731 3792 2786; x_wconf 91' lang='lat' dir='ltr'><strong>institutis</strong></span> 
     </span>
    </p>
   </div>
   <div class='ocr_carea' id='block_1_59' title="bbox 2141 2808 3787 2885">
    <p class='ocr_par' dir='ltr' id='par_1_59' title="bbox 2141 2808 3787 2885">
     <span class='ocr_line' id='line_1_59' title="bbox 2141 2808 3787 2885; baseline 0.009 -23"><span class='ocrx_word' id='word_1_395' title='bbox 2141 2808 2363 2878; x_wconf 90' lang='lat' dir='ltr'><strong>pietatis</strong></span> <span class='ocrx_word' id='word_1_396' title='bbox 2418 2823 2482 2863; x_wconf 93' lang='lat' dir='ltr'><strong>ac</strong></span> <span class='ocrx_word' id='word_1_397' title='bbox 2542 2808 2828 2880; x_wconf 88' lang='lat' dir='ltr'><strong>religionis</strong></span> <span class='ocrx_word' id='word_1_398' title='bbox 2866 2824 3028 2880; x_wconf 91' lang='lat' dir='ltr'><strong>posse</strong></span> <span class='ocrx_word' id='word_1_399' title='bbox 3086 2821 3413 2885; x_wconf 88' lang='lat' dir='ltr'><strong>putaretur;</strong></span> <span class='ocrx_word' id='word_1_400' title='bbox 3473 2819 3547 2874; x_wconf 88' lang='lat' dir='ltr'><strong>ita</strong></span> <span class='ocrx_word' id='word_1_401' title='bbox 3605 2827 3787 2876; x_wconf 88' lang='lat' dir='ltr'><strong>tamen</strong></span> 
     </span>
    </p>
   </div>
   <div class='ocr_carea' id='block_1_60' title="bbox 2141 2901 3789 2967">
    <p class='ocr_par' dir='ltr' id='par_1_60' title="bbox 2141 2901 3789 2967">
     <span class='ocr_line' id='line_1_60' title="bbox 2141 2901 3789 2967; baseline 0.01 -15"><span class='ocrx_word' id='word_1_402' title='bbox 2141 2912 2305 2954; x_wconf 91' lang='lat' dir='ltr'><strong>aurea</strong></span> <span class='ocrx_word' id='word_1_403' title='bbox 2344 2901 2488 2956; x_wconf 89' lang='lat' dir='ltr'><strong>idem</strong></span> <span class='ocrx_word' id='word_1_404' title='bbox 2520 2906 2722 2956; x_wconf 87' lang='lat' dir='ltr'><strong>statera</strong></span> <span class='ocrx_word' id='word_1_405' title='bbox 2752 2915 3014 2957; x_wconf 90' lang='lat' dir='ltr'><strong>summam</strong></span> <span class='ocrx_word' id='word_1_406' title='bbox 3045 2918 3228 2960; x_wconf 90' lang='lat' dir='ltr'><strong>rerum</strong></span> <span class='ocrx_word' id='word_1_407' title='bbox 3259 2913 3377 2962; x_wconf 89' lang='lat' dir='ltr'><strong>erat</strong></span> <span class='ocrx_word' id='word_1_408' title='bbox 3425 2909 3620 2966; x_wconf 91' lang='lat' dir='ltr'><strong>solitus</strong></span> <span class='ocrx_word' id='word_1_409' title='bbox 3650 2926 3789 2967; x_wconf 84' lang='lat' dir='ltr'><strong>exa-</strong></span> 
     </span>
    </p>
   </div>
   <div class='ocr_carea' id='block_1_61' title="bbox 2141 2989 3784 3070">
    <p class='ocr_par' dir='ltr' id='par_1_61' title="bbox 2141 2989 3784 3070">
     <span class='ocr_line' id='line_1_61' title="bbox 2141 2989 3784 3070; baseline 0.01 -28"><span class='ocrx_word' id='word_1_410' title='bbox 2141 2989 2371 3057; x_wconf 90' lang='lat' dir='ltr'><strong>minare,</strong></span> <span class='ocrx_word' id='word_1_411' title='bbox 2405 2996 2464 3045; x_wconf 92' lang='lat' dir='ltr'><strong>ut</strong></span> <span class='ocrx_word' id='word_1_412' title='bbox 2503 3004 2657 3060; x_wconf 69' lang='lat' dir='ltr'><strong>aeque</strong></span> <span class='ocrx_word' id='word_1_413' title='bbox 2706 2990 2763 3044; x_wconf 89' lang='lat' dir='ltr'><strong>in</strong></span> <span class='ocrx_word' id='word_1_414' title='bbox 2807 2990 3125 3047; x_wconf 90' lang='lat' dir='ltr'><strong>alterutram</strong></span> <span class='ocrx_word' id='word_1_415' title='bbox 3183 3003 3391 3065; x_wconf 89' lang='lat' dir='ltr'><strong>partem</strong></span> <span class='ocrx_word' id='word_1_416' title='bbox 3431 3013 3621 3070; x_wconf 90' lang='lat' dir='ltr'><strong>magna</strong></span> <span class='ocrx_word' id='word_1_417' title='bbox 3658 3015 3784 3057; x_wconf 89' lang='lat' dir='ltr'><strong>cum</strong></span> 
     </span>
    </p>
   </div>
   <div class='ocr_carea' id='block_1_62' title="bbox 403 3074 3784 3159">
    <p class='ocr_par' dir='ltr' id='par_1_62' title="bbox 403 3074 3784 3159">
     <span class='ocr_line' id='line_1_62' title="bbox 403 3074 3784 3159; baseline 0.006 -34"><span class='ocrx_word' id='word_1_418' title='bbox 403 3081 594 3137; x_wconf 51' lang='lat' dir='ltr'><strong>saeculi</strong></span> <span class='ocrx_word' id='word_1_419' title='bbox 624 3082 933 3152; x_wconf 58' lang='lat' dir='ltr'><strong>voluptates</strong></span> <span class='ocrx_word' id='word_1_420' title='bbox 959 3104 972 3139; x_wconf 70' lang='grc' dir='ltr'><strong>ε</strong></span> <span class='ocrx_word' id='word_1_421' title='bbox 1005 3085 1204 3154; x_wconf 78' lang='lat' dir='ltr'><strong>opibus</strong></span> <span class='ocrx_word' id='word_1_422' title='bbox 1251 3077 1403 3152; x_wconf 65' lang='lat' dir='ltr'><strong>vero;</strong></span> <span class='ocrx_word' id='word_1_423' title='bbox 1444 3101 1568 3156; x_wconf 59' lang='lat' dir='ltr'><strong>qua;</strong></span> <span class='ocrx_word' id='word_1_424' title='bbox 1598 3088 1778 3144; x_wconf 72' lang='lat' dir='ltr'><strong>verius</strong></span> <span class='ocrx_word' id='word_1_425' title='bbox 1808 3103 2056 3159; x_wconf 71' lang='lat' dir='ltr'><strong>occupa.</strong></span> <span class='ocrx_word' id='word_1_426' title='bbox 2075 3074 2117 3134; x_wconf 86' lang='lat' dir='ltr'><strong>C</strong></span> <span class='ocrx_word' id='word_1_427' title='bbox 2140 3077 2504 3135; x_wconf 88' lang='lat' dir='ltr'><strong>admiratione</strong></span> <span class='ocrx_word' id='word_1_428' title='bbox 2533 3079 2774 3135; x_wconf 88' lang='lat' dir='ltr'><strong>omnium</strong></span> <span class='ocrx_word' id='word_1_429' title='bbox 2824 3086 3036 3136; x_wconf 91' lang='lat' dir='ltr'><strong>mentes</strong></span> <span class='ocrx_word' id='word_1_430' title='bbox 3075 3089 3129 3138; x_wconf 92' lang='lat' dir='ltr'><strong>et</strong></span> <span class='ocrx_word' id='word_1_431' title='bbox 3158 3084 3350 3141; x_wconf 90' lang='lat' dir='ltr'><strong>oculos</strong></span> <span class='ocrx_word' id='word_1_432' title='bbox 3379 3086 3643 3144; x_wconf 87' lang='lat' dir='ltr'><strong>ﬂecteret.</strong></span> <span class='ocrx_word' id='word_1_433' title='bbox 3685 3092 3784 3145; x_wconf 89' lang='lat' dir='ltr'><strong>Se-</strong></span> 
     </span>
    </p>
   </div>
   <div class='ocr_carea' id='block_1_63' title="bbox 405 3170 2050 3240">
    <p class='ocr_par' dir='ltr' id='par_1_63' title="bbox 405 3170 2050 3240">
     <span class='ocr_line' id='line_1_63' title="bbox 405 3170 2050 3240; baseline 0.007 -17"><span class='ocrx_word' id='word_1_434' title='bbox 405 3170 587 3224; x_wconf 91' lang='lat' dir='ltr'><strong>tiones</strong></span> <span class='ocrx_word' id='word_1_435' title='bbox 615 3178 745 3226; x_wconf 91' lang='lat' dir='ltr'><strong>sunt</strong></span> <span class='ocrx_word' id='word_1_436' title='bbox 773 3171 1046 3240; x_wconf 60' lang='lat' dir='ltr'><strong>dicende,</strong></span> <span class='ocrx_word' id='word_1_437' title='bbox 1080 3175 1504 3230; x_wconf 90' lang='lat' dir='ltr'><strong>renunciemus:</strong></span> <span class='ocrx_word' id='word_1_438' title='bbox 1547 3176 1634 3232; x_wconf 92' lang='lat' dir='ltr'><strong>his</strong></span> <span class='ocrx_word' id='word_1_439' title='bbox 1663 3177 1809 3233; x_wconf 88' lang='lat' dir='ltr'><strong>enim</strong></span> <span class='ocrx_word' id='word_1_440' title='bbox 1855 3178 2050 3234; x_wconf 82' lang='lat' dir='ltr'><strong>admis-</strong></span> 
     </span>
    </p>
   </div>
   <div class='ocr_carea' id='block_1_64' title="bbox 405 3257 2050 3336">
    <p class='ocr_par' dir='ltr' id='par_1_64' title="bbox 405 3257 2050 3336">
     <span class='ocr_line' id='line_1_64' title="bbox 405 3257 2050 3336; baseline 0.006 -23"><span class='ocrx_word' id='word_1_441' title='bbox 405 3258 502 3324; x_wconf 90' lang='lat' dir='ltr'><strong>sis,</strong></span> <span class='ocrx_word' id='word_1_442' title='bbox 538 3257 682 3315; x_wconf 89' lang='lat' dir='ltr'><strong>bona</strong></span> <span class='ocrx_word' id='word_1_443' title='bbox 721 3261 904 3316; x_wconf 91' lang='lat' dir='ltr'><strong>omnia</strong></span> <span class='ocrx_word' id='word_1_444' title='bbox 959 3261 1373 3318; x_wconf 90' lang='lat' dir='ltr'><strong>subvertuntur.</strong></span> <span class='ocrx_word' id='word_1_445' title='bbox 1433 3265 1640 3336; x_wconf 90' lang='lat' dir='ltr'><strong>Exigua</strong></span> <span class='ocrx_word' id='word_1_446' title='bbox 1678 3280 1845 3336; x_wconf 87' lang='lat' dir='ltr'><strong>porro</strong></span> <span class='ocrx_word' id='word_1_447' title='bbox 1903 3273 2050 3334; x_wconf 90' lang='lat' dir='ltr'><strong>sunt,</strong></span> 
     </span>
    </p>
   </div>
   <div class='ocr_carea' id='block_1_65' title="bbox 402 3347 2052 3426">
    <p class='ocr_par' dir='ltr' id='par_1_65' title="bbox 402 3347 2052 3426">
     <span class='ocr_line' id='line_1_65' title="bbox 402 3347 2052 3426; baseline 0.006 -24"><span class='ocrx_word' id='word_1_448' title='bbox 402 3361 526 3418; x_wconf 74' lang='lat' dir='ltr'><strong>qua:</strong></span> <span class='ocrx_word' id='word_1_449' title='bbox 557 3347 614 3403; x_wconf 93' lang='lat' dir='ltr'><strong>in</strong></span> <span class='ocrx_word' id='word_1_450' title='bbox 645 3349 870 3405; x_wconf 89' lang='lat' dir='ltr'><strong>tutelam</strong></span> <span class='ocrx_word' id='word_1_451' title='bbox 899 3350 1139 3407; x_wconf 90' lang='lat' dir='ltr'><strong>hominis</strong></span> <span class='ocrx_word' id='word_1_452' title='bbox 1169 3353 1482 3408; x_wconf 90' lang='lat' dir='ltr'><strong>necessaria</strong></span> <span class='ocrx_word' id='word_1_453' title='bbox 1526 3360 1675 3423; x_wconf 90' lang='lat' dir='ltr'><strong>sunt,</strong></span> <span class='ocrx_word' id='word_1_454' title='bbox 1727 3371 1850 3426; x_wconf 72' lang='lat' dir='ltr'><strong>quae</strong></span> <span class='ocrx_word' id='word_1_455' title='bbox 1899 3356 2052 3412; x_wconf 91' lang='lat' dir='ltr'><strong>desi-</strong></span> 
     </span>
    </p>
   </div>
   <div class='ocr_carea' id='block_1_66' title="bbox 401 3437 2052 3517">
    <p class='ocr_par' dir='ltr' id='par_1_66' title="bbox 401 3437 2052 3517">
     <span class='ocr_line' id='line_1_66' title="bbox 401 3437 2052 3517; baseline 0.007 -26"><span class='ocrx_word' id='word_1_456' title='bbox 401 3437 572 3494; x_wconf 91' lang='lat' dir='ltr'><strong>deriis</strong></span> <span class='ocrx_word' id='word_1_457' title='bbox 600 3439 852 3510; x_wconf 91' lang='lat' dir='ltr'><strong>corporis</strong></span> <span class='ocrx_word' id='word_1_458' title='bbox 880 3440 1014 3496; x_wconf 90' lang='lat' dir='ltr'><strong>satis</strong></span> <span class='ocrx_word' id='word_1_459' title='bbox 1042 3439 1223 3497; x_wconf 90' lang='lat' dir='ltr'><strong>facere</strong></span> <span class='ocrx_word' id='word_1_460' title='bbox 1253 3447 1485 3512; x_wconf 87' lang='lat' dir='ltr'><strong>possunt</strong></span> <span class='ocrx_word' id='word_1_461' title='bbox 1512 3463 1524 3498; x_wconf 95' lang='lat'><strong>:</strong></span> <span class='ocrx_word' id='word_1_462' title='bbox 1557 3442 1706 3501; x_wconf 86' lang='lat' dir='ltr'><strong>facili</strong></span> <span class='ocrx_word' id='word_1_463' title='bbox 1736 3451 2052 3517; x_wconf 90' lang='lat' dir='ltr'><strong>tegumento</strong></span> 
     </span>
    </p>
   </div>
   <div class='ocr_carea' id='block_1_67' title="bbox 401 3527 2054 3601">
    <p class='ocr_par' dir='ltr' id='par_1_67' title="bbox 401 3527 2054 3601">
     <span class='ocr_line' id='line_1_67' title="bbox 401 3527 2054 3601; baseline 0.006 -18"><span class='ocrx_word' id='word_1_464' title='bbox 401 3527 758 3585; x_wconf 89' lang='lat' dir='ltr'><strong>submovetur</strong></span> <span class='ocrx_word' id='word_1_465' title='bbox 785 3529 980 3601; x_wconf 88' lang='lat' dir='ltr'><strong>frigus,</strong></span> <span class='ocrx_word' id='word_1_466' title='bbox 1022 3531 1298 3587; x_wconf 89' lang='lat' dir='ltr'><strong>alimentis</strong></span> <span class='ocrx_word' id='word_1_467' title='bbox 1345 3532 1578 3590; x_wconf 91' lang='lat' dir='ltr'><strong>modicis</strong></span> <span class='ocrx_word' id='word_1_468' title='bbox 1623 3534 1792 3592; x_wconf 90' lang='lat' dir='ltr'><strong>fames</strong></span> <span class='ocrx_word' id='word_1_469' title='bbox 1830 3536 2054 3593; x_wconf 91' lang='lat' dir='ltr'><strong>sedatur</strong></span> 
     </span>
    </p>
   </div>
   <div class='ocr_carea' id='block_1_68' title="bbox 401 3619 2053 3697">
    <p class='ocr_par' dir='ltr' id='par_1_68' title="bbox 401 3619 2053 3697">
     <span class='ocr_line' id='line_1_68' title="bbox 401 3619 2053 3697; baseline 0.007 -25"><span class='ocrx_word' id='word_1_470' title='bbox 401 3624 456 3673; x_wconf 89' lang='lat' dir='ltr'><strong>et</strong></span> <span class='ocrx_word' id='word_1_471' title='bbox 484 3619 640 3676; x_wconf 92' lang='lat' dir='ltr'><strong>sitis:</strong></span> <span class='ocrx_word' id='word_1_472' title='bbox 683 3633 796 3676; x_wconf 92' lang='lat' dir='ltr'><strong>non</strong></span> <span class='ocrx_word' id='word_1_473' title='bbox 826 3627 910 3676; x_wconf 86' lang='lat' dir='ltr'><strong>est</strong></span> <span class='ocrx_word' id='word_1_474' title='bbox 939 3621 1087 3691; x_wconf 93' lang='lat' dir='ltr'><strong>quod</strong></span> <span class='ocrx_word' id='word_1_475' title='bbox 1118 3629 1367 3678; x_wconf 90' lang='lat' dir='ltr'><strong>naturam</strong></span> <span class='ocrx_word' id='word_1_476' title='bbox 1397 3637 1645 3692; x_wconf 88' lang='lat' dir='ltr'><strong>accuses,</strong></span> <span class='ocrx_word' id='word_1_477' title='bbox 1681 3627 1883 3695; x_wconf 89' lang='lat' dir='ltr'><strong>passim</strong></span> <span class='ocrx_word' id='word_1_478' title='bbox 1914 3641 2053 3697; x_wconf 92' lang='lat' dir='ltr'><strong>quo-</strong></span> 
     </span>
    </p>
   </div>
   <div class='ocr_carea' id='block_1_69' title="bbox 398 3710 2047 3786">
    <p class='ocr_par' dir='ltr' id='par_1_69' title="bbox 398 3710 2047 3786">
     <span class='ocr_line' id='line_1_69' title="bbox 398 3710 2047 3786; baseline 0.005 -22"><span class='ocrx_word' id='word_1_479' title='bbox 398 3723 506 3779; x_wconf 88' lang='lat' dir='ltr'><strong>que</strong></span> <span class='ocrx_word' id='word_1_480' title='bbox 533 3715 590 3765; x_wconf 92' lang='lat' dir='ltr'><strong>et</strong></span> <span class='ocrx_word' id='word_1_481' title='bbox 625 3710 882 3766; x_wconf 91' lang='lat' dir='ltr'><strong>omnibus</strong></span> <span class='ocrx_word' id='word_1_482' title='bbox 909 3710 1048 3767; x_wconf 90' lang='lat' dir='ltr'><strong>locis</strong></span> <span class='ocrx_word' id='word_1_483' title='bbox 1071 3713 1278 3782; x_wconf 89' lang='lat' dir='ltr'><strong>jacent,</strong></span> <span class='ocrx_word' id='word_1_484' title='bbox 1312 3713 1514 3783; x_wconf 91' lang='lat' dir='ltr'><strong>quibus</strong></span> <span class='ocrx_word' id='word_1_485' title='bbox 1545 3720 1596 3768; x_wconf 91' lang='lat' dir='ltr'><strong>te</strong></span> <span class='ocrx_word' id='word_1_486' title='bbox 1628 3715 1838 3771; x_wconf 90' lang='lat' dir='ltr'><strong>nutrire</strong></span> <span class='ocrx_word' id='word_1_487' title='bbox 1869 3723 2047 3786; x_wconf 91' lang='lat' dir='ltr'><strong>potes.</strong></span> 
     </span>
    </p>
   </div>
   <div class='ocr_carea' id='block_1_70' title="bbox 396 3798 2051 3872">
    <p class='ocr_par' dir='ltr' id='par_1_70' title="bbox 396 3798 2051 3872">
     <span class='ocr_line' id='line_1_70' title="bbox 396 3798 2051 3872; baseline 0.005 -19"><span class='ocrx_word' id='word_1_488' title='bbox 396 3798 536 3866; x_wconf 85' lang='lat' dir='ltr'><strong>Quid</strong></span> <span class='ocrx_word' id='word_1_489' title='bbox 576 3799 815 3870; x_wconf 91' lang='lat' dir='ltr'><strong>denique</strong></span> <span class='ocrx_word' id='word_1_490' title='bbox 856 3806 948 3856; x_wconf 90' lang='lat' dir='ltr'><strong>tua</strong></span> <span class='ocrx_word' id='word_1_491' title='bbox 977 3800 1250 3870; x_wconf 90' lang='lat' dir='ltr'><strong>intererit,</strong></span> <span class='ocrx_word' id='word_1_492' title='bbox 1284 3802 1329 3856; x_wconf 94' lang='lat' dir='ltr'><strong>si</strong></span> <span class='ocrx_word' id='word_1_493' title='bbox 1362 3803 1652 3872; x_wconf 90' lang='lat' dir='ltr'><strong>exquisitis</strong></span> <span class='ocrx_word' id='word_1_494' title='bbox 1681 3805 1893 3861; x_wconf 89' lang='lat' dir='ltr'><strong>artibus</strong></span> <span class='ocrx_word' id='word_1_495' title='bbox 1925 3821 2051 3862; x_wconf 92' lang='lat' dir='ltr'><strong>ven-</strong></span> 
     </span>
    </p>
   </div>
   <div class='ocr_carea' id='block_1_71' title="bbox 396 3889 2051 3965">
    <p class='ocr_par' dir='ltr' id='par_1_71' title="bbox 396 3889 2051 3965">
     <span class='ocr_line' id='line_1_71' title="bbox 396 3889 2051 3965; baseline 0.007 -23"><span class='ocrx_word' id='word_1_496' title='bbox 396 3889 468 3943; x_wconf 88' lang='lat' dir='ltr'><strong>tri</strong></span> <span class='ocrx_word' id='word_1_497' title='bbox 507 3889 777 3945; x_wconf 89' lang='lat' dir='ltr'><strong>serviatur</strong></span> <span class='ocrx_word' id='word_1_498' title='bbox 814 3896 869 3946; x_wconf 95' lang='lat' dir='ltr'><strong>et</strong></span> <span class='ocrx_word' id='word_1_499' title='bbox 905 3891 1032 3962; x_wconf 88' lang='lat' dir='ltr'><strong>gula</strong></span> <span class='ocrx_word' id='word_1_500' title='bbox 1064 3892 1334 3959; x_wconf 89' lang='lat' dir='ltr'><strong>irritetur,</strong></span> <span class='ocrx_word' id='word_1_501' title='bbox 1369 3894 1687 3949; x_wconf 81' lang='lat' dir='ltr'><strong>stomachus</strong></span> <span class='ocrx_word' id='word_1_502' title='bbox 1719 3896 2051 3965; x_wconf 87' lang='lat' dir='ltr'><strong>impleatur?</strong></span> 
     </span>
    </p>
   </div>
   <div class='ocr_carea' id='block_1_72' title="bbox 397 3978 2050 4055">
    <p class='ocr_par' dir='ltr' id='par_1_72' title="bbox 397 3978 2050 4055">
     <span class='ocr_line' id='line_1_72' title="bbox 397 3978 2050 4055; baseline 0.005 -23"><span class='ocrx_word' id='word_1_503' title='bbox 397 3991 509 4032; x_wconf 93' lang='lat' dir='ltr'><strong>non</strong></span> <span class='ocrx_word' id='word_1_504' title='bbox 549 3978 643 4034; x_wconf 92' lang='lat' dir='ltr'><strong>diu</strong></span> <span class='ocrx_word' id='word_1_505' title='bbox 683 3979 787 4035; x_wconf 91' lang='lat' dir='ltr'><strong>ista</strong></span> <span class='ocrx_word' id='word_1_506' title='bbox 835 3981 984 4036; x_wconf 83' lang='lat' dir='ltr'><strong>fient.</strong></span> <span class='ocrx_word' id='word_1_507' title='bbox 1037 3981 1442 4052; x_wconf 88' lang='lat' dir='ltr'><strong>llospitabundi</strong></span> <span class='ocrx_word' id='word_1_508' title='bbox 1499 3983 1609 4050; x_wconf 89' lang='lat' dir='ltr'><strong>hic,</strong></span> <span class='ocrx_word' id='word_1_509' title='bbox 1652 3982 1762 4040; x_wconf 91' lang='lat' dir='ltr'><strong>imo</strong></span> <span class='ocrx_word' id='word_1_510' title='bbox 1802 3984 2050 4055; x_wconf 91' lang='lat' dir='ltr'><strong>hospites</strong></span> 
     </span>
    </p>
   </div>
   <div class='ocr_carea' id='block_1_73' title="bbox 398 4069 2049 4146">
    <p class='ocr_par' dir='ltr' id='par_1_73' title="bbox 398 4069 2049 4146">
     <span class='ocr_line' id='line_1_73' title="bbox 398 4069 2049 4146; baseline 0.007 -25"><span class='ocrx_word' id='word_1_511' title='bbox 398 4081 624 4133; x_wconf 90' lang='lat' dir='ltr'><strong>sumus;</strong></span> <span class='ocrx_word' id='word_1_512' title='bbox 669 4069 726 4123; x_wconf 92' lang='lat' dir='ltr'><strong>in</strong></span> <span class='ocrx_word' id='word_1_513' title='bbox 756 4069 937 4126; x_wconf 91' lang='lat' dir='ltr'><strong>alieno</strong></span> <span class='ocrx_word' id='word_1_514' title='bbox 985 4085 1287 4127; x_wconf 91' lang='lat' dir='ltr'><strong>manemus.</strong></span> <span class='ocrx_word' id='word_1_515' title='bbox 1338 4073 1431 4128; x_wconf 88' lang='lat' dir='ltr'><strong>Vis</strong></span> <span class='ocrx_word' id='word_1_516' title='bbox 1468 4073 1726 4143; x_wconf 89' lang='lat' dir='ltr'><strong>probare.</strong></span> <span class='ocrx_word' id='word_1_517' title='bbox 1781 4076 2049 4146; x_wconf 88' lang='lat' dir='ltr'><strong>Exspecta</strong></span> 
     </span>
    </p>
   </div>
   <div class='ocr_carea' id='block_1_74' title="bbox 396 4157 2046 4229">
    <p class='ocr_par' dir='ltr' id='par_1_74' title="bbox 396 4157 2046 4229">
     <span class='ocr_line' id='line_1_74' title="bbox 396 4157 2046 4229; baseline 0.006 -19"><span class='ocrx_word' id='word_1_518' title='bbox 396 4170 608 4226; x_wconf 85' lang='lat' dir='ltr'><strong>parum,</strong></span> <span class='ocrx_word' id='word_1_519' title='bbox 651 4163 706 4212; x_wconf 92' lang='lat' dir='ltr'><strong>et</strong></span> <span class='ocrx_word' id='word_1_520' title='bbox 743 4162 897 4226; x_wconf 89' lang='lat' dir='ltr'><strong>parte</strong></span> <span class='ocrx_word' id='word_1_521' title='bbox 929 4157 1156 4212; x_wconf 68' lang='lat' dir='ltr'><strong>luxuria:</strong></span> <span class='ocrx_word' id='word_1_522' title='bbox 1190 4168 1244 4213; x_wconf 92' lang='lat' dir='ltr'><strong>et</strong></span> <span class='ocrx_word' id='word_1_523' title='bbox 1274 4160 1460 4214; x_wconf 91' lang='lat' dir='ltr'><strong>dilecti</strong></span> <span class='ocrx_word' id='word_1_524' title='bbox 1492 4162 1712 4229; x_wconf 88' lang='lat' dir='ltr'><strong>penitus</strong></span> <span class='ocrx_word' id='word_1_525' title='bbox 1751 4163 2046 4220; x_wconf 88' lang='lat' dir='ltr'><strong>oblivisce-</strong></span> 
     </span>
    </p>
   </div>
   <div class='ocr_carea' id='block_1_75' title="bbox 396 4240 2048 4322">
    <p class='ocr_par' dir='ltr' id='par_1_75' title="bbox 396 4240 2048 4322">
     <span class='ocr_line' id='line_1_75' title="bbox 396 4240 2048 4322; baseline 0.005 -21"><span class='ocrx_word' id='word_1_526' title='bbox 396 4240 745 4322; x_wconf 68' lang='lat' dir='ltr'><strong>ris&#39;hospitii.</strong></span> <span class='ocrx_word' id='word_1_527' title='bbox 778 4247 1128 4318; x_wconf 87' lang='lat' dir='ltr'><strong>Corrigamus</strong></span> <span class='ocrx_word' id='word_1_528' title='bbox 1168 4253 1366 4315; x_wconf 88' lang='lat' dir='ltr'><strong>errata,</strong></span> <span class='ocrx_word' id='word_1_529' title='bbox 1403 4249 1605 4318; x_wconf 90' lang='lat' dir='ltr'><strong>quibus</strong></span> <span class='ocrx_word' id='word_1_530' title='bbox 1647 4252 1782 4306; x_wconf 91' lang='lat' dir='ltr'><strong>satis</strong></span> <span class='ocrx_word' id='word_1_531' title='bbox 1819 4253 2048 4310; x_wconf 90' lang='lat' dir='ltr'><strong>indulsi-</strong></span> 
     </span>
    </p>
   </div>
   <div class='ocr_carea' id='block_1_76' title="bbox 394 4336 2045 4414">
    <p class='ocr_par' dir='ltr' id='par_1_76' title="bbox 394 4336 2045 4414">
     <span class='ocr_line' id='line_1_76' title="bbox 394 4336 2045 4414; baseline 0.005 -23"><span class='ocrx_word' id='word_1_532' title='bbox 394 4341 516 4404; x_wconf 88' lang='lat' dir='ltr'><strong>mus</strong></span> <span class='ocrx_word' id='word_1_533' title='bbox 549 4357 560 4390; x_wconf 94' lang='lat'><strong>:</strong></span> <span class='ocrx_word' id='word_1_534' title='bbox 592 4337 882 4392; x_wconf 90' lang='lat' dir='ltr'><strong>redeamus</strong></span> <span class='ocrx_word' id='word_1_535' title='bbox 932 4337 1000 4392; x_wconf 92' lang='lat' dir='ltr'><strong>ad</strong></span> <span class='ocrx_word' id='word_1_536' title='bbox 1051 4336 1278 4393; x_wconf 90' lang='lat' dir='ltr'><strong>limitem</strong></span> <span class='ocrx_word' id='word_1_537' title='bbox 1318 4344 1566 4394; x_wconf 87' lang='lat' dir='ltr'><strong>nostrum</strong></span> <span class='ocrx_word' id='word_1_538' title='bbox 1613 4340 1908 4410; x_wconf 88' lang='lat' dir='ltr'><strong>Christum,</strong></span> <span class='ocrx_word' id='word_1_539' title='bbox 1951 4345 2045 4414; x_wconf 91' lang='lat' dir='ltr'><strong>qui</strong></span> 
     </span>
    </p>
   </div>
   <div class='ocr_carea' id='block_1_77' title="bbox 2141 3169 3776 3240">
    <p class='ocr_par' dir='ltr' id='par_1_77' title="bbox 2141 3169 3776 3240">
     <span class='ocr_line' id='line_1_77' title="bbox 2141 3169 3776 3240; baseline 0.007 -18"><span class='ocrx_word' id='word_1_540' title='bbox 2141 3173 2288 3238; x_wconf 89' lang='lat' dir='ltr'><strong>ptem</strong></span> <span class='ocrx_word' id='word_1_541' title='bbox 2353 3169 2609 3224; x_wconf 89' lang='lat' dir='ltr'><strong>nimirum</strong></span> <span class='ocrx_word' id='word_1_542' title='bbox 2666 3169 2970 3235; x_wconf 84' lang='lat' dir='ltr'><strong>Antistites,</strong></span> <span class='ocrx_word' id='word_1_543' title='bbox 3031 3172 3188 3240; x_wconf 91' lang='lat' dir='ltr'><strong>quasi</strong></span> <span class='ocrx_word' id='word_1_544' title='bbox 3248 3175 3484 3230; x_wconf 83' lang='lat' dir='ltr'><strong>artifices</strong></span> <span class='ocrx_word' id='word_1_545' title='bbox 3540 3183 3593 3232; x_wconf 87' lang='lat' dir='ltr'><strong>et</strong></span> <span class='ocrx_word' id='word_1_546' title='bbox 3651 3179 3776 3234; x_wconf 67' lang='lat' dir='ltr'><strong>vita:</strong></span> 
     </span>
    </p>
   </div>
   <div class='ocr_carea' id='block_1_78' title="bbox 2135 3257 3775 3326">
    <p class='ocr_par' dir='ltr' id='par_1_78' title="bbox 2135 3257 3775 3326">
     <span class='ocr_line' id='line_1_78' title="bbox 2135 3257 3775 3326; baseline 0.006 -15"><span class='ocrx_word' id='word_1_547' title='bbox 2135 3257 2387 3314; x_wconf 63' lang='lat' dir='ltr'><strong>humanae</strong></span> <span class='ocrx_word' id='word_1_548' title='bbox 2419 3258 2678 3314; x_wconf 91' lang='lat' dir='ltr'><strong>custodes</strong></span> <span class='ocrx_word' id='word_1_549' title='bbox 2710 3259 2809 3326; x_wconf 92' lang='lat' dir='ltr'><strong>(sic</strong></span> <span class='ocrx_word' id='word_1_550' title='bbox 2840 3259 2985 3314; x_wconf 89' lang='lat' dir='ltr'><strong>enim</strong></span> <span class='ocrx_word' id='word_1_551' title='bbox 3017 3260 3247 3317; x_wconf 88' lang='lat' dir='ltr'><strong>decebat</strong></span> <span class='ocrx_word' id='word_1_552' title='bbox 3276 3270 3332 3318; x_wconf 86' lang='lat' dir='ltr'><strong>ut</strong></span> <span class='ocrx_word' id='word_1_553' title='bbox 3369 3278 3521 3319; x_wconf 90' lang='lat' dir='ltr'><strong>suum</strong></span> <span class='ocrx_word' id='word_1_554' title='bbox 3560 3266 3775 3321; x_wconf 89' lang='lat' dir='ltr'><strong>habita-</strong></span> 
     </span>
    </p>
   </div>
   <div class='ocr_carea' id='block_1_79' title="bbox 2135 3348 3777 3416">
    <p class='ocr_par' dir='ltr' id='par_1_79' title="bbox 2135 3348 3777 3416">
     <span class='ocr_line' id='line_1_79' title="bbox 2135 3348 3777 3416; baseline 0.006 -14"><span class='ocrx_word' id='word_1_555' title='bbox 2135 3354 2307 3403; x_wconf 90' lang='lat' dir='ltr'><strong>torem</strong></span> <span class='ocrx_word' id='word_1_556' title='bbox 2371 3348 2694 3416; x_wconf 88' lang='lat' dir='ltr'><strong>Paraclitus,</strong></span> <span class='ocrx_word' id='word_1_557' title='bbox 2763 3348 3035 3405; x_wconf 89' lang='lat' dir='ltr'><strong>donorum</strong></span> <span class='ocrx_word' id='word_1_558' title='bbox 3074 3364 3288 3406; x_wconf 89' lang='lat' dir='ltr'><strong>suorum</strong></span> <span class='ocrx_word' id='word_1_559' title='bbox 3345 3367 3404 3407; x_wconf 91' lang='lat' dir='ltr'><strong>re</strong></span> <span class='ocrx_word' id='word_1_560' title='bbox 3443 3361 3497 3408; x_wconf 91' lang='lat' dir='ltr'><strong>et</strong></span> <span class='ocrx_word' id='word_1_561' title='bbox 3542 3368 3777 3412; x_wconf 89' lang='lat' dir='ltr'><strong>numero</strong></span> 
     </span>
    </p>
   </div>
   <div class='ocr_carea' id='block_1_80' title="bbox 2134 3438 3776 3514">
    <p class='ocr_par' dir='ltr' id='par_1_80' title="bbox 2134 3438 3776 3514">
     <span class='ocr_line' id='line_1_80' title="bbox 2134 3438 3776 3514; baseline 0.005 -21"><span class='ocrx_word' id='word_1_562' title='bbox 2134 3442 2437 3506; x_wconf 88' lang='lat' dir='ltr'><strong>potentem,</strong></span> <span class='ocrx_word' id='word_1_563' title='bbox 2471 3438 2805 3508; x_wconf 90' lang='lat' dir='ltr'><strong>ostenderet)</strong></span> <span class='ocrx_word' id='word_1_564' title='bbox 2837 3438 2958 3510; x_wconf 85' lang='lat' dir='ltr'><strong>lege</strong></span> <span class='ocrx_word' id='word_1_565' title='bbox 2987 3439 3358 3511; x_wconf 88' lang='lat' dir='ltr'><strong>magistrante,</strong></span> <span class='ocrx_word' id='word_1_566' title='bbox 3392 3445 3776 3514; x_wconf 85' lang='lat' dir='ltr'><strong>consecravit;</strong></span> 
     </span>
    </p>
   </div>
   <div class='ocr_carea' id='block_1_81' title="bbox 2133 3527 3779 3598">
    <p class='ocr_par' dir='ltr' id='par_1_81' title="bbox 2133 3527 3779 3598">
     <span class='ocr_line' id='line_1_81' title="bbox 2133 3527 3779 3598; baseline 0.005 -16"><span class='ocrx_word' id='word_1_567' title='bbox 2133 3527 2333 3597; x_wconf 90' lang='lat' dir='ltr'><strong>quibus</strong></span> <span class='ocrx_word' id='word_1_568' title='bbox 2354 3528 2731 3598; x_wconf 89' lang='lat' dir='ltr'><strong>pectusculum</strong></span> <span class='ocrx_word' id='word_1_569' title='bbox 2763 3535 2817 3583; x_wconf 94' lang='lat' dir='ltr'><strong>et</strong></span> <span class='ocrx_word' id='word_1_570' title='bbox 2846 3529 3212 3598; x_wconf 90' lang='lat' dir='ltr'><strong>separationis</strong></span> <span class='ocrx_word' id='word_1_571' title='bbox 3259 3529 3547 3588; x_wconf 89' lang='lat' dir='ltr'><strong>brachium</strong></span> <span class='ocrx_word' id='word_1_572' title='bbox 3585 3533 3779 3591; x_wconf 87' lang='lat' dir='ltr'><strong>dexte-</strong></span> 
     </span>
    </p>
   </div>
   <div class='ocr_carea' id='block_1_82' title="bbox 2133 3618 3779 3689">
    <p class='ocr_par' dir='ltr' id='par_1_82' title="bbox 2133 3618 3779 3689">
     <span class='ocr_line' id='line_1_82' title="bbox 2133 3618 3779 3689; baseline 0.005 -17"><span class='ocrx_word' id='word_1_573' title='bbox 2133 3631 2252 3672; x_wconf 91' lang='lat' dir='ltr'><strong>rum</strong></span> <span class='ocrx_word' id='word_1_574' title='bbox 2291 3618 2623 3689; x_wconf 89' lang='lat' dir='ltr'><strong>obtingeret,</strong></span> <span class='ocrx_word' id='word_1_575' title='bbox 2658 3623 2717 3673; x_wconf 92' lang='lat' dir='ltr'><strong>ut</strong></span> <span class='ocrx_word' id='word_1_576' title='bbox 2749 3618 3067 3674; x_wconf 89' lang='lat' dir='ltr'><strong>sacerdotes</strong></span> <span class='ocrx_word' id='word_1_577' title='bbox 3113 3627 3335 3687; x_wconf 90' lang='lat' dir='ltr'><strong>essent,</strong></span> <span class='ocrx_word' id='word_1_578' title='bbox 3369 3627 3429 3677; x_wconf 93' lang='lat' dir='ltr'><strong>ut</strong></span> <span class='ocrx_word' id='word_1_579' title='bbox 3476 3622 3542 3677; x_wconf 90' lang='lat' dir='ltr'><strong>ad</strong></span> <span class='ocrx_word' id='word_1_580' title='bbox 3592 3625 3779 3680; x_wconf 90' lang='lat' dir='ltr'><strong>Domi-</strong></span> 
     </span>
    </p>
   </div>
   <div class='ocr_carea' id='block_1_83' title="bbox 2132 3708 3780 3775">
    <p class='ocr_par' dir='ltr' id='par_1_83' title="bbox 2132 3708 3780 3775">
     <span class='ocr_line' id='line_1_83' title="bbox 2132 3708 3780 3775; baseline 0.005 -13"><span class='ocrx_word' id='word_1_581' title='bbox 2132 3708 2316 3763; x_wconf 88' lang='lat' dir='ltr'><strong>nicum</strong></span> <span class='ocrx_word' id='word_1_582' title='bbox 2369 3709 2541 3763; x_wconf 90' lang='lat' dir='ltr'><strong>altare</strong></span> <span class='ocrx_word' id='word_1_583' title='bbox 2599 3708 2982 3775; x_wconf 89' lang='lat' dir='ltr'><strong>ascenderent,</strong></span> <span class='ocrx_word' id='word_1_584' title='bbox 3042 3713 3101 3763; x_wconf 94' lang='lat' dir='ltr'><strong>ut</strong></span> <span class='ocrx_word' id='word_1_585' title='bbox 3157 3709 3487 3767; x_wconf 83' lang='lat' dir='ltr'><strong>sacrificium</strong></span> <span class='ocrx_word' id='word_1_586' title='bbox 3544 3713 3780 3770; x_wconf 86' lang='lat' dir='ltr'><strong>salutare</strong></span> 
     </span>
    </p>
   </div>
   <div class='ocr_carea' id='block_1_84' title="bbox 2133 3797 3776 3873">
    <p class='ocr_par' dir='ltr' id='par_1_84' title="bbox 2133 3797 3776 3873">
     <span class='ocr_line' id='line_1_84' title="bbox 2133 3797 3776 3873; baseline 0.004 -21"><span class='ocrx_word' id='word_1_587' title='bbox 2133 3797 2430 3853; x_wconf 76' lang='lat' dir='ltr'><strong>offerrent:</strong></span> <span class='ocrx_word' id='word_1_588' title='bbox 2465 3798 2559 3868; x_wconf 93' lang='lat' dir='ltr'><strong>qui</strong></span> <span class='ocrx_word' id='word_1_589' title='bbox 2590 3804 2772 3853; x_wconf 90' lang='lat' dir='ltr'><strong>essent</strong></span> <span class='ocrx_word' id='word_1_590' title='bbox 2805 3797 2952 3867; x_wconf 89' lang='lat' dir='ltr'><strong>pleni</strong></span> <span class='ocrx_word' id='word_1_591' title='bbox 2991 3798 3245 3864; x_wconf 89' lang='lat' dir='ltr'><strong>scientia,</strong></span> <span class='ocrx_word' id='word_1_592' title='bbox 3281 3799 3428 3868; x_wconf 91' lang='lat' dir='ltr'><strong>pleni</strong></span> <span class='ocrx_word' id='word_1_593' title='bbox 3471 3801 3776 3873; x_wconf 87' lang='lat' dir='ltr'><strong>diligentia,</strong></span> 
     </span>
    </p>
   </div>
   <div class='ocr_carea' id='block_1_85' title="bbox 2131 3886 3778 3958">
    <p class='ocr_par' dir='ltr' id='par_1_85' title="bbox 2131 3886 3778 3958">
     <span class='ocr_line' id='line_1_85' title="bbox 2131 3886 3778 3958; baseline 0.004 -18"><span class='ocrx_word' id='word_1_594' title='bbox 2131 3887 2280 3956; x_wconf 91' lang='lat' dir='ltr'><strong>pleni</strong></span> <span class='ocrx_word' id='word_1_595' title='bbox 2320 3886 2716 3958; x_wconf 90' lang='lat' dir='ltr'><strong>magnitudine,</strong></span> <span class='ocrx_word' id='word_1_596' title='bbox 2751 3887 2900 3956; x_wconf 91' lang='lat' dir='ltr'><strong>pleni</strong></span> <span class='ocrx_word' id='word_1_597' title='bbox 2939 3886 3064 3953; x_wconf 82' lang='lat' dir='ltr'><strong>fide,</strong></span> <span class='ocrx_word' id='word_1_598' title='bbox 3109 3887 3258 3956; x_wconf 91' lang='lat' dir='ltr'><strong>pleni</strong></span> <span class='ocrx_word' id='word_1_599' title='bbox 3299 3891 3450 3946; x_wconf 88' lang='lat' dir='ltr'><strong>omni</strong></span> <span class='ocrx_word' id='word_1_600' title='bbox 3489 3891 3671 3946; x_wconf 89' lang='lat' dir='ltr'><strong>divina</strong></span> <span class='ocrx_word' id='word_1_601' title='bbox 3701 3893 3778 3948; x_wconf 89' lang='lat' dir='ltr'><strong>in-</strong></span> 
     </span>
    </p>
   </div>
   <div class='ocr_carea' id='block_1_86' title="bbox 2131 3976 3778 4047">
    <p class='ocr_par' dir='ltr' id='par_1_86' title="bbox 2131 3976 3778 4047">
     <span class='ocr_line' id='line_1_86' title="bbox 2131 3976 3778 4047; baseline 0.004 -16"><span class='ocrx_word' id='word_1_602' title='bbox 2131 3976 2452 4047; x_wconf 90' lang='lat' dir='ltr'><strong>telligentia,</strong></span> <span class='ocrx_word' id='word_1_603' title='bbox 2516 3977 2625 4032; x_wconf 91' lang='lat' dir='ltr'><strong>imo</strong></span> <span class='ocrx_word' id='word_1_604' title='bbox 2686 3976 2834 4046; x_wconf 87' lang='lat' dir='ltr'><strong>pleni</strong></span> <span class='ocrx_word' id='word_1_605' title='bbox 2891 3977 3132 4032; x_wconf 90' lang='lat' dir='ltr'><strong>omnium</strong></span> <span class='ocrx_word' id='word_1_606' title='bbox 3187 3979 3450 4035; x_wconf 87' lang='lat' dir='ltr'><strong>virtutum</strong></span> <span class='ocrx_word' id='word_1_607' title='bbox 3502 3983 3616 4036; x_wconf 90' lang='lat' dir='ltr'><strong>Dei.</strong></span> <span class='ocrx_word' id='word_1_608' title='bbox 3668 3984 3778 4038; x_wconf 84' lang='lat' dir='ltr'><strong>llos</strong></span> 
     </span>
    </p>
   </div>
   <div class='ocr_carea' id='block_1_87' title="bbox 2129 4065 3773 4136">
    <p class='ocr_par' dir='ltr' id='par_1_87' title="bbox 2129 4065 3773 4136">
     <span class='ocr_line' id='line_1_87' title="bbox 2129 4065 3773 4136; baseline 0.004 -16"><span class='ocrx_word' id='word_1_609' title='bbox 2129 4066 2368 4136; x_wconf 91' lang='lat' dir='ltr'><strong>denique</strong></span> <span class='ocrx_word' id='word_1_610' title='bbox 2401 4065 2870 4135; x_wconf 88' lang='lat' dir='ltr'><strong>opportunissimo</strong></span> <span class='ocrx_word' id='word_1_611' title='bbox 2911 4081 3135 4122; x_wconf 90' lang='lat' dir='ltr'><strong>munere</strong></span> <span class='ocrx_word' id='word_1_612' title='bbox 3166 4067 3244 4122; x_wconf 67' lang='lat' dir='ltr'><strong>ad‘</strong></span> <span class='ocrx_word' id='word_1_613' title='bbox 3275 4069 3604 4126; x_wconf 91' lang='lat' dir='ltr'><strong>audiendum</strong></span> <span class='ocrx_word' id='word_1_614' title='bbox 3650 4087 3773 4126; x_wconf 88' lang='lat' dir='ltr'><strong>cau-</strong></span> 
     </span>
    </p>
   </div>
   <div class='ocr_carea' id='block_1_88' title="bbox 2129 4150 3764 4228">
    <p class='ocr_par' dir='ltr' id='par_1_88' title="bbox 2129 4150 3764 4228">
     <span class='ocr_line' id='line_1_88' title="bbox 2129 4150 3764 4228; baseline 0.003 -18"><span class='ocrx_word' id='word_1_615' title='bbox 2129 4171 2218 4211; x_wconf 92' lang='lat' dir='ltr'><strong>sas</strong></span> <span class='ocrx_word' id='word_1_616' title='bbox 2249 4157 2303 4211; x_wconf 91' lang='lat' dir='ltr'><strong>in</strong></span> <span class='ocrx_word' id='word_1_617' title='bbox 2337 4155 2533 4226; x_wconf 89' lang='lat' dir='ltr'><strong>judicii</strong></span> <span class='ocrx_word' id='word_1_618' title='bbox 2556 4171 2618 4212; x_wconf 90' lang='lat' dir='ltr'><strong>ac</strong></span> <span class='ocrx_word' id='word_1_619' title='bbox 2649 4150 3424 4226; x_wconf 87' lang='lat' dir='ltr'><strong>defensionispossessionem</strong></span> <span class='ocrx_word' id='word_1_620' title='bbox 3462 4162 3764 4228; x_wconf 87' lang='lat' dir='ltr'><strong>constituit,</strong></span> 
     </span>
    </p>
   </div>
   <div class='ocr_carea' id='block_1_89' title="bbox 2129 4245 3766 4317">
    <p class='ocr_par' dir='ltr' id='par_1_89' title="bbox 2129 4245 3766 4317">
     <span class='ocr_line' id='line_1_89' title="bbox 2129 4245 3766 4317; baseline 0.003 -17"><span class='ocrx_word' id='word_1_621' title='bbox 2129 4252 2189 4301; x_wconf 90' lang='lat' dir='ltr'><strong>ut</strong></span> <span class='ocrx_word' id='word_1_622' title='bbox 2215 4247 2268 4300; x_wconf 91' lang='lat' dir='ltr'><strong>in</strong></span> <span class='ocrx_word' id='word_1_623' title='bbox 2301 4246 2564 4314; x_wconf 87' lang='lat' dir='ltr'><strong>Ecclesia,</strong></span> <span class='ocrx_word' id='word_1_624' title='bbox 2594 4245 2862 4302; x_wconf 68' lang='lat' dir='ltr'><strong>doctrina:</strong></span> <span class='ocrx_word' id='word_1_625' title='bbox 2905 4247 3094 4315; x_wconf 88' lang='lat' dir='ltr'><strong>verbo,</strong></span> <span class='ocrx_word' id='word_1_626' title='bbox 3154 4247 3518 4304; x_wconf 89' lang='lat' dir='ltr'><strong>sollicitudine</strong></span> <span class='ocrx_word' id='word_1_627' title='bbox 3576 4249 3766 4317; x_wconf 89' lang='lat' dir='ltr'><strong>multa,</strong></span> 
     </span>
    </p>
   </div>
   <div class='ocr_carea' id='block_1_90' title="bbox 2128 4334 3775 4405">
    <p class='ocr_par' dir='ltr' id='par_1_90' title="bbox 2128 4334 3775 4405">
     <span class='ocr_line' id='line_1_90' title="bbox 2128 4334 3775 4405; baseline 0.004 -17"><span class='ocrx_word' id='word_1_628' title='bbox 2128 4334 2434 4404; x_wconf 88' lang='lat' dir='ltr'><strong>vigiliarum</strong></span> <span class='ocrx_word' id='word_1_629' title='bbox 2501 4336 2689 4391; x_wconf 91' lang='lat' dir='ltr'><strong>labore</strong></span> <span class='ocrx_word' id='word_1_630' title='bbox 2756 4336 3098 4405; x_wconf 88' lang='lat' dir='ltr'><strong>peccantium</strong></span> <span class='ocrx_word' id='word_1_631' title='bbox 3163 4337 3593 4394; x_wconf 87' lang='lat' dir='ltr'><strong>benevolentiam</strong></span> <span class='ocrx_word' id='word_1_632' title='bbox 3667 4340 3775 4396; x_wconf 90' lang='lat' dir='ltr'><strong>sibi</strong></span> 
     </span>
    </p>
   </div>
   <div class='ocr_carea' id='block_1_91' title="bbox 395 4410 3775 4500">
    <p class='ocr_par' dir='ltr' id='par_1_91' title="bbox 395 4410 3775 4500">
     <span class='ocr_line' id='line_1_91' title="bbox 395 4410 3775 4500; baseline 0.001 -18"><span class='ocrx_word' id='word_1_633' title='bbox 395 4436 496 4483; x_wconf 89' lang='lat' dir='ltr'><strong>nos</strong></span> <span class='ocrx_word' id='word_1_634' title='bbox 536 4442 719 4484; x_wconf 90' lang='lat' dir='ltr'><strong>errare</strong></span> <span class='ocrx_word' id='word_1_635' title='bbox 751 4442 861 4484; x_wconf 88' lang='lat' dir='ltr'><strong>non</strong></span> <span class='ocrx_word' id='word_1_636' title='bbox 895 4428 1169 4499; x_wconf 91' lang='lat' dir='ltr'><strong>patietur;</strong></span> <span class='ocrx_word' id='word_1_637' title='bbox 1221 4429 1278 4484; x_wconf 92' lang='lat' dir='ltr'><strong>in</strong></span> <span class='ocrx_word' id='word_1_638' title='bbox 1305 4443 1414 4499; x_wconf 92' lang='lat' dir='ltr'><strong>quo</strong></span> <span class='ocrx_word' id='word_1_639' title='bbox 1464 4431 1558 4500; x_wconf 91' lang='lat' dir='ltr'><strong>qui</strong></span> <span class='ocrx_word' id='word_1_640' title='bbox 1597 4430 1814 4487; x_wconf 75' lang='lat' dir='ltr'><strong>fortiter</strong></span> <span class='ocrx_word' id='word_1_641' title='bbox 1841 4410 2038 4490; x_wconf 44' lang='lat' dir='ltr'><strong>amb—u-</strong></span> <span class='ocrx_word' id='word_1_642' title='bbox 2064 4410 2530 4492; x_wconf 81' lang='lat' dir='ltr'><strong>Dconciliarcnt;</strong></span> <span class='ocrx_word' id='word_1_643' title='bbox 2564 4425 2782 4480; x_wconf 91' lang='lat' dir='ltr'><strong>ducturi</strong></span> <span class='ocrx_word' id='word_1_644' title='bbox 2814 4439 2911 4481; x_wconf 86' lang='lat' dir='ltr'><strong>eos</strong></span> <span class='ocrx_word' id='word_1_645' title='bbox 2951 4426 3134 4494; x_wconf 90' lang='lat' dir='ltr'><strong>potius</strong></span> <span class='ocrx_word' id='word_1_646' title='bbox 3189 4428 3344 4483; x_wconf 88' lang='lat' dir='ltr'><strong>illum</strong></span> <span class='ocrx_word' id='word_1_647' title='bbox 3382 4429 3541 4499; x_wconf 87' lang='lat' dir='ltr'><strong>sequi</strong></span> <span class='ocrx_word' id='word_1_648' title='bbox 3591 4430 3775 4485; x_wconf 90' lang='lat' dir='ltr'><strong>trami-</strong></span> 
     </span>
    </p>
   </div>
   <div class='ocr_carea' id='block_1_92' title="bbox 393 4515 2042 4594">
    <p class='ocr_par' dir='ltr' id='par_1_92' title="bbox 393 4515 2042 4594">
     <span class='ocr_line' id='line_1_92' title="bbox 393 4515 2042 4594; baseline 0.006 -24"><span class='ocrx_word' id='word_1_649' title='bbox 393 4515 489 4584; x_wconf 89' lang='lat' dir='ltr'><strong>lat,</strong></span> <span class='ocrx_word' id='word_1_650' title='bbox 532 4531 643 4572; x_wconf 92' lang='lat' dir='ltr'><strong>non</strong></span> <span class='ocrx_word' id='word_1_651' title='bbox 675 4517 904 4573; x_wconf 76' lang='lat' dir='ltr'><strong>offendit</strong></span> <span class='ocrx_word' id='word_1_652' title='bbox 932 4539 946 4586; x_wconf 93' lang='lat'><strong>;</strong></span> <span class='ocrx_word' id='word_1_653' title='bbox 982 4519 1077 4588; x_wconf 90' lang='lat' dir='ltr'><strong>qui</strong></span> <span class='ocrx_word' id='word_1_654' title='bbox 1109 4519 1439 4575; x_wconf 90' lang='lat' dir='ltr'><strong>concitatius</strong></span> <span class='ocrx_word' id='word_1_655' title='bbox 1470 4518 1780 4588; x_wconf 87' lang='lat' dir='ltr'><strong>fertur,non</strong></span> <span class='ocrx_word' id='word_1_656' title='bbox 1811 4523 2042 4594; x_wconf 87' lang='lat' dir='ltr'><strong>labitur;</strong></span> 
     </span>
    </p>
   </div>
   <div class='ocr_carea' id='block_1_93' title="bbox 393 4605 2044 4678">
    <p class='ocr_par' dir='ltr' id='par_1_93' title="bbox 393 4605 2044 4678">
     <span class='ocr_line' id='line_1_93' title="bbox 393 4605 2044 4678; baseline 0.006 -18"><span class='ocrx_word' id='word_1_657' title='bbox 393 4605 452 4661; x_wconf 91' lang='lat' dir='ltr'><strong>in</strong></span> <span class='ocrx_word' id='word_1_658' title='bbox 491 4619 600 4676; x_wconf 92' lang='lat' dir='ltr'><strong>quo</strong></span> <span class='ocrx_word' id='word_1_659' title='bbox 638 4605 847 4662; x_wconf 89' lang='lat' dir='ltr'><strong>nullum</strong></span> <span class='ocrx_word' id='word_1_660' title='bbox 886 4607 1153 4663; x_wconf 88' lang='lat' dir='ltr'><strong>velocitas</strong></span> <span class='ocrx_word' id='word_1_661' title='bbox 1207 4610 1417 4678; x_wconf 91' lang='lat' dir='ltr'><strong>patitur</strong></span> <span class='ocrx_word' id='word_1_662' title='bbox 1476 4609 1842 4668; x_wconf 89' lang='lat' dir='ltr'><strong>intervallum.</strong></span> <span class='ocrx_word' id='word_1_663' title='bbox 1903 4615 2044 4670; x_wconf 90' lang='lat' dir='ltr'><strong>Ecce</strong></span> 
     </span>
    </p>
   </div>
   <div class='ocr_carea' id='block_1_94' title="bbox 393 4691 2046 4772">
    <p class='ocr_par' dir='ltr' id='par_1_94' title="bbox 393 4691 2046 4772">
     <span class='ocr_line' id='line_1_94' title="bbox 393 4691 2046 4772; baseline 0.005 -20"><span class='ocrx_word' id='word_1_664' title='bbox 393 4696 614 4753; x_wconf 72' lang='lat' dir='ltr'><strong>militiae</strong></span> <span class='ocrx_word' id='word_1_665' title='bbox 634 4710 890 4766; x_wconf 67' lang='lat' dir='ltr'><strong>superna:</strong></span> <span class='ocrx_word' id='word_1_666' title='bbox 937 4691 1270 4768; x_wconf 85' lang='lat' dir='ltr'><strong>adscriptos,</strong></span> <span class='ocrx_word' id='word_1_667' title='bbox 1323 4698 1391 4754; x_wconf 89' lang='lat' dir='ltr'><strong>ad</strong></span> <span class='ocrx_word' id='word_1_668' title='bbox 1433 4698 1689 4755; x_wconf 89' lang='lat' dir='ltr'><strong>donativa</strong></span> <span class='ocrx_word' id='word_1_669' title='bbox 1727 4703 2046 4772; x_wconf 90' lang='lat' dir='ltr'><strong>recipienda</strong></span> 
     </span>
    </p>
   </div>
   <div class='ocr_carea' id='block_1_95' title="bbox 393 4787 2046 4862">
    <p class='ocr_par' dir='ltr' id='par_1_95' title="bbox 393 4787 2046 4862">
     <span class='ocr_line' id='line_1_95' title="bbox 393 4787 2046 4862; baseline 0.004 -19"><span class='ocrx_word' id='word_1_670' title='bbox 393 4800 495 4843; x_wconf 89' lang='lat' dir='ltr'><strong>nos</strong></span> <span class='ocrx_word' id='word_1_671' title='bbox 525 4787 693 4843; x_wconf 91' lang='lat' dir='ltr'><strong>citat:</strong></span> <span class='ocrx_word' id='word_1_672' title='bbox 728 4787 974 4860; x_wconf 90' lang='lat' dir='ltr'><strong>ingentia</strong></span> <span class='ocrx_word' id='word_1_673' title='bbox 1006 4795 1154 4855; x_wconf 89' lang='lat' dir='ltr'><strong>sunt,</strong></span> <span class='ocrx_word' id='word_1_674' title='bbox 1188 4795 1247 4844; x_wconf 93' lang='lat' dir='ltr'><strong>ut</strong></span> <span class='ocrx_word' id='word_1_675' title='bbox 1287 4788 1543 4858; x_wconf 82' lang='lat' dir='ltr'><strong>diximus,</strong></span> <span class='ocrx_word' id='word_1_676' title='bbox 1597 4797 1652 4846; x_wconf 92' lang='lat' dir='ltr'><strong>et</strong></span> <span class='ocrx_word' id='word_1_677' title='bbox 1700 4806 1856 4862; x_wconf 67' lang='lat' dir='ltr'><strong>aeque</strong></span> <span class='ocrx_word' id='word_1_678' title='bbox 1908 4794 2046 4850; x_wconf 88' lang='lat' dir='ltr'><strong>divi-</strong></span> 
     </span>
    </p>
   </div>
   <div class='ocr_carea' id='block_1_96' title="bbox 393 4879 2045 4950">
    <p class='ocr_par' dir='ltr' id='par_1_96' title="bbox 393 4879 2045 4950">
     <span class='ocr_line' id='line_1_96' title="bbox 393 4879 2045 4950; baseline 0.004 -17"><span class='ocrx_word' id='word_1_679' title='bbox 393 4891 482 4948; x_wconf 90' lang='lat' dir='ltr'><strong>na,</strong></span> <span class='ocrx_word' id='word_1_680' title='bbox 516 4892 641 4948; x_wconf 65' lang='lat' dir='ltr'><strong>quae</strong></span> <span class='ocrx_word' id='word_1_681' title='bbox 662 4892 772 4948; x_wconf 84' lang='lat' dir='ltr'><strong>pro</strong></span> <span class='ocrx_word' id='word_1_682' title='bbox 813 4885 966 4933; x_wconf 90' lang='lat' dir='ltr'><strong>tanta</strong></span> <span class='ocrx_word' id='word_1_683' title='bbox 1013 4879 1176 4934; x_wconf 90' lang='lat' dir='ltr'><strong>nobis</strong></span> <span class='ocrx_word' id='word_1_684' title='bbox 1215 4879 1568 4949; x_wconf 90' lang='lat' dir='ltr'><strong>expeditione</strong></span> <span class='ocrx_word' id='word_1_685' title='bbox 1605 4882 1908 4950; x_wconf 90' lang='lat' dir='ltr'><strong>promittit:</strong></span> <span class='ocrx_word' id='word_1_686' title='bbox 1963 4885 2045 4941; x_wconf 88' lang='lat' dir='ltr'><strong>ni-</strong></span> 
     </span>
    </p>
   </div>
   <div class='ocr_carea' id='block_1_97' title="bbox 393 4965 2044 5038">
    <p class='ocr_par' dir='ltr' id='par_1_97' title="bbox 393 4965 2044 5038">
     <span class='ocr_line' id='line_1_97' title="bbox 393 4965 2044 5038; baseline 0.005 -16"><span class='ocrx_word' id='word_1_687' title='bbox 393 4967 468 5022; x_wconf 92' lang='lat' dir='ltr'><strong>hil</strong></span> <span class='ocrx_word' id='word_1_688' title='bbox 507 4965 710 5024; x_wconf 87' lang='lat' dir='ltr'><strong>frustra</strong></span> <span class='ocrx_word' id='word_1_689' title='bbox 756 4967 1108 5034; x_wconf 89' lang='lat' dir='ltr'><strong>tentabimus,</strong></span> <span class='ocrx_word' id='word_1_690' title='bbox 1171 4967 1308 5023; x_wconf 88' lang='lat' dir='ltr'><strong>nihil</strong></span> <span class='ocrx_word' id='word_1_691' title='bbox 1358 4969 1794 5038; x_wconf 88' lang='lat' dir='ltr'><strong>prohibcbimur.</strong></span> <span class='ocrx_word' id='word_1_692' title='bbox 1853 4975 2044 5030; x_wconf 90' lang='lat' dir='ltr'><strong>Omnia</strong></span> 
     </span>
    </p>
   </div>
   <div class='ocr_carea' id='block_1_98' title="bbox 390 5057 2040 5128">
    <p class='ocr_par' dir='ltr' id='par_1_98' title="bbox 390 5057 2040 5128">
     <span class='ocr_line' id='line_1_98' title="bbox 390 5057 2040 5128; baseline 0.005 -17"><span class='ocrx_word' id='word_1_693' title='bbox 390 5057 610 5125; x_wconf 91' lang='lat' dir='ltr'><strong>cedent,</strong></span> <span class='ocrx_word' id='word_1_694' title='bbox 652 5057 834 5114; x_wconf 91' lang='lat' dir='ltr'><strong>omnia</strong></span> <span class='ocrx_word' id='word_1_695' title='bbox 888 5057 1303 5128; x_wconf 85' lang='lat' dir='ltr'><strong>obsequemur:</strong></span> <span class='ocrx_word' id='word_1_696' title='bbox 1344 5058 1420 5113; x_wconf 89' lang='lat' dir='ltr'><strong>ita</strong></span> <span class='ocrx_word' id='word_1_697' title='bbox 1453 5059 1676 5128; x_wconf 91' lang='lat' dir='ltr'><strong>quidem</strong></span> <span class='ocrx_word' id='word_1_698' title='bbox 1725 5060 2040 5120; x_wconf 90' lang='lat' dir='ltr'><strong>famulatum</strong></span> 
     </span>
    </p>
   </div>
   <div class='ocr_carea' id='block_1_99' title="bbox 391 5145 2042 5218">
    <p class='ocr_par' dir='ltr' id='par_1_99' title="bbox 391 5145 2042 5218">
     <span class='ocr_line' id='line_1_99' title="bbox 391 5145 2042 5218; baseline 0.006 -18"><span class='ocrx_word' id='word_1_699' title='bbox 391 5145 644 5216; x_wconf 89' lang='lat' dir='ltr'><strong>imperio,</strong></span> <span class='ocrx_word' id='word_1_700' title='bbox 675 5147 996 5204; x_wconf 89' lang='lat' dir='ltr'><strong>servitutem</strong></span> <span class='ocrx_word' id='word_1_701' title='bbox 1034 5146 1310 5215; x_wconf 91' lang='lat' dir='ltr'><strong>libertate,</strong></span> <span class='ocrx_word' id='word_1_702' title='bbox 1338 5148 1449 5218; x_wconf 88' lang='lat' dir='ltr'><strong>jam</strong></span> <span class='ocrx_word' id='word_1_703' title='bbox 1489 5161 1599 5204; x_wconf 92' lang='lat' dir='ltr'><strong>non</strong></span> <span class='ocrx_word' id='word_1_704' title='bbox 1631 5152 1876 5209; x_wconf 90' lang='lat' dir='ltr'><strong>mutandi</strong></span> <span class='ocrx_word' id='word_1_705' title='bbox 1924 5168 2042 5210; x_wconf 90' lang='lat' dir='ltr'><strong>mu-</strong></span> 
     </span>
    </p>
   </div>
   <div class='ocr_carea' id='block_1_100' title="bbox 393 5234 646 5293">
    <p class='ocr_par' dir='ltr' id='par_1_100' title="bbox 393 5234 646 5293">
     <span class='ocr_line' id='line_1_100' title="bbox 393 5234 646 5293; baseline 0.012 -6"><span class='ocrx_word' id='word_1_706' title='bbox 393 5234 646 5293; x_wconf 89' lang='lat' dir='ltr'><strong>tabimus.</strong></span> 
     </span>
    </p>
   </div>
   <div class='ocr_carea' id='block_1_101' title="bbox 1045 5326 1381 5382">
    <p class='ocr_par' dir='ltr' id='par_1_101' title="bbox 1045 5326 1381 5382">
     <span class='ocr_line' id='line_1_101' title="bbox 1045 5326 1381 5382; baseline 0 0"><span class='ocrx_word' id='word_1_707' title='bbox 1045 5326 1261 5382; x_wconf 81' lang='lat' dir='ltr'><strong>CAPUT</strong></span> <span class='ocrx_word' id='word_1_708' title='bbox 1287 5326 1381 5382; x_wconf 85' lang='lat' dir='ltr'><strong>1H.</strong></span> 
     </span>
    </p>
   </div>
   <div class='ocr_carea' id='block_1_102' title="bbox 275 5411 2037 5492">
    <p class='ocr_par' dir='ltr' id='par_1_102' title="bbox 275 5411 2037 5492">
     <span class='ocr_line' id='line_1_102' title="bbox 275 5411 2037 5492; baseline 0.007 -26"><span class='ocrx_word' id='word_1_709' title='bbox 391 5414 548 5491; x_wconf 81' lang='lat' dir='ltr'><strong>Gesta</strong></span> <span class='ocrx_word' id='word_1_710' title='bbox 579 5416 642 5472; x_wconf 89' lang='lat' dir='ltr'><strong>S.</strong></span> <span class='ocrx_word' id='word_1_711' title='bbox 693 5411 837 5475; x_wconf 74' lang='lat' dir='ltr'><strong>Lucii</strong></span> <span class='ocrx_word' id='word_1_712' title='bbox 884 5415 937 5473; x_wconf 81' lang='lat' dir='ltr'><strong>in</strong></span> <span class='ocrx_word' id='word_1_713' title='bbox 976 5416 1304 5488; x_wconf 78' lang='lat' dir='ltr'><strong>pontiﬁcatu.</strong></span> <span class='ocrx_word' id='word_1_714' title='bbox 1347 5417 1526 5488; x_wconf 73' lang='lat' dir='ltr'><strong>Coepta</strong></span> <span class='ocrx_word' id='word_1_715' title='bbox 1583 5416 1638 5470; x_wconf 81' lang='lat' dir='ltr'><strong>in</strong></span> <span class='ocrx_word' id='word_1_716' title='bbox 1693 5432 1805 5472; x_wconf 79' lang='lat' dir='ltr'><strong>eum</strong></span> <span class='ocrx_word' id='word_1_717' title='bbox 1857 5436 2037 5492; x_wconf 84' lang='lat' dir='ltr'><strong>perse-</strong></span> 
     </span>
    </p>
   </div>
   <div class='ocr_carea' id='block_1_103' title="bbox 1093 5507 1284 5562">
    <p class='ocr_par' dir='ltr' id='par_1_103' title="bbox 1093 5507 1284 5562">
     <span class='ocr_line' id='line_1_103' title="bbox 1093 5507 1284 5562; baseline -0.005 0"><span class='ocrx_word' id='word_1_718' title='bbox 1093 5507 1096 5510; x_wconf 77' lang='grc'><em>’</em></span> <span class='ocrx_word' id='word_1_719' title='bbox 1127 5507 1284 5562; x_wconf 82' lang='lat' dir='ltr'><strong>cutio.</strong></span> 
     </span>
    </p>
   </div>
   <div class='ocr_carea' id='block_1_104' title="bbox 2130 4516 3775 4585">
    <p class='ocr_par' dir='ltr' id='par_1_104' title="bbox 2130 4516 3775 4585">
     <span class='ocr_line' id='line_1_104' title="bbox 2130 4516 3775 4585; baseline 0.004 -17"><span class='ocrx_word' id='word_1_720' title='bbox 2130 4521 2257 4580; x_wconf 89' lang='lat' dir='ltr'><strong>tem,</strong></span> <span class='ocrx_word' id='word_1_721' title='bbox 2291 4529 2391 4584; x_wconf 89' lang='lat' dir='ltr'><strong>per</strong></span> <span class='ocrx_word' id='word_1_722' title='bbox 2419 4529 2581 4584; x_wconf 90' lang='lat' dir='ltr'><strong>quem</strong></span> <span class='ocrx_word' id='word_1_723' title='bbox 2623 4521 2849 4584; x_wconf 91' lang='lat' dir='ltr'><strong>possent</strong></span> <span class='ocrx_word' id='word_1_724' title='bbox 2878 4516 2946 4571; x_wconf 90' lang='lat' dir='ltr'><strong>ad</strong></span> <span class='ocrx_word' id='word_1_725' title='bbox 2989 4517 3100 4572; x_wconf 89' lang='lat' dir='ltr'><strong>veri</strong></span> <span class='ocrx_word' id='word_1_726' title='bbox 3140 4518 3234 4572; x_wconf 90' lang='lat' dir='ltr'><strong>Dei</strong></span> <span class='ocrx_word' id='word_1_727' title='bbox 3294 4519 3568 4585; x_wconf 89' lang='lat' dir='ltr'><strong>notitiam,</strong></span> <span class='ocrx_word' id='word_1_728' title='bbox 3629 4519 3775 4575; x_wconf 90' lang='lat' dir='ltr'><strong>unde</strong></span> 
     </span>
    </p>
   </div>
   <div class='ocr_carea' id='block_1_105' title="bbox 2128 4603 3769 4677">
    <p class='ocr_par' dir='ltr' id='par_1_105' title="bbox 2128 4603 3769 4677">
     <span class='ocr_line' id='line_1_105' title="bbox 2128 4603 3769 4677; baseline 0.004 -19"><span class='ocrx_word' id='word_1_729' title='bbox 2128 4603 2427 4659; x_wconf 87' lang='lat' dir='ltr'><strong>discessum</strong></span> <span class='ocrx_word' id='word_1_730' title='bbox 2459 4603 2654 4670; x_wconf 88' lang='lat' dir='ltr'><strong>fuerat,</strong></span> <span class='ocrx_word' id='word_1_731' title='bbox 2707 4606 3014 4674; x_wconf 89' lang='lat' dir='ltr'><strong>pervenire.</strong></span> <span class='ocrx_word' id='word_1_732' title='bbox 3049 4606 3205 4662; x_wconf 90' lang='lat' dir='ltr'><strong>Tales</strong></span> <span class='ocrx_word' id='word_1_733' title='bbox 3237 4607 3446 4677; x_wconf 89' lang='lat' dir='ltr'><strong>quippe</strong></span> <span class='ocrx_word' id='word_1_734' title='bbox 3476 4609 3769 4677; x_wconf 91' lang='lat' dir='ltr'><strong>antistites,</strong></span> 
     </span>
    </p>
   </div>
   <div class='ocr_carea' id='block_1_106' title="bbox 2128 4693 3772 4764">
    <p class='ocr_par' dir='ltr' id='par_1_106' title="bbox 2128 4693 3772 4764">
     <span class='ocr_line' id='line_1_106' title="bbox 2128 4693 3772 4764; baseline 0.004 -16"><span class='ocrx_word' id='word_1_735' title='bbox 2128 4693 2332 4749; x_wconf 73' lang='lat' dir='ltr'><strong>Przesul</strong></span> <span class='ocrx_word' id='word_1_736' title='bbox 2400 4693 2716 4762; x_wconf 63' lang='lat' dir='ltr'><strong>praesulum,</strong></span> <span class='ocrx_word' id='word_1_737' title='bbox 2779 4694 3097 4764; x_wconf 87' lang='lat' dir='ltr'><strong>pontiﬁcum</strong></span> <span class='ocrx_word' id='word_1_738' title='bbox 3155 4696 3426 4763; x_wconf 88' lang='lat' dir='ltr'><strong>Pontifex,</strong></span> <span class='ocrx_word' id='word_1_739' title='bbox 3506 4699 3772 4755; x_wconf 90' lang='lat' dir='ltr'><strong>Sacerdos</strong></span> 
     </span>
    </p>
   </div>
   <div class='ocr_carea' id='block_1_107' title="bbox 2126 4784 3769 4859">
    <p class='ocr_par' dir='ltr' id='par_1_107' title="bbox 2126 4784 3769 4859">
     <span class='ocr_line' id='line_1_107' title="bbox 2126 4784 3769 4859; baseline 0.003 -19"><span class='ocrx_word' id='word_1_740' title='bbox 2126 4784 2494 4851; x_wconf 88' lang='lat' dir='ltr'><strong>sacerdotum,</strong></span> <span class='ocrx_word' id='word_1_741' title='bbox 2550 4785 2860 4854; x_wconf 91' lang='lat' dir='ltr'><strong>principum</strong></span> <span class='ocrx_word' id='word_1_742' title='bbox 2911 4785 3192 4856; x_wconf 90' lang='lat' dir='ltr'><strong>Princeps,</strong></span> <span class='ocrx_word' id='word_1_743' title='bbox 3254 4788 3370 4842; x_wconf 81' lang='lat' dir='ltr'><strong>Rex</strong></span> <span class='ocrx_word' id='word_1_744' title='bbox 3409 4802 3618 4859; x_wconf 89' lang='lat' dir='ltr'><strong>regum,</strong></span> <span class='ocrx_word' id='word_1_745' title='bbox 3658 4791 3769 4846; x_wconf 92' lang='lat' dir='ltr'><strong>Do-</strong></span> 
     </span>
    </p>
   </div>
   <div class='ocr_carea' id='block_1_108' title="bbox 2127 4873 3755 4948">
    <p class='ocr_par' dir='ltr' id='par_1_108' title="bbox 2127 4873 3755 4948">
     <span class='ocr_line' id='line_1_108' title="bbox 2127 4873 3755 4948; baseline 0.005 -21"><span class='ocrx_word' id='word_1_746' title='bbox 2127 4875 2306 4930; x_wconf 89' lang='lat' dir='ltr'><strong>minus</strong></span> <span class='ocrx_word' id='word_1_747' title='bbox 2338 4874 2685 4930; x_wconf 90' lang='lat' dir='ltr'><strong>dominorum</strong></span> <span class='ocrx_word' id='word_1_748' title='bbox 2718 4874 2786 4929; x_wconf 91' lang='lat' dir='ltr'><strong>ad</strong></span> <span class='ocrx_word' id='word_1_749' title='bbox 2817 4873 3043 4930; x_wconf 91' lang='lat' dir='ltr'><strong>ferenda</strong></span> <span class='ocrx_word' id='word_1_750' title='bbox 3089 4890 3212 4932; x_wconf 87' lang='lat' dir='ltr'><strong>vasa</strong></span> <span class='ocrx_word' id='word_1_751' title='bbox 3244 4877 3528 4933; x_wconf 90' lang='lat' dir='ltr'><strong>Dominica</strong></span> <span class='ocrx_word' id='word_1_752' title='bbox 3558 4879 3755 4948; x_wconf 90' lang='lat' dir='ltr'><strong>probat</strong></span> 
     </span>
    </p>
   </div>
   <div class='ocr_carea' id='block_1_109' title="bbox 2126 4962 3768 5035">
    <p class='ocr_par' dir='ltr' id='par_1_109' title="bbox 2126 4962 3768 5035">
     <span class='ocr_line' id='line_1_109' title="bbox 2126 4962 3768 5035; baseline 0.004 -17"><span class='ocrx_word' id='word_1_753' title='bbox 2126 4963 2261 5019; x_wconf 88' lang='lat' dir='ltr'><strong>nihil</strong></span> <span class='ocrx_word' id='word_1_754' title='bbox 2301 4965 2609 5030; x_wconf 90' lang='lat' dir='ltr'><strong>remissum,</strong></span> <span class='ocrx_word' id='word_1_755' title='bbox 2651 4962 2788 5018; x_wconf 88' lang='lat' dir='ltr'><strong>nihil</strong></span> <span class='ocrx_word' id='word_1_756' title='bbox 2829 4963 3156 5020; x_wconf 91' lang='lat' dir='ltr'><strong>dissolutum</strong></span> <span class='ocrx_word' id='word_1_757' title='bbox 3213 4965 3501 5035; x_wconf 89' lang='lat' dir='ltr'><strong>habentes,</strong></span> <span class='ocrx_word' id='word_1_758' title='bbox 3562 4968 3768 5024; x_wconf 92' lang='lat' dir='ltr'><strong>nullum</strong></span> 
     </span>
    </p>
   </div>
   <div class='ocr_carea' id='block_1_110' title="bbox 2123 5052 3768 5125">
    <p class='ocr_par' dir='ltr' id='par_1_110' title="bbox 2123 5052 3768 5125">
     <span class='ocr_line' id='line_1_110' title="bbox 2123 5052 3768 5125; baseline 0.004 -17"><span class='ocrx_word' id='word_1_759' title='bbox 2123 5054 2339 5120; x_wconf 65' lang='lat' dir='ltr'><strong>animae,</strong></span> <span class='ocrx_word' id='word_1_760' title='bbox 2375 5052 2581 5108; x_wconf 91' lang='lat' dir='ltr'><strong>nullum</strong></span> <span class='ocrx_word' id='word_1_761' title='bbox 2625 5053 2877 5123; x_wconf 88' lang='lat' dir='ltr'><strong>corporis</strong></span> <span class='ocrx_word' id='word_1_762' title='bbox 2915 5053 3128 5123; x_wconf 89' lang='lat' dir='ltr'><strong>lapsum</strong></span> <span class='ocrx_word' id='word_1_763' title='bbox 3179 5056 3651 5125; x_wconf 88' lang='lat' dir='ltr'><strong>exstimescentes,</strong></span> <span class='ocrx_word' id='word_1_764' title='bbox 3710 5067 3768 5114; x_wconf 92' lang='lat' dir='ltr'><strong>ut</strong></span> 
     </span>
    </p>
   </div>
   <div class='ocr_carea' id='block_1_111' title="bbox 2122 5142 3766 5214">
    <p class='ocr_par' dir='ltr' id='par_1_111' title="bbox 2122 5142 3766 5214">
     <span class='ocr_line' id='line_1_111' title="bbox 2122 5142 3766 5214; baseline 0.002 -14"><span class='ocrx_word' id='word_1_765' title='bbox 2122 5145 2233 5200; x_wconf 92' lang='lat' dir='ltr'><strong>sint</strong></span> <span class='ocrx_word' id='word_1_766' title='bbox 2261 5143 2436 5199; x_wconf 88' lang='lat' dir='ltr'><strong>sancti</strong></span> <span class='ocrx_word' id='word_1_767' title='bbox 2485 5155 2720 5211; x_wconf 92' lang='lat' dir='ltr'><strong>corpore</strong></span> <span class='ocrx_word' id='word_1_768' title='bbox 2752 5148 2806 5197; x_wconf 90' lang='lat' dir='ltr'><strong>et</strong></span> <span class='ocrx_word' id='word_1_769' title='bbox 2834 5142 3055 5212; x_wconf 90' lang='lat' dir='ltr'><strong>spiritu,</strong></span> <span class='ocrx_word' id='word_1_770' title='bbox 3090 5152 3148 5198; x_wconf 92' lang='lat' dir='ltr'><strong>ut</strong></span> <span class='ocrx_word' id='word_1_771' title='bbox 3179 5145 3359 5214; x_wconf 88' lang='lat' dir='ltr'><strong>magni</strong></span> <span class='ocrx_word' id='word_1_772' title='bbox 3408 5154 3674 5203; x_wconf 87' lang='lat' dir='ltr'><strong>vocentur</strong></span> <span class='ocrx_word' id='word_1_773' title='bbox 3712 5148 3766 5204; x_wconf 92' lang='lat' dir='ltr'><strong>in</strong></span> 
     </span>
    </p>
   </div>
   <div class='ocr_carea' id='block_1_112' title="bbox 2121 5231 3764 5305">
    <p class='ocr_par' dir='ltr' id='par_1_112' title="bbox 2121 5231 3764 5305">
     <span class='ocr_line' id='line_1_112' title="bbox 2121 5231 3764 5305; baseline 0.001 -16"><span class='ocrx_word' id='word_1_774' title='bbox 2121 5248 2291 5305; x_wconf 88' lang='lat' dir='ltr'><strong>regno</strong></span> <span class='ocrx_word' id='word_1_775' title='bbox 2323 5232 2608 5289; x_wconf 66' lang='lat' dir='ltr'><strong>cuzlorum.</strong></span> <span class='ocrx_word' id='word_1_776' title='bbox 2641 5231 2924 5286; x_wconf 88' lang='lat' dir='ltr'><strong>Neminem</strong></span> <span class='ocrx_word' id='word_1_777' title='bbox 2969 5245 3100 5302; x_wconf 87' lang='lat' dir='ltr'><strong>ergo</strong></span> <span class='ocrx_word' id='word_1_778' title='bbox 3159 5247 3227 5288; x_wconf 89' lang='lat' dir='ltr'><strong>ex</strong></span> <span class='ocrx_word' id='word_1_779' title='bbox 3284 5233 3370 5288; x_wconf 90' lang='lat' dir='ltr'><strong>his</strong></span> <span class='ocrx_word' id='word_1_780' title='bbox 3428 5248 3764 5293; x_wconf 89' lang='lat' dir='ltr'><strong>communem</strong></span> 
     </span>
    </p>
   </div>
   <div class='ocr_carea' id='block_1_113' title="bbox 2122 5319 3766 5396">
    <p class='ocr_par' dir='ltr' id='par_1_113' title="bbox 2122 5319 3766 5396">
     <span class='ocr_line' id='line_1_113' title="bbox 2122 5319 3766 5396; baseline 0.001 -17"><span class='ocrx_word' id='word_1_781' title='bbox 2122 5325 2325 5396; x_wconf 92' lang='lat' dir='ltr'><strong>(essent</strong></span> <span class='ocrx_word' id='word_1_782' title='bbox 2354 5321 2499 5378; x_wconf 91' lang='lat' dir='ltr'><strong>enim</strong></span> <span class='ocrx_word' id='word_1_783' title='bbox 2530 5319 2846 5391; x_wconf 89' lang='lat' dir='ltr'><strong>multorum)</strong></span> <span class='ocrx_word' id='word_1_784' title='bbox 2878 5320 2975 5376; x_wconf 88' lang='lat' dir='ltr'><strong>sed</strong></span> <span class='ocrx_word' id='word_1_785' title='bbox 3014 5321 3189 5377; x_wconf 88' lang='lat' dir='ltr'><strong>solius</strong></span> <span class='ocrx_word' id='word_1_786' title='bbox 3239 5323 3357 5390; x_wconf 92' lang='lat' dir='ltr'><strong>Dei,</strong></span> <span class='ocrx_word' id='word_1_787' title='bbox 3409 5329 3468 5378; x_wconf 91' lang='lat' dir='ltr'><strong>ut</strong></span> <span class='ocrx_word' id='word_1_788' title='bbox 3518 5333 3766 5394; x_wconf 89' lang='lat' dir='ltr'><strong>separata</strong></span> 
     </span>
    </p>
   </div>
   <div class='ocr_carea' id='block_1_114' title="bbox 2119 5409 3768 5490">
    <p class='ocr_par' dir='ltr' id='par_1_114' title="bbox 2119 5409 3768 5490">
     <span class='ocr_line' id='line_1_114' title="bbox 2119 5409 3768 5490; baseline 0 -19"><span class='ocrx_word' id='word_1_789' title='bbox 2119 5432 2246 5490; x_wconf 83' lang='lat' dir='ltr'><strong>pars</strong></span> <span class='ocrx_word' id='word_1_790' title='bbox 2277 5411 2534 5468; x_wconf 87' lang='lat' dir='ltr'><strong>sacriﬁcii</strong></span> <span class='ocrx_word' id='word_1_791' title='bbox 2565 5409 2912 5478; x_wconf 88' lang='lat' dir='ltr'><strong>ostendebat,</strong></span> <span class='ocrx_word' id='word_1_792' title='bbox 2965 5425 3084 5467; x_wconf 90' lang='lat' dir='ltr'><strong>esse</strong></span> <span class='ocrx_word' id='word_1_793' title='bbox 3142 5412 3342 5468; x_wconf 90' lang='lat' dir='ltr'><strong>Lucius</strong></span> <span class='ocrx_word' id='word_1_794' title='bbox 3397 5413 3603 5470; x_wconf 87' lang='lat' dir='ltr'><strong>voluit:</strong></span> <span class='ocrx_word' id='word_1_795' title='bbox 3665 5429 3768 5471; x_wconf 90' lang='lat' dir='ltr'><strong>nec</strong></span> 
     </span>
    </p>
   </div>
   <div class='ocr_carea' id='block_1_115' title="bbox 2116 5501 3763 5576">
    <p class='ocr_par' dir='ltr' id='par_1_115' title="bbox 2116 5501 3763 5576">
     <span class='ocr_line' id='line_1_115' title="bbox 2116 5501 3763 5576; baseline -0.001 -13"><span class='ocrx_word' id='word_1_796' title='bbox 2116 5509 2219 5563; x_wconf 90' lang='lat' dir='ltr'><strong>hos</strong></span> <span class='ocrx_word' id='word_1_797' title='bbox 2249 5503 2502 5574; x_wconf 91' lang='lat' dir='ltr'><strong>equidem</strong></span> <span class='ocrx_word' id='word_1_798' title='bbox 2541 5501 2608 5556; x_wconf 89' lang='lat' dir='ltr'><strong>ad</strong></span> <span class='ocrx_word' id='word_1_799' title='bbox 2641 5501 2843 5556; x_wconf 91' lang='lat' dir='ltr'><strong>bellum</strong></span> <span class='ocrx_word' id='word_1_800' title='bbox 2883 5501 2987 5569; x_wconf 90' lang='lat' dir='ltr'><strong>ire,</strong></span> <span class='ocrx_word' id='word_1_801' title='bbox 3035 5515 3138 5566; x_wconf 83' lang='lat' dir='ltr'><strong>nec</strong></span> <span class='ocrx_word' id='word_1_802' title='bbox 3167 5502 3222 5557; x_wconf 91' lang='lat' dir='ltr'><strong>in</strong></span> <span class='ocrx_word' id='word_1_803' title='bbox 3255 5501 3467 5559; x_wconf 90' lang='lat' dir='ltr'><strong>hostem</strong></span> <span class='ocrx_word' id='word_1_804' title='bbox 3497 5517 3763 5576; x_wconf 88' lang='lat' dir='ltr'><strong>pugnare,</strong></span> 
     </span>
    </p>
   </div>
   <div class='ocr_carea' id='block_1_116' title="bbox 467 5590 3765 5670">
    <p class='ocr_par' dir='ltr' id='par_1_116' title="bbox 467 5590 3765 5670">
     <span class='ocr_line' id='line_1_116' title="bbox 467 5590 3765 5670; baseline 0.001 -22"><span class='ocrx_word' id='word_1_805' title='bbox 467 5593 552 5649; x_wconf 83' lang='lat'><strong>10.</strong></span> <span class='ocrx_word' id='word_1_806' title='bbox 592 5594 722 5651; x_wconf 65' lang='lat' dir='ltr'><strong>Haec</strong></span> <span class='ocrx_word' id='word_1_807' title='bbox 750 5609 873 5651; x_wconf 90' lang='lat' dir='ltr'><strong>cum</strong></span> <span class='ocrx_word' id='word_1_808' title='bbox 911 5609 938 5650; x_wconf 90' lang='lat' dir='ltr'><strong>a</strong></span> <span class='ocrx_word' id='word_1_809' title='bbox 976 5597 1145 5656; x_wconf 90' lang='lat' dir='ltr'><strong>Lucio</strong></span> <span class='ocrx_word' id='word_1_810' title='bbox 1189 5596 1334 5653; x_wconf 91' lang='lat' dir='ltr'><strong>dicta</strong></span> <span class='ocrx_word' id='word_1_811' title='bbox 1383 5602 1586 5666; x_wconf 89' lang='lat' dir='ltr'><strong>essent,</strong></span> <span class='ocrx_word' id='word_1_812' title='bbox 1638 5598 1874 5670; x_wconf 89' lang='lat' dir='ltr'><strong>populus</strong></span> <span class='ocrx_word' id='word_1_813' title='bbox 1916 5600 2034 5658; x_wconf 89' lang='lat' dir='ltr'><strong>fre—</strong></span> <span class='ocrx_word' id='word_1_814' title='bbox 2113 5596 2209 5654; x_wconf 90' lang='lat' dir='ltr'><strong>sed</strong></span> <span class='ocrx_word' id='word_1_815' title='bbox 2241 5607 2364 5651; x_wconf 89' lang='lat' dir='ltr'><strong>cum</strong></span> <span class='ocrx_word' id='word_1_816' title='bbox 2403 5593 2584 5663; x_wconf 81' lang='lat' dir='ltr'><strong>Moyse</strong></span> <span class='ocrx_word' id='word_1_817' title='bbox 2635 5591 2862 5648; x_wconf 88' lang='lat' dir='ltr'><strong>elevatis</strong></span> <span class='ocrx_word' id='word_1_818' title='bbox 2917 5590 3171 5648; x_wconf 88' lang='lat' dir='ltr'><strong>manibus</strong></span> <span class='ocrx_word' id='word_1_819' title='bbox 3229 5605 3408 5660; x_wconf 86' lang='lat' dir='ltr'><strong>orare,</strong></span> <span class='ocrx_word' id='word_1_820' title='bbox 3453 5600 3532 5662; x_wconf 93' lang='lat' dir='ltr'><strong>ut,</strong></span> <span class='ocrx_word' id='word_1_821' title='bbox 3588 5593 3765 5652; x_wconf 89' lang='lat' dir='ltr'><strong>donec</strong></span> 
     </span>
    </p>
   </div>
  </div>
