4236 6442
760 416 826 481 ’11
1998 421 2409 484 NlCEl’HOR]

2360 426 2425 484 ill
2466 426 2806 488 CALLISTI
3964 436 4030 501 12

758 545 940 585 virum
962 542 1089 583 eum
1121 544 1243 584 esse
1278 528 1554 599 egregium
1589 544 1655 584 ex
1687 540 1914 599 aspectu
1947 544 2000 587 et
2034 536 2202 604 signis
2226 537 2344 605 plu-
2373 540 2409 600 Α

2373 540 2420 600 Α
2454 540 2604 608 παρὰ
2633 540 2792 603 δόξαν
2834 539 2927 610 τὴν
2957 542 3140 597 ἄδικον
3164 543 3326 615 δίκην
3349 546 3657 617 διαφυγὼν,
3697 551 3755 604 εν
3786 568 3893 605 τινι
3923 556 4029 608 τῶν

760 626 918 684 ribus
961 629 1293 700 judicantes,
1351 623 1686 697 perbenigne
1726 642 2041 698 suscepere,
2100 631 2153 683 in
2190 630 2339 683 ordi-

760 736 996 792 nemque
1041 737 1149 774 non
1189 730 1549 789 pOSIremum,
1579 730 1638 774 ut
1679 719 1785 773 fert
1816 720 1900 774 lex
1944 722 2218 785 militaris.
2260 725 2341 778 le-

759 831 909 884 gere,
951 812 1216 882 dignitate
1244 814 1293 867 ei
1326 812 1583 881 pr.eclara
1624 813 1722 864 viri
1766 812 2056 881 cujusdam
2100 815 2213 878 jam
2247 815 2343 866 dc-

759 907 952 969 luneti,
998 908 1083 960 eui
1123 906 1347 976 Augusti
1403 920 1597 958 nomen
1656 905 1874 969 fuerat,
1943 923 2223 970 concessa.
2286 920 2342 961 et

759 1002 981 1054 nomine
1018 1001 1140 1068 ejus
1192 1000 1272 1053 sic
1305 999 1711 1069 quodammodo
1762 1002 1815 1054 in
1866 1002 2051 1055 album
2103 1003 2336 1057 militum

759 1093 968 1146 relato:
1010 1091 1337 1154 Marcianus,
1362 1092 1466 1161 qui
1502 1102 1556 1146 et
1601 1092 1901 1160 Augustus.
1934 1094 2002 1149 Ut
2037 1094 2161 1149 inde
2207 1096 2341 1148 satis

761 1182 987 1251 liqueat,
1045 1197 1152 1236 una
1211 1196 1335 1236 cum
1388 1183 1756 1252 appellatione
1808 1185 1974 1238 etiam
2038 1201 2337 1254 purpuram

759 1274 986 1344 Augusti
1017 1273 1082 1327 ad
1122 1290 1247 1329 eum
1284 1279 1637 1344 pervenisse:
1674 1275 1902 1345 perinde
1934 1285 2097 1345 atque
2133 1292 2337 1346 cogito-

760 1383 884 1422 men
918 1369 1023 1422 tale
1055 1370 1107 1420 in
1149 1383 1215 1421 eo
1259 1367 1469 1437 absque
1495 1367 1759 1436 dignitate
1815 1368 1933 1438 ipsa
1966 1385 2191 1423 manere
2238 1384 2338 1423 no-

760 1462 946 1526 luerit,
1001 1472 1057 1515 et
1087 1477 1303 1515 rursum
1358 1461 1594 1529 dignitas
1639 1476 1860 1532 quoque
1916 1478 2024 1517 non
2078 1463 2225 1515 aliud
2268 1462 2334 1515 ad

760 1551 1222 1623 magniﬁcentiam
1256 1567 1457 1606 nomen
1489 1552 1798 1622 requireret
1836 1569 1849 1604 :
1881 1552 1952 1605 ita
1988 1560 2047 1605 ut
2100 1551 2240 1605 idem
2281 1550 2335 1605 in

762 1661 872 1700 uno
891 1645 1227 1700 conveniens
1258 1644 1493 1699 simulet
1524 1658 1721 1697 nomen
1753 1644 2038 1714 proprium
2066 1655 2123 1698 et
2148 1644 2337 1713 appel-

758 1740 989 1793 lativum
1030 1740 1202 1799 lieret,
1238 1752 1345 1791 una
1392 1736 1649 1791 videlicet
1677 1736 2042 1806 appellatione
2077 1746 2131 1791 et
2154 1737 2338 1807 digni-

759 1843 928 1888 tatem
955 1842 1011 1887 et
1040 1847 1239 1885 nomen
1278 1832 1576 1885 indicante.
1622 1830 1685 1884 Et
1712 1831 1814 1885 hoc
1839 1832 2058 1900 quidem
2095 1832 2330 1899 primum

757 1942 920 1981 omen
963 1937 1017 1979 et
1046 1926 1303 1978 indicium
1354 1925 1403 1976 in
1448 1925 1720 1978 Marciano
1769 1924 1892 1987 fuit,
1923 1924 2069 1993 quod
2104 1939 2229 1977 cum
2266 1925 2331 1976 ad
2364 1888 2409 1946 Β

759 2015 1098 2084 imperialem
1136 2015 1455 2082 dignitatem
1496 2030 1927 2067 conscensurum
1958 2030 2078 2069 esse
2104 2026 2333 2085 porten~

756 2109 861 2161 dit.
903 2107 1114 2161 Accidit
1161 2117 1342 2159 autent
1388 2106 1532 2160 aliud
1568 2122 1809 2176 quoque,
1849 2108 1992 2163 unde
2033 2108 2335 2176 imperatu-

754 2214 881 2253 rrum
917 2215 1043 2252 eum
1095 2215 1238 2262 esse,
1288 2214 1385 2267 per
1429 2198 1805 2265 conjecturam
1851 2200 2111 2268 colligere
2153 2199 2328 2258 licuit.

759 2291 1012 2344 Militat-it
1045 2291 1148 2345 sub
1204 2291 1411 2358 Aspare
1446 2302 1637 2344 contra
1669 2289 1942 2343 Vandalus
1975 2290 2282 2345 Marcianus
2316 2307 2329 2341 :

756 2391 813 2437 et
873 2393 1159 2451 postquam
1218 2382 1296 2434 illi
1339 2380 1567 2435 victoria
1601 2390 1730 2434 sunt
1760 2381 1939 2451 potiti,
1974 2381 2089 2450 ipse
2112 2396 2335 2451 quoque

760 2476 1012 2543 captivus
1042 2490 1165 2527 eum
1214 2475 1340 2529 aliis
1361 2489 1426 2526 ex
1475 2474 1591 2527 acie
1622 2488 1718 2542 per
1755 2488 2009 2542 campum
2063 2472 2334 2526 abductus

756 2580 862 2623 est.
929 2566 1322 2629 Getisei-iclius,
1366 2566 1726 2619 \‘andalorum
1758 2565 1887 2629 dux,
1940 2581 2019 2631 ea;
2046 2567 2185 2619 tivo.»
2231 2582 2332 2619 una

760 2676 886 2716 eum
912 2661 1036 2714 aliis
1062 2658 1354 2731 mancipiis
1373 2658 1561 2711 videre
1589 2658 1779 2713 voluit.
1811 2660 1986 2726 Atque
2020 2658 2108 2710 ubi
2138 2659 2191 2711 in
2212 2660 2333 2710 loco

757 2754 995 2825 quodam
1051 2750 1362 2821 eoiigregati
1416 2760 1563 2813 sunt,
1598 2749 1715 2819 ipse
1746 2751 1799 2802 in
1832 2751 2157 2804 sublimiore
2191 2751 2331 2805 colle

755 2847 1078 2911 considens,
1120 2845 1436 2913 spectaculo
1490 2853 1653 2897 tanta:
1701 2843 2046 2911 captivorum
2080 2842 2332 2896 multitu-

756 2940 903 2994 dinis
936 2954 994 2992 se
1030 2934 1344 2989 oblectavit.
1386 2934 1451 2987 Et
1483 2949 1607 2986 cum
1652 2933 1731 2987 sic
1759 2941 1978 3002 tempus
2018 2934 2335 2987 extrahere-

759 3046 869 3098 tur,
901 3032 1008 3085 illis
1042 3042 1151 3085 tum
1180 3028 1322 3096 quod
1342 3027 1575 3096 quisque
1607 3026 1769 3080 vellet
1796 3026 1973 3081 facere
2004 3025 2331 3095 permissum

756 3135 861 3180 est.
891 3121 1210 3178 Genserielti
1237 3118 1383 3172 enim
1410 3117 1666 3171 iixandato
1693 3116 1927 3170 vinculis
1949 3116 2113 3169 soluti
2151 3125 2327 3169 erant.

756 3220 932 3285 Atque
972 3215 1061 3268 alii
1094 3213 1315 3281 quidem
1367 3210 1515 3265 aliud
1560 3210 1741 3263 iecere
1776 3222 1789 3261 :
1829 3208 1990 3279 537
2021 3206 2331 3260 Marcianus

754 3317 959 3371 autem,
992 3314 1215 3374 propter
1245 3305 1522 3371 ingentem
1566 3300 1697 3354 solis
1731 3299 1985 3352 ardorem
2037 3300 2087 3350 in
2138 3312 2329 3365 eampo

745 3399 1078 3462 concidens,
1116 3410 1369 3450 somnum
1409 3394 1573 3461 cepit.
1605 3392 1671 3447 Et
1716 3391 1901 3462 aquila
1940 3391 2191 3446 alicunle
2232 3390 2331 3443 ad-

758 3493 969 3555 volans,
1005 3489 1107 3542 alis
1154 3486 1445 3542 submissis
1484 3500 1551 3539 ex
1599 3483 1833 3538 adverso
1868 3481 2169 3551 Soli,juxta
2196 3496 2327 3549 per-

758 3582 1110 3655 pendiculum
1144 3580 1382 3633 volatum
1416 3577 1742 3640 instituens,
1779 3589 1996 3628 aeream
2035 3573 2237 3625 nubem
2277 3580 2331 3625 et

758 3674 1009 3729 umbram
1037 3669 1329 3742 quamdam
1353 3668 1502 3734 fecit,
1534 3683 1639 3736 qua
1664 3666 1817 3720 illum
1835 3665 2023 3719 divino
2049 3674 2185 3718 nutu
2222 3679 2329 3717 non

756 3765 1107 3822 mediocriter
1136 3761 1501 3832 refrigeravit.
1535 3761 1591 3815 ld
1624 3760 1888 3814 barbarus
1908 3758 2120 3824 videns,
2146 3758 2328 3813 statim

754 3860 887 3929 quid
921 3858 1166 3912 futurum
1192 3854 1261 3910 de
1300 3868 1367 3909 eo
1409 3862 1576 3918 esset,
1610 3862 1798 3922 aperte
1827 3852 2062 3923 conjeeit
2094 3869 2107 3905 :
2143 3861 2199 3907 et
2238 3867 2327 3906 ac—

753 3956 924 4009 citum
987 3952 1053 4005 ad
1112 3964 1171 4006 se
1211 3949 1572 4014 Marcianum,
1626 3948 1989 4016 liliertateque
2037 3947 2324 4009 donatum,

750 4046 1116 4117 iurisiurandi
1161 4044 1425 4114 religione
1467 4043 1571 4097 sibi
1603 4040 1919 4104 obstrinxit,
1952 4050 2011 4094 ut
2048 4040 2115 4095 ad
2156 4043 2327 4110 impe-

757 4137 949 4191 rialem
982 4135 1378 4190 sublimitatem
1409 4142 1659 4198 evectus,
1687 4132 1788 4185 sibi
1817 4143 1873 4185 et
1905 4131 2159 4187 Vandalis
2189 4132 2328 4186 [idus

751 4240 920 4293 esset,
961 4244 1141 4298 neque
1171 4243 1410 4298 unquam
1444 4226 1709 4281 adversus
1740 4240 1833 4280 eos
1890 4225 2091 4279 bellum
2141 4240 2329 4277 move-

756 4334 860 4378 ret.
901 4321 959 4376 l.l
1014 4320 1160 4391 quod
1203 4319 1534 4384 Marcianus,
1567 4318 1730 4373 sicuti
1782 4316 1872 4372 ille
1899 4317 2137 4382 videbat,
2171 4318 2328 4387 jura-

758 4424 945 4470 n.ento
972 4413 1299 4483 interposito
1330 4412 1479 4477 fecit,
1507 4411 1780 4481 iidemque
1809 4409 1861 4465 ei
1896 4425 1955 4464 re
1990 4410 2103 4479 ipsa
2135 4425 2326 4465 scrva-

753 4511 857 4575 vit,
911 4509 1072 4563 sicuti
1126 4505 1424 4574 Procopius
1472 4505 1690 4561 scribit.
1748 4503 1829 4558 Ad
1872 4504 2006 4569 haec,
2059 4505 2326 4561 adversus

2444 634 2626 684 ἐκεῖσε
2665 634 2834 686 τελῶν
2862 635 3096 702 γίνεται,
3164 640 3573 708 παραγγέλλειν
3611 642 3787 713 τούτῳ
3828 639 4032 714 οἷάπερ

2446 724 2783 793 στρατιώτης
2808 726 3225 796 βουλόμενος.οί
3244 731 3299 785 δὲ
3318 734 3411 785 τὸν
3440 735 3609 803 ἄνδρα
3634 737 3696 789 ἐκ
3727 753 3791 804 γε
3821 736 3929 790 τῶν
3954 738 4030 791 εί-

2445 816 2620 868 κότων
2658 818 2860 881 ἱκανῶς
2897 823 3337 891 τεκμηράμενοι,
3388 826 3797 895 φιλανθρώπως
3835 830 4031 898 προσί-

2444 924 2616 973 ενται,
2648 910 2744 963 καὶ
2776 912 2924 981 τόπῳ
2952 913 3158 984 ἥκιστα
3194 918 3434 988 ἐσχάτῳ.
3487 918 3564 982 ὥς
3596 937 3658 987 γε
3712 921 3894 991 νόμος,
3934 927 4026 991 ἐγ·

2446 1002 2860 1069 καταλέγουσιν·
2897 1006 2953 1069 ες
2988 1024 3111 1059 τινα
3141 1008 3196 1061 δὲ
3235 1008 3447 1079 βαθμὸν
3487 1011 3694 1066 τέλειον
3726 1014 3919 1080 ιζνόρός
3946 1034 4027 1070 τι-

2444 1112 2533 1155 νος
2566 1096 2663 1165 ἤδη
2691 1096 2751 1149 τὸ
2781 1098 2881 1167 ζῇν
2908 1100 3259 1164 ἀπειπόντος,
3296 1095 3341 1169 ᾦ
3364 1098 3430 1172 ἦν
3455 1102 3771 1172 Αὔγουστος
3826 1107 4025 1177 ὄνομα,

2443 1188 2644 1240 οὑτωσί
2680 1206 2797 1251 πως
2834 1194 2899 1261 τῇ
2932 1193 3288 1265 παραγγελία
3324 1197 3727 1266 ἐγγράψαντεςο
3777 1200 4026 1271 Μαρκια-

2445 1280 2531 1339 νὸς
2582 1280 2609 1330 ὁ
2643 1282 2735 1332 καὶ
2764 1280 3100 1349 Αὔγουστοςο
3131 1284 3207 1347 ὡς
3236 1285 3489 1339 ἐντεῦθεν
3523 1283 3663 1341 εἶναι
3698 1289 3862 1359 δῆλον
3891 1292 4027 1357 φθά-

2444 1388 2533 1422 σαι
2565 1372 2661 1425 καὶ
2688 1376 2741 1435 ὲς
2783 1374 2882 1443 τὴν
2914 1376 3232 1444 Αὐγούστου
3289 1381 3669 1451 προσηγορίαν
3729 1382 3870 1449 μετὰ
3920 1382 4023 1445 τῆς

2444 1468 2757 1539 ἁλουργίδος
2827 1471 3035 1526 ὡσανεὶ
3057 1474 3158 1543 τῆς
3223 1477 3601 1546 προσηγορίας
3647 1476 3843 1530 οὔκουν
3894 1479 4025 1531 άνα-

2444 1565 2719 1633 σχομένης
2750 1566 2875 1637 δίχα
2907 1570 3005 1637 τῆς
3039 1567 3196 1632 ἀξίας
3228 1572 3323 1623 καὶ
3358 1571 3445 1623 ἐπ’
3476 1571 3641 1624 αὐτοῦ
3680 1570 3884 1639 μένειν.
3916 1573 4025 1624 Πά-

2441 1658 2524 1709 λιν
2545 1657 2589 1708 δ’
2619 1656 2683 1709 αὖ
2736 1658 2951 1725 ἐκείνης
3008 1659 3084 1729 μὴ
3131 1660 3321 1729 ἕτερον
3363 1661 3535 1730 ὄνομα
3583 1661 3903 1732 ζητησάσης
3943 1666 4025 1726 εἰς

2442 1748 2847 1817 σεμνολόγημα,
2876 1750 2950 1814 ὡς
2978 1757 3285 1821 συμπεσεῖν
3315 1753 3374 1806 τὸ
3415 1756 3550 1808 αὐτὸ
3583 1755 3668 1822 ἐφ’
3692 1757 3794 1821 ἐνὶ,
3827 1756 4023 1825 κί’ριόν

2439 1857 2498 1891 τε
2547 1840 2663 1907 ἅμα
2709 1844 2802 1893 καὶ
2862 1844 3274 1913 προσηγορικὸν
3333 1846 3672 1900 καθεστάναι
3701 1863 3713 1878 °
3751 1847 3856 1899 ὑπὸ
3916 1850 4018 1918 μιᾷ

2443 1932 2688 2000 δηλονότι
2752 1933 2944 2005 κλήσει
3018 1936 3119 2006 τῆς
3177 1954 3235 1989 τε
3310 1937 3468 2002 ἀξίας
3536 1940 3634 1991 καὶ
3697 1944 3794 2009 τῆς
3852 1958 4025 2009 προσ-

2444 2027 2668 2096 ηγορίκς
2735 2029 3173 2098 γνωριζομένης.
3246 2032 3419 2084 ’1ὀῦτο
3495 2034 3595 2102 μὲν
3656 2033 3720 2100 δὴ
3792 2035 4010 2102 πρῶτον

2443 2120 2749 2189 Μαρκιανῷ
2822 2124 3125 2192 τεκμήριον
3185 2124 3283 2191 τῆς
3340 2127 3397 2188 ἐς
3450 2126 3733 2194 βασιλείαν
3784 2127 4022 2198 παρόδου

2443 2210 2675 2279 ἐδείχθη·
2702 2212 2764 2262 οὐ
2793 2211 2900 2281 μὴν
2932 2214 2987 2265 δὲ
3015 2214 3151 2265 ἀλλά
3179 2216 3274 2266 καὶ
3313 2216 3500 2286 ἕτερον
3564 2216 3695 2270 ἄλλο
3730 2217 4018 2281 ξυνέπεσε,

2442 2302 2615 2368 τούτῳ
2638 2304 2738 2369 τὴν
2768 2303 3052 2371 βασιλείαν
3085 2306 3469 2372 τεκμηριῶσαι
3518 2306 3666 2373 μάλα
3696 2307 4020 2375 δυνάμενον.

2456 2395 2611 2447 Ἐπεὶ
2644 2395 2751 2464 γὰρ
2776 2396 2878 2448 ὑπὸ
2904 2396 3148 2464 Ἀσπαρι
3174 2399 3343 2450 τελῶν
3373 2401 3512 2452 κατὰ
3530 2401 3800 2453 Βανδίλων
3826 2403 4023 2471 ἐστρά-

2442 2504 2591 2548 τευε,
2626 2489 2727 2557 τῆς
2762 2488 2916 2557 νίκης
2971 2490 3205 2555 ἐκείνοις
3248 2494 3649 2562 γεγενημένης,
3709 2476 3805 2547 σ’ὺν
3843 2496 4023 2559 ἄλλοις

2444 2579 2536 2629 καὶ
2571 2578 2885 2647 Μαρκιανὸς
2929 2580 3271 2648 δορυάλωτος
3323 2583 3433 2636 ἀνὰ
3490 2587 3549 2636 τὸ
3623 2586 3807 2639 πεδίον
3849 2588 4017 2659 ἤχθη,

2443 2670 2729 2741 Γιξερίχου
2753 2672 2845 2723 τοῦ
2881 2672 2988 2724 τῶν
3018 2674 3292 2728 Βανδίὶων
3356 2678 3666 2746 ἡγουμένου
3700 2681 3832 2733 ίδείν
3896 2686 4023 2747 τοὺς

2444 2765 2832 2834 ζωγρηθέντας
2863 2768 3146 2836 ᾑρημένου
3185 2770 3324 2837 μετᾶ
3363 2771 3471 2824 τῶν
3502 2773 3709 2827 λοιπῶν
3748 2777 4018 2846 ἀνδραπό-

2441 2858 2569 2911 δων.
2601 2859 2829 2913 Ἐπεὶδὲ
2874 2860 2930 2913 ἔν
2973 2879 3079 2914 τινι
3109 2863 3261 2933 τόπῳ
3297 2866 3694 2936 ἡθροίσθησαν,
3752 2872 3780 2922 ὁ
3808 2870 4017 2941 Γιζέριο

2443 2970 2535 3021 χος
2573 2952 2683 3004 ἀπό
2736 2970 2885 3015 τινος
2924 2955 3203 3025 μετεώρου
3248 2958 3556 3027 καθήμενος
3610 2961 3771 3031 ἥδετο
3815 2964 4019 3033 ἐνορῶν

2439 3044 2549 3097 τῶν
2585 3046 3036 3113 σαγηνευθέντων
3066 3049 3145 3118 τῷ
3184 3051 3410 3118 πλήθει.
3448 3051 3538 3116 Ὦς
3562 3053 3618 3107 δέ
3655 3056 3846 3125 καιρὸς
3876 3059 4015 3123 ἐτρί⁸

2441 3138 2585 3202 ϐετο,
2613 3139 2830 3208 ἑκάστῳ
2853 3140 2927 3203 ὡς
2959 3140 3213 3211 βούλησις
3270 3141 3359 3215 ἦν,
3405 3146 3670 3218 ἓπραττε’
3720 3151 4018 3219 προστάξει

2360 3253 2403 3310 C
2440 3230 2549 3297 γὰρ
2607 3227 2892 3300 Γιζερίχου
2945 3232 3135 3303 πόρρω
3168 3230 3309 3305 ἦσαν
3352 3236 3598 3305 δεσμῶν,
3653 3244 3750 3295 καὶ
3796 3242 3847 3294 οἱ
3919 3245 4017 3309 μὲν

2435 3319 2591 3383 ἄλλος
2612 3319 2738 3373 ἄλλο
2782 3340 2833 3374 τι
2892 3324 3132 3376 ἐποίουν
3174 3328 3202 3378 ὀ
3243 3326 3299 3378 δὲ
3326 3328 3665 3398 Μαρκιανδς,
3716 3332 3793 3402 τῷ
3827 3334 4011 3405 πολλῴ

2434 3412 2529 3466 τοῦ
2557 3413 2711 3481 ἡλίου
2745 3414 2976 3485 φλογμῷ
3016 3416 3118 3471 άνά
3156 3418 3216 3471 τὸ
3247 3419 3431 3474 πεδίον
3467 3423 3667 3487 πεσὼν,
3697 3426 4013 3489 ἐκάθευδεν.

2447 3504 2630 3567 Ἀετὸς
2654 3505 2710 3558 δέ
2742 3506 2902 3558 ποθεν
2927 3507 3323 3575 ἐπικαταπτὰς,
3355 3511 3604 3583 ὕπερθεν
3651 3516 3752 3580 τὰς
3815 3520 4017 3588 πτέρυ-

2433 3613 2534 3662 γας
2599 3598 2885 3665 ὑφαπλών,
2959 3601 3258 3670 ίπτάμενος
3292 3604 3689 3674 ἀντιμέτωπος,
3733 3613 3874 3665 κατὰ
3919 3615 4017 3667 κά-

2433 3690 2587 3742 θετον
2618 3691 2850 3761 νεφέλην
2878 3694 3061 3761 ἀέριον
3108 3694 3289 3766 ήτινα
3326 3699 3487 3753 σκιάν
3531 3703 3835 3773 ἐσχεδίαζε.
3874 3707 4017 3759 Κάν-

2432 3780 2630 3833 τεῦθεν
2665 3781 2727 3832 οὐ
2766 3783 3363 3855 μετρίανπαραψυχὴν
3393 3788 3458 3841 ἐκ
3490 3789 3642 3853 θείας
3692 3793 4015 3863 ἐμηχανᾶτο

2431 3869 2629 3939 ἐκείνῳ
2655 3870 2847 3940 ῥοπῆς·
2893 3872 3069 3925 ἰδόντα
3101 3874 3158 3927 δέ
3207 3877 3296 3927 τὸν
3355 3876 3658 3949 βάρϐαρον,
3709 3886 4014 3954 συμϐαλεῖν

2431 3958 2615 4022 εὐθὺς,
2668 3962 2760 4014 καὶ
2816 3963 2876 4014 τὸ
2928 3964 3127 4032 μέλλον
3186 3970 3679 4037 τεκμηριῶσασθαι
3738 3976 4010 4046 ἐναργῶς.

2431 4050 2943 4122 Μεταστειλάμενος
2963 4054 3017 4107 δὲ
3051 4060 3143 4109 τὸν
3176 4058 3519 4127 Μαρκιανδν,
3584 4064 3874 4140 ἐλευθερίᾳ
3931 4088 4013 4124 τι·

2433 4144 2561 4215 μᾷνο
2607 4144 2800 4208 δεινοῖς
2826 4161 2885 4197 τε
2938 4147 3123 4215 ὅρκοις
3172 4149 3674 4223 ἐξισφαλίσασθαι,
3742 4162 3913 4215 πιστά
3958 4164 4014 4232 γ’

2430 4236 2624 4308 ἐκείνῳ
2656 4240 2754 4293 καὶ
2800 4239 3080 4300 Βανδίλοις
3143 4242 3414 4310 φυλάξειν
3468 4248 3525 4309 ἐς
3587 4251 3688 4322 τὴν
3739 4252 4014 4323 βασίλειον

2430 4329 2649 4382 ἀνιόντα
2703 4332 3013 4403 περιωπὴν,
3049 4336 3141 4388 καὶ
3178 4339 3390 4405 μήποτε
3449 4344 3776 4400 κατάὐτῶν
3822 4346 4013 4422 μάχην

2430 4424 2623 4477 κινεῖν.
2657 4424 2762 4477 Τὸν
2791 4427 2847 4478 δὲ
2873 4427 3081 4497 πρᾶξαι
3120 4428 3195 4492 ὣς
3230 4430 3283 4498 γ’
3308 4433 3504 4503 ἐκείνῳ
3550 4436 3749 4502 ἐδόκει,
3782 4446 3878 4493 καὶ
3911 4462 4012 4511 φυ-

2430 4514 2587 4579 λάξαι
2616 4517 2708 4570 τὸν
2740 4518 2903 4586 ὅρκον
2934 4522 3029 4573 καὶ
3056 4521 3239 4591 ἔργοις
3291 4525 3500 4588 αὐτοῖς.
3570 4528 3646 4592 ὡς
3701 4531 4012 4602 Προκόπιος

753 4601 952 4656 Persas
1000 4613 1221 4666 quoque
1283 4598 1591 4651 Marcianus
1633 4598 1834 4659 iturus,
1865 4613 1987 4651 cum
2042 4597 2095 4652 in
2151 4598 2325 4669 Lyciae
2362 4604 2402 4655 Ι)

2362 4604 2402 4655 Ι)
2436 4609 2657 4678 ίστορεῖ.
2696 4610 2809 4679 Πρὸ
2840 4610 2895 4661 δέ
2939 4611 3132 4664 τούτου
3180 4619 3273 4667 καὶ
3306 4618 3449 4670 κατὰ
3496 4619 3721 4689 Περσῶν
3755 4597 4011 4698 -ἐκστραξ

754 4691 979 4763 oppido,
1012 4690 1103 4745 cui
1141 4704 1343 4744 nomen
1400 4699 1485 4743 est
1513 4688 1753 4751 Sidonia,
1791 4689 1987 4744 inorbo
2039 4700 2327 4759 correptus

753 4797 917 4852 esset,
950 4801 1073 4842 eum
1102 4784 1323 4839 duobus
1375 4782 1664 4847 fratribus,
1714 4782 1851 4837 viris
1882 4784 2181 4852 przeelaris,
2230 4784 2326 4839 .lu-

753 4882 899 4935 liano
927 4889 984 4937 et
1012 4878 1297 4935 .Tatiano.
1353 4875 1650 4930 amicitiam
1684 4888 1953 4930 summam
2008 4877 2280 4932 contraxit
2310 4894 2323 4931 :

751 4973 846 5044 qui
893 4973 1060 5027 etiam
1092 4971 1289 5024 domus
1326 4984 1437 5023 suae
1479 4968 1720 5038 hospitio
1771 4979 2085 5039 exceptum,
2133 4969 2203 5021 ita
2267 4978 2327 5023 ut

753 5084 849 5136 par
911 5073 1052 5128 erat,
1105 5072 1396 5127 curarunt,
1458 5073 1513 5116 ct
1566 5072 1750 5131 postea
1798 5073 2052 5115 venatum
2094 5077 2216 5115 cum
2259 5077 2326 5115 eo

754 5157 1048 5228 progressi,
1089 5166 1335 5224 tempore
1374 5155 1682 5209 meridiano
1732 5169 1924 5208 somno
1959 5170 2151 5209 omnes
2197 5161 2326 5207 sunt

751 5250 937 5318 sopiti.
966 5249 1142 5316 Atque
1189 5247 1281 5301 ubi
1319 5246 1581 5300 Tatianus
1621 5248 1859 5315 primum
1894 5260 2090 5299 somno
2116 5245 2323 5300 excita-

752 5353 840 5396 tus
886 5350 989 5405 est,
1039 5340 1412 5410 spectaculum
1448 5339 1831 5394 admirandum
1866 5338 2043 5392 vidit:
2079 5337 2320 5407 aquilam

750 5434 1011 5488 nimirum
1038 5434 1335 5497 ingentem,
1365 5431 1480 5485 alas
1528 5446 1693 5500 supra
1740 5430 2076 5484 Marcianum
2130 5442 2325 5486 exten-

749 5528 1007 5589 dentem,
1050 5535 1105 5578 et
1145 5526 1393 5577 umbram
1425 5523 1833 5593 quodammodo
1865 5524 2234 5579 inducentem.
2267 5525 2318 5578 ls

746 5618 905 5672 fratri
950 5616 1187 5671 excitato
1249 5615 1556 5685 prodigium
1604 5616 1654 5670 id
1686 5617 1927 5671 ostendit
1965 5633 1978 5667 :
2011 5625 2064 5670 ct
2093 5629 2322 5686 uterque

745 5711 986 5765 volucris
1017 5712 1412 5780 pet-benignum
1453 5709 1697 5763 studium
1732 5709 2057 5773 admiratus,
2094 5710 2317 5765 Martia-

747 5820 840 5863 no.
874 5803 1019 5872 quod
1053 5803 1119 5858 de
1151 5817 1215 5856 eo
1250 5802 1495 5857 futurum
1529 5815 1694 5867 esset,
1719 5802 2206 5873 praedixerunt.Et
2248 5802 2319 5857 ab

737 5897 962 5965 eodem,
992 5911 1228 5968 quonam
1261 5896 1402 5965 loco,
1432 5898 1475 5952 si
1509 5895 1561 5951 id
1601 5897 1749 5968 quod
1777 5896 2088 5953 divinarcnt
2118 5912 2312 5954 succe-

2430 4699 2629 4761 τεύων.
2664 4702 2720 4753 ἐν
2754 4702 2931 4773 Λυκίᾳ
2958 4704 3195 4770 ἐγένετο,
3234 4708 3327 4760 ἐπὶ
3356 4710 3511 4762 πόλιν
3566 4712 3775 4784 Σίδημα
3806 4717 4007 4789 ὄνομα.

2446 4793 2715 4863 Ὰσθενεία
2745 4793 2801 4846 δὲ
2828 4796 3163 4864 περιπεσὼν,
3192 4798 3287 4851 δύο
3314 4802 3427 4854 τισὶ
3466 4804 3573 4855 τῶν
3623 4806 3799 4861 ἐκεῖσε
3856 4829 4007 4882 περι-

2433 4881 2621 4949 φανῶν
2678 4883 2929 4951 ἀδελφοῖς
2995 4882 3147 4939 οὗσιν
3189 4888 3395 4957 Ἰουλίῳ
3445 4892 3537 4944 καὶ
3602 4893 3858 4968 Τατιανῷ
3925 4901 4007 4963 είς

2432 4974 2616 5043 φιλίαν
2645 4975 2828 5045 ἄκρως
2856 4976 3060 5047 ήνὼθηι
3091 4978 3142 5031 οἳ
3178 4980 3242 5047 δὴ
3282 4985 3371 5033 καὶ
3400 4985 3489 5037 ἐπ’
3526 4985 3681 5041 οἴκου
3732 4990 3826 5044 τὸν
3850 4993 4006 5065 Μαρ-

2432 5068 2616 5119 anew
2645 5068 2967 5137 ἀγαγόντες,
3105 5073 3255 5135 εἰκὸς
3302 5074 3703 5135 διανεπαυσαν.
3758 5084 3917 5138 Ἐπεὶ
3945 5087 4003 5140 δὲ

2429 5164 2518 5212 καὶ
2547 5164 2625 5218 είς
2661 5161 2835 5232 θήραν
2871 5162 3120 5234 ἐξῄεσαν,
3183 5166 3313 5237 περὶ
3366 5168 3427 5220 τὸ
3480 5172 3864 5243 μεσημϐρινὸν
3923 5179 4007 5242 είς

2430 5254 2598 5307 ὕπνον
2633 5254 2968 5325 ἐτράπησαν.
3017 5258 3103 5321 Ὡς
3132 5260 3187 5311 δὲ
3232 5261 3449 5329 πρῶτον
3486 5263 3752 5320 Τατιανὸν
3773 5270 3801 5321 ό
3835 5266 4003 5333 ὕπνος

2428 5349 2620 5418 ἀνῆκε,
2664 5349 2843 5418 θέαμα
2873 5350 3023 5417 ξένον
3086 5354 3255 5424 ἐώραο
3317 5356 3477 5409 ἀετὸν
3528 5362 3860 5431 παμμεγέθη
3904 5365 4005 5427 τάς

2427 5442 2707 5510 πτέρυγας
2774 5442 3209 5499 διαπεταννύντα
3268 5448 3409 5516 ὑπὲρ
3458 5451 3825 5521 Μαρκιανοῦ,
3905 5459 4005 5509 καὶ

2430 5536 2588 5587 σκιὰν
2635 5534 2838 5589 ὡσανεί
2892 5554 3010 5599 πως
3064 5541 3545 5611 περιποιούμενον.
3606 5545 3903 5609 Διυπνίσας
3945 5547 4004 5601 δὲ

2426 5631 2521 5680 καὶ
2554 5629 2646 5680 τὸν
2669 5630 2923 5699 ἀδελφὸν,
2958 5632 3027 5683 τά
3061 5632 3151 5686 ῐσα
3177 5634 3271 5686 καὶ
3293 5635 3459 5688 αὑτὸν
3485 5638 3621 5707 ὁρᾷν
3640 5644 4003 5709 παρεσκεύα-

2426 5723 2505 5784 ζε.
2539 5722 2648 5773 Καὶ
2673 5721 2766 5773 τοῦ
2797 5724 3045 5777 πετεινοῦ
3082 5724 3364 5781 τὺεῦνουν
3401 5729 3810 5797 θαυμάσαντες,
3843 5734 4002 5803 Μαρ-

2425 5813 2595 5882 κιανῷ
2622 5815 2995 5885 κατήγγειλαν
3019 5818 3078 5870 τὸ
3096 5819 3374 5889 ἐσόμενον·
3427 5824 3518 5875 καὶ
3553 5823 3716 5895 ᾔτουν
3766 5829 3815 5879 εί
3861 5828 3999 5880 dno‘

2426 5906 2555 5977 ϐαίη
2584 5906 2642 5959 τὸ
2670 5909 3069 5979 αἰνιττόμενον,
3103 5910 3249 5976 τίνες
3296 5911 3364 5968 ἂν
3389 5914 3523 5985 παρ’
3564 5917 3712 5988 αὐτῷ
3746 5915 3877 5975 τίεν.
3935 5918 3998 5973 '0
