4236 6442
261 401 327 467 13
1192 393 1784 455 ECCLESMSTICJ‘I
1829 391 2212 452 lllS'I'OllI.E
2254 395 2398 453 LIB,
2446 397 2559 455 XV.
3421 402 3487 466 14

254 516 306 569 δ’
335 555 351 577 ,
402 513 490 564 Ἐν
523 512 674 574 τάξει
704 510 908 577 πατρὸς
941 509 1104 577 ὑμᾶς,
1161 509 1363 575 ἔλεγεν,
1419 509 1542 572 ἔξω.
1596 508 1704 560 Καὶ
1763 508 1826 577 δὴ
1855 514 1900 570 Α

1812 527 1826 577 ι
1855 514 1900 570 Α
1929 504 2106 568 deret,
2143 506 2196 558 in
2221 507 2340 559 aula
2371 507 2536 560 futuri
2573 516 2777 571 essent,
2815 510 3072 564 sciscitati
3105 525 3246 566 sunt.
3277 513 3390 576 ille,
3427 532 3485 568 se

255 602 469 670 χρυσίῳ
497 601 691 652 τοῦτον
734 599 1144 665 δεξιωσάμενοι,
1192 601 1285 650 ἐπὶ
1333 598 1430 665 τὴν
1483 600 1815 650 Κωνσταντί-

253 709 349 744 νου
388 693 770 759 προέπεμπον.
821 691 909 752 Ὦς
952 691 997 742 δ’
1033 691 1112 752 ei;
1162 689 1324 758 ἔργον
1370 690 1554 756 ἑξέὸη,
1599 692 1662 742 εκ
1713 691 1820 742 Λυ-

254 782 381 843 κίας
453 783 582 842 τοὺς
629 782 952 851 εἰρημένους
999 780 1512 849 μεταστειλάμενος,
1582 781 1822 849 πατέρας

254 872 440 940 ἑαυτῷ
471 874 829 943 ἀνεκήρυττε.
869 874 980 926 Καὶ
1010 873 1085 941 τῷ
1123 873 1221 942 μὲν
1264 874 1516 941 Τατιανῷ
1569 874 1670 943 τὴν
1721 873 1821 939 τῆς

252 965 409 1029 σφῶν
438 965 645 1024 πόλεως
677 967 979 1032 περιῆπτεν
1013 963 1192 1030 ἀξίαν·
1225 964 1428 1034 Ἰουλίῳ
1471 965 1530 1018 δὲ
1560 966 1660 1036 τὴν
1713 967 1823 1020 τῶν

252 1058 472 1109 Λυκίων
500 1057 675 1126 ἀρχὴν
698 1058 1020 1125 ἐνεχείριζε.
1055 1057 1294 1111 Τοιαῦτα
1321 1060 1522 1128 σημεῖα
1547 1061 1824 1129 ἡγήσαντο

250 1152 354 1212 τὴν
425 1151 603 1216 ἀρχὴν
661 1151 735 1218 τῷ
798 1151 1104 1220 Μαρκιανῷ
1188 1152 1616 1222 μνηστευόμενα.
1678 1153 1823 1207 Ἀλλ’

251 1243 346 1291 ἐπὶ
375 1243 436 1290 τὺ
488 1240 854 1308 προκείμενον
906 1243 1242 1308 ὲπανῐωμεν.
1292 1243 1351 1295 '0
1401 1245 1714 1314 Μαρκιανὸς
1755 1241 1822 1315 ἦν

219 1333 356 1394 ιμὲν
409 1331 572 1398 εἴπερ
607 1348 689 1391 τις
720 1333 787 1383 τὰ
830 1333 966 1399 πρὸς
998 1331 1133 1384 Θεὸν
1190 1333 1444 1402 εὐσεσὴς,
1507 1336 1825 1407 δικαιοσύνῃ

249 1421 455 1485 συζῶν,
512 1422 742 1473 πλοῦτον
779 1424 1083 1491 ἡγούμενος
1116 1425 1175 1474 τὸ
1205 1423 1278 1492 μὴ
1311 1425 1378 1477 τὰ
1411 1426 1666 1494 ἀλλότρια
1694 1445 1822 1480 συν-

250 1508 411 1574 άγειν
455 1511 624 1560 πᾶσιν
676 1510 1132 1575 ἐπιτηδεύμασιν,
1189 1511 1302 1563 ἀλλ’
1330 1512 1385 1572 ὃς
1419 1512 1485 1564 ἂν
1548 1514 1824 1582 δεομένοις

251 1597 516 1662 ἐπαρκεῖ)
558 1597 800 1656 δυνατός.
831 1593 938 1647 Ἦν
964 1599 1020 1648 δὲ
1070 1603 1148 1648 κα
1213 1600 1279 1650 τὰ
1319 1600 1553 1665 μάλιστα
1594 1603 1825 1672 φοϐερὸς

249 1688 355 1738 οὐκ
383 1687 442 1736 ὲν
470 1685 546 1754 τῷ
575 1687 960 1754 τιμωρεῖσθαι,
999 1689 1114 1740 ἀλλ’
1156 1691 1213 1738 ἐν
1270 1691 1571 1760 προσδοκία
1620 1692 1714 1744 τοῦ
1749 1711 1825 1744 τι·

255 1778 639 1846 μωρήσεσθαιο
681 1778 716 1829 ἆ
749 1797 833 1844 γε,
864 1775 1041 1848 οἶμαι,
1082 1783 1175 1831 καὶ
1208 1777 1365 1832 ἆθλον
1383 1784 1579 1850 ἀρετῆς
1611 1785 1671 1835 οὐ
1697 1784 1828 1850 κλη-

254 1871 523 1940 ρονομίας
567 1870 666 1938 τὴν
729 1872 902 1939 ἀρχὴν
938 1873 1149 1937 ἔδοσαν,
1185 1873 1430 1935 ἀπάσαις
1486 1874 1686 1943 ψήφοις
1731 1878 1827 1946 τῆς

251 1965 550 2029 γεφυσίας
573 1965 666 2014 καὶ
703 1963 921 2015 πάντων
962 1965 1436 2032 συμπληρούντων
1502 1968 1601 2038 τὴν
1658 1969 1828 2038 τύχην

253 2053 452 2121 γνώμῃ
501 2054 838 2122 Πούλχερίας
871 2056 968 2122 τῆς
1005 2055 1299 2124 βασιλίδος·
1331 2057 1364 2126 ἢ
1427 2059 1490 2122 δὴ
1526 2059 1621 2110 καὶ
1660 2059 1828 2126 συνῴ-

255 2164 352 2197 κει
405 2146 505 2212 μὲν
567 2147 737 2212 αὐτῷ,
795 2147 890 2197 καὶ
940 2148 1040 2213 τὴν
1100 2147 1377 2214 βασιλείαν
1425 2150 1825 2218 συνέπραττεν·

252 2238 484 2299 ἀείπαις
529 2239 583 2289 δὲ
625 2239 872 2307 ἐτηρεῖτο
907 2240 1036 2308 ἄχρι
1090 2243 1270 2310 γήρως
1318 2240 1506 2304 αὑτοῦ,
1565 2242 1829 2309 μηδαμῶς

252 2329 385 2388 τοὺς
417 2331 615 2397 ὅρκους
640 2333 970 2399 αἱρουμένου
995 2333 1143 2384 λύειν
1193 2335 1533 2402 Μαρκιανοιὶ
1586 2335 1826 2404 Συνεψη-

255 2419 457 2486 φίζετο
482 2421 525 2471 δ’
559 2425 616 2482 ἐς
643 2422 875 2489 ὕστερον
903 2425 994 2474 καὶ
1013 2425 1455 2485 Οὐαλεντινιανδς
1483 2425 1700 2492 ἐκείνῳ,
1737 2426 1833 2494 τὴν

258 2509 565 2574 ἠγεμονίαν
587 2511 684 2577 τῆς
729 2511 957 2578 Ῥώμης
1013 2514 1326 2580 κατάρχων,
1387 2515 1480 2564 καὶ
1533 2514 1629 2582 τὴν
1685 2516 1835 2581 βασι-

255 2598 416 2648 λείαν
445 2599 644 2668 ἐκύρου
672 2602 1002 2671 Μαρκιανῷ,
1051 2603 1150 2670 τὴν
1196 2604 1395 2672 ἀρετὴν
1439 2605 1663 2673 τάνδρὸς
1721 2606 1831 2658 δια-

257 2688 490 2748 κούσσς.
516 2685 624 2740 Ἶῐν
657 2691 712 2741 δὲ
738 2693 844 2759 πρὸ
875 2694 1073 2754 παντὸς
1114 2694 1420 2763 Μαρκιανῷ
1471 2695 1836 2763 σπουδαζόμε-

258 2795 352 2827 νον
390 2778 448 2829 ἓν
478 2797 529 2830 τι
559 2783 650 2832 καὶ
685 2783 864 2834 κοινὸν
901 2788 1050 2853 παρὰ
1095 2787 1313 2838 πάντων
1344 2787 1506 2846 σέϐας
1546 2785 1662 2853 Θεῴ
1698 2788 1830 2838 ἀνα.-

257 2868 552 2934 φέρεσθαι,
580 2873 643 2922 ἐκ
683 2875 848 2940 μέσον
880 2891 937 2924 τε
969 2876 1065 2936 τὰς
1099 2875 1344 2943 αἱρέσεις
1387 2874 1663 2940 γενέσθαι,
1702 2875 1834 2942 μίαν

263 2973 326 3006 τε
364 2956 455 3009 διὰ
489 2963 586 3026 τῆς
641 2961 888 3024 ἑνὼσεως
949 2963 1282 3015 καθεστάναι
1342 2964 1437 3032 τὴν
1490 2963 1836 3032 Ἐκκλησίαν,

260 3048 365 3099 καὶ
425 3050 529 3102 ὑπὸ
560 3054 658 3121 μιᾷ
681 3054 961 3123 δοξολογίᾳ
1000 3055 1098 3123 τὴν
1123 3054 1420 3123 θρησκείαν
1459 3055 1836 3122 γεραίρεσθαι.

1927 611 2023 650 eos
2053 605 2271 664 patrum
2313 597 2433 650 loco
2495 597 2810 651 habiturum
2859 615 2979 654 esse
3008 601 3166 654 dixit.
3199 602 3374 666 Quare
3408 606 3483 658 illi

1931 686 2208 741 hominem
2264 688 2461 742 deinde
2507 703 2639 742 auro
2688 690 3030 758 hospitaliter
3099 694 3484 762 locupletatum

1927 775 2456 845 Constantinopolim
2484 777 2851 832 deduxerunt.
2883 778 2979 832 Ubi
3014 796 3140 833 vero
3163 798 3322 835 omen
3351 784 3480 836 illud

1929 868 1995 920 ad
2051 883 2162 920 rem
2221 867 2474 921 collatum
2537 879 2640 925 est.
2693 869 2997 923 Marcianus
3050 885 3116 923 ex
3167 871 3328 940 Lycia
3393 890 3486 926 eos

1929 968 2201 1020 evocatos.
2238 967 2415 1026 patres
2461 975 2590 1012 suos
2636 961 2884 1014 creavit:
2939 970 2994 1014 et
3030 961 3259 1015 Tatiano
3303 966 3487 1030 patriae

1931 1065 2040 1103 suae
2098 1050 2493 1118 praefecturam,
2552 1049 2765 1103 Juliano
2793 1065 2973 1104 autem
3026 1052 3201 1123 Lyciae
3253 1054 3486 1109 admini-

1931 1142 2246 1196 strationem
2279 1142 2565 1195 concessit.
2611 1142 2732 1198 llaec
2789 1145 3032 1211 prodigia
3088 1146 3345 1200 Marciani
3391 1148 3490 1200 im-

1933 1233 2143 1301 perium
2201 1247 2544 1300 praecessere.
2590 1234 2655 1286 At
2709 1249 2809 1287 nos
2856 1235 2920 1286 ad
2968 1234 3275 1288 institutum
3316 1252 3484 1305 argu-

1933 1335 2173 1376 mentum
2205 1335 2566 1377 revvrtamur.
2593 1324 2918 1389 Marcianus,
2942 1337 3207 1393 quantum
3235 1328 3321 1380 vix
3349 1330 3489 1383 alius

1931 1417 2242 1484 quisquam,
2274 1415 2501 1468 verioris
2527 1430 2656 1481 erga
2707 1416 2871 1468 Ileutn
2917 1417 3134 1483 pictatis
3156 1418 3489 1487 justitimque

1932 1507 2110 1559 cultor
2138 1507 2278 1561 fuit:
2326 1509 2539 1561 divitias
2573 1523 2814 1576 opesque
2842 1524 2998 1562 veras
3038 1526 3155 1562 esse
3193 1521 3409 1578 putans,
3444 1511 3491 1564 si

1936 1613 2040 1648 non
2081 1598 2260 1650 studio
2290 1599 2438 1652 mnni
2474 1599 2648 1652 aliena
2703 1601 2842 1653 bona
2876 1601 3187 1664 corradere,
3225 1603 3320 1654 sed
3350 1602 3492 1655 imii-

1933 1690 2170 1753 gentium
2201 1692 2482 1756 penuriam
2524 1693 2847 1746 liberalitate
2886 1708 2980 1745 sua
3024 1693 3312 1746 sublevare
3351 1709 3489 1761 pos-

1934 1793 2032 1834 set.
2075 1781 2454 1836 Forniidabilis
2509 1786 2672 1836 etiam
2725 1787 2956 1838 maxime
2992 1787 3211 1839 habitus
3243 1799 3344 1848 est,
3379 1803 3490 1839 non

1935 1885 2038 1925 tam
2068 1875 2330 1941 exemplis
2359 1891 2641 1943 pmnarum
2674 1877 2850 1935 editis,
2882 1893 3044 1945 quam
3085 1879 3492 1945 exspectatione

1933 1973 1984 2017 ct
2029 1977 2176 2018 metu
2213 1967 2631 2033 suppliciorum.
2666 1966 2829 2036 588
2861 1967 2989 2031 Qum
3018 1967 3249 2021 virtutes
3289 1968 3489 2030 fecere,

1936 2067 1987 2110 ut
2036 2073 2142 2110 non
2172 2059 2507 2112 lizeredilatis
2541 2062 2963 2122 successionem,
2991 2061 3083 2112 sed
3113 2061 3329 2113 virtutis
3350 2075 3494 2113 mer—

1934 2149 2119 2203 cedem
2148 2150 2436 2217 imperium
2461 2151 2752 2218 acceperit,
2785 2160 2975 2203 senatu
3009 2153 3124 2217 ipso
3151 2160 3206 2203 et
3232 2151 3489 2202 omnibus

1936 2239 2168 2293 fortuna:
2192 2239 2455 2308 cujusque
2499 2240 2818 2292 hominibus
2861 2241 3085 2293 calculis
3115 2241 3228 2292 suis
3265 2240 3495 2292 l‘ulclie-

1936 2330 2028 2383 ria:
2056 2334 2306 2398 Augusta:
2355 2331 2679 2385 sententiam
2724 2330 3235 2400 comprobantibus.
3256 2330 3386 2394 Qua:
3436 2329 3493 2383 in

1937 2422 2058 2474 aula
2086 2422 2305 2489 quidem
2353 2423 2698 2489 imperatoria
2735 2439 2859 2475 cum
2905 2438 2971 2476 eo
2996 2423 3146 2485 vixit,
3175 2431 3229 2476 et
3261 2439 3364 2475 una
3396 2424 3496 2476 im-

1939 2512 2150 2578 perium
2186 2512 2602 2579 administravit,
2654 2515 2806 2583 virgo
2846 2527 3025 2566 autem
3059 2515 3123 2567 ad
3157 2521 3494 2568 senectutem

1941 2615 2108 2669 usque
2133 2602 2454 2668 permansit,
2476 2601 2745 2655 Marciano
2767 2603 2814 2654 ei
2847 2602 3006 2655 iidem
3029 2619 3122 2670 per
3140 2602 3495 2670 jurisjnrandi

1939 2691 2254 2759 religionem
2284 2693 2464 2744 datam
2505 2702 2775 2744 servante.
2833 2692 3184 2744 Postmodum
3221 2703 3273 2744 et
3304 2693 3499 2745 Valen-

1938 2783 2203 2844 tinianus,
2253 2785 2342 2850 qui
2411 2784 2704 2834 lluinanam
2765 2783 2954 2836 urbem
3005 2785 3244 2850 regebat,
3288 2784 3379 2835 ubi
3431 2786 3500 2836 de

1942 2875 2147 2926 virtute
2194 2875 2311 2940 ejus
2345 2874 2545 2926 certior
2594 2885 2676 2926 est
2713 2874 2904 2937 factus,
2961 2875 3221 2942 sull'ragio
3254 2889 3352 2927 suo
3402 2875 3503 2927 im-

1943 2965 2155 3031 perium
2193 2966 2242 3017 ei
2289 2965 2649 3017 conﬁrmavit.
2699 2965 2755 3016 In
2795 2965 2984 3032 primis
3013 2981 3142 3019 vero
3190 2967 3319 3018 illud
3355 2966 3497 3018 Mar-

1947 3055 2138 3108 cianus
2161 3056 2464 3115 studuit,ut
2486 3071 2651 3106 unum
2678 3065 2733 3107 et
2759 3070 3103 3107 communem
3126 3055 3194 3107 ab
3219 3056 3497 3118 ontiiibus,

259 3140 502 3195 sublatis
539 3160 570 3196 e
619 3147 799 3198 medio
833 3147 1158 3210 lueresibus,
1205 3145 1315 3200 Deo
1344 3146 1564 3200 oﬂ'erret
1602 3148 1831 3212 cultum,
1873 3154 1928 3200 et
1965 3147 2205 3201 Ecclesia
2236 3163 2331 3216 per
2387 3147 2828 3215 coniunctionem
2894 3149 3067 3209 unita,
3097 3148 3420 3199 sententiam
3444 3157 3500 3198 et

267 3231 597 3301 religionem
632 3251 793 3290 unam
819 3238 1043 3292 coleret.

873 3377 1122 3430 ΚΕΦᾹΛ.
1151 3375 1223 3430 B'.

277 3471 417 3524 Ἑπὶ
448 3469 645 3532 ποίαις
686 3468 901 3530 αιτίαις
941 3468 980 3534 ὴ
1031 3468 1168 3534 drla
1197 3467 1297 3520 καί
1327 3469 1712 3537 οὶκουμενική
1747 3487 1840 3523 τε-

339 3540 527 3604 τάρτη
563 3537 829 3601 σύνοδος
869 3537 967 3589 ἐπὶ
994 3537 1105 3602 τῆς
1147 3537 1217 3589 ἐν
1249 3539 1496 3604 Βιθυνίᾳ
1535 3540 1841 3606 Χαλκηόόο

340 3626 452 3673 νος
486 3607 783 3672 συνέστη.

340 3719 504 3772 Οὕτω
554 3720 600 3770 δ’
636 3718 814 3786 ἔχοντι
861 3716 1107 3787 γνώμης,
1142 3718 1294 3770 Λέων
1332 3721 1358 3769 ὁ
1389 3719 1620 3780 πάππας
1652 3717 1841 3786 γράμ-

268 3828 442 3880 μασιν
465 3809 784 3876 ἀνηρέθιζε,
837 3809 903 3860 τά
934 3808 1274 3876 τολμηθέντα
1305 3810 1537 3877 Εὑτυχεϊ
1561 3809 1655 3863 καὶ
1685 3811 1843 3862 Διοσ-

266 3903 425 3969 κᾶρῳ
455 3902 599 3952 κατὰ
639 3898 743 3966 τῆς
801 3899 1038 3960 πίστεως
1088 3900 1182 3949 καὶ
1208 3898 1301 3950 τοῦ
1331 3899 1578 3968 ἀοιδίμου
1616 3900 1846 3952 Φλασια-

269 3992 368 4044 νοῧ
409 3993 500 4043 ἐπὶ
531 3992 892 4058 οἱκουμενικῇ
943 3988 1147 4054 συνόδῳ
1177 3989 1557 4058 ἐξετασθῆναι.
1596 3987 1726 4042 Εἶτα
1754 3991 1845 4043 καὶ

266 4090 392 4141 ὅσοι
426 4087 560 4155 παρ’
604 4086 828 4137 ἐκείνων
864 4081 1003 4153 ἦσαν
1047 4083 1528 4151 καθυϐρισθέντες,
1564 4085 1657 4135 καὶ
1698 4082 1842 4135 οὗτοι

267 4182 536 4246 προσίασι
575 4177 642 4228 τὰ
692 4177 833 4226 κατὰ
874 4177 1017 4242 σφᾶς
1053 4175 1334 4234 αἰτοῦντες
1361 4174 1646 4242 κριθῆναι·
1685 4175 1842 4242 μάλι-

268 4287 376 4321 στα
400 4269 456 4319 δὲ
489 4270 708 4320 πάντων
740 4267 1004 4326 Εὐσέϐιος
1031 4268 1059 4318 ὁ
1089 4267 1384 4333 Δορυλαίου
1417 4267 1720 4326 ἐπίσκοπος
1746 4283 1844 4333 γε·

267 4359 449 4426 γονὼς
476 4360 575 4426 τὴν
600 4359 858 4409 ὑπόθεσιν
887 4357 1146 4415 ἀνεκίνει.
1180 4357 1408 4424 φάσκων
1431 4357 1504 4417 ὡς
1529 4357 1844 4419 ὲπισουλαῐς

268 4447 627 4514 Χρυσαφίου,
674 4446 959 4497 Θεοδοσίου
1006 4443 1076 4495 τὰ
1123 4443 1307 4496 δίκαια
1354 4446 1633 4510 φέροντος,
1681 4445 1845 4506 αὐτὸς

267 4541 371 4590 καὶ
402 4536 711 4597 Φλαϐιανδς
753 4534 1110 4602 καθαιρεθείη
1138 4550 1151 4564 ·
1183 4535 1375 4602 ὅτιπερ
1409 4537 1630 4601 χρυσίον
1660 4537 1750 4586 ἐπὶ
1777 4537 1844 4604 τῇ

268 4630 588 4700 χειροτονία
613 4628 866 4695 ζητοῦντι
891 4627 969 4696 τῷ
987 4626 1287 4695 Χρυσαφίῳ
1309 4627 1631 4690 Φλαϐιανδς,
1655 4630 1843 4696 ὥσπερ

2549 3375 2771 3429 CAPUT
2823 3378 2887 3428 ll.

1948 3467 2138 3531 Quibus
2171 3469 2430 3538 decumis
2453 3477 2636 3519 sancta
2664 3468 2987 3538 universalis
3021 3471 3247 3538 synodus
3281 3479 3499 3538 quarta,

2213 3536 2531 3589 Chalcedone
2566 3539 2616 3587 in
2652 3536 2898 3605 Bithynia
2935 3540 3001 3589 sit
3026 3536 3228 3591 coacta.

2016 3716 2131 3769 Hoc
2163 3715 2312 3768 illum
2360 3716 2437 3768 sic
2477 3716 2657 3768 animo
2695 3718 3010 3782 agitantem,
3048 3718 3243 3772 litteris
3277 3721 3502 3787 insuper

1945 3809 2055 3862 suis
2088 3808 2198 3861 Leo
2225 3823 2358 3875 papa
2398 3809 2652 3859 excitavit
2674 3848 2688 3870 ,
2722 3817 2780 3859 ut
2831 3810 2882 3861 in
2915 3811 3205 3862 universali
3244 3812 3499 3875 eoneilio,

1945 3898 2013 3951 de
2030 3897 2199 3950 atroci
2231 3898 2421 3965 injuria
2451 3913 2613 3965 quam
2653 3897 2920 3966 Eutychos
2948 3908 3003 3953 et
3045 3901 3335 3954 Dioscorus
3374 3903 3500 3956 fidei

1945 3986 2268 4040 Christianae
2303 3996 2357 4039 et
2397 3988 2754 4040 celeberrimo
2801 3990 2917 4041 viro
2959 3990 3215 4042 Flaviano
3261 3993 3501 4059 irrogare

1946 4076 2059 4128 ausi
2112 4076 2380 4138 fuissent,
2439 4078 2828 4145 inquireretur.
2885 4082 3246 4134 Aceesserunt
3305 4085 3499 4142 etiam,

1945 4168 2260 4237 quicunque
2290 4169 2358 4220 ab
2386 4169 2489 4222 illis
2515 4171 2842 4223 contumelia
2870 4171 3045 4225 aﬂ‘ecti
3079 4173 3316 4238 fuerant,
3342 4186 3400 4229 ut
3430 4178 3496 4228 de

1945 4273 2133 4310 eorum
2183 4272 2343 4310 causa
2389 4259 2727 4326 judicaretur
2764 4270 3008 4328 petentes
3048 4281 3059 4314 :
3114 4263 3345 4316 maxime
3374 4279 3504 4319 vero

1945 4364 2011 4401 ex
2037 4349 2290 4402 omnibus
2322 4349 2608 4412 Eusebius,
2659 4352 2881 4419 Ilorylzei
2920 4352 2994 4419 (Ι)
3021 4355 3267 4415 antistes,
3298 4354 3502 4408 sollici-

1949 4438 2152 4490 tatione
2193 4452 2287 4490 sua
2319 4452 2436 4490 eam
2475 4454 2587 4489 rem
2623 4441 2750 4507 egit,
2779 4442 2993 4495 insidiis
3023 4442 3368 4512 Clirysaphii,
3406 4445 3500 4512 qui

1949 4528 2245 4582 Theodosii
2273 4529 2490 4597 juribus
2515 4530 2718 4584 abusus
2743 4541 2905 4594 esset,
2931 4541 2988 4586 et
3025 4533 3130 4584 sibi
3162 4541 3213 4586 et
3249 4533 3504 4586 Flaviano

1955 4629 2240 4686 propterea
2272 4619 2591 4682 dignitatem
2623 4619 2931 4687 ademptam
2954 4636 3073 4673 esse
3110 4622 3498 4675 memorando:

268 4722 578 4790 ἐντρέπων,
617 4721 738 4789 ἱερὰ
766 4720 936 4786 σκεύη
967 4719 1205 4786 ἔπεμπε,
1238 4719 1335 4784 τὴν
1366 4719 1576 4769 ἔνδειαν
1605 4719 1843 4787 προὸαλ-
1875 4703 1921 4758 θ

1830 4747 1843 4759 .
1875 4703 1921 4758 D
1949 4709 2092 4777 quod
2123 4709 2461 4779 Chrysaphio
2491 4710 2777 4763 Flavianus
2826 4725 3018 4762 aurum
3061 4711 3347 4765 electionis
3370 4727 3503 4763 eon-

270 4817 525 4882 λόμενος.
568 4812 884 4880 Προσετίθει
917 4827 981 4879 γε
1013 4812 1120 4879 μὴν
1152 4812 1247 4864 καὶ
1277 4809 1350 4870 ὡς
1394 4811 1622 4878 Εὐτυχεῖ
1667 4827 1844 4877 παρα-

271 4907 505 4971 πλήσιος
555 4900 624 4972 ἦν
670 4907 771 4969 τὴν
830 4903 1127 4972 θρησκείαν
1187 4904 1215 4953 ὁ
1258 4899 1608 4966 Χρυσᾶφιος·
1671 4902 1731 4953 τὸ
1785 4902 1842 4952 δὲ

276 5006 565 5062 μέγιστον,
633 4996 709 5056 ὼς
763 4997 854 5046 καὶ
907 4992 1206 5054 Φλαόιανὸς
1270 4994 1468 5051 ἀδίκως
1525 4992 1839 5059 ἀναιρεθείη

276 5091 418 5155 πρὸς
448 5087 743 5150 Διοσκόρου
791 5085 1163 5150 ἀπηνέστερον
1209 5084 1302 5135 τοῦ
1348 5082 1642 5153 λῃστρικοῦ
1689 5097 1843 5131 συνε-

274 5179 430 5244 δρίου
459 5176 822 5242 διωθούμενος
863 5192 920 5225 τε
969 5175 1060 5224 καὶ⁵
1095 5172 1506 5239 λακτιζόμενος.
1534 5167 1632 5222 Ὧν
1667 5172 1848 5240 χάριν,

276 5269 577 5336 γράμμασι
605 5265 711 5316 τῶν
746 5267 1096 5332 κρατούντων
1136 5264 1244 5314 τῶν
1293 5260 1609 5331 ἁπανταχοῦ
1658 5263 1850 5329 ἱερέων

281 5357 769 5426 μετακληθέντων,
791 5357 824 5424 ἡ
847 5359 905 5406 ὲν
930 5356 1232 5420 Χαλκηῖόνι
1258 5353 1570 5422 ἀθροίζεται
1599 5352 1813 5413 σύνοδος
1833 5367 1847 5381 ’

275 5452 313 5518 ἡ
349 5451 416 5517 δὴ
449 5449 668 5514 πρῶτον
698 5450 799 5514 μὲν
843 5451 900 5498 ἐν
933 5446 1138 5515 Νικαίᾳ
1171 5444 1459 5514 ἠθροίσθη,
1499 5443 1631 5495 ἔνθα
1663 5442 1725 5507 δὴ
1761 5442 1855 5492 καὶ

279 5545 306 5592 ὁ
361 5538 626 5606 πρόεδρος
659 5537 882 5604 Ῥώμης
927 5538 1077 5587 Λέων
1124 5533 1424 5595 ἐπέστειλε,
1487 5533 1850 5589 ιὶασκασίνου,

211 5666 225 5697 ι
279 5629 378 5682 καὶ.
412 5626 766 5687 Λουκενσίου,
812 5627 901 5674 καί
941 5627 1141 5694 ἐτέρων
1179 5625 1289 5684 τοῖς
1330 5621 1622 5691 γράμμασι
1673 5620 1854 5670 διακοο

357 5781 435 5846 (l)
469 5779 607 5834 Plin.
633 5776 912 5832 Doritaum
949 5789 1116 5836 vocat,
1156 5775 1246 5827 lib.
1283 5789 1332 5833 v,
1361 5788 1478 5833 cap.
1515 5773 1602 5826 9.9.

1952 4799 2380 4866 secrationisque
2432 4814 2543 4852 sua:
2582 4800 2800 4853 nomine
2837 4803 3078 4868 petenti,
3127 4810 3503 4868 paupertatem

1950 4904 2103 4942 suam
2154 4891 2513 4958 praetendens,
2551 4899 2604 4943 et
2638 4899 2696 4944 ut
2727 4891 2876 4943 illum
2903 4892 3111 4959 pudore
3136 4891 3500 4950 sulIunderet,

1950 4993 2101 5032 sacra
2166 4979 2407 5032 ecclesiae
2457 4995 2579 5032 vasa
2631 4981 2939 5033 obtulisset.
2992 4981 3206 5047 Adjecit
3266 4980 3312 5033 is
3372 4981 3502 5030 illud

1951 5087 2188 5139 quoque,
2210 5069 2608 5140 Cbrysaphium
2627 5073 2875 5125 eamdem
2896 5087 3018 5126 cum
3048 5073 3344 5141 Eutycliete
3364 5086 3504 5123 com-

1952 5163 2110 5229 plecti
2162 5163 2496 5229 religionem.
2528 5162 2591 5215 Et
2627 5166 2771 5231 quod
2823 5162 3114 5215 maximum
3167 5170 3334 5223 esset,
3387 5159 3503 5211 Fla-

1951 5254 2169 5305 vianum
2199 5269 2229 5304 a
2263 5253 2517 5306 DiOscoro
2550 5254 2833 5308 crudelem
2859 5253 2911 5306 in
2932 5255 3149 5305 modum
3182 5251 3504 5318 praedatoria

1951 5357 2207 5395 consessu
2272 5345 2528 5411 ejectum,
2577 5344 2820 5397 calcibus
2867 5342 3238 5411 proculcatum
3294 5352 3348 5393 ct
3377 5356 3502 5391 enc-

1957 5441 2100 5481 ctnm
2139 5445 2277 5484 esse.
2308 5432 2507 5484 Eorum
2542 5448 2722 5485 rerum
2747 5432 2915 5498 gratia
2947 5432 3338 5498 imperatorum
3364 5429 3501 5479 litte-

1959 5522 2054 5581 ris,
2106 5521 2345 5574 locorum
2387 5522 2628 5575 omnium
2682 5522 2954 5589 episcopis
2985 5519 3317 5579 convocatis,
3351 5532 3501 5586 syno-

1959 5612 2063 5666 dus
2107 5611 2448 5667 Chalcedone
2491 5623 2575 5666 est
2621 5622 2830 5676 coacta,
2864 5626 2983 5679 qua:
3022 5610 3240 5678 quidem
3274 5608 3502 5676 primum
