4236 6442
247 416 305 477 l7
1168 416 1762 476 ECCLESIAdTleE
1803 416 2192 478 HiS'i‘ORi/E
2229 421 2372 480 LIB.
2420 422 2538 484 XV.
3441 424 3502 490 18

240 521 400 587 οἶκος,
428 525 483 586 ἐς
517 524 711 593 τέχνην
750 523 892 592 μάλα
921 524 1320 594 ἐξησκημένος,
1350 526 1494 576 κίοσι
1527 527 1622 578 καὶ
1653 525 1814 587 αὐτὸς

1863 533 1890 589 λ
1923 538 2028 586 tus.
2083 543 2188 596 qua
2227 539 2378 597 parte
2424 529 2504 583 sol
2540 529 2738 590 oritur,
2791 531 2937 585 a-des
2975 533 3262 586 rotundior
3317 547 3498 587 ercrtn

241 614 333 684 τὴν
378 615 509 683 ὓλην
545 618 682 674 ῖσοις
737 617 832 668 καὶ
874 619 985 676 τοῖς
1018 617 1275 682 μεγέθεσι
1317 617 1409 668 καὶ
1443 618 1556 673 τοῖς
1585 614 1818 685 χρώμα-

245 727 342 763 σιν.
385 710 461 770 ὡς
499 711 556 761 ἐν
588 708 736 779 χορῷ
772 710 913 762 κατᾶ
965 709 1166 762 κύκλον
1215 711 1463 774 ἑστῶσιν,
1503 711 1713 763 ἔνδοθεν
1745 710 1819 762 ὠ-

245 803 446 871 ραῖζων
497 802 557 854 τὸ
587 805 838 870 τέμενος.
872 803 990 870 Ἐφ’
1040 799 1122 865 οἷς
1181 804 1434 873 ὑπερῷὗν
1469 821 1521 855 τι
1577 805 1818 874 ἐπῆρται

243 894 410 964 ὀροςῇ
440 896 507 963 τῇ
534 894 697 965 αὐτῇ,
731 896 806 956 ὡς
839 896 905 948 ἄν
948 896 999 962 γ’
1033 894 1126 963 ἐξῇ
1159 895 1469 964 βουλομένῳ
1508 896 1674 949 παντὶ
1705 899 1818 958 τοῖς

241 986 586 1055 τελουμένοις
637 990 918 1056 π;ρεῖναι,
963 988 1024 1038 ἐν
1090 987 1276 1044 ταυτῶ
1323 987 1378 1039 δὲ
1413 991 1505 1042 καὶ
1534 988 1633 1057 τῆς
1676 988 1818 1056 μάρ-

241 1097 401 1148 τυρος
450 1079 680 1141 δεῖσθαι,
739 1081 1109 1148 τετραμμένῳ
1139 1081 1276 1148 πρὸς
1329 1080 1426 1134 ἕω.
1460 1079 1566 1132 Τοῦ
1601 1096 1665 1147 γε
1714 1081 1819 1149 μὴν

243 1174 394 1224 θόλου
429 1172 574 1224 ἔνδον
607 1173 759 1233 ἄλλος
797 1173 914 1224 ἐστὶ
954 1175 1120 1240 σηκὸς
1157 1173 1644 1242 εὐπρεπέστατοςο
1683 1176 1817 1226 ὅπου

239 1265 299 1335 δὴ
331 1266 436 1334 τὴν
465 1266 722 1334 μάρτυρα
769 1265 986 1316 κεῖσθαι
1025 1265 1336 1328 συνέϐαινε,
1373 1267 1517 1335 σορῷ
1555 1284 1661 1318 τινι
1695 1269 1821 1319 ἑπι-

243 1361 427 1425 μήκει,
457 1358 524 1425 ἣν
554 1355 682 1408 ἔνιοι
713 1356 940 1408 καλοῦσι
968 1358 1231 1426 Μακρὰν,
1265 1357 1493 1428 ἀργύρῳ
1517 1361 1595 1420 είς
1623 1360 1822 1428 τέχνην

237 1449 567 1516 διαχυθέντι,
601 1445 660 1500 εὖ
703 1449 847 1517 μάλα
877 1449 1198 1518 ἁπανταχοῦ
1228 1452 1688 1520 περιειλουμένην
1724 1453 1819 1506 καὶ

240 1542 313 1600 εἰς
347 1540 550 1601 κάλλος
577 1541 820 1603 ἐξαίσιον
869 1540 1358 1609 διεσκευασμένην.
1404 1542 1545 1594 Ἀλλ’
1587 1544 1686 1596 ὅσα
1723 1545 1822 1612 μὲν

238 1631 320 1682 ἀεὶ
352 1630 524 1695 ξένως
550 1631 1060 1702 ἐθαυματουργεῖτο
1093 1632 1262 1686 πάλαι
1297 1636 1360 1703 τῇ
1396 1636 1659 1704 μάρτυρι,
1685 1638 1822 1689 πᾶσι

243 1722 592 1790 Χριστιανοῖς
638 1723 906 1790 πρόδηλα.
946 1725 1056 1775 Καὶ
1089 1724 1198 1794 γὰρ
1239 1727 1579 1795 ἐφισταμένη
1615 1728 1693 1797 τῷ
1720 1729 1818 1797 τὴν

238 1813 426 1881 χώραν
489 1814 889 1866 ἐπισκοποῦντι
943 1815 1207 1878 πολλάκις
1263 1818 1418 1886 ὖναρ,
1467 1819 1500 1888 ἦ
1551 1836 1655 1871 τινι
1713 1822 1820 1873 τῶν

237 1906 411 1965 ἄλλως
459 1907 749 1974 ἐπισήμως
789 1906 1079 1976 βιόύντων,
1132 1909 1195 1962 ἐκ
1244 1909 1338 1961 τοῦ
1388 1913 1731 1981 παρήκοντος
1777 1914 1820 1963 δ’

238 1999 684 2066 ἐ-δτυ’,’χανόντων
715 2000 793 2066 τῷ
828 2001 1031 2069 ταύτης
1070 2002 1243 2071 δόμῳ,
1270 2003 1518 2070 ἀφθόνως
1551 2005 1658 2056 τῶν
1691 2004 1824 2056 Θαυο

241 2085 432 2153 μάτων
465 2091 676 2157 τρυγᾷν
708 2090 1075 2143 ἐνεκελεύετο.
1125 2093 1190 2143 "0
1213 2092 1279 2160 δὴ
1306 2094 1551 2159 γνωσθὲν
1581 2097 1695 2157 τοῖς
1721 2095 1823 2147 ἀνὰ

239 2178 334 2246 τὴν
364 2180 810 2245 Κωνσταντίνου,
852 2185 1089 2249 ἐφοίτων
1127 2185 1402 2254 πανδημεὶ
1441 2187 1630 2254 ὅμιλος
1677 2188 1827 2240 πλεῖ-

240 2287 361 2330 στος
388 2283 406 2298 ο
443 2271 469 2321 δ
498 2289 555 2322 τε
611 2273 678 2324 τὰ
723 2279 978 2344 σκῆπτρα
1028 2277 1255 2339 διέπων,
1310 2280 1402 2330 καὶ
1450 2281 1499 2331 οἱ
1543 2280 1640 2338 τὰς
1674 2283 1825 2351 ἱερὰς

239 2363 392 2427 ἡνίας
432 2364 887 2434 διαχειρίζοντες,
933 2369 1028 2420 καὶ
1051 2371 1099 2421 οἲ
1134 2373 1250 2430 ταῖς
1283 2371 1500 2433 λοιπαῖς
1537 2373 1825 2439 ἐφίσταντο

236 2455 341 2505 τῶν
374 2457 587 2522 ἀρχῶν,
623 2457 690 2508 τὰ
719 2459 1030 2528 τελούμενα
1069 2460 1390 2529 βουλόμενοι
1415 2464 1678 2514 κατιδεῖν.
1715 2465 1826 2516 Καὶ

235 2545 298 2612 δη
326 2548 554 2597 παντω)
592 2549 870 2618 δρώντων,
903 2553 931 2603 ό
961 2552 1061 2614 τῆς
1087 2553 1505 2605 Κωνσταντίνου
1533 2557 1631 2623 τὴν
1664 2556 1824 2624 ἱερω-

240 2635 403 2706 σύνην
437 2639 842 2706 ἐπειλημμένος
899 2642 1039 2709 μετὰ
1097 2643 1208 2694 τῶν
1255 2644 1394 2712 ἀμφ’
1431 2644 1592 2695 αὑτὸν
1632 2645 1825 2714 ἱερέων

241 2731 368 2781 εῐσω
401 2731 500 2782 τοῦ
550 2733 848 2800 εἰρημένου
899 2751 988 2800 μοι
1029 2735 1196 2804 δόμου
1239 2736 1458 2804 ἐχώρει,
1513 2737 1637 2788 ἔνθα
1671 2735 1736 2806 δὴ
1767 2737 1825 2788 τὸ

244 2823 589 2890 μ-αρτυρικδν
622 2827 798 2876 ἐκεῖνο
849 2825 1011 2892 σῶμα
1047 2829 1395 2881 κατάκειται.
1435 2829 1649 2897 ΙΙροσῆν
1672 2827 1730 2880 δὲ
1755 2831 1822 2898 τῇ

245 2912 388 2980 σορῴ
437 2914 587 2964 κατὰ
627 2917 685 2965 τὸ
733 2916 883 2968 λαιὸν
940 2917 1109 2985 μέρος
1158 2919 1556 2987 κλειθρίδιόντι
1603 2921 1821 2988 σεμνὸν,

244 2999 439 3068 θύραις
473 3004 703 3068 μικραῖς
738 3006 790 3064 ἐς
839 3004 900 3054 τὸ
933 3004 1334 3071 ἁκριὸἑστατον
1373 3007 1826 3076 κατησφαλισμέ-

242 3104 330 3137 νον
353 3104 365 3116 ·
402 3089 493 3155 ἐφ’
602 3089 823 3158 σίδηρον
849 3109 971 3144 τινα
1007 3095 1260 3164 ἐπιμήκη
1295 3096 1542 3158 καθιᾶσι,
1585 3100 1823 3164 σπόγγον

242 3182 382 3232 κατὰ
413 3181 476 3232 τὸ
507 3181 683 3250 ἄκρον
726 3186 1204 3254 περιαρτὴσαντες
1231 3204 1244 3215 ·
1281 3188 1340 3239 ὃν
1371 3190 1447 3257 τῷ
1481 3191 1691 3260 σιδήρῳ
1723 3190 1826 3242 ἀνὰ

238 3275 304 3325 τὰ
334 3274 591 3342 πανάγια
621 3276 854 3344 λείψανα
886 3277 985 3345 τῆς
1017 3279 1300 3347 μάρτυρος
1333 3283 1818 3350 περιστρέφοντες,

238 3369 520 3436 ἁνιμῶντο
551 3367 710 3430 αὖθις
759 3370 1013 3437 αἱμάτων
1064 3372 1271 3441 πλήρη,
1305 3375 1399 3424 καὶ
1438 3373 1693 3442 θρόμδων
1727 3393 1824 3442 με-

236 3461 381 3524 στὸν,
420 3460 479 3524 ἐξ
512 3460 729 3529 ἰχώρων
783 3462 894 3513 τῶν
925 3464 1289 3532 μαρτυρικῶν
1343 3466 1819 3534 ἀνακεκραμένον.

240 3554 334 3601 Ὃν
370 3553 605 3604 ἐπειδὰν
639 3554 700 3604 τὸ
735 3553 938 3620 πλῆθος
981 3555 1211 3618 κατίδοι,
1245 3555 1404 3618 εὐθὺς
1448 3559 1527 3618 εἰς
1571 3561 1674 3626 γῆν
1701 3557 1818 3608 κλί-

235 3664 450 3710 ναντες,
510 3647 610 3697 σὺν
669 3645 974 3714 ἀλαλαγμῷ
1033 3649 1278 3717 μεγίστῳ
1321 3648 1451 3700 Θεὸν
1503 3650 1816 3718 ἐγέραιρον,

235 3741 426 3806 χεῖρας
461 3738 714 3807 αἴροντες
755 3740 846 3790 καὶ
872 3739 952 3807 τῷ
1002 3741 1294 3809 παραδόξῳ
1346 3742 1818 3810 ἐκπεπληγμένοι.

236 3829 411 3882 Τόσον
445 3830 492 3881 δ’
552 3826 620 3899 ἧν
658 3830 720 3881 τὸ
773 3832 1050 3900 ἀπορρέον
1101 3832 1335 3894 ἐκεῖθεν,
1389 3835 1482 3884 καὶ
1527 3834 1620 3886 ἐπὶ
1665 3833 1820 3886 τόσον

235 3919 472 3986 ἄφθονον
508 3923 809 3990 προΐσχετο
861 3923 960 3991 τὴν
1007 3923 1374 3993 πλημμύραν,
1421 3924 1497 3984 ὡς
1543 3922 1617 3993 μὴ
1661 3927 1823 3992 μόνον

237 4011 484 4079 βασιλεῖς
512 4029 574 4064 τε
610 4014 704 4064 καὶ
759 4015 940 4083 ἱερέας
975 4014 1025 4066 οἳ
1076 4015 1456 4077 συναλίξονται
1494 4015 1589 4068 καὶ
1643 4016 1822 4066 πάντα

234 4102 325 4150 τὸν
385 4103 890 4170 συναθροιζόμενον
945 4103 1077 4155 λαὸν
1133 4104 1405 4166 πλουσίως
1452 4103 1821 4156 επαποΛαύειν

234 4195 342 4243 τῶν
373 4195 590 4246 ἐκεῖθεν
618 4196 1001 4264 ἁναρῤεόντων
1034 4196 1241 4264 ὑγρῶν,
1273 4196 1410 4249 ἀλλὰ
1449 4198 1542 4248 καὶ
1573 4198 1821 4248 ἁπανταυ

236 4284 330 4350 χοῦ
374 4286 476 4352 γῆς
532 4285 928 4353 μετακομίζειν
964 4286 1089 4348 τοὺς
1149 4286 1550 4354 βουλομένους·
1603 4286 1696 4337 καὶ
1744 4283 1822 4353 τῷ

236 4380 412 4446 χρόνῳ
447 4379 596 4448 μήτε
626 4380 752 4439 τοὺς
783 4377 1065 4447 Θρόμδους
1107 4379 1400 4442 ἐπιλιπεῖν,
1430 4377 1522 4430 καὶ
1577 4377 1636 4429 τὸ
1683 4371 1821 4445 αἷμα

235 4476 295 4525 τὸ
351 4474 504 4525 θεῖον
579 4472 846 4541 μηδαμῶς
883 4471 1389 4540 παραλλάττεσθαι,
1434 4470 1547 4524 ἀλλ’
1584 4473 1671 4523 ἀεὶ
1725 4471 1824 4537 τὴν

238 4566 362 4634 ἴσην
423 4564 562 4632 ὄψιν
612 4563 853 4632 ἐρυθρὰν
908 4565 964 4626 ἐς
1027 4564 1190 4631 βάθος
1220 4563 1280 4617 εὖ
1345 4564 1489 4633 μάλα
1522 4567 1823 4635 διατηρεῖν.

247 4659 590 4727 ’ἔπραττετο
619 4657 674 4707 δὲ
703 4655 877 4709 ταῦτα
903 4656 964 4707 οὐ
991 4656 1131 4707 κατά
1165 4673 1284 4710 τινα
1312 4656 1560 4724 περίοδον
1585 4656 1826 4727 ὡρισμέο

235 4766 353 4818 νην,
381 4750 504 4802 ἀλλ’
535 4749 610 4810 ὠς
640 4748 707 4799 ἂν
736 4748 770 4815 ἦ
793 4765 852 4800 τε
876 4747 971 4800 τοῦ
1000 4747 1357 4816 προεδρεύειν
1388 4749 1638 4817 λαχόντος
1669 4749 1823 4818 βιοτὴ

237 4844 330 4894 καὶ
367 4845 398 4911 ἡ
441 4844 556 4892 τῶν
599 4841 822 4908 τρόπων
862 4841 1134 4910 σεμνότης
1170 4842 1450 4909 ἠϐούλετο.
1497 4844 1668 4909 Λόγος
1718 4846 1826 4910 γαρ

238 4933 373 5004 ἔχει,
416 4935 668 5002 ὁπηνίκα
710 4950 790 4995 τις
836 4935 903 4985 τὰ
934 4935 1033 5002 τῆς
1058 4934 1386 5003 Ἐκκλησίας
1421 4935 1612 4997 ἰθύνοι,
1636 4937 1827 5003 ἐπισή-

244 5044 359 5094 μως
386 5025 626 5079 διασιῶν
659 5028 751 5078 καὶ
795 5028 966 5096 ἀρετῇ
1003 5025 1094 5078 τὸν
1128 5026 1243 5095 βίον
1293 5026 1538 5095 κοσμῶν,
1571 5029 1632 5078 τὸ
1662 5028 1826 5096 τέρας

243 5117 576 5185 συχνάτερον
638 5115 1016 5182 ἐπιγίνεσθαι·
1076 5118 1164 5168 ὅτε
1215 5116 1268 5168 δὲ
1322 5118 1396 5186 μὴ
1448 5116 1688 5180 τοιοῦτος
1717 5117 1827 5186 εἴη,

245 5210 544 5271 σπανίζειν
594 5209 656 5261 τὸ
695 5209 904 5278 θαῦμα,
937 5211 1030 5261 καὶ
1083 5209 1158 5278 μὴ
1214 5210 1414 5280 ῥαδίως
1449 5212 1694 5278 προῖέναι
1731 5213 1829 5280 τῆς

247 5304 533 5372 μάρτυρος
557 5303 619 5352 τὸ
643 5303 952 5366 τεράστιον.
990 5301 1164 5352 Τοῦτο
1211 5301 1308 5368 μὲν
1339 5301 1508 5362 οὕτως
1551 5303 1724 5369 ἔγνων
1749 5321 1831 5368 γι-

245 5395 507 5462 νόμενον·
541 5393 569 5444 ὃ
618 5393 664 5444 δ’
695 5388 789 5445 οὖν
854 5389 980 5443 οὕτε
1037 5391 1254 5460 χρόνος,
1311 5391 1424 5443 ἀλλ’
1480 5392 1599 5444 οὐδὲ
1640 5394 1830 5462 καιρὸς

245 5484 552 5554 διατέμνει,
582 5485 669 5535 ἀεὶ
691 5483 747 5534 δέ
781 5484 868 5550 ρεῖ
900 5482 997 5533 καὶ
1033 5483 1198 5534 πᾶσιν
1225 5482 1434 5532 ἀνεῖται
1468 5484 1697 5544 πιστοῖς,
1737 5483 1830 5532 καὶ

247 5576 421 5636 ἄλλως
453 5576 666 5643 ἔχουσι,
697 5573 868 5635 λέξων
895 5573 1153 5642 ἔρχομαι.
1211 5572 1484 5639 Ὀπηνίκα
1517 5590 1600 5634 τις
1641 5573 1829 5625 ἐνθάδε

250 5666 484 5735 γένηται
513 5667 651 5719 ὅπου
686 5666 751 5736 δὴ
792 5667 892 5734 τὴν
920 5665 1080 5732 σορὸν
1113 5666 1207 5716 καὶ
1248 5666 1314 5717 τὰ
1342 5665 1464 5742 ἱερὰ
1489 5666 1588 5734 τῆς
1620 5667 1830 5735 μάρτυ-

254 5778 343 5828 ρος
384 5761 602 5831 ἀρτίως
637 5760 1039 5830 Θησαυρίζεται
1081 5758 1336 5826 λείψανα,
1383 5759 1551 5826 όδμῆς
1597 5759 1826 5826 ἀπείρου

254 5857 345 5905 2,21
375 5851 695 5923 ὑπερφυοῦς
717 5851 1047 5920 πίμπλαται,
1073 5849 1378 5918 ὑπερτέρας
1399 5849 1506 5902 τῶν
1527 5843 1599 5902 ὧν
1627 5848 1828 5919 ἀνθρώ-

1919 629 2023 684 est,
2058 619 2228 672 multa
2249 629 2366 673 arte
2383 620 2680 682 elaborata,
2717 622 2992 677 columnis
3021 635 3073 677 et
3107 624 3220 693 ipsa
3261 626 3504 677 materie

1924 710 2314 778 magnitudinis
2372 720 2425 764 et
2456 711 2653 765 coloris
2685 712 2956 780 ejusdem,
3013 716 3178 768 veluti
3235 717 3288 769 in
3333 716 3502 767 choro

1921 805 1973 855 in
2006 802 2199 856 circuli
2236 802 2478 856 formam
2518 805 2816 868 stantibus,
2851 806 3041 874 templi
3077 807 3356 861 interioris
3383 823 3507 875 par-

1933 909 2040 951 tem
2091 895 2478 951 cohonestans.
2534 897 2711 966 Super
2745 899 2947 966 quibus
2978 899 3221 968 porticus
3251 899 3502 953 sublimis

1922 988 2109 1042 eadem
2140 991 2240 1042 sub
2268 991 2542 1043 testudine
2570 999 2888 1044 constructa
2931 1002 3036 1055 est,
3079 993 3170 1046 uhi
3203 993 3384 1045 cuivis
3412 992 3499 1045 di-

1921 1081 2063 1134 vinae
2095 1081 2173 1134 rei
2213 1081 2564 1150 mysticisque
2586 1083 2759 1136 sacris
2787 1084 3001 1145 adesse,
3039 1095 3203 1154 atque
3233 1084 3401 1138 etiam
3431 1084 3498 1138 ad

1921 1175 2188 1229 orientem
2213 1190 2480 1228 converso
2511 1177 2880 1244 precationem
2905 1176 2971 1230 ad
2999 1188 3291 1241 martyrem
3327 1179 3500 1246 ipsam

1922 1261 2103 1315 facere
2135 1263 2281 1317 licet.
2321 1261 2467 1316 Intra
2504 1266 2773 1331 porticum
2808 1266 2982 1333 ipsam
3020 1267 3320 1318 sacrarimn
3355 1267 3499 1318 aliud

1920 1363 2006 1408 est
2035 1353 2193 1424 longe
2219 1355 2674 1424 pulcherrimum,
2719 1357 2808 1409 ubi
2856 1369 3062 1426 martyr
3110 1359 3284 1427 posita
3315 1367 3419 1420 est,
3449 1358 3501 1408 in

1924 1446 2137 1498 tumulo
2195 1447 2459 1516 longiore,
2493 1463 2657 1515 quem
2721 1449 2970 1500 nonnulli
3031 1450 3195 1502 etiam
3256 1449 3502 1517 Longum

1927 1550 2140 1602 vocant,
2170 1549 2409 1609 argento
2439 1549 2556 1595 arte
2602 1540 2806 1595 diffuso
2854 1541 3080 1610 pulchre
3112 1541 3402 1594 admodum
3437 1558 3505 1595 ex

1922 1633 2070 1684 omni
2102 1643 2255 1700 parte
2290 1634 2586 1695 inclusum,
2633 1645 2689 1688 et
2739 1635 2804 1687 ad
2844 1637 3174 1703 praecipuam
3202 1635 3506 1703 pulchritu-

1923 1722 2107 1776 dinem
2135 1723 2436 1777 redactum.
2471 1723 2741 1778 Caeterum
2779 1741 2901 1790 qua:
2929 1725 3057 1778 olim
3103 1741 3320 1793 semper
3364 1740 3508 1778 mar-

1927 1822 2008 1882 tyr
2041 1829 2103 1868 ea
2135 1813 2372 1868 ediderit
2406 1815 2688 1876 miracula,
2724 1814 3054 1868 Christianis
3083 1817 3342 1870 omnibus
3375 1830 3506 1869 con~

1927 1914 2053 1960 stat.
2102 1905 2226 1960 Loci
2279 1923 2516 1976 namque
2573 1909 2692 1978 ejus
2748 1923 2990 1976 persmpe
3039 1907 3380 1976 episcopum.
3449 1907 3501 1961 in

1928 2000 2136 2054 somnis
2195 2015 2314 2054 sese
2347 2001 2397 2053 ei
2430 2001 2721 2064 exhibens,
2769 2007 2863 2053 aut
2894 2000 3060 2053 alium
3092 2002 3256 2053 etiam
3314 2013 3504 2068 quem-

1927 2095 2069 2157 piam
2101 2091 2352 2156 prmclare
2376 2093 2537 2143 vitam
2560 2099 2835 2158 agentem,
2884 2089 3064 2142 obiter
3094 2088 3357 2156 templum
3383 2086 3503 2156 ejus

1928 2185 2259 2252 ingressum,
2301 2191 2357 2233 ut
2389 2181 2780 2234 miraculorum
2815 2180 3002 2234 talium
3048 2180 3285 2233 fructum
3317 2183 3499 2248 perci-

1927 2283 2146 2342 perent,
2181 2284 2260 2326 est
2299 2272 2604 2324 cohortata.
2633 2270 2788 2336 Quod
2829 2271 2922 2324 ubi
2965 2271 3020 2324 itt
3063 2273 3198 2323 urbe
3236 2269 3506 2323 Conslan-

1927 2363 2284 2431 tinOpolitana
2337 2361 2597 2425 innotuit,
2651 2360 2919 2413 universa:
2975 2374 3042 2413 eo
3087 2357 3270 2426 poliuli
3331 2355 3505 2408 turba}

1924 2466 2054 2508 sunt
2092 2453 2348 2522 profecta:
2382 2470 2394 2503 :
2427 2453 2542 2519 ipse
2573 2451 2736 2505 etiam
2770 2450 3088 2518 imperator,
3113 2457 3166 2501 et
3195 2446 3288 2516 qui
3319 2460 3504 2498 sacras

1925 2544 2284 2598 ecclesiarum
2342 2542 2582 2595 habenas
2636 2556 2850 2611 regunt,
2885 2541 3091 2609 ‘luique
3150 2539 3387 2590 honores
3447 2544 3503 2587 et.

1929 2640 2277 2708 magistratus
2309 2638 2444 2690 alios
2491 2637 2544 2689 in
2590 2636 2868 2704 republica
2911 2642 3129 2704 gerunt,
3177 2642 3234 2684 ut
3266 2646 3386 2699 qua:
3427 2630 3501 2684 ibi

1926 2743 2340 2802 peragerentur,
2377 2730 2649 2782 viderent.
2671 2728 2852 2796 Atque
2879 2729 3039 2779 etiam
3063 2722 3502 2792 inspectantibus

1926 2825 2204 2887 oumibus,
2252 2824 2545 2891 cpiscopus
2574 2818 3224 2888 Constantinopolitanus
3251 2829 3375 2869 cum
3418 2829 3504 2868 sa-

1926 2918 2242 2972 cerdotibus
2281 2917 2392 2969 suis
2454 2915 2718 2983 templum
2753 2913 2824 2972 id.
2863 2912 2955 2965 tibi
3001 2909 3253 2979 martyris
3303 2921 3504 2975 corpus

1929 3009 2230 3076 repositum
2259 3017 2361 3070 est,
2383 3006 2528 3058 visit.
2562 3003 2618 3057 ln
2649 3003 2812 3057 loculi
2847 3004 2982 3055 Levo
3011 3002 3182 3054 latere
3221 2997 3504 3052 l'cnestella

1928 3100 2173 3168 quaedam
2220 3097 2538 3151 admiranda
2597 3106 2716 3158 est,
2757 3094 3022 3163 operculo
3052 3107 3214 3158 quam
3269 3089 3503 3142 maxime

1929 3192 2234 3256 obfirmata,
2296 3207 2390 3259 per
2431 3189 2577 3257 quod
2635 3188 3026 3241 ferramentum
3079 3181 3503 3251 longiusculum,

1931 3289 2017 3339 cui
2049 3287 2100 3337 in
2128 3294 2374 3337 extrema
2407 3295 2557 3352 parte
2591 3283 2817 3350 spongia
2850 3280 3062 3347 alligata
3092 3284 3259 3340 esset,
3294 3275 3503 3326 immit-

1929 3380 2116 3430 tebant
2155 3397 2164 3428 :
2202 3375 2358 3446 59]
2399 3375 2790 3444 spongiamque
2834 3373 3001 3439 ipsam
3051 3371 3102 3421 in
3135 3365 3504 3422 sacrosanctis

1934 3470 2186 3539 martyris
2218 3469 2460 3535 reliquiis
2493 3467 2828 3527 obvolutum,
2851 3475 2903 3516 et
2936 3464 3103 3532 guttis
3127 3478 3324 3514 cruore
3357 3460 3504 3511 illius

1933 3560 2193 3613 delibutis
2246 3559 2526 3621 refertam,
2560 3557 2942 3610 “trahebant.
3000 3555 3148 3606 lianc
3204 3552 3293 3605 ubi
3351 3551 3504 3618 plebs

1937 3654 2328 3721 conspexisset,
2373 3650 2622 3702 homines
2655 3649 2836 3701 statim
2875 3647 2926 3698 in
2978 3655 3178 3698 terram
3232 3640 3474 3695 inclinati

1929 3742 2319 3796 vocifemtionc
2360 3743 2593 3793 maxima
2633 3738 2795 3791 Deum
2851 3737 3220 3796 honorabant,
3266 3735 3503 3785 miracu—

1928 3835 2092 3902 loque
2150 3847 2212 3886 eo
2267 3831 2555 3900 stupefacti
2614 3846 2806 3883 manus
2848 3829 3228 3883 sustollebant.
3289 3825 3500 3878 Tantus

1931 3933 2112 3978 autem
2145 3919 2267 3975 inde
2291 3919 2548 3991 proﬂuxit.
2581 3919 2816 3974 ubertim
2853 3920 3071 3978 htttnur,
3096 3926 3154 3970 ιιι
3185 3932 3290 3968 non
3323 3915 3498 3968 SUlIIll':

1933 4014 2292 4083 imperatores
2319 4021 2372 4065 et
2397 4011 2663 4081 episcopi,
2698 4011 3043 4079 populusque
3081 4010 3174 4073 qui
3232 4007 3309 4060 ibi
3372 4021 3501 4060 con-

1929 4108 2140 4176 gregari
2175 4107 2368 4160 solitus
2396 4104 2520 4166 fuit,
2567 4105 2770 4157 all‘atim
2810 4119 2874 4158 eo
2933 4102 3368 4171 perfruerentur,
3413 4118 3502 4153 ve-

1935 4213 2054 4250 rum
2077 4200 2242 4250 etiam
2274 4211 2601 4266 quocunque
2639 4196 2820 4265 quivis
2858 4197 3021 4249 vellet
3049 4196 3318 4254 locorum,
3347 4194 3414 4244 de
3436 4207 3503 4244 eo

1932 4289 2134 4358 aliquid
2156 4303 2341 4342 secum
2369 4287 2628 4341 auferret.
2677 4287 2860 4355 Neque
2892 4296 3057 4354 guttae
3088 4297 3332 4351 tempore
3385 4283 3504 4350 ipso

1933 4383 2204 4448 defecere,
2229 4398 2405 4452 neque
2433 4382 2653 4435 divinus
2689 4381 2776 4434 ille
2804 4380 3021 4446 sanguis
3047 4380 3229 4446 aliqua
3261 4393 3324 4430 ex
3352 4387 3503 4443 parte

1937 4484 2178 4528 mutatus
2207 4484 2310 4536 est,
2340 4473 2435 4528 sed
2465 4475 2508 4526 is
2549 4488 2765 4541 semper
2807 4473 3045 4525 colorem
3077 4485 3235 4522 suum
3286 4481 3500 4522 summe

1863 4590 1902 4642 ο
1933 4566 2158 4619 rubrum
2189 4563 2551 4618 conservavit.
2592 4564 2753 4617 Facta
2803 4564 2919 4617 tunc
2945 4579 3054 4617 non
3101 4572 3256 4616 certo
3318 4563 3503 4630 aliquo

1935 4659 2195 4726 temporis
2219 4656 2515 4719 curriculo,
2539 4656 2632 4710 sed
2662 4670 2758 4724 pro
2781 4669 2848 4710 eo
2869 4664 3033 4724 atque
3061 4654 3303 4722 episcopi
3331 4653 3504 4722 ipsius

1932 4753 2055 4804 vitae
2099 4763 2418 4814 morumque
2457 4749 2718 4802 sanctitas
2767 4747 2954 4801 ferret.
2989 4747 3081 4801 Sic
3123 4747 3270 4799 enim
3305 4746 3501 4807 fertur,

1933 4857 2056 4895 cum
2091 4842 2134 4892 is
2157 4840 2248 4908 qui
2290 4838 2584 4893 Ecclesiam
2607 4839 2956 4908 gubernaret,
2983 4837 3241 4904 pra-clare
3272 4839 3501 4901 viveret,

1931 4944 1987 4986 et
2021 4932 2226 4985 virtute
2255 4940 2558 4984 exornatus
2589 4937 2757 4992 esset,
2786 4929 3133 4998 frequentius
3169 4929 3501 4981 miraculum

1937 5027 2042 5080 hoc
2069 5025 2371 5078 exhibit-am
2401 5039 2544 5088 esse,
2586 5038 2711 5077 cum
2744 5033 2925 5076 autem
2952 5023 3183 5076 antistes
3212 5036 3499 5074 sacrorum

1936 5118 2058 5171 talis
2090 5134 2197 5169 non
2235 5125 2403 5177 esset,
2445 5119 2625 5168 rarius
2650 5128 2769 5167 eam
2808 5129 2922 5166 rem
2951 5125 3058 5166 tam
3095 5110 3500 5172 admirandam,

1934 5224 2037 5262 nec
2069 5218 2176 5260 tam
2200 5207 2358 5261 facile
2387 5221 2417 5258 a
2468 5216 2709 5274 martyre
2740 5205 3096 5272 processisse.
3146 5202 3257 5256 lloc
3290 5205 3370 5256 sic
3423 5203 3502 5253 fa-

1933 5308 2081 5350 ctum
2116 5311 2236 5350 esse
2270 5295 2419 5347 novi.
2461 5293 2716 5347 Sedenim
2754 5293 2899 5360 quod
2959 5309 3137 5362 neque
3169 5293 3288 5346 dies
3322 5308 3503 5360 neque

1935 5397 2152 5455 tempus
2205 5386 2376 5439 ullum
2414 5385 2721 5454 intercipit,
2759 5386 2854 5438 sed
2916 5395 3181 5454 perpetuo
3243 5386 3505 5437 omnibus

1937 5481 2188 5535 lidclibus
2215 5479 2379 5532 simul
2414 5488 2467 5531 et
2500 5477 2817 5531 infidelibus
2847 5479 3014 5530 t-ﬂluil
3052 5489 3106 5532 ct
3156 5477 3393 5540 accedit,
3446 5478 3496 5530 id

1935 5589 2081 5626 nunc
2108 5571 2308 5625 dicam.
2339 5569 2394 5623 Si
2430 5569 2554 5636 quis
2602 5569 2656 5622 in
2693 5572 2994 5623 sacrarium
3043 5571 3119 5634 id,
3162 5571 3254 5623 ubi
3289 5570 3504 5622 loculus

1935 5675 1990 5720 ct
2031 5673 2232 5718 sancta:
2254 5663 2509 5732 martyris
2551 5663 2796 5730 rcliquim
2822 5661 3050 5729 perinde
3075 5672 3240 5728 atque
3275 5663 3502 5712 thesau-

1939 5772 2033 5810 rus
2068 5771 2212 5809 nunc
2244 5755 2492 5823 reposita:
2525 5765 2673 5816 sunt,
2716 5755 2916 5814 veniat,
2949 5756 3085 5806 odor
3118 5756 3418 5804 immensus
3447 5762 3504 5803 ct

1941 5857 2144 5904 llJlUl‘tl:
2200 5855 2442 5915 captum,
2500 5844 2808 5912 odoresquc
2851 5861 3042 5899 omnes
3071 5862 3209 5914 quos
3261 5862 3348 5895 ais
3403 5845 3501 5895 Ιιυ-
