4236 6442
677 407 743 472 l9
1857 418 2292 480 NlCEPIlOllI
2327 422 2676 485 CALLlS'I-‘l
3873 426 3946 490 90

675 542 836 582 mana
896 525 1140 596 coniicit,
1185 528 1635 600 supergrediens,
1669 530 1735 585 ad
1770 546 1898 585 eum
1950 533 2250 604 perfertur.
2288 542 2328 599 Α

2288 542 2328 599 Α
2359 554 2482 601 ποις
2515 540 2672 609 θέμις
2723 541 2787 594 ἑκ
2817 542 3015 614 τέχνης
3064 542 3434 612 ἐπιτηδεύειν.
3472 542 3588 613 Τήν
3631 561 3689 596 τε
3721 545 3831 616 γὰρ
3879 547 3943 599 ὲκ

675 621 813 677 Eum
847 622 1121 694 siquidem
1159 623 1251 693 qui
1287 639 1352 678 ex
1385 636 1540 694 prato
1573 624 1910 680 versicolore
1950 626 2253 696 colligitur,

675 715 837 785 longe
871 724 1094 785 superat
1143 734 1156 769 :
1213 730 1393 784 neque
1437 717 1604 770 alicui
1661 733 1853 771 eorum
1911 719 2110 772 similis
2171 729 2257 774 est

677 803 769 872 qui
805 819 871 857 ex
902 804 1045 859 bene
1097 803 1462 860 olentissimis
1496 807 1662 862 rebus
1695 807 1943 876 proﬂuit.
1985 809 2123 862 Tum
2159 824 2257 863 au-

678 909 789 953 tem
826 914 1006 968 neque
1031 899 1080 953 ei
1115 914 1214 970 par
1240 909 1346 963 est,
1369 916 1533 970 quem
1571 902 1970 972 unguentarius
1994 903 2260 958 odoribus

679 994 946 1048 suavibus
998 991 1066 1047 ad
1123 1002 1336 1047 certum
1370 993 1591 1047 modum
1649 996 1976 1064 temperatis
2021 995 2258 1050 miscet:

679 1100 874 1138 verum
906 1083 1094 1138 multis
1119 1083 1300 1138 modis
1329 1085 1420 1153 qui
1462 1084 1592 1138 inde
1625 1085 1880 1140 redditur
1909 1088 2262 1156 prazstantior

682 1187 788 1238 est.
832 1177 940 1229 vim
1001 1185 1056 1230 et
1095 1187 1424 1246 potestatem
1465 1177 1588 1248 ejus
1627 1193 1655 1231 a
1693 1193 1801 1248 qua
1851 1178 2127 1234 redundat
2161 1179 2261 1242 de-

684 1263 923 1319 clarans.

1216 1404 1377 1476 592
1407 1405 1629 1463 CAPUT
1662 1409 1748 1462 IV.

709 1500 841 1551 Acta
890 1501 1110 1567 synodi;
1159 1507 1208 1549 et
1257 1509 1314 1550 ut
1356 1499 1684 1566 episcopatus
1734 1500 1983 1552 Dioscoro
2030 1501 2242 1570 ejusque

1089 1571 1431 1621 sectatoribus
1464 1570 1746 1638 abrogatas
1777 1572 1864 1624 sit.

763 1678 822 1732 ln
860 1680 964 1733 hoc
1001 1694 1160 1733 sacro
1206 1680 1464 1750 martyris
1493 1679 1752 1746 delubro,
1786 1697 1950 1751 quam
1990 1698 2056 1736 cx
2088 1683 2269 1738 Νίσαια

689 1775 976 1828 transiisse
1023 1774 1287 1837 diximus,
1347 1785 1676 1842 congregata
1735 1786 1820 1830 est
1887 1776 2264 1846 synodus(l),

2358 629 2641 700 λειμώνων
2702 632 3110 704 ἀθροιζομένην
3175 636 3543 705 διαφερόντως
3601 635 3943 707 νικᾷ·’άλλ³

2359 721 2480 775 οὐδέ
2505 739 2610 774 τινι
2637 724 2896 794 παρέοικε
2929 725 3040 778 τών
3073 725 3137 779 ἐκ
3170 743 3316 789 τινος
3345 729 3456 781 τῶν
3491 727 3611 779 λίαν
3646 727 3945 780 εὐωδεστά-

2361 829 2478 864 των
2499 812 2849 887 ἁπορῤεούσῃ
2876 831 2890 848 ’
2916 816 2977 868 οὐ
3009 815 3121 885 μὴν
3143 815 3257 868 ἀλλ’
3290 817 3410 870 οὐδὲ
3441 818 3570 870 οἵαν
3600 817 3665 870 ἂν
3701 817 3945 887 μυρεψὸς

2363 905 2683 974 ἐργάσαιτο,
2723 908 2864 961 κατὰ
2918 908 3160 978 σταθμὸν
3193 909 3263 962 τὰ
3314 908 3485 981 εὐώδη
3539 909 3942 980 συγκεραννύς.

2365 998 2501 1052 Δίαν
2533 999 2590 1050 δέ
2623 1016 2706 1061 τις
2738 1000 2834 1054 καὶ
2860 1001 3041 1070 πολλῷ
3068 1002 3487 1072 ὑπερϐάλλουσα
3523 1002 3715 1072 μέτρι’)
3746 1003 3945 1072 ἠὲκεῖ-

2362 1091 2457 1144 θεν
2486 1092 2843 1162 ἅναδιδομὲνη
2887 1095 3024 1160 tori,
3058 1094 3439 1166 τεκμηριοῦσα
3476 1093 3571 1148 τοῦ
3604 1094 3945 1156 ἀκαδιδόντος

2365 1185 2464 1255 τὴν
2487 1185 2741 1256 δύναμιν.

2971 1413 3225 1469 ΚΕΦΑΛ.
3263 1413 3335 1469 Δ’.

2368 1504 2507 1574 Περὶ
2559 1506 2677 1559 τῶν
2717 1507 2786 1558 ἐν
2828 1506 2899 1572 τῇ
2951 1505 3196 1571 συνόδῳ
3227 1505 3655 1574 πραχθέντων-ο
3715 1507 3811 1560 καὶ
3863 1507 3946 1573 ὡς

2538 1576 2836 1644 καθῃρέθη
2864 1577 3185 1644 Διόσκορος
3223 1579 3317 1630 καὶ
3352 1579 3407 1630 al
3437 1577 3558 1630 σὺν
3589 1575 3767 1641 αὐτῷ.

2442 1693 2597 1746 Κατὰ
2625 1690 2687 1761 δὴ
2712 1690 2872 1743 τοῦτο
2910 1692 2968 1742 τὸ
2997 1691 3139 1743 θεῖον
3168 1693 3267 1761 τῆς
3301 1689 3581 1761 μάρτυρος
3624 1691 3850 1759 τέμενος
3883 1693 3946 1742 ὲκ

2372 1782 2600 1843 Νικαίας
2641 1784 2673 1850 ἡ
2725 1783 2991 1852 εἰρημένη
3040 1799 3129 1849 μοι
3179 1780 3499 1849 ἁθροίζεται
3545 1779 3764 1842 σύνοδος
3809 1781 3949 1849 μετὰ

690 1867 974 1921 tricesimo
1028 1883 1058 1921 a
1093 1870 1252 1921 tertia
1311 1868 1544 1937 synodo,
1584 1882 1612 1919 a
1663 1867 1871 1920 mundo
1903 1877 2088 1920 autem
2132 1883 2267 1921 con-
2303 1889 2344 1948 Β

2303 1889 2344 1948 Β
2373 1874 2694 1944 τριακοστὸν
2725 1874 2842 1935 ἔτος
2875 1873 2974 1942 τῆς
3001 1875 3194 1942 τρίτης
3225 1874 3482 1938 συνόδου,
3513 1873 3572 1924 ἐν
3595 1871 3707 1925 ἔτει
3739 1873 3948 1939 κόσμου

691 1961 808 2014 dito
843 1961 1138 2029 quinquies
1175 1959 1473 2014 millesimo
1509 1959 1996 2030 noningentesimo
2024 1969 2081 2013 et
2111 1974 2270 2013 sexa-

693 2053 903 2122 gesimo
931 2063 1089 2107 sexto
1115 2069 1284 2107 anno.
1312 2053 1369 2106 lu
1399 2053 1588 2107 dextra
1618 2053 1804 2121 templi
1836 2060 1989 2119 parte
2017 2052 2273 2115 Romani,

694 2145 942 2215 Byzantii
987 2154 1043 2198 et
1095 2145 1452 2208 Antioche-ni,
1527 2144 1578 2197 in
1618 2144 1841 2198 sinistra
1869 2184 1884 2209 ,
1915 2143 2274 2198 Alexandrini

692 2249 747 2292 et
801 2238 1304 2308 llierosolymitani,
1369 2238 1552 2291 medio
1599 2247 1782 2290 autem
1837 2237 1982 2291 inter
2020 2236 2120 2290 hos
2152 2237 2276 2290 loco

697 2332 975 2399 principes
1011 2342 1065 2385 et
1116 2342 1402 2386 senatores
1435 2331 1757 2384 consedere.
1790 2329 1858 2385 Et
1905 2345 2029 2383 cum
2061 2346 2123 2383 ea
2155 2344 2278 2399 quae

696 2426 980 2495 Eutyches
1023 2425 1542 2494 Constantinopoli,
1592 2432 1649 2477 et
1700 2423 1999 2477 Dioscorus
2047 2424 2274 2492 Ephesi,

698 2518 1080 2572 novandarum
1136 2532 1325 2570 rerum
1363 2517 1546 2572 studio
1578 2515 2021 2584 designaverunt,
2079 2517 2131 2569 in
2163 2531 2277 2569 me-

697 2610 852 2664 dium
904 2609 1175 2679 producta
1229 2619 1436 2670 essent,
1479 2607 1780 2662 Dioscorus
1809 2609 1874 2661 ad
1909 2623 2094 2660 rerum
2136 2616 2281 2660 acta-

699 2718 826 2756 rum
877 2701 1268 2772 ignorantiam,
1311 2714 1418 2767 qua
1459 2713 1518 2753 se
1569 2697 1887 2760 excusabat,
1916 2697 2183 2766 confugit.
2219 2697 2280 2748 lit

699 2794 847 2864 quod
876 2793 1090 2862 objecta
1116 2791 1220 2846 sibi
1254 2791 1487 2844 crimina
1517 2790 1762 2859 eﬂugere
1796 2790 2076 2857 nequiret.
2105 2788 2277 2841 animi

699 2884 906 2938 dubius
936 2882 1082 2937 fuit:
1113 2882 1204 2936 ubi
1234 2897 1388 2944 vero,
1422 2881 1650 2935 veritate
1675 2879 1728 2933 in
1756 2890 2005 2948 apertum
2043 2879 2286 2947 prolata;

701 2974 1088 3030 necessitatem
1117 2981 1366 3040 apertam
1390 2987 1572 3026 causa:
1601 2969 1849 3025 dicenda:
1873 2969 2150 3024 declinare
2174 2985 2279 3021 non

701 3067 886 3137 potuit
914 3067 1064 3137 (nam
1100 3066 1192 3134 qui
1230 3065 1284 3118 in
1317 3063 1648 3133 praedatoria
1683 3063 1770 3116 illa
1806 3063 2016 3133 synodo
2045 3062 2096 3115 ei
2133 3076 2283 3114 asse-

706 3161 925 3224 derant,
951 3175 1078 3214 cum
1124 3161 1552 3227 redargucrunt,
1584 3157 1884 3226 dolumque
1927 3156 2045 3218 ejus
2081 3165 2136 3208 et
2167 3154 2283 3208 illa-

2378 1965 2902 2036 πεντακισχιλιοστῷ
2937 1965 3339 2034 ὲννακοσιοστῷ
3371 1968 3466 2019 καὶ
3496 1966 3642 2034 ἕκτῳ
3671 1965 3809 2032 πρὸς
3828 1964 3953 2032 ἑξη-

2379 2059 2578 2129 κοστῷ.
2612 2059 2700 2112 Ἐν
2735 2060 2830 2129 μὲν
2854 2059 2947 2111 οὖν
2977 2062 3089 2119 τοῖς
3131 2058 3326 2123 δεξιοῖς
3355 2058 3450 2112 τοῦ
3487 2059 3593 2110 νεὼ
3623 2058 3851 2125 μέρεσιν
3903 2057 3958 2108 οἵ

2378 2173 2437 2207 τε
2488 2152 2744 2222 Ῥωμαῖοι
2795 2153 2889 2204 καὶ
2945 2154 2994 2204 οἱ
3050 2139 3488 2216 Βυζάντιοοκαὶ
3547 2152 3598 2203 οι
3655 2149 3954 2218 Ἀντιοχεῖς

2378 2244 2758 2313 προεκαθισαν
2786 2260 2799 2273 ·
2831 2245 2888 2295 ὲν
2939 2243 2996 2294 δὲ
3045 2245 3154 2304 τοῖς
3192 2245 3502 2312 ἀριστεροῖς
3529 2242 3661 2294 οἵτε
3706 2241 3954 2305 Ἀλεξαν-

2378 2337 2525 2407 δρεῖς
2569 2336 2666 2389 καὶ
2703 2338 2750 2388 οἱ
2786 2335 3246 2406 Ἱεροσολυμῖται·
3278 2336 3336 2388 ὲν
3383 2334 3438 2386 δὲ
3469 2333 3548 2403 τῷ
3583 2334 3732 2403 μέσῳ
3767 2334 3816 2385 οἱ
3853 2335 3954 2401 ἀρ-

2382 2447 2570 2500 χοντες
2615 2428 2712 2482 καὶ
2756 2429 2788 2497 ἠ
2827 2427 3156 2495 σύγκλητος.
3209 2428 3318 2480 Καὶ
3371 2426 3794 2496 γυμνασθέντων
3840 2424 3950 2477 τῶν

2383 2542 2440 2576 τε
2489 2525 2548 2575 ὲν
2599 2521 3173 2574 Κωνσταντινουπόλει
3230 2520 3335 2572 ὑπὸ
3391 2520 3685 2587 Εὐτυχιος,
3741 2517 3837 2569 καὶ
3892 2517 3949 2568 ὲν

2396 2617 2606 2684 Ἐφέσῳ
2630 2615 2734 2667 ὑπὸ
2759 2615 3055 2683 Διοσκόρου
3084 2611 3579 2682 νεωτερισθὲντων,
3613 2612 3692 2670 είς
3734 2611 3956 2675 ἄγνοιαν

2385 2711 2483 2778 μὲν
2506 2710 2849 2777 κατέφευγεν
2877 2709 2905 2760 ὀ
2938 2708 3227 2776 Διόσκορος
3254 2707 3362 2759 τῶν
3398 2706 3812 2772 πεπραγμένων
3833 2718 3845 2731 ο
3880 2703 3954 2770 μὴ

2384 2801 2630 2869 δυνηθεὶς
2662 2801 2704 2852 δ’
2738 2802 2889 2869 ὅμως
2930 2799 3210 2868 διαδρᾶναι
3243 2798 3334 2849 τὸν
3375 2797 3620 2866 ἔλεγχον,
3657 2799 3717 2847 ἐν
3752 2795 3957 2864 ἀπορία

2383 2892 2669 2962 ἠλαύνετο.
2702 2891 2814 2960 Τῆς
2866 2890 2911 2943 δ’
2968 2889 3232 2958 ἀληθείας
3291 2885 3853 2957 παραγυμνουμένης.
3897 2884 3959 2937 τὸ

2385 2983 2663 3054 προφανὲς
2708 2983 2807 3052 τῆς
2846 2982 3142 3048 ἀπολογίας
3196 2979 3439 3031 ἐκκλῖναι
3479 2982 3551 3048 μὴ
3603 2976 3713 3039 οἷός
3743 2993 3797 3028 τε
3851 2974 3955 3040 ὣν,

2384 3078 2494 3129 τῶν
2529 3076 2960 3146 συνεδρευόντων
2996 3074 3146 3142 αὑτῷ
3187 3074 3329 3126 κατὰ
3360 3073 3458 3141 τὴν
3495 3069 3798 3141 λῃστρικὴν
3837 3069 3959 3120 σύν-

2388 3174 2506 3226 οδον
2548 3169 2965 3239 ἐξελεγχόντων,
3011 3170 3102 3220 τόν
3135 3185 3193 3218 τε
3228 3166 3379 3220 δόλον
3411 3163 3577 3218 αὑτοῦ
3614 3163 3717 3232 τῆς
3757 3162 3958 3231 ψυχῆς,

703 3262 814 3306 tam
843 3253 948 3307 sibi
977 3268 1072 3321 per
1106 3251 1526 3321 magistratuum
1571 3251 1747 3304 minas
1774 3250 1884 3302 vim
1940 3258 1996 3302 et
2037 3247 2280 3302 necessi-
2313 3232 2353 3289 (ἶ

2313 3232 2353 3289 c
2389 3266 2487 3330 τήν
2517 3279 2574 3315 τε
2592 3232 2874 3330 *βίανηκαὶ
2906 3261 3153 3329 ἀνάγκην
3181 3262 3247 3329 ἢν
3298 3261 3357 3324 ἐξ
3395 3255 3725 3326 ἀρχοντικῆς
3758 3253 3959 3306 πεπόν-

707 3357 878 3401 tatem
914 3346 1328 3411 ostcnderunt),
1357 3347 1411 3396 in
1447 3345 1707 3398 ruborem
1759 3357 2016 3412 magnum
2068 3353 2122 3396 ct
2157 3356 2286 3409 pro-

707 3439 868 3495 brum
898 3439 1180 3508 conjecws
1205 3447 1310 3491 est.
1349 3437 1527 3505 Atque
1570 3437 1829 3504 equidem
1880 3437 1973 3505 qui
2015 3436 2286 3489 violentia:

708 3533 828 3603 ejus
885 3532 1196 3586 administri
1257 3531 1496 3595 fuerant,
1521 3533 1681 3585 venia
1724 3533 1913 3601 petita,
1953 3531 2004 3584 in
2051 3530 2284 3600 gratiam

707 3632 839 3680 sunt
870 3623 1100 3692 recepti,
1127 3634 1182 3676 et
1208 3639 1275 3676 ex
1305 3624 1532 3678 sinistro
1558 3623 1609 3676 in
1650 3627 1901 3677 dextrum
1937 3625 2077 3676 latus
2106 3632 2287 3675 trans-

713 3717 854 3771 iere.
926 3715 1172 3782 Quorum
1231 3731 1371 3769 unus
1423 3715 1703 3769 Juvenalis
1764 3714 2291 3785 llierosolymitanus

711 3809 841 3864 l‘uit.
877 3809 1173 3862 Dioscorus
1201 3819 1410 3871 autem,
1440 3806 1588 3875 quod
1617 3806 1767 3860 aliud
1800 3821 1875 3860 ex
1908 3805 2014 3859 alio
2045 3807 2093 3859 ei
2148 3806 2290 3873 ohjio

713 3907 932 3954 ceretnr
957 3899 1192 3963 crimen,
1224 3913 1349 3952 eum
1375 3898 1589 3951 veniam
1622 3913 1651 3949 a
1678 3897 1843 3966 juslis
1871 3897 1980 3950 illis
2009 3896 2292 3966 judicibus

713 3990 980 4059 consequi
1013 4005 1120 4043 non
1158 3997 1375 4058 posset,
1407 3989 1461 4042 in
1496 3988 1764 4057 synodum
1795 3990 1985 4041 venire
2035 4002 2293 4056 superse-

715 4086 818 4137 dit.
867 4081 1162 4150 Postquam
1204 4096 1334 4134 vern
1373 4082 1631 4150 synodus,
1663 4096 1926 4134 canoueui
1960 4089 2170 4145 secuta,
2212 4090 2295 4133 ter

716 4177 872 4230 illum
901 4173 1111 4236 citavit,
1145 4183 1201 4228 ct
1241 4175 1355 4242 ipse
1386 4172 1534 4226 dicto
1569 4173 1801 4226 audiens
1835 4187 1944 4225 non
1990 4174 2112 4233 fuit.
2140 4189 2292 4227 com-

721 4267 984 4324 munibus
1015 4267 1261 4322 omnium
1315 4264 1612 4336 sullragiis,
1649 4268 1767 4335 ipso
1800 4266 1894 4320 Dei
1942 4276 2160 4321 amante
2192 4267 2296 4319 im-

722 4369 980 4431 peratore
1012 4367 1305 4428 praesente,
1335 4369 1391 4412 et
1427 4359 1603 4426 ipsum
1633 4370 1689 4413 et
1736 4359 2097 4429 Eutychctem
2131 4373 2300 4412 exau-

723 4454 958 4508 ctoravit
1012 4462 1067 4505 et
1102 4451 1452 4504 anathemate
1500 4450 1795 4521 jugulavit.
1837 4449 2045 4504 Deinde
2075 4449 2298 4528 decreta

2391 3358 2549 3410 θασιν
2579 3355 2832 3424 ἀπειλῆς,
2863 3355 2980 3406 λίαν
3011 3353 3276 3424 ᾐσχύνθη.
3321 3352 3430 3404 Καὶ
3469 3353 3516 3403 οἱ
3571 3350 3669 3415 μὲν
3705 3347 3960 3416 συμπρὰ-

2393 3451 2661 3516 ξαντεςτῇ
2691 3447 2782 3517 βίᾳ⁵
2807 3446 3143 3513 συγγνώμην
3168 3444 3494 3512 αἰτήσαντες
3517 3440 3956 3510 παρεδέχθησαν,

2391 3545 2486 3596 καὶ
2519 3541 2627 3595 ἀπὸ
2657 3541 2769 3592 τῶν
2791 3539 3098 3607 ἀριστερῶν
3127 3537 3218 3588 ἐπὶ
3251 3539 3316 3588 τὰ
3345 3535 3492 3596 δεξιὰ
3530 3534 3861 3605 μετέὅησαν,
3889 3527 3964 3587 ὧν

2393 3630 2472 3697 εἷς
2500 3631 2567 3704 ἦν
2597 3635 2692 3688 καὶ
2727 3635 2753 3684 ὁ
2797 3631 3186 3702 Ἰεροσολύμων
3233 3627 3586 3686 Ἰονὸενάλιος
3611 3643 3625 3657 °
3670 3626 3966 3694 Διόσκορος

2393 3730 2448 3780 δὲ
2474 3728 2642 3796 ἄλλην
2664 3727 2722 3792 ἑξ
2752 3725 2918 3792 ἄλλης
2948 3722 3222 3790 εὑρίσκων
3252 3721 3451 3783 αἰτίαν,
3479 3719 3866 3787 ἀσύγγνωστος
3897 3714 3966 3785 ἧν

2393 3825 2504 3883 τοῖς
2535 3818 2764 3878 δικαίοις
2793 3817 3022 3876 ἐκείνοις
3059 3816 3292 3883 κριταῖς,
3325 3814 3417 3864 καὶ
3443 3811 3678 3878 ἀπηξίου
3702 3813 3767 3880 τῇ
3810 3810 3966 3862 συνό-

2394 3914 2468 3980 δῳ
2495 3909 2866 3977 συνέρχεσθαι.
2902 3905 3054 3956 Ἐπεὶ
3081 3904 3123 3956 δ’
3156 3905 3352 3954 ἐκεῖνοι
3381 3901 3458 3968 τῷ
3485 3900 3672 3952 κανόνι
3701 3901 3962 3965 ἑπόμενοι

2394 4003 2514 4074 τρὶς
2543 3998 2980 4071 μετεστέλλοντο,
3014 3997 3223 4056 ἐκεῖνος
3250 3995 3295 4046 δ’
3323 3993 3404 4044 ἔτι
3425 3990 3670 4043 ἀπειθῶν
3701 3986 3790 4058 ἦν,
3815 3993 3966 4059 κοινῇ

2397 4099 2560 4166 ψήφῳ
2585 4097 2618 4164 ἡ
2650 4093 2869 4154 σύνοδος
2901 4091 3051 4142 πᾶσα
3105 4089 3202 4141 καὶ
3241 4085 3334 4138 τοῦ
3382 4083 3667 4152 θεοφιλοῦς
3701 4081 3968 4150 βασιλέως

2401 4189 2672 4257 παρόντος
2722 4185 2884 4238 αὐτόν
2938 4199 2997 4234 τε
3054 4179 3304 4233 καθεῖλον
3349 4179 3442 4230 καὶ
3494 4175 3727 4244 Εὺτσχῆ,
3767 4175 3864 4225 καὶ
3892 4173 3970 4240 τῷ

2401 4281 2703 4348 ἀναθέματι
2740 4274 3213 4346 παραδεδώκασιν,
3265 4268 3709 4337 ἐπικυρώσαντες
3758 4266 3852 4317 καὶ
3903 4265 3975 4316 τὰ

2403 4375 2508 4426 τῶν
2537 4373 2709 4440 ἁγίων
2731 4366 3126 4439 οἱκουμενικῶν
3163 4363 3394 4416 συνόῖων
3440 4361 3533 4413 ἰπὶ
3561 4356 3855 4431 βεϐαιώσει
3883 4357 3974 4408 ὲκ-

2403 4463 2626 4517 δοθέντα
2678 4460 2776 4528 τῆς
2827 4458 3070 4520 πίστεως
3132 4454 3474 4525 γράμματα⁶
3530 4450 3630 4516 τῆς
3663 4451 3718 4499 ὲν
3771 4446 3976 4516 Νικαίᾳ

727 4557 1042 4602 sanctarqu
1095 4543 1488 4596 universalium
1543 4543 1876 4612 synodorum
1900 4581 1915 4608 ,
1950 4541 2298 4596 stabiliendae
2331 4567 2376 4623 υ

2331 4567 2376 4623 D
2409 4556 2551 4624 φημὶ
2574 4554 2667 4606 καὶ
2712 4555 2768 4604 ἐν
2797 4547 3387 4605 Κωνσταντινουπό>.ει,
3423 4543 3517 4596 καὶ
3548 4543 3640 4611 τῆς
3675 4542 3731 4593 ὲν
3763 4537 3972 4607 Ἐφέσῳ

731 4639 856 4696 ﬁdei
912 4638 1083 4708 gratia
1134 4636 1302 4700 edita,
1338 4637 1456 4707 ejus
1506 4637 1762 4690 videlicet
1810 4651 1933 4704 qua:
1981 4635 2196 4696 Nicaeae,
2247 4644 2302 4687 et

730 4729 1240 4799 Constantinopoli,
1298 4739 1354 4784 et
1409 4729 1610 4798 Ephesi
1661 4730 1900 4798 primum
1959 4738 2144 4782 coacta
2197 4737 2300 4788 est,

729 4824 1148 4881 conﬁrmarunt.
1213 4821 1396 4876 Tertio
1449 4837 1610 4890 porro
1675 4835 1936 4875 consessu
1994 4819 2302 4874 admirandi

729 4917 916 4990 Cyrilli
943 4916 1010 4971 ad
1052 4915 1362 4971 Nestorium
1391 4916 1548 4969 datas
1567 4915 1830 4984 epistolas
1874 4915 1927 4967 in
1959 4929 2055 4967 sua
2100 4914 2306 4968 retule-

734 5022 865 5068 runt
902 5020 1021 5066 acta
1057 5031 1069 5065 :
1125 5010 1330 5079 quibus
1381 5009 1670 5078 epistolam
1704 5009 1868 5062 etiam
1899 5007 2101 5061 Leonis
2148 5007 2308 5074 Papae

735 5104 804 5158 ad
857 5102 1108 5156 divinum
1161 5100 1481 5154 Flavia-nutu
1525 5100 1622 5170 (2),
1666 5109 1721 5153 et
1771 5099 2014 5153 libellum
2082 5099 2309 5168 insuper

737 5210 902 5265 quem
936 5196 1078 5250 idem
1121 5193 1232 5247 Leo
1253 5193 1320 5246 ad
1347 5193 1616 5264 synodum
1649 5200 1704 5246 et
1742 5193 2131 5260 imperatorem
2172 5193 2304 5246 Mar-

810 5333 890 5405 (l)
911 5333 981 5405 Et
1012 5333 1133 5405 ipsa
1142 5330 1394 5405 concilia,
1414 5346 1534 5405 qua:
1557 5344 1652 5393 per
1684 5330 1927 5405 singulas
1957 5328 2208 5398 regiones
2229 5331 2309 5384 vel

738 5399 1052 5477 provincias
1102 5401 1263 5477 liunt,
1297 5399 1664 5477 plctmrioruin
1723 5400 2085 5477 conciliorum
2124 5410 2314 5477 aucto-

740 5470 912 5537 ritati,
952 5472 1234 5540 quatiunt
1266 5486 1333 5524 ex
1375 5471 1632 5524 universo
1656 5471 1787 5522 orbe
1819 5470 2156 5528 Christiano.
2195 5470 2313 5524 sine

745 5547 876 5600 ullis
895 5542 1220 5609 ambagibus
1240 5543 1458 5609 cedere.
1485 5541 1711 5609 ipsaque
1730 5540 1968 5607 plenaria
2002 5555 2028 5592 s
2045 5556 2143 5607 i-pe
2170 5556 2218 5607 pi
2236 5543 2286 5591 io

748 5633 808 5670 ra
837 5608 1234 5683 posterioribus
1251 5608 1554 5683 emendari,
1577 5608 1700 5664 cum
1724 5610 1906 5676 aliquo
1935 5611 2315 5683 experimento

746 5679 936 5739 rer-uni
979 5681 1227 5749 aperitur
1258 5680 1402 5748 quod
1434 5679 1681 5732 clausum
1713 5690 1850 5739 erat,
1884 5689 1938 5731 et
1965 5679 2319 5749 cognoscitur

748 5757 896 5824 quod
956 5748 1175 5824 latebat,
1211 5752 1329 5804 sine
1359 5749 1466 5824 ullo
1515 5758 1643 5818 typo
1699 5750 1978 5824 εδει-,ωερε
2016 5748 2312 5824 superbiae,

754 5817 872 5879 sine
908 5827 1013 5877 ulla
1047 5821 1227 5873 inﬂata
1277 5820 1490 5872 cervice
1527 5817 1868 5888 arrogantiu‘,
1909 5834 2025 5872 sme
2059 5817 2163 5870 ulla
2189 5833 2318 5869 con-

761 5899 1000 5951 tentione
1056 5893 1232 5946 limam
1293 5889 1528 5954 invidiae,
1572 5906 1692 5943 cum
1743 5901 1927 5944 saneta
1985 5890 2317 5955 humilitate,

2407 4649 2675 4716 πρότερον
2725 4642 3134 4712 ἀθροισθείσης.
3171 4640 3346 4709 Τρίτῃ
3397 4636 3456 4687 δὲ
3508 4632 3818 4686 συνελεύσει
3875 4630 3978 4692 τὰς

2409 4740 2545 4806 πρὸς
2575 4736 2865 4805 Νεστόριον
2900 4732 3195 4793 ἐπιστολὰς
3242 4732 3334 4781 τοῦ
3367 4727 3660 4780 θεσπεσίου
3705 4721 3978 4790 Κυρίλλου

2409 4834 2520 4894 τοῖς
2557 4832 2706 4891 ἰδίοις
2763 4827 3010 4890 ἐδέξαντο
3062 4823 3445 4892 ὑπομνήμασι,
3482 4817 3844 4882 συζεύξαντες
3883 4815 3979 4866 καὶ

2409 4927 2508 4994 τὴν
2564 4922 2657 4975 τοῦ
2700 4922 2901 4974 πάππα
2938 4920 3165 4978 Λέοντος
3224 4913 3514 4981 ἐπιστολὴν
3543 4911 3680 4978 πρὸς
3713 4908 3803 4960 τὸν
3834 4906 3979 4958 θεῖον

2410 5014 2732 5077 Φλαϐιανὸν,
2770 5013 2848 5063 ἔτι
2877 5011 2932 5064 δὲ
2961 5009 3056 5061 καὶ
3074 5008 3167 5060 τὸν
3193 5006 3355 5073 τόμον
3381 5003 3443 5055 ὃν
3472 5001 3606 5072 πρὸς
3633 4999 3732 5068 τὴν
3758 4996 3979 5050 σύνοδον

2414 5111 2504 5164 val
2539 5109 2628 5159 τὸν
2677 5104 2898 5174 βασιλέα
2955 5097 3274 5169 Magna.va
3329 5091 3690 5161 διεπέμψατο,
3757 5090 3816 5152 ὃς
3887 5089 3980 5140 καὶ

2413 5197 2616 5263 στήλη
2649 5192 2957 5260 δρθοδοξίας
2989 5186 3214 5258 ἐκλήθη.
3244 5185 3394 5238 Λέων
3429 5183 3538 5253 γὰρ
3565 5178 3720 5242 οὗτος
3745 5181 3812 5231 τὰ
3837 5179 3981 5230 κατὰ

2414 5346 2538 5385 cum
2599 5342 2728 5397 pace
2784 5324 3085 5384 catholica,
3143 5337 3266 5376 cum
3321 5314 3972 5397 cliarjtatefihr‘istiana.

2417 5384 2681 5468 (August.
2741 5397 2817 5449 De
2871 5397 3129 5462 baptismo
3189 5399 3359 5445 contr.
3429 5389 3695 5441 Βοιωτίδι.
3747 5384 3843 5437 lib.
3901 5399 3981 5449 ti,

2415 5486 2535 5526 can.
2569 5471 2646 5526 5.)

2484 5486 2876 5606 ῗέξῗίὲρὶμιοιςε
2922 5535 3060 5606 heati
3125 5531 3320 5606 Leonis
3362 5542 3515 5596 papae
3553 5525 3618 5578 ad
3655 5524 3978 5606 Flavianum

2417 5603 2734 5678 episeOpu'm
2755 5603 3418 5678 Constantinopolitanum
3439 5607 3643 5678 textum
3679 5605 3773 5647 aut
3808 5609 3979 5673 unum

2420 5668 2524 5732 iota
2556 5668 2918 5746 si'quisquam
2953 5668 3530 5746 idiota'disputaverit,
3557 5675 3611 5718 et
3638 5680 3758 5746 eam
3785 5677 3893 5716 non
3912 5668 3976 5746 in

2418 5735 2675 5803 omnibus
2728 5735 3114 5800 venerabiliter
3160 5735 3456 5807 acceperit,
3532 5735 3826 5807 anathema
3881 5735 3977 5787 sit.

2421 5800 2823 5888 (Gelasmpapa,
2863 5817 2987 5870 dist.
3033 5800 3334 5878 15,8auct'a
3357 5808 3506 5862 Rom.
3553 5800 3834 5872 Ecclesia.)
