4236 6442
684 387 753 445 23
1912 382 2335 443 NICEPHORl
2381 386 2729 446 CALLISTI
3861 382 3932 447 ‘25

685 506 788 554 bus
841 512 966 556 sunt
1021 502 1327 555 consecuti.
1371 501 1603 554 lla-rosis
1645 501 1817 570 ipsius
1852 503 1954 556 dux
1988 501 2257 569 Gangram
2290 506 2335 563 Α

2255 522 2257 551 ι
2290 506 2335 563 Α
2366 517 2445 552 σει
2480 504 2574 554 καὶ
2606 504 2838 571 νεύμασι
2868 502 2962 556 τοῦ
2991 503 3311 575 κρατοῦντος
3339 503 3691 571 ἀνακλήςεως
3721 500 3928 571 ἔτυχονο

684 596 839 648 exsul
869 595 1142 648 abductus
1170 607 1270 647 est.
1304 595 1405 659 Qui
1446 603 1628 647 autem
1654 610 1681 647 a
1713 594 1971 647 Dioscoro
1997 591 2250 644 conde-n-

689 689 801 742 nati
838 687 1246 757 proscriptiqne
1279 684 1515 747 fuerant,
1558 683 1622 737 de
1651 683 1842 752 synodi
1874 682 2146 737 sententia
2195 689 2250 734 ct

2364 589 2580 643 Πολλῶν
2613 592 2669 644 δὲ
2700 595 2790 645 καὶ
2818 594 2992 647 ἄλλων
3022 594 3447 663 πεπραγμένων,
3483 594 3606 661 ὅρος
3633 594 3698 662 τῇ
3730 592 3935 660 συνόδῳ

2361 680 2700 751 ὲξεφωνήθη,
2750 685 2878 737 τάδε
2906 684 3048 737 κατά
3085 687 3233 753 ῥῆμα
3261 684 3477 747 διεξιών
3499 701 3513 713 ο

684 783 1038 853 imperatoris
1064 796 1335 836 consensu
1370 780 1605 834 revocati
1636 789 1786 834 sunt.
1852 779 2030 848 Atque
2065 776 2160 831 ubi
2224 777 2324 830 alia
2366 776 2532 832 etiam
2591 778 2848 848 pleraque
2877 790 2993 835 acta
3024 788 3173 844 sunt,
3206 779 3485 835 decretum
3522 780 3762 834 svnodus
3786 778 3936 832 hisce

683 888 1009 945 conceptum
1048 876 1232 929 verbis
1258 873 1622 943 promulgavit
1658 892 1673 926 :

1285 988 1509 1045 CAPUT
1570 990 1655 1046 VI.

688 1083 969 1135 Decretum
1013 1081 1136 1149 ﬁdei
1187 1089 1384 1133 sancta:
1436 1080 1752 1133 universalis
1800 1089 2005 1148 quartw
2053 1081 2259 1149 synodi.

766 1276 784 1306 ι
822 1254 1183 1323 Dominus(l)
1210 1266 1265 1310 et
1296 1257 1546 1310 Salvator
1600 1266 1787 1310 noster
1804 1255 1961 1310 Jesus
1989 1256 2262 1321 Christus,

690 1347 814 1401 fidei
879 1347 1187 1401 doctrinam
1246 1347 1531 1415 discipulis
1603 1350 1972 1411 conﬁrmans,
2048 1348 2261 1412 Pacem,

691 1438 895 1505 inquit.
957 1455 1129 1491 meam
1153 1439 1216 1489 do
1245 1438 1407 1501 vobis,
1458 1456 1641 1507 pacem
1679 1456 1848 1493 meam
1908 1441 2145 1508 relinquo
2176 1457 2263 1493 vo-

690 1530 768 1582 bis
802 1531 839 1592 ¹,
884 1540 1123 1582 ntncmo
1153 1546 1181 1581 a
1218 1544 1357 1583 verte
1377 1530 1594 1595 pietatis
1619 1531 1962 1599 dogmatibus
1994 1530 2261 1592 dissonet,

690 1620 783 1672 sed
816 1634 1051 1687 exarquo
1068 1635 1260 1674 omnes
1290 1621 1539 1675 veritatis
1565 1621 1872 1675 doctrinam
1900 1622 2252 1690 praedicent.»

694 1711 763 1764 Et
795 1721 980 1779 postea
1017 1721 1202 1766 sancto
1229 1712 1445 1765 Nicacno
1465 1712 1740 1782 Symbolo,
1769 1724 1823 1768 et
1854 1726 2069 1769 centum
2098 1726 2259 1784 atque

694 1801 1089 1870 quinquaginta
1119 1811 1431 1855 sanctorum
1453 1803 1673 1857 Patrum
1716 1804 1937 1858 decreto
1966 1806 2135 1868 lecto,
2177 1806 2259 1858 iii-

696 1896 977 1949 tulerunt:
1016 1915 1032 1947 I
1066 1894 1211 1950 Satis
1241 1897 1407 1966 igitur
1440 1898 1503 1950 ad
1536 1897 1833 1966 perfectam
1874 1915 2015 1953 verm
2046 1900 2261 1968 pietatis
2296 1886 2334 1937 Β

698 1987 1065 2055 cognitionem
1086 1997 1140 2041 et
1166 1989 1633 2042 confirmationem
1666 1998 1827 2049 esset.
1848 1990 2121 2058 sapienter
2136 2006 2267 2044 conv

700 2090 919 2147 ceptum
951 2092 1004 2133 et
1037 2082 1272 2134 salutare
1310 2080 1455 2133 istud
1489 2080 1684 2133 divina:
1711 2080 1898 2149 gratiae
1925 2080 2264 2144 Symbolum.

700 2172 775 2225 De
808 2172 965 2225 Patre
1006 2174 1206 2226 ctenim
1241 2182 1296 2226 et
1326 2172 1466 2226 Filio
1501 2183 1554 2226 et
1581 2172 1787 2240 Spiritu
1821 2185 2011 2227 sancto
2046 2175 2267 2227 absolu-

700 2270 809 2313 tam
834 2261 1141 2315 doctrinam
1173 2261 1440 2323 continet,
1469 2273 1524 2315 et
1558 2262 1990 2315 inhumationcm
2052 2262 2265 2315 Domini

701 2367 824 2405 cum
858 2352 960 2405 fide
985 2368 1101 2404 eam
1137 2351 1529 2419 recipientibus
1563 2352 1778 2407 astruit.
1817 2352 2266 2419 Quandoquidem

699 2455 881 2499 autem
940 2446 1192 2500 veritatis
1234 2444 1468 2507 inimici,
1506 2444 1598 2512 qui
1661 2444 1883 2497 abolere
1914 2458 2012 2511 per
2036 2443 2270 2496 limreses

702 2554 831 2590 suas
909 2538 1353 2605 pricdicationem
1468 2535 1831 2598 contendunt,
1892 2535 2270 2603 inaniloquen-

706 2630 833 2681 tiam
886 2644 1147 2697 peperere
1183 2671 1197 2694 ,
1261 2628 1422 2698 595
1470 2638 1525 2683 et
1564 2630 1812 2682 nonnulli
1868 2638 2268 2682 sacrosanctam

706 2722 921 2775 Domini
966 2731 1151 2775 nostra
1202 2722 1373 2789 gratia
1436 2730 1745 2789 susceptam
1806 2720 2269 2788 dispensationem

704 2811 1031 2875 adulterare,
1058 2821 1112 2866 et
1147 2827 1334 2865 vocem
1358 2812 1497 2865 hanc
1545 2812 1825 2874 Θεοτὸκος,
1863 2812 1956 2865 Dei
1993 2811 2258 2874 Genitrix,

706 2920 1002 2973 pernegare
1032 2905 1147 2956 ausi
1174 2914 1322 2965 sunt,
1376 2904 1543 2972 aliqui
1579 2920 1708 2956 vero
1747 2904 2127 2956 confusionem
2172 2904 2273 2956 iiii-

709 2998 1055 3064 stionemque
1081 2994 1425 3054 inducentes,
1450 3011 1611 3049 unam
1638 3009 1757 3049 esse
1788 2994 1970 3047 carnis
1998 3004 2052 3047 et
2076 2994 2275 3046 divini—

709 3088 835 3141 tatis
874 3096 1124 3141 naturam
1178 3087 1579 3141 inconsiderate
1644 3087 1875 3157 fingunt,
1923 3086 2275 3154 divinumque

713 3177 985 3247 Unigeniti
1036 3187 1285 3231 naturam
1351 3192 1449 3246 per
1508 3178 1884 3232 confusionem
1934 3175 2268 3245 perpessioni
2301 3212 2346 3270 α

708 3268 999 3322 obnoxiam
1066 3269 1376 3337 prodigiose
1439 3276 1729 3322 asserunt:
1788 3268 1901 3321 haec
1961 3267 2072 3334 ipsa
2128 3281 2273 3319 nunc

712 3369 903 3414 sancta
934 3368 989 3414 et
1029 3376 1222 3429 magna
1258 3360 1581 3414 universalis
1613 3360 1872 3430 synodus,
1909 3375 2124 3412 onmem
2170 3359 2275 3413 illis

711 3452 956 3505 fraudem
1006 3459 1060 3505 et
1139 3450 1597 3504 machinationem
1669 3450 1934 3504 adversus
1992 3451 2276 3504 veritatem

711 3543 1047 3610 praecludere
1072 3544 1282 3608 volens,
1306 3552 1360 3597 et
1389 3543 1759 3611 integritatem
1792 3542 2276 3611 infirmitatemque

712 3637 915 3689 veteris
944 3635 1205 3689 doctrina:
1252 3635 1554 3695 vindicans,
1595 3637 1648 3687 in
1702 3634 1895 3703 primis
1951 3633 2177 3697 statuit,
2216 3642 2277 3687 ut

714 3734 1032 3780 sanctorum
1088 3736 1461 3781 trecentorum
1541 3728 1762 3779 Patrum
1831 3724 1962 3778 fides
2021 3726 2279 3779 inviolata

714 3826 950 3870 constet.
1004 3818 1211 3871 Deinde
1267 3827 1322 3871 et
1375 3832 1575 3871 eorum
1607 3818 1780 3886 quiin
1812 3816 2277 3885 urbeimperante

715 3907 980 3961 adversus
1013 3907 1254 3976 Spiritus
1300 3908 1477 3962 sancti
1513 3910 1695 3961 hostes
1719 3909 2116 3977 posxerioribus
2143 3918 2279 3963 tem:

718 3998 942 4068 poribus
964 4008 1359 4061 convenerunt,
1387 4008 1606 4052 centum
1622 3998 2013 4067 quinquaginta
2034 4000 2277 4065 Patrum,

716 4092 782 4144 de
809 4091 1045 4159 Spiritus
1067 4090 1300 4143 essentia
1324 4090 1630 4142 doctrinam
1659 4090 1981 4143 auctoritate
2030 4105 2126 4144 sua
2152 4106 2281 4145 con-

720 4185 898 4233 firmat
931 4199 943 4235 :
973 4197 1133 4249 quam
1169 4181 1245 4234 illi
1301 4181 1491 4234 l’atres
1542 4180 1795 4234 omnibus
1825 4190 2005 4234 notam
2048 4197 2169 4235 esse
2190 4198 2282 4235 vo-

719 4277 959 4336 luerunt,
1021 4290 1128 4326 non
1188 4282 1249 4328 ut
1280 4272 1487 4340 aliquid
1524 4274 1670 4342 quod
1714 4273 2014 4342 majoribus
2038 4274 2279 4344 ignotum

723 4366 938 4428 fuisset,
967 4365 1419 4425 inducerent,scil
1457 4373 1515 4417 ut
1550 4364 1787 4433 Spiritus
1808 4366 1980 4418 sancti
2008 4373 2279 4432 naturam,

720 4457 969 4525 quaedam
1003 4458 1069 4510 de
1103 4456 1249 4509 illius
1281 4465 1549 4523 potestate
1597 4457 1845 4511 obtinere
1903 4459 2165 4520 volentes,
2205 4468 2284 4512 te-

2958 990 3215 1042 ΚΕΦΛΛ.
3260 986 3351 1054 q’.

2370 1083 2539 1149 Ὄρος
2574 1078 2682 1145 τῆς
2707 1081 2877 1149 ἁγίας
2901 1081 2999 1133 καὶ
3028 1080 3447 1148 οἱκουμεινκῆς
3482 1078 3765 1145 τετάρτης
3786 1092 3939 1130 συν-

2864 1151 3010 1204 όδου
3037 1150 3143 1217 τῆς
3168 1152 3447 1212 πίστεως.

2447 1282 2463 1313 ι
2500 1262 2562 1315 Ὀ
2593 1263 2796 1329 Κύριος
2820 1260 2977 1330 ἡμῶν
3006 1262 3102 1312 καὶ
3125 1262 3312 1329 Σωτὴρ
3343 1260 3550 1329 Ἰησοῦς
3571 1260 3824 1328 Χριστος,
3843 1260 3941 1327 τῆς

2369 1354 2603 1415 πίστεως
2655 1354 2753 1421 τὴν
2788 1354 2990 1418 γνῶσιν
3023 1354 3136 1414 τοῖς
3174 1352 3442 1421 μαθηταῖς
3492 1352 3749 1420 βεϐαιῶν,
3796 1351 3900 1420 ἔφη
3924 1366 3938 1381 ⁸

2366 1446 2633 1511 Εἰρήνην
2690 1446 2804 1513 τὴν
2853 1446 3008 1513 ἐμὴν
3058 1445 3267 1513 δίδωμι
3308 1444 3485 1513 ὑμῖν·
3541 1445 3795 1511 είρήνην
3829 1444 3943 1508 τὴν

2364 1537 2521 1605 ἐμὴν
2568 1538 2781 1605 ἀφίημι
2825 1537 2998 1605 ὑμῖν*
3033 1538 3108 1597 ὼς
3161 1536 3365 1605 μηδένα
3396 1536 3687 1602 διαφωνεῖν
3722 1535 3780 1585 ἐν
3827 1535 3942 1593 τοῖς

2363 1630 2597 1699 δόγμασι
2625 1631 2725 1699 τῆς
2748 1628 3053 1691 εὐσεϐείας,
3093 1627 3208 1680 ἀλλ’
3239 1630 3435 1690 ἐπίσης
3463 1628 3521 1678 τδ
3555 1626 3653 1694 τῆς
3683 1625 3942 1693 ἀληθείας

2363 1721 2738 1774 ἐνδείκνυσθαι
2758 1722 3044 1789 κήρυγμα.
3060 1738 3077 1770 ι
3103 1719 3203 1771 Καὶ
3226 1716 3664 1783 ἀναγνωσθέντος
3681 1716 3775 1767 τοῦ
3797 1716 3941 1767 θείου

2368 1813 2661 1882 συμϐόλου,
2709 1811 2974 1880 καὶπρὸς
3013 1829 3076 1877 γε
3114 1811 3173 1862 τὸ
3228 1812 3334 1861 τῶν
3362 1809 3558 1862 ἑκατὸν
3598 1809 3943 1873 πεντήκοντα

2369 1902 2537 1968 ἁγίων
2579 1903 2855 1971 Πατέρων,
2885 1903 3161 1969 ἐπήγαγον
3187 1916 3199 1929 ’
3254 1901 3486 1967 «ἿΙρκει
3521 1898 3617 1965 μὲν
3636 1893 3727 1949 οὖν
3751 1897 3829 1958 εἰς
3853 1897 3942 1949 έν-

2367 1992 2495 2061 τελῆ
2548 1992 2649 2059 τῆς
2707 1992 2991 2054 εὐσεϐείας
3024 1990 3322 2057 ἐπίγνωσιν
3378 1989 3471 2042 καὶ
3535 1986 3829 2056 βεϐαίωσιν
3879 1989 3942 2038 τὸ

2371 2082 2533 2149 σοφὸν
2569 2083 2663 2134 καὶ
2696 2084 2967 2150 σωτήριον
3008 2081 3168 2132 τοῦτο
3206 2081 3304 2147 τῆς
3350 2080 3501 2140 θείας
3544 2080 3766 2145 χὰριτος
3800 2080 3942 2145 σύμ-

2371 2174 2524 2225 ϐολον
2549 2189 2561 2202 ·
2597 2173 2725 2241 περί
2759 2189 2818 2223 τε
2845 2172 2953 2240 γὰρ
2984 2173 3079 2223 τοῦ
3107 2172 3318 2240 Πατρὶς
3344 2171 3437 2222 καὶ
3468 2171 3559 2221 τοῦ
3588 2170 3739 2235 ἀγίου
3776 2170 3943 2221 Πνεύ-

2374 2282 2541 2332 ματος
2568 2262 2876 2316 ἐκδιδάσκει
2926 2263 2988 2314 τὸ
3019 2263 3245 2322 τέλειον,
3309 2262 3402 2313 καὶ
3437 2260 3531 2313 τοῦ
3589 2261 3793 2326 Κυρίου
3842 2260 3942 2327 τὴν

2372 2353 2789 2423 ὲνανθρώπησιν
2817 2356 2930 2415 τοῖς
2970 2353 3177 2413 πιστῶς
3221 2350 3534 2420 δεχομένοις
3570 2351 3899 2417 παρίστησιν
3922 2364 3936 2379 ο

2372 2448 2487 2500 ἀλλ’
2530 2448 2830 2517 ἐπειδήπερ
2856 2447 2904 2498 oi
2944 2447 3043 2514 τῆς
3076 2445 3335 2514 ἀληθείας
3369 2444 3552 2511 ἐχθροὶ
3580 2443 3795 2494 ἀθετεῖν
3820 2444 3941 2493 ὲπι-

2372 2538 2616 2607 χειρούσι
2650 2538 2709 2589 τὸ
2765 2538 3048 2605 κήρυγμα,
3108 2536 3196 2589 διὰ
3230 2536 3339 2587 τῶν
3399 2534 3620 2587 οἰκείων
3673 2534 3942 2601 αἱρέσεων

2372 2628 2710 2695 κενοφωνίας
2758 2628 3030 2681 ἀπέτεκον
3055 2644 3068 2657 °
3102 2629 3151 2679 οἱ
3207 2633 3302 2697 μὲν
3328 2629 3386 2680 τὸ
3418 2629 3516 2696 τῆς
3547 2628 3612 2679 δι’
3661 2628 3812 2695 ἡμᾶς
3847 2625 3943 2677 τοῦ

2375 2720 2583 2789 Κυρίου
2616 2720 2928 2785 οἰκονομίας
2964 2720 3266 2788 μυστήριον
3317 2719 3712 2786 παραφθείρειν
3744 2717 3945 2783 τολμή-

2377 2829 2589 2873 σαντες,
2617 2816 2710 2863 καί
2735 2810 2834 2880 τὴν
2874 2813 3163 2875 Θεοτύκος
3196 2813 3283 2862 ἐπὶ
3315 2812 3411 2876 τῆς
3457 2808 3731 2875 Παρθένου
3758 2806 3943 2874 φωνὴν

2375 2903 2781 2971 ἀπαρνούμενοι
2810 2918 2824 2933 ·
2859 2903 2907 2954 οἱ
2939 2902 2992 2952 δὲ
3042 2900 3308 2970 σύγχυσιν
3340 2901 3434 2952 καὶ
3466 2901 3669 2966 πρᾶσιν
3702 2898 3945 2963 εἰσάγον-

2377 3010 2487 3054 τες,
2533 2992 2627 3044 καὶ
2668 2997 2798 3061 μίαν
2832 2989 2975 3044 εἶναι
3019 2993 3115 3059 τὴν
3147 2993 3311 3058 φύσιν
3359 2991 3457 3058 τῆς
3498 2992 3699 3057 σαρκὸς
3731 2991 3821 3040 καὶ
3845 2987 3946 3055 τῆς

2378 3082 2626 3151 θεότητος
2657 3084 2901 3143 ἀνοήτως
2937 3082 3399 3143 ἀναπλάττοντες,
3443 3083 3537 3133 καὶ
3572 3080 3819 3150 παθητὴν
3848 3079 3946 3148 τὴν

2379 3175 2530 3227 θείαν
2587 3174 2679 3227 τοῦ
2716 3174 3051 3240 Μονογενοῦς
3100 3177 3165 3244 τῇ
3205 3174 3466 3242 συγχύσει
3499 3173 3941 3243 τερατευόμενοι.

2378 3267 2475 3319 Διά
2509 3266 2664 3317 τοῦτο
2729 3267 2910 3317 πᾶσαν
2959 3267 3143 3327 αὐτοῖς
3179 3265 3322 3317 κατὰ
3378 3266 3477 3331 τῆς
3520 3265 3779 3332 ἀληθείας
3813 3265 3947 3316 ἀπο-

2380 3356 2588 3411 κλεῖσαι
2652 3358 2905 3427 μηχανὴν
2952 3358 3317 3428 βουλομένηή
3365 3361 3619 3429 παροῦσα
3651 3360 3747 3411 νῦν
3806 3358 3945 3426 αὓτη

2380 3450 2511 3516 ἁγία
2542 3450 2637 3502 καὶ
2682 3451 2894 3519 μεγάλη
2940 3451 3297 3519 οἰκουμενικὴ
3340 3450 3580 3516 σύνοδος,
3619 3451 3677 3502 τὸ
3723 3449 3817 3502 τοῦ
3846 3467 3947 3517 κη-

2383 3542 2664 3611 ρύγματος
2692 3544 2900 3598 ἀνωθεν
2918 3543 3214 3596 ἀσάλευτον
3246 3543 3556 3605 ὲκδικοῦσα,
3586 3542 3751 3611 ὥρισε
3778 3558 3949 3611 προη-

2380 3636 2661 3701 γουμένως
2690 3637 2799 3687 τῶν
2832 3636 3161 3705 τριακοσίων
3224 3642 3295 3705 ιη’
3345 3636 3517 3701 ἁγίων
3562 3636 3824 3704 Πατέρων
3848 3635 3949 3703 τὴν

2382 3726 2563 3780 πίστιν
2622 3727 2804 3797 μένειν
2855 3728 3353 3799 ἀπαρεγχείρητον.
3410 3729 3520 3781 Καὶ
3576 3727 3676 3796 μὲν
3733 3728 3795 3793 δὴ
3851 3726 3948 3777 καὶ

2380 3818 2505 3880 τούς
2538 3818 2613 3886 τῷ
2646 3818 2927 3887 Πνεύματι
2957 3818 3035 3887 τῷ
3083 3820 3223 3887 ἁγίῳ
3260 3819 3628 3887 μαχομένους,
3668 3817 3768 3886 τὴν
3818 3816 3950 3886 χρό-

2382 3927 2504 3973 νους
2541 3910 2769 3979 ὕστερον
2796 3910 2949 3978 παρὰ
2981 3910 3091 3961 τῶν
3126 3910 3216 3961 ἐπὶ
3278 3910 3373 3977 τῆς
3418 3908 3811 3978 βασιλευούσης
3854 3907 3950 3960 πό-

2381 4002 2516 4064 λεως
2547 4008 2623 4073 ρν⁹
2654 4002 3022 4055 συνελθόντων
3052 4004 3314 4071 Πατέρων
3351 4002 3481 4070 περὶ
3512 4003 3609 4068 τῆς
3647 4000 3739 4054 τοῦ
3772 4000 3949 4054 Ilvati-

2387 4111 2552 4163 ματος
2592 4093 2780 4155 οὐσίας
2813 4092 3214 4159 παραδοθείσης
3251 4095 3427 4161 κυροῖ,
3461 4094 3525 4162 ἢν
3557 4092 3752 4145 ἐκεῖνοι
3780 4094 3948 4144 πᾶσιν

2384 4185 2690 4254 ἐγνώρισαν
2712 4185 2811 4252 οὐχ
2834 4183 2908 4245 ὣς
2932 4200 2984 4234 τι
3007 4184 3194 4234 λεῖπον
3225 4185 3335 4243 τοῖς
3368 4182 3642 4251 προλαϐοὐ
3654 4200 3733 4233 σιν
3763 4182 3949 4233 ἐπεισ-

2386 4275 2652 4335 άγοντες,
2705 4273 2841 4325 ἀλλὰ
2897 4274 2998 4339 τὴν
3052 4272 3203 4339 παρὰ
3257 4272 3351 4323 τού
3414 4272 3571 4337 ἁγίου
3634 4271 3947 4337 [Ινεύματος

2386 4365 2574 4427 αὐτοῦ,
2614 4365 2730 4416 ἔνια
2762 4364 2906 4416 κατά
2953 4364 3051 4431 τὴν
3083 4362 3248 4414 αὐτοῦ
3299 4364 3622 4414 δεσποτείαν
3670 4362 3952 4413 αὐθεντεῖν

2386 4461 2744 4529 πειρώμενοι,
2792 4458 3097 4526 γραφικαῖς
3156 4456 3485 4525 μαρτυρίαις
3540 4454 3946 4523 τρανώσαντες.

719 4548 994 4601 stimoniis
1030 4547 1082 4599 iti
1111 4546 1371 4614 scriptum
1403 4546 1609 4611 relatis,
1632 4547 1831 4602 clarius
1852 4549 2279 4617 promulgarent.
2317 4545 2360 4599 D
2389 4589 2392 4604 .

2317 4545 2360 4599 Β
2389 4552 2486 4605 Διά
2512 4553 2567 4604 δὲ
2591 4552 2713 4613 τούς
2735 4550 2795 4603 τὸ
2818 4550 2914 4617 τῆς
2943 4548 3256 4617 οἰκονομίας
3297 4546 3691 4615 παραφθείρειν
3709 4546 3952 4614 τολμῶν-

722 4640 950 4706 Pmpter
975 4652 1070 4691 eos
1105 4652 1235 4690 vero
1263 4640 1356 4705 qui
1413 4639 1733 4691 weonomite
1764 4649 1820 4691 et
1854 4640 2283 4707 dispensationis

722 4727 1042 4796 mysterium
1092 4727 1633 4797 depravareaudent,
1659 4739 1715 4782 et
1739 4730 1832 4798 qui
1874 4746 1937 4784 ex
1976 4730 2140 4784 Maria
2170 4732 2288 4785 Vir—

723 4822 849 4889 gine
904 4830 1067 4873 natus
1091 4829 1195 4883 est,
1233 4837 1442 4873 merum
1485 4821 1760 4874 hominem
1787 4837 1907 4877 esse
1942 4822 2287 4892 impudenter

721 4924 773 4964 et
801 4910 1111 4965 conviciose
1141 4910 1350 4973 dicunt.
1380 4911 1748 4981 beatiCyrilli,
1774 4915 1865 4980 qui
1907 4914 2286 4968 Alexandrina:

724 4999 979 5052 Ecclesia:
1014 5007 1201 5067 pastor
1225 4998 1347 5064 fuit,
1372 4999 1660 5069 synodales
1681 5002 1939 5069 epistolas
1990 5004 2056 5056 ad
2093 5004 2286 5059 Nestoo

727 5092 869 5144 rium
902 5100 958 5145 et
1004 5092 1305 5147 Orientales
1360 5096 1647 5163 episcopos
1700 5096 1873 5155 datas.
1930 5094 2075 5163 quod
2142 5107 2287 5150 recte

726 5184 942 5253 scripta:
968 5184 1094 5247 sint,
1145 5200 1269 5238 cum
1297 5184 1363 5237 ad
1418 5185 1651 5239 Nestorii
1674 5201 1926 5239 vesanam
1956 5186 2285 5240 dementiam

728 5280 1091 5343 refutandam,
1128 5290 1239 5334 tum
1269 5281 1334 5334 ad
1374 5282 1699 5334 svntentiam
1735 5280 1984 5334 salutaris
2023 5279 2287 5351 Symboli,

726 5373 808 5425 eis
865 5372 955 5440 qui
982 5388 1102 5425 eam
1152 5375 1240 5441 pio
1275 5373 1473 5425 ardore
1512 5372 1819 5440 requirunt.
1875 5371 2287 5431 declarandam,

728 5464 969 5532 recepit:
1028 5464 1230 5529 quibus
1264 5464 1551 5532 epistolam
1584 5477 1802 5530 quoque.
1860 5462 2107 5515 maxima:
2138 5462 2288 5517 urbis

728 5554 926 5607 veteris
946 5556 1126 5607 Roma:
1149 5554 1428 5618 antistitis,
1454 5554 1749 5606 beatissimi
1768 5561 1822 5607 et
1849 5554 2172 5607 sanctissimi
2200 5572 2286 5606 ar-

837 5670 849 5698 ¹
887 5666 1043 5721 .loan.
1080 5684 1188 5731 xiv,
1221 5667 1309 5719 '27.

2390 4661 2489 4705 τας
2533 4643 2856 4713 μυστήριον,
2901 4640 2997 4709 καὶ
3038 4638 3193 4707 ψιλὸν
3224 4638 3511 4705 ἄνθρωπον
3554 4637 3641 4689 τὸν
3673 4638 3823 4705 παρά
3854 4638 3952 4704 τῆς

2389 4733 2550 4798 ἁγίας
2607 4729 2879 4798 Παρθένου
2925 4728 3185 4796 τεχθέντα
3238 4726 3455 4792 Μαρίας
3493 4723 3729 4786 ἀναιδῶς
3780 4723 3949 4775 λοιδο-

2392 4822 2637 4892 ροῦντας,
2675 4821 2771 4881 τάς
2803 4818 2896 4870 τοῦ
2936 4818 3205 4887 μακαρίου
3237 4815 3507 4885 Κυρίλλου
3537 4812 3631 4865 τοῦ
3658 4813 3755 4881 τῆς
3795 4812 3949 4863 Ἀλε-

2392 4914 2659 4981 ξανδρέων
2688 4909 3015 4976 Ἐκκλησίας
3046 4909 3342 4976 γενομένου
3378 4906 3632 4973 ποιμένος
3667 4902 3953 4964 συνοδικάς

2389 5005 2678 5061 ἐπιστολὰς
2713 5002 2847 5069 πρός
2888 5017 2949 5066 γε
3002 5000 3297 5068 Νεστόριον
3349 5000 3442 5050 καὶ⁷
3490 4996 3626 5065 πρὸς
3678 4995 3803 5055 τούς
3854 4996 3953 5061 τῆς

2403 5091 2696 5159 Ἀκατολῆς
2728 5088 3054 5149 ἐπισκόπους
3087 5085 3373 5155 ἀρμοδίονς
3407 5083 3565 5145 οὐσας
3609 5081 3843 5144 ἐδέξατο,
3867 5081 3948 5141 εἰς

2394 5185 2612 5253 ἔλεγχον
2666 5182 2763 5251 μὲν
2799 5180 2895 5248 τῆς
2944 5177 3240 5245 Νεστορίου
3299 5173 3748 5243 φρενοϐλαῦείας,
3782 5172 3955 5238 ἑρμη-

2395 5276 2544 5327 νείαν
2576 5275 2632 5325 δὲ
2661 5274 2771 5324 τῶν
2805 5273 2860 5323 ἐν
2900 5270 3112 5322 εὐσεεεῖ
3147 5268 3293 5337 ζήλῳ
3320 5267 3413 5318 τοῦ
3448 5265 3717 5335 σωτηρίου
3747 5259 3953 5327 συμῦό·

2394 5367 2486 5419 λου
2522 5365 2829 5418 ποθούντων
2877 5365 2975 5430 τὴν
3004 5362 3209 5412 ἔννοιαν
3237 5378 3248 5388 ·
3286 5357 3371 5420 αἷς
3402 5360 3495 5411 καὶ
3526 5357 3623 5428 τὴν
3662 5350 3953 5419 ἐπιστολὴν

2392 5462 2488 5511 τοῦ
2527 5460 2622 5526 τῆς
2671 5458 2933 5526 μεγίστης
2977 5454 3069 5505 καὶ
3115 5451 3489 5521 πρεσὸυτέραε
3529 5449 3744 5517 Ῥώμης
3790 5442 3955 5512 προέ-

2394 5556 2521 5621 δρου
2551 5551 2643 5603 τοῦ
2684 5548 3099 5617 μακαριωτάτου
3138 5546 3229 5597 καὶ
3266 5545 3572 5611 ἁγιιοτάτου
3598 5535 3954 5611 ἀρχιεπισκό-

817 5809 890 5876 (οἱ)
924 5805 980 5858 L.
1010 5808 1264 5870 Quoniam
1304 5802 1613 5857 tammbilia
1672 5799 1754 5870 (Ε.
1793 5798 1862 5853 De
1893 5800 2058 5868 epist.
2089 5809 2139 5852 tt
2186 5796 2364 5851 cleric.
2397 5795 2455 5850 L.
2482 5794 2784 5865 Quicunque
2816 5797 2863 5847 in
2888 5797 3001 5849 luit.
3039 5795 3098 5850 (ἒ.
3139 5795 3210 5849 Dc
3246 5795 3433 5849 hauet.
3460 5803 3513 5848 et
3544 5787 3799 5857 Manicb.)
