4236 6442
703 383 770 451 3i
1942 385 2362 447 NICEPIIORI
2403 387 2752 448 CALLISTI
3892 385 3960 447 32

707 507 956 573 petierat,
995 504 1501 575 Hierosolymorum
1539 504 1795 560 thronum
1835 508 2144 575 occupavit,
2182 507 2277 559 ad-
2310 516 2352 570 Α

2310 516 2352 570 Α
2387 523 2505 575 μων
2539 506 2854 576 ὐφαρπάζει
2907 506 3118 575 θρόνον,
3175 506 3417 576 ἀρωγοῖς
3466 504 3811 575 χρησάμενος
3845 507 3958 567 τοῖς

703 598 981 669 jntoribus
1007 614 1067 651 ea
1100 598 1152 650 in
1185 612 1242 651 re
1268 613 1422 662 usus,
1452 598 1544 662 qui
1574 597 1764 669 synodi
1792 599 2281 653 constitutionibus

706 691 1167 753 adversabantur,
1192 700 1250 745 et
1277 690 1533 745 Eudocizn
1558 691 2028 759 gratiﬁcabantur.
2058 691 2127 747 Et
2154 707 2280 746 cum

707 783 950 851 episcopi
1002 783 1245 837 nomium
1285 800 1313 837 a
1349 782 1561 853 synodo
1606 783 1810 838 reversi
1856 783 2110 845 fuissent,
2146 783 2284 838 alios

708 874 824 943 ipse
873 874 1158 928 ordinatos
1224 874 1276 926 in
1326 873 1493 928 urbes
1527 887 1773 943 quasque
1818 873 1988 928 misit.
2028 872 2283 928 Severia-

711 980 841 1019 num
878 976 1062 1018 autem
1097 964 1448 1034 Scythopolis
1487 966 1831 1034 episcopum,
1864 966 2009 1035 quod
2042 965 2283 1019 malevo-

710 1059 891 1111 lentim
934 1058 1078 1110 illius
1102 1056 1387 1126 suffragari
1414 1058 1601 1121 nollet,
1649 1057 1854 1125 oppido
1894 1067 2146 1111 exactum
2202 1056 2287 1110 in-

711 1150 945 1206 teremit.
989 1149 1234 1219 Magnam
1262 1164 1479 1220 quoque
1518 1149 1689 1202 movit
1734 1149 2193 1219 persecutionem,
2230 1149 2283 1202 in

712 1242 932 1295 civitate
988 1254 1213 1309 sancta,
1270 1243 1538 1297 adversus
1585 1256 1681 1296 eos
1729 1241 1822 1309 qui
1874 1241 2285 1294 communicare

719 1350 844 1387 cum
876 1350 943 1387 co
976 1336 1255 1388 nolebant.
1290 1333 1566 1401 Quosdam
1611 1348 1843 1402 namque
1876 1332 2164 1386 tormentis
2194 1347 2289 1385 cx-

717 1430 1003 1493 cruciavit,
1040 1430 1316 1499 aliquibus
1368 1429 1730 1484 substantiam
1782 1428 2009 1490 ademit,
2050 1428 2285 1482 aliarum

709 1522 919 1576 aedibus
950 1520 1129 1591 ignem
1168 1521 1371 1590 iniecit,
1404 1522 1477 1575 ita
1514 1531 1573 1574 ut
1607 1521 1738 1575 urbs
1768 1534 1796 1573 a
1827 1520 2083 1573 barbaris
2130 1528 2286 1585 capta

710 1631 833 1669 esse
870 1615 1168 1668 videretur.
1219 1613 1293 1667 De
1327 1629 1437 1683 quo
1480 1624 1671 1683 postea
1712 1613 2111 1666 monachorum
2150 1611 2288 1665 ordo

714 1708 781 1761 ad
832 1707 1161 1762 Alcisonem‘
1200 1707 1411 1761 litteras
1459 1709 1615 1772 dans,
1656 1706 1789 1760 illud
1838 1706 2059 1774 scripsit
2092 1722 2105 1759 :
2142 1706 2284 1775 quod

713 1812 839 1850 cum
874 1808 929 1852 ut
967 1800 1246 1854 maleﬁcus
1292 1810 1347 1854 et
1388 1799 1649 1869 episcopo
1696 1814 1798 1853 suo
1847 1797 2047 1852 infidus
2088 1800 2288 1867 deprc—

718 1889 924 1944 hensus
974 1903 1140 1955 esset,
1192 1891 1528 1945 monasterio
1577 1906 1680 1945 suo
1729 1890 2011 1960 expulsus.
2050 1900 2102 1944 et
2155 1889 2285 1959 quia

714 1981 1056 2035 Alexandriae
1089 1998 1309 2050 quoque
1345 1982 1567 2036 rebellis
1604 1982 1867 2035 Dioscoro
1900 1981 2100 2047 fuerat,
2135 1979 2284 2049 quod

718 2073 1044 2127 \erbcrihus
1075 2074 1261 2127 multis
1290 2074 1534 2136 allectus,
1570 2084 1828 2143 tanquam
1864 2074 2029 2127 homo
2058 2074 2286 2128 seditio-

715 2180 808 2219 sus
840 2181 936 2234 per
968 2168 1157 2221 urbem
1189 2167 1444 2221 scabioso
1476 2167 1687 2221 camelo
1720 2166 1966 2221 insidens
2000 2169 2287 2222 traductus

716 2258 811 2310 sit.
844 2256 989 2311 Idem
1022 2273 1239 2326 quoque
1271 2258 1577 2312 Palaestinae
1610 2259 1771 2312 urbes
1804 2259 2162 2320 circumiens.
2193 2273 2287 2313 cas

718 2358 777 2402 ut
810 2348 915 2403 sibi
955 2349 1245 2419 episcopos
1284 2349 1549 2419 legerent,
1600 2350 1801 2420 coegit.
1847 2350 2090 2416 Quorum
2141 2365 2284 2404 unus

715 2441 880 2494 etiam
914 2441 1020 2495 fuit
1048 2442 1262 2507 Petrus,
1294 2458 1360 2495 cx
1404 2442 1580 2496 Iberia
1628 2443 1924 2503 oriundus.
1963 2444 2283 2498 Gazzeorum

714 2530 972 2593 civitatis,
1005 2531 1092 2584 cui
1128 2531 1372 2599 Maiumae
1415 2548 1615 2586 nomen
1646 2542 1755 2596 est,
1789 2532 2103 2601 episcopus.
2136 2533 2288 2587 Adeo

719 2630 777 2672 ut
835 2623 1168 2676 Athanasius
1221 2625 1443 2691 Quidam
1505 2625 1556 2676 in
1620 2624 1978 2677 diaconorum
2039 2623 2286 2677 ordinem

717 2720 1041 2779 cooptatus,
1097 2712 1148 2764 in
1198 2712 1375 2765 media
1430 2714 1661 2767 ecclesia
1717 2714 2110 2785 Hierosolymis
2162 2730 2286 2769 cum

718 2801 889 2860 multa
943 2800 1161 2853 dicendi
1215 2801 1486 2865 libertate,
1533 2802 1819 2870 iuquitatis
1875 2804 2290 2858 abominatione

722 2894 917 2945 throno
967 2894 1314 2947 sanctissimo
1368 2896 1663 2957 insidente,
1701 2911 1892 2950 vocem
1948 2896 2095 2950 illam
2149 2914 2289 2965 pra:-

717 2987 918 3038 claran;
958 2987 1204 3039 emiserit
1242 3003 1255 3039 :
1299 3006 1315 3035 ι
1356 2985 1573 3047 Desine,
1608 2986 1908 3048 Theodosi.
1940 2998 2144 3042 tantam
2182 3005 2287 3043 cae-

720 3079 842 3130 dem
887 3081 1254 3143 committere,
1302 3079 1493 3131 desine
1541 3078 1767 3133 Christo
1818 3079 2018 3133 bellum
2066 3079 2287 3143 inferre,

2384 600 2644 651 τάναντία
2677 600 2742 667 τῇ
2782 597 2988 667 συνόδῳ
3036 596 3320 665 φρονοῦσι,
3352 596 3446 649 καὶ
3491 598 3607 658 τοῖς
3662 597 3961 663 ὑπουργοῖς

2384 685 2671 747 Εύδοκίας.
2704 687 2816 739 Καὶ
2848 686 2957 739 τῶν
2992 687 3310 740 ἐπισκόπων
3336 688 3506 757 μήπω
3530 688 3593 738 ὲκ
3619 686 3719 754 τῆς
3742 686 3958 739 συνόδου

2383 777 2819 843 ἐπανελθόντων,
2855 780 3065 840 ἐκεῖνος
3118 780 3335 848 ἑτέρους
3381 778 3789 848 χειροτονήσας,
3821 778 3961 830 κατὰ

2385 870 2541 923 πόλιν
2588 868 2896 939 ἐξέπεμπε.
2947 870 3278 939 Σευηριανὸν
3323 871 3383 923 δὲ
3430 871 3523 923 τὸν
3572 868 3961 930 Σκυθοπόλεως

2387 963 2706 1026 ἐπίσκοπον,
2745 963 2820 1032 μὴ
2848 963 3162 1033 ὑπαχθῆναι
3194 965 3259 1031 τῇ
3287 964 3499 1015 ἐκείνου
3530 962 3796 1030 κακονοίᾳ
3826 962 3961 1031 ᾑρη-

2391 1055 2570 1123 μένον,
2602 1055 2701 1124 τῆς
2735 1056 2943 1118 πόλεως
2974 1054 3262 1124 ἐξαγαγὼν
3296 1057 3529 1110 ἔκτεινε.
3564 1056 3756 1124 Μέγαν
3782 1056 3826 1108 δ’
3848 1056 3963 1109 ἐκί-

2388 1164 2514 1216 νησε
2546 1149 2787 1216 διωγμὸν
2816 1151 2922 1201 ἀνὰ
2968 1149 3067 1218 τὴν
3100 1149 3266 1217 ἁγίαν
3300 1149 3456 1202 πόλιν
3489 1149 3613 1202 κατ’
3653 1148 3883 1204 ἐκείνων
3911 1149 3963 1201 οῖ

2389 1241 2466 1305 μὴ
2494 1239 2690 1309 ἐκείνῳ
2715 1241 2994 1291 κοινωνεῖν
3025 1239 3232 1291 εἴλοντο
3254 1254 3266 1267 ·
3298 1238 3392 1301 οὓς
3432 1240 3531 1307 μὲν
3560 1240 3670 1308 γὰρ
3704 1238 3961 1306 βασάνοις

2387 1329 2619 1400 ᾐκίσατο
2648 1347 2660 1359 ·
2688 1331 2866 1384 ἄλλων
2898 1331 2998 1402 τήν
3032 1332 3359 1401 περιουσίαν
3387 1332 3691 1401 διήρπασεν
3714 1348 3728 1362 ·
3753 1331 3964 1399 ἑτέρων

2387 1420 2441 1471 δὲ
2479 1419 2588 1489 πῦρ
2622 1420 2786 1486 ἐνῆκε
2818 1421 2933 1482 τοῖς
2977 1421 3150 1483 οἴκοις
3172 1436 3186 1451 '
3222 1422 3299 1483 ὼς
3332 1421 3512 1474 δοκεῖν
3542 1421 3642 1490 τὴν
3670 1420 3827 1474 πόλιν
3858 1420 3966 1473 ὑπὸ

2390 1508 2686 1580 βαρϐάρων
2719 1510 3068 1565 ἁλίσκεσθαι.
3101 1513 3236 1582 Περὶ
3291 1513 3352 1565 οὗ
3386 1513 3445 1565 τὸ
3482 1512 3778 1582 μοναχικὺν
3808 1512 3966 1564 ὓστε-

2390 1618 2483 1670 ρον
2511 1603 2649 1671 πρὺς
2688 1602 2995 1655 ’Λλκίσωνα
3048 1605 3263 1674 γράφον
3309 1605 3553 1671 εἴρηκεν,
3581 1603 3654 1666 ὡς
3706 1604 3801 1655 καὶ
3832 1601 3965 1668 περὶ

2387 1695 2481 1747 τὸν
2528 1698 2731 1749 οἰκεῖον
2781 1697 3085 1749 ἐπίσκοπον
3137 1692 3227 1750 οἷα
3283 1696 3595 1765 κακοῦργος
3649 1697 3835 1759 ἁλοὺς,
3866 1694 3962 1748 τοῦ

2390 1788 2512 1840 κατ’
2536 1788 2696 1841 αὐτὸν
2726 1788 2985 1858 ἀπηλάθη
3019 1790 3407 1860 μοναστηρίου,
3438 1792 3532 1843 καὶ
3561 1790 3653 1842 ἐπὶ
3683 1790 3782 1859 τῆς
3817 1789 3966 1843 Ἀλε-

2323 1858 2362 1912 B
2391 1878 2615 1950 ξάνδρου
2649 1880 2905 1952 διάφορος
2942 1883 3223 1952 Διοσκόρω
3248 1858 3513 1949 κατέστη.
3544 1883 3715 1935 Ἔνθα
3741 1858 3967 1943 πολλαῖς

2391 1971 2751 2037 καταξανθεὶς
2780 1977 2899 2035 ταῖς
2931 1974 3172 2043 πληγαῖς
3198 1972 3270 2037 ὡς
3305 1975 3633 2043 στασιώδης,
3662 1974 3756 2026 ἐπὶ
3784 1973 3968 2042 καμή·

2389 2064 2481 2116 λου
2509 2062 2805 2134 ψωριώσης
2832 2067 2937 2117 ἀνὰ
2967 2065 3066 2137 τὴν
3101 2066 3254 2119 πόλιν
3289 2065 3641 2136 περιηνέχθη.
3688 2067 3797 2118 Καὶ
3827 2064 3966 2135 πρὸς

2393 2158 2490 2220 τας
2524 2158 2711 2219 πόλεις
2744 2157 3104 2229 Παλαιστίνης
3140 2158 3257 2222 ἰὼν,
3303 2159 3639 2221 ἐπισκόπους
3670 2158 3822 2226 σφίσι
3854 2174 3969 2226 xst-

2393 2251 2628 2318 ροτονεῖν
2662 2248 3105 2317 κατηνάγκαζεν.
3150 2243 3250 2302 Ὧν
3277 2246 3355 2312 εἷς
3387 2244 3457 2319 ἦν
3488 2254 3583 2302 καὶ
3624 2252 3825 2318 Πέτρος
3850 2251 3878 2302 δ
3907 2248 3969 2313 ἐξ

2390 2340 2634 2410 Ἰϐηρίας
2673 2344 2773 2413 τῆς
2809 2341 3053 2403 Γαζαίων
3078 2341 3306 2405 πόλεως,
3418 2342 3716 2411 Μαῖουμᾶς
3770 2341 3966 2410 ὄνομα,

2388 2436 2517 2497 τοὺς
2546 2434 2641 2502 τῆς
2670 2435 2977 2504 ἐπισκοπῆς
3010 2434 3205 2496 οἴακας
3238 2435 3549 2497 πιστευθείς
3577 2451 3590 2463 ο
3620 2434 3696 2496 ὡς
3728 2434 3817 2486 καί
3842 2450 3966 2486 τινα

2389 2522 2716 2576 Ἀθανάσιον
2762 2523 2842 2592 τῷ
2895 2521 3005 2574 τῶν
3061 2522 3329 2574 διακόνων
3364 2522 3793 2591 κατειλεγμένον
3822 2521 3968 2591 χορῷ

2393 2616 2946 2687 παρρησιασάμενον,
2996 2618 3053 2669 ὲν
3108 2617 3248 2685 μέσῃ
3299 2617 3365 2685 τῇ
3419 2614 3831 2686 ἐκκλησίᾳ,τοῦ
3866 2614 3967 2684 τῆς

2391 2708 2618 2776 ἀνομίας
2650 2707 3042 2776 βδελύγματος,
3075 2708 3132 2757 ὲν
3181 2706 3260 2775 τῷ
3313 2706 3603 2776 ἁγιωτάτῳ
3635 2707 3969 2774 ὲςεζομένου

2393 2801 2591 2872 θρόνῳ,
2636 2801 2818 2869 φωνὴν
2854 2801 3095 2867 ἀφεῖναι,
3129 2819 3147 2851 ι
3195 2800 3433 2861 Παῦσαι,
3463 2798 3753 2867 λέγουσαν,
3782 2799 3968 2852 Θεοδό-

2395 2910 2497 2956 σ.ε,
2534 2894 2632 2959 τῆς
2662 2891 2934 2960 τοσαύτης
2963 2890 3278 2959 μιαιφονίας
3302 2908 3316 2919 ·
3348 2889 3558 2944 παῦσαι
3600 2887 3838 2958 Χριστὸν
3870 2905 3967 2938 πο-

2392 2984 2595 3055 λεμῶν,
2626 2985 2723 3036 καὶ
2778 2984 2840 3036 τὸ
2889 2983 3053 3036 αὑτοῦ
3103 2986 3358 3053 ποίμνιον
3394 2986 3486 3053 τῆς
3522 2982 3673 3041 θείας
3725 2982 3969 3050 μάνδραις

2394 3074 2701 3143 λῃστρικῶς
2737 3073 3060 3126 ἀπελαύνων
3085 3092 3098 3105 ·
3130 3077 3224 3127 καὶ
3280 3074 3484 3141 γνῶναι
3538 3073 3690 3142 μόλις
3725 3070 3972 3140 γενέσθω

720 3174 771 3217 ct
825 3181 1042 3234 gregem
1100 3170 1220 3236 ejus
1274 3168 1325 3219 in
1383 3168 1698 3233 praedonum
1756 3185 1963 3222 morem
2017 3185 2046 3221 e
2098 3171 2364 3253 divinoc

2318 3193 2364 3253 ο
2396 3184 2479 3218 σοι
2512 3169 2573 3218 τὸ
2601 3168 2871 3236 ἡμέτερον
2906 3168 3094 3219 εὔνουν
3130 3168 3260 3236 περὶ
3285 3168 3376 3218 τὸν
3430 3165 3606 3234 ἀληθῆ
3655 3165 3749 3217 καὶ⁸
3801 3164 3970 3225 ὅντως

718 3256 851 3309 ovili
890 3257 1111 3325 cjicerc,
1151 3268 1205 3310 et
1249 3258 1549 3325 aliquando
1584 3260 1804 3314 tandem
1850 3260 2289 3315 benevolentiam

722 3362 850 3415 erga
886 3363 1078 3400 verum
1116 3364 1552 3418 germauutuquc
1588 3362 1864 3420 pastorem
1911 3362 2151 3406 nostrain
2197 3370 2295 3407 co-

720 3455 918 3508 gnosce
944 3456 959 3504 ;
990 3456 1169 3508 neque
1201 3442 1346 3494 enim
1374 3444 1611 3497 alienum
1648 3444 1802 3513 sequi
1838 3446 2157 3507 didicimus,
2192 3461 2298 3499 ne—

719 3546 829 3598 que
858 3546 1048 3583 vocem
1081 3541 1399 3585 extranoam
1432 3534 1643 3588 audire.
1686 3554 1704 3585 ι
1748 3535 1871 3590 Πευο
1904 3551 2031 3589 cum
2063 3537 2293 3602 diceret,

722 3638 751 3674 a
784 3623 1119 3676 satellitibus
1134 3623 1429 3677 Theodosii
1465 3634 1814 3693 arreptus,et
1835 3641 1898 3679 ex
1921 3628 2148 3681 ecclesia
2189 3637 2298 3681 tra-

722 3722 842 3767 ctus
894 3722 999 3767 est.
1055 3713 1235 3782 Atque
1292 3714 1577 3768 insolentis
1630 3717 1945 3784 petulantiae
1988 3729 2043 3771 et
2081 3719 2297 3771 crucia-

726 3816 879 3858 tuum
913 3820 1085 3874 genus
1119 3818 1282 3858 omne
1315 3816 1543 3873 propter
1573 3804 1854 3860 Christum
1898 3822 2209 3878 perpessus,
2242 3817 2299 3863 et

727 3900 909 3967 llagris
934 3899 1120 3951 umltis
1149 3899 1425 3964 concisus,
1456 3908 1734 3966 postremo
1761 3899 1927 3953 etiam
1958 3900 2102 3955 ferro
2131 3902 2295 3955 vitam

724 3991 927 4045 amisit.
955 3990 1205 4045 Cadaver
1230 3991 1349 4059 eius
1374 4006 1439 4045 cx
1473 3990 1707 4059 pedibus
1734 4006 1830 4058 per
1859 3993 2050 4047 urbem
2078 4008 2297 4046 onmem

727 4094 967 4152 raptum,
995 4083 1227 4136 canibus
1256 4082 1473 4135 tandem
1502 4097 1629 4136 esca
1657 4084 1962 4153 projectum
1991 4094 2091 4139 est.
2126 4084 2299 4140 Porro

729 4174 1059 4231 llorotlieus.
1094 4174 1187 4242 qui
1238 4173 1581 4228 Palmstinam
1636 4175 1973 4243 provinciam
2019 4176 2087 4230 ab
2127 4177 2298 4246 impe-

730 4280 910 4320 ratore
936 4278 1219 4335 acceptam
1253 4264 1694 4329 administrabat,
1725 4266 1883 4336 θοι
1919 4276 1976 4321 et
2011 4277 2124 4321 tum
2153 4268 2298 4337 apud

728 4359 1077 4413 Moabitidem
1151 4358 1293 4412 bello
1350 4357 1616 4412 adversus
1677 4356 1943 4412 barbaros
1999 4371 2298 4429 occupatus

724 4462 864 4527 erat,
896 4453 985 4506 ubi
1022 4467 1084 4505 ca
1119 4466 1239 4520 qua:
1271 4452 1322 4503 in
1360 4451 1493 4505 urbe
1526 4450 1605 4504 sic
1638 4451 1973 4519 gerebantur
2010 4454 2295 4522 cognovit,

2395 3261 2653 3330 ποιμέναο
2696 3261 2901 3330 ἥκιστα
2933 3262 3043 3329 γὰρ
3069 3260 3332 3328 ἀλλοτρίῳ
3380 3259 3607 3311 ἕπεσθαι
3646 3256 3972 3327 μεμαθήκα-

2398 3370 2521 3421 μεν,
2578 3354 2715 3422 μηδὲ
2773 3354 2932 3422 ξένης
2981 3353 3205 3406 ἀκούειν
3241 3354 3444 3420 φωνῆς.
3489 3370 3507 3402 ι
3545 3350 3734 3403 Ταῦτα
3777 3350 3970 3418 λέγων,

2396 3447 2746 3516 άνάρπαστος
2775 3446 2958 3516 ἤγετο,
2987 3447 3092 3497 ὑπὸ
3130 3445 3240 3497 τῶν
3289 3445 3574 3497 Θεοδοσίου
3610 3443 3974 3498 ὑπασπιστῶν

2395 3535 2502 3599 ἔξω
2534 3538 2859 3604 συρόμενος,
2893 3536 2989 3587 καὶ
3026 3537 3137 3587 πᾶν
3167 3528 3306 3595 εἶδος
3361 3535 3653 3605 παροινίας
3683 3535 3777 3587 καὶ
3805 3533 3977 3602 βασάι

2398 3642 2491 3677 νου
2544 3626 2729 3695 φέρων
2778 3627 2867 3679 διὰ
2914 3627 3177 3696 Χριστόν.
3230 3625 3458 3687 Πολλαῖς
3509 3626 3566 3677 δὲ
3616 3624 3977 3692 καταξανθεὶς

2401 3715 2644 3783 μάστιξι,
2674 3718 2827 3777 τέλος
2861 3719 2955 3769 καὶ
2990 3716 3241 3787 μαχαίρᾳ
3277 3716 3534 3769 καταλύει
3582 3717 3641 3770 τὸ
3675 3715 3798 3783 ζῇν.
3838 3717 3896 3770 '0
3927 3717 3976 3769 δ’

2397 3806 2612 3859 ἐκείνου
2637 3807 2853 3875 νεκρὸς,
2889 3809 2954 3858 ὲκ
2987 3808 3147 3869 ποδὸς
3179 3807 3270 3859 διὰ
3306 3808 3487 3877 πάσης
3518 3809 3617 3877 τῆς
3652 3808 3863 3870 πόλεως
3890 3808 3978 3860 ἑλ-

2399 3901 2643 3962 κυσθεὶς,
2674 3901 2828 3960 τέλος
2859 3899 2988 3952 κυσὶ
3036 3899 3174 3969 βορὰ
3209 3900 3546 3969 παρεδίδοτο.
3602 3901 3878 3971 Δωρόθεος
3929 3902 3978 3953 δ’

2397 3993 2426 4044 ὁ
2451 3994 2550 4060 τήν
2586 3992 2958 4060 Παλαιστίνην
3006 3994 3071 4043 ὲκ
3112 3992 3377 4061 βασιλέως
3429 3993 3655 4053 διέπων,
3687 3995 3815 4062 περί
3870 4009 3977 4045 που

2398 4080 2497 4147 τὴν
2523 4078 2808 4133 Μωαϐῖτιν
2840 4079 2977 4149 πρὸς
3022 4078 3341 4151 βαρϐάρους
3398 4081 3884 4151 ὲνασχολούμενος,
3908 4084 3978 4136 τὰ

2398 4175 2543 4226 κατά
2568 4174 2668 4242 τήν
2698 4171 2856 4225 πόλιν
2888 4174 3161 4242 γενόμενα
3189 4173 3465 4241 διαγνοὺς,
3496 4174 3624 4226 ὅσον
3658 4175 3824 4243 τάχος
3848 4175 3977 4244 ἥκει

2401 4267 2500 4317 σὺν
2544 4267 2645 4319 οὐκ
2691 4266 2910 4332 ἀγεννεῖ
2948 4266 3026 4334 τῷ
3064 4264 3285 4336 στρατῷ
3335 4265 3624 4336 βοηθήσων
3652 4270 3765 4330 τοῖς
3795 4270 3980 4336 πράγ-

2403 4374 2592 4426 μασιν.
2623 4356 2696 4411 Oi
2726 4373 2790 4425 γε
2835 4357 2944 4427 μήν
2990 4357 3278 4410 Θεοδοσίου
3310 4357 3405 4409 καὶ
3440 4358 3704 4420 Εὐδοκίας
3735 4360 3980 4412 ὑπασπι-

2403 4452 2526 4503 σταὶ
2565 4450 2664 4509 τὰς
2699 4449 2869 4519 θύρας
2897 4449 3092 4519 ἐκείνῳ
3122 4446 3589 4517 ἐπιζυγώσαντες,
3617 4449 3680 4502 οὐ
3710 4450 3979 4519 πρότερον

725 4545 1009 4600 celeritate
1037 4557 1250 4597 summa
1276 4556 1400 4597 cum
1429 4542 1677 4596 exercitu
1711 4541 1834 4596 forti
1866 4543 2029 4597 rebus
2054 4559 2298 4613 prmscn-
2333 4548 2374 4599 ί)

2333 4548 2374 4599 ί)
2404 4539 2633 4606 ἀνῆκαν,
2658 4540 2763 4601 ἕως
2798 4532 2859 4589 οὗ
2891 4538 3050 4605 λόγον
3086 4540 3179 4591 καὶ
3231 4538 3360 4608 παρ’
3409 4537 3578 4590 αὐτοῦ
3624 4538 3818 4592 ἔλαϐον
3843 4579 3858 4604 ,
3902 4542 3980 4604 ὡς

729 4642 873 4694 tibus
911 4636 1270 4691 consulturus
1303 4636 1564 4689 accurrit.
1603 4633 1875 4689 Caeterum
1914 4634 2208 4691 Theodosii
2242 4647 2297 4691 et

725 4732 984 4788 Eudociaa
1017 4730 1305 4792 satellites,
1342 4729 1518 4796 portis
1561 4728 1788 4792 clausis,
1824 4743 1933 4781 non
1978 4730 2132 4797 prius
2169 4745 2295 4784 cum

725 4824 1023 4887 admisere,
1061 4837 1220 4891 quam
1253 4821 1336 4874 eis
1368 4820 1647 4890 pollicitus
1676 4830 1844 4883 esset,
1872 4836 1930 4874 se
1966 4837 2188 4891 quoque
2227 4824 2294 4877 ad

729 4926 908 4984 partes
935 4928 1125 4968 eorum
1157 4911 1529 4976 deiecturum,
1558 4912 1719 4966 sicuti
1754 4912 2147 4966 monachorum
2180 4929 2297 4967 om-

726 5008 877 5062 nium
914 5006 1049 5059 ordo
1076 5012 1134 5059 et
1161 5004 1418 5058 universa
1454 5004 1696 5058 civitatis
1728 5004 2023 5058 multitudo
2052 5003 2293 5060 fecisset.

729 5100 802 5150 Ita
829 5111 1045 5150 menses
1071 5094 1261 5165 viginti
1289 5095 1559 5151 exitiosus
1582 5094 1926 5150 Theodosius
1953 5097 2296 5166 tyrannidem

727 5190 781 5243 in
813 5190 942 5243 sedc
974 5188 1468 5258 llicrosolymitana
1500 5186 1767 5242 exercuit.
1800 5187 1972 5253 Quam
2003 5205 2115 5243 rem
2148 5200 2295 5258 post-

725 5297 894 5351 quam
930 5280 1239 5335 Marcianus
1272 5280 1566 5342 intellexit,
1600 5296 1629 5334 a
1664 5280 1940 5335 Dorothco
1972 5281 2059 5334 ille
2089 5282 2299 5350 ejectus

722 5382 807 5423 est
833 5388 846 5423 :
879 5385 1042 5439 quem
1078 5371 1122 5425 is
1153 5386 1351 5440 capere
1382 5373 1606 5439 quidem
1640 5372 1742 5440 (sic
1768 5373 1914 5423 enim
1950 5372 2299 5442 itnpzratoris

727 5464 1268 5533 prmceperatjussio)
1286 5473 1514 5518 conatus
1529 5474 1640 5526 est;
1676 5462 1770 5517 sed
1797 5463 1847 5517 id
1873 5466 1940 5518 ab
1967 5479 2031 5518 eo
2053 5465 2166 5519 Iieri
2190 5481 2297 5519 non

726 5553 925 5623 potuit,
962 5564 1249 5624 protiterea
1276 5554 1422 5623 quod
1464 5554 1635 5623 pestis
1658 5555 1749 5607 illa
1783 5554 1836 5608 in
1866 5554 2106 5609 Siuatum
2136 5571 2297 5609 mon-

727 5659 834 5699 tem
886 5647 1223 5715 prol’ugerat.
1279 5645 1451 5711 Quam
1501 5645 1571 5699 ob
1617 5660 1835 5700 causam
1893 5647 2153 5715 plurimi,
2202 5649 2295 5717 qui

724 5740 973 5809 partibus
1002 5740 1123 5809 ejus
1153 5740 1423 5805 faverant,
1450 5739 1741 5794 tormentis
1770 5739 1977 5794 subditi
2010 5750 2161 5805 sunt,
2190 5756 2296 5794 non

728 5831 924 5899 plebeii
978 5841 1186 5885 tantum
1240 5832 1525 5897 homines,
1572 5831 1667 5886 scd
1719 5831 1885 5887 etiam
1934 5832 2026 5901 qui
2080 5843 2296 5902 propter

2404 4633 2658 4692 κακεῖνος
2694 4632 2794 4684 σὺν
2831 4630 3013 4693 αὐτοῖς
3059 4631 3144 4699 είη
3176 4631 3503 4683 ἀποστατῶν
3522 4647 3537 4662 ·
3567 4630 3759 4700 ὥσπερ
3787 4631 3854 4701 δή
3883 4633 3984 4686 καὶ

2398 4723 2461 4775 τὸ
2495 4724 2787 4791 μοναχικδν
2820 4721 2966 4774 ἁπαν
3008 4721 3194 4774 καὶτὸ
3240 4724 3342 4790 τῆς
3389 4721 3598 4784 πόλεως
3643 4722 3983 4792 διεπράξατο

2400 4813 2628 4883 πλῆθος.
2666 4814 2792 4866 Ἐπὶ
2840 4812 3015 4866 εἴκοσι
3061 4812 3242 4866 τοίνυν
3276 4814 3441 4881 μησὶν
3476 4813 3503 4864 ὁ
3535 4810 3753 4880 λυμεὼν
3783 4814 3981 4866 Θεοδό-

2401 4925 2515 4969 σιος
2531 4909 2622 4959 τὸν
2647 4906 2838 4978 θρόνον
2864 4907 3230 4976 τυραννήσας,
3260 4904 3584 4974 Μαρκιανοῦ
3610 4906 3679 4957 τά
3710 4923 3967 4975 πεπραγ-

2404 5003 2540 5070 μένα
2575 4998 2860 5069 μαθόντος,
2907 4998 3041 5067 προς
3089 4996 3371 5067 Δωροθέου
3423 4995 3772 5061 ἐκϐάλλεται,
3802 5014 3980 5050 κατα-

2402 5096 2550 5162 σχεῖν
2584 5093 2687 5164 μὲν
2720 5091 3076 5161 πειραθέοτος
3126 5091 3355 5142 ἐκεῖνον’
3390 5088 3537 5141 οὕτω
3580 5091 3689 5157 γὰρ
3738 5090 3798 5141 τὸ
3831 5091 3980 5142 θεῖον

2399 5188 2618 5240 ἐκέλευε
2650 5186 2986 5254 πρόσταγμα
3008 5200 3023 5216 ⁸
3064 5184 3140 5255 μὴ
3183 5183 3505 5251 δυνηθέντος
3535 5199 3598 5249 γε
3630 5182 3759 5252 μὴν,
3786 5182 3863 5251 τῷ
3886 5182 3980 5234 τὸν

2399 5280 2688 5347 ἀλιτήριον
2722 5279 2859 5347 πρὸς
2886 5277 2948 5329 τό
2983 5277 3199 5329 Σίναιον
3233 5276 3538 5345 ἀποδρᾶναι
3565 5293 3581 5307 ⁵
3614 5276 3684 5328 δι’
3717 5271 3793 5332 ὧν
3824 5277 3977 5330 πλεῖ-

2402 5386 2520 5422 στοι
2564 5368 2674 5420 τῶν
2724 5369 2918 5437 ἐκείνῳ
2953 5366 3348 5437 συναραμένων
3384 5368 3597 5429 αἰκίαις
3628 5369 3978 5439 ὑπήχθησαν,

2401 5462 2465 5514 οὐ
2503 5463 2667 5530 μόνον
2715 5460 2810 5511 τοῦ
2865 5460 3105 5521 λαὼδους
3156 5458 3545 5528 πληρώματος,
3571 5459 3708 5513 ἀλλά
3739 5462 3832 5514 καὶ
3864 5463 3978 5515 τῶν

2404 5552 2681 5624 μοναδικῷ
2737 5553 2982 5622 σχήματι
3036 5550 3563 5619 κατατεταγμὲνων.
3631 5552 3875 5606 Ἐκείνου
3928 5554 3977 5607 δ’

2400 5647 2647 5701 ἐκποδὼν
2700 5648 3010 5715 γεγονότος,
3062 5644 3414 5709 Ἰουϐενάλιος
3447 5642 3605 5710 αὖθις
3651 5648 3743 5701 τὸν
3784 5648 3977 5718 θρόνον

2404 5739 2709 5792 κατέλα6ε’
2762 5740 2856 5793 καὶ
2909 5738 3121 5801 πάντας
3169 5738 3327 5799 ὅσους
3388 5740 3721 5808 χειροτονίας
3773 5742 3979 5808 ἠξίωσε

2401 5831 2704 5899 θεοδόσιος,
2729 5830 2973 5885 καθεῖλεν
3026 5830 3209 5894 εὐθύς.
3249 5829 3425 5886 Πολλὰ
3453 5833 3509 5886 δὲ
3548 5834 3642 5888 καὶ
3670 5835 3833 5899 ἕτερα
3866 5834 3978 5891 τῶν
