4236 6442
654 388 751 452 .35

1912 382 2335 445 NlCFPllOlil
2383 384 2725 446 CALLKSTI

3870 382 3936 449 36

682 520 827 561 tates
874 504 1144 573 ejusmodi
1185 502 1522 560 Orientalem
1573 500 1726 554 orbis
1774 509 1984 568 partem
2039 512 2259 553 onmem
2289 508 2338 565 Α

2289 508 2338 565 Α
2364 501 2459 551 καὶ
2513 499 2681 562 ἄλλας
2734 499 2994 561 πλείστας
3028 498 3232 568 ἐπῆλθε
3288 500 3473 560 πόλεις
3502 516 3515 529 °
3548 499 3738 571 ὥσπερ
3769 501 3937 571 βάδην

682 615 730 669 pi
752 608 1061 668 ragrarunt.

1280 823 1504 879 CAPUT
1552 822 1665 890 XL!

684 939 761 992 De
802 937 1164 991 Valentiniani
1193 939 1351 992 cn‘de.
1377 938 1467 1005 qui
1493 934 1915 990 Occidentalibus
1942 934 2255 1001 imperavit:

754 1020 802 1061 et
841 1010 903 1062 de
945 1008 1187 1061 Eudomia
1234 1008 1454 1075 conjuge
1504 1008 1651 1073 eius,
1690 1006 1969 1073 liberisque
2001 1005 2255 1075 ejusdem.

758 1078 824 1131 Et
854 1089 908 1131 ut
941 1078 1283 1132 Ceaiam‘ichus
1318 1073 1494 1129 urbem
1527 1076 1745 1129 Romam
1780 1076 1993 1143 ceperit.
2035 1073 2169 1143 Item
2196 1075 2259 1124 ile

754 1152 829 1202 eis
850 1151 939 1217 qui
962 1158 1072 1215 post
1100 1147 1533 1201 Valentinianum
1558 1163 1651 1216 per
1671 1147 2050 1200 successionem
2082 1142 2259 1197 Roma:

752 1222 1105 1288 imperarunt.

758 1399 848 1454 lite
902 1399 1145 1454 Orientis
1206 1413 1465 1451 :erumute
1527 1397 1701 1451 fut-re.
1765 1397 1938 1450 Porro
1990 1394 2262 1449 Occidens

686 1495 845 1555 alias,
883 1493 964 1545 eis
999 1506 1135 1555 quas
1170 1490 1413 1544 diximus
1458 1505 1566 1543 non
1606 1475 1867 1548 minores,
1900 1489 2093 1542 sensit.
2126 1485 2260 1541 Nam

684 1583 880 1637 Actius
930 1582 1085 1636 urbis
1131 1582 1393 1635 Romana:
1440 1581 1752 1649 praefectus,
1789 1577 2162 1632 miserandum
2205 1576 2260 1631 iu

685 1677 908 1730 modum
946 1675 1113 1727 vitam
1162 1673 1346 1726 amisit
1378 1690 1392 1725 :
1432 1682 1486 1725 et
1518 1687 1629 1725 one
1669 1671 1924 1725 Uccidua:
1963 1671 2263 1739 imperator

686 1768 1111 1822 Valentinianus
1174 1774 1322 1817 recta
1384 1763 1611 1832 quidem
1670 1761 1928 1816 Ecclesiae
1983 1764 2258 1831 dogmata,

2361 594 2472 646 τῶν
2511 594 2768 646 τοιούτων
2799 594 2993 648 παθῶν
3043 597 3229 649 πᾶσαν
3277 594 3378 663 τὴν
3424 593 3525 662 τῆς
3555 594 3669 646 Ἕω
3721 611 3938 664 περινο-

2366 686 2636 739 στούντων
2664 690 2791 757 γῆν.

2956 821 3205 877 ΚΕΦΛΛ.
3248 824 3353 877 lA'.

2362 934 2504 1000 Περὶ
2549 934 2662 1000 τῆς
2709 934 3077 1001 ἀναιρέσεως
3138 933 3650 989 Οἰοαλεντινιανοῦ
3701 936 3808 987 τοῦ
3869 934 3939 987 ἐν

2431 1004 2657 1071 ἑσπέρᾳ
2706 1004 3145 1071 κατάρχοντος·
3206 1005 3303 1058 καί
3360 1004 3493 1072 πὲρι
3549 1005 3661 1071 τῆς
3701 1006 3937 1058 ἐκείνου

2431 1074 2717 1142 γυναικὸς
2770 1075 3066 1139 Εὺδοξίας
3114 1078 3212 1128 καὶ
3254 1074 3375 1127 τῶν
3425 1075 3656 1128 παίδων
3706 1075 3932 1141 αι’-τῆς·

2431 1146 2528 1197 καὶ
2560 1145 2641 1210 ὡς
2678 1145 2978 1213 Γιζέριχος
3038 1142 3166 1199 εἷλε
3200 1148 3315 1209 τὴν
3350 1145 3619 1212 Ῥώμην’
3671 1145 3771 1199 καὶ
3801 1146 3934 1210 περὶ

2431 1214 2553 1267 τῶν
2571 1217 2723 1283 μετὰ
2777 1218 3290 1269 Οὺαλεντινιαιύν
3331 1214 3482 1269 κατὰ
3512 1215 3808 1285 διαδοχὴν
3829 1215 3937 1279 βε-

2434 1287 2881 1341 ϐασιλευκότων
2902 1286 2972 1339 ἐν
3014 1284 3232 1355 Ῥώμῃ.

2434 1402 2675 1454 Τοιαῦτα
2731 1403 2833 1471 μὲν
2876 1401 2974 1473 τήν
3008 1404 3122 1455 Ἕω
3151 1403 3293 1456 κακὰ
3320 1403 3682 1473 διελάμὸανεν
3706 1419 3719 1432 ·
3755 1404 3857 1456 ἀνὰ
3884 1402 3940 1453 te

2362 1492 2461 1562 τὴν
2490 1493 2735 1561 ἑσπέραν
2760 1492 2928 1561 ἔτερα
2954 1494 3056 1545 οὐκ
3084 1493 3297 1545 ἐλάττω
3337 1492 3447 1545 τῶν
3487 1493 3796 1563 εἰρημένων
3831 1492 3945 1559 ὲγὶ-

2365 1603 2507 1641 νετο.
2548 1586 2756 1649 ’Δέτιος
2791 1586 2890 1655 μὲν
2921 1586 3029 1654 γὰρ
3075 1588 3104 1639 ὁ
3146 1587 3247 1656 τὴν
3284 1587 3506 1656 Ῥώμην
3535 1586 3740 1639 διέπων
3768 1585 3943 1638 ἐλεει-

2366 1678 2469 1740 νῶς
2493 1678 2588 1732 τὸν
2615 1678 2733 1749 βίον
2760 1679 3131 1749 κατέστρεψεν
3147 1696 3163 1711 ·
3187 1681 3216 1733 ὁ
3244 1680 3301 1734 δὲ
3330 1681 3429 1750 τῆς
3451 1679 3711 1749 ἑσπερίου
3735 1677 3943 1749 λήξεως

2368 1770 2730 1841 αὐτοκράτωρ
2780 1770 3233 1836 Ούαλεντινιανος
3295 1772 3408 1825 τῶν
3468 1774 3565 1842 μὲν
3614 1772 3792 1839 ὀρθῶν
3847 1772 3944 1835 ti;

687 1856 1154 1930 quemadmodum
1188 1872 1354 1926 supra
1391 1871 1419 1909 a
1453 1856 1614 1909 nobis
1641 1855 1847 1909 dictum
1876 1861 1983 1918 est,
2009 1852 2260 1919 retinuit,
2298 1848 2340 1906 Β

2298 1848 2340 1906 Β
2380 1863 2716 1933 Ἐκκλησίας
2772 1865 3067 1933 δογμάτων
3119 1866 3266 1935 μά“·α
3318 1865 3621 1934 ἀντείχετο,
3654 1858 3801 1935 ᾖπέρ
3851 1880 3943 1932 μοι

693 1953 750 2006 ἰη
784 1951 1108 2021 quotidiana
1144 1960 1326 2003 autem
1363 1946 1767 2001 consuetudine
1807 1946 1931 2001 vita:
1967 1946 2299 2017 plurimum.

688 2042 946 2110 deliquit.
984 2041 1143 2110 603
1174 2040 1309 2093 Cum
1344 2040 1492 2092 enim
1528 2038 1680 2090 vultu
1726 2047 1980 2098 venusto,
2009 2046 2066 2092 et
2101 2037 2267 2093 rebus

688 2138 815 2192 aliis
841 2145 1089 2190 ornatam
1126 2136 1360 2187 maxime
1394 2133 1447 2185 in
1480 2132 1835 2185 matrimonio
1867 2130 2099 2185 haberet
2128 2146 2263 2185 con-

684 2232 894 2300 jugem,
921 2228 1159 2299 iunioris
1183 2224 1481 2279 Theodosii
1512 2224 1676 2276 tiliam
1706 2222 2033 2287 Eudoxiam,
2060 2224 2268 2277 alienas

690 2320 911 2389 nuptias
938 2319 1166 2386 turpiter
1200 2315 1449 2375 fa:davit,
1470 2324 1527 2367 et
1548 2321 1736 2382 aperte
1762 2313 2066 2381 permultos
2087 2312 2270 2366 curio-

689 2427 873 2467 sarum
905 2411 1103 2463 artium
1139 2416 1444 2461 sectatores
1477 2404 1779 2458 familiares
1812 2403 2029 2463 habuit.
2062 2412 2116 2457 et
2149 2412 2269 2457 tan-

688 2505 814 2558 dem
869 2504 1033 2555 vitam
1084 2499 1384 2554 fuadissima
1426 2507 1601 2551 morte
1638 2497 1799 2550 ﬁniit.
1862 2494 2081 2550 Maximi
2115 2511 2270 2548 nam-

688 2612 821 2667 que.
868 2597 985 2665 qui,
1019 2594 1281 2648 Gratiano
1331 2594 1664 2659 imperatore
1710 2604 1873 2654 cmso,
1922 2588 2267 2659 tyrannidem

690 2687 929 2756 arripuit
995 2698 1053 2740 et
1108 2701 1137 2738 a
1183 2698 1377 2751 magno
1433 2680 1747 2735 Theodosio
1798 2689 1989 2750 postea
2040 2690 2270 2734 necatus

688 2790 792 2845 est,
834 2793 901 2832 ex
954 2777 1067 2831 lilio
1123 2789 1319 2843 nepos,
1371 2787 1474 2826 avo
1533 2772 1900 2842 cognominis,
1945 2770 2269 2840 patriciatus

691 2869 1016 2939 dignitatem
1052 2867 1369 2937 primariam
1401 2880 1620 2934 gerens,
1653 2880 1777 2919 cum
1813 2863 2041 2919 insidias
2066 2864 2270 2918 Valen-

692 2963 905 3016 tiniano
962 2958 1278 3028 imperatori
1339 2966 1617 3021 strueret,
1676 2966 1967 3026 propterea
2021 2956 2169 3025 quod
2226 2957 2271 3011 is

694 3068 923 3107 uxorem
955 3052 1076 3121 ejus
1106 3059 1436 3119 stuprasset,
1461 3048 1681 3101 Aetium
1716 3048 2054 3117 imperialem
2089 3047 2268 3102 aulam

693 3146 1097 3215 gubernantem
1148 3141 1444 3209 (consiliis
1493 3139 1640 3194 enim
1692 3140 1808 3193 suis
1852 3140 1898 3193 is
1942 3140 2267 3207 obsistebat)

695 3244 980 3299 metuens,
1036 3232 1439 3302 perduellionis
1492 3232 1726 3286 crimine
1778 3247 1879 3303 per
1934 3232 2266 3285 calunmiam

692 3324 835 3393 apud
874 3324 1266 3392 imperatorem
1308 3322 1526 3376 detulit.
1562 3320 1743 3390 Atque
1786 3320 1877 3374 ubi
1919 3319 2009 3375 iile
2045 3334 2163 3372 eam
2197 3320 2269 3373 ob

693 3430 913 3471 causam
943 3412 1337 3467 miserabiliter
1365 3428 1539 3467 caesus
1564 3423 1671 3476 cst,
1698 3412 1889 3466 labore
1917 3411 2071 3465 nullo
2105 3409 2272 3463 Maxi-

696 3522 816 3561 mus
842 3505 1199 3574 imperatoris
1224 3503 1428 3567 regiam
1455 3502 1760 3572 ingressus,
1788 3502 1942 3556 illum
1969 3500 2271 3567 interemit,

691 3600 1083 3668 et‘conjugem
1132 3598 1251 3667 ejus
1302 3595 1606 3650 Eudoxiam
1655 3596 1838 3663 coegit
1885 3594 1990 3648 sibi
2039 3593 2268 3657 nubere,

692 3695 859 3763 eique
903 3707 1004 3761 per
1031 3700 1285 3758 stuprum
1319 3689 1428 3742 vim
1463 3687 1670 3742 intulit.
1702 3687 1804 3739 l‘er
1835 3701 1958 3755 quae
1989 3685 2135 3739 enim
2167 3683 2271 3738 alio

693 3787 819 3855 quis
869 3793 1082 3856 peccat,
1116 3800 1216 3854 per
1262 3782 1454 3836 eadem
1501 3782 1669 3835 etiam
1712 3781 2032 3849 castigatur.
2075 3779 2272 3833 Postea

691 3895 826 3933 vero
873 3878 965 3932 ille
999 3876 1295 3946 imperium
1332 3890 1555 3943 quoque
1591 3874 1697 3927 sibi
1738 3874 2047 3942 usurpavit.
2086 3872 2273 3925 Enim-

697 3985 828 4024 vero
864 3968 1115 4023 Eudoxia
1166 3977 1316 4020 tanta
1352 3966 1688 4020 contumelia
1729 3965 1946 4027 aliecta,
1978 3963 2123 4033 quod
2162 3972 2270 4017 tam

696 4060 1045 4128 inopinatum
1107 4058 1372 4128 ﬂagitium
1430 4072 1576 4127 aegre
1636 4059 1839 4118 ferret,
1889 4070 2110 4110 omnem
2166 4054 2271 4110 sibi

694 4154 841 4223 quod
888 4153 1093 4207 dicitur
1132 4150 1445 4221 jacicudam
1481 4164 1605 4204 esse
1639 4148 1812 4202 aleam
1845 4148 2059 4211 statuit,
2094 4155 2154 4200 ut
2190 4146 2275 4200 iu-

690 4246 850 4315 jurim
902 4253 1184 4297 auctorem
1243 4242 1613 4296 ulcisceretur
1655 4240 1750 4309 qui
1798 4238 2012 4293 facinus
2059 4246 2271 4292 tantum

694 4340 750 4393 in
806 4339 1004 4392 marito
1056 4351 1159 4390 suo
1208 4344 1449 4405 patrare.
1490 4344 1549 4388 et
1595 4334 1823 4404 insuper
1871 4332 2269 4402 ingenuitatem

694 4431 1118 4498 libertatemque
1176 4440 1329 4481 suam
1382 4427 1765 4481 contaminare
1820 4440 1991 4479 ausus
2054 4426 2270 4480 fuisset.

2296 3192 2339 3250 C

2369 1962 2464 2013 καὶ
2514 1962 2780 2027 πρότερον
2815 1963 3064 2029 εἴρηται·
3114 1961 3438 2032 παρανομξᾳ
3487 1961 3543 2013 δὲ
3587 1961 3815 2030 πλείστῃ
3862 1961 3945 2021 εἷς

2367 2054 2467 2119 τὴν
2501 2052 2697 2105 ἑαυτοῦ
2741 2055 3010 2123 ἐκέχρητο
3040 2055 3269 2107 δίαιταν.
3318 2054 3512 2126 Ὡραίᾳ.
3557 2055 3666 2123 γὰρ
3695 2055 3791 2120 τὴν
3820 2053 3945 2121 ὄψιν

2368 2149 2463 2198 καὶ
2508 2146 2678 2200 τᾶλλα
2728 2146 3155 2218 εὐπρεπεστάτη
3207 2148 3433 2213 γυναικὶ
3488 2146 3778 2210 συνοικῶν,
3832 2146 3940 2198 Εὑ-

2368 2237 2519 2309 δοξίᾳ
2569 2241 2631 2306 τῇ
2682 2238 2776 2290 τοῦ
2830 2240 2951 2290 νέου
3000 2238 3287 2291 Θεοδοσίου
3336 2237 3593 2306 θυγατρὶ,
3626 2238 3940 2308 ἀλλοτρίους

2369 2330 2582 2397 γάμους
2617 2330 2871 2398 ἁσέμνως
2918 2330 3220 2400 ἁνὼρυττε.
3252 2330 3473 2399 Συχνῶς
3513 2331 3568 2384 δὲ
3600 2332 3698 2385 καὶ
3735 2334 3849 2396 τοῖς
3878 2333 3947 2384 τὰ

2372 2422 2648 2490 περίεργα
2676 2422 3014 2484 πράττουσιν
3037 2421 3209 2485 ἀδεῶς
3238 2423 3466 2491 ὁμιλῶν,
3493 2426 3756 2496 αίσχίστῳ
3793 2427 3948 2495 μόρῳ

2370 2516 2460 2565 τον
2507 2514 2623 2582 βίον
2677 2515 3071 2583 μετήλλαττεν.
3109 2513 3358 2584 Μαξίμου
3410 2517 3504 2571 καὶ
3552 2518 3681 2586 γὰρ,
3722 2518 3777 2579 ὃς
3809 2519 3945 2587 δόλῳ

2376 2607 2474 2675 μὲν
2511 2606 2604 2657 τὴν
2645 2605 2875 2676 βασιλέα
2924 2607 3223 2673 Γρατιανδν
3257 2608 3459 2667 ἀνεῖλε.
3486 2611 3762 2676 τυραννίδι
3813 2628 3950 2680 χρη-

2374 2699 2629 2766 σάμενος,
2664 2698 2769 2750 ὑπὸ
2806 2698 2863 2750 δὲ
2909 2698 3003 2750 τοῦ
3061 2699 3301 2765 μεγάλου
3357 2700 3641 2753 Θεοδοσίου
3676 2699 3947 2770 ἀνῄρηται

2372 2791 2568 2841 τούτου
2603 2791 2733 2852 παῖς
2775 2791 2969 2854 παιδὸς
3025 2791 3102 2858 τῷ
3156 2792 3366 2861 πάππῳ
3416 2794 3727 2862 ἰημώνυμος,
3759 2796 3816 2847 ἐν
3843 2813 3948 2849 πα-

2372 2883 2605 2950 τρικίοις
2633 2884 2702 2935 τὰ
2730 2882 2926 2950 πρῶτα
2948 2882 3140 2946 τελῶν,
3162 2885 3455 2956 ἐπιϐουλήν
3481 2886 3694 2954 βασιλεῖ
3713 2887 3951 2940 Dinis»-

2371 2974 2597 3041 τινιανῷ
2636 2974 2859 3043 βάπτων
2887 2992 2901 3006 ο
2940 2975 3137 3046 ὅτιπερ
3172 2978 3255 3040 είς
3287 2978 3387 3046 τὴν
3434 2979 3647 3033 ἐκείνου
3690 2980 3949 3051 ἐνύϐρισε

2374 3066 2638 3136 γαμετὴν,
2664 3066 2919 3130 δεδοικὼς
2956 3069 3049 3121 τὸν
3091 3068 3300 3121 Ἀέτιον
3325 3071 3435 3122 τῶν
3478 3072 3772 3141 βασιλείων
3807 3092 3947 3144 κρα-

2373 3159 2569 3213 τοῦντα
2599 3175 2614 3190 ο
2648 3160 2923 3213 διαϐάλλει
2973 3162 3072 3229 μὲν
3106 3164 3312 3216 ἐκεῖνον
3354 3165 3579 3232 πρῶτον
3618 3166 3696 3233 τῷ
3740 3167 3954 3236 βασιλεῖ

2372 3252 2451 3321 τῷ
2499 3253 2807 3322 ἐγκλήματι
2845 3255 2944 3322 τῆς
2998 3254 3424 3320 καθοσιώσεωςο
3479 3259 3600 3311 ἐπεὶ
3647 3258 3696 3311 δ’
3744 3260 3952 3323 ἐκεῖνος

2371 3344 2461 3398 διὰ
2505 3345 2665 3398 τοῦτο
2706 3345 2955 3409 δειλαίως
3000 3348 3263 3419 ἀνῄρητο,
3311 3354 3410 3400 σὺν
3458 3350 3635 3405 οὐδενὶ
3688 3353 3837 3420 πόνῳ
3882 3356 3953 3403 τὰ

2373 3437 2650 3505 ἀνάκτορα
2701 3437 2908 3503 εἰσιὼν,
2943 3440 3145 3493 κτείνει
3191 3440 3291 3508 μὲν
3339 3442 3430 3494 τὸν
3476 3444 3949 3506 Οὐαλεντινιανὸν,

2373 3529 2466 3581 καὶ
2504 3529 2600 3599 τὴν
2628 3531 2841 3584 ἐκείνου
2880 3531 3134 3585 σύνοικον
3172 3533 3534 3597 είσοικίζεται
3559 3579 3573 3598 ,
3608 3538 3703 3588 καὶ
3749 3538 3953 3607 πολλὴν

2374 3620 2496 3690 βίαν
2544 3622 2872 3690 ἐπαγαγὼν,
2914 3622 3091 3694 ταύτῃ
3140 3625 3544 3695 συμφθείρεται
3572 3645 3585 3658 ’
3638 3628 3705 3681 δι’
3736 3622 3811 3682 ὧν
3841 3631 3953 3701 γιὶρ

2372 3725 2457 3773 τις
2501 3710 2833 3779 ἁμαρτάνει,
2865 3711 2936 3764 δι’
2979 3711 3161 3765 αὐτῶν
3205 3713 3302 3766 καὶ
3346 3713 3688 3771 παιδεύεται.
3719 3718 3952 3771 Ἔπειτα

2374 3802 2469 3853 καὶ
2500 3801 2597 3870 τὴν
2625 3804 2803 3872 ἀρχὴν
2858 3802 3270 3873 περιϐάλλεται.
3318 3805 3381 3858 Ἦ
3429 3804 3476 3858 δ’
3509 3805 3740 3872 Εύδοξία
3802 3809 3949 3862 οὕτω

2375 3893 2839 3962 περιυόρισοεῖσα
2874 3896 2968 3946 καὶ
2989 3895 3066 3963 τῷ
3087 3894 3209 3949 λίαν
3240 3896 3540 3969 παραλόγῳ
3564 3898 3660 3952 τοῦ
3688 3901 3950 3970 πράγμαο

2374 4002 2465 4046 τος
2526 3986 2824 4056 ἀχθομένη.
2879 3987 3058 4041 πάντα
3118 3988 3320 4054 κύσον,
3379 3991 3440 4044 τὸ
3487 3992 3552 4064 δή
3612 3992 3947 4061 λεγόμενον,

2373 4080 2732 4150 ἀναρρίπτειν
2785 4081 2996 4152 ᾑρεῖτο,
3051 4080 3193 4134 ὥστε
3239 4083 3332 4136 τὸν
3376 4083 3640 4154 ὑϐριστήν
3690 4086 3949 4139 τίσασθαι

2375 4171 2515 4239 ὑπὲρ
2544 4188 2604 4223 τε
2630 4164 2708 4224 ὧν
2756 4172 2834 4235 είς
2863 4171 2955 4225 τὸν
2999 4174 3200 4227 οίκεῖον
3239 4176 3533 4229 ἐπεπόνθει
3565 4178 3834 4247 γαμέτην,
3867 4174 3951 4243 οἷς

2374 4278 2431 4313 τε
2484 4259 2659 4325 οὕτως
2700 4263 2780 4333 τῷ
2818 4264 3123 4335 ἐλευθερίῳ
3175 4265 3482 4336 ὲξύόριστο.
3522 4270 3630 4321 Καὶ
3678 4272 3785 4339 γάρ
3832 4291 3951 4334 πως

2372 4353 2520 4424 δεινή
2554 4353 2636 4415 τίς
2673 4355 2794 4408 ἐστι
2824 4356 2983 4428 γυνὴ,
3015 4357 3111 4411 καὶ
3152 4358 3352 4426 ἥκιστα
3404 4361 3737 4415 δυσωπεῖται
3766 4364 3950 4435 λύπην

2372 4443 2603 4510 τάχιστα
2648 4442 2979 4506 ἀποθέσθαι.
3007 4446 3059 4499 εί
3096 4463 3163 4516 γε
3199 4449 3559 4519 σωφροσύνης
3608 4455 3949 4525 ἀντεχομένη

693 4523 851 4575 Acris
889 4521 1036 4576 enim
1073 4533 1193 4573 esse
1233 4518 1373 4573 solet
1414 4518 1640 4583 femina,
1676 4533 1778 4573 nec
1833 4518 1943 4571 ullo
1993 4519 2158 4572 modo
2205 4533 2267 4572 ea
2303 4553 2344 4606 υ

2303 4553 2344 4606 D
2374 4533 2581 4603 ταύτην
2628 4535 2765 4605 πρὸς
2810 4535 2934 4605 βίαν
2970 4540 3296 4610 ἀφαιρεθείη
3326 4555 3341 4570 ·
3374 4541 3470 4593 καὶ
3499 4518 3691 4606 ταῦτα,
3729 4518 3856 4611 παρ’
3888 4518 3949 4602 ού

695 4613 938 4666 ﬂectitur
968 4619 1057 4664 aut
1093 4618 1370 4673 exoratur,
1406 4618 1466 4663 ut
1498 4610 1742 4664 dolorem
1777 4611 1963 4664 statim
1998 4620 2187 4680 ponat,
2222 4610 2266 4663 si

694 4704 958 4773 pudicitia
1010 4704 1084 4767 ei,
1135 4718 1300 4772 quam
1355 4701 1598 4755 retinere
1650 4703 1959 4767 contendit,
2003 4716 2104 4772 per
2158 4704 2267 4755 vim

695 4795 955 4866 adempta
986 4796 1058 4849 sit
1090 4812 1104 4847 :
1132 4805 1186 4846 ct
1216 4793 1437 4862 quidem
1472 4795 1542 4847 ab
1572 4810 1637 4849 co
1664 4794 1756 4863 qui
1782 4794 1946 4849 etiam
1977 4795 2269 4855 castitatis,

696 4872 983 4958 dignitatis
1014 4896 1071 4941 et
1103 4887 1534 4941 existimationis
1564 4902 1677 4941 sua:
1710 4886 1994 4942 custodem
2029 4886 2271 4941 sustule-

698 4982 792 5035 rit.
876 4980 1000 5032 ll:ec
1048 4994 1237 5033 secum
1295 4980 1347 5031 in
1405 4978 1589 5032 animo
1659 4979 1912 5033 volutans
1983 4979 2267 5040 Eudoxio,

698 5069 1147 5139 quandoquidem
1206 5069 1410 5122 nullam
1459 5084 1526 5124 ex
1574 5070 1831 5139 Byzantio
1880 5069 2070 5123 auxilii
2114 5084 2267 5138 spem

696 5178 819 5217 esse
856 5163 1090 5232 putavit,
1127 5163 1271 5229 quod
1321 5171 1475 5230 pater
1516 5162 1633 5231 ejus
1675 5160 2023 5215 Theodosius
2060 5161 2267 5216 dudum

699 5256 843 5309 diem
901 5268 1063 5307 suum
1112 5254 1375 5315 obiisset,
1426 5264 1484 5307 et
1542 5263 1789 5322 tempore
1851 5254 2090 5322 plurimo
2137 5254 2267 5310 diva

703 5347 990 5414 l‘ulclicria
1048 5347 1284 5415 imperio
1350 5346 1422 5400 ibi
1488 5350 1781 5415 potiretur,
1840 5363 1963 5416 quae
2021 5350 2267 5405 nondum

699 5448 1022 5508 conceptam
1070 5438 1342 5492 adversus
1384 5447 1609 5491 matrem
1651 5438 1948 5492 Eudociam
1997 5440 2134 5494 iram
2169 5444 2269 5495 de-

702 5530 997 5595 posuisset,
1022 5530 1165 5582 dona
1190 5532 1419 5583 maxima
1443 5533 1497 5584 in
1524 5530 1747 5600 Libyam
1773 5533 1839 5586 ad
1864 5532 2265 5589 Gcnscriclium

702 5623 871 5684 misit,
904 5622 1269 5691 cunnlemque
1315 5632 1376 5674 ut
1418 5624 1521 5675 sibi
1572 5624 1624 5675 iu
1667 5634 1812 5677 tanta
1847 5641 2088 5679 a-rumna
2136 5628 2269 5680 sub-

700 5717 933 5777 vi-niret,
970 5728 1139 5782 seque
1182 5712 1399 5766 Maximi
1448 5714 1803 5782 improbitate
1849 5717 2131 5786 liberaret,
2175 5736 2267 5773 ro-

698 5810 838 5876 gavit
875 5824 1003 5877 :spc
1042 5808 1129 5859 illa
1183 5807 1420 5863 barbaro
1470 5808 1670 5876 oblata,
1700 5811 1743 5864 si
1795 5815 1955 5866 modo
1986 5829 2043 5870 se
2080 5831 2261 5870 move-

2373 4626 2466 4677 καὶ
2521 4625 2616 4678 τὸν
2667 4625 2771 4695 τῆς
2833 4629 3195 4698 σωφροσύνης
3261 4634 3358 4685 καὶ
3418 4636 3587 4702 τιμῆς
3652 4639 3745 4689 καὶ
3791 4638 3952 4705 δόξης

2370 4717 2594 4784 φύλακα
2650 4720 2805 4787 τύχοι
2861 4725 3345 4791 προσαπολέσασα.
3401 4724 3569 4779 Ταῦτ’
3618 4724 3713 4781 οὖν
3763 4732 3821 4783 ἑν
3869 4733 3951 4801 νῷ

2370 4809 2569 4877 ἔχουσα
2631 4810 2894 4876 Εύδοξία,
2946 4815 3070 4867 ἐπεὶ
3132 4817 3267 4885 μηδὲ
3330 4818 3461 4887 μίαν
3514 4821 3579 4873 ἑκ
3644 4821 3947 4885 Βυζαντίου

2370 4898 2590 4953 ἔσεσθαί
2623 4903 2674 4954 οἱ
2700 4901 2837 4973 ᾤετο
2862 4905 3109 4975 ἀρωγὴν,
3139 4908 3309 4960 πάλαι
3352 4911 3451 4979 μὲν
3475 4913 3763 4981 οἰχομένου
3800 4914 3941 4986 αὐτῇ

2370 4994 2464 5045 τοῦ
2503 4994 2709 5065 πατρὸς
2759 4996 3066 5064 Θεοδοσίου,
3097 5000 3351 5053 πλεῖστον
3399 5003 3455 5055 δὲ
3505 5006 3600 5057 καὶ
3652 5006 3755 5076 τῆς
3794 5006 3952 5071 θεέας

2371 5084 2708 5155 Πουλχερίας
2742 5088 2834 5140 ἐπὶ
2866 5090 2966 5159 τῆς
2999 5092 3170 5160 ἀρχῆς
3204 5092 3373 5160 ούσης
3400 5097 3614 5164 χρόνον,
3639 5100 3729 5151 καὶ
3768 5102 3942 5168 μήπω

2370 5178 2463 5230 τὸν
2502 5179 2645 5232 κατὰ
2676 5183 2775 5251 τῆς
2811 5185 3016 5250 μητρὸς
3054 5184 3316 5247 Εύδοκίας
3365 5189 3522 5255 χόλον
3569 5191 3948 5262 ἀποθεμένης,

2369 5267 2518 5338 δῶρα
2548 5270 2777 5322 πλεῖστα
2820 5271 3011 5337 δοῦσα,
3039 5273 3174 5343 πρὸς
3211 5273 3422 5345 Λιϐύην
3460 5277 3761 5345 ἐκπέμπει.
3790 5282 3948 5347 Γιζὲ-

2374 5375 2524 5428 ριχον
2548 5361 2892 5426 δυσωποῦσα,
2925 5365 3130 5434 ἀρῆξαι
3174 5366 3275 5434 μὲν
3303 5368 3440 5439 αὐτῇ
3485 5371 3768 5443 δυστυχῶς
3799 5374 3947 5429 οὕτω

2372 5454 2710 5524 πραττούσῃ,
2768 5457 2861 5506 καὶ
2910 5457 3007 5524 τῆς
3064 5457 3319 5526 Μαξίμου
3375 5460 3681 5530 μοχθηρίας
3731 5465 3950 5521 ἐλευθε-

2375 5546 2545 5613 ρῶσαι
2565 5563 2581 5579 ο
2613 5548 2835 5601 εὔελπιν
2868 5550 2925 5603 δὲ
2960 5550 3097 5604 εἶναι
3132 5552 3298 5619 μόνον
3329 5556 3652 5624 κινήσαντα,
3680 5560 3769 5611 καὶ
3796 5563 3948 5633 παρὰ

2370 5638 2529 5700 δόξαν
2560 5642 2625 5708 τῇ
2665 5640 2958 5708 Ῥωμαίων
2989 5644 3237 5697 ἐπελθεῖν
3280 5646 3455 5714 στόλῳ
3506 5644 3730 5719 μεγαλῳ
3761 5652 3904 5723 ἀρχῇ
3930 5669 3946 5684 ο

2371 5728 2687 5797 ὑπισχνεῖτο
2739 5732 2847 5801 γάρ
2891 5734 2939 5784 οἱ
2996 5735 3172 5787 πάντα
3228 5734 3476 5804 εὐχερῶς
3532 5738 3850 5806 προδοῦναι.
3887 5744 3950 5796 ὐ

2375 5820 2472 5889 μὲν
2515 5820 2607 5874 οὖν
2652 5823 2905 5894 Μάξιμος
2952 5827 3060 5878 οὐδ’
3115 5826 3213 5879 ἕνα
3263 5829 3610 5898 τυραννήσας
3663 5832 3944 5903 ἐνιαυτὸν,
