4236 6442
712 400 782 462 39
1940 376 2361 440 NICEPIIORI

2298 376 2361 437 XI
2402 377 2749 437 (IALLISTI
3904 368 3971 434 40

1309 495 1531 553 CAPUT
1574 495 1691 549 ΧΗ.

723 601 786 656 Ut
820 598 1135 666 impcratrix
1175 594 1407 666 Eudocia
1448 587 2029 666 ίζιιίοίιοτίω-ᾼιιριιειιο
2047 585 2132 666 “sit
2169 601 2292 637 con-

787 654 973 724 cilidta
1007 684 1025 722 :
1056 676 1104 719 et
1134 665 1197 717 de
1216 664 1432 733 juniore
1462 660 1717 722 Eudocia,
1752 656 2007 709 Eudoxio:
2036 654 2181 723 ﬁlim.

792 846 1036 902 Eudocia
1087 844 1331 913 Augusta
1384 841 1437 893 in
1491 837 1777 892 Palaestina
1835 835 2017 889 adhue
2066 837 2291 903 degens,

722 943 789 995 de
825 940 948 995 lilia:
984 938 1263 996 Eudoxiaa,
1297 933 1592 1001 maritique
1621 939 1677 984 et
1709 929 2015 983 liberorum
2047 926 2293 998 ejusdem

725 1033 891 1086 rebus
941 1031 1143 1084 certior
1200 1027 1363 1087 facta,
1424 1024 1491 1078 at!
1550 1032 1851 1077 extremam
1910 1020 2162 1090 ceajecta
2211 1027 2298 1073 est

724 1120 893 1176 animi
944 1121 1299 1172 anxietatem.
1346 1113 1585 1170 Proinde
1620 1111 1807 1164 funem
1849 1124 2100 1172 onmem,
2152 1117 2212 1161 ut
2240 1108 2295 1161 in

723 1213 1021 1281 proverbio
1052 1219 1157 1274 est,
1194 1223 1442 1269 movens,
1475 1220 1574 1275 per
1608 1204 1886 1259 Valerium
1923 1211 1978 1256 et
2009 1199 2295 1270 Olybrium

727 1305 991 1376 patricios
1020 1301 1326 1357 Pulcherite
1375 1297 1726 1352 reconciliata
1761 1304 1845 1349 est
1875 1312 1888 1347 :
1922 1309 1950 1347 a
1991 1308 2099 1362 qua
2133 1293 2298 1346 etiam

728 1401 907 1470 petiit,
947 1407 1007 1452 ut
1039 1399 1118 1450 eis
1148 1411 1267 1463 quae
1299 1394 1351 1445 in
1392 1392 1712 1461 captivitate
1741 1395 1949 1450 essent,
1994 1400 2155 1454 opem
2187 1384 2298 1439 fer-

727 1502 834 1547 ret.
864 1492 929 1545 Et
958 1505 1079 1543 cum
1114 1503 1218 1557 pax
1257 1486 1399 1539 inter
1430 1482 1831 1539 Genserichum
1865 1489 1922 1531 et
1956 1477 2298 1531 Marcianum

728 1586 873 1638 facta
917 1591 1086 1643 esset,
1117 1579 1424 1633 Eudoxiam
1457 1573 1834 1630 Genserichus
1893 1579 1947 1623 et
1978 1567 2298 1631 Plaeidiam,

728 1676 1015 1732 l'uleheria
1067 1679 1308 1741 petente,
1359 1667 1522 1721 sicuti
1573 1664 1707 1729 dixi,
1762 1660 2086 1732 Byzantium
2131 1659 2302 1714 misit.

725 1764 925 1818 Junior
960 1769 1140 1813 autem
1177 1756 1419 1811 Eudocia
1454 1754 1597 1824 apud
1632 1754 1892 1807 maritum
1928 1750 2304 1805 Honorichum

2999 489 3248 541 ΚΕΦᾹᾹ.
3287 486 3383 540 IB'.

2412 583 2511 646 Ὦς
2541 585 2578 648 ἡ
2610 582 2862 646 βασιλὶς
2920 581 3183 634 Εὺδοκία
3211 580 3286 646 τῇ
3334 578 3611 644 βασιλίδι
3646 578 3977 648 Ποιξλχερίᾳ

2472 646 2799 704 ἐσπείσατο
2820 668 2834 680 ’
2887 651 2987 703 καὶ
3017 652 3145 717 περὶ
3176 648 3287 716 τῆς
3326 650 3614 715 νεωτέρας
3647 646 3961 711 Εὺδοκίας,

2475 722 2582 787 τῆς
2615 721 2911 789 θυγατρὸς
2932 721 3251 784 Εὺδοξίας.

2475 835 2706 889 Εὺδοκὶσ.
2738 835 2793 887 δὲ
2823 836 2855 902 ἡ
2907 834 3215 903 βασίλισσα,
3264 834 3331 884 τὰ
3367 833 3509 885 κατά
3555 833 3654 901 τὴν
3703 830 3980 901 θυγατέρα

2408 926 2666 991 Εὑδοξίαν
2692 927 2786 978 καὶ
2824 927 2915 978 τὸν
2952 927 3188 991 σύζυγον
3234 927 3328 978 καὶ
3360 925 3458 988 τὰς
3505 926 3730 976 ἐκείνων
3783 924 3982 985 παῖδας

2404 1019 2784 1089 ἀκδαμαθούσα,
2810 1021 2890 1071 ἔτι
2928 1022 2993 1089 τῇ
3047 1017 3384 1088 Παλαιστίνῃ
3430 1014 3866 1083 ἐνδιατρίϐουσα,
3899 1014 3983 1077 είς

2407 1115 2635 1183 ἔσχατον
2679 1111 2919 1181 ἀθυμίας
2968 1107 3106 1182 ἧκε*
3146 1112 3241 1165 καὶ
3292 1110 3471 1161 πάντα
3523 1108 3725 1173 κάλων,
3775 1106 3833 1159 τὸ
3886 1107 3982 1159 τοῦ

2406 1207 2599 1274 λόγου,
2658 1205 2966 1274 κινήσασα,
3034 1203 3322 1255 σπένδεται
3390 1200 3734 1271 Πουλχερὶᾳ,
3805 1199 3988 1268 μέσων

2407 1297 2717 1365 γενομένων
2766 1296 3101 1363 Οὒαλλερίου
3155 1296 3251 1345 καὶ
3308 1291 3597 1361 Ὀλυὸρίου
3639 1292 3750 1343 τῶν
3790 1306 3989 1356 πατρι-

2410 1388 2567 1442 κίων.
2607 1389 2764 1457 ’ᾙτει
2792 1388 2846 1439 δὲ
2874 1388 3067 1455 βοηθὸν
3093 1388 3187 1438 καὶ
3216 1388 3336 1449 ταῖς
3366 1387 3424 1437 ἐν
3447 1383 3798 1454 αἰχμαλωσίᾳ
3836 1380 3988 1447 γενέ-

2412 1481 2558 1535 σθαι.
2588 1482 2701 1535 Καὶ
2745 1480 2843 1549 τῆς
2892 1480 3117 1551 εἰρήνης
3173 1478 3530 1547 ἀκμαζούσης
3580 1475 3786 1544 μεταξὺ
3828 1472 3989 1533 Γιξε-

2412 1575 2566 1643 ρίχου
2598 1574 2695 1625 καὶ
2736 1572 3088 1644 Μαρκιανοῦ.
3129 1571 3227 1639 τὴν
3274 1573 3371 1640 μὲν
3404 1568 3664 1633 Εὐδοξίαν
3705 1565 3800 1618 καὶ
3839 1566 3987 1618 Πλα-

2411 1665 2590 1717 nam
2621 1665 2923 1733 αἱτησάσης
2979 1663 3337 1732 Πουλχερίας,
3370 1663 3427 1723 ἐς
3462 1660 3777 1724 Βυζάντιον,
3798 1658 3990 1724 ὥσπερ

2414 1758 2570 1825 ἔφην,
2608 1741 2891 1825 Γιζέριχός
2944 1754 3230 1824 ἔπεμπενο
3280 1756 3313 1824 ἡ
3356 1754 3410 1806 δὲ
3460 1752 3700 1821 νεωτέρα
3759 1747 3992 1804 Εὐδοκία

731 1853 786 1906 in
837 1852 1012 1905 Africa
1051 1849 1288 1912 mansit,
1333 1861 1457 1899 eum
1493 1861 1605 1915 quo
1653 1844 1894 1898 sedecim
1946 1856 2124 1896 annos
2154 1840 2310 1901 vixit.
2343 1845 2387 1904 Β

2343 1845 2387 1904 Β
2419 1848 2567 1919 παρά
2620 1848 2697 1917 τῷ
2750 1847 2906 1917 ἀνδρὶ
2963 1846 3240 1915 Ὀνωρίχῳ
3271 1842 3339 1916 ἦν
3382 1846 3525 1898 κατά
3576 1845 3677 1912 τὴν
3715 1841 3992 1911 Ἀφρικὴν

728 1946 1023 2014 eidemque
1072 1943 1239 1995 lilium
1276 1939 1673 1993 llulderichum
1717 1935 1928 2005 genuit.
1972 1935 2143 1989 Porro
2174 1948 2302 1988 eum

729 2052 924 2108 parum
955 2044 1109 2106 grata
1140 2036 1190 2089 ei
1234 2041 1379 2087 esset
1408 2031 1512 2085 viri
1547 2028 1888 2098 coniunctio,
1922 2028 2015 2097 qui
2048 2026 2307 2080 Arianam

730 2128 1088 2199 proﬁtebatur
1138 2126 1487 2194 religionem,
1540 2134 1655 2176 arte
1691 2137 1888 2174 manus
1939 2121 2061 2190 ejus
2095 2119 2307 2188 elapsa.

731 2231 786 2275 et
815 2221 994 2275 aviam
1022 2218 1325 2273 Eudociam
1366 2216 1577 2270 imitata
1601 2254 1615 2277 ,
1653 2214 1720 2267 ad
1775 2222 1967 2266 sancta
2017 2214 2135 2267 loca
2168 2226 2309 2266 cou-

734 2314 935 2372 cessit,
966 2322 1022 2365 et
1072 2310 1384 2376 sepulcrum
1440 2308 1587 2361 illius
1629 2308 1787 2375 longe
1821 2313 1944 2373 post
1989 2302 2309 2357 exosculata

730 2412 836 2459 est.
870 2404 973 2459 Ubi
1021 2415 1077 2457 et
1104 2404 1216 2472 ipsa
1266 2418 1376 2455 non
1423 2400 1518 2454 diu
1563 2399 1739 2453 vixit:
1776 2397 1873 2452 sed
1923 2411 2116 2450 somno
2147 2396 2311 2450 beato

733 2499 935 2567 sopita,
983 2497 1134 2565 juxta
1181 2496 1316 2548 avia:
1364 2493 1636 2547 tumulum
1678 2492 1732 2544 in
1780 2490 2048 2560 praeclaro
2092 2498 2147 2543 et
2195 2490 2315 2559 ipsa

735 2588 975 2658 reposita
1022 2595 1108 2641 est
1139 2594 1522 2640 monumento.
1571 2582 1849 2651 Quidquid
1886 2589 2071 2634 autem
2108 2581 2160 2635 ei
2196 2589 2317 2634 erat

735 2679 1078 2743 facultatum,
1117 2680 1169 2732 id
1206 2678 1542 2747 pauperibus
1572 2687 1625 2731 et
1659 2683 1860 2731 sancta:
1888 2673 2097 2730 Christi
2128 2688 2314 2729 resur-

734 2773 970 2828 rectioni
1001 2773 1075 2842 (ί)
1108 2771 1475 2826 consecravit.

1225 2976 1388 3044 ess
1420 2974 1644 3029 carur
1684 2973 1826 3028 xm.

745 3071 813 3130 Ut
844 3071 1215 3143 procuratione
1244 3078 1434 3143 et‘arte
1461 3066 1780 3143 Pulcheriw,
1821 3065 2054 3119 Eudocia
2076 3074 2317 3143 sanctam

812 3136 1081 3215 quat-mur
1118 3137 1457 3215 approberit"
1476 3138 1773 3215 synodum,
1833 3139 2173 3215 persuqaione
2221 3136 2321 3206 Sy-

813 3192 1254 3279 ὖΞῶιέὲέδιυίέὶω
1280 3208 1388 3259 sive
1420 3192 1729 3260 Cohtmellw
1760 3192 1808 3258 et
1833 3192 2019 3275 'magui
2046 3192 2318 3277 Euthgni'ii
2346 3192 2391 3250 (ἶ

817 3287 1050 3337 inducta.

815 3395 1106 3452 Puleheria
1153 3395 1397 3461 Augusta
1453 3388 1865 3458 quamprimum
1918 3388 2177 3441 Eudocia).
2237 3403 2324 3441 reo

745 3489 1035 3545 conciliata
1084 3497 1192 3546 est,
1241 3484 1437 3536 fratres
1463 3491 1518 3535 et
1552 3481 1691 3534 ﬁlias
1719 3481 1842 3549 ejus
1880 3480 2095 3533 hortata
2124 3490 2229 3546 est,
2264 3488 2326 3533 ut

746 3580 970 3634 crebras
995 3580 1061 3632 ad
1089 3593 1209 3632 eam
1251 3576 1448 3630 darent
1476 3573 1716 3636 litteras,
1747 3587 1859 3641 quo
1899 3571 1967 3626 ab
2000 3571 2323 3642 Eutychetis

745 3683 799 3725 et
833 3670 1078 3724 Dioscori
1113 3668 1375 3737 Opinione
1410 3666 1768 3729 descisceret,
1804 3672 1860 3718 et
1889 3674 2091 3718 sanetae
2136 3664 2328 3719 catho-

744 3763 867 3817 licae
900 3760 1154 3815 Ecclesiae
1186 3757 1630 3813 communionem
1665 3756 2118 3825 amplecteretur.
2154 3755 2328 3809 Litte—

746 3854 824 3906 ris
868 3850 1137 3922 ejusmodi
1190 3849 1435 3903 Eudocia
1480 3849 1746 3917 acceptis,
1778 3863 1904 3902 eum
1954 3847 2117 3902 etiam
2167 3846 2324 3901 beata

748 3943 911 3997 Bassa
940 3956 1157 4007 semper
1180 3941 1253 4003 ei,
1287 3950 1347 3994 ut
1378 3940 1571 3995 eadem
1602 3954 1791 3994 secum
1822 3940 1876 3993 in
1907 3938 2177 4007 religione
2203 3954 2329 3992 seu-

751 4036 914 4096 tiret,
950 4034 1181 4088 molesta
1212 4046 1397 4088 esset:
1443 4042 1698 4086 metuens
1739 4031 1866 4097 illa,
1914 4047 1983 4086 ne
2025 4032 2080 4086 id
2122 4046 2232 4085 non
2261 4046 2327 4085 ex

752 4125 1026 4180 sententia
1057 4124 1149 4179 Dei
1183 4124 1415 4191 faceret,
1450 4124 1769 4179 faciendum
1799 4125 1905 4178 sibi
1935 4139 2058 4179 esse
2092 4125 2327 4194 putavit,

752 4225 813 4271 ut
848 4218 915 4271 de
946 4232 1009 4270 ea
1043 4231 1101 4269 re
1131 4218 1196 4270 ad
1234 4218 1453 4271 divinos
1484 4217 1677 4271 Patres
1709 4216 1987 4291 referret,
2028 4217 2124 4285 qui
2167 4231 2227 4271 se
2262 4216 2329 4270 de

749 4324 882 4362 vero
914 4307 1135 4376 pietatis
1165 4306 1316 4362 cultu
1346 4316 1501 4361 certo
1543 4306 1867 4361 edocereut.
1901 4306 2143 4361 Proinde
2187 4307 2333 4360 Ana-

752 4400 923 4455 stasio
977 4400 1373 4468 chorepiseopo
1402 4400 1620 4463 accito,
1681 4400 1750 4453 ad
1802 4406 2051 4453 sanetum
2106 4397 2330 4469 Symeo-

2412 1945 2687 2011 μένουσα’
2728 1941 2848 2011 μεθ’
2891 1933 2953 1992 οὗ
2999 1940 3296 1992 ἑκκαίδεκα
3346 1937 3441 2007 ἐτη
3483 1933 3843 1994 διαϐιὼσασα,
3895 1930 3993 1983 καὶ

2413 2035 2576 2088 παῖδα
2609 2035 2670 2098 ἐξ
2718 2035 2923 2086 ἐκείνου
2975 2032 3292 2101 Ἱίλδὲριχον
3334 2027 3705 2090 ἀποτεκοῦσα,
3756 2024 3993 2092 δυσαρει-

2412 2126 2616 2179 στοῦσα
2661 2124 2870 2193 τάνδρὶ,
2906 2124 2988 2176 ὅτι
3021 2123 3091 2174 τὰ
3129 2117 3428 2190 ’Δρειανῶν
3472 2117 3800 2188 ἐπρέσϐευε,
3825 2115 3992 2184 τέχνῃ

2411 2220 2512 2280 τὰς
2544 2221 2728 2287 χεῖρας
2757 2214 2967 2269 ἐκείνου
3002 2214 3370 2281 διαφυγοῦσα,
3411 2208 3512 2280 τὴν
3558 2207 3794 2277 μάμμην
3823 2204 3993 2260 E669-

2414 2312 2535 2363 κίαν
2565 2309 2945 2379 μιμησαμένη,
2968 2309 3101 2376 προς
3129 2307 3254 2368 τοὺς
3281 2305 3473 2373 ἁγίους
3499 2302 3597 2355 καὶ
3623 2298 3760 2370 αὑτὴ
3792 2298 3995 2358 τόπους

2416 2403 2656 2466 ἐγένετο,
2709 2401 2803 2453 καὶ
2854 2398 2947 2451 τὸν
3004 2395 3223 2465 ἐκείνης
3277 2396 3447 2461 τάφον
3489 2391 3768 2461 ἠσπάζετο
3813 2384 3997 2455 ’πολλῷ

2416 2496 2664 2564 ὓστερον.
2708 2494 2796 2546 Ἐν
2826 2484 2871 2561 ᾧ
2905 2492 2999 2544 καὶ
3029 2490 3166 2558 αὑτὴ
3197 2488 3284 2539 ἐπ’
3331 2486 3511 2553 ὀλίγον
3561 2482 3871 2547 διαϐιοῦσαι,
3901 2480 3997 2531 τὶν

2420 2586 2692 2655 μακάριον
2753 2584 3001 2636 ὕπνωσεν
3062 2581 3254 2644 ῦπνον,
3312 2579 3464 2646 παρά
3514 2577 3607 2629 τὸν
3664 2573 3835 2642 τάφον
3895 2574 3995 2641 τῆς

2423 2679 2661 2747 μάμμης
2688 2675 3027 2746 περιφανοῦς
3063 2672 3302 2741 τυχοῦσα
3356 2670 3555 2738 ταφῆς.
3591 2669 3731 2721 Ὅσα
3780 2667 3825 2718 δ’
3857 2666 3996 2735 αὐτῇ

2419 2768 2719 2837 προσῆσαν,
2738 2766 2932 2833 πένησι
2973 2763 3067 2816 καὶ
3100 2765 3167 2830 τῇ
3206 2760 3337 2831 ἁγίᾳ
3365 2759 3459 2812 τοῦ
3490 2756 3727 2827 Χριστοῦ
3754 2755 3998 2824 ἀφιέρω-

2423 2876 2514 2910 σίν
2545 2859 2862 2910 ἀναστάσει.

3021 2972 3268 3025 ΚΕΦΑᾹ,
3306 2969 3404 3022 il".

2434 3071 2534 3135 Ὧς
2583 3065 2818 3136 μεθόδῳ
2876 3063 3246 3136 Πουλχερίας
3367 3057 3627 3136 Ερδοκία
3657 3053 3793 3136 ’τὴν
3823 3054 4004 3136 ἀνίαν

2496 3126 2797 3205 ἑείάρτηνί
2824 3126 3196 3205 ,προσήκατο
3250 3127 3524 3205 σύνοδον
3548 3168 3567 3205 _,
3637 3126 4003 3205 όδ-ηγηυεζσα

2496 3193 2899 3274 ὐπὸῖυᾷιεὼνῖ
2952 3193 3057 3256 τοῦ
3113 3202 3406 3254 Στυλίτου
3465 3200 3561 3251 καὶ
3604 3197 3706 3249 τοῦ
3731 3193 4003 3263 μεγάλου

2496 3279 2834 3346 Εὑθυμίου.

2497 3389 2799 3459 Πουλχερία
2850 3388 2907 3440 δὲ
2960 3388 2993 3455 ἡ
3054 3383 3288 3454 βασιλὶς,
3344 3382 3468 3452 ἄρτι
3532 3379 3876 3446 σπεισαμένη
3934 3380 4007 3447 τῇ

2428 3482 2685 3551 Εὖδοκίᾳ,
2742 3481 2856 3540 τοῖς
2912 3494 2973 3529 τε
3030 3476 3282 3543 ἀδελφοῖς
3339 3473 3555 3541 ἐκείνης
3612 3472 3857 3523 ὑπετίθει
3910 3474 4010 3521 καὶ

2427 3574 2733 3644 θυγατράσι
2786 3572 3176 3641 συνεχέστερον
3219 3567 3531 3637 γράμματα
3564 3566 3810 3636 πέμπειν
3840 3566 4007 3635 αὐτῇ,

2427 3667 2567 3719 ὥστε
2591 3668 2693 3733 τῆς
2727 3666 2824 3733 μὲν
2860 3661 3135 3730 Εὐτυχοῦς
3164 3663 3258 3712 καὶ
3286 3659 3580 3727 Διοσκόρου
3606 3656 3766 3725 δόξης
3798 3656 4011 3709 πείθειν

2429 3759 2784 3826 ἀφίστασθαι,
2833 3759 2901 3826 τῇ
2951 3757 3008 3809 δὲ
3065 3755 3198 3822 ἁγίᾳ
3252 3756 3344 3804 καὶ
3388 3751 3649 3822 καθολικῇ
3712 3750 4012 3820 Ἐκκλησία

2428 3852 2709 3907 κοινωνεῖν
2758 3852 3035 3920 αἱρεῖσθαι
3062 3863 3077 3878 ο
3120 3847 3155 3900 ἀ
3186 3847 3317 3915 δῆτα
3369 3845 3635 3914 δεχομένη
3671 3846 3702 3914 ή
3755 3844 4011 3908 Εὺδοκία,

2432 3947 2654 4014 καὶτῆς
2708 3944 2987 4013 μακαρίας
3021 3942 3240 4009 Βάσσης
3272 3940 3341 3991 τὰ
3377 3939 3465 3991 ἴσα
3518 3942 3739 4007 φρονεῖν
3770 3940 3859 3991 ἀεὶ
3890 3943 4014 3991 ἐνο-

2430 4042 2687 4113 χλούσης,
2738 4039 2966 4091 δείσασα
3023 4037 3099 4108 μὴ
3157 4036 3218 4088 οὐ
3280 4036 3421 4088 κατὰ
3488 4039 3719 4104 γνώμην
3776 4037 4014 4105 πράττοι

2429 4136 2587 4200 Θεοῦ,
2622 4136 2734 4186 δεῖν
2763 4133 2940 4185 ἐδόκει
2969 4132 3036 4184 τὰ
3068 4130 3161 4182 τοῦ
3198 4130 3405 4181 σκοποῦ
3450 4130 3564 4188 τοῖς
3595 4126 3879 4198 θεοφόροις
3903 4129 4015 4182 τῶν

2432 4228 2694 4296 Πατέρων
2742 4224 3131 4289 κοινώσασθαι,
3166 4222 3261 4275 καὶ
3314 4220 3447 4289 παρ’
3476 4222 3701 4274 ἐκείνων
3746 4224 3805 4273 τι
3849 4239 4019 4291 προσ-

2432 4320 2566 4390 ῆκον
2592 4317 2757 4380 σέϐας
2781 4313 3296 4386 ἀπακριὸὼσασθαι.
3327 4314 3436 4365 Καὶ
3461 4313 3526 4382 δὴ
3555 4314 3645 4365 τὸν
3671 4317 4018 4384 χωρεπίσκο.

2434 4430 2535 4466 πον
2568 4410 2923 4465 Ἀναστάσιον
2956 4408 3455 4476 μεταστειλαμένη,
3486 4406 3564 4476 τῷ
3592 4407 3736 4477 ἁγίῳ
3764 4408 4016 4476 Συμεῶνι

753 4507 879 4547 nem
907 4490 1157 4561 Slylitem
1194 4506 1291 4559 per
1323 4490 1474 4543 illum
1521 4489 1779 4557 scripsit,
1814 4490 1907 4559 qui
1955 4501 2068 4545 tum
2108 4491 2329 4546 virtuti-
2362 4526 2408 4581 υ

2362 4526 2408 4581 ι)
2432 4504 2516 4575 τῷ
2544 4505 2776 4575 Στυλίτῃ
2806 4503 3128 4564 ἀπέστελλε,
3165 4501 3467 4571 τηνικαῦτα
3492 4501 3593 4572 τὴν
3626 4501 3859 4572 ὑφήλιον
3892 4505 4015 4565 ταῖς

754 4584 858 4638 bus
885 4584 1001 4637 suis
1031 4582 1221 4636 orbem
1253 4581 1584 4635 illustrabat.
1618 4582 1698 4636 Ad
1726 4596 1852 4635 eum
1880 4581 2085 4636 litteris
2108 4597 2330 4652 quoque

758 4689 923 4727 manu
964 4689 1059 4727 sua
1099 4672 1451 4741 conscriptis,
1482 4674 1880 4727 conscientiam
1922 4688 2077 4728 suam
2121 4675 2333 4729 revela—

758 4764 877 4817 vit:
913 4763 1320 4831 eomplexuram
1368 4778 1425 4817 se
1473 4778 1617 4826 esse,
1648 4763 1795 4833 quod
1832 4764 1923 4819 ille
1974 4765 2336 4831 decrevisset,

759 4856 1021 4924 pollicita.
1068 4854 1303 4908 Sanetus
1350 4866 1532 4908 autem
1576 4857 1663 4910 vir
1696 4857 1788 4911 ille
1839 4858 1907 4911 ad
1956 4872 2076 4912 eam
2120 4859 2175 4912 in
2217 4859 2336 4913 haec

759 4948 921 5000 verba
948 4947 1230 5014 rescripsit
1256 4963 1269 4997 ι
1307 4944 1507 5009 «Scito,
1531 4946 1719 5006 ﬁliola.
1739 4949 1887 5017 quod
1916 4949 2195 5017 diabolus,
2222 4954 2337 5005 vir-

762 5048 937 5091 tutum
994 5046 1211 5090 tuarum
1260 5036 1484 5091 divitias
1528 5054 1801 5104 cernens,
1858 5049 1909 5094 te
1956 5044 2220 5110 expetivit
2276 5054 2334 5096 ttt

760 5131 1029 5183 eribraret
1056 5130 1219 5183 sicuti
1257 5129 1523 5183 triticum.
1558 5131 1626 5184 Et
1657 5133 1921 5187 exitiosus
1953 5133 2046 5187 ille
2078 5134 2334 5188 Theodo-

762 5219 901 5284 sius,
936 5235 1030 5273 vas
1071 5230 1125 5273 et
1167 5222 1596 5275 instrumentum
1640 5222 1766 5276 mali
1804 5223 1953 5278 illius
1985 5224 2199 5290 factus,
2238 5226 2332 5281 Dei
2393 5225 2398 5231 ’

762 5314 965 5365 amanti
1010 5312 1205 5367 anima:
1238 5323 1343 5367 tua:
1372 5315 1627 5369 tenebras
1668 5317 1898 5382 oﬂ‘udit,
1936 5334 2167 5388 eamque
2198 5336 2332 5376 cou-

762 5401 1027 5455 turbavit.
1067 5402 1174 5457 Sed
1202 5405 1440 5459 conﬁde.
1467 5405 1583 5459 Non
1612 5407 1760 5460 enim
1800 5408 2015 5463 deliciet
2049 5410 2186 5465 ﬁdes
2217 5421 2333 5466 tua.

761 5493 875 5562 Ego
905 5494 1128 5564 quidem
1163 5495 1296 5549 illud
1329 5496 1488 5551 valde
1523 5498 1827 5553 admiratus
1851 5515 1994 5563 sum,
2026 5506 2172 5570 quod
2208 5518 2330 5557 cum

764 5586 968 5639 fontem
1011 5586 1154 5653 apud
1189 5587 1419 5655 teipsam
1453 5576 1718 5651 haberes,
1767 5605 2006 5661 eumque
2043 5595 2331 5662 ignorans,

760 5674 979 5745 longius
1019 5692 1216 5746 aquam
1259 5678 1622 5732 hauriendam
1658 5688 1894 5747 peteres.
1944 5681 2129 5736 Habes
2164 5685 2332 5752 igitur

2434 4595 2662 4663 ἀρεταῖς
2715 4590 3107 4662 δᾳδουχοῦντι·
3163 4584 3206 4656 ᾧ
3247 4590 3341 4642 καὶ
3397 4590 3463 4641 τὰ
3512 4589 3609 4657 τῆς
3658 4590 4018 4659 συνειδήσεως

2434 4684 2778 4753 οίκειοχείρῳ
2808 4682 3105 4752 γράμματι
3151 4681 3413 4744 ἀνετίθει,
3452 4681 3706 4751 στέργειν
3745 4681 3774 4733 ὂ
3809 4683 4018 4745 ἐκεῖνος

2435 4775 2700 4844 ἐγκρίνοι.
2744 4773 2804 4825 '0
2835 4772 2891 4823 δὲ
2921 4772 3067 4833 ὅσιος
3097 4772 3395 4841 γράμματι
3426 4771 3583 4833 αὖθις
3613 4772 3826 4840 ἐδήλου,
3847 4773 4019 4823 ταῦτα

2439 4867 2582 4919 κατὰ
2633 4865 2779 4929 λέξιν
2820 4864 3137 4925 ἐπιστείλας
3183 4864 3365 4934 αὐτῇο
3418 4882 3435 4914 ι
3494 4865 3760 4926 Γίνωσκε,
3804 4865 4014 4925 τέκνον,

2438 4961 2521 5012 ὃτι
2553 4959 2581 5009 ὁ
2610 4956 2854 5019 διάϐολος
2904 4956 3044 5026 ὀρῶν
3079 4956 3171 5007 τὸν
3219 4955 3451 5007 πλοῦτον
3479 4955 3587 5005 τῶν
3623 4957 3731 5006 σῶν
3778 4956 4016 5024 ἀρετῶν,

2439 5049 2746 5117 ἐξῃτήσατὸ
2774 5065 2832 5100 σε
2867 5048 3108 5100 σινιάσαι
3141 5049 3214 5108 ὼς
3247 5049 3339 5100 τὸν
3370 5050 3516 5099 σῖτον
3537 5061 3549 5075 ·
3588 5049 3682 5100 καὶ
3729 5049 3757 5099 ὁ
3800 5046 4021 5114 λυμεὼν

2440 5143 2648 5201 ἐκεῖνος
2682 5140 2980 5204 deﬂecte;
3013 5140 3220 5208 δοχεῖον
3268 5142 3359 5190 καὶ
3395 5140 3629 5209 ὄργανον
3653 5139 3745 5190 τοῦ
3780 5138 4018 5208 πονηροῦ

2440 5232 2701 5303 γεγονὼς,
2732 5232 2830 5301 τὴν
2877 5232 3101 5300 θεοφιλῆ
3148 5249 3243 5283 σου
3295 5231 3473 5300 ψυχὴν
3519 5231 3766 5300 ἐζόφωσέ
3813 5248 3870 5284 τε
3924 5234 4022 5284 καὶ

2438 5325 2826 5395 συνετάραξεν.
2866 5324 3028 5377 Ἀλλά
3085 5323 3319 5394 θάρσειυ
3352 5324 3411 5376 οὐ
3468 5323 3576 5391 γὰρ
3631 5325 3876 5376 ἐκλείπει
3924 5340 4019 5378 σου

2439 5418 2474 5484 ἡ
2522 5417 2730 5478 πίστις.
2776 5414 2918 5483 Ἐγὼ
2970 5416 3026 5468 δὲ
3081 5416 3238 5469 τοῦτο
3268 5416 3385 5467 λίαν
3416 5414 3770 5484 τεθαύμακα,
3801 5416 3883 5467 ὅτι
3920 5416 4021 5485 τὴν

2438 5508 2622 5578 πηγὴν
2655 5507 2855 5576 ἔχουσα
2900 5508 2994 5559 καί
3024 5507 3235 5576 ταύτην
3271 5506 3561 5573 ἀγνοοῦσα,
3596 5507 3876 5577 μακρόθεν
3924 5508 4020 5560 τοῦ

2439 5596 2630 5658 ὓδατος
2677 5596 2938 5665 ἀντλῆσαι
3001 5596 3373 5659 ἐσπούδασσς.
3440 5597 3623 5667 Ἔχεις
3689 5597 3871 5650 τοίνυν
3926 5598 4020 5651 τὸν

2439 5689 2701 5757 θεοφορον
2765 5688 3080 5757 Εὐθύμιονο
3114 5689 3249 5741 ἐπου
3308 5689 3489 5741 τοίνυν
3542 5692 3665 5753 ταῖς
3717 5690 3884 5744 αὐτοῦ
3937 5689 4021 5743 6t-

834 5838 909 5907 (t)
942 5838 999 5893 ia
1030 5839 1186 5908 cujus
1209 5840 1471 5897 honorem
1500 5844 1760 5915 templum
1804 5846 2189 5918 Hierosolymis
2236 5859 2613 5906 conSIructum
2656 5850 2855 5907 fuerat.
2881 5852 3079 5923 Evagr.
3112 5852 3209 5905 lib.
3235 5867 3294 5918 ιι,
3316 5866 3435 5920 cap.
3466 5851 3520 5907 5.
