4236 6442
734 402 808 468 79
1927 388 2360 454 NICEPHORI
2406 388 2749 451 CALL'ISTI
3935 395 4004 462 go

737 523 944 578 Ducem
974 519 1023 575 ei
1072 531 1197 572 cum
1243 514 1475 584 imperio
1507 513 1829 569 Basiliscum
1883 512 2148 584 praefecit.
2179 526 2311 565 con-
2345 510 2388 566 A

2345 510 2388 566 Α
2417 507 2494 574 τῷ
2528 509 2701 574 στόλῳ
2733 509 3062 567 Βασιλίσκον
3113 510 3436 580 ἑχειροτόνει
3484 512 3576 564 τὸν
3605 513 3703 583 τῆς
3735 517 4005 586 σφετέρας

732 613 881 683 jugis
937 625 1050 663 sum
1082 608 1301 663 Verina:
1342 607 1566 660 fratrem
1617 621 1936 675 germanum
1969 623 1981 658 :
2018 605 2111 673 qui
2166 602 2313 670 qund

735 704 930 759 oculos
976 701 1040 755 ad
1088 701 1380 770 imperium
1441 701 1752 768 aiijecisset.
1802 700 2061 766 Asparem
2103 696 2206 749 sibi
2257 704 2314 746 et

739 795 1110 852 Ardabnrium
1156 793 1490 847 conciliavit.
1524 789 1655 843 Nam
1686 806 1781 859 per
1811 805 1905 844 eos
1936 805 1993 842 se
2028 787 2311 843 facillime,

741 889 886 959 quod
958 884 1216 945 volebat.
1298 884 1677 938 confecturum
1754 898 1874 935 esse
1938 885 2180 949 putabat.
2247 879 2316 932 lit

738 992 921 1034 autem
958 979 1059 1048 ipsi
1107 977 1173 1030 ad
1206 975 1548 1044 imperialem
1579 975 1901 1042 dignitatem
1937 972 2312 1041 pervenirent.

741 1071 860 1126 ﬁeri
909 1070 1133 1123 omnino
1177 1082 1284 1122 non
1343 1068 1542 1137 potuit,
1580 1075 1871 1134 propterea
1925 1064 2071 1133 quod
2127 1063 2312 1117 Ariani

737 1174 963 1222 essent.
1011 1178 1248 1231 quorum
1298 1160 1619 1228 religionem
1665 1157 1910 1227 Byzantii
1966 1157 2315 1208 vehementer

740 1258 1187 1313 detestabantur.
1225 1255 1279 1307 νε
1303 1268 1422 1306 rum
1467 1259 1526 1305 ut
1567 1252 1859 1320 imperium
1891 1249 2014 1302 aliis
2048 1248 2317 1300 conceale-

740 1361 884 1411 reut,
917 1353 966 1402 in
1003 1349 1231 1418 proclivi
1262 1347 1343 1400 eis
1372 1359 1489 1399 erat
1523 1364 1536 1399 :
1569 1343 2034 1413 quemadmodum
2061 1351 2116 1395 et
2143 1340 2312 1394 Leoni

737 1443 1005 1502 fec-erant,
1042 1441 1134 1508 qui
1187 1452 1312 1492 cum
1346 1447 1572 1492 curator
1601 1451 1790 1489 eorum
1841 1446 2008 1498 esset,
2041 1434 2162 1488 sine
2192 1450 2316 1485 san-

738 1534 901 1602 guine
937 1531 1002 1584 ad
1057 1531 1350 1598 imperium
1404 1543 1526 1580 eum
1585 1528 1930 1580 extulerunt.
1984 1527 2164 1594 Atque
2222 1524 2312 1576 ille

739 1622 972 1689 imperio
1019 1622 1247 1690 potitus,
1282 1617 1425 1686 quod
1477 1616 1546 1670 ab
1598 1616 1678 1669 eis
1731 1626 2035 1684 regeretur,
2072 1615 2313 1683 graviter

737 1717 883 1773 tulit.
917 1717 983 1770 Et
1011 1716 1133 1784 ipsi,
1159 1713 1304 1783 quod
1351 1711 1650 1766 Ecclesiam
1684 1711 1785 1764 sibi
1823 1709 2149 1764 turbandam
2192 1724 2315 1763 esse

743 1811 1190 1870 constituissent,
1229 1807 1284 1860 in
1316 1805 1506 1858 multis
1553 1802 1883 1855 necessariis
1914 1802 2082 1856 rebus
2125 1802 2174 1855 ei
2219 1801 2313 1854 ad-

736 1903 938 1957 versati
970 1909 1122 1964 sunt,
1152 1909 1206 1953 et
1236 1897 1471 1966 plurima
1497 1911 1623 1948 eum
1659 1910 1944 1963 perperam
1971 1909 2132 1961 agere
2160 1894 2311 1947 dixe-

740 2003 911 2047 runt:
945 2000 1270 2059 superatum
1303 1989 1468 2042 etiam
1517 1987 1579 2038 iri
1613 1995 1993 2040 aSseverantes
2023 2001 2051 2037 a
2104 1985 2312 2040 Cense-

739 2085 917 2148 richo,
967 2083 1113 2152 quod
1183 2083 1364 2135 minus
1427 2095 1615 2133 sanam
1685 2082 1895 2134 coleret
1962 2078 2309 2147 religionem.

737 2179 908 2234 Multo
935 2179 1080 2231 enim
1108 2174 1436 2231 Genscrichi
1468 2173 1805 2241 opinionem.
1837 2174 1929 2242 qui
1973 2175 2086 2227 Arii
2115 2173 2310 2242 dogma

737 2271 1134 2340 profiteretur,
1196 2268 1307 2322 Deo
1371 2266 1824 2336 gralioremesse
1885 2281 2050 2333 quam
2107 2265 2314 2321 Leonis

737 2363 972 2429 ipsius:
1034 2376 1196 2429 quem
1259 2359 1396 2411 nzale
1449 2358 1657 2418 facere,
1715 2360 1860 2423 quod
1917 2358 2191 2411 Nicmuam
2253 2367 2309 2412 et

733 2453 1242 2508 Chalce‘i‘oneumn
1293 2451 1453 2504 fidem
1489 2448 1831 2511 defenderet,
1881 2464 1987 2501 nun
2024 2459 2170 2502 recte
2210 2463 2310 2516 pu-

741 2547 952 2600 tabant.
983 2544 1162 2611 [atque
1191 2555 1250 2597 ut
1280 2559 1404 2595 vera
1431 2543 1608 2596 dicere
1646 2543 1985 2601 viderentur,
2018 2543 2156 2595 clam
2186 2558 2308 2596 cum

735 2639 1002 2692 Basilisco
1032 2637 1338 2704 congressi.
1371 2644 1651 2700 sceptrum
1692 2635 1978 2704 imperiale
2011 2635 2062 2688 (ιὶ
2107 2651 2164 2688 se
2196 2646 2312 2690 tra-

738 2731 955 2784 dituros
985 2727 1210 2797 polliciti
1240 2737 1393 2790 sunt,
1421 2726 1465 2779 si
1501 2725 1836 2780 Gensericho
1863 2727 2152 2781 victoriam
2180 2742 2310 2782 cono

735 2822 1018 2876 cederent.
1052 2819 1214 2890 632
1252 2819 1325 2872 De
1373 2833 1483 2888 quo
1527 2834 1650 2872 cum
1682 2819 1765 2872 eis
1799 2821 2173 2882 convenisset,
2209 2820 2307 2874 Ba-

740 2913 961 2968 siliscus
993 2927 1118 2964 cum
1149 2913 1325 2966 classe
1361 2911 1511 2964 omni
1546 2912 1598 2963 in
1645 2911 1885 2964 Africam
1919 2913 2218 2979 navigavit,
2255 2926 2312 2967 et

739 3011 795 3062 in
824 3007 1099 3077 colloquio
1127 3005 1492 3068 Gensericho,
1527 3021 1625 3073 pro
1655 3022 1722 3059 eo
1746 3016 1913 3073 atque
1946 3021 2069 3059 cum
2102 3006 2309 3075 Aspare

737 3110 932 3169 pactus
955 3099 1153 3160 fuerat,
1190 3099 1420 3151 classem
1455 3099 1636 3152 statim
1673 3099 1934 3166 prodidit.
1967 3099 2153 3167 Itaque
2205 3099 2309 3152 lni-

2421 598 2666 665 γαμετῆς
2698 596 2933 666 Βηρίνης
2963 598 3294 669 καιίγνητον
3314 616 3330 631 ·
3365 600 3424 662 δς
3452 600 3515 670 δὴ
3548 603 3637 654 ἀεὶ
3658 606 3722 672 τῇ
3755 603 4008 676 βασιλείᾳ

2420 689 2867 758 ἐπυφϐαλμίζων,
2903 692 3144 758 Ἀσπαρι
3174 693 3267 743 καὶ
3295 691 3670 764 ’Λρδλὸουρίῳ
3695 698 4005 750 ἐσπένδετο·

2421 783 2489 834 δι’
2515 782 2738 833 ἐκείνων
2772 781 2878 848 γὰρ
2910 780 3048 851 ᾡετο
3088 783 3264 851 ῥᾷστα
3302 784 3768 852 καταπράξασϐαι
3800 788 3859 839 τὸ
3886 788 4010 856 ﬂeu-

2421 875 2665 941 λόμενον.
2700 874 2791 936 Et;
2823 873 2930 943 γὰρ
2962 873 3060 943 τὴν
3099 875 3277 943 ἀρχὴν
3312 877 3602 945 προελθεῖν
3631 879 3878 942 ἐκείνους
3909 882 4010 950 τὴν

2437 965 2647 1033 Ἀρείου
2695 963 2852 1028 δόξαν
2892 964 3184 1028 νοσοῦντας
3231 966 3517 1030 ἀδύνατον,
3549 968 3660 1021 τῶν
3694 969 4010 1031 Βυζαντίων

2421 1055 2520 1122 τὴν
2551 1053 2808 1123 τοιαύτην
2839 1053 3144 1124 Θρησκείαν
3197 1056 3344 1124 μάλα
3385 1056 3842 1128 βδελυττομένων.
3879 1064 4012 1116 Ἀλ-

2419 1146 2531 1206 λοις
2581 1147 2637 1198 δὲ
2667 1147 2764 1216 τὴν
2804 1147 3082 1212 βασιλείαν
3116 1154 3429 1219 παρασχεῖν
3489 1153 3546 1203 έν
3594 1153 3802 1225 ἑτοίμῳ
3837 1150 4009 1224 εἶχον.

2422 1238 2577 1290 K2032
2608 1237 2670 1305 δὴ
2716 1237 2809 1289 καὶ
2845 1240 3058 1302 Λέοντι,
3099 1239 3158 1292 ὃν
3189 1242 3517 1311 κουράτωρα
3546 1243 3700 1312 σφῶν
3730 1247 4005 1316 χρηματί-

2419 1330 2602 1394 ζοντα,
2662 1331 2937 1398 ἀναιμωτὶ
2979 1335 3300 1401 προήγαγον
3350 1336 3443 1387 ἐπὶ
3498 1336 3600 1407 τὴν
3653 1339 3866 1406 ἀρχήν·
3902 1340 4010 1393 κᾶν

2417 1425 2626 1484 ἐκεῖνος
2675 1425 2864 1494 ἄρχειν
2894 1424 3095 1495 λαχὼν,
3153 1428 3213 1478 τὸ
3245 1427 3337 1480 ὑπ’
3365 1429 3593 1482 ἐκείνων
3625 1430 3896 1500 άρχεσῡαι
3949 1435 4008 1485 ἐν

2417 1515 2576 1584 δεινῷ
2611 1518 2866 1571 ἐποιεῖτο.
2902 1518 3011 1569 Καὶ
3041 1517 3105 1588 δὴ
3134 1519 3424 1588 ταράττειν
3455 1521 3724 1591 ᾑρημένοι
3749 1523 3848 1589 τὴν
3876 1521 4007 1577 Ἐκ-

2418 1611 2669 1675 κλησίαν,
2706 1612 2762 1660 ἐν
2795 1611 3015 1674 πολλοῖς
3068 1613 3178 1664 τῶν
3235 1614 3554 1682 ἀναγκαίων
3613 1617 4002 1684 ἠναντιοῦντοο

2418 1704 2519 1755 κάν
2553 1705 2666 1766 τοῖς
2697 1702 2975 1764 πλείστοις
3004 1704 3064 1756 οὐ
3101 1705 3282 1767 καλῶς
3314 1708 3523 1758 ἐκεῖνον
3579 1707 3844 1775 πράττειν
3890 1709 4007 1761 ἔλε-

2418 1811 2512 1859 γον
2536 1810 2551 1825 ·
2589 1795 2890 1863 ήῖτηοῆιιαί
2919 1813 2976 1847 τε
3031 1797 3125 1848 καὶ
3177 1797 3313 1865 πρὸς
3366 1798 3672 1868 Γιζερίχου.
3705 1800 3799 1854 ἅτε
3832 1800 3895 1868 δὴ
3926 1803 4002 1870 μὴ

2416 1887 2727 1953 ὑγιαίνοντα
2789 1890 2917 1956 περὶ
2975 1889 3073 1956 τὴν
3115 1888 3437 1958 θρησκείαν.
3501 1891 3690 1960 Πολλῴ
3721 1893 3826 1961 γὰρ
3857 1889 4003 1946 εἶναι

2415 1978 2701 2046 Γιζερὶχου
2726 1979 2824 2046 τὴν
2843 1976 3001 2041 δόξαν
3024 1979 3184 2048 φίλην
3209 1979 3325 2048 Θεῷ
3346 1981 3417 2032 τὰ
3433 1981 3643 2050 Ἀρείου
3667 2001 3770 2052 πρε
3782 1984 4005 2038 σϐεύου-

2418 2083 2538 2130 σιν,
2572 2067 2602 2135 ἣ
2628 2067 2854 2128 Λέοντος
2885 2069 2979 2136 τῆς
3008 2069 3064 2119 ὲν
3078 2068 3284 2137 Νιταίᾳ.
3305 2071 3395 2122 καὶ
3424 2071 3731 2140 Χαλκηδόνι
3758 2076 4003 2137 πίστεως

2417 2159 2856 2227 ὑπερισταμένου
2921 2161 3110 2221 κακῶς
3149 2155 3340 2229 ᾤοντο.
3375 2163 3492 2215 Ἵνα
3545 2164 3591 2216 δ’
3621 2167 3795 2236 ἀληθῆ
3819 2167 4003 2234 λέγειν

2415 2252 2661 2315 δίξωσιν,
2693 2255 2752 2304 ὲν
2785 2252 3085 2323 ἀπορρήτῳ
3126 2255 3520 2325 συγγενόμενοι
3568 2257 3897 2331 Βασιλίσκῳ,
3939 2263 4000 2314 τὸ

2416 2345 2512 2412 τῆς
2549 2343 2829 2412 βασιλείας
2898 2345 3181 2414 σκῆπτρον
3237 2347 3435 2400 δώσειν
3500 2350 4001 2420 καθυπισχνοῦντο,

2415 2439 2590 2507 ἥνπερ
2636 2437 2906 2508 Γιζερίχῳ
2953 2442 3052 2510 τῆς
3085 2440 3242 2506 νίκης
3274 2443 3780 2513 παραχωρήσωσιν.
3844 2446 4001 2500 Ἐπεὶ

2413 2530 2469 2580 δὲ
2502 2530 2675 2582 ταῦτα
2713 2531 3010 2596 συνέδοξεν,
3048 2533 3076 2585 ὁ
3098 2533 3198 2600 μὲν
3231 2533 3555 2599 Βασιλίσκος
3596 2538 3695 2589 σὺν
3725 2541 3889 2592 παντὶ
3921 2541 4002 2607 τῴ

2416 2621 2609 2690 στόλῳ,
2663 2624 2742 2684 εἰς
2770 2622 2873 2691 τὴν
2912 2623 3141 2692 ’Δφρων
3196 2625 3382 2694 χώραν
3437 2627 3848 2680 κατέπλευσεν·
3899 2631 4002 2683 καὶ

2415 2712 2685 2784 Γιζερὶχῳ
2715 2713 2795 2775 είς
2825 2714 3022 2780 λόγους
3053 2715 3246 2782 ἐλθὼν,
3269 2718 3413 2772 κατὰ
3435 2719 3530 2778 τὰς
3565 2720 3702 2788 πρδς
3736 2722 4001 2792 Ἀσπαρα

2415 2806 2690 2875 συνθήκας
2710 2807 2801 2858 τὸν
2832 2807 3017 2859 στόλον
3041 2807 3204 2868 εἰθὺς
3229 2809 3535 2880 προύδωκε.
3572 2814 3680 2866 Καὶ
3699 2815 3726 2866 ὁ
3755 2814 3856 2880 μὲν
3886 2815 4002 2886 πῦρ

2413 2898 2611 2967 ἐνῆκεν
2664 2896 2820 2968 ὕπνῳ
2867 2898 3146 2966 ἐχομένων
3187 2901 3299 2950 τῶν
3354 2905 3726 2970 στρατιωτῶν,
3759 2909 3996 2976 σφοδροῦ

2413 2991 2728 3058 πνεύματος
2751 2991 2830 3052 εἰς
2867 2989 3001 3060 ὕψος
3036 2989 3135 3060 τὴν
3161 2991 3340 3058 φλόγα
3371 2994 3715 3063 ἐπαίροντος,
3759 2999 3854 3051 καὶ
3898 3002 3996 3054 ἅλ-

2413 3084 2510 3150 λην
2540 3084 2599 3149 ἐξ
2628 3084 2795 3154 άλλης
2833 3084 3111 3154 ἐχομένως
3165 3085 3490 3152 ἀμείϐοντος
3511 3103 3526 3118 ⁸
3568 3090 3909 3161 ἐπικείμενοι
3937 3095 3997 3148 δὲ

731 3194 924 3249 litibus
980 3207 1176 3247 somno
1218 3191 1412 3260 sopitis
1464 3191 1558 3257 Α).
1601 3191 1974 3246 Genserichus
2040 3192 2182 3244 illam
2231 3187 2385 3253 in~C

2339 3187 2385 3253 ο
2419 3179 2631 3235 κοντοῖς
2666 3178 2716 3227 οἱ
2758 3177 3052 3246 Οὑάνδηλοι
3075 3177 3222 3241 ὅσοις
3250 3179 3540 3247 διαφυγεῖν
3563 3181 3625 3234 τὸ
3653 3183 3764 3255 πῦρ
3804 3185 3995 3254 ἑξεγέ-

734 3285 920 3340 cendit
954 3301 968 3338 :
1003 3293 1058 3337 et
1108 3298 1231 3338 cum
1269 3282 1650 3336 vehementior
1690 3290 1889 3337 ventus
1921 3281 2195 3336 flammam
2243 3285 2303 3337 in

733 3378 973 3433 sublime
1007 3377 1248 3439 tolleret,
1282 3390 1447 3429 naves
1475 3375 1595 3429 alia:
1629 3376 1699 3429 ab
1724 3376 1850 3431 aliis
1883 3376 2061 3446 ignem
2109 3391 2300 3431 conce-

732 3477 987 3539 perunt:
1038 3477 1094 3522 et
1153 3466 1377 3520 Vandali
1435 3467 1616 3522 contis
1677 3468 2056 3530 imminentes,
2106 3469 2152 3523 si
2209 3470 2306 3538 qui

731 3563 936 3616 milites
966 3576 1033 3614 ex
1062 3560 1320 3614 incendio
1350 3574 1420 3614 eo
1447 3561 1812 3630 prolugerent
1843 3561 2192 3617 occiderunt.
2228 3564 2307 3620 Ex

730 3655 907 3709 classe
958 3661 1108 3707 tanta
1165 3667 1234 3706 ne
1286 3668 1394 3705 una
1442 3652 1664 3720 quidem
1713 3653 1870 3707 navis
1920 3655 2134 3723 reliqua
2180 3655 2303 3710 fuit.

731 3745 1032 3800 Basilisms
1060 3760 1204 3814 aegre
1230 3758 1355 3798 cum
1391 3745 1584 3814 paucis
1615 3744 1916 3798 admodum
1965 3746 2305 3815 profugiens,

729 3834 1052 3903 Byzantium
1090 3835 1265 3896 venit,
1293 3841 1349 3885 et
1393 3833 1461 3886 ad
1497 3832 1742 3901 Magnam
1781 3834 2068 3889 ecclesiam
2114 3836 2308 3889 confu-

729 3929 826 3996 git.
878 3926 1051 3995 Cujus
1107 3941 1266 3979 soror
1319 3923 1515 3978 Verina
1569 3925 1812 3993 Augusta
1865 3941 1993 3980 eum
2053 3929 2306 3996 periculo

730 4021 1011 4081 liberavit,
1059 4027 1116 4071 et
1163 4017 1486 4070 Perinthum
1538 4017 1810 4082 Thracize,
1859 4030 1920 4072 ut
1950 4020 2026 4073 ibi
2062 4020 2304 4091 degeret,

730 4106 901 4160 misit.
944 4104 1056 4159 Leo
1089 4105 1390 4174 imperator
1422 4106 1685 4173 Asparem
1717 4115 1771 4160 et
1815 4107 2186 4164 Ardaburium
2236 4113 2303 4166 ad

729 4213 787 4253 se
819 4198 1038 4258 accivit,
1075 4206 1131 4251 ut
1171 4213 1297 4251 cum
1330 4197 1399 4250 ab
1430 4197 1670 4252 absurda
1701 4214 1798 4254 eos
1834 4200 2096 4268 opinione
2130 4201 2306 4256 abdu-

731 4297 900 4351 ceret,
931 4297 1045 4342 tum
1075 4289 1144 4342 ab
1184 4289 1397 4343 insidiis
1441 4290 1679 4359 imperio
1711 4292 1996 4347 struendis
2021 4303 2303 4348 avocaret.

729 4379 1080 4448 Quapropter
1135 4380 1431 4435 Ariadnam
1488 4383 1692 4447 filiam,
1756 4399 1919 4451 quam
1973 4399 2039 4438 ex
2100 4385 2304 4439 Verina

730 4480 1068 4539 susceperat,
1134 4470 1246 4524 filio
1299 4471 1525 4540 Asparis
1583 4475 1798 4528 consuli
1855 4483 1910 4529 et
1965 4475 2197 4544 patricio
2250 4479 2303 4529 in

2411 3286 2560 3332 νετο,
2617 3268 2883 3326 ἔκτεινον.
2941 3271 3054 3323 Καὶ
3105 3271 3366 3341 οὐδεμίαν
3397 3273 3509 3326 τῶν
3543 3277 3813 3332 τοσούτων
3857 3280 3997 3334 νεῶν

2410 3359 2675 3412 διασῶσαι
2695 3360 2937 3422 δυνατῶς
2960 3361 3138 3430 ἔσχον.
3173 3362 3340 3424 Μόλις
3367 3363 3424 3417 δὲ
3454 3364 3777 3433 Βασιλίσκος
3799 3369 3995 3438 διαφυ-

2411 3452 2527 3520 γὼν
2558 3453 2656 3505 σὺν
2681 3453 2886 3520 ὀλίγοις
2910 3455 3051 3508 πάνυ
3070 3456 3160 3507 καὶ
3190 3455 3295 3510 άνὰ
3318 3457 3379 3510 τὺ
3405 3458 3702 3522 Βυζάντιον
3725 3464 3993 3533 γεγονὼς,

2411 3546 2479 3615 τῇ
2513 3545 2724 3614 μεγάλῃ
2757 3544 3060 3616 Ἐκκλησία
3109 3549 3510 3618 προσέφευγεν.
3583 3552 3650 3606 Ἥ
3697 3554 3744 3606 δ’
3783 3556 3995 3630 ἀδελφὴ

2412 3638 2505 3689 καὶ
2541 3635 2832 3704 Δὺγούστα
2865 3636 3071 3707 Βηρίνα
3099 3640 3291 3694 τοῦτον
3319 3642 3414 3694 τοῦ
3446 3644 3696 3698 κινδύνου
3743 3647 3995 3717 ἐξήρπα-

2412 3729 2491 3792 ξε,
2515 3732 2607 3780 καὶ
2652 3730 2793 3782 κατὰ
2826 3729 2926 3799 τὴν
2955 3730 3183 3802 Θρᾴκην
3235 3731 3389 3787 εῐασε
3422 3734 3722 3806 διατρίϐειν
3749 3741 3856 3794 άνὰ
3893 3744 3995 3816 τὴν

2414 3820 2720 3890 Πείρινθον.
2755 3823 2910 3875 Λέων
2960 3822 3015 3875 δὲ
3062 3826 3090 3876 ὁ
3138 3823 3417 3893 βασιλεὺς,
3464 3829 3728 3901 Ἀσπαρα
3782 3836 3876 3888 καὶ
3903 3837 3999 3889 τὸν

2425 3913 2808 3984 Ἀρδασούριον
2845 3917 3266 3986 μετερχόμενος,
3301 3919 3439 3986 ὁμοῦ
3501 3924 3603 3990 μὲν
3637 3925 3737 3992 τῆς
3784 3927 3992 3982 ἀτόπου

2409 4002 2571 4070 δόξης
2596 4003 2810 4069 ἐλάσαι,
2845 4003 2960 4072 ἅμα
2997 4006 3054 4057 δὲ
3103 4007 3197 4060 καὶ
3237 4008 3446 4062 παῦσαι
3476 4011 3565 4064 ἀεὶ
3602 4017 3744 4069 κατὰ
3767 4017 3996 4087 τῆςςβα-

2412 4097 2618 4158 σιλείας
2646 4096 2950 4160 ἐπιϐούλως
2997 4101 3237 4166 φρονεῖν,
3280 4099 3573 4174 Ἀριάδνην
3599 4109 3698 4174 τὴν
3729 4111 3795 4162 ἐκ
3826 4111 3993 4181 Βηρί-

2408 4205 2506 4254 νης
2533 4187 2684 4256 αὒτῷ
2707 4189 2756 4240 οἱ
2799 4191 3229 4260 γεγενημένην.
3265 4193 3344 4262 τῷ
3393 4197 3548 4247 παιδὶ
3574 4198 3669 4250 τοῦ
3705 4199 3993 4272 Ἀσπαρος

2408 4281 2688 4351 πατρικῐῳ
2738 4281 2818 4350 τῷ
2867 4284 3062 4350 ὑπάτῳ
3091 4287 3172 4346 είς
3218 4287 3399 4355 γάμον
3445 4288 3636 4342 ἐδίδου.
3693 4292 3759 4344 Ol
3806 4293 3864 4346 δὲ
3895 4299 3993 4348 καὶ

2412 4375 2614 4442 μᾶλλον
2646 4377 2710 4442 τῇ
2742 4375 2999 4439 καθάπαξ
3023 4378 3298 4449 μοχθηρία
3325 4385 3679 4451 κεχρημένοι,
3711 4386 3814 4439 οὐκ
3845 4389 3992 4441 ἀνίε-

2411 4483 2510 4518 σαν
2548 4466 2625 4535 μὴ
2654 4467 2835 4528 δόλου,
2865 4469 2950 4520 ἀεὶ
2984 4470 3324 4540 συρράπτειν
3370 4473 3448 4542 τῷ
3485 4475 3698 4530 Λέοντι.
3738 4480 3808 4530 ‘0
3834 4482 3991 4544 γνόν-

731 4562 1141 4616 Inatrimoninm
1192 4562 1502 4618 collocavit.
1533 4564 1804 4619 Czeternm
1854 4567 1956 4630 illi,
1997 4583 2096 4634 pro
2129 4569 2299 4622 semel
2338 4557 2381 4610 θ

2338 4557 2381 4610 D
2409 4575 2500 4621 τες
2530 4559 2834 4628 Βυζάντιοι,
2865 4562 2986 4614 κατ’
3012 4564 3193 4615 αὐτῶν
3221 4564 3569 4634 ὴρεῐλίζοντοο
3593 4571 3687 4620 καὶ
3712 4572 3884 4627 πολλὰ
3909 4575 3989 4645 τῷ

725 4662 993 4720 concepta
1030 4653 1260 4716 malitia,
1294 4653 1451 4706 dolos
1479 4665 1671 4708 contra
1704 4653 1942 4708 Leonem
1979 4666 2164 4711 texere
2189 4672 2297 4710 non

725 4745 1028 4799 desierunt.
1062 4744 1216 4809 Quod
1248 4745 1338 4799 ubi
1374 4746 1979 4816 Constantimpolitani
2025 4763 2304 4815 cognove-

727 4848 878 4902 runt,
917 4846 1110 4891 contra
1148 4853 1244 4891 eos
1266 4837 1528 4892 concitati
1564 4849 1715 4904 sunt,
1742 4849 1798 4893 et
1832 4840 1886 4892 in
1920 4840 2301 4910 Hippodromo

725 4930 996 4984 conviciis
1025 4945 1120 4982 eos
1150 4931 1348 4984 acerbe
1381 4930 1791 4999 prosciderunt.
1831 4932 1909 4984 Illi
1942 4933 2155 5001 plebem
2184 4947 2298 4986 mc-

729 5032 970 5082 tucutes,
1020 5019 1449 5083 Chalcedonem,
1498 5021 1744 5074 exercitu
1780 5036 1878 5076 eos
1921 5021 2070 5075 ouini
2105 5037 2301 5077 conse-

726 5126 969 5180 quente,
1026 5113 1384 5180 trajecernnt,
1437 5123 1493 5167 et
1556 5116 1611 5167 in
1663 5116 1924 5184 templum
1975 5115 2298 5185 Euphemia:

724 5204 981 5271 martyris
1044 5202 1433 5271 confugerunt.
1490 5205 1820 5273 imperator,
1862 5207 2175 5272 patriarcha
2229 5209 2294 5260 ad

721 5310 816 5348 eos
861 5296 1052 5357 misso,
1089 5311 1148 5349 se
1198 5296 1360 5349 fidem
1415 5296 1498 5349 eis
1545 5307 1897 5350 servaturum
1941 5313 2084 5363 esse,
2131 5299 2176 5353 si
2229 5315 2296 5352 ex

719 5387 952 5441 ecclesia
987 5403 1050 5442 ea
1080 5388 1453 5452 discederent,
1486 5388 1762 5456 pollicitus
1789 5399 1896 5443 est.
1930 5389 2037 5458 Ipsi
2067 5406 2198 5444 vero
2235 5406 2296 5446 se

722 5481 842 5530 loco
891 5492 958 5531 eo
1011 5492 1360 5540 excessnros,
1390 5478 1498 5531 nisi
1543 5479 1841 5546 imperator
1890 5480 2007 5547 ipse
2055 5483 2294 5544 adesset,

719 5579 1015 5638 negarunt.
1047 5568 1282 5624 Proinde
1313 5569 1426 5624 Leo
1458 5584 1528 5623 eo
1565 5572 1860 5635 conceSsit,
1909 5582 1964 5626 et
2015 5573 2161 5627 viros
2198 5590 2294 5628 eos

792 5709 869 5778 (Ι)
897 5709 1220 5781 Procopius,
1253 5711 1337 5764 vel
1362 5726 1456 5778 per
1481 5711 1778 5778 ignaviam,
1811 5714 1894 5766 vel
1945 5728 2040 5781 per
2100 5715 2288 5781 prodi—

716 5781 922 5832 tionem
982 5780 1300 5834 Basiliscum
1351 5783 1428 5833 rei
1462 5782 1598 5834 bene
1638 5783 1889 5850 gerendee
1939 5780 2285 5837 occasionem

713 5861 767 5902 et
834 5852 1116 5903 victoriam
1185 5850 1455 5911 amisisse,
1518 5855 1729 5905 scribit.
1782 5853 1852 5906 De
1900 5855 2069 5906 classe
2120 5853 2280 5909 Rom.

2416 4653 2766 4724 ’ἱπποδρόμῳ
2816 4657 2940 4707 κατ’
2995 4656 3177 4709 αὐτῶν
3230 4657 3620 4718 ἀπέσκωπτον.
3679 4664 3786 4718 Τὸν
3813 4665 3989 4738 δῆμον

2404 4749 2606 4800 ἐκεῖνοι
2642 4748 2934 4818 τοιγαροῦν
2964 4750 3309 4820 ὑφορώμενοι
3335 4792 3351 4816 ,
3384 4755 3480 4806 τοῦ
3516 4758 3750 4826 στρατοῦ
3782 4766 3987 4828 παντὸς

2405 4841 2674 4910 ἑπομένου
2704 4842 3160 4910 διαπεράσαντες,
3192 4848 3275 4908 είς
3307 4848 3398 4899 τὸν
3428 4849 3485 4900 ἑν
3522 4851 3829 4920 Χαλκηδιλοι
3856 4859 3987 4908 ναὸν

2403 4931 2702 5000 Εὖφημίας
2727 4934 2826 5002 τῆς
2860 4936 3136 5004 μάρτυρος
3189 4942 3654 5007 καταφεύγουσιν.
3713 4944 3757 4997 0
3799 4945 3861 4998 δι
3890 4947 3986 5014 βα-

2403 5025 2587 5085 σιλεὺς
2609 5029 2957 5098 πατριάρχην
2991 5029 3228 5098 πέμπων
3262 5031 3602 5099 ἀπελογεῖτο,
3632 5031 3666 5105 ἦ
3694 5037 3804 5105 μὴν
3833 5041 3984 5092 ὲκεί-

2401 5134 2515 5180 νοις
2551 5119 2620 5169 τὰ
2649 5119 2820 5172 πιστὰ
2843 5117 3102 5187 φυλάξειν
3132 5120 3227 5173 τοῦ
3270 5124 3533 5189 τεμένους
3559 5129 3984 5198 ἀποσχομένοις.

2401 5211 2467 5265 Ol
2497 5211 2543 5263 δ’
2578 5213 2871 5280 ἀντέλεγον
2891 5213 3002 5265 τῶν
3022 5215 3165 5283 ὅρων
3192 5215 3447 5286 οὐδαμῶς
3479 5219 3802 5286 ἀφεστάναι,
3822 5223 3870 5274 εί
3902 5225 3981 5295 μὴ

2401 5305 2652 5374 βασιλεὺς
2687 5305 2850 5368 αὐτὸς
2879 5307 3266 5375 παραγένοιτο.
3293 5310 3400 5361 Καὶ
3429 5309 3578 5381 ἐξῄει
3611 5311 3712 5380 μὲν
3739 5315 3769 5367 ό
3796 5315 3977 5380 Λέων,

2404 5398 2638 5457 καὶτοὺς
2670 5397 2870 5464 ἄνδρας
2902 5397 3062 5465 λόγου
3096 5397 3220 5468 δίχα
3255 5393 3405 5452 εἷλκε
3441 5403 3581 5469 πρὸς
3613 5404 3808 5458 ἑαυτόν
3831 5421 3846 5436 ⁸
3880 5411 3982 5460 καὶ

2397 5487 2676 5557 τραπέζης
2701 5489 2886 5549 αὐτοῖς
2907 5488 3207 5553 ἐκοινώνει,
3243 5490 3342 5542 καὶ
3375 5492 3545 5545 τᾶλλα
3589 5498 3768 5547 πάντα
3810 5496 3977 5563 δῆοεν

2397 5579 2596 5642 ὲποίει,
2621 5579 2930 5648 ἀμνηστίαν
2957 5579 3143 5632 κακῶν
3173 5581 3627 5652 ὑπισχνούμενος.
3670 5585 3981 5656 Ἐτέρωϋεν

2395 5724 2657 5834 gremiis,
2713 5715 3046 5770 mentionem
3082 5716 3289 5769 nulla'n
3342 5715 3498 5770 facit.
3537 5717 3609 5770 De
3643 5717 3777 5771 bello
3823 5717 3970 5771 Van-

2434 5801 2463 5834 (ι
2496 5822 2507 5834 .
2565 5800 2577 5834 ι
2624 5823 2636 5834 .
2683 5800 2766 5834 Ill.

2434 5800 2507 5834 (ιι.
2543 5800 2636 5835 ιιυ.
2683 5800 2766 5837 Ill.
