4236 6442
696 390 775 457 83

1928 373 2349 452 NICEPHORI
2390 391 2738 454 CALLISTI
3908 398 3975 463 ει

705 517 1029 573 convocata,
1077 508 1459 578 episcopatum
1493 506 1774 576 deposuit,
1815 506 2003 562 verbis
2042 507 2193 564 hisce
2231 509 2286 562 in

2395 507 2636 579 ἀξίωμα.
2687 508 2856 561 Ταῦτ’
2885 510 3139 573 εἱπόντος
3174 512 3270 566 καὶ
3302 512 3763 584 ἀναχωρήσαντος
3810 518 3972 586 Μαρ-

703 601 996 668 pra-sentis
1048 600 1297 653 omnium
1349 614 1483 653 usus
1512 618 1525 653 :
1559 597 1727 670 634
1765 598 1927 655 Clero
1961 600 2177 665 rebelli,
2226 611 2283 655 ct

703 694 909 764 populo
940 693 1301 756 inohetlienti,
1326 704 1382 747 et
1411 693 1669 749 Ecclesia:
1700 694 2107 758 contaminatae,
2140 711 2303 748 nunt

706 787 839 840 tium
885 785 1132 848 remitto,
1167 785 1564 841 sacerdotalem
1599 786 1733 840 ntihi
1782 802 2074 841 reservans
2104 787 2286 856 digni-

702 889 891 933 tatem.
928 878 1044 934 Iloc
1084 878 1175 932 ubi
1213 877 1304 932 ille
1341 878 1498 939 dixit.
1530 888 1587 933 et
1616 882 1873 943 secessit,
1900 880 2198 950 Cnapheus
2227 881 2281 935 in

699 973 1106 1026 Autiochenutn
1166 975 1427 1028 thronum
1472 973 1705 1039 insiluit,
1761 972 2278 1030 Chalcedonensem

701 1066 978 1135 synodum
1015 1067 1311 1134 plurimum
1351 1066 1646 1133 proscidit,
1679 1076 1843 1135 atque
1875 1082 2071 1121 omnes
2099 1081 2283 1120 acces-

700 1158 913 1213 sionem
944 1158 1090 1213 illam
1126 1171 1209 1213 ter
1231 1161 1407 1214 sancti
1431 1160 1621 1231 hymni
1644 1176 1912 1226 usurpare
1933 1161 2127 1230 coegit.
2150 1162 2283 1225 Quae

701 1262 793 1308 res
849 1261 1137 1320 postquam
1183 1260 1270 1306 est
1306 1251 1373 1305 ad
1428 1253 1738 1321 piissimum
1778 1252 2016 1308 Leonem
2067 1252 2275 1316 delata,

698 1342 966 1396 continuo
1000 1343 1323 1412 Cuapheum
1361 1345 1427 1398 ad
1464 1345 1727 1398 exsilium
1772 1344 2183 1400 condemnavit.
2223 1344 2279 1398 ld

699 1448 834 1487 veto
862 1433 952 1489 ubi
981 1435 1069 1489 ille
1103 1438 1382 1507 cognovit,
1417 1438 1540 1504 fuga
1565 1437 1727 1491 saluti
1755 1453 1867 1493 sua:
1891 1436 2197 1499 consuluit,
2226 1446 2281 1490 et

698 1529 753 1581 in
782 1528 1067 1583 domicilio
1098 1529 1436 1584 Insotunium
1458 1529 1851 1599 (Ἀκοιμήτων)
1880 1530 2278 1584 monachorum

696 1621 836 1674 clam
869 1620 1049 1675 latuit.
1100 1622 1362 1692 Cnaphco
1420 1622 1739 1691 Stephanus
1790 1622 2122 1676 substitutus
2170 1632 2273 1683 est,

699 1728 867 1781 quem
916 1714 1244 1768 Antiocheni
1305 1716 1489 1783 pueri,
1545 1714 1693 1782 quod
1751 1714 1963 1768 scilicet
2016 1713 2279 1783 Cnapheo

700 1804 887 1857 adhuc
935 1804 1139 1858 addicti
1172 1816 1381 1871 essem,
1423 1808 1604 1861 acutis
1633 1807 1859 1861 calamis
1897 1806 2061 1860 veluti
2096 1808 2276 1874 Cuspi-

3032 602 3061 625 ’⁸.
3097 604 3239 625 -2-9

2392 601 2608 672 τῒιρίου,
2642 603 2669 654 ό
2700 602 2959 671 Κναφεὺς
2989 602 3066 671 τῷ
3094 604 3190 671 τῆς
3224 604 3510 675 Ἀντιόχου
3546 608 3723 677 θρόνῳ
3763 612 3966 679 ἐπιπη-

2391 693 2478 763 δᾷ,
2524 693 2690 756 πολὺς
2724 696 2866 747 κατά
2920 693 3022 763 τῆς
3070 698 3128 747 ἐν
3174 696 3481 768 Χαλκηδόνι
3534 700 3677 768 ῥέων
3716 701 3972 764 συνόδου,

2391 786 2488 839 καὶ
2540 786 2751 847 πάντας
2795 789 2895 857 τὴν
2946 785 3042 839 τοῦ
3078 788 3368 858 τρισαγεου
3415 789 3743 860 προσθήκην
3791 790 3973 858 λέγειν

2391 878 2853 946 καταναγκάζων.
2892 881 2959 932 ’Λ
3009 879 3148 947 δῆτα
3175 882 3203 933 ὁ
3233 880 3634 945 εὐσεϐέστατος
3673 882 3828 936 Λέων
3871 900 3972 951 μα-

2392 965 2525 1029 θὼν,
2564 970 2865 1037 φυγαδείαν
2897 968 2992 1022 τοῦ
3048 972 3320 1038 Κναφέως
3371 970 3533 1034 εὐθὺς
3588 972 3970 1037 κατεδίκαζεν.

2402 1058 2458 1111 '0
2491 1060 2547 1116 δὲ
2578 1063 2741 1129 γνοὺς
2769 1062 2915 1130 φυγῇ
2959 1061 3057 1131 τὴν
3094 1064 3371 1132 σωτηρίαν
3401 1063 3881 1133 ἐπραγματεύετο,
3916 1066 3973 1115 ἐν

2390 1153 2457 1221 τῇ
2514 1154 2627 1206 τῶν
2688 1152 3036 1224 Ἀκοιμήτων
3100 1158 3235 1225 μονῇ
3288 1155 3476 1223 κρύφα
3534 1157 3635 1224 τὴν
3682 1154 3971 1223 διατριϐὴν

2391 1242 2551 1311 ἐάων.
2598 1242 2701 1295 Τὸν
2734 1243 2791 1295 δὲ
2840 1244 3068 1313 Κναφέα
3113 1245 3391 1311 Στέφανος
3440 1244 3729 1314 διεδέχετο·
3756 1244 3815 1297 ὃν
3852 1243 3971 1298 Ἀν-

2390 1336 2621 1405 τιοχέων
2681 1337 2897 1400 παῖδες,
2939 1336 3020 1389 ἔτι
3053 1338 3447 1405 προσκείμενοι
3496 1336 3576 1407 τῷ
3608 1339 3841 1407 Κναφεί,
3874 1354 3971 1390 κα-

2387 1428 2586 1495 λάμοις
2622 1430 2715 1482 ἶσα
2773 1429 2997 1496 δόρασιν
3053 1428 3326 1492 όξυνθείσι
3363 1429 3788 1498 διαμερίζονται
3820 1473 3833 1493 ,
3891 1430 3971 1498 τῷ

2386 1520 2485 1588 τὴν
2520 1519 2799 1590 Ἀντιόχου
2833 1519 3207 1590 παραρρέοντι
3266 1521 3674 1591 προσρίψαντες
3713 1521 3970 1592 ποταμῷ.

2388 1612 2463 1672 ὡς
2493 1610 2753 1678 Ἰωάννης
2788 1614 2814 1665 ὁ
2854 1611 3042 1680 ῥήτωρ
3090 1612 3365 1683 ἱστόρησε.
3402 1611 3550 1665 Μετᾶ
3581 1612 3639 1665 δὲ
3694 1613 3970 1681 Στέφανον

2389 1704 2706 1756 Καλανδίων
2761 1706 2826 1770 τῇ
2878 1704 3293 1758 Κωνσταντίνου
3350 1706 3637 1775 ἐπιδημῶν
3687 1708 3815 1769 τοὺς
3868 1707 3970 1774 τῆς

2388 1796 2701 1865 ἐπισκοπῆς
2755 1796 2953 1858 οἴακας
3015 1798 3417 1867 ἐγχειρίζεταιο
3475 1797 3533 1860 ὅς
3585 1798 3728 1869 ὑπὲρ
3754 1800 3851 1869 τῆς
3881 1816 3968 1850 τε·

700 1896 865 1949 dibus
905 1897 1249 1965 jugularuut,
1293 1906 1349 1951 et
1402 1898 1457 1952 iu
1493 1914 1735 1959 amnem,
1763 1900 1859 1967 qui
1918 1902 2110 1952 urbem
2157 1912 2278 1951 eam

2386 1891 2589 1959 τάρτης
2625 1890 2847 1942 συνόδου
2878 1890 3083 1953 πνέων,
3116 1891 3309 1942 οὐδένα
3336 1892 3618 1960 προσίετο,
3651 1893 3700 1944 ει
3728 1895 3803 1961 μὴ
3837 1894 3961 1961 πρό-

701 1989 1058 2054 praetcrtluit,
1109 1990 1505 2059 coujecerunt,
1566 1990 1727 2043 sicuti
1793 1989 2034 2045 Joannes
2091 1989 2280 2043 rhetor

703 2079 893 2133 tradit.
958 2078 1245 2148 Stephano
1300 2081 1356 2134 in
1411 2080 1732 2149 episcoliatu
1800 2082 2132 2145 (Zalandion,
2181 2080 2276 2150 qui

702 2182 815 2223 tum
880 2169 1361 2238 Constantinopoli
1422 2184 1650 2242 propter
1705 2174 1988 2241 negotium
2059 2185 2276 2230 certum

697 2270 839 2323 erat,
870 2264 1160 2316 successit.
1196 2263 1295 2319 llic
1340 2274 1595 2333 quartam
1639 2268 1912 2333 synodum
1948 2266 2273 2328 defendens,

696 2355 974 2409 neminem
998 2358 1151 2425 prius
1170 2359 1234 2412 ad
1260 2361 1709 2414 communionem
1741 2361 2091 2425 admittebat,
2112 2377 2274 2431 quam

697 2450 922 2504 Petrum
976 2451 1296 2521 Cnapheum
1346 2464 1401 2506 et
1446 2453 1750 2508 circulares
1813 2469 1935 2522 qua:
1994 2464 2183 2522 postea
2245 2470 2275 2509 a

693 2540 958 2596 Basilisco
994 2552 1228 2613 tyranno
1270 2543 1435 2597 edita:
1485 2554 1615 2599 sunt
1659 2546 1893 2609 litteras,
1936 2546 2273 2600 anathemati

694 2631 1046 2701 subiecisset.
1104 2633 1254 2689 Idem
1300 2633 1547 2705 Cnaphei
1602 2636 1915 2691 actionibus
1969 2636 2273 2700 resistens,

695 2726 1002 2779 accessioni
1045 2726 1200 2780 illius
1230 2728 1284 2780 in
1314 2742 1380 2781 eo
1411 2742 1574 2796 quem
1603 2726 1847 2781 diximus
1878 2728 2104 2797 hymno,
2139 2743 2276 2796 prae-

693 2817 866 2881 misit,
920 2817 1128 2873 Christe
1177 2818 1309 2872 Rex.
1363 2819 1587 2874 Petrum
1652 2818 1974 2889 Cnapheum
2031 2831 2275 2889 quatuor

692 2910 797 2963 ista
841 2908 1101 2965 Ecclesia:
1154 2911 1442 2966 catholica!
1493 2913 1942 2966 commodissima
1999 2914 2274 2981 reperisse

693 3003 934 3056 dicunt:
991 3014 1051 3057 ut
1100 3019 1320 3058 sacrum
1374 3015 1717 3076 unguentum
1776 3006 1831 3061 in
1876 3007 2064 3077 pepuli
2102 3005 2273 3062 totius

691 3096 987 3165 praesentia
1023 3106 1491 3152 consecraretur:
1529 3109 1589 3151 ut
1614 3098 1681 3152 ad
1720 3114 2003 3168 vesperam
2054 3107 2273 3153 sancto-

2382 1999 2542 2052 τερον
2582 1982 2673 2033 τὸν
2705 1982 2938 2049 Κναφέα
2974 1982 3181 2051 Πέτρον
3216 1981 3475 2036 ὑποϐάλω
3521 1982 3600 2051 τῷ
3633 1983 3965 2051 ἀναθέματι,

2382 2076 2480 2129 καὶ
2525 2075 2594 2128 τὰ
2635 2074 2907 2144 ὲσύστερα
2939 2073 3208 2143 γενόμενα
3254 2075 3331 2143 τῷ
3365 2075 3621 2147 τυράννῳ
3657 2076 3970 2146 Βασιλίσκῳ

2380 2168 2671 2237 ἐγκύκλια.
2725 2169 3042 2223 Καλανδέων
3083 2169 3139 2222 δὲ
3169 2168 3246 2234 τῷ
3300 2168 3517 2235 Κναφεῖ
3548 2169 3963 2239 ἀντιπράττων,

2379 2266 2501 2323 ταῖς
2535 2262 2748 2314 ἐκείνου
2800 2263 3149 2331 προσθήκαις
3192 2262 3507 2330 προσετίθει
3560 2261 3640 2330 τῷ
3691 2264 3967 2332 τρισαγίῳ

2378 2353 2457 2409 τὸ,
2498 2353 2717 2418 Χριστὲ
2746 2350 3039 2404 Βασιλεῦ.
3071 2348 3210 2402 Φασί
3251 2366 3313 2416 γε
3346 2349 3453 2418 μὴν
3478 2348 3571 2402 τὸν
3600 2350 3821 2417 Κναφέα
3866 2350 3966 2401 11ἐ-

2379 2460 2508 2512 τρον
2548 2444 2643 2495 καὶ
2688 2442 2933 2512 τέσσαρα
2966 2440 3141 2494 ταῦτα
3177 2441 3443 2493 κάλλιστα
3470 2444 3536 2511 τῇ
3572 2438 3808 2493 καθόλου
3841 2441 3966 2493 Ἐκ·-

2378 2536 2583 2605 ximat;
2620 2536 2929 2604 ἐπινοῆσαι·
2962 2534 3060 2603 τὴν
3095 2533 3190 2587 τοῦ
3219 2535 3365 2586 θείου
3400 2534 3578 2604 μύρου
3610 2533 3964 2601 κατασκευὴν

2377 2630 2470 2681 ἐπί
2540 2628 2745 2689 παντὸς
2810 2627 2907 2680 τοῦ
2962 2626 3097 2679 λαοῦ
3168 2625 3545 2692 ἁγιάζεσθαι·
3590 2625 3689 2696 τὴν
3736 2627 3795 2679 ἐν
3848 2630 3965 2689 τοῖς

2378 2722 2558 2789 ἁγίοις
2608 2718 2931 2787 Θεοορανίοις
2992 2717 3098 2771 τῶν
3156 2718 3366 2771 ὑδάτων
3424 2719 3484 2770 ἐν
3530 2717 3766 2788 ,ἑσπέρᾳ
3806 2715 3962 2769 θείαν

2377 2813 2686 2867 ἑπίκλυσιψ
2720 2812 2782 2863 τό
2815 2828 2877 2863 τε
2925 2810 3085 2879 ἅγιον
3141 2808 3416 2879 σύμϐολον
3462 2810 3520 2861 ὲν
3560 2809 3713 2882 πάσῃ
3754 2809 3965 2878 συνόδῳ

2375 2907 2662 2977 παρρησίᾳ
2696 2903 3004 2974 ὲξᾴδεσθαι,
3048 2901 3199 2965 ἅπαξ
3258 2900 3523 2971 πρότερον
3563 2904 3628 2969 τῇ
3677 2902 3813 2969 ἁγίᾳ.
3859 2904 3960 2952 καὶ

2378 2996 2597 3068 μεγάλῃ
2626 2996 2959 3064 Παρασκευῇ
2996 2993 3159 3063 μόνον
3196 2992 3493 3061 λεγόμενον
3519 3008 3533 3023 ⁸
3572 2993 3670 3045 καὶ
3701 2994 3759 3045 ὲν
3810 2991 3962 3062 πάσῃ

2374 3090 2507 3158 εὐχῇ
2560 3086 2659 3156 τὴν
2720 3085 2986 3138 θεοτόκον
3041 3084 3557 3154 κατονομὰζεσθαι,
3613 3085 3708 3137 καὶ
3751 3084 3963 3150 ταύτης

691 3206 814 3243 rum
870 3189 1364 3260 Tlteophaniorum
1401 3190 1546 3244 unda
1600 3190 1657 3244 in
1709 3205 1927 3245 sacrum
1984 3190 2303 3272 lavacrum‘

2374 3182 2472 3251 τὴν
2501 3182 2650 3233 θείαν
2700 3180 2891 3249 κλῆσιν
2924 3179 3319 3232 ἐπικαλεῖσθαι.
3348 3179 3564 3248 Μικρὸν
3604 3178 3661 3230 δὲ
3728 3176 3963 3248 ὕστερον

694 3282 1091 3338 infunderetur
1126 3302 1139 3337 :
1174 3293 1234 3338 ut
1263 3283 1569 3352 symbolum
1605 3294 1881 3347 sanctum,
1914 3282 2060 3353 quod
2098 3282 2266 3336 semel

694 3388 908 3431 tantum
949 3386 1111 3431 antea
1146 3393 1343 3448 magno
1372 3387 1426 3432 et
1458 3387 1651 3433 sancto
1684 3378 2013 3431 Parasceves
2041 3378 2130 3431 die
2158 3375 2265 3430 dici

695 3470 924 3524 solitum
981 3470 1183 3533 fuerat,
1232 3475 1286 3525 in
1340 3472 1532 3541 synaxi
1591 3481 1645 3525 et
1696 3480 1968 3524 conventu
2020 3469 2270 3523 ecclesiae

2377 3272 2868 3327 κα“ι’1ουϐενα).ίου
2917 3274 2972 3333 ὲς
3029 3271 3337 3341 βαθύτατον
3384 3271 3565 3340 γῆρας
3617 3270 3956 3337 ἐλάσαντος,

2377 3371 2468 3422 ’τὸν
2515 3367 2623 3419 τῶν
2678 3364 3073 3434 Ἱεροσολύμων
3125 3364 3314 3433 θρόνον
3354 3364 3722 3425 Ἀναστάτιοε
3791 3362 3960 3429 ἐκλη-

2384 3463 2563 3534 ροῦτω
2596 3457 2659 3514 οὗ
2691 3459 3007 3530 Μαρτύριος
3048 3459 3296 3526 καθῆστο
3322 3458 3593 3528 διάδοχος.

692 3564 890 3631 quovis
920 3565 1360 3619 decantaretur:
1411 3574 1465 3619 et
1515 3572 1573 3617 ut
1632 3563 1689 3617 in
1731 3567 2051 3633 precatione
2115 3561 2267 3616 omni
2313 3558 2406 3612 Dei
2438 3555 2686 3611 Genitrix
2759 3554 3145 3609 nominaretur
3174 3552 3272 3621 (1),
3333 3562 3389 3606 et
3416 3551 3664 3605 divinum
3693 3552 3813 3621 ejus
3860 3566 3963 3605 no.

694 3676 816 3714 men
861 3662 1237 3716 invocaretur.
1288 3662 1460 3716 Paulo
1497 3671 1620 3731 post
1651 3660 1743 3714 ubi
1812 3660 2093 3715 Juvenalis
2159 3661 2214 3712 in
2283 3666 2531 3712 extrema
2583 3660 2873 3708 senectute
2921 3650 3317 3722 Hierosolymis
3351 3649 3511 3705 diem
3569 3662 3729 3703 suum
3796 3648 3960 3715 obiit,

693 3757 1007 3826 episcopale
1032 3760 1152 3831 ejus
1191 3774 1396 3814 munus
1430 3760 1753 3814 Anastasius
1777 3758 2009 3813 sortitus
2030 3764 2139 3812 est.
2166 3753 2269 3810 Cui
2310 3750 2515 3807 deinde
2542 3750 2817 3806 successit
2843 3749 3160 3821 Martyrius.

1189 3874 1351 3945 635
1387 3872 1610 3930 CAPUT
1650 3873 1844 3929 xmx.

699 3968 763 4025 Ut
796 3969 898 4023 Leo
939 3968 1162 4039 Magnus
1210 3970 1334 4037 fatis
1376 3968 1716 4029 concesserit,
1761 3968 1983 4023 Leonem
2015 3969 2270 4022 mitiorem

764 4041 971 4108 imperii
1022 4055 1371 4093 successorem
1427 4040 1749 4108 relinquens.
1784 4039 1847 4092 Et
1878 4048 1933 4092 ut
1960 4040 2119 4107 paulo
2150 4051 2268 4107 post

764 4113 858 4163 hoc
894 4126 1098 4178 quoque
1144 4112 1251 4162 vita
1300 4109 1563 4176 defuncto.
1605 4120 1757 4176 pater
1800 4108 1943 4163 Zeno
1968 4109 2069 4177 ﬁlii
2100 4112 2274 4179 impe-

765 4186 903 4234 rium
931 4180 1237 4249 susceperit,
1272 4180 1573 4232 diademate
1613 4182 1675 4233 ub
1710 4197 1767 4233 eo
1800 4194 2031 4250 accepto.

768 4353 879 4408 Leo
904 4352 1131 4423 Magnus
1166 4355 1466 4424 imperator
1496 4356 1596 4425 (2),
1628 4355 1868 4414 Zenonis
1913 4370 1967 4415 et
2015 4361 2272 4418 Ariadna

697 4444 823 4498 tiliae
863 4443 1059 4507 lilium,
1110 4441 1349 4500 Leonem
1392 4447 1661 4502 minorem
1693 4449 1963 4505 Caesarem
2004 4453 2266 4521 primum,

2948 3865 3201 3920 ΚΕΦΑΛ.
3256 3866 3388 3919 KO'.

2387 3962 2487 4027 Ὠς
2518 3958 2884 4025 ἐτελεύτησε
2919 3959 3085 4011 Λέων
3107 3962 3139 4012 ό
3191 3959 3400 4027 μέγας,
3464 3957 3691 4013 Λέοντα
3721 3960 3831 4012 τὸν
3856 3978 3956 4028 μι-

2446 4031 2597 4099 κρὸν
2654 4030 3030 4096 καταλείψας
3088 4028 3395 4097 διάδοχον.
3458 4030 3567 4083 Καὶ
3614 4032 3842 4099 ,τούτου
3890 4030 3961 4083 δὲ

2444 4098 2595 4171 μετὰ
2632 4100 3055 4171 μικρὸντέλει-
3074 4099 3462 4171 χρησαμένου
3483 4142 3498 4164 ,
3541 4098 3753 4164 Ζήνων
3781 4104 3813 4155 ό
3842 4118 3957 4153 πα-

2448 4168 2561 4237 τὴρ
2592 4170 2708 4237 τὴν
2735 4170 2935 4238 ἀρχὴν
2958 4168 3065 4222 τοῦ
3096 4169 3230 4223 υἱοῦ
3260 4171 3573 4235 λαμϐάνει,
3598 4171 3703 4225 τοῦ
3738 4173 3959 4237 παιδὸς

2446 4241 2528 4308 τῷ
2555 4240 2731 4308 πατρὶ
2760 4243 2828 4293 τὸ
2858 4239 3117 4307 διάδημα
3142 4240 3507 4308 περιθέντας.

2459 4360 2520 4413 Ὀ
2549 4360 2606 4412 δὲ
2656 4357 2914 4429 βασιλεὺς
2959 4357 3113 4412 Λέων
3146 4357 3174 4409 ὀ
3210 4358 3383 4427 μέγας
3437 4358 3530 4412 τὸν
3565 4359 3816 4426 Ζήνωνος
3860 4360 3959 4413 καὶ

2375 4453 2669 4523 ’Δριάδνης
2696 4452 2798 4520 τῆς
2832 4449 3108 4521 θυγατρὸς
3145 4446 3461 4516 παῖδα,’τὸν
3493 4451 3691 4521 μικρὸν
3724 4453 3957 4517 Λέοντα,

694 4535 894 4591 deinde
932 4536 1095 4590 etiam
1131 4537 1516 4606 imperatorem
1562 4539 1937 4597 Romanorum
1977 4545 2266 4599 renuntia-

2374 4545 2627 4615 Καίσαρα
2678 4544 2983 4614 πρότερον,
3036 4538 3160 4597 εἶτα
3204 4545 3301 4598 καὶ
3373 4544 3602 4615 βασιλέα
3656 4544 3956 4615 Ῥωμαίων

694 4628 795 4685 vit,
825 4627 1184 4697 manibusque
1217 4629 1335 4698 ipse
1370 4630 1487 4686 suis
1533 4631 1747 4702 imperii
1792 4635 2025 4703 insignia
2055 4637 2104 4691 ei
2137 4652 2270 4691 con-

698 4716 843 4770 tulit.
879 4715 1154 4773 Zenonem
1202 4719 1377 4784 enim,
1406 4722 1551 4791 quod
1592 4723 1647 4777 in
1695 4725 1957 4794 religione
2005 4729 2266 4791 variaret,

698 4808 1086 4876 imperatorem
1139 4809 1319 4881 legere
1352 4811 1610 4882 dignatus
1639 4831 1747 4868 non
1777 4826 1881 4871 est.
1918 4817 2126 4872 Deinde
2156 4815 2269 4870 Leo

698 4899 893 4954 morbo
918 4896 1235 4970 oppressus,
1262 4903 1505 4974 Byzantii
1535 4907 1827 4975 imperium
1860 4924 1967 4964 una
1999 4926 2122 4965 cum
2152 4913 2265 4967 vita

697 4991 972 5059 deposuit,
1008 5008 1133 5046 cum
1166 4993 1218 5047 id
1258 4996 1417 5051 annis
1452 4997 1643 5053 decem
1678 5009 1733 5055 et
1783 5012 1991 5070 septem
2029 5003 2269 5058 admini-

694 5090 941 5135 strasset.
1004 5082 1133 5137 Post
1183 5099 1346 5153 quem
1387 5086 1535 5141 Zeno
1586 5104 1881 5159 purpuram
1908 5094 2163 5162 sumpsit,
2207 5106 2267 5151 ut

695 5170 893 5226 Leonis
923 5188 1090 5241 gener
1125 5191 1139 5228 :
1170 5175 1316 5244 quod
1358 5192 1484 5231 eum
1528 5179 1730 5234 Verina
1750 5221 1766 5245 ,
1800 5179 2001 5236 Leonis
2032 5187 2267 5256 conjuge

693 5262 932 5317 Leonem
966 5265 1149 5319 adhuc
1190 5283 1419 5335 puerum
1456 5270 1773 5341 a-ijuvaute,
1813 5274 1905 5341 qui
1933 5276 2098 5329 etiam
2124 5279 2263 5344 patri

694 5355 908 5426 imperii
935 5357 1167 5427 insignia
1198 5359 1482 5430 imposuit,
1513 5361 1790 5419 asciverit.
1810 5364 1980 5419 l'orro
2005 5383 2131 5421 cum
2155 5369 2266 5424 Leo

764 5492 841 5563 (l)
877 5493 1048 5550 Hodie
1081 5510 1301 5565 quoque
1327 5496 1498 5552 Graeci
1539 5511 1593 5554 et
1629 5498 1938 5557 Orientales
1960 5503 2263 5561 Christiani

692 5566 1195 5641 precationicttivis
1224 5568 1671 5641 intercessionem
1706 5574 1805 5641 τῆς
1840 5573 2132 5640 θεοτόκου,
2162 5580 2265 5631 hoc

689 5641 775 5687 est
806 5634 897 5687 Dei
934 5634 1255 5700 Genitricis,
1286 5638 1557 5693 inserunt.
1759 5634 1772 5641 ’
1816 5682 1823 5687 .

760 5703 838 5783 (2)
871 5703 1053 5759 Leone
1082 5706 1410 5783 imperatore
1445 5709 1743 5783 aliquando
1794 5711 2025 5783 Eulogio
2062 5715 2250 5783 philo-

691 5780 866 5849 sopito
898 5788 1160 5849 tesseram
1189 5776 1601 5849 frttmeutariam
1629 5780 1745 5833 dari
1784 5776 2036 5849 jubetite.
2062 5776 2131 5839 ex
2158 5800 2259 5839 eu-

692 5842 976 5901 biculariis
1023 5842 1295 5903 eunuchis
1318 5847 1564 5918 quidam,
1594 5842 1860 5909 militibus
1889 5842 2241 5926 largitionem

2371 4640 2697 4708 ἀνηγόρευεο
2728 4641 2886 4710 χερσί
2922 4656 2982 4692 τε
3014 4638 3178 4702 ἰδίαις
3226 4638 3296 4693 τὰ
3343 4639 3441 4709 τῆς
3485 4640 3663 4709 ἀρχῆς
3704 4638 3956 4707 σύμϐολα

2368 4734 2545 4802 τούτῳ
2574 4733 2900 4804 περιετίθει.
2952 4734 3177 4803 Ζήνωνα
3209 4733 3318 4802 γὰρ
3363 4735 3461 4788 ἆτε
3500 4734 3629 4802 περὶ
3668 4735 3769 4802 τὴν
3818 4733 3953 4803 θρη-

2372 4826 2561 4879 σκείαν
2598 4826 2856 4895 διάφορον
2880 4826 3258 4893 λογιζόμενος,
3298 4825 3533 4895 ἀπηξίου
3573 4825 3805 4896 βασιλέα
3831 4845 3952 4895 χεί-

2373 4920 2633 4989 ροτονεῖν.
2665 4918 2899 4971 Ἔπειτα
2944 4919 3085 4989 νόσῳ
3136 4916 3456 4989 περιπεσὼν
3489 4920 3517 4971 ό
3548 4920 3720 4985 Λέων,
3753 4922 3810 4972 ὲν
3842 4920 3951 4974 Βυ-

2371 5010 2575 5080 ζαντίῳ
2628 5011 2727 5080 τὴν
2780 5012 2956 5080 ἀρχὴν
3007 5010 3355 5077 ἀποτίθεται,
3413 5012 3795 5066 ἑπτακαίδεκα
3850 5015 3951 5083 ἐτη

2367 5102 2577 5171 ταύτην
2617 5102 2912 5172 διηνυκώς·
2953 5102 3075 5172 μεθ’
3110 5103 3170 5155 ὃν
3218 5104 3406 5175 Ζήνων
3435 5106 3498 5158 τὸ
3542 5104 3814 5174 ἁλουργὲς
3843 5108 3955 5176 ἀμ-

2369 5192 2648 5260 φιέννυται
2682 5193 2893 5262 σχῆμα,
2926 5188 3015 5248 οἷά
3048 5211 3112 5261 γε
3141 5194 3401 5265 γαμϐρῷο
3445 5198 3541 5250 καὶ
3571 5196 3808 5265 Βηρινης
3844 5199 3952 5263 τῆς

2368 5284 2598 5347 Λέοντος
2676 5285 2936 5353 γυναικὸς
2981 5287 3599 5358 συνεπιλαμϐανομένης
3637 5288 3715 5360 τῷ
3766 5291 3951 5363 νηπίῳ

2366 5377 2582 5441 Λέοντι,
2617 5376 2676 5439 δς
2726 5377 2806 5445 τῷ
2840 5381 3010 5449 πατρὶ
3057 5379 3273 5450 Ζήνωνι
3305 5381 3375 5434 τὰ
3420 5382 3522 5452 τῆς
3552 5380 3728 5453 ἀρχῆς
3758 5401 3953 5456 περιεκ

2368 5510 2529 5585 talem
2562 5509 2678 5585 dari
2704 5510 2930 5585 debere,
2956 5512 3115 5568 dixit.
3157 5514 3239 5569 Ad
3273 5532 3436 5585 quem
3466 5532 3772 5572 conversus
3804 5519 3941 5585 Leo,

2372 5580 2606 5655 Utinam,
2636 5582 2835 5655 inquit,
2861 5586 2903 5636 is
2932 5585 2999 5636 sit
3030 5580 3327 5655 temporum
3383 5604 3617 5641 meorum
3663 5599 3859 5655 status,
3889 5580 3949 5645 ut

2369 5650 2954 5728 nti/tiliaeatstt'pendia
2986 5650 3287 5728 militumin
3320 5659 3624 5728 litterarum
3652 5650 3941 5728 tnugt'st'ros

2364 5721 2621 5799 conferre.
2660 5722 2863 5788 (Suid.)
2889 5725 3044 5799 Apud
3085 5740 3247 5793 quem
3285 5728 3449 5799 etiam
3496 5727 3563 5782 de
3594 5721 3790 5784 Malchi
3818 5746 3948 5785 scn-

2365 5793 2533 5869 tentia
2559 5801 2664 5869 est,
2681 5807 2898 5861 gravent
2925 5793 3127 5869 civium
3149 5796 3663 5869 provinciarumque
3711 5815 3945 5856 suarum

2366 5858 2605 5918 Leonem
2652 5858 2817 5917 istum
2840 5858 3253 5934 compilatorcm
3278 5866 3471 5923 fuisse.
