4236 6442
704 394 774 458 87

1932 401 1984 464 Ν
1990 403 2358 468 ICEPHORI
2397 408 2742 473 CALLISTI

3911 419 3980 486 88

706 509 1018 577 reperimus
1046 511 1312 583 injuriam
1343 527 1370 566 a
1406 512 1826 585 religiosissime
1844 531 2051 586 magna
2068 520 2303 576 Alexan—
2325 521 2379 583 Α,

2325 521 2381 583 Α.
2403 526 2438 597 ἡ
2468 526 2529 581 ὲν
2564 527 2790 599 Χριστῷ
2849 513 3038 592 πίστις
3091 528 3190 584 καὶ
3223 530 3388 601 ήμεῐς
3441 524 3800 600 πεπόνθαμεν
3826 532 3977 600 παρὰ

705 602 879 654 ιΙι-ἰιιτιι
925 600 1082 657 urbis
1134 604 1395 674 episcopo
1442 605 1728 668 Dioscoro,
1777 606 1845 660 ad
1894 607 2156 678 pietatem
2197 627 2295 666 ve-

705 702 877 746 stram
934 694 1306 764 confugimus,
1356 705 1416 750 ut
1462 697 1553 767 jus
1587 707 1838 754 nostrum
1880 715 2293 772 consequamur

707 798 980 855 petentes.
1037 787 1143 844 Res
1176 794 1301 844 tota
1345 789 1401 844 in
1437 791 1541 846 hoc
1583 791 1688 847 sita
1718 803 1805 848 est
1841 793 1940 862 (ί).
1974 795 2128 866 Ιιῃδ
2167 812 2293 868 que

709 880 952 948 proxime
997 881 1052 935 in
1113 883 1402 951 metropoli
1461 883 1830 953 Ephesiorum
1881 887 2152 943 celebrata
2207 899 2293 946 est

708 973 917 1042 synodo
944 973 1176 1040 (utinam
1210 983 1392 1029 autem
1422 977 1698 1030 celebrata
1729 993 1839 1031 non
1866 990 2036 1042 esset,
2067 996 2168 1036 nec
2196 997 2289 1035 or-

708 1065 792 1119 bis
832 1075 1100 1121 terrarum
1153 1068 1392 1123 tumultu
1423 1079 1478 1124 et
1505 1069 1662 1125 malis
1693 1073 1879 1127 multis
1929 1074 2290 1142 repleretur),

711 1160 890 1212 bonus
929 1161 1246 1223 Dioscorus,
1278 1163 1427 1216 nulla
1456 1163 1708 1230 justitize,
1741 1166 1890 1219 nulla
1948 1166 2163 1222 timoris
2194 1167 2290 1221 Dei

715 1255 899 1306 habita
956 1256 1189 1318 ratione,
1227 1255 1372 1325 quod
1419 1256 1612 1311 eadem
1665 1274 1788 1312 cum
1835 1274 2039 1315 vesano
2071 1268 2125 1315 et
2175 1261 2289 1315 liae-

708 1348 880 1401 retico
918 1347 1220 1418 Eutycltete
1255 1349 1578 1416 Opinaretur
1602 1361 1657 1404 et
1679 1351 1933 1418 sentiret,
1977 1353 2164 1406 multis
2198 1353 2290 1407 ille

706 1439 927 1507 quidem
975 1449 1086 1493 tum
1138 1441 1378 1509 ignotus,
1407 1442 1504 1496 sed
1541 1451 1728 1510 postea
1769 1444 2012 1514 seipsum
2064 1445 2292 1499 manife-

709 1533 873 1586 stavit
909 1542 965 1587 et
1002 1533 1266 1602 prodidit,
1299 1535 1767 1604 opportunitatem
1801 1547 1996 1592 nactus
2045 1553 2146 1608 per
2203 1539 2288 1592 in-

709 1624 956 1678 stitutam
1012 1640 1042 1679 a
1076 1641 1161 1680 me
1192 1626 1457 1680 adversus
1497 1627 1776 1697 opinionis
1801 1644 1913 1684 sua:
1969 1631 2289 1699 p0pularem

710 1717 1070 1788 Eutychetem
1103 1720 1530 1781 accusationem,
1560 1731 1616 1776 et
1669 1723 2069 1792 promulgatam
2101 1738 2290 1780 contra

709 1824 838 1862 eum
877 1824 905 1862 a
936 1818 1135 1863 sauctm
1171 1811 1448 1864 memoria:
1497 1811 1753 1865 Flaviano
1777 1814 2038 1881 episcopo
2067 1825 2288 1868 senten-

715 1902 869 1963 tiam,
897 1902 1247 1956 multitudine
1281 1904 1721 1958 turbulentorum
1770 1904 2289 1976 diSSolutorumque

716 1994 1000 2048 hominum
1033 2005 1333 2058 contracta,
1366 2005 1705 2063 etpotestate
1736 1999 1964 2064 pecunia
2007 1998 2108 2050 sibi
2141 2013 2293 2052 cont-

714 2099 922 2160 parata.
955 2089 1098 2158 piam
1141 2089 1571 2144 orthodoxorum
1617 2100 1874 2158 recteque
1909 2091 2290 2154 sentientium,

713 2191 978 2251 quantum
1012 2181 1066 2235 in
1098 2196 1164 2237 eo
1199 2182 1335 2244 luit,
1371 2181 1692 2250 religionem
1728 2182 1954 2245 aﬂlixit,
1984 2195 2040 2237 et
2069 2199 2292 2252 pravam

717 2275 1035 2345 Eutychetis
1083 2275 1330 2327 monachi
1384 2276 1698 2341 opinionem
1748 2277 2129 2341 conﬁrmavit,
2170 2291 2292 2344 qua:

709 2370 821 2437 jam
853 2367 978 2421 inde
1003 2367 1070 2420 ab
1095 2365 1255 2419 initio
1305 2381 1332 2420 a
1380 2366 1587 2420 sanctis
1623 2367 1876 2421 Patrilrus
1902 2377 1987 2421 est
2026 2369 2292 2422 condem-

717 2469 865 2512 nata.
895 2459 1125 2524 Quando
1174 2459 1339 2528 igitur
1378 2474 1484 2510 non
1535 2475 1699 2527 parva
1732 2468 1881 2523 sunt,
1916 2476 2035 2526 quae
2071 2461 2161 2514 ille
2197 2460 2292 2513 ad-

717 2568 910 2606 versus
944 2551 1101 2604 ﬁdem
1142 2551 1193 2603 in
1230 2551 1507 2604 Christum
1560 2560 1615 2603 et
1660 2564 1758 2604 nos
1806 2551 2094 2618 designare
2125 2567 2293 2606 ausus

717 2654 823 2709 est,
877 2644 942 2698 ad
968 2643 1384 2712 amplitudinem
1419 2655 1650 2697 vestram
1707 2645 2097 2713 provolvimur,
2133 2645 2294 2699 obse-

718 2745 957 2797 crantes,
989 2745 1050 2788 ut
1091 2734 1395 2804 amplitudo
1426 2743 1606 2788 vestra
1650 2737 1935 2790 sanctione
1975 2752 2074 2791 sua
2111 2739 2290 2805 ipsum

717 2827 1188 2897 religiosissimum
1239 2827 1559 2881 Dioscornm
1602 2843 1821 2882 causam
1853 2829 2038 2884 dicere
2085 2829 2153 2884 de
2184 2830 2294 2884 cri-

717 2921 960 2976 minibus
993 2920 1095 2974 sibi
1127 2936 1156 2974 a
1192 2921 1351 2974 nobis
1375 2921 1612 2990 objectis
1644 2921 1836 2991 jubeat
1862 2963 1876 2984 ,
1913 2937 2130 2977 necnon
2175 2937 2296 2978 mo-

2398 617 2696 688 Διοσκόρου
2740 618 2836 672 τοῦ
2892 617 3301 675 εὐλαϐεστάτου
3354 619 3661 676 δπισκότοου
3696 622 3800 689 τῆς
3823 620 3978 672 Ἀλεο

2400 709 2675 777 εανδρέων
2742 709 3169 780 μεγαλοπόλεως
3197 753 3213 779 ,
3274 712 3550 782 πρόσιμεν
3601 713 3670 782 τῇ
3738 712 3980 782 ὑμετέρᾳ

2397 801 2656 875 εὐσεϐείᾳ
2687 803 2799 856 τῶν
2837 803 3065 857 δικαίων
3094 803 3379 869 ἀξιοῦντες
3422 805 3632 874 τυχεῖν.
3670 803 3753 858 Τὰ
3798 803 3856 856 δι
3884 801 3978 856 τοῦ

2399 895 2734 966 πράγματος
2763 896 2824 950 ἑν
2857 895 3094 960 τούτοις.
3136 896 3264 951 Ἐπὶ
3289 896 3390 966 τῆς
3415 897 3646 967 ἔναγχος
3679 897 3979 968 γενομένης

2399 987 2621 1041 συνόδου
2657 988 2714 1040 ἐν
2743 989 2812 1058 τῇ
2856 988 3129 1058 Ἐφεσίων
3164 991 3506 1059 μητροπόλει
3557 991 3648 1062 (ἢν
3675 990 3868 1054 όνπελός
3914 1008 3977 1058 γε

2393 1074 2464 1150 ἦν
2493 1081 2569 1149 μὴ
2596 1077 2854 1147 γενέσθαι
2879 1121 2894 1146 ,
2930 1081 3018 1134 ἵνα
3074 1080 3150 1152 μὴ
3201 1083 3390 1136 κακῶν
3433 1084 3529 1137 καὶ
3579 1083 3827 1152 ταραχῆς
3878 1083 3978 1153 τὴν

2393 1170 2729 1239 οἰκουμένην
2781 1170 3105 1241 ἐμπλήσῃ),
3140 1170 3170 1223 ό
3210 1170 3445 1240 χρηστὸς
3495 1171 3791 1240 Διόσκορος
3845 1185 3960 1239 παρ

2392 1263 2550 1316 οὐδὲν
2601 1263 2828 1332 θέμενος
2868 1265 2961 1316 τὸν
3005 1262 3101 1318 τοῦ
3139 1263 3353 1317 δικαίου
3402 1262 3566 1331 λόγου
3600 1265 3711 1329 ,καὶ
3760 1264 3853 1317 τδν
3883 1260 3976 1312 τοῦ

2394 1353 2531 1408 Θεοῦ
2575 1351 2766 1422 φόϐον,
2816 1354 3078 1424 όμόδοξος
3120 1353 3199 1408 ὢν
3241 1355 3340 1409 καὶ
3391 1355 3653 1425 όμόφρων
3703 1356 3977 1426 Εὑτυχοῦς

2392 1447 2489 1499 τοῦ
2522 1446 2925 1515 ματαιόφρονος
2952 1446 3048 1499 καὶ
3083 1447 3366 1517 αίρετικοῦ
3395 1464 3408 1478 ·
3445 1445 3727 1500 λανθάνων
3759 1448 3817 1502 δὲ
3847 1449 3978 1512 τοὺς

2394 1537 2652 1603 πολλοὺς,
2691 1539 2796 1592 κᾶν
2821 1538 2879 1601 ἐς
2914 1537 3142 1607 ὕστερον
3172 1538 3368 1592 ἑαυτὸν
3396 1537 3771 1608 ιφανέρωσεν,
3799 1539 3977 1610 εὑρὼν

2395 1632 2615 1702 καιρὸν,
2656 1634 2752 1701 τὴν
2793 1633 3174 1703 γεγενημένην
3200 1633 3332 1701 παρ’
3358 1631 3495 1702 ἐμοῦ
3531 1632 3674 1685 κατὰ
3701 1630 3977 1701 Εὑτυχοῦς

2390 1727 2485 1780 τοῦ
2518 1727 2777 1796 όμοδὸξου
2809 1727 2975 1780 αὐτοῦ
3010 1727 3378 1798 κατηγορίαν,
3415 1728 3510 1780 καὶ
3553 1726 3654 1798 τὴν
3686 1727 3772 1780 ἐπ’
3823 1727 3976 1794 αὐτῷ

2393 1818 2769 1888 ὲξενεχΟείσαν
2819 1819 3002 1888 ψῆφον
3053 1819 3205 1887 παρὰ
3259 1817 3354 1872 τοῦ
3396 1818 3496 1887 τῆς
3554 1819 3710 1880 ὁσίας
3767 1817 3975 1889 λήξηυς

2391 1911 2699 1965 Φλαϐιανοῦ
2747 1913 3080 1973 ἐπισκόπου,
3116 1910 3325 1980 πλῆθος
3354 1912 3608 1964 ἀτάκτων
3640 1912 3817 1980 ὖχλων
3852 1927 3976 1964 συν-

2394 2005 2643 2070 αγαγὼν,
2689 2006 2785 2055 καὶ
2832 2003 3158 2056 δυναστείαν
3200 2003 3379 2071 ἑαυτῷ
3412 2004 3501 2056 διὰ
3552 2003 3852 2072 χρημάτων
3879 2019 3976 2054 πο-

2396 2098 2712 2168 ρισάμενος,
2752 2095 2853 2165 τὴν
2897 2095 3100 2167 εὐσεϐῆ
3137 2095 3441 2166 Θρησκείαν
3494 2095 3602 2148 τῶν
3651 2093 3977 2163 όροοδόξων,

2393 2186 2455 2239 τό
2510 2204 2574 2254 γε
2601 2181 2738 2257 ἧκον
2788 2187 2843 2249 ἐς
2897 2187 3098 2252 αὐτὸν,
3153 2187 3465 2256 ἐλυμήνατο
3491 2202 3507 2218 ο
3545 2187 3642 2238 καὶ
3673 2185 3772 2254 τὴν
3809 2202 3976 2238 κακο-

2396 2282 2582 2348 δοξίαν
2620 2283 2898 2352 Εὑτυχοῦς
2934 2282 3032 2335 τοῦ
3086 2282 3437 2351 μονάζοντος,
3485 2281 3610 2352 ἥτις
3642 2281 3853 2334 ἄνωθεν
3881 2280 3977 2330 καὶ

2395 2373 2453 2440 ἐξ
2479 2373 2657 2442 ἀρχῆς
2692 2376 2845 2443 παρὰ
2899 2374 3009 2427 τῶν
3063 2374 3239 2442 ἁγίων
3295 2373 3556 2442 Πατέρων
3588 2369 3974 2439 ἀπεκηρύχοη,

2396 2467 2749 2520 ἐϐεϐαίωσεν.
2794 2467 2954 2519 Ἐπεὶ
2997 2465 3092 2519 οὖν
3148 2467 3210 2518 οὖ
3247 2466 3424 2535 μικρὰ
3472 2464 3540 2517 τὰ
3587 2463 3974 2532 τετολμημένα

2396 2560 2544 2632 αὐτῷ
2575 2559 2715 2612 κατά
2757 2576 2817 2611 τε
2847 2562 2946 2630 τῆς
2986 2561 3066 2620 είς
3127 2558 3370 2627 Χριστὸν
3413 2557 3653 2619 πίστεως
3704 2557 3800 2609 καὶ
3851 2554 3978 2607 καθ’

2396 2650 2558 2721 ἡμῶν
2589 2691 2604 2716 ,
2667 2651 2907 2718 δεόμεθα
2965 2653 3062 2705 καὶ
3114 2650 3541 2720 προσπίπτομεν
3588 2649 3667 2720 τῷ
3723 2649 3977 2718 ὑμετέρῳ

2398 2745 2635 2816 κράτει,
2686 2744 2948 2798 Θεσπίσαι
2986 2746 3079 2798 τὸν
3115 2744 3283 2797 αὑτὸν
3323 2743 3726 2796 εὐλαὸέστατον
3753 2741 3976 2794 Διόσκο-

2401 2855 2492 2908 ρον
2552 2839 3006 2908 ἀπολογήσασθαι
3047 2839 3158 2900 τοῖς
3197 2837 3328 2906 παρ’
3362 2836 3522 2906 ἡμῶν
3571 2835 3720 2903 αὐτῷ
3777 2834 3978 2897 ἐπαγο-

2402 2933 2606 3003 μένοιςο
2641 2932 2841 3002 δηλαδὴ
2870 2933 2978 2984 τῶν
3011 2931 3141 3001 παρ’
3167 2929 3338 2984 αὑτοῦ
3363 2929 3488 2982 καθ’
3523 2929 3680 2999 ἡμῶν
3728 2927 3974 2995 ὑπομνη-

719 3024 983 3069 nntnenta
1027 3023 1083 3069 et
1114 3021 1232 3067 acta
1275 3023 1467 3067 contra
1504 3029 1607 3067 nos
1634 3014 1703 3068 ab
1735 3029 1802 3068 eo
1827 3013 1970 3068 edita
2006 3014 2058 3068 in
2105 3024 2293 3070 sancta

2401 3025 2590 3093 μάτων
2614 3023 3143 3091 ἀναγινωσκομένων
3171 3020 3275 3074 ὑπὸ
3307 3020 3406 3090 τῆς
3448 3020 3609 3088 ἁγίπς
3636 3019 3878 3080 συνόδου,
3907 3017 3975 3068 δι’

720 3111 933 3181 synodo
979 3109 1087 3179 legi
1139 3109 1384 3169 mandet.
1430 3123 1529 3176 per
1564 3122 1682 3175 qua:
1713 3107 1944 3173 probare
1976 3121 2292 3175 possumus,

2395 3111 2470 3169 ὧν
2528 3115 2809 3184 δυνάμεθα
2856 3113 3141 3177 ἀποδεῖξαι
3178 3114 3344 3166 αὑτὸν
3397 3114 3491 3165 καὶ
3542 3111 3826 3180 ἀλλότριον
3872 3109 3976 3176 τῆς

721 3204 876 3258 illum
909 3204 1066 3271 longe
1093 3201 1161 3256 ab
1185 3202 1488 3256 orthodoxa
1510 3211 1565 3255 et
1585 3208 1730 3254 recta
1757 3200 1862 3253 liile
1886 3200 2123 3253 alienum
2146 3216 2289 3267 esse,
2321 3212 2364 3271 ς

2321 3212 2364 3271 C
2397 3207 2678 3276 ὀρθοδόξου
2723 3206 2979 3268 πίστεως,
3017 3207 3114 3259 καὶ
3146 3205 3362 3274 αἵρεσιν
3390 3203 3647 3265 ἁσεσείας
3679 3202 3976 3270 πεπληριοιο

721 3305 779 3349 et
830 3294 1083 3348 heresim
1126 3292 1419 3361 impietatis
1452 3290 1666 3360 plenam
1691 3290 2068 3352 confirmasse,
2101 3290 2291 3344 nobis-

722 3404 829 3456 que
855 3387 1041 3456 inique
1077 3385 1399 3456 dignitatem
1433 3384 1742 3445 ademisse,
1775 3391 1831 3438 et
1884 3399 2104 3452 gravem
2150 3385 2292 3452 inju-

724 3483 859 3536 riam
893 3480 1182 3534 intulisse:
1225 3488 1285 3532 ut
1311 3477 1514 3532 divinis
1545 3476 1986 3544 venerandisqnc
2025 3475 2296 3530 mandatis

721 3577 921 3631 vestris
975 3577 1041 3628 ad
1091 3585 1334 3628 sanctam
1394 3581 1452 3626 et
1498 3570 1865 3625 universalem
1922 3570 2292 3638 piis-simorum

721 3671 1105 3737 episcoporum
1138 3667 1405 3735 synodum
1432 3664 1596 3727 datis,
1633 3662 1700 3716 ab
1745 3663 1880 3730 ipsis
1923 3661 1988 3715 de
2026 3671 2209 3714 nostra
2241 3673 2297 3715 et

723 3757 966 3812 Dioscuri
1011 3771 1174 3809 eausa
1214 3756 1545 3823 inquinatur,
1583 3763 1637 3806 et
1688 3753 1930 3806 actiones
1989 3769 2178 3806 omnes
2226 3754 2293 3807 at]

725 3850 947 3920 pietatis
977 3861 1173 3903 vestrae
1224 3846 1590 3916 cognitionem
1613 3883 1628 3909 ,
1664 3855 1720 3899 et
1755 3829 2080 3898 immortalis
2126 3844 2297 3900 subli-

726 3944 931 3998 mitatis
948 3950 1142 3996 vestra:
1175 3940 1464 3996 arbitrium
1499 3938 1834 3993 referantur.
1875 3938 2051 4006 Atque
2087 3938 2189 3991 hoc
2217 3940 2296 3991 sic

728 4038 1321 4100 consecuti,orationes
1345 4043 1636 4103 perpetuas
1663 4032 1728 4086 ad
1759 4033 1948 4094 Deum,
1972 4047 2069 4100 pro
2091 4041 2296 4084 azterno

732 4142 915 4187 vestro
943 4129 1197 4196 imperio,
1229 4127 1456 4196 piissimi
1490 4126 1787 4195 principes,
1813 4123 2041 4178 fundere
2071 4139 2179 4176 non
2212 4124 2296 4176 in-

727 4225 1120 4281 terntittcmus.
1154 4239 1172 4273 ι

796 4319 963 4391 638
997 4317 1181 4386 Itaque
1215 4315 1481 4370 Dioscoro
1522 4313 1676 4382 juxta
1707 4320 1760 4364 et
1820 4310 2059 4365 Eusebio
2098 4311 2169 4365 ita
2205 4325 2298 4381 pe-

728 4421 900 4479 tente,
948 4420 1067 4466 acta
1108 4408 1342 4478 Ephesia
1375 4406 1433 4460 in
1468 4404 1711 4459 medium
1755 4403 2019 4472 producta
2049 4413 2105 4458 et
2159 4404 2295 4458 lecta

725 4513 875 4562 sunt.
913 4504 988 4558 Ex
1014 4502 1215 4572 quibus
1244 4499 1490 4555 constitit
1523 4496 1804 4566 epistolam
1834 4495 2035 4550 Leonis
2079 4496 2296 4566 publice

726 4601 924 4654 lectam
963 4611 1072 4650 non
1102 4609 1222 4649 esse
1254 4611 1266 4647 :
1299 4608 1424 4647 cum
1458 4592 1702 4661 quidem,
1738 4598 1797 4643 ut
1827 4590 1879 4643 id
1913 4591 2086 4651 llcrct,
2139 4589 2297 4642 multi

727 4691 897 4748 semel
924 4701 1087 4758 atque
1114 4688 1309 4740 iterum
1339 4687 1725 4754 postulassent.
1754 4683 2046 4736 Dioscorus
2078 4697 2296 4736 causam

730 4781 852 4849 ejus
887 4778 963 4832 rei
997 4777 1179 4830 dicere
1213 4776 1417 4843 jussus,
1461 4772 1627 4827 semel
1664 4781 1829 4841 atque
1882 4773 2080 4825 iterum
2123 4787 2202 4835 se,
2244 4781 2300 4826 ut

730 4871 784 4925 id
849 4871 1024 4929 fieret,
1078 4866 1397 4937 praecepisse
1425 4865 1604 4918 dixit:
1655 4874 1930 4932 testesque
1981 4862 2297 4918 Iuvenalem

730 4965 1232 5034 Hierosolymorum
1264 4971 1318 5014 et
1349 4959 1695 5014 Thalassium
1737 4958 1998 5013 Caesarem
2025 4959 2301 5028 primariae

730 5057 886 5112 urbis
917 5054 1304 5124 Cappadocum
1335 5054 1622 5122 episcopos
1664 5051 1927 5114 laudavit,
1971 5051 2066 5122 qui
2115 5065 2298 5104 secum

732 5147 942 5220 synodo
964 5148 1013 5200 ei
1039 5145 1400 5214 prtcfuisscnt.
1423 5144 1700 5198 Juvenalis
1722 5157 1780 5196 sc
1809 5158 2022 5196 sacrum
2055 5141 2130 5206 id,
2155 5141 2300 5210 quod

732 5240 940 5311 synodo
978 5238 1218 5308 praairet,
1253 5236 1519 5302 scriptum
1551 5237 1656 5305 legi
1687 5237 1915 5306 jussisse
1946 5246 2173 5290 testatus
2194 5245 2300 5302 est,

735 5343 925 5401 postea
963 5342 1145 5385 autem
1194 5329 1469 5383 neminem
1503 5330 1623 5398 ejus
1655 5329 1990 5382 mentionem
2030 5328 2300 5382 intulisse.

734 5425 1052 5479 Thalassius
1111 5431 1292 5474 autem
1327 5422 1605 5488 professus
1635 5430 1716 5473 est
1749 5435 1830 5480 se,
1866 5428 1924 5471 ut
1955 5419 2003 5472 id
2033 5420 2304 5486 legeretur

734 5531 842 5569 non
866 5512 1168 5576 obstitisse;
1188 5511 1282 5565 sed
1316 5525 1493 5579 neque
1518 5511 1845 5563 lantumsihi
1864 5509 2225 5574 auctoritatis,
2246 5518 2304 5561 ut

734 5608 883 5662 solus
909 5607 1024 5673 ipse
1057 5604 1160 5672 legi
1195 5603 1243 5656 id
1265 5603 1502 5673 juberet,
1536 5617 1850 5671 usurpasse.
1881 5603 2018 5654 Cum
2055 5612 2302 5654 actorum

735 5698 899 5753 lectio
926 5698 1361 5757 continuaretur,
1390 5693 1629 5762 episcopi
1683 5693 1904 5761 quidam
1948 5709 2108 5747 voces
2139 5708 2303 5762 quas-

811 5876 888 5947 (l)
915 5876 1091 5946 Supra
1123 5875 1220 5929 lib.
1252 5891 1364 5939 xiv,
1389 5890 1508 5946 cap.
1533 5875 1616 5929 i7.

2331 4545 2372 4599 D

2401 3306 2571 3372 μένην
2618 3299 2989 3368 κρατύναντα,
3035 3298 3127 3350 καὶ
3181 3297 3382 3359 ἀδίκως
3443 3297 3590 3365 ἡμᾶς
3651 3295 3975 3357 καυελόντσ,

2397 3396 2489 3448 καὶ
2534 3397 2603 3444 τὶ
2664 3393 2819 3444 δεινὰ
2873 3391 3023 3462 ἡμᾶς
3077 3389 3557 3457 κατειργασμένον
3589 3404 3603 3418 ⁸
3663 3387 3828 3440 (isin
3876 3385 3975 3436 καὶ

2399 3488 2900 3556 προσκυνουμὲνων
2943 3483 3096 3552 ὑμῶν
3141 3483 3430 3552 μανδάτων
3459 3480 3976 3549 καταπεμπομένων

2398 3585 2460 3650 τῇ
2493 3582 2627 3651 ἀγα
2678 3582 2772 3631 καὶ
2819 3579 3184 3647 οἰκουμενικῇ
3226 3576 3434 3647 συνόδῳ
3484 3575 3594 3627 τῶν
3625 3573 3978 3642 Θεοφιλεστά-

2396 3693 2506 3726 των
2555 3673 2894 3735 ἐπισκόπων,
2931 3672 3022 3740 ἐφ’
3053 3665 3096 3738 ᾧ
3128 3689 3187 3724 τε
3220 3670 3380 3740 ἡμῶν
3420 3668 3515 3721 καὶ
3562 3667 3658 3721 τοῦ
3713 3683 3975 3738 προειρη-

2402 3770 2564 3836 μένου
2613 3769 2912 3835 Διοσκὸρου
2937 3765 3180 3828 δοκοῦσι,
3217 3765 3313 3818 καὶ
3336 3763 3653 3830 ἀνενεγκεῖν
3683 3763 3739 3824 ἐς
3771 3761 3977 3829 γνῶσιν

2399 3861 2498 3928 τῆς
2525 3860 2799 3928 ὑμετέρας
2829 3858 3115 3921 εὐσεϐείας
3142 3859 3320 3910 πάντα
3346 3856 3414 3908 τὰ
3451 3855 3809 3924 πραττόμενα
3837 3854 3977 3921 πρὸς

2397 3954 2456 4005 τὸ
2509 3951 2919 4020 παριστάμενον
2963 3954 3028 4021 τῇ
3079 3952 3333 4018 ἀθανάτῳ
3386 3949 3544 4019 ὑμῶν
3583 3949 3823 4018 κορυφῇ.
3866 3947 3976 3999 Καὶ

2399 4047 2593 4098 τούτου
2631 4044 2907 4114 τυχόντες,
2954 4043 3337 4103 ἀδιαλείπτους
3377 4043 3543 4111 εὐχὰς
3575 4039 3976 4109 ἀναπέμψομεν

2400 4139 2540 4207 ὑπὲρ
2592 4138 2684 4189 τοῦ
2733 4137 2956 4190 αἰωνίου
3003 4137 3159 4203 ὑμῶν
3193 4137 3471 4206 κράτους,
3505 4133 3772 4187 θειότατοι
3825 4131 3978 4202 βασι-

2400 4230 2530 4290 λεῖς.
2573 4248 2590 4282 ι

2471 4320 2671 4389 Κοινῆς
2706 4320 2888 4372 τοίνυν
2917 4317 3291 4388 γεγενημένης
3323 4317 3561 4386 δεήσεως
3594 4316 3704 4369 ἀπό
3733 4333 3792 4368 τε
3817 4319 3975 4368 Διοσ-

2401 4411 2565 4479 κόρου
2624 4413 2719 4464 καὶ
2771 4410 3058 4476 Εὐσεσίου,
3107 4411 3176 4463 τὰ
3232 4410 3289 4461 ὲν
3350 4409 3557 4478 Ἐφέσῳ
3609 4407 3977 4476 πεπραγμένα

2402 4506 2479 4568 είς
2508 4505 2670 4574 μέσον
2715 4505 2908 4572 ἤγοντο
2965 4504 3062 4556 καὶ
3109 4501 3558 4569 ἀνεγινώσκοντο,
3597 4501 3705 4552 Καί
3744 4516 3808 4565 γε
3839 4499 3978 4550 ἐδεί-

2403 4613 2568 4650 κνυτο
2620 4597 2694 4667 μὴ
2738 4595 3226 4666 παρρησιασθῆναι
3255 4597 3355 4664 τὴν
3388 4595 3619 4654 Λέοντος
3653 4591 3974 4658 ἐπιστολὴν,

2402 4690 2582 4741 καίτοι
2615 4706 2677 4756 γε
2713 4688 2924 4741 πολλῶν
2958 4687 3464 4757 προσκαλουμένων
3496 4684 3666 4751 αὐτὴν
3700 4682 3796 4734 καὶ
3829 4678 3982 4744 ἃπαξ

2404 4783 2495 4834 καὶ
2517 4782 2616 4839 δίς.
2637 4780 2694 4833 't)
2719 4781 2774 4834 δὲ
2793 4781 3081 4849 Διόσκορος
3117 4778 3214 4847 τὴν
3247 4776 3424 4830 αἰτίαν
3445 4774 3794 4843 ἀπαιτηθεὶς,
3826 4773 3982 4841 εἰρη-

2402 4888 2465 4924 κε
2503 4873 2594 4923 καὶ
2633 4871 2780 4935 ἅπαξ
2837 4872 2932 4923 καὶ
2981 4870 3062 4931 δίς
3107 4867 3428 4933 διαλαλῆσαι
3486 4863 3645 4917 τοῦτο
3694 4862 3976 4929 γενέσθαι.

2403 4963 2674 5033 Μάρτυρά
2738 4979 2796 5014 τε
2846 4963 3027 5015 ἐκάλει
3057 4961 3146 5013 τόν
3202 4976 3261 5010 τε
3293 4957 3645 5011 Ἰουϐενὰιλιον
3685 4957 3777 5006 τὸν
3813 4954 3978 5019 Ἱερο-

2407 5056 2657 5124 σολύμων
2701 5055 3025 5116 ἐπίσκοπον,
3093 5053 3188 5104 καὶ
3238 5050 3539 5104 Θαλάσσιον
3599 5051 3697 5117 τῆς
3754 5046 3979 5114 πρώτης

2403 5148 2512 5201 τῶν
2539 5147 2918 5201 Καππαδοκῶν
2960 5135 3316 5213 Καισαρείας·
3358 5144 3430 5211 μὴ
3460 5143 3566 5211 γὰρ
3615 5141 3778 5192 αὐτὸν
3812 5140 3974 5208 μόνον

2402 5237 2503 5305 τῆς
2567 5237 2816 5301 συνόδου,
2863 5236 3000 5288 ἀλλὰ
3050 5236 3143 5287 καὶ
3194 5234 3418 5295 τούτους
3469 5232 3878 5285 καταυθεντεῖν.
3914 5231 3976 5280 Ὀ

2409 5331 2508 5400 μὲν
2541 5329 2914 5391 ’1ου6ενάλιο;,
2942 5329 3031 5380 καὶ
3077 5326 3105 5380 δ
3154 5326 3294 5380 Θεῖον
3323 5329 3680 5395 προηγήσατο
3714 5322 3978 5392 γράμμα,

2403 5420 2635 5474 διελάλει
2683 5421 2986 5488 ἀναγνωσει
3028 5419 3288 5486 δοθῆναι,
3329 5418 3529 5487 μηδένα
3574 5415 3618 5468 δ’
3655 5419 3707 5476 ἐς
3748 5414 3976 5482 ὕστερον

2405 5512 2503 5578 τῆς
2539 5511 2827 5580 ἐπιστολῆς
2864 5513 2924 5564 εν
2955 5511 3111 5581 μνείᾳ
3149 5511 3423 5578 γενέσῦαι·
3453 5509 3757 5567 Θαλάσσιος
3791 5507 3835 5559 δ’
3865 5509 3969 5578 ἔφη

2409 5605 2484 5673 μή
2546 5605 2791 5656 κωλῦσαι
2837 5603 3042 5673 ταύτην
3102 5604 3518 5670 ἀναγνωσθῆναι
3547 5619 3558 5630 ο
3594 5602 3728 5654 ἀλλὰ
3767 5601 3890 5670 μηδ’
3919 5603 3980 5662 ἐς

2406 5698 2559 5749 τόσον
2590 5694 2728 5750 εἶναι
2761 5697 3067 5768 παρρησίας
3100 5699 3323 5758 ὲκ;ἰνον,
3356 5694 3427 5758 ὡς
3461 5695 3554 5747 καὶ
3599 5694 3757 5763 μόνον
3795 5693 3981 5764 ὁρίσαι
