4236 6442
224 419 295 482 93
1164 421 1764 484 ΕεαιΕςιΑεΤιρίΕ
1804 419 1888 480 III

1843 419 2197 484 [lS’l‘ORI/E
2236 422 2383 484 LIB.
2425 423 2546 484 XV.
3447 425 3516 488 9!

225 534 412 586 πίστιν
452 534 732 586 ὲκθέσθαι“
770 533 972 597 εἰδότα,
1005 533 1082 596 ὡς
1126 536 1153 586 ὁ
1207 535 1628 604 θεοφιλέστατος
1665 538 1816 606 βασι·
1848 539 1892 592 Δ

1848 539 1892 592 Δ
1920 538 2057 591 tales
2089 553 2342 590 rursum:
2374 535 2530 589 «11οε
2564 537 2770 603 justum
2806 545 2889 590 est
2911 534 3226 606 judicium;
3258 537 3520 594 Christus

225 624 375 685 λεὺς,
406 623 550 676 κατὰ
571 624 670 690 τὴν
703 622 920 675 ιἔκθεσιν
945 623 1053 675 τῶν
1083 629 1152 674 τι¹
1181 626 1274 676 καὶ
1303 624 1448 678 ὀκτὼ
1482 627 1576 679 καὶ
1615 626 1722 676 τῶν
1747 615 1822 693 ρν’

232 715 517 782 Ιιατέρων,
553 714 633 767 ἔτι
667 715 725 767 δὲ
759 716 854 767 καὶ
887 715 1028 766 κατὰ
1056 715 1156 776 τὰς
1193 715 1486 777 ἐπιστολὰς
1517 719 1624 770 τῶν
1653 719 1825 782 ἁγίων

230 806 498 874 Ματέρων
559 807 913 874 Γρηγορίου,
971 806 1282 868 Βασιλείου,
1347 808 1603 874 ’1).αρίου,
1664 808 1822 860 Ἀθα-

229 895 449 956 νασίου,
495 896 853 965 Ἀμϐροσὶου,
889 899 985 948 καὶ
1036 897 1132 959 τὰς
1165 896 1259 948 δᾶο
1292 898 1584 966 Κυρίὶλου,
1618 899 1717 960 τὰς
1765 899 1824 950 ὲν

224 992 294 1058 τῇ
333 989 534 1059 πρώτῃ
565 991 622 1041 ὲν
662 989 876 1059 Ἐφέσῳ
915 990 1123 1059 συνόδῳ
1156 991 1696 1060 παρῤησιασθείσας,
1737 1007 1826 1042 πι-

228 1080 442 1145 στεύει,
500 1083 596 1133 καί
652 1098 716 1149 γε
771 1083 861 1133 τὸν
917 1082 1316 1134 εὐλαῦἐστατον
1370 1082 1673 1133 ἐπίσκοπον
1726 1084 1824 1148 τῆς

241 1171 543 1240 Ῥωμαίων
587 1173 924 1238 Ἐκκλησίσς
955 1174 1167 1227 Λέοντα
1199 1173 1292 1224 τὸν
1330 1172 1550 1242 Εὐτυχῆ
1585 1174 1677 1225 ἐπὶ
1704 1173 1827 1226 τού-

227 1281 345 1326 τοις
383 1264 663 1319 καθελεῖν.
703 1287 720 1318 ι
769 1267 874 1319 Καὶ
927 1267 1031 1334 τῆς
1073 1267 1335 1334 τοιαύτης
1365 1268 1422 1318 δὲ
1458 1267 1824 1328 συνελεύσεως

227 1358 408 1422 πέρας
451 1357 750 1426 λαϐούσης,
804 1360 971 1428 ἑτέρα
1006 1359 1173 1411 πάλιν
1211 1359 1443 1425 ἐγίνετο,
1501 1359 1679 1426 μόνων
1715 1359 1824 1410 τῶν

225 1449 561 1513 ἁγιωτάτων
589 1452 911 1504 ἐπισκόπων
941 1453 1456 1522 προκαθεσοέντων·
1489 1447 1570 1513 οῖς
1601 1453 1824 1517 ἐτέρους

223 1541 512 1604 ὶιϐἐλλους
555 1544 819 1606 Εὐσέίιος
848 1545 875 1594 ὁ
912 1546 1213 1615 Δορυλαὶου
1265 1545 1541 1596 ἐπέδωκεν
1592 1545 1732 1610 ὑπὲρ
1765 1561 1824 1595 τε

223 1638 432 1690 ἑαυτοῦ
472 1640 566 1691 καὶ
595 1640 927 1694 Φλσϐιανοῦ.
982 1641 1069 1692 Ἢν
1095 1637 1137 1708 ᾧ
1162 1642 1257 1692 καὶ
1301 1641 1511 1709 μέμψιν
1547 1639 1827 1708 Διοσκόρω

222 1730 466 1795 ἐπῆγεν,
511 1732 586 1793 ὼς
617 1732 815 1799 ἐπίσης
863 1733 1098 1801 Εὐτυχεῖ
1150 1734 1534 1800 θρησκεύοντν
1568 1731 1628 1783 οὗ
1667 1733 1827 1800 χάριν

231 1823 329 1871 καὶ
357 1823 460 1889 τὴν
513 1823 820 1892 ἱερωσύνην
871 1826 1071 1886 αὐτοὺς
1128 1825 1448 1894 ἀφεὶέσοαι.
1506 1823 1826 1893 Προσετίθει

1933 629 2258 684 Dioscorum
2287 629 2694 688 exauctoravit,
2744 629 2998 682 Christus
3032 638 3303 699 martyres
3335 631 3517 686 vindi-

1933 722 2129 775 cavit.)
2151 722 3044 792 6&1lliesenatumepisc0pum
3077 736 3356 791 quemque
3387 724 3511 778 fidei

1932 828 2045 867 eum
2106 814 2500 882 professionem
2539 813 2590 866 in
2641 814 2908 881 scriptum
2969 813 3176 868 referre
3221 817 3507 885 jussisse:

1933 906 2136 971 quibus
2184 907 2347 960 etiam
2390 906 2453 968 is,
2505 918 2563 960 ut
2606 907 2834 964 scirent.
2882 905 3164 964 indicarit.
3205 907 3298 960 Dei
3329 923 3518 960 antan-

1933 995 2207 1050 tissimum
2245 996 2654 1064 imperatorem,
2680 997 2832 1066 juxta
2866 995 3158 1050 formulam
3195 1013 3222 1049 a
3255 1001 3515 1052 trecentis

1935 1088 2124 1141 deCt'Ill
2158 1101 2214 1142 et
2257 1097 2402 1148 octo,
2441 1098 2496 1142 ct
2521 1105 2738 1142 rursum
2770 1105 2799 1142 a
2832 1099 3057 1143 centum
3109 1089 3513 1158 quinquaginta

1936 1180 2189 1235 Patribus
2209 1183 2449 1245 editum,
2483 1193 2533 1236 et
2573 1194 2724 1251 juxta
2761 1177 3024 1253 epistolas
3063 1193 3381 1237 sanctorum
3421 1184 3517 1238 Pa-

1937 1283 2081 1327 trum
2108 1274 2379 1343 Gregorii,
2405 1275 2610 1337 Basilii,
2642 1274 2856 1338 Hilarii,
2884 1274 3195 1340 Athanasii,
3219 1276 3515 1338 Ambrosii,

1933 1375 1985 1418 et
2007 1363 2146 1417 duas
2169 1366 2288 1418 illas
2308 1366 2520 1435 Cyrilli,
2552 1383 2672 1433 qu:e
2704 1367 2757 1420 in
2791 1367 2971 1435 priore
3002 1366 3275 1435 Ephes‘nzi
3307 1367 3519 1437 synodo

1935 1456 2224 1524 publicata:
2267 1468 2473 1517 essent.
2527 1460 2772 1522 credere,
2797 1466 2853 1511 ct
2904 1459 3376 1526 religiosissimum
3413 1458 3522 1512 llo-

1936 1567 2108 1603 inana:
2148 1549 2404 1603 Ecclesia:
2436 1551 2737 1604 antistitem
2771 1550 3007 1605 Leonem
3043 1552 3397 1621 Eutychetem
3425 1554 3519 1605 ah-

1939 1643 2176 1697 dicasse.
2213 1642 2502 1697 Conventu
2533 1659 2628 1696 seu
2655 1659 2950 1713 congressu
2995 1659 3061 1699 eo
3098 1646 3300 1706 soluto,
3346 1645 3514 1698 alium

1937 1753 2154 1790 rursum
2203 1738 2517 1790 institutum
2578 1753 2723 1801 esse,
2775 1738 2975 1798 inquo
3025 1738 3125 1791 soli
3187 1739 3514 1792 sanctissimi

1936 1828 2179 1896 episcopi
2205 1831 2573 1883 consederint.
2635 1830 2724 1883 Eis
2771 1831 3016 1884 libellum
3054 1832 3242 1897 alium,
3276 1832 3343 1884 de
3380 1846 3436 1884 se
3463 1841 3520 1884 et

230 1930 296 1976 γε
337 1914 473 1982 μὴν,
524 1915 599 1976 ὡς
629 1917 722 1967 καί
777 1933 898 1968 τινα
958 1918 1033 1987 μὴ
1080 1918 1385 1987 τηνικαῦτα
1417 1917 1687 1985 εἰρημένα
1721 1918 1831 1977 τοῖς
1866 1904 1903 1957 ι]

1866 1904 1906 1957 Β
1941 1921 2196 1974 Flaviano
2238 1923 2635 1990 conscriptum.
2688 1922 2985 1978 Eusebium
3041 1923 3266 1992 Doryltei
3302 1925 3518 1977 antisti-

231 2006 642 2075 ὑπομνήμασιν
698 2011 1035 2077 ένέσπειρε·
1091 2014 1184 2061 καὶ
1243 2010 1318 2071 ὡς
1371 2010 1607 2079 ἁγρά·,;ῳ
1655 2009 1834 2077 χάρτῃ

229 2100 591 2167 ὑπέγραψαν.
643 2104 766 2153 Kay.
821 2106 1008 2171 κοινῆς
1048 2104 1222 2155 ἐδεῖτο
1272 2103 1456 2169 ψήφου
1497 2103 1605 2153 τῶν
1656 2117 1834 2152 συνει-

227 2191 549 2259 λεγμένων,
587 2195 770 2262 ἄκυρα
805 2197 900 2247 καὶ
947 2195 1022 2257 ὡς
1056 2197 1192 2264 μηδὲ
1221 2197 1486 2262 γεγονότα
1517 2193 1831 2262 λογίζεσθαι

228 2282 302 2333 τὰ
329 2283 389 2334 ὲν
421 2286 490 2352 τῇ
525 2283 760 2354 δευτέρᾳ
786 2287 990 2355 συνόδῳ
1015 2289 1072 2339 ὲν
1106 2288 1318 2357 Ἐφέσῳ
1349 2287 1830 2356 διαπεπραγμένα’

229 2378 324 2425 καὶ
351 2375 456 2443 τὴν
494 2376 594 2444 μὲν
630 2379 936 2448 [aptos-Jqu
961 2381 1162 2442 αὐτοὺς
1195 2381 1364 2449 ἔχειν,
1398 2383 1458 2431 τὸ
1506 2380 1560 2431 δὲ
1604 2379 1833 2447 βεϐηλον

227 2468 422 2519 ἐκεῖνο
455 2470 640 2538 δόγμα
686 2473 1219 2541 άναΟεματισϐἦναι.
1253 2475 1407 2527 Μετὰ
1463 2475 1519 2526 δὲ
1560 2475 1660 2542 τὴν
1703 2475 1835 2526 ἀνά.-

230 2577 266 2628 γ
303 2579 444 2614 ωσιν
477 2564 634 2628 ἠξίου
670 2569 928 2635 παρεῖναι
961 2569 1052 2618 καὶ
1080 2567 1176 2620 τὸν
1200 2567 1490 2618 ἀντίδικον.
1515 2566 1620 2616 Καὶ
1653 2565 1839 2616 διαὶα-

227 2655 352 2716 ὶισῑς
386 2659 696 2724 γενομένης
727 2659 1169 2726 παραγειέ;οιι,
1215 2659 1421 2720 ’Λέτιος
1459 2659 1486 2709 ὀ
1530 2659 1639 2708 τῶν
1679 2675 1838 2708 vom.-

228 2747 369 2808 ρῖων
421 2747 800 2816 πριμικήριος
869 2748 1165 2818 παρελθὼν
1201 2745 1379 2810 εἶπεν,
1429 2750 1503 2810 ὡς
1549 2748 1701 2817 διέϐη
1740 2749 1836 2816 μὲν

233 2837 375 2904 πρὸς
409 2838 734 2908 Διόσκορον,
769 2837 958 2906 ὥσπερ
990 2841 1128 2910 δῆτα
1157 2844 1252 2893 καὶ
1288 2842 1422 2911 πρὸς
1450 2842 1576 2904 τοὺς
1611 2841 1798 2900 ἄλλους
1821 2881 1836 2903 ,

232 2930 337 2980 καὶ
366 2931 634 2999 εἰρήκασι
669 2933 744 3001 μὴ
780 2933 955 2986 ὲ).6εῖν
983 2932 1246 2986 δύνασθαι
1277 2933 1384 2986 ὑπδ
1414 2933 1520 2985 τῶν
1547 2934 1842 2998 φυλαττόν-

233 3039 376 3076 των·
428 3025 528 3077 καὶ
570 3025 863 3096 διελαλήῧη
916 3027 1220 3096 ζητηθῆναι
1271 3027 1360 3078 τὶν
1403 3028 1698 3095 Διόσκορον
1734 3026 1842 3095 πρὸ

236 3113 340 3165 τοῦ
387 3113 701 3182 συνεδρίου.
737 3115 1008 3167 Κάκείνου
1039 3116 1117 3184 μὴ
1153 3116 1492 3184 εὑρεθέντος.
1531 3115 1842 3178 ’Δνατόλιος

236 3206 264 3256 ό
301 3205 408 3272 τῆς
458 3207 588 3267 νέας
623 3204 844 3273 Ῥώμης
893 3208 1199 3268 ἐπίσκοπος
1243 3204 1362 3260 εἷπε
1386 3223 1399 3237 ·
1431 3207 1654 3259 Δεκαιόν
1691 3209 1840 3259 ἐστιν

233 3302 461 3351 ἐκεῖνον
492 3301 934 3365 παραγενέσθαι.
958 3300 1033 3353 Οὔ
1062 3301 1383 3368 γενομένου,
1417 3302 1465 3353 οἱ
1498 3301 1841 3371 πεμφθέντες

232 3391 647 3454 ἐπανελθόντες
682 3389 861 3457 εἷπον,
917 3394 993 3457 ὡς
1046 3395 1261 3464 εἴρηκε,
1309 3395 1661 3462 Φυλάσσομαι
1709 3394 1836 3460 ἐγώ.

234 3484 300 3535 Εἰ
343 3485 404 3536 δὲ
443 3487 928 3553 συγχωρήσουσιν,
977 3487 1122 3556 ἥκω,
1162 3491 1255 3538 καὶ
1285 3487 1504 3554 ἕτοιμός
1546 3489 1662 3552 ειμι
1707 3489 1842 3558 πρὸς

233 3579 344 3646 τὴν
377 3577 540 3630 θείαν
582 3582 1001 3646 παραγενέσῦαι
1059 3579 1303 3630 σύνοδον.
1368 3581 1732 3646 Προστὲθεικε
1784 3581 1841 3632 δὲ

236 3687 406 3722 τουτο
428 3671 692 3740 ’1μέριος”
723 3672 796 3732 ὼς
820 3673 883 3724 ἐκ
915 3673 1210 3742 Διοσκόρου
1235 3674 1575 3742 ἐρχομένων,
1609 3673 1842 3742 συναντᾷ

241 3764 458 3834 Βοηθὸς
492 3766 676 3827 αὐτοῖς
726 3766 822 3817 καὶ
867 3765 945 3833 τῷ
990 3765 1282 3836 μαγίστρῳ
1333 3766 1443 3818 τῶν
1482 3766 1642 3820 Θείων
1679 3767 1842 3832 όφφι-

238 3858 405 3908 κίων.
445 3857 559 3910 Καὶ
595 3857 696 3909 σὺν
731 3858 929 3927 ἐκείνῳ
967 3859 1018 3909 οἱ
1051 3859 1345 3911 ἐπίσκοποι
1378 3858 1513 3924 πρὸς
1551 3860 1844 3924 Διόσκορον

236 3945 402 4009 αὖθις
437 3943 628 4016 ἦλθον,
667 3947 767 4000 καὶ
798 3943 956 4000 εἷπον
991 3950 1050 4000 έν
1082 3951 1335 4017 σημείοις
1360 3949 1483 4000 τινὰ
1527 3950 1670 4017 ἔχειν
1700 3951 1844 4018 ἐρεῖν

241 4041 424 4109 αὐτῷ.
479 4037 700 4109 Ἦνπερ
747 4040 1249 4105 ἀναγνωσθέντων,
1290 4042 1444 4110 δηλοῖ
1489 4043 1662 4094 ταῦτα
1709 4047 1845 4111 πρὸς

242 4139 399 4203 ὶέξιν
430 4139 614 4189 εἰπεῖν
649 4138 736 4189 τὶν
769 4137 1088 4206 Διόσκορονο
1130 4155 1149 4188 ι
1193 4135 1528 4204 Συναγαγὼν
1585 4137 1841 4205 ἐμαυτὸν,

247 4238 347 4285 καὶ
389 4231 559 4298 γνοὺς
587 4232 648 4282 τὸ
685 4232 986 4298 συμφέρον,
1019 4230 1147 4282 τάδε
1190 4229 1582 4298 άποκρίνομαι”
1626 4229 1844 4299 Ἐπειδὴ

243 4327 305 4377 ὲν
349 4327 419 4391 τῇ
454 4321 567 4389 πρὸ
603 4321 814 4388 ταύτης
865 4321 1073 4389 συνόδῳ
1122 4319 1482 4386 καθεζόμενοι
1527 4321 1573 4371 οἱ
1611 4320 1845 4390 μεγαλα-

246 4417 636 4488 πριπέστατοι
666 4414 951 4483 ἄρχοντες,
1002 4412 1216 4481 ὥρισαν
1250 4412 1424 4465 πολλὰ
1461 4413 1604 4482 μετὰ
1643 4413 1845 4475 πολλὰς

250 4511 479 4575 ἑκάστῳ
513 4507 827 4568 διαλαλιάςο
864 4507 958 4558 νῦν
1007 4506 1066 4557 δὲ
1119 4506 1199 4566 εἰς
1251 4505 1512 4574 δευτέραν
1568 4505 1844 4574 καλοῦμαι

1941 2020 2046 2062 tem
2081 2011 2366 2075 obtulisse,
2403 2014 2454 2064 in
2504 2029 2613 2080 quo
2645 2013 2976 2065 Dioscorum‘
2998 2029 3064 2066 eo
3097 2014 3263 2066 etiam
3298 2017 3518 2066 nomine

1937 2106 2262 2158 criminatus
2292 2107 2382 2166 sit,
2416 2106 2558 2174 quod
2593 2107 2736 2158 idem
2768 2122 2892 2159 cum
2916 2105 3223 2176 Eutychete
3256 2110 3512 2172 s~~ntiret,

1939 2198 2095 2265 cujus
2124 2198 2196 2250 rei
2237 2198 2409 2264 gratia
2458 2207 2513 2251 et
2561 2198 2854 2250 Flavianus
2887 2207 2941 2251 et
2982 2200 3098 2267 ipse
3147 2203 3215 2252 ab
3245 2214 3313 2252 eo
3352 2214 3524 2253 exau-

1938 2291 2135 2344 ctorati
2169 2300 2371 2342 essent.
2421 2290 2714 2344 Addidisse
2755 2306 2974 2359 quoque
3026 2291 3294 2359 pleraque
3329 2291 3520 2353 verba.

1941 2395 2062 2448 qua:
2095 2389 2206 2432 tum
2253 2382 2397 2432 dicta
2455 2394 2559 2432 non
2591 2387 2799 2443 essent,
2831 2381 3249 2434 commentariis
3274 2388 3521 2432 actorum

1939 2488 2059 2526 esse
2082 2487 2323 2539 aspersa.
2350 2473 2414 2524 Et
2436 2472 2582 2539 quod
2615 2472 3052 2540 subscriptiones
3081 2471 3134 2524 in
3166 2472 3355 2524 charta
3388 2488 3523 2539 pura

1943 2560 2095 2614 facta:
2125 2571 2330 2614 essent.
2371 2561 2600 2614 Petiisse
2645 2562 2873 2628 insuper
2917 2571 2974 2613 ut
3004 2560 3283 2613 communi
3323 2573 3519 2612 eorum

1943 2654 2036 2721 qui
2070 2655 2148 2707 sic
2182 2653 2496 2721 congregati
2533 2662 2740 2712 essent,
2774 2653 3056 2721 suffragio,
3091 2667 3437 2722 quzecunque
3465 2653 3519 2704 in

1944 2746 2246 2812 posteriore
2272 2744 2550 2813 Ephesina
2579 2745 2789 2814 synodo
2814 2757 2933 2800 acta
2964 2756 3169 2812 essent,
3200 2748 3528 2800 auctoritate

1941 2838 2023 2890 eis
2057 2836 2205 2890 omni
2245 2836 2521 2906 adempta,
2552 2837 2778 2906 perinde
2821 2847 2986 2907 atque
3015 2847 3134 2891 acta
3173 2853 3281 2892 non
3315 2848 3525 2898 essent.

1944 2928 2320 2991 abolerentur,
2361 2929 2495 2995 ipsis
2534 2930 2893 2985 sacerdotalis
2921 2930 3160 3000 dignitas
3207 2932 3530 2984 restituere-

1947 3029 2057 3082 tur,
2087 3028 2144 3072 et
2174 3019 2402 3087 impium
2439 3020 2573 3074 illud
2607 3022 2804 3090 dogma
2858 3023 3212 3075 anathemate
3241 3023 3527 3091 jugulare-

1946 3118 2052 3164 tur.
2089 3109 2217 3165 Post
2248 3111 2417 3164 libelli
2469 3112 2764 3165 lectionem
2811 3113 3064 3166 eumdem
3103 3115 3428 3182 postulasse,
3466 3125 3529 3166 ut

1949 3205 2294 3258 adversarius
2314 3220 2534 3273 quoque
2569 3206 2806 3258 adesset.
2838 3205 2917 3258 lbi
2945 3221 3070 3258 cum
3101 3206 3525 3261 interlocutione

1951 3295 2157 3362 prolata
2196 3298 2410 3362 jnssum
2442 3307 2610 3360 esset,
2647 3308 2705 3350 ut
2738 3299 2976 3359 adesset,
3017 3297 3234 3350 Aetium
3269 3300 3527 3366 primice-

1948 3389 2089 3442 rium
2142 3391 2285 3444 inter
2351 3391 2595 3444 notarios
2639 3406 3022 3460 progreSsum,
3064 3391 3129 3444 ad
3178 3391 3526 3456 eosdixissc,

1945 3479 2239 3533 accessisse
2272 3497 2330 3533 se
2360 3481 2425 3532 ad
2467 3479 2812 3541 Dioscorum,
2865 3481 3029 3533 sicuti
3071 3482 3239 3534 etiam
3277 3481 3342 3533 ad
3395 3482 3528 3533 reli-

1946 3588 2106 3642 quos.
2142 3572 2264 3627 Illos
2315 3581 2496 3626 autem
2551 3573 2776 3635 dixisse,
2835 3572 3022 3625 venire
3057 3587 3115 3625 se
3151 3581 3376 3642 propter
3425 3571 3525 3625 ad-

1944 3665 2316 3718 versariorum
2363 3664 2590 3718 insidias
2633 3679 2742 3717 non
2784 3677 2966 3732 posse.
3003 3663 3080 3716 lbi
3144 3679 3334 3718 rursus
3381 3663 3528 3718 facta

1947 3757 2373 3812 interlocutione
2426 3757 2707 3810 decretum
2771 3766 2892 3819 est,
2950 3766 3008 3809 ut
3066 3756 3360 3811 Dioscorus
3402 3767 3528 3811 ante

1949 3849 2250 3904 concilium
2317 3858 2682 3917 quzereretur.
2749 3849 2828 3902 Eo
2889 3864 3020 3902 vero
3093 3864 3204 3902 non
3266 3849 3524 3912 invento,

1945 3941 2230 3996 Anatolius
2259 3955 2412 3994 nova:
2461 3941 2643 3994 [tenue
2679 3940 2973 4009 episcopus
3006 3939 3166 4004 dixit,
3212 3942 3530 4009 mquitatem

1945 4047 2001 4089 et
2059 4035 2350 4104 justitiam,
2407 4044 2466 4086 ut
2508 4034 2598 4087 ille
2651 4035 2888 4095 adesset,
2953 4032 3274 4100 efﬂagitare.
3340 4032 3528 4100 Itaque

1946 4127 2237 4196 quiesitum
2281 4142 2424 4189 esse,
2466 4135 2520 4178 et
2554 4127 2646 4194 qui
2679 4126 2744 4178 ad
2797 4141 2922 4179 eum
2963 4127 3113 4178 missi
3147 4135 3305 4178 erant
3347 4141 3530 4179 rever-

1947 4232 2055 4280 sos,
2084 4217 2186 4270 hoc
2224 4217 2304 4269 sic
2329 4230 2453 4270 eum
2489 4215 2694 4268 dixisse
2731 4215 3080 4269 renuntiasse
3107 4255 3121 4277 ,
3159 4214 3388 4268 insidias
3421 4214 3525 4267 sibi

1949 4309 2086 4361 fieri.
2118 4308 2212 4362 Sin
2244 4310 2294 4362 ei
2329 4317 2445 4361 tuto
2480 4309 2666 4362 venire
2704 4311 3149 4375 permitteretur,
3177 4317 3428 4377 paratum
3466 4323 3525 4360 se

1950 4413 2008 4456 ut
2045 4403 2098 4454 in
2137 4411 2380 4456 sanctam
2421 4400 2687 4470 synodum
2731 4403 2938 4453 veniret
2965 4440 2978 4462 ,
3020 4415 3162 4454 esse.
3219 4398 3522 4453 llimerium

1952 4493 2082 4546 illud
2132 4492 2430 4553 addidisse,
2483 4507 2608 4544 cum
2670 4506 2698 4543 a
2742 4490 3007 4543 Dioséoro
3037 4492 3269 4558 digressi
3316 4499 3528 4553 essent,

248 4601 481 4655 σύνοδον
514 4602 597 4658 εἰς
629 4599 729 4666 τὴν
766 4597 878 4649 τῶν
906 4596 1330 4666 προειρημένων
1361 4597 1670 4663 άνασκευὴν
1692 4635 1706 4656 ,
1739 4613 1845 4646 παι
1883 4593 1921 4646 D

1883 4593 1922 4646 D
1954 4584 2219 4637 Boethum
2244 4583 2326 4635 eis
2351 4592 2406 4635 et
2432 4582 2693 4650 magistro
2734 4582 3048 4635 divinorum
3086 4581 3392 4634 ciliciorum
3425 4583 3527 4635 ob-

249 4693 484 4763 ρακαλῶ
524 4693 658 4753 τοὺς
697 4689 896 4760 πρώην
937 4689 994 4742 ἑν
1025 4691 1091 4758 τῇ
1129 4687 1332 4754 συνόδῳ
1366 4687 1846 4755 παραγενομένους

247 4785 893 4857 μεγαλοπρεπεστάτους
928 4783 1223 4851 ἄρχοντας,
1256 4781 1352 4832 καὶ
1377 4778 1475 4848 τὴν
1522 4780 1675 4848 ἱεράν
1713 4778 1846 4845 σύγε

241 4878 457 4946 κλητον
482 4876 581 4927 καὶ
611 4872 708 4924 νῦν
740 4875 1028 4941 παρεῖναι,
1061 4869 1151 4922 ἵνα
1176 4868 1344 4920 πάλιν
1378 4868 1448 4918 τά
1475 4868 1616 4918 αὐτὰ
1641 4884 1853 4935 γυμνα-

244 4973 381 5041 σθῇ.
419 4989 438 5022 ι
504 4969 653 5038 Πρὸς
703 4965 798 5018 οὖν
832 4963 1009 5017 ταῦτα
1051 4964 1310 5016 ’Δκάκιον
1360 4964 1393 5032 ἡ
1446 4960 1644 5031 πρᾶξις
1701 4960 1853 5028 δηλοί

240 5068 440 5121 τοιάδε
467 5059 952 5131 ἀπολογήσασθαι·
985 5059 1098 5126 Οὐχ
1129 5056 1305 5118 οὕτως
1337 5056 1625 5108 ἐκέλευσεν
1663 5056 1694 5124 ἡ
1720 5053 1851 5119 ἁγία

243 5163 352 5215 καὶ
390 5159 612 5226 μεγάλη
654 5153 877 5214 σύνοδος
916 5151 1016 5219 τὴν
1047 5147 1323 5218 ὑμετέραν
1355 5146 1624 5214 ἁγιότητα
1665 5146 1856 5212 παρεῖ-

238 5271 367 5316 ναι,
424 5252 570 5304 ὥστε
605 5244 1097 5312 άνασκευασθῆναι
1141 5241 1211 5293 τὰ
1241 5241 1472 5292 ἐπὶτῶν
1513 5238 1854 5308 μεγαλοπρε-

243 5347 561 5400 πεστάτων
618 5343 905 5409 ἀρχόντων
952 5338 1048 5390 καὶ
1093 5335 1184 5389 ἐπὶ
1217 5337 1314 5404 τῆς
1360 5333 1512 5402 ἱερᾶς
1547 5332 1855 5399 συγκλήτου

241 5439 622 5510 πραχθέντεν
672 5433 790 5485 ἀλλ’
823 5433 968 5501 ἡμᾶς
993 5429 1316 5483 ἀπέστειλεν
1347 5427 1490 5480 ὥστε
1526 5425 1857 5479 καταλαϐεῖν

247 5553 323 5588 σε
375 5534 438 5584 τὸ
493 5528 806 5596 συνέδριον,
865 5525 962 5577 καὶ
1005 5521 1081 5592 μὴ
1120 5522 1524 5588 ἀπολειφθῆναι
1558 5517 1724 5573 αὑτοῦ
1762 5517 1858 5582 τὴν

247 5629 364 5696 σὴν
398 5624 687 5689 ὁσιότητα.
728 5619 873 5685 Πρὸς
908 5616 968 5668 δν
1003 5615 1226 5668 ἀντεῖπε
1267 5613 1579 5680 Διόσκορος,
1615 5610 1696 5661 ὅτι
1743 5609 1859 5660 Νῦν

240 5715 532 5787 εἰρήκατέ
573 5729 667 5783 μοι
703 5711 788 5763 ὅτι
829 5706 1116 5768 λιῦέλλους
1145 5703 1476 5757 ἐπιδέδωκεν
1510 5704 1537 5753 ό
1574 5699 1856 5754 Εὐσέϐιος.

245 5817 329 5871 Εἰ
356 5811 548 5864 τοίνυν
601 5805 786 5868 τοῦτο,
822 5803 992 5858 πάλιν
1037 5802 1231 5870 δέομαι
1283 5798 1352 5851 τὰ
1393 5796 1516 5849 κατ’
1547 5795 1649 5864 ἐμὲ
1676 5794 1858 5862 τυχεῖν

255 5907 576 5972 ἐξετάσεως
624 5901 720 5954 ἐπὶ
762 5898 871 5952 τῶν
911 5895 1190 5966 ἀρχόντων
1244 5893 1336 5947 καὶ
1383 5892 1479 5962 τῆς
1527 5889 1856 5960 συγκλήτου.

1959 4677 2098 4728 viam
2158 4675 2400 4735 venisse,
2437 4688 2560 4726 cum
2611 4689 2722 4742 quo
2788 4673 3033 4742 episcopi
3086 4673 3152 4725 ad
3209 4673 3531 4726 Dioscorum

1957 4770 2187 4835 reversi,
2211 4769 2409 4823 habere
2429 4783 2488 4822 se
2519 4767 2778 4831 dixerint,
2807 4765 2952 4836 quod
2976 4782 3100 4818 cum
3135 4781 3202 4819 eo
3229 4782 3294 4818 ex
3327 4766 3539 4834 scripto

1956 4872 2201 4932 agerent.
2237 4862 2392 4927 Quod
2441 4862 2531 4914 ubi
2586 4862 2790 4914 lectum
2837 4868 3004 4920 esset,
3044 4858 3365 4912 Dioscorum
3421 4858 3538 4912 haac

1956 4955 2123 5010 verba
2155 4955 2355 5008 dixisse
2391 4964 2640 5007 actorum
2690 4953 2833 5005 liber
2867 4950 3035 5003 refert
3069 4966 3082 5004 :
3133 4948 3296 5021 642
3338 4968 3355 4999 ι
3398 4947 3538 5000 Cum

1960 5047 2025 5100 de
2060 5061 2147 5100 me
2179 5047 2295 5115 ipso
2337 5045 2713 5105 deliberarim,
2763 5053 2819 5096 et
2859 5041 2913 5095 id
2946 5040 3091 5109 quod
3131 5039 3263 5093 utile
3292 5053 3538 5092 commo-

1958 5145 2202 5210 dumque
2247 5149 2332 5195 est
2398 5138 2836 5200 considerarim,
2892 5135 2996 5188 hoc
3049 5133 3129 5187 sic
3173 5131 3482 5200 respondeo
3518 5147 3534 5184 :

1958 5236 2414 5305 Quandoquidem
2473 5233 2526 5285 in
2585 5234 2833 5301 proximo
2879 5242 3142 5282 consessu
3181 5226 3540 5296 magniﬁcen-

1962 5319 2159 5384 tissimi
2214 5327 2489 5396 principes
2531 5326 2625 5392 qui
2676 5325 2728 5377 in
2792 5320 3028 5376 concilio
3083 5317 3303 5379 sedent,
3367 5317 3540 5369 multa

1964 5431 2082 5491 post
2128 5420 2328 5473 multas
2395 5419 2845 5472 interlocutiones
2890 5411 3235 5466 decrevere:
3284 5417 3338 5462 et
3394 5423 3541 5460 nunc

1960 5529 2059 5582 ego
2120 5515 2173 5564 ln
2223 5524 2541 5564 consessum
2591 5509 2796 5570 alium,
2854 5506 2918 5558 ad
2979 5519 3040 5557 ea
3080 5519 3200 5571 qua:
3235 5501 3379 5554 dicta
3411 5509 3540 5554 sunt

1967 5604 2280 5660 revocanda
2331 5614 2493 5671 atque
2524 5599 2794 5654 abolenda
2819 5612 3044 5659 evucor,
3092 5605 3217 5664 pcto
3245 5601 3302 5645 ut
3330 5593 3540 5662 magni-

1967 5695 2306 5752 licentissimi
2365 5693 2647 5763 principes
2687 5692 2783 5761 qui
2837 5689 3085 5760 proxime
3111 5686 3320 5756 synodo
3372 5686 3543 5738 inter-

1966 5791 2142 5853 fuere,
2172 5799 2228 5844 et
2262 5803 2419 5842 sacer
2447 5797 2672 5841 senatus
2697 5800 2843 5838 nunc
2875 5782 3041 5836 etiam
3076 5778 3356 5842 intersint,
3382 5786 3442 5831 ut
3470 5777 3539 5831 de

1967 5885 2162 5942 iisdem
2203 5881 2369 5937 rebus
2398 5880 2582 5936 denuo
2619 5879 2954 5948 inquiratur.
3010 5893 3027 5927 ι
3083 5872 3165 5928 Ad
3218 5885 3339 5942 quae
3374 5868 3537 5927 verba
