4236 6442
739 414 811 479 95
1963 414 2383 475 NICEPIIORI
2423 413 2763 474 CALLlSTl
3906 408 3972 472 96

739 537 861 585 acta
917 530 1175 585 Acacium
1229 531 1300 586 ita
1338 530 1688 602 respondisse
1726 540 2033 587 testantur:
2075 534 2193 587 Non
2231 533 2303 585 ita
2333 530 2412 590 Δ]

2333 534 2379 590 Λ
2408 529 2515 583 Καὶ
2535 530 2711 584 ἄλλων
2730 530 2792 599 δή
2822 546 2983 581 τινων
3009 532 3268 582 τοιούτων
3293 524 3588 593 κειμένων,
3618 519 3770 586 αὖθις
3795 522 3977 576 ἐστέλ-

742 630 929 673 sancta
960 630 1017 675 et
1046 637 1238 690 magna
1272 621 1511 691 synodus
1555 623 1899 677 sanctitatem
1931 632 2076 677 tuam
2112 624 2304 677 adesse

735 709 925 777 jussit,
955 722 1012 763 nt
1038 728 1102 765 ea
1138 712 1491 780 inducantur,
1528 730 1648 783 quae.
1679 715 1733 768 in
1770 717 2059 785 przesentia
2091 714 2308 780 magni-

747 804 1219 857 ficentissimortm:
1268 806 1576 875 principum
1635 816 1690 861 et
1732 808 1871 862 sacri
1909 818 2132 861 senatus
2184 817 2305 862 acta

745 904 889 947 sunt.
925 894 1029 949 Sed
1086 912 1184 950 nos
1222 897 1286 950 ad
1324 908 1372 951 te
1424 898 1589 959 misit,
1626 910 1683 953 ut
1723 901 1775 954 in
1816 915 2134 955 consessum
2188 903 2307 973 ejus

743 986 985 1046 venires.
1042 998 1095 1041 et
1139 989 1303 1041 abeo
1338 992 1601 1045 sanctitas
1634 1000 1721 1044 tua
1775 1007 1884 1045 non
1937 994 2151 1047 abesset
2227 996 2307 1047 Ad

746 1092 909 1144 quem
937 1078 1229 1134 Dioscorus
1265 1098 1277 1134 :
1316 1082 1493 1147 Modo,
1537 1083 1734 1151 inquit,
1775 1084 1905 1137 mihi
1934 1086 2169 1146 dixistis,
2204 1085 2310 1138 Eu-

745 1166 958 1219 sebium
1011 1170 1255 1224 libellum
1298 1184 1486 1228 contra
1535 1191 1621 1228 me
1653 1177 2122 1242 obtulisse.Quod
2170 1177 2215 1231 si
2254 1177 2306 1230 id

746 1257 947 1313 factum
978 1274 1081 1327 est,
1113 1264 1308 1317 iterum
1337 1275 1479 1331 peto,
1518 1277 1575 1319 nt
1604 1268 1671 1319 de
1700 1269 1865 1321 rebus
1894 1269 2029 1321 meis
2069 1269 2120 1321 in
2163 1271 2311 1331 prin-

746 1350 928 1418 cipum
957 1364 1011 1405 et
1042 1365 1265 1407 senatus
1288 1358 1574 1422 pnesentia
1609 1358 1920 1426 disquisitio
1956 1359 2063 1412 fiat.
2093 1358 2158 1414 Et
2187 1360 2310 1413 aliis

746 1442 1074 1508 quihusdam
1139 1445 1451 1512 hujusmodi
1509 1448 1690 1501 verbis
1745 1450 2121 1516 interpositis,
2175 1452 2311 1503 alios

748 1549 963 1587 rursum
1028 1538 1224 1590 missos
1276 1552 1419 1605 esse,
1480 1540 1575 1607 qui
1628 1539 1975 1601 Dioscorum,
2027 1551 2084 1593 ut
2148 1542 2312 1595 rebus

749 1624 973 1691 agendis
1027 1626 1286 1687 adesset,
1326 1639 1698 1684 accerserent.
1748 1631 1903 1695 Quod
1961 1632 2049 1685 ubi
2109 1632 2310 1684 factum

747 1726 919 1777 esset,
967 1732 1214 1770 reversos
1260 1719 1402 1784 illos,
1433 1720 1581 1774 hisce
1632 1738 1757 1775 eum
1791 1723 1974 1776 verbis
2008 1740 2162 1776 usum
2193 1738 2314 1776 esse

750 1807 1052 1861 retulisse:
1096 1806 1269 1863 Antea
1303 1827 1521 1881 quoque
1567 1814 1754 1882 pietati
1805 1825 2000 1869 vestrm
2052 1816 2311 1879 iudicavi,

751 1894 1065 1949 valetudine
1095 1899 1317 1953 adversa
1356 1916 1441 1954 me
1490 1913 1802 1970 correptum
1839 1920 1979 1966 esse,
2012 1914 2067 1959 et
2103 1915 2310 1974 petere,

750 1992 812 2037 ut
843 1986 1362 2054 magniﬁcentissimi
1396 1992 1667 2060 principes
1682 2003 1906 2047 etsacer
1923 2004 2145 2049 senatus
2168 2009 2313 2048 nunc

748 2092 969 2146 quoque
1001 2094 1181 2133 rerum
1236 2081 1575 2151 inquisitioni
1612 2091 1668 2137 et
1712 2086 1921 2153 judicio
1954 2086 2154 2139 adsint.
2176 2084 2314 2140 Cum

754 2181 884 2218 vero
933 2166 1191 2222 valetudo
1254 2186 1371 2225 mea
1425 2172 1740 2238 invainerit,
1800 2175 2028 2229 ditiundi
2077 2179 2148 2227 oh
2193 2191 2314 2229 eam

750 2270 971 2311 causam
1005 2260 1148 2314 diem
1179 2263 1415 2331 postulo.
1451 2263 1839 2321 Commentarii
1875 2276 2123 2321 actormn
2150 2281 2316 2335 porro

753 2346 1018 2413 indicant,
1052 2350 1379 2422 Cecropium
1417 2357 1680 2412 Dioscoro
1722 2359 1926 2412 dixisse
1961 2375 1977 2413 :
2005 2358 2154 2413 Nihil
2187 2374 2314 2413 eum

753 2448 916 2492 antea
950 2440 1017 2495 de
1046 2441 1357 2499 valetudine
1389 2445 1666 2514 allegasse.
1719 2445 1958 2500 Proinde
2009 2446 2184 2509 illum,
2218 2462 2317 2514 pro

750 2543 818 2582 eo
845 2539 1009 2599 atque
1042 2533 1288 2598 deberet,
1322 2537 1625 2591 canonibns
1672 2537 1990 2591 satisfacere
2038 2548 2317 2605 oportere.

751 2618 852 2674 Cui
882 2636 1098 2675 rursum
1164 2623 1457 2679 Dioscorus
1500 2626 1845 2695 res'ponderit
1883 2642 1898 2679 :
1936 2624 2112 2681 Semel
2146 2642 2204 2682 se
2237 2627 2320 2679 di-

752 2712 919 2774 xisse.
961 2715 1239 2783 principes
1266 2717 1456 2771 adesse
1489 2717 1711 2772 debere.
1744 2717 1870 2783 ,Sub
1905 2718 2022 2772 haec
2060 2718 2319 2782 Rufinum

753 2799 1170 2857 Sunosatenum
1220 2805 1537 2875 episcopum
1594 2808 1844 2862 retulisse
1880 2809 2183 2863 :canonice
2234 2825 2323 2880 sy-

754 2893 958 2946 nodum
983 2906 1145 2963 atque
1187 2912 1503 2951 consessum
1540 2899 1849 2953 institutum
1880 2916 2023 2962 esse.
2059 2901 2124 2954 ad
2161 2916 2322 2970 quem

755 2981 801 3033 si
833 2984 1065 3045 veniret.
1102 2984 1335 3039 liberum
1383 2988 1456 3050 ei,
1490 2998 1547 3041 ut
1577 3004 1698 3058 qua:
1728 2991 1890 3044 vellet
1919 2991 2147 3056 diceret,
2182 2991 2320 3045 fore.

757 3073 981 3128 Etcum
1019 3076 1332 3143 Dioscorus,
1369 3094 1439 3133 an
1486 3081 1655 3135 rebus
1683 3084 1909 3150 agendis
1953 3083 2118 3136 etiam
2161 3082 2325 3137 Jove-

2410 620 2563 673 λοντο
2588 621 2767 688 ἕτεροι
2804 620 2896 671 καὶ
2938 619 3357 688 μετεστέλλοντο
3403 618 3494 671 τὸν
3544 615 3832 684 Διόσκορον
3865 614 3977 674 τοῖς

2408 713 2810 781 πραττομένοις
2842 730 2915 763 πα
2926 714 3121 780 ρεῖναι.
3144 709 3220 763 Οὗ
3246 708 3564 778 γενομένου,
3596 704 3978 763 ἐπανελθόντες

2408 802 2460 853 oi
2483 800 2846 870 πεμφθέντες,
2869 801 2997 852 τάδε
3022 800 3198 851 είπεῑν
3225 801 3431 851 ἐκεῖνον
3477 797 3770 865 είρξκασιν
3794 809 3809 824 ο
3837 792 3976 858 Ἰίδη

2410 891 2623 959 φθάσας
2657 891 2937 960 δεδήλωκα
2967 892 3034 959 τῇ
3068 889 3314 958 ὑμετέρᾳ
3339 886 3622 954 θεοσεϐείᾳ
3651 885 3733 936 ὅτι
3761 882 3855 934 καὶ
3881 881 3979 949 ἆῤ-

2410 985 2617 1053 ρωστίᾳ
2647 983 2966 1051 συνέχομαι,
3000 984 3096 1034 καὶ
3123 980 3339 1045 ἐξαιτῶ,
3369 979 3510 1031 ὥστε
3539 977 3775 1036 καὶτοὺς
3812 990 3979 1042 μεγα-

2410 1076 2883 1142 λοπρεπεστάτους
2911 1076 3184 1142 ἄρχοντας
3215 1073 3308 1124 καὶ
3347 1073 3448 1127 τὴν
3482 1062 3977 1139 ίερᾶνσὺγκλητον

2411 1168 2508 1218 καὶ
2545 1165 2644 1217 νῦν
2674 1168 2933 1234 παρεῖναι
2969 1168 3034 1234 τῇ
3074 1164 3186 1216 τῶν
3214 1161 3731 1231 ὲξετασθησομένων
3775 1159 3977 1226 κρίσει.

2426 1258 2645 1327 Ἐπειδὴ
2680 1258 2736 1309 δέ
2770 1275 2858 1324 μοι
2889 1260 2955 1309 τὰ
2986 1259 3083 1325 τῆς
3114 1257 3428 1327 ἀρρωστίας
3469 1253 3735 1319 ἐπετάθη,
3788 1249 3980 1302 τούτου

2414 1350 2576 1419 χάριν
2613 1349 2712 1418 τὴν
2761 1347 3058 1414 ὑπέρθεσιν
3128 1345 3461 1412 πεποίημαι.
3519 1344 3753 1410 Δηλοὺσι
3800 1341 3856 1392 δὲ
3913 1339 3984 1390 τὰ

2415 1442 2786 1509 ὑπομνήματα
2827 1439 3136 1505 Κεκροπιον
3163 1437 3337 1488 εἰπεῖν
3368 1438 3505 1506 πρὶς
3535 1436 3843 1499 Διόσκορον,
3874 1446 3984 1499 μη-

2414 1533 2501 1585 δὲν
2548 1533 2724 1585 εἰπεῖν
2773 1531 3041 1599 πρότερον
3078 1531 3209 1599 περὶ
3262 1528 3570 1587 ἀσθενείας,
3622 1527 3714 1578 καὶ
3758 1522 3985 1590 ὀφειλὴν

2417 1625 2565 1692 ἔχειν
2590 1624 2651 1676 τὸ
2682 1622 2972 1690 ἐφειμένον
3002 1623 3114 1682 τοῖς
3138 1621 3325 1672 κανόσι
3347 1621 3538 1671 ποιεῖν.
3565 1620 3602 1668 ll
3615 1618 3704 1686 ρδς
3730 1616 3787 1666 ὃν
3810 1615 3986 1665 είπεῖν

2419 1714 2581 1777 αὖθις
2640 1715 2952 1782 Διόσκορον·
2985 1709 3171 1775 Ἀπαξ
3222 1706 3380 1762 εἶπον
3431 1708 3671 1776 ὀφείλειν
3730 1708 3985 1774 παρεῖναι

2416 1808 2543 1866 τοὺς
2574 1804 2865 1875 ἄρχοντας.
2918 1805 3201 1871 Ῥουφῖνον
3254 1802 3311 1854 δὲ
3354 1801 3466 1854 τῶν
3502 1800 3830 1865 Σαμοσάτων
3860 1797 3989 1848 ἐπίο

2420 1914 2624 1948 σκοπον
2656 1895 3145 1963 ἀντιφθέγξασθαι,
3179 1894 3473 1962 κανονικὴν
3505 1890 3646 1944 εἶναι
3680 1890 3789 1941 τῶν
3840 1905 3990 1939 κεκι-

2417 2006 2482 2054 νη
2494 1990 2669 2055 μένων
2705 1988 2805 2057 τὴν
2838 1988 3075 2039 σύνοδον·
3101 1988 3193 2038 καὶ
3220 1987 3273 2039 ετ
3298 2004 3361 2053 γε
3394 1986 3780 2053 παραγένοιτο,
3807 1983 3843 2036 ἃ
3866 1980 3991 2051 βού-

2417 2081 2573 2132 λεται
2629 2079 2945 2143 διεξελθεῖν,
3005 2078 3301 2146 ἐλευθέρως
3362 2080 3527 2145 ἔχειν.
3574 2075 3868 2143 Ἐρομένου
3931 2070 3989 2122 δὲ

2417 2172 2715 2238 Διοσκόρου
2744 2170 2794 2220 εί
2839 2169 3074 2236 πάρεστι
3106 2168 3217 2229 τοῖς
3252 2166 3556 2234 δρωμένοις
3584 2164 3680 2215 καὶ
3724 2160 3992 2213 ’ῐυυϐενὰ-

2419 2260 2533 2319 λιος
2582 2258 2677 2310 καὶ
2706 2258 3009 2317 θαλάσσιος
3067 2256 3161 2306 καὶ
3211 2254 3531 2314 Εὑστάθιος,
3586 2247 3992 2318 ἀποκρίνασθαι

2420 2352 2592 2421 μηδὲν
2620 2345 2763 2401 εἶναι
2795 2348 2929 2417 πρὸς
2959 2348 3116 2412 λόγον
3138 2346 3404 2407 ἐκείνους.
3441 2344 3583 2414 Πρὸς
3608 2342 3645 2398 ἃ
3676 2343 3990 2409 Διόσκορον,

2434 2442 2501 2495 Ἡ
2539 2442 2761 2510 πρᾶξις,
2800 2442 2987 2506 φάναι,
3038 2438 3213 2506 δηλοῖ,
3265 2435 3657 2506 παρακαλέσαι
3708 2433 3802 2487 τὸν
3844 2432 3995 2499 φιλό-

2420 2549 2641 2602 χριστον
2673 2531 2922 2600 βασιλέα,
2955 2528 3092 2581 ὥστε
3128 2530 3221 2580 καὶ
3250 2529 3377 2589 τοὺς
3406 2527 3673 2596 ἄρχοντας
3708 2524 3989 2592 παρεῖναι,

2424 2623 2516 2674 καὶ
2544 2622 2669 2681 τοὺς
2729 2618 2829 2671 σὺν
2878 2618 3029 2686 αὑτῷ
3086 2612 3390 2685 τηνικαῦτα
3444 2615 3794 2674 δικάσαντας.
3830 2612 3995 2664 Ἰδιον

2421 2716 2531 2782 γάρ
2566 2731 2622 2766 τι
2677 2712 2913 2781 πρᾶγμα
2945 2711 3021 2778 μὴ
3065 2712 3211 2779 ἔχειν
3243 2708 3380 2779 πρὸς
3426 2708 3519 2760 τὸν
3569 2705 3850 2764 Εὑσέὸιον,
3879 2702 3996 2755 ἀλλ’

2424 2806 2456 2872 ἢ
2497 2804 2606 2873 ἄρα
2643 2805 2776 2871 περὶ
2807 2799 2883 2853 ὧν
2934 2801 3030 2863 καὶ
3058 2800 3209 2851 ἄλλοι
3246 2796 3714 2865 κατεψηιρίσαντο.
3761 2793 3996 2844 ιίλεῖστα

2423 2896 2467 2949 δ’
2500 2894 2899 2964 ἐπιμεινάντων
2927 2893 3033 2944 τῶν
3058 2888 3417 2960 πεμφθέντων
3440 2888 3631 2939 τούτου
3656 2886 3839 2954 χάριν,
3864 2885 4003 2935 ἀπέ-

2426 3003 2601 3057 φησεν
2627 2987 2656 3038 ὁ
2679 2985 2967 3053 Διόσκορος
2998 2984 3191 3034 εἰπών’
3234 2979 3419 3043 ’Δπαξ
3447 2976 3602 3032 εἷπον
3642 2979 3779 3044 ὅπερ
3817 2971 3998 3038 εἷπον,

2428 3080 2524 3132 καὶ
2558 3077 2873 3145 περαιτέρω
2924 3076 3102 3141 λέίειν
3162 3074 3261 3125 οὑκ
3312 3073 3440 3142 ἔχω.
3495 3069 3753 3123 Εὑσέὅιον
3786 3068 3836 3119 δὲ
3860 3067 4000 3134 πρὸς

759 3168 899 3221 nalis
943 3180 997 3222 et
1036 3170 1351 3225 Thalassius
1383 3182 1437 3226 et
1472 3173 1793 3229 Eustathius
1834 3175 2190 3236 interessent,
2237 3191 2323 3229 ιο-
2351 3200 2397 3263 C
2431 3195 2432 3201 η

2351 3200 2397 3263 C
2431 3170 2601 3223 ταῦτα
2647 3172 2835 3237 φάναι,
2872 3167 3007 3236 πρὸς
3046 3167 3203 3233 μόνον
3235 3166 3325 3217 τὸν
3373 3164 3662 3231 Διόσκορον
3697 3163 3794 3226 τὴν
3840 3159 4002 3223 δίκην

762 3271 949 3324 γαπ-εις
986 3262 1123 3315 nihil
1156 3263 1273 3317 illos
1296 3264 1363 3316 ad
1392 3280 1504 3317 rem
1532 3267 1581 3318 id
1624 3267 1923 3335 pertinere,
1951 3267 2324 3336 respondisse.

761 3348 979 3418 Adqua:
1012 3353 1171 3405 verba
1203 3354 1519 3408 Dioscorum
1543 3367 1661 3410 acta
1694 3359 2047 3412 subintnlisse
2070 3359 2324 3412 tradunt:

766 3441 1155 3510 Imperatorem
1179 3445 1379 3499 Christi
1413 3449 1848 3503 amantissimum
1888 3467 1946 3505 se
1974 3453 2236 3515 oravisse,
2269 3461 2329 3504 ut

764 3535 1037 3603 principes
1062 3538 1185 3601 viri,
1220 3549 1273 3593 et
1299 3541 1539 3608 quicum
1574 3542 1919 3612 ipsojudicio
1957 3544 2324 3608 contendunt,

761 3631 964 3685 adsint.
998 3631 1136 3684 Tum
1183 3650 1315 3688 vero
1356 3652 1452 3690 eos
1496 3639 1590 3707 qui
1636 3641 1788 3693 missi
1830 3641 1898 3695 ad
1936 3657 2059 3694 cum
2114 3641 2331 3695 fuerant

763 3720 966 3775 dixisse
995 3738 1006 3773 :
1041 3723 1332 3779 Eusebium
1378 3729 1551 3782 solum
1580 3746 1703 3784 eum
1736 3748 2016 3797 accusare,
2048 3742 2105 3787 et
2137 3748 2331 3787 omnes

765 3808 957 3864 adesse
1008 3811 1232 3867 debere.
1270 3817 1446 3884 Atque
1482 3817 1555 3871 ibi
1588 3820 1932 3888 Dioscorum,
1969 3838 2065 3876 eos
2112 3839 2333 3893 quoque

766 3913 965 3966 pra-sto
1001 3916 1257 3971 eporterc
1295 3922 1438 3968 esse,
1491 3909 1715 3974 dixisse,
1747 3914 1837 3981 qui
1874 3929 1979 3967 una
2030 3929 2213 3969 secum
2244 3917 2333 3985 ju-

770 3989 910 4044 dicis
930 4009 1105 4045 mune;
1122 4010 1152 4047 e
1177 3995 1345 4049 functi
1378 4011 1578 4055 essent.
1594 4000 1753 4072 653
1772 4002 1917 4057 Nihil
1939 4006 2109 4067 enim,
2131 4007 2330 4076 inquit,

773 4085 907 4136 mihi
938 4086 1130 4151 privati
1167 4090 1369 4157 negotii
1404 4100 1496 4144 aut
1524 4093 1774 4147 criminis
1812 4109 1935 4148 cum
1961 4096 2200 4151 Eusebio
2225 4110 2332 4163 est,

771 4173 917 4240 quod
971 4191 1077 4227 nou
1117 4192 1240 4229 cum
1290 4180 1413 4234 aliis
1447 4181 1540 4249 qui
1589 4196 1803 4236 mecum
1858 4186 2336 4243 condemnatiouis

768 4268 1094 4320 sententiam
1157 4270 1437 4335 tulerunt,
1499 4287 1789 4331 commune
1830 4278 1918 4331 sit.
1963 4279 2030 4333 Et
2059 4294 2183 4333 cum
2218 4282 2338 4350 ejus

773 4361 853 4414 rei
914 4364 1084 4429 gratia
1141 4362 1350 4417 diutius
1403 4366 1725 4420 internuntii
1778 4370 1920 4436 apud
1959 4385 2083 4424 eum
2140 4375 2335 4426 morati

770 4462 976 4519 essent,
1013 4452 1329 4508 Dioscorum
1359 4457 1575 4511 tandem
1604 4459 1756 4514 hisce
1791 4463 1973 4516 verbis
1998 4463 2079 4516 eis
2111 4480 2340 4529 respou-

2430 3266 2596 3334 ἔχειν,
2645 3262 2741 3315 καὶ
2790 3261 2927 3332 πρὸς
2985 3260 3193 3327 μηδένα
3227 3258 3438 3325 ἕτερον·
3468 3258 3563 3308 καὶ
3612 3254 3766 3323 ἠξίου
3813 3251 3909 3303 καὶ
3938 3252 4007 3302 ἐκ

2429 3359 2613 3427 τρίτου
2639 3354 2914 3423 κληθῆναι
2941 3354 3257 3419 Διόσκορον.
3308 3351 3418 3403 Καὶ
3467 3346 3755 3400 ὑπολαϐὼν
3795 3345 4007 3403 ’Λέτιος

2432 3454 2606 3516 ελεγε,
2665 3448 2818 3509 τινας
2872 3448 2933 3498 οὐ
2989 3448 3130 3497 πάνυ
3193 3445 3381 3514 πόρρω
3429 3441 3721 3508 κληρικοὺς
3774 3436 4007 3495 ἑαυτοὺς

2433 3539 2573 3595 εἶναι
2604 3541 2865 3607 λέγοντας
2900 3539 3041 3606 μετὰ
3071 3537 3164 3587 καὶ
3197 3534 3371 3588 ἄλλων
3399 3532 3602 3582 λαϊκιὺν
3634 3533 3731 3596 τῆς
3753 3526 4010 3589 Ἀλεξαν-

2431 3635 2581 3702 δρου,
2619 3631 2898 3690 λιὸἐλλους
2933 3627 3215 3679 ἐπιδοῦναι
3254 3624 3395 3677 κατὰ.
3439 3624 3749 3689 Διοσκοροψ
3804 3618 3900 3669 νῦν
3948 3615 4010 3669 δὲ

2434 3728 2539 3796 πρὸ
2574 3725 2670 3777 τοῦ
2723 3723 3003 3793 συνεδρίου
3044 3720 3289 3780 ἑστῶτας
3326 3718 3583 3786 ἀναϐοᾷν.
3630 3717 3734 3765 Καὶ
3788 3712 4009 3779 πρῶτος

2434 3819 2711 3887 Θεόδωρος
2739 3816 2987 3877 διάκονος
3021 3814 3119 3880 τῆς
3167 3815 3224 3864 ὲν
3256 3808 3641 3877 ’Δλεξανδρεία
3674 3806 4011 3873 Ἐκκλησίας

2434 3914 2746 3981 γενόμενος,
2790 3910 3034 3963 λίϐελλον
3065 3908 3412 3961 ἐπιδέδωκεν
3451 3901 3573 3958 εἶτα
3615 3905 3711 3956 καὶ
3755 3903 4012 3963 διάκονος

2435 4008 2622 4074 ἕτερος
2646 4003 2933 4073 Ἰσχυρίων
2949 4002 3144 4069 ὄνομα,
3174 3999 3270 4051 καὶ
3293 3998 3612 4059 Ἀθανάσιος
3636 3994 4013 4064 πρεσϐύτερος

2436 4100 2755 4171 ἀδελφιδοῦς
2784 4098 3077 4168 Κυρίλλου,
3103 4097 3242 4165 πρὸς
3273 4093 3613 4155 ὲπὶ,τούτοις
3661 4090 3717 4143 δὲ
3757 4092 3851 4142 καὶ
3897 4090 4015 4141 Σωο

2439 4196 2677 4266 φρόνιος·
2707 4192 2773 4244 δι’
2807 4187 2884 4245 ὧν
2917 4190 3241 4259 βλάσφημον
3266 4204 3327 4239 τε
3351 4188 3555 4238 ἐκεῖνον
3583 4184 3878 4246 ἐδείκνυον,
3917 4182 4017 4233 καὶ

2439 4286 2698 4354 χρήματα
2744 4282 2837 4352 βίᾳ
2890 4281 3249 4348 ἀφελόμενον
3282 4278 3380 4330 καὶ
3406 4276 3537 4343 περί
3571 4293 3734 4328 τινων
3766 4290 4019 4341 σωματι-

2441 4374 2885 4445 κὼνδιεξῄεσαν.
2917 4371 3022 4425 Καὶ
3069 4371 3161 4423 ἐπὶ
3201 4370 3414 4431 τούτοις
3461 4369 3557 4422 καὶ
3606 4368 3765 4436 τρίτη
3815 4366 4014 4436 κλῆσις

2441 4467 2719 4535 Διοτκόρῳ
2748 4465 2960 4533 ἐγίνετο
2984 4464 3126 4516 ὥστε
3167 4464 3447 4533 παρεῖναι.
3482 4460 3591 4513 Καὶ
3625 4459 4015 4520 ἐπανελθόντες

774 4544 922 4597 disse
959 4562 973 4598 :
1026 4544 1203 4600 Semel
1249 4549 1402 4602 vobis
1449 4566 1568 4618 qua:
1600 4550 1829 4605 dicenda
1878 4565 2036 4608 erant
2090 4556 2224 4619 dixi,
2282 4567 2337 4611 et
2371 4543 2447 4607 υς

2371 4543 2413 4596 D
2441 4560 2491 4611 οί
2516 4560 2608 4611 τὸν
2628 4558 2788 4624 λόγον
2811 4555 3240 4624 διασωσάμενοι,
3289 4554 3547 4620 εἰρήκασι
3594 4551 3761 4619 φάναι
3791 4551 4018 4603 Διόσκο-

774 4636 922 4703 quod
974 4637 1210 4705 amplius
1240 4637 1415 4693 dicam
1459 4656 1567 4692 non
1602 4640 1797 4695 habeo.
1834 4642 1963 4707 Qua:
2007 4645 2097 4697 ubi
2126 4645 2190 4698 ad
2223 4646 2341 4712 epi-

775 4743 974 4796 scopos
1032 4729 1261 4783 fuissent
1313 4732 1506 4793 relata,
1538 4731 1857 4795 Eusebium,
1891 4751 2013 4787 cum
2043 4751 2155 4788 uno
2215 4736 2340 4789 Dio-

775 4836 957 4883 scoro,
1001 4836 1176 4889 neque
1206 4837 1331 4875 cum
1364 4824 1470 4876 alio
1487 4828 1741 4893 quopiam
1772 4826 2039 4895 judicium
2069 4829 2173 4880 Sibi
2197 4842 2338 4891 esse,

780 4913 982 4967 dixisse
1009 4931 1027 4969 :
1053 4914 1479 4985 Dioscorumque
1525 4918 1685 4972 tertio
1714 4921 1879 4972 etiam
1908 4918 2066 4972 citari
2099 4920 2343 4987 postula-

779 5004 945 5060 visse.
1006 5005 1081 5058 lbi
1138 5016 1250 5059 tum
1309 5009 1523 5061 Aetium
1591 5010 1946 5079 signiﬁcasse,
2004 5010 2167 5078 paulo
2219 5022 2344 5063 ante

780 5096 1068 5164 quosdam,
1091 5097 1183 5165 qui
1219 5111 1277 5150 se
1303 5097 1531 5152 clericos
1563 5114 1685 5153 esse
1726 5099 2009 5163 dixiss-.-nt,
2031 5110 2088 5152 et
2114 5100 2251 5152 alios
2279 5098 2346 5153 ab

780 5188 1106 5243 Alexandria
1157 5190 1323 5246 laicos
1373 5199 1426 5245 et
1475 5197 1765 5260 pepniares
1799 5193 2072 5257 homines,
2126 5192 2341 5245 libellos

779 5280 888 5333 sibi
914 5282 1177 5336 adversus
1198 5283 1516 5336 Dioscorum
1542 5284 1827 5346 obtulisse,
1845 5299 2049 5352 eosque
2083 5298 2181 5351 pro
2211 5298 2345 5337 con-

786 5390 972 5429 sessus
1005 5376 1215 5428 foribus
1253 5376 1617 5431 vociferantes
1662 5385 1863 5429 astare.
1913 5375 2135 5430 Dedisse
2166 5391 2350 5429 autem

788 5466 1031 5520 libellum
1062 5467 1298 5534 primum
1320 5468 1669 5521 Theodorum
1691 5467 2071 5521 Alexandrinae
2100 5466 2354 5520 Ecclesia:

788 5557 1121 5620 diaconum,
1177 5557 1377 5612 deinde
1435 5557 1723 5611 diaconum
1785 5557 2016 5611 alterum
2080 5556 2353 5627 lscbyrio-

786 5660 912 5699 nem
946 5646 1022 5715 (1)
1068 5648 1310 5711 nomine,
1358 5657 1414 5702 et
1452 5646 1808 5701 Athanasium
1844 5645 2220 5716 presbyterum
2254 5642 2357 5714 Cy-

860 5829 937 5896 (i)
974 5825 1095 5879 Sive
1124 5826 1413 5895 lscbyraoi.

2444 4668 2558 4721 ρον,
2590 4651 2881 4719 αὐτάρκως
2917 4646 3112 4715 πρώην
3139 4644 3605 4713 ἀπολογήσασθαι,
3653 4644 3747 4694 καὶ
3777 4641 3871 4693 νῦν
3903 4658 4021 4710 μη-

2441 4742 2529 4795 δὲν
2559 4744 2703 4809 ἒχειν
2737 4741 2902 4792 πλέον
2933 4741 3101 4809 ἐρεῖν.
3127 4736 3248 4789 Τῶν
3276 4736 3320 4789 δ’
3346 4734 3773 4804 ἀπεσταλμένων
3805 4735 4023 4787 ἐπικει-

2447 4829 2646 4898 μένων,
2684 4826 2938 4880 κάκείνου
2968 4827 3035 4877 τὰ
3077 4824 3168 4876 ἴσα
3195 4824 3465 4890 λέγοντος,
3497 4822 3841 4884 Πασκασίνος
3890 4821 4019 4873 ἐπία-

2446 4937 2649 4982 σκοπος
2681 4917 2825 4972 εἷπε·
2860 4918 2972 4972 Καὶ
3000 4920 3053 4980 ἐς
3084 4917 3269 4984 τρίτον
3294 4912 3393 4985 ἤδη
3425 4913 3644 4982 κληθεὶς
3671 4914 3700 4965 ό
3723 4914 4024 4982 Διόσκορος

2444 5011 2697 5080 οὐδαμῶς
2716 5014 3070 5078 παρεγένετο,
3094 5010 3157 5075 τῇ
3184 5006 3489 5075 συνειδήσει
3512 5007 3641 5068 ἰσως
3663 5004 4021 5073 βαλλόμενος.

2450 5102 2561 5153 Καὶ
2588 5100 2700 5153 τῶν
2731 5098 3049 5152 ἐπισκόπων
3079 5096 3499 5159 ἀνεπυνθάνετο,
3543 5096 3682 5157 τίνος
3714 5095 3864 5162 ἄξιος
3910 5096 4023 5163 είη.

2463 5189 2725 5244 Ἐκείνων
2776 5190 2835 5242 δὲ
2885 5191 3001 5252 τοῖς
3048 5188 3271 5241 κανόσιν
3334 5187 3632 5239 ὑποπεσεῖν
3679 5187 4025 5254 εἰρηκότων,

2455 5287 2494 5337 ιι
2508 5284 2751 5353 ροτέριος
2785 5282 3087 5342 ἐπίσκοπος
3117 5278 3372 5349 Σμύρνῃ
3398 5274 3574 5331 εἶπεν·
3603 5278 3732 5331 Ὀτε
3755 5279 4027 5349 ὲφονεύθη

2451 5376 2772 5439 Φλαόιανδς,
2807 5374 2961 5426 οὐδέν
2992 5390 3044 5425 τι
3068 5371 3364 5425 ἀκόλουθον
3395 5370 3482 5424 ἐπ’
3512 5371 3662 5440 αὑτῷ
3690 5369 4026 5438 διεπράχθη.

2455 5470 2519 5520 Οἱ
2544 5467 2634 5519 τὸν
2661 5467 2822 5518 τόπον
2839 5465 3129 5533 ἐπέχοντες
3152 5463 3383 5525 Λέοντος
3406 5462 3498 5513 τοῦ
3520 5461 3617 5530 τῆς
3638 5461 4029 5530 πρεσϐυτέρας

2467 5554 2684 5624 Ῥώμης
2721 5553 3027 5605 ἐπισκόπου
3068 5550 3224 5604 ταῦτ’
3273 5551 3362 5601 ἐπὶ
3417 5548 3615 5613 λέξεως
3652 5552 4027 5618 ἀπεφήναντο·

2465 5647 2658 5713 (Δῆλα
2714 5644 3007 5714 γεγένηται
3055 5644 3123 5697 τα
3173 5643 3553 5713 τετολμημένα
3609 5642 3887 5713 Διοσκόρω
3949 5640 4032 5713 τῷ
