4236 6442
726 362 841 456 99⁸
1961 373 2384 441 NICEI’IlOItI
2420 355 2759 434 CALLIS’I‘I
3880 363 3986 429 too

718 506 918 562 contra
952 502 1106 571 leges
1136 506 1193 554 et
1218 496 1646 553 constitutiones
1716 494 1981 562 suscepit,
2047 492 2376 547 sententiam
2420 487 2536 557 ipse
2579 486 2848 541 adversus
2887 483 3134 555 seipsum
3181 479 3579 537 ecclesiasticis
3618 479 3997 536 sanctionibus

719 597 894 652 variis
947 594 1127 649 modis
1175 592 1517 662 proculcatis
1556 590 1702 643 tulit.
1761 589 1994 643 Proinde
2027 587 2411 641 sanctissimus
2463 592 2521 637 et
2569 582 2925 637 beatissimus
2977 578 3428 647 archiepiscopus
3488 578 3695 648 magna
3715 585 3773 632 et
3795 576 3999 631 veteris

723 693 916 747 Romae
945 690 1077 751 Leo,
1113 704 1213 757 per
1252 703 1350 741 nos
1386 696 1440 741 et
1482 686 1749 755 synodum
1789 694 2137 753 praaseutem,
2186 698 2295 736 una
2336 696 2460 735 eum
2490 690 2573 735 ter
2621 680 2785 734 beato
2814 686 2876 732 et
2942 676 3304 732 celeberrimo
3351 674 3514 728 Petro
3575 673 3850 757 apostolo,
3899 668 3995 741 qui

729 784 817 839 est
852 792 1007 853 petra
1041 754 1274 835 etbasis
1326 754 1583 833 Ecclesia:
1638 776 1944 839 catholicae,
1990 774 2519 841 fundamentumque
2573 772 2894 826 orthode
2954 780 3011 824 et
3078 778 3241 823 recte
3287 767 3435 832 fidei,
3490 765 3655 838 655
3705 754 3995 837 episcopa-

727 880 833 932 lem
851 877 902 931 ei
930 872 1214 944 abrogavit
1243 872 1672 941 dignitatem,et
1702 870 1770 923 ab
1830 871 1982 923 omni
2055 864 2385 923 sacerdotali
2429 864 2736 920 ministerio
2776 864 3016 919 alienum
3080 878 3205 919 esse
3258 862 3527 917 decrevit.
3564 861 3752 930 Itaque
3805 872 3994 914 sancta

731 975 846 1027 Iuee
874 979 931 1025 et
964 984 1154 1037 magna
1186 966 1449 1037 synodus.
1474 969 1545 1019 de
1586 979 1654 1019 eo
1683 964 1776 1033 qui
1819 964 1999 1018 dictus
2038 972 2124 1018 est
2174 961 2460 1026 Dioscoro,
2510 961 2665 1031 juxta
2738 959 3068 1015 sententiam
3126 972 3425 1021 canonum,
3493 954 3723 1011 calculis
3787 953 4011 1010 satira--

727 1066 940 1135 giisque
974 1065 1109 1126 suis,
1144 1064 1289 1134 quod
1322 1066 1371 1118 ei
1406 1064 1706 1128 videbitur,
1736 1071 1964 1117 statuet.
2006 1082 2024 1115 ι

806 1157 930 1212 llaec
986 1158 1213 1221 omnia,
1271 1173 1395 1210 cum
1445 1157 1770 1211 auctoritate
1825 1171 1923 1208 sua
1976 1155 2303 1215 Anatolius,

2486 1142 2708 1208 Τούτων
2733 1153 2790 1206 δὲ
2817 1152 3035 1204 πάντων
3056 1150 3224 1218 κῦρος
3245 1148 3549 1217 εἰληφότων
3576 1145 3729 1213 παρὰ
3759 1162 3818 1198 τε
3842 1144 3997 1197 Ἀνο-

730 1251 1017 1312 Maximus,
1048 1259 1103 1304 et
1146 1252 1328 1304 caeteri
1372 1250 1639 1318 episcOpi.
1704 1258 1905 1318 praeter
1938 1262 2035 1302 eos
2067 1248 2160 1316 qui
2204 1264 2310 1302 una

732 1357 855 1396 cum
895 1343 1151 1404 llioscoro
1199 1342 1539 1395 exauctorati
1594 1341 1833 1404 fuerant,
1870 1340 2310 1401 conﬁrmassent,

731 1432 1050 1485 relationem
1094 1431 1163 1485 de
1216 1432 1474 1485 omnibus
1516 1433 1682 1487 rebus
1716 1432 2032 1503 synodalem
2071 1434 2135 1485 ad
2171 1431 2315 1484 Mar-

724 1524 948 1577 cianum
979 1523 1365 1592 imperatorem
1398 1524 1618 1578 missam
1647 1540 1771 1578 esse
1816 1534 1936 1578 acta
1963 1523 2176 1578 dicunt.
2204 1523 2309 1579 Cui

731 1614 1005 1667 sententia
1077 1628 1298 1683 quoque
1355 1629 1466 1683 qua
1535 1615 1796 1670 Dioscoro
1852 1615 2091 1684 dignitas
2149 1614 2316 1671 abro-

732 1713 852 1769 gata
910 1712 1013 1765 est,
1070 1701 1328 1769 adjuncta
1388 1702 1573 1765 fuerit,
1630 1704 1802 1757 verbo
1856 1704 1921 1757 ad
1968 1705 2194 1757 verbum
2230 1703 2310 1758 sic

734 1792 965 1855 habens,
1019 1794 1182 1846 sicuti
1233 1793 1406 1845 etiam
1474 1793 1576 1861 ipsi
1618 1793 1879 1847 liioscoro
1919 1802 1975 1846 et
2010 1793 2312 1847 insinuata.

740 1902 759 1933 ‹
794 1883 940 1938 Scito
976 1893 1048 1948 te,
1083 1893 1316 1952 propter
1372 1898 1655 1938 sacrormn
1709 1898 1983 1937 canonum
2060 1894 2315 1937 eontem-

730 1986 913 2045 ptum,
944 1985 1000 2029 et
1034 1991 1193 2044 quam
1230 1985 1431 2029 sanctre
1471 1975 1559 2029 isti
1589 1974 1880 2029 universali
1926 1974 2133 2044 synodo
2163 1974 2322 2028 exhi-

738 2067 905 2120 buisti
982 2066 1436 2130 inobedieutiam,
1532 2076 1824 2136 propterea
1906 2066 2054 2136 quod
2110 2076 2315 2135 prreter

732 2158 974 2213 crimina
1026 2159 1170 2221 alia,
1200 2159 1267 2213 de
1321 2159 1522 2226 quibus
1579 2159 1867 2212 manifesto
1916 2158 2196 2213 convictus
2238 2174 2318 2223 es,

733 2252 965 2305 tertium
1027 2267 1055 2304 a
1085 2261 1274 2304 sancta
1328 2251 1431 2303 hac
1488 2266 1679 2317 magna
1709 2250 1918 2320 synodo
1944 2250 2095 2319 juxta
2132 2267 2320 2306 sacros

737 2356 981 2395 canones
1011 2340 1234 2402 citatus,
1276 2350 1336 2394 ut
1387 2339 1453 2393 ad
1482 2340 1768 2414 dicendam
1807 2355 2025 2393 causam
2057 2341 2311 2406 adesses,

740 2450 850 2488 non
906 2433 1308 2502 comparueris,
1365 2434 1578 2487 decimo
1640 2434 1801 2486 tertio
1850 2434 2121 2487 vertentis
2150 2434 2313 2503 hujus

2416 1247 2619 1312 τολίου,
2667 1249 2762 1297 καὶ
2808 1242 3086 1311 Μαξίμου,
3121 1242 3353 1305 καὶτῶν
3400 1239 3604 1292 λοιπῶν
3651 1239 3987 1302 ἐπισκόπων,

2420 1340 2559 1410 πλὴν
2614 1340 2866 1399 ἐκείνων,
2929 1338 3042 1389 ὅσοι
3101 1335 3199 1387 σὺν
3263 1334 3536 1402 Διοσκόρῳ
3580 1330 3993 1401 καθῃρέθησαν,

2419 1430 2671 1502 ἀναφορὰ
2704 1429 2836 1498 περὶ
2863 1428 3085 1494 παντων
3119 1424 3378 1493 συνοδικὴ
3409 1422 3717 1494 Μαρκιανῷ
3738 1423 3816 1490 τῷ
3842 1422 3996 1493 βασι-

2418 1524 2502 1577 λεῖ
2549 1522 2935 1576 ἀπεστέλλετο.
3002 1520 3320 1586 Ἐπέμπετο
3365 1517 3422 1569 δέ
3480 1517 3573 1569 καὶ
3608 1516 3641 1585 ἡ
3676 1514 3995 1582 καθαίρεσις

2420 1616 2715 1685 Διοσκόρου
2742 1616 2941 1683 ἔχουσα
2971 1612 3063 1665 ἐπὶ
3086 1610 3289 1675 λέξεως
3312 1603 3438 1663 ὦδεο
3477 1627 3497 1661 ι
3530 1607 3773 1661 Γίνωσκε
3798 1608 3996 1659 σαυτὸν

2418 1708 2506 1760 διὰ
2543 1707 2642 1778 τὴν
2668 1706 2778 1759 τῶν
2813 1707 2973 1757 θείων
3004 1703 3241 1757 κανόνων
3277 1700 3603 1771 ὑπεροψίαν,
3635 1700 3730 1752 καὶ
3764 1698 3853 1751 διὰ
3893 1698 3995 1761 τὴν

2420 1797 2707 1851 ἁπείθειὰν
2738 1814 2831 1850 σου
2879 1796 2979 1865 τὴν
3032 1794 3161 1861 περὶ
3192 1794 3290 1863 τὴν
3340 1794 3504 1860 ἁγίαν
3552 1791 3756 1860 ταύτην
3791 1791 3883 1842 καὶ
3911 1789 3995 1841 οί-

2420 1891 2756 1961 κουμενικὴν
2776 1887 3013 1951 σύνοδον,
3048 1886 3188 1956 ὑπὲρ
3209 1880 3284 1939 ὧν
3302 1885 3436 1955 πρὸς
3469 1886 3582 1943 τοῖς
3603 1883 3786 1945 ἄλλοις
3813 1880 3922 1950 πλη
3930 1900 3998 1949 μ-

2426 1985 2738 2055 μελήμασιν
2774 1976 2852 2042 οἷς
2886 1980 3082 2042 ἐάλως,
3118 1981 3211 2031 καὶ
3235 1982 3419 2047 τρίτον
3447 1976 3670 2044 κληθεὶς
3703 1975 3856 2044 παρὰ
3894 1976 3995 2043 τῆς

2423 2075 2585 2141 ἁγίας
2609 2073 2818 2142 ταύτης
2847 2073 2944 2125 καὶ
2969 2068 3214 2140 μεγάλης
3249 2068 3468 2121 συνόδου
3502 2068 3642 2119 κατὰ
3667 2068 3788 2128 τοὺς
3818 2066 3999 2127 θείους

2423 2166 2655 2225 κανόνας
2684 2168 2777 2217 ἐπί
2808 2165 2869 2217 τὸ
2900 2160 3322 2231 ἀποκρίνασθαι,
3358 2162 3467 2222 τοῖς
3496 2160 3864 2228 ἐπαγομένοις
3895 2159 3998 2211 οὐκ

2423 2260 2767 2328 ἀπήντησας,
2819 2260 2950 2326 μηνὶ
2975 2252 3293 2323 Ὀκτωϐρίῳ
3333 2255 3411 2324 τῷ
3442 2255 3699 2307 ἐνεστῶτι
3742 2270 3998 2324 τρισκαι-

2423 2354 2636 2421 δεκάτῳ
2673 2351 2825 2418 παρὰ
2861 2350 2964 2421 τῆς
2993 2350 3157 2417 ἁγίας
3196 2351 3292 2404 καὶ¹
3340 2347 3728 2417 οίκουμενικῆς
3777 2345 4002 2400 συνόδου

2425 2443 2776 2515 καθῃρῆσθαι
2823 2442 2925 2511 τῆς
2979 2443 3312 2510 ἐπισκοπῆς,
3345 2442 3437 2494 καὶ
3471 2442 3671 2501 παντὸς
3703 2438 4006 2507 ἐκκλησια-

742 2526 1004 2582 Oetol-ris
1035 2527 1243 2579 mensis
1269 2525 1378 2589 die,
1412 2540 1441 2578 a
1462 2534 1653 2577 sancta
1680 2535 1739 2577 ct
1772 2526 2066 2578 universali
2104 2526 2313 2596 synodo

2421 2532 2608 2583 στιλοῦ
2643 2528 2851 2597 θεσμοῦ
2877 2529 3149 2599 ὑπάρχειν
3178 2529 3518 2599 ἀλλότριος.»
3550 2528 3863 2581 Μετέπειτα
3888 2526 4003 2579 τῶν

735 2628 1179 2681 exauctoratum,
1213 2617 1281 2670 ab
1309 2615 1631 2687 episcopatu
1671 2625 1727 2669 et
1757 2618 1906 2670 omni
1938 2617 2314 2671 ecclesiastica

729 2709 1137 2764 constitutione
1177 2709 1418 2761 alienum
1449 2723 1593 2763 esse.
1622 2726 1640 2758 ι
1673 2707 1803 2762 Post
1834 2708 1971 2773 haec,
2003 2708 2094 2763 ubi
2133 2710 2316 2763 dehis

746 2802 914 2856 rebus
956 2802 1154 2855 litterae
1184 2799 1252 2853 ad
1283 2799 1571 2866 episcopos
1622 2798 2010 2853 Alexandriam
2066 2801 2315 2868 scriptae,

739 2905 793 2947 et
832 2893 1013 2947 edicta
1065 2902 1258 2947 contra
1311 2893 1634 2947 Dioscorum
1693 2894 1994 2963 composita
2051 2893 2313 2956 fuissent,

736 2984 905 3039 finem
934 2985 1097 3038 etiam
1132 2998 1292 3038 suum
1325 2999 1677 3054 congressum
1704 2987 1867 3039 istum
1892 2984 2171 3039 habuisse.
2202 2983 2320 3038 Cte-

740 3088 919 3131 tcrum
982 3092 1106 3131 cum
1167 3092 1382 3130 rursum
1447 3077 1860 3139 convenissent,
1913 3078 1980 3128 de
2039 3087 2182 3129 recta
2216 3075 2321 3128 fide

744 3179 1059 3232 tractatum,
1095 3176 1150 3221 et
1183 3184 1250 3221 ne
1301 3166 1533 3221 formula
1584 3168 1691 3221 ulla
1759 3167 1862 3221 alia
1916 3169 2317 3236 conciperetur,

735 3263 1022 3316 decretura
1076 3276 1199 3316 esse
1252 3278 1265 3314 :
1323 3270 1379 3313 et
1440 3271 1793 3330 posteaquam
1854 3275 1943 3314 res
2006 3258 2323 3330 Eutychetis

740 3352 908 3405 tinem
967 3367 1124 3405 suum
1148 3351 1514 3419 accepissent.
1571 3360 1627 3405 et
1680 3351 1749 3405 ab
1780 3352 2037 3420 episcopo
2073 3350 2321 3405 Romano

739 3460 842 3513 per
859 3442 1313 3498 constitutionem
1334 3443 1690 3497 conformatae
1748 3453 1954 3505 essent,
1976 3458 2138 3510 quam
2157 3443 2321 3496 etiam

732 3551 930 3591 ("unus
961 3536 1415 3605 comprobarent,
1445 3550 1641 3590 munes
1698 3537 1890 3589 eadem
1920 3551 1978 3589 se
2003 3534 2190 3589 dicere
2226 3551 2325 3589 ειυ-

736 3632 969 3699 piusque
1032 3640 1305 3700 repetere,
1355 3629 1715 3682 exclamasse.
1778 3628 2081 3698 Postquam
2149 3627 2320 3685 etiam

742 3722 1020 3791 principes
1052 3721 1447 3791 postulassent,
1470 3730 1532 3773 ut
1560 3720 1867 3788 patriarcha
1897 3722 2127 3789 quilibet
2154 3738 2321 3775 unum

2418 2620 2548 2687 περὶ
2586 2616 2795 2670 τούτων
2842 2617 3171 2686 γραφέντων
3216 2619 3313 2669 καὶ
3348 2617 3486 2688 πρὸς
3517 2620 3643 2678 τοὺς
3686 2616 3829 2669 κατὰ
3852 2615 4008 2669 Ἀλε-

2422 2709 2705 2782 ξάνδρειαν
2737 2708 3079 2772 ἐπισκόπους
3127 2710 3475 2780 προθέματος
3516 2714 3660 2763 κατὰ
3702 2711 4003 2779 Διοσκόρου

2418 2800 2736 2868 γενομένου,
2765 2799 2939 2869 πέρας
2971 2800 3067 2853 καὶ
3094 2800 3161 2852 τὰ
3186 2801 3285 2869 τῆς
3318 2801 3573 2868 τοιαύτης
3595 2802 3812 2871 ἐδέχετο
3846 2818 4006 2855 συνε-

2418 2888 2677 2953 λεύσεως.
2706 2889 2873 2953 Αὖθις
2904 2888 3087 2943 τοίνυν
3124 2891 3583 2953 συναλισθέντων,
3636 2892 3704 2944 τὰ
3743 2892 3872 2961 περὶ
3901 2892 4007 2961 τῆς

2418 2982 2591 3052 όρθῆς
2628 2982 2862 3044 πίστεως
2896 2982 3225 3051 ὴρευνῶντο*
3266 2982 3363 3037 καὶ
3402 2983 3708 3054 διεκρίνετο
3742 2986 3874 3055 μήτι
3901 3003 4008 3037 πε-

2426 3077 2663 3144 ραιτέρω
2691 3075 3018 3140 τυποῦσθαι,
3067 3074 3218 3138 ἅπαξ
3260 3075 3369 3129 τῶν
3416 3075 3539 3128 κατ’
3576 3077 3794 3145 Εὐτυχῆ
3830 3078 4010 3147 πέρας

2422 3170 2756 3236 δεξαμένων,
2786 3168 2883 3220 καὶ
2929 3168 3078 3237 παρὰ
3112 3166 3297 3221 τιῦεέν
3342 3165 3533 3238 Ῥώμῃ
3558 3168 3859 3223 ἐπισκόπου
3884 3170 4008 3223 διας

2422 3260 2804 3313 τυπωθέυτωνι
2827 3255 2907 3322 οἷς
2931 3261 3026 3313 καὶ
3057 3261 3261 3322 πάντες
3296 3257 3619 3329 σι--ίξξνεσαν⁴
3650 3263 3745 3315 καὶ
3779 3262 4006 3314 πάντων

2424 3351 2688 3402 εἰπόντων
2721 3348 2785 3402 τὰ
2811 3349 2953 3401 αὐτὰ
2987 3348 3080 3399 καὶ
3109 3348 3272 3401 πάλιν
3304 3348 3484 3414 λέγειν
3504 3363 3518 3378 ο
3557 3348 3901 3400 ἐπειπόντων
3947 3348 4010 3400 δὲ

2426 3442 2665 3494 καὶτῶν
2696 3440 2997 3511 ἀρχόντων,
3032 3440 3264 3492 ἕκαστον
3318 3437 3667 3508 πατριάρχην
3716 3438 3773 3493 ἓν
3822 3439 3855 3510 ἢ
3910 3439 4011 3492 δύο

2426 3532 2819 3600 ἐπιλεξάμενον
2863 3534 3132 3601 πρόσωπα
3161 3532 3258 3600 τῆς
3305 3531 3427 3582 κατ’
3473 3531 3637 3583 αὑτὸν
3682 3530 4014 3600 διοικήσεως

2426 3626 2506 3686 είς
2530 3624 2694 3692 μέσον
2724 3623 2903 3691 ἥκειν,
2935 3620 3068 3675 ὥσθ’
3088 3621 3323 3674 ἑκάστου
3351 3620 3579 3691 γνώμην
3603 3624 3844 3692 φανερὰν
3864 3621 4015 3676 ἅπα-

2431 3733 2517 3769 σιν
2572 3714 2925 3784 ἐγγενέσθαι,
2984 3714 3322 3784 Φλωρεντιος
3374 3715 3681 3778 ἐπίσκοπος
3732 3716 4012 3787 Σάρδεων,

733 3822 831 3867 aut
857 3814 1087 3866 alterum
1107 3814 1427 3881 cpis:opum
1486 3828 1549 3864 ex
1594 3811 1818 3866 dioecesi
1877 3821 1933 3866 et
1957 3813 2314 3867 administra-

2426 3809 2536 3861 τῶν
2569 3808 2886 3860 ἐπισκόπων
2934 3806 3334 3871 ἐνδεδωκότων,
3375 3807 3461 3874 ἐφ’
3490 3800 3535 3874 ᾧ
3569 3808 3711 3875 μετὰ
3760 3808 4011 3877 σκέψεως

736 3907 887 3959 tione
917 3920 1012 3958 sua
1042 3906 1374 3974 designaret.
1409 3919 1521 3973 quo
1550 3903 1712 3957 unius
1740 3904 2009 3973 cujusque
2039 3904 2316 3959 sententia

740 3995 1035 4048 manifesto
1086 3996 1228 4063 apud
1290 4010 1484 4049 omnes
1544 3995 2323 4063 proferretur:'Florentium

740 4087 1074 4141 Sardensem
1135 4088 1478 4155 episcopum,
1510 4085 1789 4153 epise0pis
1818 4094 1876 4138 nt
1939 4102 1994 4139 re
2024 4086 2324 4140 deliberata

746 4178 803 4231 id
854 4177 1059 4232 faceret
1093 4176 1573 4246 permittentibus,
1628 4185 1685 4227 et
1709 4174 2037 4245 Cecropium
2068 4175 2327 4230 Sebastn-

733 4274 879 4342 polis
909 4275 1253 4342 episcOpum,
1288 4270 1367 4324 sic
1416 4279 1606 4339 postea
1635 4270 1799 4322 verba
1830 4268 2026 4323 fecisse
2054 4284 2066 4319 :
2109 4286 2128 4318 ι
2169 4268 2325 4322 Fides

738 4367 848 4419 rite
883 4381 913 4418 a
940 4366 1208 4419 trecentis
1237 4364 1426 4417 decem
1462 4371 1517 4417 et
1571 4372 1696 4415 octo
1726 4364 1929 4415 sanctis
1963 4363 2213 4416 l‘atribus
2271 4367 2323 4417 in

742 4456 1040 4508 formulam
1092 4455 1338 4514 redacta,
1371 4462 1425 4505 et
1474 4466 1691 4505 rursum
1751 4466 1779 4504 a
1836 4451 2040 4505 sanctis
2075 4451 2327 4506 Patribus

733 4544 1300 4614 Atltanasio,nyiilo,
1322 4541 1642 4606 Caelestino,
1678 4541 1908 4604 llilario,
1940 4542 2166 4605 Basilio,
2189 4542 2325 4597 Gre-

732 4639 912 4709 gorio,
937 4648 1102 4707 atque
1135 4650 1282 4690 mmc
1297 4635 1480 4688 denuo
1499 4649 1529 4688 a
1557 4634 1903 4689 sanctissimo
1923 4633 2104 4689 Leone
2122 4635 2329 4689 confir-

737 4741 882 4784 mata
912 4741 1017 4784 est.
1052 4730 1334 4798 Rogamus
1362 4726 1549 4797 igitur,
1604 4735 1663 4780 ut
1690 4735 2007 4780 sanctorum
2038 4736 2317 4781 trecento-

738 4838 861 4876 rum
899 4822 1085 4875 deccm
1127 4828 1184 4873 et
1212 4828 1340 4873 octo
1383 4818 1606 4873 Patrum
1633 4856 1648 4879 ,
1679 4816 2122 4886 sanctissimiqne
2161 4818 2329 4889 646

739 4916 937 4973 Leonis
962 4914 1225 4982 scriptum
1260 4911 1527 4981 legatur.»
1556 4910 1610 4964 Id
1634 4910 1729 4965 ubi
1758 4910 1960 4964 factum
1982 4919 2148 4969 esset.
2167 4927 2329 4982 syno-

736 5010 866 5063 dum
903 5009 1217 5062 universam
1262 5005 1604 5077 exclamasse
1642 5021 1655 5058 :
1691 5023 1713 5054 ι
1742 5003 1865 5058 Ιιαιο
1895 5006 2326 5060 orthodoxorum

741 5112 996 5167 recta-que
1047 5097 1406 5151 sentientium
1458 5095 1596 5149 fides
1650 5105 1774 5149 est:
1808 5095 1879 5148 ita
1912 5110 2105 5150 omnes
2140 5095 2324 5150 credi-

2428 3900 2518 3950 ἐπὶ
2541 3898 2711 3951 ταῦτα
2743 3896 2946 3959 ἐλθεῖν,
2985 3897 3298 3966 Κεκροπιος
3330 3898 3630 3959 ἐπίσκοπος
3663 3898 4015 3953 Σεὸαστοπό-

2434 3993 2570 4054 iam;
2622 3989 2774 4043 ταῦτ’
2810 3991 2902 4043 ἐπὶ
2931 3989 3128 4055 λέξεως
3162 3991 3407 4059 ἓφησενι
3459 4011 3480 4042 ι
3520 3993 3585 4045 'H
3614 3994 3794 4057 πίστις
3822 3995 4014 4050 itali};

2428 4085 2646 4155 εἴρηται
2687 4084 2797 4136 τῶν
2827 4084 3159 4153 τριακοσίων
3184 4084 3314 4137 δέκα
3346 4084 3438 4137 καὶ
3467 4086 3615 4139 ὀκτὼ
3635 4088 3809 4154 ἁγίων
3840 4092 4017 4143 Πατέ-

2432 4194 2559 4246 ρων’
2609 4178 2703 4229 καὶ
2735 4176 3046 4246 ἐόεεαιώθη
3084 4176 3251 4229 πάλιν
3288 4178 3437 4245 παρὰ
3486 4179 3594 4231 τῶν
3625 4179 3797 4247 ἁγίων
3838 4183 4017 4234 ιίατέ-

2431 4285 2562 4336 ρων,
2597 4264 2948 4329 Ἀθανασίου,
2990 4266 3282 4335 Κυρί>.).ου,
3348 4268 3696 4333 Κελεστίνου,
3752 4270 4013 4340 Ἰλαρίου,

2376 4384 2379 4387 λ
2430 4356 2741 4417 Βασιλείου,
2779 4356 3109 4426 Γρηγορίου,
3135 4360 3231 4411 καὶ
3268 4358 3362 4410 νῦν
3389 4358 3551 4412 πάλιν
3574 4360 3663 4413 διὰ
3692 4362 3787 4415 τοῦ
3836 4364 4016 4431 ἁγιω-

2428 4444 2595 4496 τάτου
2626 4444 2878 4506 Λέοντος.
2911 4444 3197 4515 ’Δξιοῦμεν
3221 4449 3315 4499 καὶ
3331 4450 3396 4500 τὰ
3423 4449 3528 4501 τῶν
3551 4451 3721 4518 ἁγίων
3750 4454 4015 4524 Ματέρων

2430 4539 2541 4592 τῶν
2578 4542 2912 4607 τριακοσίων
2951 4537 3040 4607 ιη’,
3072 4542 3164 4593 καὶ
3200 4542 3268 4594 τὰ
3318 4540 3411 4594 τοῦ
3444 4543 3743 4598 όσιωτὰτου
3778 4546 4011 4612 Λέοντος

2428 4630 2867 4698 ἀναγνωσθῆναι·
2902 4648 2919 4681 ι
2957 4625 3032 4684 ὧν
3056 4633 3513 4702 ἀνεγνωσμένων,
3541 4636 3573 4706 ἠ
3604 4637 3755 4689 πᾶσα
3786 4638 4013 4703 σύνοδος

2429 4723 2541 4777 τάδ’
2578 4723 3026 4795 ἐπεκραύτασεϊ’
3088 4724 3282 4797 (Αὕτη
3322 4728 3354 4797 ἡ
3394 4729 3578 4791 πίστις
3623 4730 3733 4785 τῶν
3785 4733 4014 4799 όρθοδόσ

2433 4816 2562 4880 ξωκν
2582 4815 2728 4869 οὕτω
2762 4818 2961 4880 πάντες
2993 4819 3349 4889 πιστεύομεν’
3373 4823 3403 4875 ό
3430 4822 3660 4887 πάππας
3684 4824 3839 4878 Λέων
3860 4826 4010 4879 οὓτω

2432 4908 2682 4961 πιστεύει
2709 4925 2722 4939 ’
2761 4909 3031 4981 Κύριλλος
3079 4910 3256 4977 οὕτως
3306 4913 3659 4968 ἐπίστευσεν
3708 4918 3736 4970 ό
3770 4921 4013 4987 παππας
4056 4894 4065 4900 1

2429 4999 2604 5063 οὕτως
2636 5001 3008 5072 ήρμήνευσεν.
3051 5022 3068 5054 ι
3113 5004 3341 5074 Ἐτέρας
3384 5007 3563 5065 τοίνυν
3601 5009 3883 5073 διαλαὶιᾶς
3914 5030 4015 5080 γε·

2432 5092 2687 5162 νομένης,
2723 5093 2855 5146 ὥστ’
2881 5094 3244 5162 ἀναγνώσεως
3278 5103 3462 5169 τυχεῖν
3492 5103 3588 5156 καὶ
3617 5106 3685 5158 τὰ
3724 5107 3875 5176 παρὰ
3897 5107 4012 5162 τῶν

739 5208 863 5248 mus
895 5212 908 5246 :
944 5207 1083 5262 papa
1134 5191 1247 5246 Leo
1300 5191 1381 5248 sic
1426 5190 1889 5262 credit:.Cyrillus
1941 5191 2021 5245 sic
2050 5189 2321 5244 credidit:

2431 5190 2508 5255 ρν¹
2541 5185 2714 5251 ἁγίων
2744 5187 3122 5257 ἐκτεθειμὲνα,
3155 5190 3475 5267 ἀνεγνώσθη
3502 5195 3598 5248 καὶ
3651 5197 3844 5251 ταῦτα’
3865 5204 4011 5269 πρὲς

740 5300 878 5353 papa
968 5284 1129 5339 ﬁdem
1212 5284 1293 5340 sic
1360 5284 1640 5354 exposuit.
1703 5299 1727 5337 ι
1780 5283 1952 5338 Porro
2021 5283 2322 5338 interlocu-

739 5377 889 5429 tione
947 5383 1004 5430 et
1077 5375 1483 5430 deliberatione
1566 5375 1670 5430 alia
1729 5374 1954 5437 habita,
2020 5360 2318 5430 utetiam

740 5483 863 5533 quae
945 5478 1163 5520 centum
1242 5477 1299 5521 et
1376 5468 1775 5536 quinquaginta
1862 5466 2051 5522 Patres
2117 5468 2315 5523 edide-

742 5569 891 5622 runt,
982 5559 1321 5629 legerentur,
1394 5559 1534 5613 lecta
1591 5574 1651 5612 ea
1727 5573 1948 5629 quoque
2017 5574 2160 5614 esse.
2221 5560 2302 5615 Ad

741 5668 864 5723 qua:
958 5652 1204 5723 synodus
1287 5667 1506 5705 rursum
1592 5651 2015 5705 exclamaverit:
2116 5669 2135 5703 ι
2194 5651 2320 5707 Hec

739 5743 983 5798 omnium
1009 5754 1256 5798 nostrmn
1290 5754 1347 5798 et
1377 5744 1533 5802 tides.
1598 5745 1710 5798 haec
1748 5744 2185 5799 orthodoxorum
2236 5753 2321 5800 est

743 5836 904 5891 fides:
954 5837 1026 5890 ita
1057 5851 1252 5890 omnes
1307 5835 1607 5891 credimus.
1644 5854 1661 5887 ι
1727 5836 1820 5891 llis
1859 5836 2044 5903 dictis,
2099 5835 2313 5891 Aetium

2426 5277 2463 5332 ἃ
2500 5279 2548 5330 οί
2586 5280 2681 5349 τῆς
2724 5282 2945 5335 συνόδου
2977 5278 3134 5347 αὖθις
3178 5286 3433 5355 ἐϐόησαν
3476 5307 3494 5339 ι
3532 5288 3679 5360 Αὕτη
3714 5293 3745 5361 ἡ
3777 5294 4010 5350 πάντων

2430 5372 2611 5433 πίστις
2632 5390 2646 5404 ο
2684 5372 2827 5444 αὕτη
2863 5377 2893 5443 ἡ
2938 5376 3123 5441 πίστις
3158 5377 3268 5430 τῶν
3294 5378 3609 5449 ὀρθοδόξωνθ
3629 5382 3779 5447 οὕτω¹
3804 5386 4011 5452 πάντες

2430 5466 2787 5534 πιστεύομεν.
2832 5485 2849 5518 ι
2896 5466 3119 5523 Τούτων
3165 5472 3480 5542 εἰρημένων
3530 5476 3739 5541 Ἀἐτιος
3772 5479 3803 5532 ό
3846 5482 4013 5552 ἁρχι-

2429 5556 2677 5619 διὰκονος
2709 5560 2997 5629 παρελθὼν
3032 5556 3187 5615 εἷπεν
3218 5566 3323 5618 ἀνὰ
3349 5568 3541 5637 χεῖρας
3568 5567 3716 5638 ἔχειν
3744 5570 3844 5642 τὴν
3868 5575 4011 5645 πρὸς

2426 5651 2723 5722 Νεστόριον
2750 5654 3040 5723 ἐπιστολὴν
3083 5646 3351 5727 Κυρίὶδλου
3380 5659 3472 5711 τοῦ
3510 5659 3824 5728 θεσπεσίου,
3862 5666 3931 5739 ἢν
3958 5667 4013 5721 οί

2426 5744 2481 5796 ἐν
2516 5744 2729 5814 Ἐφέσῳ
2768 5744 3153 5815 ἁθροισθέντες
3189 5749 3418 5813 οἰκείαις
3455 5755 3648 5824 χερσὶν
3692 5752 4009 5828 ἐκύρωσαν·

2425 5834 2503 5888 ἔτι
2532 5834 2588 5887 δὲ
2626 5838 2816 5908 φέρειν
2854 5838 2945 5892 καὶ
2982 5839 3178 5911 ἑτέραν
3211 5842 3502 5915 ἐπιστολὴν
3533 5846 3700 5901 αὐτοῦ
3734 5849 4013 5920 Κυρίλλου

3497 5939 3538 5990 Ι
