4236 6442
783 448 885 513 103

2012 430 2434 493 NlCEPllORl
2478 426 2822 488 CALLISTI

3942 416 4040 479 104

779 556 1003 610 inserta:
1059 559 1210 605 sunt.
1260 548 1320 603 ln
1352 562 1415 601 ea
1447 554 1628 600 autem
1662 545 1870 599 dictum
1901 545 2174 615 quoddam
2196 554 2301 605 est,
2333 560 2361 594 a

2469 538 2556 607 ἐφ’
2587 540 2703 600 ὲν¹ις
2735 534 3057 607 προσώπου,
3088 533 3213 597 τοὺς
3254 531 3309 583 δὲ
3345 530 3689 600 διαιροῦντας
3721 530 3793 587 ὡς
3831 527 3923 580 ἐπὶ
3952 529 4042 579 δύο

777 651 987 706 Joanue
1009 649 1230 719 quidem
1262 645 1603 700 Antioclieno
1628 644 1920 713 pz'olatutit,
1946 656 1975 692 a
2000 638 2204 708 Cyrillo
2228 649 2357 687 vero

780 743 1057 812 sull‘ragiis
1079 741 1339 793 onnnbus
1360 737 1798 805 comprobatum,
1851 733 1944 801 qui
2003 732 2084 784 sie
2140 727 2353 795 inquit:

787 853 807 888 ι
845 834 1117 903 Virginem
1163 840 1430 895 sanctum,
1466 828 1740 891 οεοτόκον,
1784 825 1888 878 hoc
1938 836 2020 875 est
2066 820 2157 873 Dei
2191 818 2357 872 Geni-

782 929 998 990 tricem,
1048 925 1391 995 proﬁtemur,
1429 929 1723 989 prepterea
1766 916 1906 987 quod
1946 916 2084 968 Dens
2117 911 2354 965 Verbum

758 1034 845 1080 ,ει
870 1034 933 1071 ea
961 1032 1089 1070 caro
1121 1027 1178 1069 et
1218 1017 1380 1067 homo
1415 1012 1592 1064 factus
1639 1009 1730 1070 sit,
1786 1017 1842 1061 ct
1885 1006 1953 1059 ab
2004 1005 2122 1074 ipsa
2181 1016 2355 1072 usque

781 1114 1139 1182 conceptione
1198 1118 1543 1177 assumptum
1605 1122 1672 1159 ex
1717 1118 1779 1157 ea
1806 1102 2065 1171 templum
2096 1099 2199 1152 sibi
2232 1096 2353 1151 uni-

781 1208 942 1259 verit.
1006 1203 1355 1270 Evangelicas
1403 1217 1534 1255 vero
1567 1210 1623 1252 et
1683 1196 2017 1265 apostolicus
2060 1208 2222 1246 voces
2281 1192 2350 1245 de

782 1298 1015 1351 Domino
1043 1295 1259 1348 divinos
1294 1295 1416 1346 illos
1459 1292 1607 1343 viros
1641 1289 1847 1342 scimus
1874 1287 2070 1356 partim
2104 1299 2357 1339 commu-

783 1390 928 1443 niter
993 1387 1160 1440 veluti
1223 1396 1278 1438 et
1336 1399 1439 1437 una
1487 1397 1719 1451 persona
1781 1380 2099 1448 protulisse,
2152 1377 2351 1445 partim

780 1496 913 1534 vero
951 1490 1209 1547 tanquam
1269 1477 1336 1530 de
1387 1476 1601 1528 duabus
1634 1474 1845 1526 naturis
1883 1470 2235 1524 discrerisse.
2286 1468 2354 1521 Et

784 1571 923 1623 alias
960 1569 1180 1638 quidem
1243 1566 1551 1635 magniﬁce,
1584 1564 1744 1617 sicuti
1783 1564 1951 1616 Deum
1979 1561 2165 1625 decet,
2189 1560 2344 1629 juxta

779 1662 1118 1716 divinitatem
1157 1660 1387 1720 Christi,
1448 1659 1579 1711 alias
1607 1664 1789 1708 autem
1845 1653 2115 1707 submisse
2156 1661 2212 1705 et
2251 1651 2353 1703 hu-

782 1754 1012 1810 militer.
1049 1752 1352 1805 secundum
1393 1750 1786 1803 humanitatem
1818 1750 1937 1818 ejus
1975 1748 2288 1803 tradidisse.
2324 1765 2342 1797 ι

780 1844 987 1908 Quibus
1023 1842 1243 1919 intulit:
1283 1860 1301 1892 ι
1331 1840 1527 1894 Sacras
1567 1842 1733 1894 hasce
1792 1857 1955 1894 Voces
2005 1851 2213 1892 vostras
2255 1838 2347 1891 tibi

2464 633 2705 699 chewv'
2744 631 2835 682 καὶ
2865 630 2963 691 τὰς
2992 628 3095 697 μὲν
3134 627 3461 695 θεοπρεπεῑς
3496 624 3638 675 κατὰ
3680 623 3780 692 τὴν
3812 621 4040 690 θεότητα

2460 724 2553 776 τοῦ
2584 721 2843 791 Χριστοῦ,
2875 721 2972 783 τὰς
3020 721 3076 772 δὲ
3108 720 3371 779 ταπεινὰς
3420 717 3563 769 κατὰ
3612 717 3711 785 τὴν
3759 714 4017 783 ἁνθρωπό

2457 833 2597 883 τητα
2627 815 2792 867 αὐτοῦ
2821 814 3239 882 παραδιδόντας.
3274 829 3291 861 ι
3324 807 3418 873 Οἷς
3445 811 3718 878 ἐπήγαγε·
3752 827 3770 859 ι
3806 806 4040 868 Ταύταις

2459 908 2616 976 ὑμῶν
2646 909 2767 969 ταῖς
2817 906 2993 976 ἱεραῖς
3050 907 3370 973 ἐντυχόντες
3430 906 3659 972 φωναῖς,
3693 901 3753 954 οὗ
3799 903 3895 971 μὲν
3944 901 4039 952 καὶ

2458 1000 2687 1062 ἑαυτοὺς
2714 998 3053 1067 φρονοῦντας
3090 998 3449 1067 εὑρίσκομεν·
3481 993 3563 1058 εἷς
3596 996 3653 1048 δὲ
3675 995 3901 1064 Κύριος,
3942 992 4040 1061 μία

2459 1094 2664 1154 πίστις,
2696 1091 2754 1143 ἓν
2790 1091 3094 1160 βάπτισμα.
3142 1090 3512 1157 Ἐδοξάσαμεν
3533 1086 3626 1140 οῦν
3654 1090 3745 1139 τὸν
3771 1087 3906 1138 ὅλων
3932 1101 4039 1135 σω-

2456 1190 2600 1256 τῆρα
2628 1186 2781 1251 Θεὸν,
2803 1185 3063 1255 ἀλλήλοις
3092 1185 3508 1252 συγχαίροντες,
3528 1182 3611 1234 ὅτι
3635 1182 3753 1241 ταῖς
3781 1176 4041 1230 θεοπνεύ-

2460 1297 2604 1341 στοις
2626 1280 2887 1348 Γραφαίς,
2908 1277 3003 1330 καὶ
3019 1280 3085 1345 τῇ
3110 1276 3411 1345 παραδόσει
3428 1276 3537 1326 τῶν
3560 1270 3901 1341 ἁγίωνήμῶν
3936 1272 4040 1323 Πα-

2456 1376 2653 1441 τέρων,
2691 1371 3104 1440 συμϐαίνουσαν
3132 1370 3320 1439 ἔχουσι
3378 1368 3565 1420 πίστιν
3590 1367 3733 1420 αἵτε
3767 1382 3879 1435 παρ
3912 1365 4043 1432 ἡμῖν

2457 1465 2552 1517 καὶ
2591 1464 2726 1533 παρ’
2750 1465 2878 1532 ὑμῖν
2923 1463 3260 1531 Ἐκκλησίαι.
3282 1481 3299 1511 ι
3331 1460 3552 1513 Τούτων
3586 1458 4041 1526 ἀνεγνωσμένων,

2456 1555 2728 1617 τοιούτοις
2752 1557 2993 1625 ῥήμασιν
3018 1555 3065 1606 οί
3092 1555 3186 1621 τῆς
3215 1554 3434 1606 συνόδου
3466 1552 3701 1620 ὲῦόησαν
3720 1564 3736 1580 ·
3776 1568 3794 1600 ι
3836 1549 4042 1609 Πάντες

2454 1642 2596 1695 οὓτω
2628 1642 2992 1712 πιστεύομεν·
3022 1644 3049 1695 ὀ
3081 1642 3316 1704 πάππας
3362 1641 3513 1694 Λέων
3568 1638 3714 1692 οὕτω
3772 1636 4040 1690 πιστεύει.

2471 1734 2752 1805 Ἀνάθεμα
2784 1737 2862 1805 τῷ
2897 1735 3179 1804 μερίζοντι
3211 1738 3307 1787 καὶ
3353 1735 3430 1804 τῷ
3467 1735 3770 1800 συγχέοντι.
3803 1729 3953 1797 Λῦτη
4008 1731 4040 1797 ἡ

2458 1828 2642 1887 πίστις
2667 1828 2894 1889 Λέοντος
2922 1828 3015 1879 τοῦ
3047 1828 3485 1896 ἁρχιεπισκδπου
3512 1841 3526 1855 ·
3564 1826 3718 1877 Λέων
3748 1822 3920 1884 οὔτως
3954 1840 4041 1874 πι-

779 1936 1035 2005 legimus.
1053 1934 1212 1988 sicuti
1238 1944 1403 1986 etnos
1422 1934 1589 2001 ipsos,
1609 1934 1812 1985 sentire
1840 1948 1933 1983 τος
1954 1933 2348 1999 comperimus.
2387 1933 2390 1954 “

2459 1920 2827 1973 στεύει·Λέων
2858 1920 3272 1979 καὶἊνατόλιος
3297 1917 3441 1970 οὕτω
3473 1916 3811 1970 πιστεύουσι.
3834 1915 4043 1975 Πάντες

780 2026 935 2081 Unus
998 2027 1146 2080 enim
1200 2024 1480 2083 Dominus,
1517 2039 1621 2075 una
1663 2023 1816 2088 lides,
1858 2039 2021 2075 unum
2054 2022 2349 2090 baptisma.

780 2120 969 2186 Itaque
998 2133 1175 2170 rerum
1211 2116 1589 2170 universarum
1633 2116 1978 2169 Servatorem
2026 2114 2195 2167 Deum
2232 2114 2354 2180 glo-

782 2209 1147 2268 rilicavimus,
1202 2209 1359 2262 alteri
1414 2209 1603 2261 altelis
1653 2208 2121 2275 congratulantes,
2174 2204 2344 2275 648

779 2301 925 2369 quod
987 2312 1380 2368 congruentem
1412 2300 1676 2351 divinitus
1713 2299 1989 2366 inspiratis
2022 2298 2350 2364 Scripturis,

779 2402 836 2446 et
860 2392 1138 2446 traditioiii
1168 2404 1482 2446 s:mctorum
1523 2392 1742 2444 Patrum
1779 2400 2120 2450 nostrorum,
2156 2398 2353 2441 titislr‘l:

781 2484 945 2536 simul
984 2493 1042 2536 et
1064 2494 1255 2535 vestra:
1288 2482 1551 2535 Ecclesize
1579 2482 1816 2533 habeant
1847 2480 2029 2531 Iidem.
2073 2498 2089 2529 ι
2119 2479 2244 2531 ila2e
2282 2480 2352 2528 ub

778 2573 920 2626 lecta
943 2581 1072 2624 sunt
1096 2576 1235 2638 (acta
1258 2570 1445 2639 synodi
1474 2572 1722 2633 habent),
1744 2572 1983 2638 synodus
2003 2569 2349 2619 exclamzmt:

787 2683 806 2715 ι
844 2667 1046 2716 Omnes
1106 2663 1180 2716 ita
1265 2664 1563 2721 credinms.
1627 2677 1764 2732 papa
1850 2661 1959 2714 Leo
2003 2661 2073 2713 ita
2143 2660 2350 2712 credit:

783 2757 1095 2810 Anathema
1128 2756 1180 2808 in
1213 2771 1339 2808 eum
1386 2756 1477 2822 qui
1517 2756 1599 2807 vel
1627 2755 1841 2809 diti-.Zit.
1874 2754 1955 2805 vel
1991 2752 2292 2805 confundit.
2329 2768 2348 2801 ι

782 2846 911 2902 Haec
972 2849 1088 2917 ipsa
1137 2847 1335 2900 Leonis
1363 2846 1764 2914 archiepiscopi
1797 2845 2054 2906 esttides,
2098 2843 2208 2897 Lco
2282 2843 2351 2895 ita

783 2939 980 2999 credit,
1033 2939 1142 2992 Leo
1191 2949 1248 2993 et
1285 2938 1566 2991 Anatolius
1600 2937 1672 2989 ita
1717 2937 1947 2989 credunt
1977 2951 1990 2987 :
2019 2934 2221 2990 Omnes
2281 2935 2353 2987 ita

780 3031 1099 3085 credimus:
1155 3040 1211 3083 et
1272 3030 1509 3099 Cyrillus
1552 3029 1625 3082 ita
1657 3028 1855 3080 rrcdit.
1897 3027 2243 3091 Sempiterna
2271 3036 2355 3078 est

783 3124 1047 3177 memoria
1074 3122 1141 3190 Cy
1157 3122 1260 3174 rilli
1293 3139 1305 3173 :
1336 3122 1583 3189 epistolze
1620 3119 1806 3188 Cyl-illi
1833 3122 1905 3172 ita
1939 3128 2090 3179 sunt,
2121 3120 2199 3170 sic
2232 3135 2355 3170 svn-

787 3216 989 3277 timus,
1020 3213 1098 3266 sic
1123 3212 1479 3274 credidimus.
1506 3214 1584 3265 sic
1606 3212 1907 3265 credimus.
1933 3212 2039 3264 Leo
2086 3209 2356 3277 archiepi-
2382 3251 2425 3307 ϐ

783 3322 987 3372 scopas
1032 3307 1103 3358 ita
1137 3306 1326 3367 sentit,
1361 3306 1433 3357 ita
1471 3304 1662 3365 credit,
1727 3306 1797 3355 ita
1834 3303 2073 3370 scripsit.
2108 3321 2125 3353 ι
2177 3308 2352 3369 Atque

782 3398 874 3450 ubi
923 3399 989 3451 de
1029 3396 1230 3450 Leonis
1268 3396 1501 3464 epistola
1547 3396 1771 3464 legenda
1810 3395 1997 3448 Patres
2040 3394 2353 3447 interlocuti

781 3499 931 3551 sunt,
968 3490 1129 3542 sicuti
1180 3488 1235 3540 in
1279 3487 1529 3541 ercum
1572 3502 1885 3541 sermonem
1940 3487 2199 3541 translata
2238 3488 2354 3541 fue-

782 3593 892 3645 rat,
946 3584 1209 3650 utipsam
1250 3582 1445 3635 lectam
1497 3595 1623 3634 esse
1672 3578 2104 3633 commentarius
2160 3579 2351 3643 refert,

787 3687 1021 3741 eamque
1081 3673 1149 3726 de
1207 3673 1375 3725 verbo
1433 3674 1500 3725 ad
1571 3670 1802 3724 verbum
1866 3672 2006 3724 actis
2061 3685 2351 3724 annexam.

793 3765 967 3820 «Post
1026 3765 1183 3833 cujus
1229 3765 1514 3817 lectionem
1560 3763 1805 3832 episcopi
1852 3763 2135 3817 vociferati
2208 3764 2350 3816 sint:

788 3858 911 3911 Iltec
944 3857 1057 3925 ipsa
1103 3857 1323 3911 Patrum
1372 3856 1504 3909 ﬁdes
1529 3864 1649 3909 est:
1686 3855 1798 3909 haec
1832 3857 1947 3924 ipsa
1981 3860 2352 3925 apostolorum

782 3951 956 4005 tides:
992 3964 1185 4003 omnes
1210 3950 1283 4001 ita
1324 3950 1619 4001 credimus.
1648 3948 1756 4001 Nos
1791 3948 2085 4001 orthodoxi
2120 3957 2177 4001 et
2205 3956 2352 4001 recte

781 4042 1084 4097 sentientes
1134 4040 1207 4093 ita
1240 4041 1538 4094 credimus.
1572 4039 1876 4092 Auathcma
1919 4040 1973 4094 in
2005 4054 2129 4093 eum
2154 4038 2246 4109 qui
2280 4039 2354 4094 ita

779 4149 888 4187 non
921 4132 1113 4187 credit.
1149 4132 1343 4185 Petrus
1373 4146 1470 4200 per
1502 4131 1742 4185 Leonem
1800 4132 1874 4184 ita
1928 4130 2174 4198 protulit.
2211 4134 2355 4200 Apo-

782 4223 907 4278 stoli
938 4224 1010 4276 ita
1052 4222 1379 4276 docuerunt.
1409 4222 1501 4275 Pie
1530 4231 1585 4275 et
1615 4236 1743 4274 vere
1766 4220 1876 4275 Leo
1896 4220 2101 4274 docuit.
2120 4221 2355 4289 Cyrillus

778 4317 853 4370 ita
910 4315 1121 4371 docuit.
1171 4314 1283 4369 Leo
1335 4326 1390 4368 et
1421 4313 1659 4385 Cyrillus
1700 4314 1768 4367 ad
1821 4314 2075 4368 eumdem
2130 4313 2353 4368 modum

780 4411 1106 4462 docuerunt.
1158 4407 1463 4461 Anathema
1505 4406 1558 4459 in
1598 4420 1725 4459 eum
1761 4406 1857 4475 qui
1898 4422 2009 4459 non
2053 4406 2127 4459 ita
2156 4406 2351 4460 credit.

784 4497 910 4553 lla'c
966 4514 1093 4553 vera
1145 4507 1227 4552 est
1288 4498 1443 4551 tldes.
1497 4496 1798 4553 Ortbodoxi
1835 4499 1906 4552 ita
1940 4497 2194 4551 credunt.
2227 4498 2353 4552 lla-c

2454 2011 2597 2064 οὕτω
2629 2010 2983 2079 πιστεύομεν·
3016 2012 3111 2063 καὶ
3133 2011 3402 2080 Rupilio;
3436 2009 3577 2061 οὕτω
3601 2004 3869 2059 πιστεύει.
3902 2004 4045 2054 Δίω-

2455 2104 2602 2172 νίαὴ
2640 2105 2829 2172 μνήμη
2878 2103 3149 2172 Κυρξλὶου
3173 2120 3187 2133 ·
3227 2104 3323 2154 καὶ
3358 2102 3414 2153 αἱ
3459 2099 3738 2152 ἐπιστολαὶ
3770 2094 4042 2165 Κυρίλ).ου

2456 2196 2589 2244 εἰσὶν
2621 2192 2683 2246 οῦ
2710 2193 3036 2263 φρονοῦμεν,
3058 2186 3117 2245 οῦ
3151 2190 3654 2260 ἐπιστεύσαμεν,οῦ
3685 2189 4042 2256 πιστεύομεν.

2456 2284 2609 2336 Λέων
2642 2287 2667 2335 ὁ
2712 2286 3144 2353 ἀρχιεπίσκοπος
3186 2284 3359 2346 οὕτως
3401 2286 3614 2352 φρονεῖ,
3650 2282 3709 2335 οῦ
3762 2279 4040 2338 πιστεύει,

2455 2372 2513 2427 οὗ
2547 2375 2807 2445 ἔτρεψε.»
2845 2376 3132 2437 Διαλαλιᾶς
3171 2376 3227 2427 δὲ
3276 2376 3576 2445 γενομένης
3625 2375 3767 2429 ὥστε
3815 2377 3909 2429 καὶ
3942 2377 4043 2447 τὴν

2458 2469 2687 2529 Λέοντος
2707 2467 3129 2533 ἀναγκωσθῆναι
3154 2468 3466 2536 ἐπιστολὴν,
3496 2470 3576 2531 εἰς
3601 2470 3839 2537 Ἕλληνα
3862 2468 4043 2537 γλῶσο

2459 2573 2557 2607 σαν
2594 2557 3001 2625 μεταϐληθείσα
3040 2560 3459 2625 ἀνεγινώσκετο,
3492 2560 3615 2629 ἥτις
3646 2563 3753 2620 τοῖς
3784 2578 4041 2629 πεπραγ-

2460 2652 2641 2710 μενοις
2672 2644 2807 2711 πρὸς
2841 2645 2986 2708 λέξιν
3025 2648 3359 2717 ἐμφέρεται·
3392 2644 3462 2718 ἧς
3494 2649 3631 2718 μετᾶ
3662 2649 3761 2719 τὴν
3792 2651 4045 2716 ἀνάγνω-

2458 2752 2543 2786 σιν
2603 2737 2911 2804 ἐπεϐόησαν
2935 2737 2984 2788 oi
3037 2739 3348 2792 lniaxomt'
3391 2758 3407 2791 ι
3448 2740 3595 2809 Δῦτη
3645 2743 3678 2811 ὴ
3713 2743 3894 2805 πίστις
3928 2744 4044 2795 τῶν

2459 2828 2720 2896 "stipam
2747 2843 2759 2856 '
2785 2829 2923 2896 αῦτη
2962 2831 2994 2899 η
3030 2832 3211 2894 πίστις
3255 2833 3364 2883 τῶν
3424 2836 3776 2889 ἁπωστόλων.
3835 2838 4046 2901 Πάντες

2457 2918 2600 2969 οὕτω
2648 2921 2999 2988 πιστεύομεν·
3056 2922 3105 2972 oi
3156 2921 3434 2990 ὀρθόθοξοι
3489 2922 3633 2977 οὕτω
3682 2927 4045 2996 πιστεύομεν.

2468 3009 2741 3079 ’Λνάοεμα
2800 3012 2877 3081 τῷ
2936 3013 3011 3082 μὴ
3070 3012 3216 3066 οὓτω
3268 3016 3619 3071 πιστεύοντι.
3682 3018 3893 3086 Πέτρος
3950 3019 4047 3072 διὰ

2458 3103 2683 3163 Λέο·.τος
2710 3102 2880 3156 ταῦτα
2910 3107 3155 3173 ἐϐόησεν·
3184 3107 3231 3158 οἱ
3250 3108 3541 3161 ἀπόστολοι
3564 3108 3736 3172 οὕτως
3766 3111 4047 3176 ἐδίδαξαν.

2462 3197 2713 3259 ἰᾶὐσείὶὡς
2747 3199 2839 3251 καὶ
2867 3198 3085 3269 ἀληθῶς
3116 3200 3269 3253 Λέων
3301 3201 3532 3268 ἐδίδαξε·
3570 3203 3839 3273 Κύριλ).ος
3865 3205 4049 3270 οὕτως

2458 3289 2698 3353 ἐδίδαξει
2719 3291 2873 3343 Λέων
2910 3292 3002 3343 καὶ
3036 3292 3302 3362 Κίριλλος
3339 3293 3543 3362 ὁμοίως
3578 3295 3844 3361 ἐδίδαξαν.
3890 3299 4049 3351 Ἀνά-

2457 3382 2599 3451 θεμα
2630 3383 2707 3451 τῷ
2738 3386 2813 3453 μὴ
2836 3383 2979 3438 οὕτω
3008 3385 3341 3440 πιστεύοντι.
3369 3387 3516 3457 Αὕτη
3544 3389 3576 3459 ἡ
3600 3389 3807 3460 ἀληθὴς
3830 3391 4045 3455 πίστις·

2456 3477 2505 3527 οἱ
2536 3477 2807 3544 ὁρθόδοξοι
2861 3478 3005 3531 οὕτω
3051 3481 3365 3548 φρονοῦσιν.
3399 3482 3548 3552 Δῦτη
3606 3483 3640 3553 ἡ
3701 3484 3886 3548 πίστις
3932 3489 4049 3540 τῶν

2459 3571 2743 3639 Πατέρων.
2778 3570 2965 3625 Ταῦτα
2998 3574 3056 3625 ὲν
3097 3573 3310 3643 Ἐφέσῳ
3342 3573 3430 3627 διὰ
3458 3574 3511 3626 τί
3550 3577 3652 3628 οὐκ
3681 3577 4047 3650 ἀνεγνώσθη;

2462 3663 2646 3716 Ταῦτα
2662 3664 2951 3734 Διόσκορος
2977 3665 3232 3735 ἔκρυψεν.
3263 3665 3370 3718 Καὶ
3388 3666 3545 3720 τοῦτο
3570 3669 3623 3721 δὲ
3644 3672 3758 3732 τοῖς
3782 3687 4047 3739 πεπραγ-

2459 3755 2641 3822 μένοις
2670 3756 2991 3824 ἐμφέρεται·
3031 3757 3105 3819 ὼς
3138 3756 3302 3825 ἡνίκα
3331 3758 3393 3810 τὸ
3426 3760 3591 3830 μέρος
3617 3760 3716 3828 τῆς
3746 3762 4051 3831 ἐπιστολῆς

2456 3846 2686 3907 Λέοντος
2728 3845 3071 3916 ἀνεγνώσθη,
3122 3847 3299 3900 τουτοῖ
3348 3850 3640 3919 περιέχον·
3674 3853 3767 3903 καὶ
3814 3853 3951 3919 πρὸς
3983 3857 4047 3904 τὸ

2457 3940 2907 4007 χρεωστούμενον
2930 3940 3152 4009 ὄφλημα
3188 3940 3291 4009 τῆς
3324 3944 3601 4012 ἡμετέρας
3637 3945 3851 4007 φύσεως
3892 3947 4046 3999 ἐκτι-

2458 4031 2677 4099 σθῆναι,
2698 4035 2730 4099 ἠ
2757 4032 2877 4085 θεία
2908 4033 3069 4099 φύσις
3090 4033 3275 4106 ήνώθη
3304 4038 3371 4105 τῇ
3403 4036 3644 4107 παθητῇ·
3680 4038 3764 4092 ἶνα
3787 4040 3945 4093 τοῦτο
3977 4042 4047 4112 ἰὴ

2458 4124 2515 4175 τὸ
2543 4128 2663 4185 ταῖς
2685 4125 2987 4194 ἡμετέραις
3024 4127 3235 4180 ίάσεσιν
3289 4129 3534 4197 ὑπάρχον
3565 4131 3845 4202 ἁρμόδιον,
3899 4136 3927 4185 ὁ
3959 4128 4046 4196 εἷς

2458 4215 2551 4266 καὶ
2580 4217 2608 4268 ὁ
2638 4216 2800 4279 αὐτὸς
2827 4215 2905 4269 ὢν
2936 4220 3164 4288 μεσίτης
3188 4219 3321 4273 Θεοῦ
3356 4223 3449 4274 καὶ
3490 4224 3795 4293 ἀνθρώπων
3826 4226 4045 4295 ἄνθρωα-

2457 4325 2557 4370 to;
2588 4309 2823 4379 Χριστὸς
2878 4312 3110 4381 Ἰησοῦς,
3160 4313 3254 4365 καὶ
3286 4314 3657 4385 ἀποθνήσκειν
3682 4318 3746 4370 ὲκ
3791 4317 3884 4371 τοῦ
3916 4319 4044 4381 ἐνὸς

2456 4400 2683 4471 δυνηθῇ,
2716 4404 2812 4455 καὶ
2841 4404 3155 4458 τελευταῖον
3183 4407 3246 4459 ὲκ
3277 4406 3373 4458 τοῦ
3409 4406 3602 4475 ἑτέρου
3647 4408 3721 4478 μὴ
3746 4408 3977 4479 δυνηθῇ.
4017 4429 4039 4462 ι

2459 4492 2602 4561 Πρὸς
2632 4494 2702 4563 ἣν
2736 4495 2897 4563 ῥῆσιν
2946 4498 3179 4560 Λέοντος
3226 4498 3337 4550 τῶν
3397 4500 3671 4569 Ἰλλυριῶν
3717 4501 4047 4569 ἀμφιϐόλως

784 4592 918 4645 ﬁdes
945 4603 1027 4646 est
1053 4591 1296 4645 Patrum.
1332 4590 1441 4644 (an
1479 4591 1590 4644 haec
1639 4590 1839 4659 Ephesi
1873 4590 2011 4644 lecta
2052 4606 2160 4645 non
2190 4590 2355 4644 sunt?

2458 4584 2712 4651 ἑχόντων,
2741 4585 3009 4648 ὡσαύτως
3045 4587 3102 4638 δὲ
3137 4589 3229 4639 καὶ
3259 4587 3367 4641 τῶν
3409 4589 3787 4643 Παλαιστινῶν
3815 4594 4046 4645 ἐπισκό-

783 4683 1081 4738 Dioscorus
1104 4685 1219 4736 hazc
1242 4683 1599 4752 suppressit.»
1623 4682 1759 4735 lllml
1784 4697 2005 4752 quoque
2025 4682 2077 4734 in
2099 4692 2348 4736 actorum

778 4777 1189 4831 commentariis
1214 4784 1523 4845 reperitur:
1558 4793 1577 4826 ι
1616 4776 1906 4844 Postquam
1941 4789 2071 4843 pars
2099 4774 2348 4843 quaedam

775 4868 1019 4938 epistola:
1039 4868 1238 4922 Leonis
1291 4870 1431 4923 lecta
1469 4878 1576 4932 est,
1611 4867 1713 4920 hoc
1741 4866 2152 4936 complectens:
2183 4865 2252 4921 Et
2280 4865 2349 4921 ad

779 4969 991 5013 natura:
1022 4970 1223 5013 nostrae
1276 4957 1525 5013 debitqu
1560 4958 2008 5027 persolvcitdum,
2036 4966 2232 5012 natura
2264 4957 2350 5012 di-

779 5050 903 5103 vina
928 5050 979 5105 ei
1014 5066 1135 5118 qua:
1155 5051 1503 5120 perpessioni
1543 5050 1778 5105 obnoxia
1810 5060 1915 5111 est,
1948 5051 2102 5103 unita
2134 5058 2240 5112 est,
2289 5059 2348 5104 ut

778 5143 923 5211 quod
970 5142 1044 5196 ita
1102 5144 1376 5197 sanationi
1425 5153 1625 5197 nostrse
1665 5141 1823 5196 aliine
1878 5140 2347 5210 commodumque

777 5244 941 5299 esset,
987 5250 1133 5289 unus
1187 5245 1243 5290 et
1300 5236 1441 5289 idem
1494 5233 1765 5288 mediator
1812 5232 1907 5287 Dei
1965 5241 2021 5286 et
2058 5232 2347 5286 hominum

775 5327 1027 5381 Christus
1088 5327 1283 5392 Jesus,
1339 5329 1479 5381 mori
1520 5342 1587 5381 ex
1621 5326 1794 5381 altero
1824 5334 2032 5396 posset,
2063 5340 2131 5379 ex
2173 5326 2348 5379 altero

781 5433 1006 5487 prorsus
1035 5434 1142 5471 non
1178 5428 1381 5487 posset.
1412 5436 1430 5470 ι
1462 5418 1536 5472 De
1561 5418 1663 5471 hac
1712 5431 1848 5471 voce
1873 5416 2076 5471 Leonis
2104 5416 2349 5486 Illyricos

782 5520 946 5578 atque
987 5508 1175 5562 itidem
1208 5508 1524 5563 Palaestinos
1552 5508 1842 5578 episcopos
1873 5508 2262 5565 contendisse:
2293 5516 2351 5561 et

781 5612 906 5650 eum
939 5597 1034 5666 qui
1069 5598 1250 5651 dictus
1279 5598 1597 5653 estAetium
1635 5599 2084 5653 archidiaconum
2110 5598 2348 5652 sanctis-

780 5689 930 5743 simae
982 5689 1240 5743 Ecclesiae
1298 5689 1961 5761 Constantinopolitanae,
2012 5692 2345 5746 sententiam

778 5782 937 5834 aliam
964 5780 1172 5851 Cyrilli,
1201 5783 1350 5837 hisce
1381 5782 1565 5838 verbis
1595 5787 1949 5854 compositam
2015 5784 2345 5853 protulisse:

787 5888 807 5922 ι
843 5871 1292 5942 Quandoquidem
1319 5874 1601 5945 proprium
1632 5875 1751 5945 ejus
1771 5890 1991 5944 corpus,
2022 5872 2193 5943 gratia
2228 5872 2346 5935 Dei,

2455 4691 2597 4740 πων,
2629 4678 2655 4727 ὁ
2684 4676 2978 4743 είρηιιένος
3022 4678 3224 4741 Ἀέτιος
3255 4680 3284 4730 ὁ
3317 4680 3696 4750 ἀρχιδιάκονος
3734 4685 3833 4753 τῆς
3866 4684 4048 4749 ἁγιω-

2451 4768 2621 4837 τάτης
2660 4768 2987 4839 Ἐκκλησίας
3019 4772 3651 4836 Κωνσταντινουπόλεως
3670 4774 3839 4841 ἄλλην
3874 4777 4045 4844 ῥῆσιν

2450 4859 2547 4914 τοῦ
2630 4860 2787 4929 ἁγίου
2849 4862 3124 4932 Κυρίλλου
3201 4865 3421 4934 παρῆγε
3478 4863 3602 4916 τάδε
3676 4864 3987 4931 διεξιοῦσαν
4023 4887 4039 4899 ·

2460 4972 2479 5005 ι
2527 4953 2743 5025 Ἐπειδὴ
2767 4954 2823 5006 δὲ
2849 4953 3012 5008 πάλιν
3032 4955 3092 5007 τὸ
3120 4956 3253 5009 ῐδιον
3272 4956 3440 5010 αὐτοῦ
3469 4958 3630 5027 σῶμα
3658 4958 3842 5028 χάριτι
3868 4959 4039 5026 Θεοῦ,

2451 5047 2594 5101 καθά
2625 5064 2794 5117 φησιν
2819 5048 2847 5100 ὁ
2872 5048 3171 5111 ἀπόστολος
3203 5048 3435 5112 Παῦλος.
3470 5051 3610 5119 ὑπὲρ
3641 5052 3843 5114 παντὸς
3878 5052 4042 5120 ἐγεύ-

2455 5157 2587 5193 σατο
2618 5140 2876 5206 θανάτου,
2916 5140 3137 5209 λέγεται
3166 5144 3364 5195 παθεῖν
3391 5142 3554 5195 αὑτὸν
3587 5144 3680 5196 τὸν
3709 5144 3847 5212 ὑπὲρ
3874 5147 4045 5213 ἡμῶν

2453 5231 2699 5286 θάνατον·
2728 5232 2825 5302 οὐχ
2854 5231 2929 5295 ὡς
2948 5235 3027 5295 εἰς
3050 5236 3249 5302 πεῖραν
3273 5233 3444 5286 ἐλθὼν
3464 5234 3720 5297 θανάτου,
3739 5238 3866 5303 τόγε
3896 5233 4046 5308 ἧκον

2452 5323 2531 5383 είς
2561 5322 2661 5391 τὴν
2690 5323 2854 5376 αὐτοῦ
2888 5323 3075 5390 φύσιν·
3103 5325 3420 5395 ἀποπληξίαι
3450 5326 3560 5396 γάρ
3591 5327 3750 5381 τοῦτο
3778 5328 3968 5397 λέγειν
4000 5332 4037 5401 ἢ

2452 5416 2690 5481 φρονεῖν·
2724 5412 2840 5466 ἀλλ’
2870 5416 2975 5479 ὅτι,
3010 5415 3264 5486 καθάπερ
3289 5416 3424 5485 ἔφην
3452 5418 3679 5486 ἀρτίως,
3718 5421 3745 5489 ἡ
3771 5420 3910 5490 σὰρξ
3938 5424 4045 5476 αύ-

2450 5504 2544 5558 τοῦ
2568 5506 2829 5573 ἐγεύσατο
2853 5507 3110 5561 θανάτου.
3162 5528 3180 5562 ι
3217 5512 3325 5563 Καὶ
3358 5506 3513 5573 αὖθις
3552 5512 3685 5579 πρὸς
3722 5514 3821 5577 τὴν
3873 5514 4047 5583 ῥῆσιν

2452 5598 2551 5667 τῆς
2600 5597 2890 5667 ὲπκστολῆς
2938 5599 3162 5660 Λέοντος
3209 5601 3309 5669 τὴν
3361 5600 3662 5667 λέγουσαν·
3730 5620 3748 5653 ι
3782 5602 4044 5673 Ἐντργεῖ

2452 5689 2560 5756 γαρ
2585 5688 2824 5758 ἑκατέρα
2857 5690 3042 5759 μορφὴ
3090 5692 3229 5759 μετὰ
3279 5691 3379 5761 τῆς
3432 5692 3663 5761 θατέρου
3720 5696 4041 5759 κοινωνίας,

2450 5780 2589 5848 ὅπερ
2622 5782 2751 5833 [διον
2788 5781 2987 5851 ἔσχηκε
3013 5800 3026 5814 ο
3058 5783 3154 5836 τοῦ
3190 5784 3286 5852 μὲν
3330 5786 3506 5851 Λόγου
3552 5786 4040 5853 κατεργαζομένου

2452 5871 2596 5925 τοῦθ’
2624 5874 2759 5941 ὅπερ
2784 5875 2900 5926 ἐστὶ
2933 5874 3025 5927 τοῦ
3053 5876 3251 5943 Λόγου,
3273 5875 3367 5929 τοῦ
3387 5877 3441 5930 δὲ
3470 5875 3719 5947 σώματος
3746 5876 4045 5931 ἐκτελοῦνο
