4236 6442
238 430 344 493 105

224 561 342 604 τος.
374 546 514 614 ὅπερ
549 544 665 598 ἐστὶ
693 545 786 597 τού
813 545 1068 614 σώματος
1095 582 1109 596 .

220 638 441 706 ’λάμπει
499 638 612 696 τοῖς
660 637 929 706 Θενύμασι,
979 636 1040 687 τὸ
1083 635 1140 687 δὲ
1195 638 1317 696 ταῖς
1355 633 1576 703 ὕϐρεσιν
1620 630 1826 684 ὑποπέ-

224 743 472 780 πτιυκεν.
507 746 523 777 ι
562 727 682 778 Τῶν
716 728 771 780 δὲ
808 727 1087 797 Ἱλλυριῶν
1121 728 1216 779 καὶ
1254 724 1630 778 Παλαιπινῶν
1666 722 1828 788 αὖθις

222 814 709 880 ἀμφιϐαλλὸντων,
762 815 971 877 Ἀἐτιος
1021 816 1152 869 ἄλλο
1203 815 1476 884 Κυρίλλου
1529 813 1828 882 κεφάλαιον

223 907 258 958 ἁ
279 910 445 973 .·έγνω
479 910 737 978 περιέχον
766 908 939 970 οὕτως
968 924 982 939 ⁸
1021 927 1038 958 ι
1070 907 1134 959 Αἰ
1175 907 1272 976 μὲν
1311 905 1468 960 ἄλλαι
1495 905 1602 957 τῶν
1634 905 1826 974 φωνῶν

222 1000 306 1050 ὅτι
341 1001 581 1066 μάλιστα
621 1000 952 1070 θεοπρεπεῖς
981 1040 996 1062 ,
1029 1001 1087 1053 αἱ
1129 1001 1183 1052 δὲ
1219 999 1362 1052 οὕτω
1415 999 1582 1052 πάλιν
1615 997 1823 1066 ἀνθρω-

223 1096 559 1160 ποπρεπεῖςο
590 1095 645 1146 αἱ
689 1094 745 1146 δὲ
780 1094 956 1163 μέσην
997 1094 1118 1147 τινὰ
1149 1093 1298 1157 τάξιν
1328 1091 1563 1160 ἔχουσιν,
1595 1090 1824 1159 ὲμςςανί-

225 1185 418 1247 ζιιντες
459 1191 550 1238 τὸν
585 1187 712 1239 Υἰὸν
744 1186 837 1239 τοῦ
871 1187 1008 1239 Θεοῦ
1053 1188 1186 1238 Θεὸν
1214 1188 1344 1239 ϐντα
1393 1187 1486 1237 καὶ.
1535 1185 1823 1254 ἄνθρωπον

224 1278 366 1344 ὁμοῦ
398 1281 455 1329 ἐν
490 1279 662 1347 αὐτῷ.
707 1298 724 1329 ι
766 1280 876 1331 Καὶ
918 1280 1054 1348 μετὰ
1109 1279 1279 1332 ταῦτα
1312 1279 1450 1347 πρὸς
1508 1278 1694 1345 ἕτερον
1729 1275 1822 1344 μέ-

229 1387 322 1438 ρος
355 1372 452 1438 τῆς
487 1373 779 1440 ἐπιστολῆς
815 1372 1043 1433 Λέοντος
1070 1371 1522 1440 ἀμφιϐαλλόντων
1543 1371 1652 1421 τῶν
1676 1372 1821 1437 εὲρη-

228 1468 414 1532 μένων
445 1467 763 1517 ἐπισκόπων
797 1464 920 1532 ἔχον
946 1464 1118 1525 οὕτως
1151 1483 1162 1492 ·
1206 1481 1223 1513 ι
1265 1463 1326 1515 Εἰ
1361 1463 1456 1514 καὶ
1490 1461 1556 1513 τὰ
1585 1460 1819 1528 μάλιστα

221 1559 334 1624 γὰρ
366 1559 422 1608 ὲν
454 1557 530 1624 τῷ
564 1555 814 1627 Δεσπότῃ
848 1556 1025 1625 Ἰησοῦ
1059 1555 1281 1624 Χριστῷ
1308 1555 1403 1608 τοῦ
1435 1554 1570 1606 Θεοῦ
1603 1553 1695 1606 καὶ
1726 1551 1818 1604 τοῦ

221 1647 526 1718 ἀνθρώπου
558 1649 616 1700 ἓν
651 1650 967 1718 πρόσωπον,
1007 1649 1157 1717 ὅμως
1201 1648 1390 1716 ἕτερόν
1441 1647 1594 1700 ἐστιν
1641 1647 1820 1698 ἐκεῖνο

220 1742 282 1804 ἐξ
311 1736 375 1794 οὗ
407 1743 467 1792 ἐν
499 1741 750 1810 ἐκατέρῳ
801 1742 982 1793 κοινόν
1032 1744 1148 1795 ἐστι
1182 1741 1240 1792 τὸ
1288 1743 1384 1809 τῆς
1433 1738 1642 1809 ὕϐρεως
1673 1754 1686 1768 ’
1726 1740 1818 1790 καὶ

219 1833 414 1901 ἕτερον
445 1833 505 1895 ἐξ
544 1829 604 1886 οὗ
637 1833 820 1884 κοινὸν
851 1834 914 1885 τὸ
971 1834 1070 1901 τῆς
1101 1831 1258 1900 δ’ὶξης
1312 1832 1650 1898 καθέστηκεν
1683 1871 1695 1882 .
1724 1829 1817 1893 Ἐξ

221 1926 385 1991 ἡμῶν
411 1925 515 1991 μὲν
554 1926 662 1993 γὰρ
689 1924 844 1994 αύτῷ
881 1925 1181 1991 ἠὲλάσσων
1208 1923 1299 1976 τοῦ
1347 1925 1558 1992 ιῙατρδς
1611 1925 1822 1992 ἀνθρω-

221 2016 424 2082 πότης·
459 2018 524 2066 ὲκ
551 2015 606 2066 δὲ
664 2015 759 2068 τοῦ
815 2016 1029 2086 Πατρὸς
1063 2017 1211 2067 ἔστιν
1282 2014 1428 2084 αὐτῷ
1463 2017 1495 2082 ἡ
1547 2014 1684 2084 μετὰ
1730 2014 1821 2065 τοῦ

219 2105 442 2174 Πατρδς
484 2104 652 2157 αὑτοῦ
682 2106 770 2174 ῐση
797 2105 1010 2174 θεότης.
1043 2123 1059 2154 ι
1098 2103 1444 2173 Θιοδώρητος
1478 2101 1823 2169 ζυγοστατῶν

220 2197 385 2264 ἕλεγε
420 2197 629 2266 καὶτῷ
660 2197 924 2266 μακαρίῳ
974 2197 1232 2266 Κυρίλλῳ
1287 2197 1382 2248 ἐπὶ
1428 2195 1624 2260 λέξεως
1673 2194 1823 2263 είρῆ-

223 2289 354 2342 σθαι
388 2289 588 2349 οὕτως·
630 2307 648 2339 ι
682 2288 796 2340 Καὶ
841 2288 1134 2356 γενόμενον
1168 2287 1456 2355 ἄνθρωπον
1497 2285 1589 2336 καὶ
1624 2283 1698 2352 μὴ
1729 2301 1822 2350 με-

221 2381 393 2433 θέντα
417 2380 481 2431 τὸ
524 2379 678 2443 ἴδιον,
723 2379 1038 2447 μεμένηκεν
1081 2379 1218 2447 ὅπερ
1275 2373 1364 2446 ἦν’
1402 2379 1497 2430 καὶ
1543 2376 1736 2444 ἕτερον
1766 2377 1822 2425 ἐν

219 2471 404 2543 ιτέρῳ
441 2473 506 2522 τὸ
534 2471 864 2524 κατοικοῦν·
902 2470 1186 2523 τουτέστιν
1236 2472 1268 2539 ἡ
1311 2470 1435 2523 θεία
1486 2469 1648 2536 φύσις
1682 2469 1821 2537 μετᾶ

218 2564 334 2614 τῶν
359 2563 696 2631 ἀνθρώπων.
735 2581 754 2614 ι
826 2560 961 2614 Εἶτα
992 2563 1102 2614 τῶν
1159 2562 1510 2631 ὑψηλοτάτων
1543 2561 1820 2629 ἀρχόντων

220 2657 562 2727 πυθομένων
593 2657 642 2707 εί
671 2655 750 2709 ἔτι
775 2674 856 2718 τις
880 2655 1242 2725 ἀμφισϐητεῖ,
1271 2657 1474 2713 πάντες
1509 2649 1684 2716 εἷπον,
1719 2670 1821 2722 μη-

217 2750 417 2820 δαμῶς
447 2750 842 2818 ἁμφιϐάλλειν.
867 2748 958 2800 Ἐν
996 2750 1170 2818 τούτῳ
1212 2749 1270 2800 δὲ
1303 2747 1547 2807 Ἀττικὸς
1592 2746 1821 2798 ἐπίσκο-

222 2859 333 2906 πος
374 2842 738 2903 Νικοπόλεως
764 2841 1008 2895 ὲνδιῦναί
1045 2843 1092 2893 οἱ
1148 2843 1353 2910 ᾐτεῖτο,
1403 2841 1668 2910 ἁταράχῳ
1706 2840 1819 2892 δια-

220 2935 382 2994 νοίας
439 2931 692 3002 λογισμῷ
744 2935 801 2985 ὲν
861 2933 1120 3001 βραχέσιν
1170 2933 1405 3001 ἡμέραις
1453 2931 1514 2983 τὸ
1566 2930 1642 2998 τῷ
1701 2928 1820 2998 Θεῷ

224 3024 430 3076 δοκοῦν
493 3024 591 3076 καὶ
651 3025 764 3084 τοῖς
839 3023 1006 3083 Ocior;
1083 3025 1328 3091 Πατρασι
1385 3021 1817 3089 διατυπωθῆναι.

221 3112 450 3180 Ἐζήτει
482 3111 540 3163 δὲ
583 3109 769 3161 λαϐεῖν
802 3109 896 3162 καὶ
943 3111 1042 3177 τὴν
1086 3108 1380 3178 ἐπιστολὴν
1420 3107 1696 3178 Κυρίλλου
1721 3109 1822 3177 τὴν

1173 429 1768 489 ECCLESIASTICE
1813 421 2125 483 illS'l‘Oltl
2245 426 2381 484 ΗΒ.
2428 426 2546 484 XV.

1149 545 1258 596 Καὶ
1289 543 1350 595 τὸ
1395 543 1494 610 μὲν
1530 540 1679 606 αύτῴ
1710 541 1819 591 δια·
1855 541 1895 597 Α
1925 535 2386 602 quemadmodum
2415 535 2593 604 inquit
2629 543 2820 604 apasto

1855 541 1895 597 Α
1925 535 2386 602 quemadmodum
2415 535 2593 604 inquit
2629 534 2910 604 apostolus
2931 534 3151 603 Paulus,
3191 553 3290 606 pro
3325 543 3505 592 omni-

3415 425 3512 488 l06

1937 627 2039 680 bus
2077 639 2308 681 mortem
2335 627 2593 697 gustavit,
2619 627 2915 696 appetiissc
2959 637 3190 680 mortem
3224 645 3324 698 pro
3349 631 3510 683 nobis

1933 720 2109 790 ipsum
2147 722 2407 790 (Verbum
2439 719 2676 784 scilicet)
2715 722 2920 774 dicitur
2947 745 2955 776 :
2983 721 3151 792 659
3189 739 3295 775 non
3357 728 3503 793 quod

1932 814 1981 867 id
2014 815 2317 882 periculum
2347 815 2540 868 mortis
2601 814 2822 878 adierit,
2847 827 3112 884 quantum
3146 817 3210 869 ad
3251 827 3502 870 naturam

1932 905 2105 972 ipsius
2145 904 2388 972 pertinet
2427 905 2702 971 (namhoc
2733 905 2937 969 dicere,
2975 916 3068 959 aut
3100 908 3329 968 sentire,
3366 919 3509 960 attu-

1929 996 2029 1048 niti
2065 995 2307 1065 stuporis
2333 997 2464 1062 est),
2506 997 2598 1049 scd
2630 997 2796 1065 quod,
2825 997 2985 1051 sicuti
3032 999 3191 1052 modo
3221 999 3352 1063 dixi,
3380 1017 3508 1054 caro

1928 1089 2046 1157 ejus
2081 1100 2306 1142 mortem
2332 1089 2624 1159 gustavit.»
2672 1091 2907 1143 Rursum
2942 1091 3006 1144 ad
3037 1093 3280 1160 epistolm
3304 1091 3501 1146 Leonis

1927 1179 2155 1242 dictum,
2189 1183 2332 1249 quod
2366 1183 2444 1236 sic
2476 1182 2670 1236 habet:
2710 1201 2726 1232 ι
2761 1182 3039 1252 Opcratur
3077 1200 3317 1253 namque
3355 1197 3504 1237 utra-

1925 1287 2032 1342 que
2093 1273 2290 1337 l‘orma,
2356 1291 2479 1328 cum
2559 1277 2788 1330 alterius
2858 1280 3265 1366 com'rnuninnc,
3361 1280 3506 1346 quod

1922 1367 1973 1418 ei
2056 1367 2342 1435 proprium
2421 1379 2564 1431 est.
2617 1367 2792 1424 Verbo
2882 1369 3126 1438 quidem,
3210 1372 3261 1423 id
3359 1373 3506 1439 quod

1923 1458 2087 1512 Verbi
2157 1459 2623 1528 est,perlicienle,
2658 1477 2888 1530 corpore
2931 1472 3139 1526 autem,
3191 1463 3336 1531 quod
3382 1480 3506 1517 cor-

1922 1551 2072 1619 poris
2101 1560 2202 1614 est,
2238 1553 2590 1617 absolvente;
2625 1572 2642 1603 ›
2696 1562 2860 1621 atque
2913 1553 3046 1608 illud
3085 1555 3304 1623 quidem
3347 1557 3402 1610 in
3433 1572 3500 1610 en

1923 1643 2199 1698 miraculis
2231 1644 2456 1709 relucet,
2489 1645 2592 1700 hoc
2622 1646 3043 1714 auteminjuriis
3076 1649 3498 1702 etcontnmcliis

1922 1737 2201 1806 subiacet;
2239 1756 2256 1787 ι
2291 1737 2356 1790 ad
2391 1739 2514 1801 hoc,
2556 1739 2798 1807 inquam.
2835 1738 3046 1792 dictum
3081 1739 3370 1808 lllyticiset
3406 1741 3509 1793 Pa-

1923 1827 2149 1881 laastinis
2200 1843 2416 1880 rursum
2475 1829 3110 1898 ambigentibus,Aetins
3137 1830 3282 1884 aliud
3318 1830 3506 1900 Cyrilli

1928 1920 2231 1988 capitulum
2266 1919 2418 1989 legit,
2473 1921 2616 1988 quod
2651 1921 2731 1973 sic
2757 1921 2956 1974 habet:
3009 1941 3025 1970 ι
3068 1921 3336 1986 Qua'datn
3373 1939 3506 1976 sane

1930 2027 2094 2066 voces
2115 2027 2278 2080 quam
2319 2013 2551 2064 maxime
2585 2012 2753 2064 Deum
2793 2012 3011 2072 decent.
3042 2014 3290 2080 qmedam
3319 2023 3502 2067 autem

1929 2113 2122 2152 rursus
2150 2099 2354 2152 homini
2400 2099 2756 2164 conveniunt,
2789 2100 3035 2168 quaedam
3072 2117 3236 2170 porro
3263 2104 3503 2156 medium

1928 2190 2407 2253 obtinentlocum,
2441 2191 2637 2245 Filium
2679 2193 2775 2245 Dei
2815 2194 2980 2246 Deum
3030 2195 3192 2248 simul
3228 2206 3282 2248 ct
3319 2195 3500 2247 humi-

1929 2298 2053 2337 nem
2085 2297 2205 2336 esse
2239 2282 2664 2351 signiﬁcantes.»
2707 2283 2834 2337 Post
2865 2287 2999 2348 hazc,
3036 2287 3100 2338 de
3134 2287 3239 2338 alia
3256 2288 3501 2351 cpistola:

1927 2374 2124 2430 Leonis
2152 2386 2325 2444 parte,
2363 2392 2500 2445 quos
2527 2377 2788 2442 diximus,
2820 2379 3063 2449 episc0pi
3085 2380 3501 2444 addubitarunt,

1924 2468 2084 2536 cujus
2145 2469 2259 2522 haec
2315 2479 2441 2522 sunt
2473 2471 2674 2525 verba:
2716 2472 2972 2527 «Etiamsi
3005 2476 3153 2528 enim
3187 2477 3240 2530 in
3273 2477 3503 2531 Domino

1925 2563 2050 2616 Jesu
2083 2563 2301 2616 Christo
2333 2565 2425 2617 Dei
2466 2573 2522 2617 et
2544 2565 2785 2620 hominis
2812 2582 3045 2634 persona
3083 2586 3188 2624 una
3217 2581 3321 2634 est,
3347 2575 3494 2625 aliud

1930 2663 2109 2708 tamen
2147 2655 2279 2709 illud
2321 2666 2424 2717 est,
2470 2672 2534 2708 ex
2574 2673 2682 2725 quo
2727 2658 2780 2710 in
2824 2669 3057 2729 utroque
3088 2667 3396 2721 communis
3423 2678 3508 2720 cst

1929 2748 2126 2818 injuria
2155 2755 2210 2801 et
2238 2749 2574 2802 contumelia
2607 2766 2621 2802 ι
2657 2763 2711 2804 et
2749 2750 2920 2814 aliud,
2957 2768 3022 2806 co
3055 2771 3162 2822 quo
3193 2763 3506 2813 communis

1926 2841 2179 2894 consistit
2239 2841 2430 2909 gloria.
2497 2841 2577 2893 Ex
2630 2842 2790 2897 nobis
2817 2846 2964 2898 enim
3003 2846 3055 2897 in
3114 2861 3181 2899 co
3208 2860 3292 2902 est
3327 2852 3506 2904 minor

1938 2935 2093 2989 Patre
2156 2935 2494 3000 humanitas,
2535 2950 2603 2988 ex
2641 2935 2801 2990 Patre
2824 2947 3004 2990 autem
3045 2942 3270 3007 :cqualis
3297 2944 3346 2997 ei
3377 2962 3500 2999 cum

1927 3025 2086 3079 Patre
2129 3024 2410 3079 divinitas.
2439 3045 2456 3076 ι
2491 3026 2567 3079 lbi
2605 3037 2715 3080 tum
2758 3029 3128 3086 Tltcodoritus
3160 3050 3314 3102 mqua
3353 3039 3505 3091 lance

1929 3117 2093 3169 verba
2133 3131 2196 3169 ea
2226 3116 2556 3183 ponderans,
2588 3118 2808 3172 beatum
2857 3113 3100 3190 quoque.
3138 3125 3404 3196 Cyrillum
3439 3133 3505 3181 dr-.

223 3205 370 3270 πρὸς
401 3203 722 3273 Νεστόριον·
749 3204 808 3255 ὲν
842 3219 876 3276 ῃ
913 3201 1351 3271 παρακελεύεται
1403 3200 1588 3266 αὑτὸν,
1632 3200 1819 3252 συνθέ-
1847 3231 1888 3289 C

1847 3231 1888 3289 ρ
1926 3212 2100 3263 verbo
2156 3209 2221 3262 ad
2250 3209 2480 3264 verbum
2523 3212 2636 3266 lucc
2668 3212 2870 3268 dixisse
2905 3217 3127 3271 retulit:
3172 3235 3188 3268 ι
3225 3220 3292 3273 Εῑ
3339 3222 3504 3275 homo

225 3297 362 3349 σθαι
378 3297 494 3354 τοῖς
523 3294 735 3348 δώδεκα
767 3294 933 3348 αὑτοῦ
969 3296 1310 3360 κεφαλαίοις,
1342 3289 1422 3354 οἷς
1443 3296 1536 3345 καὶ
1565 3293 1612 3344 οἱ
1639 3293 1819 3344 λοιποὶ

223 3391 437 3449 πάντες
499 3389 808 3440 συνέθεντο·
845 3388 938 3440 καὶ
990 3387 1098 3438 τῶν
1138 3387 1417 3454 ἀρχόντων
1465 3385 1820 3452 διαλαλησαν-

219 3496 358 3544 των,
398 3483 629 3548 ἡμερῶν
663 3480 822 3532 πέντε
847 3479 1072 3547 διωρίαν
1107 3479 1306 3541 ἔδοντο,
1353 3477 1496 3528 ὥστε
1545 3478 1819 3530 συνελθεῖν

223 3573 535 3640 Ἀνατολίῳ
561 3573 641 3641 τῷ
699 3572 952 3642 προέδρῳ
1004 3573 1108 3640 τῆς
1159 3569 1818 3630 Κωνσταντινουπόλεως,

221 3668 273 3719 οἱ
309 3667 612 3718 ἐπίσκοποι
640 3666 858 3731 ,πάντες
911 3665 1298 3733 ὲπευφήμισαν
1345 3663 1515 3713 ταῦτα
1551 3663 1818 3722 εἰπόντες·

228 3778 247 3810 ι
301 3759 507 3826 Ἡμεῖς
528 3757 673 3809 οὕτω
691 3757 1043 3825 πιστεύομενο
1075 3758 1274 3816 πάντες
1294 3754 1437 3806 οὕτω
1460 3755 1815 3822 πιστεύομεν·

225 3852 306 3912 ὡς
339 3850 498 3902 Λέων
528 3849 671 3900 οὕτω
703 3849 1064 3917 πιστεύομεν.
1112 3847 1303 3916 Ἠμῶν
1329 3847 1503 3907 οὐδεὶς
1543 3847 1819 3915 ἀμφιϐάλ-

226 3941 334 3994 λει.
377 3942 578 4006 Ἡμεῖς
606 3941 808 4002 πάντες
835 3939 1262 4007 ὑπεγράψαμεν.
1302 3959 1320 3988 ι
1363 3939 1504 4006 Πρὸς
1535 3937 1570 3989 ἃ
1601 3939 1691 3990 ἐπὶ
1725 3940 1818 4008 ῥή-

230 4053 412 4104 ματος
454 4033 634 4085 ταῦτα
688 4033 1018 4100 λελάληταιο
1059 4050 1076 4081 ι
1111 4033 1225 4084 Οὐκ
1273 4033 1570 4098 ἀναγκαῖον
1618 4033 1819 4092 πάντας

227 4130 381 4196 ὑμᾶς
417 4127 723 4178 συνελθεῖν.
756 4124 900 4175 Ἀλλ’
931 4125 1121 4192 ἐπειδὴ
1143 4123 1438 4178 ἀκόλουθόν
1473 4125 1589 4174 ἐστι
1618 4140 1820 4174 πιστω-

224 4222 398 4287 θῆναι
433 4220 560 4279 τοὺς
599 4217 1070 4284 ἀμφιϐάλλοντας,
1101 4219 1128 4267 ὁ
1170 4214 1563 4274 εύλαϐἐστατος
1602 4215 1821 4266 ἐπίσκο-

222 4330 332 4375 πος
361 4311 675 4372 ’Δνατόλιος
723 4308 832 4362 ἀπὸ
865 4308 972 4360 τῶν
1015 4307 1454 4376 ὑπογραψάντων
1505 4306 1823 4374 ἐπιλέξηται

222 4407 323 4469 οὓς
361 4408 461 4458 ἐὰν
496 4404 696 4473 νομίσῃ
730 4404 866 4472 πρὸς
910 4399 1261 4454 διδασκαλίαν
1312 4402 1420 4452 τῶν
1452 4400 1822 4469 ἁμφιϐαλλόν-

225 4518 364 4552 των.
407 4515 426 4546 ι
460 4492 556 4558 Οἷς
580 4499 867 4564 ἐπήγαγον
907 4497 955 4547 oi
994 4495 1095 4563 τῆς
1127 4495 1350 4546 συνόδου
1402 4492 1597 4555 οὕτως’
1639 4511 1657 4544 ι
1698 4495 1820 4544 Δεό-

1931 3300 2128 3363 laetus,
2161 3317 2226 3354 eo
2253 3302 2398 3370 quod
2451 3303 2571 3371 ejus
2633 3305 2917 3372 pr0prium
2963 3307 3088 3368 fuit.
3119 3324 3226 3362 non
3267 3321 3502 3377 mutato,

1925 3391 1977 3444 id
2017 3393 2161 3460 quod
2195 3401 2312 3445 erat
2352 3393 2674 3461 permansit,
2708 3403 2762 3446 et
2783 3395 3016 3449 alterum
3045 3399 3096 3451 in
3131 3400 3306 3454 altero
3337 3403 3490 3455 habi-

1927 3491 2026 3544 tat,
2063 3482 2322 3535 videlicet
2357 3492 2552 3536 natura
2575 3483 2761 3536 divina
2793 3499 2917 3537 cum
2951 3486 3287 3543 hominibus.
3322 3509 3339 3540 ι
3388 3491 3502 3546 th

1927 3575 2062 3635 haec,
2091 3575 2419 3641 amplissimi
2455 3574 2755 3643 principes,
2790 3592 2922 3628 num
2958 3579 3142 3645 aliqua
3202 3581 3381 3634 adhuc
3409 3599 3498 3634 rc-

1924 3667 2068 3736 liqua
2099 3677 2242 3721 esset
2267 3668 2664 3730 controversia,
2712 3669 3154 3738 ittterrogaruut:
3208 3687 3259 3726 et
3286 3691 3496 3738 omnes,

1928 3761 2153 3812 minime
2227 3774 2285 3811 se.
2340 3759 2621 3825 ambigere
2679 3758 2960 3812 dixerunt.
3027 3759 3231 3815 Deinde
3290 3765 3502 3818 Atticus

1925 3849 2337 3912 Nicopolitanus
2383 3852 2678 3918 episcopus
2753 3852 2996 3918 permitti
3073 3854 3178 3907 sibi
3259 3859 3502 3920 postula-

1923 3940 2022 3999 vit,
2075 3949 2132 3992 ut
2180 3939 2233 3991 in
2294 3940 2489 3991 diebus
2561 3940 2771 4006 paucis.
2844 3942 3028 3994 animo
3089 3947 3382 4005 tranquillo
3451 3956 3505 4001 ct

1924 4035 2130 4099 quieto.
2166 4033 2256 4085 Dei
2299 4040 2354 4084 et
2378 4031 2689 4084 divinorum
2715 4033 2933 4086 Patrum
2971 4034 3253 4090 decretum
3281 4041 3333 4092 in
3367 4055 3505 4094 con-

1925 4124 2259 4176 stitutionem
2305 4123 2511 4176 referre
2561 4135 2762 4191 posset.
2800 4124 3096 4191 Epistulam
3154 4144 3368 4197 qumque
3400 4131 3504 4200 Cy-

1925 4215 2029 4267 rilli
2063 4214 2127 4267 ad
2150 4214 2458 4267 Nestorium
2491 4216 2609 4268 dari
2647 4215 2748 4268 sibi
2793 4217 2965 4282 petiit,
2995 4219 3048 4270 in
3077 4236 3181 4288 qua
3219 4223 3368 4274 illum
3397 4224 3503 4292 Cy-

1927 4307 2099 4370 rillus,
2127 4316 2185 4359 ut
2209 4306 2494 4360 duodecim
2528 4309 2803 4375 capitibus
2830 4309 2964 4372 suis,
2996 4311 3066 4362 ita
3092 4321 3149 4364 ut
3181 4313 3270 4365 alii
3310 4330 3502 4369 omnes

1926 4398 2204 4461 fecissent,
2233 4400 2604 4452 asschsionem
2649 4415 2801 4452 suam
2848 4405 3140 4468 prasberet,
3196 4405 3501 4462 admonuit.

1927 4490 1990 4543 Et
2043 4492 2318 4560 principes
2353 4492 2690 4554 interlocuti,
2730 4492 2945 4546 dierum
2992 4497 3235 4565 quinque
3286 4508 3502 4570 tempus

229 4593 380 4660 μεθα
415 4591 570 4658 παρὰ
603 4590 713 4640 τῶν
743 4588 1002 4658 Πατέρων
1047 4592 1114 4657 τῇ
1148 4587 1352 4656 συνόδῳ
1378 4588 1479 4649 τὰς
1527 4589 1711 4654 φωνὰς
1743 4586 1821 4655 τῷ
1858 4574 1898 4628 ί)

1858 4574 1898 4628 D
1928 4580 1978 4634 ei
2005 4596 2348 4642 concessere,
2376 4591 2573 4634 utcum
2597 4581 2850 4634 Anatolio
2875 4583 3494 4656 Constantinopolitatm

226 4684 474 4753 βασιλεῖ,
506 4684 608 4745 τὰς
642 4681 852 4743 ἱκεσίας
880 4681 990 4732 τῶν
1026 4681 1332 4748 ὁρθοδόξων
1354 4694 1367 4708 ⁸
1406 4683 1607 4743 πάντες
1639 4681 1820 4750 ὴμάρ-

222 4789 428 4841 τομεν,
475 4771 613 4822 πᾶσι
646 4768 1054 4838 συγχωρηθείη.
1091 4787 1111 4819 ι
1153 4770 1216 4818 Ui
1257 4768 1312 4819 δὲ
1346 4769 1443 4836 τῆς
1480 4770 1820 4821 Κωνσταντι-

223 4865 549 4923 νουπόλεως
586 4862 914 4929 Ἐκκλησίας
945 4861 1279 4929 ἐπεϐόησανο
1313 4879 1329 4911 ι
1356 4861 1558 4928 Ὀλίγοι
1590 4863 1819 4928 κράζου-

226 4977 337 5022 σιν,
381 4959 444 5010 οὐ
480 4958 630 5023 λέγει
701 4958 734 5024 ἡ
763 4955 1002 5016 σύνοδος.
1035 4974 1053 5005 ι
1098 4954 1234 5008 Μεθ’
1281 4954 1372 5017 οὓς
1409 4956 1456 5007 οἱ
1490 4955 1587 5025 τῆς
1643 4955 1717 5007 ἓω
1746 4954 1820 5007 εἷ-

225 5069 351 5114 πον,
396 5067 416 5100 c
448 5051 556 5100 Τὸν
589 5050 892 5114 Αίγύπτιον
931 5050 997 5116 τῇ
1049 5047 1254 5117 ἐξορία.
1297 5065 1315 5097 ›
1355 5048 1419 5100 Ol
1470 5048 1527 5098 δὲ
1569 5047 1819 5114 Ἰλλυριοὶ

224 5139 618 5209 ἐκραύγασαν⁸
661 5156 677 5186 ι
707 5137 976 5206 Δεόμεθα,
1001 5138 1207 5199 πάντας
1239 5138 1478 5207 ἐλέησον.
1515 5157 1530 5188 ι
1567 5140 1702 5191 Μεθ’
1728 5138 1819 5201 οὒς

226 5238 277 5285 οἱ
312 5229 657 5292 ἁνατολικοὶ,
715 5247 734 5280 ι
761 5231 864 5281 Τὸν
888 5231 1189 5297 Αἰγύπτιον
1214 5234 1281 5299 τῇ
1308 5232 1514 5301 ἐξορῐα.
1545 5249 1562 5282 ›
1591 5232 1820 5301 Ἐπὲσης

227 5329 288 5378 δε
339 5327 438 5378 καὶ
485 5324 769 5390 Ἰλλυριῶν
816 5323 1118 5391 λεγόντων,
1162 5325 1210 5376 oi
1259 5324 1357 5391 τῆς
1405 5326 1817 5377 Κωνσταντίνου

225 5419 615 5486 ἐκραύγασαν·
639 5415 1079 5484 ιΤὺνΔιόσκορον
1092 5419 1156 5484 τῇ
1188 5415 1488 5485 ἐξορίαοτδν
1519 5417 1817 5482 Αίγύπτιον

226 5518 296 5580 τῇ
332 5511 545 5580 ὲξορία·
589 5510 678 5562 τὸν
703 5509 980 5577 αίρετικθιν
1003 5510 1068 5575 τῇ
1093 5507 1276 5577 ὲξορίᾳ
1299 5523 1310 5535 ·
1332 5509 1621 5576 Διόσκορον
1641 5510 1667 5559 ὁ
1686 5510 1819 5576 Χρι-

227 5610 356 5670 στὶς
377 5607 682 5658 καθεῖλεν.»
706 5605 770 5656 Ol
797 5603 853 5654 δὲ
870 5601 1142 5669 Ἰλλυριοὶ,
1164 5618 1181 5649 ι
1213 5602 1420 5660 Πάντες
1441 5602 1814 5670 ἡμάρτομεν.»

226 5699 422 5764 εἷπον,
466 5719 483 5750 ι
513 5700 651 5750 πᾶσι
702 5693 1083 5763 συγχώρησον,
1132 5693 1422 5760 Διόσκορον
1466 5696 1532 5763 τῇ
1587 5695 1816 5762 συνόδῳ·

225 5798 524 5861 Avis-4090';
571 5792 692 5848 ταῖς
735 5787 1074 5856 ἐκκλησίαις.
1111 5804 1129 5834 ι
1183 5786 1289 5837 Καὶ
1335 5785 1510 5838 ἄλλων
1555 5785 1611 5838 δέ
1655 5803 1816 5840 τ;νων

518 5958 770 6013 ΡΑτιιιιι.
838 5953 952 6007 tiu.
988 5949 1178 6008 CXL‘
1209 5948 1284 6006 ll.

1927 4675 2176 4728 antitistc
2199 4672 2656 4741 congrederetur.
2706 4673 2872 4742 650
2915 4675 2979 4728 Et
3008 4676 3251 4745 episcopi
3303 4695 3498 4734 omnes

1927 4768 2120 4822 faustis
2146 4767 2640 4821 acclamationibus
2681 4766 2794 4819 lucc
2837 4768 3152 4828 laudarunt,
3187 4773 3500 4826 vociferan—

1930 4872 2042 4916 tes:
2088 4861 2223 4914 «Nos
2255 4862 2330 4914 sic
2361 4859 2638 4912 credimus
2665 4875 2682 4910 :
2713 4873 2908 4912 omnes
2933 4859 3002 4912 ita
3027 4863 3322 4926 credimus,
3353 4868 3496 4919 sicut

1928 4956 2058 5015 Leo,
2085 4959 2156 5010 ita
2176 4955 2466 5008 credimUs.
2495 4953 2662 5006 Nemo
2692 4962 2937 5005 nostrum
2965 4954 3208 5023 ambigit.
3241 4956 3346 5010 Nos
3362 4975 3483 5012 οιιιο

1928 5063 2026 5102 nes
2066 5046 2546 5114 subscripsimus.)
2582 5044 2785 5098 Deinde
2811 5045 2973 5099 verba
3008 5044 3122 5098 hare
3156 5047 3299 5101 dicta
3326 5062 3488 5105 sunt:

1935 5159 1954 5191 ι
1977 5140 2091 5194 Νοιι
2120 5154 2343 5192 necesse
2375 5147 2457 5191 est
2487 5145 2543 5189 ut
2565 5150 2755 5188 omnes
2785 5135 3195 5189 conveniamus.
3225 5139 3494 5196 Caeterum

1927 5232 2183 5300 quoniam
2202 5245 2416 5297 aequum
2441 5238 2545 5290 est,
2562 5225 2959 5294 ambigentium
2980 5224 3140 5278 fidem
3162 5229 3495 5294 conﬁrmari,

1929 5322 2370 5391 religiosissimus
2396 5321 2691 5389 episc0pus
2724 5317 3011 5372 Anatolius
3055 5332 3118 5370 ex
3149 5319 3489 5388 subscriptu-

1928 5416 2080 5469 ribus
2107 5415 2328 5482 deligat,
2358 5428 2496 5480 quos
2529 5412 2596 5464 ad
2622 5411 2956 5479 ambigentes
2980 5411 3254 5464 dueendos
3278 5413 3490 5481 judica-

1928 5512 2069 5565 verit
2103 5525 2224 5563 esse
2249 5507 2526 5561 idoneos.»
2555 5506 2632 5560 lbi
2655 5506 2745 5573 qui
2775 5505 2827 5556 in
2864 5506 3073 5575 synodo
3096 5519 3488 5568 convenerant,

1928 5604 2271 5658 intulerunt:
2303 5618 2320 5650 ι
2352 5601 2392 5653 Α
2418 5597 2668 5652 Patribus
2693 5599 2952 5665 petimus,
2982 5609 3041 5650 ut
3070 5597 3259 5652 Patres
3284 5602 3492 5667 synodo

1929 5693 2243 5753 restituant,
2309 5699 2367 5742 ut
2431 5704 2588 5742 voces
2640 5699 2691 5740 et
2726 5703 2920 5756 preces
2950 5689 3378 5741 orthodoxoruan
3424 5690 3488 5740 ad

1928 5787 2309 5853 imperatorem
2337 5780 2613 5835 referant:
2648 5796 2834 5834 utnnes
2884 5780 3258 5848 peccavimus,
3316 5782 3491 5831 (inmi-

2987 5942 3016 5997 ι.
