4236 6442
295 438 398 503 10‘.)

1223 432 1822 492 ECCIEhlASTltlsE
1865 427 2252 490 HISTORLE
2296 427 2446 484 Llll.
2491 427 2612 485 XV.

3435 420 3530 484 1ίο

287 553 385 605 καὶ
419 546 552 618 περὶ
591 545 773 601 αὐτῶν
807 543 915 596 τῶν
946 543 1128 603 πέντε,
1163 539 1306 609 ὑπὲρ
1337 534 1412 596 ὧν
1448 540 1548 606 τὴν
1584 538 1863 607 παράκλη-
1895 551 1935 603 Α

1858 568 1863 575 -
1895 551 1935 603 Α
1967 546 2212 592 nostrum
2255 535 2323 588 de
2363 536 2464 599 eis,
2498 546 2554 590 et
2592 533 2920 590 sententiam
2956 535 3179 601 pietatis
3213 536 3330 607 ejus
3371 555 3531 607 expe~

291 659 380 693 σιν
426 637 692 701 ποιεῖσθε,
741 637 838 690 καὶ
883 634 1104 688 πάντων
1131 631 1238 686 τῶν
1271 630 1678 700 πεπραγμένων
1707 631 1763 681 ἐν
1793 632 1858 698 τῇ

290 733 501 800 συνόδῳ
547 731 711 782 δώσει
762 727 920 792 λόγον
971 727 1050 794 τῷ
1085 723 1224 794 Θεῷ.
1267 743 1285 776 ι
1321 723 1756 792 Ἐπευφήμησαν
1780 721 1864 772 λέ-

288 839 516 892 γοντες’
560 840 577 872 ι
626 821 921 892 Διόσκορον
951 819 978 871 ό
1014 818 1152 881 Θεὸς
1187 817 1407 870 καθεῖλε
1429 833 1443 848 ·
1471 817 1758 884 Διόσκορος
1788 815 1862 866 δι-

288 919 469 979 καίως
507 914 786 986 καθῃρέθη
814 928 829 942 ⁸
878 913 1173 979 Διόσκορον
1203 913 1230 963 ὁ
1263 909 1494 980 Χριστὸς
1551 909 1787 960 καθεῖλε.
1839 926 1856 957 ι

286 1009 403 1076 Τῆς
436 1007 480 1060 δ’
513 1007 618 1059 ἀπὸ
650 1003 974 1074 Μαρκιανοῦ
1026 1002 1372 1070 ἀποκρίσεως
1406 1000 1738 1069 ἐνεχθείσης.
1762 998 1859 1048 κά-

290 1100 497 1160 κείνοις
531 1095 937 1166 ἐπιτρεπούσης
965 1095 1033 1146 τὰ
1063 1093 1170 1146 τῶν
1213 1094 1616 1165 καθῃρημένων
1644 1091 1862 1144 ἐπισκό-

285 1213 432 1256 πων,
467 1194 538 1252 ὡς
588 1191 679 1244 διὰ
714 1191 822 1242 τῶν
855 1189 1134 1259 ἀρχόντων
1169 1187 1433 1254 ἐδηλώθη.
1468 1187 1637 1238 ταῦτα
1667 1187 1699 1254 ἠ
1735 1185 1862 1236 σύν-

282 1286 404 1345 οδος
459 1285 552 1334 ἐπὶ
614 1282 814 1345 λέξεως
876 1275 1042 1330 εἷπε·
1101 1298 1118 1330 ι
1173 1275 1611 1346 Παρακαλοῦμεν
1665 1276 1861 1337 αὐτοὺς

285 1376 578 1436 εἰσελθεῖν,
614 1374 740 1434 τοτλς
772 1370 1066 1440 ὁμοδόξους
1101 1373 1166 1440 τῇ
1214 1370 1436 1438 συνόδῳ,
1471 1367 1596 1428 τοὺς
1629 1366 1861 1434 όμόςρο-

283 1487 382 1526 νας
432 1470 498 1535 τῇ
554 1465 776 1530 συνόδῳ,
829 1463 956 1523 τοὺς
1011 1461 1436 1529 ὑπογράψαντας
1485 1463 1552 1529 τῇ
1603 1457 1858 1524 ἐπιστολῇ

282 1561 513 1617 Λέοντος
544 1560 609 1624 τῇ
646 1554 868 1623 συνόδῳ,
912 1572 930 1605 ι
979 1553 1101 1604 Ἐπὶ
1134 1553 1344 1614 τούτοις
1380 1550 1434 1602 αἱ
1466 1549 1746 1616 δεδομέναι
1779 1547 1862 1598 δε-

281 1655 441 1717 ήσεις
489 1649 806 1700 ἐπισκόπων
863 1647 958 1716 τῆς
999 1644 1377 1713 Αἰγυπτιακῆς
1430 1643 1746 1711 διοικήσεως
1785 1641 1860 1712 τῷ

283 1744 502 1811 βασιλεῖ
536 1740 843 1811 Μαρκιανῷ
865 1739 1224 1808 ἀναγνώσεως
1254 1738 1442 1807 ἔτυχον
1461 1751 1474 1766 ’
1504 1737 1557 1789 αϊ
1591 1735 1724 1805 πρὸς
1751 1738 1861 1797 τοῖς

281 1835 471 1898 ἄλλοις
506 1836 597 1886 καὶ
627 1834 797 1886 ταῦτα
826 1833 891 1902 δὴ
921 1837 1198 1902 περιεῖχον
1224 1846 1236 1859 ⁸
1276 1849 1294 1882 ι
1344 1829 1653 1900 Φρονοῦμεν
1681 1827 1861 1889 καθὼς

1966 639 2202 683 ctainus.
2245 626 2455 696 Religio
2502 637 2685 680 autem
2715 634 2896 680 vestra
2922 637 2976 680 et
3007 627 3075 681 de
3115 628 3404 691 Dioscoro,
3441 631 3527 683 cui

1964 721 2284 790 dignitatem
2311 733 2467 772 sacra
2516 719 2798 788 majestate
2848 717 3118 788 nobisque
3145 720 3532 786 ignorantibus

1965 812 2295 882 abrogastis,
2321 822 2378 866 et
2405 810 2472 864 de
2507 813 2751 880 quinque
2782 813 2901 866 istis
2950 827 3048 881 pro
3080 812 3282 881 quibus
3326 815 3530 882 precati

1962 902 2116 965 estis,
2151 902 2385 970 denique
2413 904 2480 956 de
2502 902 2664 956 rebus
2690 901 2742 954 in
2771 901 2976 971 synodo
2993 901 3093 955 hac
3120 902 3290 972 gestis
3315 905 3529 960 univer-

1964 993 2061 1057 sis,
2144 992 2255 1044 Deo
2334 992 2603 1047 rationem
2673 991 2886 1045 reddet.
2938 1012 2956 1038 ι
3017 992 3354 1048 Sententiam
3412 1011 3527 1049 eam

1965 1086 2456 1139 acclamationibus
2534 1087 2780 1156 episcopi
2859 1087 3184 1156 probarunt,
3237 1089 3522 1143 dicentes:

1969 1194 1988 1225 ε
2033 1178 2353 1231 Dioscorum
2387 1179 2531 1232 Deus
2583 1181 2982 1241 exauctoravit,
3042 1180 3332 1234 Dioscorus
3382 1182 3528 1252 juste

1967 1268 2251 1323 abdicatus
2275 1269 2670 1336 est,Dioscmo
2722 1271 2974 1327 Christus
3027 1273 3347 1342 dignitatem
3397 1275 3526 1326 ade-

1967 1363 2115 1414 mit.»
2153 1364 2441 1433 Postquam
2462 1379 2490 1416 a
2514 1365 2786 1418 Marciano
2821 1381 3142 1433 responsum
3171 1366 3390 1418 allatum
3421 1377 3526 1423 est,

1963 1467 2072 1519 quo
2099 1454 2370 1522 episcopis
2396 1455 2525 1524 quid
2558 1459 2621 1508 de
2653 1457 3024 1509 exauctoratis
3063 1457 3168 1510 illis
3197 1465 3526 1513 statuerem,

1962 1545 2121 1615 652
2153 1548 2422 1617 permisit,
2457 1548 2619 1604 sicuti
2652 1549 2754 1602 hoc
2781 1565 2808 1602 a
2835 1549 3178 1618 principibus
3223 1547 3525 1602 indicatum

1962 1650 2066 1706 est,
2103 1641 2344 1710 synodus
2375 1642 2481 1696 hoc
2513 1643 2590 1695 sic
2618 1642 2682 1694 ad
2710 1642 2935 1695 verbum
2970 1641 3152 1694 dixit:
3197 1660 3212 1692 ι
3254 1640 3527 1709 Rogamus

1962 1751 2058 1791 eos
2091 1745 2148 1790 ut
2173 1735 2570 1804 ingrediantur,
2600 1737 2809 1806 synodo
2839 1736 2927 1805 qui
2961 1737 3205 1805 ejusdem
3238 1736 3524 1789 nobiscum

1964 1831 2250 1883 sententiae
2291 1839 2418 1883 sunt
2451 1831 2835 1894 restituantur,
2891 1828 3099 1898 synodo
3155 1827 3407 1896 quicum
3463 1841 3525 1880 ea

278 1931 384 1980 καὶ
416 1930 467 1980 oi
500 1930 806 1996 τριακόσιοι
832 1927 964 1979 δέκα
994 1930 1088 1980 καὶ
1113 1924 1257 1976 ὀκτὼ
1279 1927 1336 1976 ἐν
1357 1923 1563 1991 Νικαίᾳ
1591 1921 1856 1984 ἐξέθεντο,
1893 1924 1931 1977 Β

1852 1963 1856 1981 ,
1893 1924 1931 1977 Β
1964 1920 2104 1974 idem
2133 1921 2432 1990 opinantur
2457 1923 2779 1986 reddantur,
2809 1921 2874 1974 ad
2906 1921 3172 1990 synodum
3204 1920 3298 1989 qui
3331 1921 3525 1974 Leonis

280 2025 382 2075 καὶ
414 2025 441 2074 ὁ
477 2022 747 2089 μακάριος
791 2020 1132 2084 Ἀθανάσιος,
1163 2017 1259 2070 καὶ
1286 2019 1313 2069 ὁ
1347 2018 1402 2067 ἐν
1449 2015 1624 2082 ἁγίοις
1661 2013 1858 2082 Κύριλ-

278 2115 396 2176 λος,
429 2113 924 2180 ἀναθεματίζοντες
952 2113 1133 2163 πᾶσαν
1159 2110 1391 2178 αἵρεσιν,
1417 2109 1519 2176 τήν
1552 2124 1608 2158 τε
1649 2107 1857 2174 Ἀρείου

277 2211 378 2259 καὶ
416 2207 708 2273 Εὑνομίου,
752 2209 843 2257 καὶ
893 2205 1080 2258 Μάνου
1134 2204 1229 2254 καὶ
1277 2199 1596 2269 Νεστορίου,
1630 2198 1860 2250 καὶτῶν

276 2300 553 2365 λεγόντων
591 2297 648 2364 ἐξ
681 2297 910 2366 οὐρανοῦ
946 2296 1043 2364 τὴν
1083 2295 1258 2362 σάρκα
1303 2292 1396 2345 τοῦ
1445 2291 1650 2355 Κυρίου
1701 2289 1858 2359 ἡμῶν

279 2389 449 2455 εἶναι,
477 2392 575 2443 καὶ
604 2391 679 2458 μὴ
711 2392 774 2441 ἐκ
810 2389 910 2456 τῆς
954 2387 1115 2454 ἁγίας
1146 2386 1410 2438 Θεοτόκου
1447 2384 1540 2437 κει
1570 2383 1859 2450 ἀειπαρθέ-

277 2501 374 2534 νου
427 2481 653 2546 Μαρίας
686 2477 808 2532 καθ’
855 2478 1148 2546 ὁμοιότητα
1204 2475 1420 2526 πάντων
1477 2474 1635 2540 ἡμῶν
1690 2475 1857 2540 χωρὶς

278 2574 585 2640 ἁμαρτίας.
632 2589 650 2622 ι
684 2571 826 2639 Πρὸς
861 2570 1004 2639 ειπερ
1029 2569 1077 2620 οἱ
1105 2568 1200 2636 τῆς
1249 2565 1470 2617 συνόδου
1501 2564 1740 2633 ἔκραξαν
1774 2564 1858 2613 λέ-

276 2682 472 2733 γοντες
501 2681 513 2694 ’
552 2681 570 2714 ι
619 2663 694 2715 Τὸ
723 2661 900 2730 δόγμα
950 2659 1251 2728 Εὑτυχοῧς,
1275 2658 1363 2710 διὰ
1395 2656 1447 2708 τί
1483 2657 1557 2723 μὴ
1601 2656 1695 2709 καὶ
1730 2656 1859 2706 αὐτὸ

278 2757 669 2812 καθυπὲὃαλον
698 2754 1003 2823 ἀναθέματι
1032 2772 1046 2818 ;
1080 2755 1158 2822 Τῇ
1187 2752 1446 2820 ἐπιστολῇ
1475 2750 1703 2811 Λέοντος
1731 2748 1858 2798 ὐπο-

274 2851 496 2920 γραψαι
547 2848 900 2916 ὀφείλουσιν·
960 2844 1452 2913 ἁναθεματίζοντες
1503 2842 1736 2909 Εὑτυχεῖ
1768 2842 1859 2891 καὶ

273 2942 394 3000 τοῖς
429 2939 700 3004 δόγμασιν
730 2933 921 2997 αὑτοῦ,
952 2932 1252 2986 σύνθωνται
1292 2932 1357 2999 τῇ
1390 2930 1650 2997 ἐπιστολῇ
1698 2929 1859 2980 Λέον-

275 3048 396 3093 τος.
447 3028 745 3090 Διαπαῖξαι
806 3027 954 3094 ἡμᾶς
1021 3023 1306 3095 βούλονται
1365 3022 1461 3075 καὶ
1511 3019 1786 3074 ἀπελθεῖν.
1834 3038 1852 3070 ι

277 3126 430 3194 Πρὸς
461 3123 634 3177 ταῦτα
669 3123 716 3172 οἱ
742 3119 1036 3187 Αἰγύπτιοι
1069 3118 1361 3170 ἐπίσκοποι
1391 3109 1542 3166 εἵπον
1566 3129 1582 3145 ο
1615 3131 1632 3164 ι
1667 3112 1858 3166 Πολλοί

276 3217 423 3268 είσιν
456 3216 514 3266 ἐν
555 3213 819 3280 Αἰγύπτῳ
853 3210 1144 3262 ἐπίσκοποι
1172 3223 1187 3239 ο
1229 3209 1324 3260 καὶ
1363 3208 1463 3258 οὑκ
1493 3205 1610 3271 ἐξὸν
1640 3207 1770 3273 ἡμῖν
1798 3203 1857 3255 τὸ

271 3307 392 3358 τῶν
447 3303 991 3372 ἁπολιμπανομένων
1048 3297 1413 3363 ἀναδέξασθαι
1468 3297 1780 3366 πρόσωπον.
1831 3315 1848 3347 ι

275 3398 389 3450 Καὶ
427 3395 640 3448 ἱκεσίαν
671 3397 736 3462 τῇ
774 3393 978 3458 συνόδῳ
1016 3391 1320 3460 προσῆγον,
1344 3388 1436 3440 τὸν
1460 3387 1643 3441 αὐτῶν
1671 3387 1854 3458 ἀρχιε-

275 3491 558 3542 πίσκοπον
593 3487 935 3554 περιμένειν,
967 3485 1043 3545 ὡς
1072 3484 1138 3535 ἂν
1159 3484 1224 3552 τῇ
1250 3482 1462 3535 ἐκείνου
1491 3479 1687 3551 γνώμῃ
1712 3480 1853 3533 κατὰ

273 3585 337 3634 τὸ
373 3581 656 3633 συνοδικὺν
683 3579 802 3640 ἔθος
839 3577 1096 3645 ἕψωνται.
1131 3575 1194 3626 Ei
1225 3575 1332 3643 γὰρ
1382 3573 1486 3642 πρὸ
1507 3572 1605 3640 τῆς
1635 3569 1730 3624 τοῦ
1759 3588 1854 3622 κα-

275 3674 589 3743 θηγεμόνος
648 3670 846 3740 βουλῆς
882 3686 934 3721 τι
982 3665 1304 3735 προαχθῶσι
1335 3664 1561 3734 πρᾶξαι,
1585 3663 1854 3716 ἐπιθεῖναι

273 3769 467 3828 αὐτοῖς
529 3764 654 3824 τοὺς
711 3763 811 3831 τῆς
863 3758 1134 3829 ἐπαρχίας
1179 3758 1536 3819 ἐπισκόπους.
1573 3757 1782 3824 Πολλῆς
1810 3755 1854 3807 δ’

271 3857 456 3927 ἔριδος
493 3854 695 3922 μεταξῦ
724 3853 950 3905 ἐκείνων
1001 3851 1092 3902 καὶ
1127 3850 1229 3918 τῆς
1292 3847 1514 3900 συνόδου
1552 3847 1853 3918 γεγενημέ-

272 3967 396 4015 νης,
431 3947 586 4014 μόλις
615 3945 834 4011 ἐνεδόθη
867 3945 1050 4004 αὐτοῖς
1077 3944 1182 4004 Em;
1210 3935 1271 3993 οὗ
1298 3941 1599 4001 ἐπίσκοπος
1624 3940 1854 4002 ἐκείνοις

270 4037 719 4109 προχειρισθείη.
771 4032 905 4088 Εἶτα
934 4036 1148 4103 δεήσεις
1175 4032 1340 4084 τινῶν
1371 4031 1622 4100 μοναχῶν
1673 4031 1856 4099 παρή-

269 4151 478 4202 γοντο·
524 4126 598 4185 ὧν
633 4132 692 4183 τὸ
745 4128 1042 4197 κεφάλαιον
1073 4123 1160 4195 ἦν,
1212 4125 1285 4195 μὴ
1334 4124 1563 4191 ἐπάγειν
1610 4123 1854 4190 ἀνάγκην

267 4227 474 4286 αὐτοὺς
514 4225 747 4291 χάρταις
802 4218 1259 4286 καθυπογράφειν
1315 4217 1447 4278 τισὶ,
1481 4215 1676 4284 μέχρις
1719 4213 1783 4266 ἂν
1820 4215 1850 4283 ἡ

265 4322 428 4371 πᾶσα
484 4315 706 4374 σύνοδος
745 4310 1090 4382 ἁθροισθείη,
1139 4309 1208 4377 ἣν
1265 4306 1521 4368 ἐθέσπιζε
1577 4305 1851 4374 βασιλεὺς,

265 4411 367 4461 καὶ
395 4409 464 4458 τα
496 4404 858 4472 τετυπωμένα
886 4400 1068 4461 καλῶς
1099 4397 1325 4467 διαγνῷ.
1353 4389 1453 4448 Ὦν
1488 4395 1853 4463 ἀναγνωσθει-

267 4499 407 4556 σῶν,
436 4496 697 4562 Διογένης
719 4493 1022 4554 ἐπίσκοπος
1054 4490 1298 4550 Κυζίκου
1332 4489 1553 4540 ἀνεῖπεν
1583 4486 1678 4538 ἕνα
1711 4481 1851 4539 εἶναι

1962 2013 2206 2082 epistola:
2232 2015 2684 2082 subscripserunt
2717 2024 3085 2070 revertantur.
3122 2033 3138 2064 ι
3183 2014 3371 2067 Postea
3400 2029 3523 2080 sup-

1963 2107 2135 2174 plices
2208 2109 2596 2176 episcoporunt
2676 2105 2938 2174 Egyptiae
3015 2109 3269 2163 diter-esis
3354 2108 3523 2161 libelli

1961 2199 2237 2254 Marciano
2264 2201 2454 2260 oblati,
2487 2200 2608 2254 lecti
2655 2213 2804 2263 sunt,
2846 2204 2900 2258 in
2939 2205 3140 2272 quibus
3172 2214 3368 2271 praeter
3418 2205 3522 2256 alia

1959 2288 2075 2344 haec
2137 2288 2327 2343 fuere:
2368 2309 2386 2341 ‹
2438 2289 2912 2355 Quemadmodum
2953 2294 3182 2346 trecenti
3225 2294 3416 2347 decem
3469 2303 3524 2345 et

1959 2392 2083 2437 octo
2118 2383 2172 2436 in
2205 2383 2419 2436 Nicazna
2456 2384 2592 2437 urbe
2629 2383 2816 2437 l‘aties
2859 2387 3298 2453 promulgarunt,
3354 2386 3426 2439 ita
3472 2398 3525 2438 et

1961 2488 2063 2526 nos
2086 2472 2394 2526 sentimus:
2437 2481 2492 2526 et
2536 2474 2870 2527 anathemati
2909 2477 3235 2546 subjicimus
3268 2477 3521 2530 haeresim

1959 2581 2176 2620 omnem
2208 2566 2323 2619 Arii
2378 2576 2431 2620 et
2470 2566 2749 2629 Eunmnii,
2783 2576 2838 2620 et
2885 2566 3114 2621 Manctis
3159 2577 3213 2620 ct
3258 2568 3520 2631 Nestorii,

1959 2670 2015 2712 et
2068 2673 2257 2712 eorum
2323 2659 2414 2728 qui
2443 2660 2636 2713 dicunt
2691 2675 2912 2714 carnem
2978 2661 3191 2714 Domini
3231 2662 3402 2716 nostri
3455 2663 3523 2716 de

1958 2751 2097 2804 coelo
2138 2753 2376 2816 venisse,
2435 2760 2490 2805 et.
2543 2767 2652 2804 non
2712 2767 2778 2806 ex
2831 2764 3020 2806 sancta
3088 2754 3179 2806 Dei
3243 2755 3523 2810 Genilricc

1959 2850 2123 2911 atquc
2175 2851 2438 2912 perpetua
2506 2844 2713 2914 virgine
2765 2844 2929 2898 Maria
2985 2856 3322 2914 assumptam
3377 2863 3521 2911 esse,

1955 2932 2107 3003 juxta
2173 2934 2592 2989 similitudinem
2653 2937 2900 2990 onmium
2976 2949 3249 3001 nostrum,
3313 2940 3520 3008 absque

1957 3036 2200 3094 peccato.
2242 3044 2260 3078 ›
2293 3025 2492 3080 Adhzec
2521 3028 2761 3098 synodus
2791 3029 3104 3083 exclamans
3137 3031 3275 3084 dixit
3317 3049 3329 3084 :
3379 3032 3518 3086 «Cur

1959 3118 2275 3187 Eutychetis
2303 3119 2466 3173 etiam
2499 3119 2695 3188 dogma
2745 3122 3093 3177 anathemate
3138 3138 3244 3176 non
3285 3123 3522 3178 feriunt?

1963 3207 2219 3277 Epistolaa
2254 3210 2450 3265 Leonis
2493 3210 2842 3266 subscribere
2893 3213 3118 3278 debent,
3157 3216 3516 3285 Eutychetem

1959 3307 2014 3354 et
2062 3299 2311 3369 dogmata
2355 3301 2477 3372 ejus
2523 3301 2874 3357 anathemate
2913 3304 3265 3373 jugulautes;
3320 3307 3519 3361 Leonis

1960 3391 2206 3459 epistolae
2235 3392 2607 3447 consentiant.
2648 3393 2882 3447 llludere
2930 3397 3088 3450 nobis
3128 3407 3183 3450 et
3238 3398 3520 3452 discedere

1957 3483 2168 3535 volunt.
2208 3501 2225 3535 ι
2263 3484 2339 3536 lbi
2366 3493 2480 3537 tum
2511 3483 3007 3554 Egyptiiepiscopi
3041 3491 3270 3544 dixere:
3315 3509 3332 3540 ι
3368 3493 3517 3546 Multi

1957 3581 2083 3628 sunt
2125 3575 2176 3628 in
2215 3573 2448 3644 Egypto
2485 3578 2728 3646 episcopi
2772 3596 2785 3632 :
2817 3595 2993 3647 neque
3025 3582 3204 3646 nobis,
3234 3595 3293 3637 ut
3325 3601 3516 3639 eorum

1958 3681 2245 3735 personam
2272 3669 2364 3734 qui
2407 3668 2605 3721 absunt
2630 3671 3020 3734 sustineamus,
3055 3673 3324 3742 integrum
3357 3685 3460 3729 est.
3496 3697 3513 3728 ι

1959 3755 2030 3809 Ει
2063 3758 2282 3825 synodo
2305 3758 2708 3825 supplicarunt,
2740 3767 2798 3812 ut
2825 3760 2927 3823 eis,
2951 3763 3129 3829 quoad
3151 3763 3520 3834 archiepisco-

1957 3860 2085 3913 pum
2121 3861 2279 3898 suum
2323 3847 2612 3909 haberent,
2648 3858 2963 3918 exspectare
3010 3851 3201 3906 liceret
3233 3893 3246 3917 ,
3301 3866 3491 3910 seuteu

1958 3938 2086 3990 tiam
2128 3949 2181 3990 et
2242 3938 2622 3992 auctoritatem
2707 3940 2875 4004 illius,
2944 3943 3099 4009 juxta
3181 3949 3511 4015 syuodorum

1958 4031 2438 4094 consuetudinem,
2501 4033 2798 4085 secuturis.
2857 4032 2912 4085 Si
2970 4036 3117 4088 enim
3154 4050 3352 4105 praeter
3402 4042 3520 4108 ejus

1956 4123 2246 4175 consilium
2299 4123 2394 4190 qui
2456 4123 2534 4175 eis
2583 4123 2839 4190 praeiret,
2891 4136 3134 4181 statuere
3185 4139 3279 4182 aut
3340 4133 3519 4185 faccre.

1957 4213 2254 4282 quidquam
2289 4212 2340 4265 in
2372 4215 2557 4267 animo
2587 4213 2932 4280 iuducercnt,
2967 4218 3105 4272 male
3137 4233 3193 4272 se
3231 4236 3258 4272 a
3298 4226 3519 4288 provin-

1956 4307 2053 4361 Ci‘”
2111 4319 2224 4360 ωε
2270 4305 2546 4374 episcopis
2593 4317 2880 4374 θεεεριυιη
2943 4309 3053 4370 iri,
3111 4311 3386 4365 dixerunt.
3457 4316 3519 4368 Et

1957 4415 2149 4470 magna
2192 4400 2336 4454 inter
2383 4414 2477 4452 eos
2516 4407 2573 4452 ct
2615 4401 2885 4469 synodum
2934 4406 3289 4459 contentione
3349 4417 3515 4469 mota,

1955 4493 2042 4545 vix
2077 4491 2296 4546 tandem
2331 4491 2433 4555 eis,
2470 4502 2528 4544 ut
2558 4494 2735 4561 quoad
2759 4493 3050 4562 episcopus
3081 4497 3162 4548 eis
3198 4496 3514 4566 designare-

264 4585 502 4657 ἐκείνων
535 4582 886 4650 Βαρσουμᾶν,
920 4577 1082 4632 αὐτὸν
1116 4578 1224 4646 γὰρ
1260 4576 1485 4645 κράξαι,
1531 4575 1760 4643 Σφάξον,
1791 4575 1848 4638 ὃς
1881 4597 1923 4652 D

1842 4592 1923 4652 ῖο
1953 4591 2063 4649 tur,
2091 4591 2492 4652 exspectarent,
2539 4598 2865 4637 concessum
2913 4594 3017 4638 est.
3067 4585 3275 4641 Deinde
3325 4606 3515 4657 preccs

267 4676 472 4743 σψαξοι
505 4670 805 4724 Φλαῦιανόν
829 4686 841 4699 ⁸
889 4670 982 4721 καὶ
1018 4667 1092 4737 μὴ
1126 4667 1200 4729 ὼς
1237 4667 1382 4728 είκὸς
1420 4665 1626 4718 εἰσόδου
1661 4667 1850 4734 τυχεῖν

269 4771 348 4838 μὴ
379 4769 710 4835 ἐγκείμενος
744 4762 866 4825 ταῖς
896 4762 1148 4831 δεήσεσιν
1173 4774 1189 4789 ο
1213 4753 1293 4820 οἷς
1321 4759 1628 4828 ἐπεϐόησαν
1651 4759 1850 4818 πάντες

265 4862 317 4912 oi
350 4860 668 4918 ἐπίσκοποι,
705 4873 723 4905 ι
757 4855 938 4906 [ιᾶσαν
960 4851 1159 4921 Συρίαν
1187 4850 1510 4919 Βαρσουμᾶς
1545 4850 1806 4918 ἠφάνισεν
1834 4864 1848 4877 ·

268 4953 559 5019 ἐπήγαγεν
594 4949 726 5017 ἡμῖν
757 4945 960 5014 χιλίους
1007 4943 1342 5011 μονάζονεας
1369 4957 1413 4992 ⁵)
1444 4944 1538 4994 καὶ
1571 4941 1727 5008 λόγου
1761 4959 1851 5008 γε-

266 5041 505 5107 νομένου
533 5037 659 5097 τοὺς
713 5032 1142 5102 συνεληλυθότας
1192 5031 1485 5099 ἀναμεῖναι
1515 5031 1612 5099 τὴν
1639 5031 1848 5083 συνοδι-

266 5133 374 5200 χὴν
407 5129 771 5188 διατύπωσιν,
818 5126 868 5176 οἱ
917 5124 1145 5193 μοναχοὶ
1199 5122 1550 5190 κατῃξίωσαν
1575 5121 1700 5182 τοὺς
1725 5138 1849 5174 συν-

265 5221 532 5280 τεθέντας
563 5216 772 5277 τούτοις
801 5215 1076 5276 λιϐέλλους
1100 5212 1516 5280 ἀ.·αγνωσθῆναι
1537 5230 1552 5244 ο
1577 5207 1653 5266 ὧν
1682 5215 1849 5284 μέρος

265 5310 360 5385 ἦν,
393 5311 539 5364 ὥστε
571 5311 863 5377 Διόσκορον
889 5308 998 5376 ικαὶ
1026 5308 1154 5368 τοὺς
1193 5308 1289 5358 σὺν
1338 5307 1487 5376 αὑτῷ
1518 5309 1849 5368 ἐπισκόπους

264 5407 348 5473 τῷ
404 5402 668 5470 συνεδρίῳ
703 5400 1066 5470 παραΰαλείν.
1101 5399 1243 5467 Πρὸς
1275 5398 1332 5450 δέ
1363 5399 1536 5450 ταῦτα
1569 5398 1770 5460 πάντες
1801 5401 1847 5451 οἱ

267 5499 572 5550 ἐπίσκοποι
613 5493 928 5562 ἐπεϐόησαν
958 5509 970 5522 ·
1004 5510 1022 5542 ‹
1069 5492 1342 5560 ’Δνὰθεμα
1368 5492 1665 5560 Διοσκόρω.
1695 5493 1848 5544 Διόσ-

266 5605 438 5658 κορον
465 5591 493 5640 ό
530 5587 766 5656 Χριστὸς
811 5585 1053 5638 καθεῖλε.
1094 5584 1331 5647 Τούτους
1365 5584 1469 5650 ἔξω
1501 5583 1648 5653 βάλε.
1682 5579 1850 5652 τΑριν

269 5683 430 5753 ὖὸριν
487 5679 588 5747 τῆς
650 5678 870 5731 συνόδου
896 5695 909 5709 ·
942 5673 1075 5742 ἆρον
1127 5676 1248 5746 βίαν
1298 5678 1394 5745 τῆς
1431 5677 1683 5728 συνόδουο
1715 5673 1851 5746 ἆρον

269 5773 461 5843 αἶσχος
513 5776 615 5843 τῆς
658 5775 900 5827 συνόδου.
945 5791 962 5823 ι
1017 5773 1159 5842 Πρὸς
1196 5772 1230 5826 ἂ
1264 5773 1312 5824 oi
1347 5771 1566 5840 μοναχοὶ
1618 5772 1852 5824 ἀντιτεί-

271 5887 456 5932 νιίντες
485 5869 758 5938 ἕκραζον’
809 5886 826 5919 ι
877 5864 1046 5935 ’Λρον
1079 5866 1236 5935 ὕϐριν
1262 5866 1368 5921 τῶν
1402 5865 1839 5935 μοναστηρίων,›

1952 4676 2341 4730 monachorum
2372 4675 2735 4744 quorumdam
2766 4676 3050 4744 producta:
3097 4688 3247 4739 sunt,
3280 4696 3511 4748 quarunt

1952 4767 2068 4820 lucc
2099 4776 2219 4819 erat
2241 4782 2473 4829 summa,
2503 4781 2571 4820 ne
2601 4766 2684 4820 eis
2708 4772 3012 4823 necessitas
3061 4770 3266 4825 chartis
3321 4776 3513 4843 aliqui-

1951 4859 2054 4912 bus
2113 4859 2498 4913 subscribendi
2570 4861 2971 4929 imponeretur,
3041 4863 3220 4919 donec
3270 4869 3512 4935 synodus

1952 4953 2225 5014 universa,
2251 4967 2416 5018 quam
2470 4954 2770 5021 imperator
2802 4954 2918 5022 ipse
2958 4956 3254 5023 cogendam
3305 4961 3510 5013 sanxis-

1952 5052 2054 5106 set,
2122 5053 2451 5114 congregata
2507 5055 2676 5108 esset,
2734 5055 2791 5099 et
2839 5048 3060 5100 decreta
3112 5050 3233 5118 ejus
3291 5051 3395 5104 rite
3454 5052 3508 5102 in

1953 5137 2218 5205 scriptum
2254 5139 2423 5191 relata
2450 5140 2729 5208 recognita
2781 5149 2984 5193 essent.
3043 5141 3129 5194 liis
3173 5142 3344 5206 lectis,
3391 5143 3512 5195 Dio-

1952 5245 2117 5296 genes
2162 5230 2454 5298 cpiscopus
2502 5232 2685 5301 Cyzici
2736 5232 2894 5295 dixit,
2957 5233 3274 5287 Barsumam
3344 5252 3512 5289 unum

1953 5320 2092 5372 inter
2120 5335 2217 5373 eos
2243 5321 2336 5389 qui
2368 5321 2444 5374 ibi
2479 5322 2867 5375 conuenissent
2894 5337 3034 5384 esse,
3070 5326 3161 5392 qui
3196 5325 3512 5380 Flavianum

1947 5410 2293 5478 jugulat-erit.
2330 5409 2510 5478 Ipsum
2546 5411 2714 5475 enim,
2743 5411 2972 5478 Σφάξον,
3019 5413 3124 5466 hoc
3166 5423 3270 5476 est,
3315 5414 3511 5483 Jugula

1951 5502 2284 5554 exclamasse
2317 5516 2330 5551 :
2365 5515 2542 5566 neque
2570 5509 2683 5552 tum
2715 5500 2980 5570 legitime,
3005 5502 3149 5570 quod
3192 5504 3244 5555 in
3276 5505 3508 5572 supplici

1952 5593 2136 5648 libello
2160 5593 2478 5646 nominatim
2504 5593 2746 5645 insertus
2784 5609 2890 5646 non
2937 5604 3102 5657 esset,
3147 5595 3199 5646 in
3244 5594 3511 5664 synodum

1952 5686 2188 5738 venisse.
2208 5685 2286 5737 Ad
2315 5685 2426 5738 haec
2445 5685 2600 5738 verba
2621 5685 2862 5754 episcopi
2886 5702 3078 5740 onmes
3100 5687 3472 5740 exclamarunt
3497 5700 3510 5738 :

1959 5791 1976 5823 ι
2009 5774 2219 5844 Syriam
2256 5791 2472 5828 onmem
2491 5776 2782 5831 Barsumas
2811 5780 3061 5839 vastavit,
3090 5787 3143 5831 et
3178 5779 3325 5832 mille
3358 5778 3516 5831 nobis

1952 5870 2248 5922 monachos
2276 5869 2540 5924 induxit.)
2561 5869 2721 5940 853
2737 5872 2912 5938 Atque
2945 5874 3034 5925 ubi
3073 5873 3312 5938 synodus
3343 5873 3512 5924 itttcr’
