  <div class='ocr_page' id='page_1' title='image "/cluster/home/n/w/nwhite01/storage/ocr_20150623/147/nnc1.0046980555/061.png"; bbox 0 0 4236 6442; ppageno 0'>
   <div class='ocr_carea' id='block_1_1' title="bbox 687 460 790 534">
    <p class='ocr_par' dir='ltr' id='par_1_1' title="bbox 687 460 790 534">
     <span class='ocr_line' id='line_1_1' title="bbox 687 460 790 534; baseline -0.019 -1"><span class='ocrx_word' id='word_1_1' title='bbox 687 460 790 534; x_wconf 71' lang='lat' dir='ltr'><strong>ill</strong></span> 
     </span>
    </p>
   </div>
   <div class='ocr_carea' id='block_1_2' title="bbox 1887 449 2715 513">
    <p class='ocr_par' dir='ltr' id='par_1_2' title="bbox 1887 449 2715 513">
     <span class='ocr_line' id='line_1_2' title="bbox 1887 449 2715 513; baseline -0.004 0"><span class='ocrx_word' id='word_1_2' title='bbox 1887 451 2313 513; x_wconf 81' lang='lat' dir='ltr'><strong>NlCEPIlORl</strong></span> <span class='ocrx_word' id='word_1_3' title='bbox 2362 449 2715 510; x_wconf 76' lang='lat' dir='ltr'><strong>CALLISTI</strong></span> 
     </span>
    </p>
   </div>
   <div class='ocr_carea' id='block_1_3' title="bbox 3859 439 3962 505">
    <p class='ocr_par' dir='ltr' id='par_1_3' title="bbox 3859 439 3962 505">
     <span class='ocr_line' id='line_1_3' title="bbox 3859 439 3962 505; baseline -0.039 0"><span class='ocrx_word' id='word_1_4' title='bbox 3859 439 3962 505; x_wconf 74' lang='grc'><strong>112</strong></span> 
     </span>
    </p>
   </div>
   <div class='ocr_carea' id='block_1_4' title="bbox 683 550 2304 649">
    <p class='ocr_par' dir='ltr' id='par_1_4' title="bbox 683 565 2259 649">
     <span class='ocr_line' id='line_1_4' title="bbox 683 565 2259 649; baseline -0.011 -15"><span class='ocrx_word' id='word_1_5' title='bbox 683 584 889 641; x_wconf 81' lang='lat' dir='ltr'><strong>locuta.</strong></span> <span class='ocrx_word' id='word_1_6' title='bbox 912 593 1008 635; x_wconf 88' lang='lat' dir='ltr'><strong>eos</strong></span> <span class='ocrx_word' id='word_1_7' title='bbox 1037 577 1128 649; x_wconf 87' lang='lat' dir='ltr'><strong>qui</strong></span> <span class='ocrx_word' id='word_1_8' title='bbox 1156 574 1565 638; x_wconf 85' lang='lat' dir='ltr'><strong>convenissent,</strong></span> <span class='ocrx_word' id='word_1_9' title='bbox 1590 570 1908 645; x_wconf 80' lang='lat' dir='ltr'><strong>synodalem</strong></span> <span class='ocrx_word' id='word_1_10' title='bbox 1931 565 2259 623; x_wconf 74' lang='lat' dir='ltr'><strong>decisioneir</strong></span> 
     </span>
    </p>
   </div>
   <div class='ocr_carea' id='block_1_5' title="bbox 2380 550 3959 649">
    <p class='ocr_par' dir='ltr' id='par_1_5' title="bbox 2380 550 3959 629">
     <span class='ocr_line' id='line_1_5' title="bbox 2380 550 3959 629; baseline -0.007 -13"><span class='ocrx_word' id='word_1_11' title='bbox 2380 565 2497 617; x_wconf 81' lang='grc' dir='ltr'>Τῶν</span> <span class='ocrx_word' id='word_1_12' title='bbox 2534 565 2667 617; x_wconf 71' lang='grc' dir='ltr'>ἴσων</span> <span class='ocrx_word' id='word_1_13' title='bbox 2717 566 2772 618; x_wconf 79' lang='grc' dir='ltr'>δὲ</span> <span class='ocrx_word' id='word_1_14' title='bbox 2814 563 2991 623; x_wconf 66' lang='grc' dir='ltr'><strong>Δ’πάλιν</strong></span> <span class='ocrx_word' id='word_1_15' title='bbox 3020 563 3084 616; x_wconf 85' lang='grc' dir='ltr'><strong>ἐκ</strong></span> <span class='ocrx_word' id='word_1_16' title='bbox 3117 562 3216 629; x_wconf 78' lang='grc' dir='ltr'>τῆς</span> <span class='ocrx_word' id='word_1_17' title='bbox 3262 558 3485 614; x_wconf 83' lang='grc' dir='ltr'><strong>συνόδου</strong></span> <span class='ocrx_word' id='word_1_18' title='bbox 3527 550 3675 612; x_wconf 62' lang='grc' dir='ltr'>ἐπιδ</span> <span class='ocrx_word' id='word_1_19' title='bbox 3693 554 3959 628; x_wconf 80' lang='grc' dir='ltr'>ηθέντων,</span> 
     </span>
    </p>
   </div>
   <div class='ocr_carea' id='block_1_6' title="bbox 685 657 2268 740">
    <p class='ocr_par' dir='ltr' id='par_1_6' title="bbox 685 657 2268 740">
     <span class='ocr_line' id='line_1_6' title="bbox 685 657 2268 740; baseline -0.011 -12"><span class='ocrx_word' id='word_1_20' title='bbox 685 671 990 740; x_wconf 66' lang='lat' dir='ltr'><strong>praastolari</strong></span> <span class='ocrx_word' id='word_1_21' title='bbox 1044 667 1211 739; x_wconf 86' lang='lat' dir='ltr'><strong>jussit</strong></span> <span class='ocrx_word' id='word_1_22' title='bbox 1262 682 1275 718; x_wconf 92' lang='lat'><strong>:</strong></span> <span class='ocrx_word' id='word_1_23' title='bbox 1344 662 1636 728; x_wconf 83' lang='lat' dir='ltr'><strong>monachi,</strong></span> <span class='ocrx_word' id='word_1_24' title='bbox 1692 668 1752 715; x_wconf 83' lang='lat' dir='ltr'><strong>ut</strong></span> <span class='ocrx_word' id='word_1_25' title='bbox 1818 659 1985 715; x_wconf 83' lang='lat' dir='ltr'><strong>libelli</strong></span> <span class='ocrx_word' id='word_1_26' title='bbox 2043 658 2116 714; x_wconf 88' lang='lat' dir='ltr'><strong>ab</strong></span> <span class='ocrx_word' id='word_1_27' title='bbox 2186 657 2268 710; x_wconf 87' lang='lat' dir='ltr'><strong>eis</strong></span> 
     </span>
    </p>
   </div>
   <div class='ocr_carea' id='block_1_7' title="bbox 685 754 2270 836">
    <p class='ocr_par' dir='ltr' id='par_1_7' title="bbox 685 754 2270 836">
     <span class='ocr_line' id='line_1_7' title="bbox 685 754 2270 836; baseline -0.011 -12"><span class='ocrx_word' id='word_1_28' title='bbox 685 764 978 836; x_wconf 92' lang='lat' dir='ltr'><strong>compositi</strong></span> <span class='ocrx_word' id='word_1_29' title='bbox 1030 762 1368 832; x_wconf 76' lang='lat' dir='ltr'><strong>legerentur,</strong></span> <span class='ocrx_word' id='word_1_30' title='bbox 1423 755 1792 825; x_wconf 88' lang='lat' dir='ltr'><strong>postularunt.</strong></span> <span class='ocrx_word' id='word_1_31' title='bbox 1846 754 2090 819; x_wconf 87' lang='lat' dir='ltr'><strong>Quorum</strong></span> <span class='ocrx_word' id='word_1_32' title='bbox 2142 767 2270 821; x_wconf 86' lang='lat' dir='ltr'><strong>pars</strong></span> 
     </span>
    </p>
   </div>
   <div class='ocr_carea' id='block_1_8' title="bbox 688 846 2268 930">
    <p class='ocr_par' dir='ltr' id='par_1_8' title="bbox 688 846 2268 930">
     <span class='ocr_line' id='line_1_8' title="bbox 688 846 2268 930; baseline -0.011 -18"><span class='ocrx_word' id='word_1_33' title='bbox 688 859 938 930; x_wconf 79' lang='lat' dir='ltr'><strong>quaedam</strong></span> <span class='ocrx_word' id='word_1_34' title='bbox 972 862 1115 915; x_wconf 84' lang='lat' dir='ltr'><strong>erat,</strong></span> <span class='ocrx_word' id='word_1_35' title='bbox 1156 861 1214 905; x_wconf 85' lang='grc' dir='ltr'>ιιι</span> <span class='ocrx_word' id='word_1_36' title='bbox 1268 848 1583 910; x_wconf 80' lang='lat' dir='ltr'><strong>Dioscorus,</strong></span> <span class='ocrx_word' id='word_1_37' title='bbox 1617 856 1674 900; x_wconf 88' lang='lat' dir='ltr'><strong>et</strong></span> <span class='ocrx_word' id='word_1_38' title='bbox 1710 846 1803 914; x_wconf 90' lang='lat' dir='ltr'><strong>qui</strong></span> <span class='ocrx_word' id='word_1_39' title='bbox 1843 859 1966 897; x_wconf 88' lang='lat' dir='ltr'><strong>cum</strong></span> <span class='ocrx_word' id='word_1_40' title='bbox 1996 858 2064 898; x_wconf 90' lang='lat' dir='ltr'><strong>eo</strong></span> <span class='ocrx_word' id='word_1_41' title='bbox 2110 850 2268 898; x_wconf 86' lang='lat' dir='ltr'><strong>erant</strong></span> 
     </span>
    </p>
   </div>
   <div class='ocr_carea' id='block_1_9' title="bbox 688 933 2267 1023">
    <p class='ocr_par' dir='ltr' id='par_1_9' title="bbox 688 933 2267 1023">
     <span class='ocr_line' id='line_1_9' title="bbox 688 933 2267 1023; baseline -0.013 -15"><span class='ocrx_word' id='word_1_42' title='bbox 688 950 955 1023; x_wconf 76' lang='lat' dir='ltr'><strong>episcopi,</strong></span> <span class='ocrx_word' id='word_1_43' title='bbox 993 949 1045 1002; x_wconf 94' lang='lat' dir='ltr'><strong>in</strong></span> <span class='ocrx_word' id='word_1_44' title='bbox 1074 956 1397 999; x_wconf 88' lang='lat' dir='ltr'><strong>consessum</strong></span> <span class='ocrx_word' id='word_1_45' title='bbox 1426 939 1870 993; x_wconf 72' lang='lat' dir='ltr'><strong>admitterentur.</strong></span> <span class='ocrx_word' id='word_1_46' title='bbox 1894 934 2168 991; x_wconf 68' lang='lat' dir='ltr'><strong>Cirterurn</strong></span> <span class='ocrx_word' id='word_1_47' title='bbox 2201 933 2267 988; x_wconf 90' lang='lat' dir='ltr'><strong>ad</strong></span> 
     </span>
    </p>
   </div>
   <div class='ocr_carea' id='block_1_10' title="bbox 690 1029 2268 1118">
    <p class='ocr_par' dir='ltr' id='par_1_10' title="bbox 690 1029 2268 1118">
     <span class='ocr_line' id='line_1_10' title="bbox 690 1029 2268 1118; baseline -0.015 -16"><span class='ocrx_word' id='word_1_48' title='bbox 690 1048 1017 1118; x_wconf 76' lang='lat' dir='ltr'><strong>petitionem</strong></span> <span class='ocrx_word' id='word_1_49' title='bbox 1072 1055 1193 1094; x_wconf 83' lang='lat' dir='ltr'><strong>eam</strong></span> <span class='ocrx_word' id='word_1_50' title='bbox 1262 1033 1507 1106; x_wconf 74' lang='lat' dir='ltr'><strong>episcopi</strong></span> <span class='ocrx_word' id='word_1_51' title='bbox 1572 1044 1763 1084; x_wconf 75' lang='lat' dir='ltr'><strong>omnes</strong></span> <span class='ocrx_word' id='word_1_52' title='bbox 1823 1029 2199 1083; x_wconf 80' lang='lat' dir='ltr'><strong>exclamarunt</strong></span> <span class='ocrx_word' id='word_1_53' title='bbox 2253 1042 2268 1080; x_wconf 91' lang='lat'><strong>:</strong></span> 
     </span>
    </p>
   </div>
   <div class='ocr_carea' id='block_1_11' title="bbox 696 1118 2272 1193">
    <p class='ocr_par' dir='ltr' id='par_1_11' title="bbox 696 1118 2272 1193">
     <span class='ocr_line' id='line_1_11' title="bbox 696 1118 2272 1193; baseline -0.012 1"><span class='ocrx_word' id='word_1_54' title='bbox 696 1160 715 1193; x_wconf 72' lang='grc' dir='ltr'><strong>ι</strong></span> <span class='ocrx_word' id='word_1_55' title='bbox 776 1137 1080 1193; x_wconf 74' lang='lat' dir='ltr'><strong>Anathema</strong></span> <span class='ocrx_word' id='word_1_56' title='bbox 1130 1134 1182 1185; x_wconf 87' lang='lat' dir='ltr'><strong>in</strong></span> <span class='ocrx_word' id='word_1_57' title='bbox 1231 1132 1582 1186; x_wconf 84' lang='lat' dir='ltr'><strong>Dioscorum,</strong></span> <span class='ocrx_word' id='word_1_58' title='bbox 1645 1123 1965 1178; x_wconf 87' lang='lat' dir='ltr'><strong>Dioscorum</strong></span> <span class='ocrx_word' id='word_1_59' title='bbox 2013 1118 2272 1175; x_wconf 77' lang='lat' dir='ltr'><strong>Christus</strong></span> 
     </span>
    </p>
   </div>
   <div class='ocr_carea' id='block_1_12' title="bbox 686 1212 2272 1290">
    <p class='ocr_par' dir='ltr' id='par_1_12' title="bbox 686 1212 2272 1290">
     <span class='ocr_line' id='line_1_12' title="bbox 686 1212 2272 1290; baseline -0.015 0"><span class='ocrx_word' id='word_1_60' title='bbox 686 1230 1085 1290; x_wconf 74' lang='lat' dir='ltr'><strong>exauctoravit.</strong></span> <span class='ocrx_word' id='word_1_61' title='bbox 1126 1222 1422 1280; x_wconf 83' lang='lat' dir='ltr'><strong>Monachus</strong></span> <span class='ocrx_word' id='word_1_62' title='bbox 1460 1220 1627 1273; x_wconf 89' lang='lat' dir='ltr'><strong>hosce</strong></span> <span class='ocrx_word' id='word_1_63' title='bbox 1672 1216 1844 1286; x_wconf 87' lang='lat' dir='ltr'><strong>ejice;</strong></span> <span class='ocrx_word' id='word_1_64' title='bbox 1879 1212 2272 1269; x_wconf 85' lang='lat' dir='ltr'><strong>contumeliam</strong></span> 
     </span>
    </p>
   </div>
   <div class='ocr_carea' id='block_1_13' title="bbox 686 1309 2275 1401">
    <p class='ocr_par' dir='ltr' id='par_1_13' title="bbox 686 1309 2275 1401">
     <span class='ocr_line' id='line_1_13' title="bbox 686 1309 2275 1401; baseline -0.016 -16"><span class='ocrx_word' id='word_1_65' title='bbox 686 1328 881 1401; x_wconf 78' lang='lat' dir='ltr'><strong>synodi</strong></span> <span class='ocrx_word' id='word_1_66' title='bbox 905 1325 1031 1379; x_wconf 83' lang='lat' dir='ltr'><strong>tolle</strong></span> <span class='ocrx_word' id='word_1_67' title='bbox 1049 1339 1063 1385; x_wconf 86' lang='lat'><strong>;</strong></span> <span class='ocrx_word' id='word_1_68' title='bbox 1084 1322 1193 1374; x_wconf 85' lang='lat' dir='ltr'><strong>vim</strong></span> <span class='ocrx_word' id='word_1_69' title='bbox 1219 1316 1431 1388; x_wconf 82' lang='lat' dir='ltr'><strong>synodo</strong></span> <span class='ocrx_word' id='word_1_70' title='bbox 1452 1314 1655 1367; x_wconf 81' lang='lat' dir='ltr'><strong>illatam</strong></span> <span class='ocrx_word' id='word_1_71' title='bbox 1678 1311 1840 1373; x_wconf 89' lang='lat' dir='ltr'><strong>tolle;</strong></span> <span class='ocrx_word' id='word_1_72' title='bbox 1864 1309 2127 1378; x_wconf 82' lang='lat' dir='ltr'><strong>probrum</strong></span> <span class='ocrx_word' id='word_1_73' title='bbox 2150 1322 2275 1378; x_wconf 88' lang='lat' dir='ltr'><strong>syn-</strong></span> 
     </span>
    </p>
   </div>
   <div class='ocr_carea' id='block_1_14' title="bbox 685 1401 2276 1482">
    <p class='ocr_par' dir='ltr' id='par_1_14' title="bbox 685 1401 2276 1482">
     <span class='ocr_line' id='line_1_14' title="bbox 685 1401 2276 1482; baseline -0.014 -5"><span class='ocrx_word' id='word_1_74' title='bbox 685 1422 778 1477; x_wconf 87' lang='lat' dir='ltr'><strong>odi</strong></span> <span class='ocrx_word' id='word_1_75' title='bbox 811 1420 956 1473; x_wconf 81' lang='lat' dir='ltr'><strong>tolle.</strong></span> <span class='ocrx_word' id='word_1_76' title='bbox 984 1434 1005 1467; x_wconf 73' lang='grc' dir='ltr'><strong>ι</strong></span> <span class='ocrx_word' id='word_1_77' title='bbox 1035 1416 1213 1482; x_wconf 81' lang='lat' dir='ltr'><strong>Atque</strong></span> <span class='ocrx_word' id='word_1_78' title='bbox 1246 1413 1535 1464; x_wconf 76' lang='lat' dir='ltr'><strong>adversum</strong></span> <span class='ocrx_word' id='word_1_79' title='bbox 1568 1419 1632 1458; x_wconf 90' lang='lat' dir='ltr'><strong>ea</strong></span> <span class='ocrx_word' id='word_1_80' title='bbox 1664 1401 1917 1457; x_wconf 79' lang='lat' dir='ltr'><strong>monachi</strong></span> <span class='ocrx_word' id='word_1_81' title='bbox 1957 1408 2146 1456; x_wconf 89' lang='lat' dir='ltr'><strong>contra</strong></span> <span class='ocrx_word' id='word_1_82' title='bbox 2179 1414 2276 1455; x_wconf 88' lang='lat' dir='ltr'><strong>vo-</strong></span> 
     </span>
    </p>
   </div>
   <div class='ocr_carea' id='block_1_15' title="bbox 2371 649 3962 731">
    <p class='ocr_par' dir='ltr' id='par_1_15' title="bbox 2371 649 3962 731">
     <span class='ocr_line' id='line_1_15' title="bbox 2371 649 3962 731; baseline -0.008 -18"><span class='ocrx_word' id='word_1_83' title='bbox 2371 656 2663 731; x_wconf 76' lang='grc' dir='ltr'>διελαλήθη</span> <span class='ocrx_word' id='word_1_84' title='bbox 2691 660 2818 722; x_wconf 78' lang='grc' dir='ltr'>τοὺς</span> <span class='ocrx_word' id='word_1_85' title='bbox 2842 658 3063 721; x_wconf 82' lang='grc' dir='ltr'>λοιποὺς</span> <span class='ocrx_word' id='word_1_86' title='bbox 3089 655 3199 709; x_wconf 87' lang='grc' dir='ltr'><strong>τῶν</strong></span> <span class='ocrx_word' id='word_1_87' title='bbox 3222 653 3484 708; x_wconf 77' lang='grc' dir='ltr'>λιδέλλων</span> <span class='ocrx_word' id='word_1_88' title='bbox 3502 651 3688 721; x_wconf 78' lang='grc' dir='ltr'><strong>τυχεῖν</strong></span> <span class='ocrx_word' id='word_1_89' title='bbox 3716 649 3962 717; x_wconf 86' lang='grc' dir='ltr'>ἀναγνώ-</span> 
     </span>
    </p>
   </div>
   <div class='ocr_carea' id='block_1_16' title="bbox 2376 742 3963 823">
    <p class='ocr_par' dir='ltr' id='par_1_16' title="bbox 2376 742 3963 823">
     <span class='ocr_line' id='line_1_16' title="bbox 2376 742 3963 823; baseline -0.006 -20"><span class='ocrx_word' id='word_1_90' title='bbox 2376 769 2514 816; x_wconf 83' lang='grc' dir='ltr'>σεως</span> <span class='ocrx_word' id='word_1_91' title='bbox 2542 769 2554 781; x_wconf 91' lang='grc'><strong>·</strong></span> <span class='ocrx_word' id='word_1_92' title='bbox 2582 754 2630 807; x_wconf 87' lang='grc' dir='ltr'><strong>οἳ</strong></span> <span class='ocrx_word' id='word_1_93' title='bbox 2654 752 2961 823; x_wconf 80' lang='grc' dir='ltr'><strong>διεξῄεσαν,</strong></span> <span class='ocrx_word' id='word_1_94' title='bbox 2992 752 3069 822; x_wconf 81' lang='grc' dir='ltr'>μὴ</span> <span class='ocrx_word' id='word_1_95' title='bbox 3096 747 3485 821; x_wconf 82' lang='grc' dir='ltr'><strong>προσηκόντως</strong></span> <span class='ocrx_word' id='word_1_96' title='bbox 3511 744 3611 816; x_wconf 77' lang='grc' dir='ltr'>τὴν</span> <span class='ocrx_word' id='word_1_97' title='bbox 3637 742 3963 814; x_wconf 79' lang='grc' dir='ltr'><strong>καθαίρεσιν</strong></span> 
     </span>
    </p>
   </div>
   <div class='ocr_carea' id='block_1_17' title="bbox 2371 837 3959 917">
    <p class='ocr_par' dir='ltr' id='par_1_17' title="bbox 2371 837 3959 917">
     <span class='ocr_line' id='line_1_17' title="bbox 2371 837 3959 917; baseline -0.008 -18"><span class='ocrx_word' id='word_1_98' title='bbox 2371 846 2651 917; x_wconf 78' lang='grc' dir='ltr'>Διοσκόρω</span> <span class='ocrx_word' id='word_1_99' title='bbox 2697 844 2951 914; x_wconf 84' lang='grc' dir='ltr'>γενέσθαι</span> <span class='ocrx_word' id='word_1_100' title='bbox 2979 861 2993 876; x_wconf 88' lang='grc'><strong>·</strong></span> <span class='ocrx_word' id='word_1_101' title='bbox 3027 844 3126 898; x_wconf 72' lang='grc' dir='ltr'>καὶ</span> <span class='ocrx_word' id='word_1_102' title='bbox 3160 842 3362 914; x_wconf 82' lang='grc' dir='ltr'>χρῆναι</span> <span class='ocrx_word' id='word_1_103' title='bbox 3404 840 3693 910; x_wconf 79' lang='grc' dir='ltr'>ζητήσεως</span> <span class='ocrx_word' id='word_1_104' title='bbox 3723 837 3959 897; x_wconf 86' lang='grc' dir='ltr'>πίστεως</span> 
     </span>
    </p>
   </div>
   <div class='ocr_carea' id='block_1_18' title="bbox 2378 931 3959 1010">
    <p class='ocr_par' dir='ltr' id='par_1_18' title="bbox 2378 931 3959 1010">
     <span class='ocr_line' id='line_1_18' title="bbox 2378 931 3959 1010; baseline -0.006 -19"><span class='ocrx_word' id='word_1_105' title='bbox 2378 939 2775 1010; x_wconf 75' lang='grc' dir='ltr'><strong>προκειμένης,</strong></span> <span class='ocrx_word' id='word_1_106' title='bbox 2829 941 2926 992; x_wconf 76' lang='grc' dir='ltr'>καὶ</span> <span class='ocrx_word' id='word_1_107' title='bbox 2959 936 3126 991; x_wconf 84' lang='grc' dir='ltr'>αὑτὸν</span> <span class='ocrx_word' id='word_1_108' title='bbox 3160 936 3258 989; x_wconf 83' lang='grc' dir='ltr'><strong>τοῦ</strong></span> <span class='ocrx_word' id='word_1_109' title='bbox 3304 934 3592 1004; x_wconf 73' lang='grc' dir='ltr'>συνεδρίου</span> <span class='ocrx_word' id='word_1_110' title='bbox 3645 931 3959 1002; x_wconf 82' lang='grc' dir='ltr'><strong>μετασχεῖν.</strong></span> 
     </span>
    </p>
   </div>
   <div class='ocr_carea' id='block_1_19' title="bbox 2378 1025 3961 1101">
    <p class='ocr_par' dir='ltr' id='par_1_19' title="bbox 2378 1025 3961 1101">
     <span class='ocr_line' id='line_1_19' title="bbox 2378 1025 3961 1101; baseline -0.008 -14"><span class='ocrx_word' id='word_1_111' title='bbox 2378 1034 2443 1087; x_wconf 79' lang='lat' dir='ltr'><strong>El</strong></span> <span class='ocrx_word' id='word_1_112' title='bbox 2471 1032 2516 1086; x_wconf 86' lang='grc' dir='ltr'>δ’</span> <span class='ocrx_word' id='word_1_113' title='bbox 2554 1030 2672 1098; x_wconf 81' lang='grc' dir='ltr'>οὖν,</span> <span class='ocrx_word' id='word_1_114' title='bbox 2709 1031 2778 1085; x_wconf 73' lang='grc' dir='ltr'>τὰ</span> <span class='ocrx_word' id='word_1_115' title='bbox 2815 1030 3009 1101; x_wconf 74' lang='grc' dir='ltr'>ἱμάτια</span> <span class='ocrx_word' id='word_1_116' title='bbox 3064 1030 3246 1083; x_wconf 84' lang='grc' dir='ltr'>αὐτῶν</span> <span class='ocrx_word' id='word_1_117' title='bbox 3294 1027 3705 1089; x_wconf 66' lang='grc' dir='ltr'>ἀποτινάσσειν,</span> <span class='ocrx_word' id='word_1_118' title='bbox 3756 1025 3961 1077; x_wconf 81' lang='grc' dir='ltr'>διισταο</span> 
     </span>
    </p>
   </div>
   <div class='ocr_carea' id='block_1_20' title="bbox 2380 1116 3960 1196">
    <p class='ocr_par' dir='ltr' id='par_1_20' title="bbox 2380 1116 3960 1196">
     <span class='ocr_line' id='line_1_20' title="bbox 2380 1116 3960 1196; baseline -0.008 -17"><span class='ocrx_word' id='word_1_119' title='bbox 2380 1127 2574 1196; x_wconf 80' lang='grc' dir='ltr'><strong>μένους</strong></span> <span class='ocrx_word' id='word_1_120' title='bbox 2629 1127 2729 1196; x_wconf 85' lang='grc' dir='ltr'>τῆς</span> <span class='ocrx_word' id='word_1_121' title='bbox 2783 1122 3071 1186; x_wconf 81' lang='grc' dir='ltr'>κοινωνίας</span> <span class='ocrx_word' id='word_1_122' title='bbox 3118 1122 3228 1175; x_wconf 89' lang='grc' dir='ltr'><strong>τῶν</strong></span> <span class='ocrx_word' id='word_1_123' title='bbox 3266 1119 3709 1190; x_wconf 72' lang='grc' dir='ltr'>συνεληλυθότιιιν</span> <span class='ocrx_word' id='word_1_124' title='bbox 3744 1116 3960 1169; x_wconf 80' lang='grc' dir='ltr'>ἐπισκό-</span> 
     </span>
    </p>
   </div>
   <div class='ocr_carea' id='block_1_21' title="bbox 2378 1212 3964 1289">
    <p class='ocr_par' dir='ltr' id='par_1_21' title="bbox 2378 1212 3964 1289">
     <span class='ocr_line' id='line_1_21' title="bbox 2378 1212 3964 1289; baseline -0.006 -18"><span class='ocrx_word' id='word_1_125' title='bbox 2378 1237 2518 1273; x_wconf 73' lang='grc' dir='ltr'>πω).</span> <span class='ocrx_word' id='word_1_126' title='bbox 2571 1218 2793 1274; x_wconf 82' lang='grc' dir='ltr'><strong>Τούτων</strong></span> <span class='ocrx_word' id='word_1_127' title='bbox 2846 1217 3184 1289; x_wconf 75' lang='grc' dir='ltr'><strong>εἰρημένων,</strong></span> <span class='ocrx_word' id='word_1_128' title='bbox 3252 1215 3465 1277; x_wconf 80' lang='grc' dir='ltr'>Ἀέτιος</span> <span class='ocrx_word' id='word_1_129' title='bbox 3508 1214 3536 1265; x_wconf 82' lang='grc' dir='ltr'><strong>δ</strong></span> <span class='ocrx_word' id='word_1_130' title='bbox 3575 1212 3964 1283; x_wconf 85' lang='grc' dir='ltr'>ἀρχιδιάκονος</span> 
     </span>
    </p>
   </div>
   <div class='ocr_carea' id='block_1_22' title="bbox 2377 1302 3966 1376">
    <p class='ocr_par' dir='ltr' id='par_1_22' title="bbox 2377 1302 3966 1376">
     <span class='ocr_line' id='line_1_22' title="bbox 2377 1302 3966 1376; baseline -0.007 -13"><span class='ocrx_word' id='word_1_131' title='bbox 2377 1309 2580 1363; x_wconf 80' lang='grc' dir='ltr'>κανόνα</span> <span class='ocrx_word' id='word_1_132' title='bbox 2612 1309 3030 1376; x_wconf 87' lang='grc' dir='ltr'>ύπανεγίνωσκε</span> <span class='ocrx_word' id='word_1_133' title='bbox 3089 1307 3217 1375; x_wconf 81' lang='grc' dir='ltr'>περὶ</span> <span class='ocrx_word' id='word_1_134' title='bbox 3265 1304 3375 1357; x_wconf 87' lang='grc' dir='ltr'><strong>τῶν</strong></span> <span class='ocrx_word' id='word_1_135' title='bbox 3429 1302 3808 1372; x_wconf 75' lang='grc' dir='ltr'>ἀφοριζόντων</span> <span class='ocrx_word' id='word_1_136' title='bbox 3841 1302 3966 1353; x_wconf 88' lang='grc' dir='ltr'>ἐαυ-</span> 
     </span>
    </p>
   </div>
   <div class='ocr_carea' id='block_1_23' title="bbox 2376 1394 3966 1468">
    <p class='ocr_par' dir='ltr' id='par_1_23' title="bbox 2376 1394 3966 1468">
     <span class='ocr_line' id='line_1_23' title="bbox 2376 1394 3966 1468; baseline -0.008 -12"><span class='ocrx_word' id='word_1_137' title='bbox 2376 1401 2505 1467; x_wconf 89' lang='grc' dir='ltr'>τούς</span> <span class='ocrx_word' id='word_1_138' title='bbox 2535 1420 2552 1436; x_wconf 79' lang='grc' dir='ltr'><strong>ο</strong></span> <span class='ocrx_word' id='word_1_139' title='bbox 2586 1406 2681 1456; x_wconf 70' lang='grc' dir='ltr'>καὶ</span> <span class='ocrx_word' id='word_1_140' title='bbox 2709 1400 2992 1466; x_wconf 84' lang='grc' dir='ltr'>διενέξεως</span> <span class='ocrx_word' id='word_1_141' title='bbox 3021 1400 3329 1468; x_wconf 80' lang='grc' dir='ltr'><strong>γενομένης</strong></span> <span class='ocrx_word' id='word_1_142' title='bbox 3360 1395 3565 1467; x_wconf 71' lang='grc' dir='ltr'>μεταξὺ</span> <span class='ocrx_word' id='word_1_143' title='bbox 3600 1394 3706 1448; x_wconf 83' lang='grc' dir='ltr'><strong>τῶν</strong></span> <span class='ocrx_word' id='word_1_144' title='bbox 3738 1394 3966 1446; x_wconf 76' lang='grc' dir='ltr'>ἐπισκό-</span> 
     </span>
    </p>
   </div>
   <div class='ocr_carea' id='block_1_24' title="bbox 689 1482 2304 1571">
    <p class='ocr_par' dir='ltr' id='par_1_24' title="bbox 689 1497 2304 1571">
     <span class='ocr_line' id='line_1_24' title="bbox 689 1497 2304 1571; baseline -0.012 -1"><span class='ocrx_word' id='word_1_145' title='bbox 689 1513 899 1571; x_wconf 80' lang='lat' dir='ltr'><strong>ciferati</strong></span> <span class='ocrx_word' id='word_1_146' title='bbox 923 1520 1087 1566; x_wconf 85' lang='lat' dir='ltr'><strong>sunt:</strong></span> <span class='ocrx_word' id='word_1_147' title='bbox 1118 1528 1135 1559; x_wconf 73' lang='grc' dir='ltr'><strong>ι</strong></span> <span class='ocrx_word' id='word_1_148' title='bbox 1172 1501 1626 1561; x_wconf 86' lang='lat' dir='ltr'><strong>Munasteriorum</strong></span> <span class='ocrx_word' id='word_1_149' title='bbox 1670 1497 2059 1552; x_wconf 82' lang='lat' dir='ltr'><strong>contumeliam</strong></span> <span class='ocrx_word' id='word_1_150' title='bbox 2087 1497 2304 1551; x_wconf 59' lang='lat' dir='ltr'><strong>tolle.»</strong></span> 
     </span>
    </p>
   </div>
   <div class='ocr_carea' id='block_1_25' title="bbox 2380 1482 3969 1571">
    <p class='ocr_par' dir='ltr' id='par_1_25' title="bbox 2381 1482 3969 1562">
     <span class='ocr_line' id='line_1_25' title="bbox 2381 1482 3969 1562; baseline -0.008 -17"><span class='ocrx_word' id='word_1_151' title='bbox 2381 1511 2498 1545; x_wconf 87' lang='grc' dir='ltr'><strong>πων</strong></span> <span class='ocrx_word' id='word_1_152' title='bbox 2533 1490 2629 1544; x_wconf 73' lang='grc' dir='ltr'>καὶ</span> <span class='ocrx_word' id='word_1_153' title='bbox 2668 1490 2943 1562; x_wconf 88' lang='grc' dir='ltr'>μοναχῶν,</span> <span class='ocrx_word' id='word_1_154' title='bbox 2976 1489 3091 1543; x_wconf 78' lang='grc' dir='ltr'><strong>τῶν</strong></span> <span class='ocrx_word' id='word_1_155' title='bbox 3136 1488 3238 1555; x_wconf 79' lang='grc' dir='ltr'>μὲν</span> <span class='ocrx_word' id='word_1_156' title='bbox 3273 1486 3583 1557; x_wconf 84' lang='grc' dir='ltr'>ἀναθέματι</span> <span class='ocrx_word' id='word_1_157' title='bbox 3616 1482 3969 1537; x_wconf 82' lang='grc' dir='ltr'>καθυποϐαλ-</span> 
     </span>
    </p>
   </div>
   <div class='ocr_carea' id='block_1_26' title="bbox 688 1591 2272 1675">
    <p class='ocr_par' dir='ltr' id='par_1_26' title="bbox 688 1591 2272 1675">
     <span class='ocr_line' id='line_1_26' title="bbox 688 1591 2272 1675; baseline -0.013 -12"><span class='ocrx_word' id='word_1_158' title='bbox 688 1609 757 1663; x_wconf 76' lang='lat' dir='ltr'><strong>Et</strong></span> <span class='ocrx_word' id='word_1_159' title='bbox 787 1622 911 1662; x_wconf 90' lang='lat' dir='ltr'><strong>cum</strong></span> <span class='ocrx_word' id='word_1_160' title='bbox 942 1601 1188 1675; x_wconf 83' lang='lat' dir='ltr'><strong>synodus</strong></span> <span class='ocrx_word' id='word_1_161' title='bbox 1219 1611 1442 1652; x_wconf 90' lang='lat' dir='ltr'><strong>rursum</strong></span> <span class='ocrx_word' id='word_1_162' title='bbox 1481 1591 1904 1647; x_wconf 79' lang='lat' dir='ltr'><strong>vociferationes</strong></span> <span class='ocrx_word' id='word_1_163' title='bbox 1946 1604 2073 1645; x_wconf 89' lang='lat' dir='ltr'><strong>suas</strong></span> <span class='ocrx_word' id='word_1_164' title='bbox 2109 1604 2272 1658; x_wconf 82' lang='lat' dir='ltr'><strong>repe-</strong></span> 
     </span>
    </p>
   </div>
   <div class='ocr_carea' id='block_1_27' title="bbox 694 1680 2276 1768">
    <p class='ocr_par' dir='ltr' id='par_1_27' title="bbox 694 1680 2276 1768">
     <span class='ocr_line' id='line_1_27' title="bbox 694 1680 2276 1768; baseline -0.019 -10"><span class='ocrx_word' id='word_1_165' title='bbox 694 1710 857 1765; x_wconf 84' lang='lat' dir='ltr'><strong>teret,</strong></span> <span class='ocrx_word' id='word_1_166' title='bbox 896 1715 994 1768; x_wconf 88' lang='lat' dir='ltr'><strong>per</strong></span> <span class='ocrx_word' id='word_1_167' title='bbox 1046 1689 1537 1748; x_wconf 87' lang='lat' dir='ltr'><strong>interlocutionem</strong></span> <span class='ocrx_word' id='word_1_168' title='bbox 1584 1683 1784 1753; x_wconf 87' lang='lat' dir='ltr'><strong>reliqui</strong></span> <span class='ocrx_word' id='word_1_169' title='bbox 1834 1681 2053 1736; x_wconf 86' lang='lat' dir='ltr'><strong>illorum</strong></span> <span class='ocrx_word' id='word_1_170' title='bbox 2101 1680 2276 1735; x_wconf 83' lang='lat' dir='ltr'><strong>libelli</strong></span> 
     </span>
    </p>
   </div>
   <div class='ocr_carea' id='block_1_28' title="bbox 690 1775 2275 1865">
    <p class='ocr_par' dir='ltr' id='par_1_28' title="bbox 690 1775 2275 1865">
     <span class='ocr_line' id='line_1_28' title="bbox 690 1775 2275 1865; baseline -0.013 -16"><span class='ocrx_word' id='word_1_171' title='bbox 690 1795 795 1865; x_wconf 80' lang='lat' dir='ltr'><strong>legi</strong></span> <span class='ocrx_word' id='word_1_172' title='bbox 838 1798 965 1846; x_wconf 89' lang='lat' dir='ltr'><strong>sunt</strong></span> <span class='ocrx_word' id='word_1_173' title='bbox 990 1787 1128 1860; x_wconf 88' lang='lat' dir='ltr'><strong>jussi</strong></span> <span class='ocrx_word' id='word_1_174' title='bbox 1164 1803 1177 1839; x_wconf 87' lang='lat'><strong>:</strong></span> <span class='ocrx_word' id='word_1_175' title='bbox 1213 1782 1307 1854; x_wconf 86' lang='lat' dir='ltr'><strong>qui</strong></span> <span class='ocrx_word' id='word_1_176' title='bbox 1333 1778 1655 1843; x_wconf 85' lang='lat' dir='ltr'><strong>narrabant,</strong></span> <span class='ocrx_word' id='word_1_177' title='bbox 1694 1792 1801 1829; x_wconf 91' lang='lat' dir='ltr'><strong>non</strong></span> <span class='ocrx_word' id='word_1_178' title='bbox 1832 1786 1979 1831; x_wconf 89' lang='lat' dir='ltr'><strong>recte</strong></span> <span class='ocrx_word' id='word_1_179' title='bbox 2015 1775 2275 1830; x_wconf 84' lang='lat' dir='ltr'><strong>Dioscoro</strong></span> 
     </span>
    </p>
   </div>
   <div class='ocr_carea' id='block_1_29' title="bbox 691 1866 2276 1958">
    <p class='ocr_par' dir='ltr' id='par_1_29' title="bbox 691 1866 2276 1958">
     <span class='ocr_line' id='line_1_29' title="bbox 691 1866 2276 1958; baseline -0.016 -16"><span class='ocrx_word' id='word_1_180' title='bbox 691 1887 1015 1958; x_wconf 87' lang='lat' dir='ltr'><strong>dignitatem</strong></span> <span class='ocrx_word' id='word_1_181' title='bbox 1058 1878 1370 1946; x_wconf 87' lang='lat' dir='ltr'><strong>ademptam</strong></span> <span class='ocrx_word' id='word_1_182' title='bbox 1405 1886 1528 1927; x_wconf 88' lang='lat' dir='ltr'><strong>esse</strong></span> <span class='ocrx_word' id='word_1_183' title='bbox 1565 1879 1661 1925; x_wconf 89' lang='lat' dir='ltr'><strong>:et</strong></span> <span class='ocrx_word' id='word_1_184' title='bbox 1707 1868 2013 1938; x_wconf 56' lang='lat' dir='ltr'><strong>quastione</strong></span> <span class='ocrx_word' id='word_1_185' title='bbox 2050 1866 2119 1920; x_wconf 92' lang='lat' dir='ltr'><strong>de</strong></span> <span class='ocrx_word' id='word_1_186' title='bbox 2170 1866 2276 1918; x_wconf 82' lang='lat' dir='ltr'><strong>fide</strong></span> 
     </span>
    </p>
   </div>
   <div class='ocr_carea' id='block_1_30' title="bbox 692 1957 2274 2052">
    <p class='ocr_par' dir='ltr' id='par_1_30' title="bbox 692 1957 2274 2052">
     <span class='ocr_line' id='line_1_30' title="bbox 692 1957 2274 2052; baseline -0.015 -17"><span class='ocrx_word' id='word_1_187' title='bbox 692 1957 999 2052; x_wconf 86' lang='lat' dir='ltr'><strong>proposita,</strong></span> <span class='ocrx_word' id='word_1_188' title='bbox 1040 1975 1191 2028; x_wconf 91' lang='lat' dir='ltr'><strong>illum</strong></span> <span class='ocrx_word' id='word_1_189' title='bbox 1232 1969 1285 2021; x_wconf 93' lang='lat' dir='ltr'><strong>in</strong></span> <span class='ocrx_word' id='word_1_190' title='bbox 1320 1978 1640 2021; x_wconf 89' lang='lat' dir='ltr'><strong>consessum</strong></span> <span class='ocrx_word' id='word_1_191' title='bbox 1690 1961 1876 2014; x_wconf 89' lang='lat' dir='ltr'><strong>venire</strong></span> <span class='ocrx_word' id='word_1_192' title='bbox 1905 1958 2130 2012; x_wconf 88' lang='lat' dir='ltr'><strong>debere.</strong></span> <span class='ocrx_word' id='word_1_193' title='bbox 2178 1957 2274 2012; x_wconf 91' lang='lat' dir='ltr'><strong>Sin</strong></span> 
     </span>
    </p>
   </div>
   <div class='ocr_carea' id='block_1_31' title="bbox 692 2049 2277 2130">
    <p class='ocr_par' dir='ltr' id='par_1_31' title="bbox 692 2049 2277 2130">
     <span class='ocr_line' id='line_1_31' title="bbox 692 2049 2277 2130; baseline -0.016 -6"><span class='ocrx_word' id='word_1_194' title='bbox 692 2049 900 2130; x_wconf 79' lang='lat' dir='ltr'><strong>minus,</strong></span> <span class='ocrx_word' id='word_1_195' title='bbox 938 2066 1272 2118; x_wconf 87' lang='lat' dir='ltr'><strong>vestimenta</strong></span> <span class='ocrx_word' id='word_1_196' title='bbox 1311 2071 1370 2110; x_wconf 91' lang='lat' dir='ltr'><strong>se</strong></span> <span class='ocrx_word' id='word_1_197' title='bbox 1402 2066 1754 2110; x_wconf 78' lang='lat' dir='ltr'><strong>excussnros.</strong></span> <span class='ocrx_word' id='word_1_198' title='bbox 1790 2061 1846 2103; x_wconf 89' lang='lat' dir='ltr'><strong>et</strong></span> <span class='ocrx_word' id='word_1_199' title='bbox 1887 2049 1955 2103; x_wconf 89' lang='lat' dir='ltr'><strong>ab</strong></span> <span class='ocrx_word' id='word_1_200' title='bbox 1987 2049 2277 2118; x_wconf 68' lang='lat' dir='ltr'><strong>episcopo.</strong></span> 
     </span>
    </p>
   </div>
   <div class='ocr_carea' id='block_1_32' title="bbox 691 2141 2276 2227">
    <p class='ocr_par' dir='ltr' id='par_1_32' title="bbox 691 2141 2276 2227">
     <span class='ocr_line' id='line_1_32' title="bbox 691 2141 2276 2227; baseline -0.012 -13"><span class='ocrx_word' id='word_1_201' title='bbox 691 2177 813 2215; x_wconf 87' lang='lat' dir='ltr'><strong>rnm</strong></span> <span class='ocrx_word' id='word_1_202' title='bbox 844 2158 938 2227; x_wconf 86' lang='lat' dir='ltr'><strong>qui</strong></span> <span class='ocrx_word' id='word_1_203' title='bbox 975 2155 1050 2208; x_wconf 88' lang='lat' dir='ltr'><strong>ibi</strong></span> <span class='ocrx_word' id='word_1_204' title='bbox 1095 2149 1488 2205; x_wconf 89' lang='lat' dir='ltr'><strong>convenissent</strong></span> <span class='ocrx_word' id='word_1_205' title='bbox 1522 2141 1912 2198; x_wconf 86' lang='lat' dir='ltr'><strong>communione</strong></span> <span class='ocrx_word' id='word_1_206' title='bbox 1960 2156 2276 2195; x_wconf 81' lang='lat' dir='ltr'><strong>sccessuros</strong></span> 
     </span>
    </p>
   </div>
   <div class='ocr_carea' id='block_1_33' title="bbox 691 2232 2279 2317">
    <p class='ocr_par' dir='ltr' id='par_1_33' title="bbox 691 2232 2279 2317">
     <span class='ocr_line' id='line_1_33' title="bbox 691 2232 2279 2317; baseline -0.014 -9"><span class='ocrx_word' id='word_1_207' title='bbox 691 2269 836 2317; x_wconf 87' lang='lat' dir='ltr'><strong>esse,</strong></span> <span class='ocrx_word' id='word_1_208' title='bbox 875 2251 1156 2304; x_wconf 81' lang='lat' dir='ltr'><strong>dixerunt.</strong></span> <span class='ocrx_word' id='word_1_209' title='bbox 1192 2241 1289 2295; x_wconf 92' lang='lat' dir='ltr'><strong>llis</strong></span> <span class='ocrx_word' id='word_1_210' title='bbox 1338 2237 1522 2293; x_wconf 80' lang='lat' dir='ltr'><strong>verbis</strong></span> <span class='ocrx_word' id='word_1_211' title='bbox 1573 2234 1797 2299; x_wconf 89' lang='lat' dir='ltr'><strong>auditis,</strong></span> <span class='ocrx_word' id='word_1_212' title='bbox 1851 2232 2041 2287; x_wconf 82' lang='lat' dir='ltr'><strong>Aetius</strong></span> <span class='ocrx_word' id='word_1_213' title='bbox 2096 2232 2279 2286; x_wconf 80' lang='lat' dir='ltr'><strong>archi-</strong></span> 
     </span>
    </p>
   </div>
   <div class='ocr_carea' id='block_1_34' title="bbox 2378 1576 3971 1653">
    <p class='ocr_par' dir='ltr' id='par_1_34' title="bbox 2378 1576 3971 1653">
     <span class='ocr_line' id='line_1_34' title="bbox 2378 1576 3971 1653; baseline -0.006 -16"><span class='ocrx_word' id='word_1_214' title='bbox 2378 1584 2585 1637; x_wconf 83' lang='grc' dir='ltr'>λόντων</span> <span class='ocrx_word' id='word_1_215' title='bbox 2611 1582 2904 1653; x_wconf 85' lang='grc' dir='ltr'>Διόσκορον</span> <span class='ocrx_word' id='word_1_216' title='bbox 2953 1581 3046 1634; x_wconf 79' lang='grc' dir='ltr'>καὶ</span> <span class='ocrx_word' id='word_1_217' title='bbox 3078 1578 3319 1649; x_wconf 85' lang='grc' dir='ltr'><strong>Εὐτυχῆ,</strong></span> <span class='ocrx_word' id='word_1_218' title='bbox 3346 1576 3455 1631; x_wconf 87' lang='grc' dir='ltr'><strong>τῶν</strong></span> <span class='ocrx_word' id='word_1_219' title='bbox 3504 1576 3563 1629; x_wconf 82' lang='grc' dir='ltr'>δὲ</span> <span class='ocrx_word' id='word_1_220' title='bbox 3612 1592 3971 1647; x_wconf 83' lang='grc' dir='ltr'>παρακρουο-</span> 
     </span>
    </p>
   </div>
   <div class='ocr_carea' id='block_1_35' title="bbox 2384 1668 3969 1749">
    <p class='ocr_par' dir='ltr' id='par_1_35' title="bbox 2384 1668 3969 1749">
     <span class='ocr_line' id='line_1_35' title="bbox 2384 1668 3969 1749; baseline -0.007 -19"><span class='ocrx_word' id='word_1_221' title='bbox 2384 1677 2585 1749; x_wconf 86' lang='grc' dir='ltr'>μένων,</span> <span class='ocrx_word' id='word_1_222' title='bbox 2635 1674 2927 1745; x_wconf 87' lang='grc' dir='ltr'>διελαλήθη</span> <span class='ocrx_word' id='word_1_223' title='bbox 2976 1672 3228 1726; x_wconf 78' lang='grc' dir='ltr'><strong>Φαύστου</strong></span> <span class='ocrx_word' id='word_1_224' title='bbox 3277 1671 3377 1734; x_wconf 71' lang='grc' dir='ltr'><strong>τὰς</strong></span> <span class='ocrx_word' id='word_1_225' title='bbox 3436 1668 3656 1741; x_wconf 82' lang='grc' dir='ltr'><strong>δεήσεις</strong></span> <span class='ocrx_word' id='word_1_226' title='bbox 3720 1672 3815 1721; x_wconf 82' lang='grc' dir='ltr'>καὶ</span> <span class='ocrx_word' id='word_1_227' title='bbox 3856 1668 3969 1721; x_wconf 77' lang='grc' dir='ltr'><strong>τῶν</strong></span> 
     </span>
    </p>
   </div>
   <div class='ocr_carea' id='block_1_36' title="bbox 2380 1762 3970 1838">
    <p class='ocr_par' dir='ltr' id='par_1_36' title="bbox 2380 1762 3970 1838">
     <span class='ocr_line' id='line_1_36' title="bbox 2380 1762 3970 1838; baseline -0.006 -15"><span class='ocrx_word' id='word_1_228' title='bbox 2380 1770 2586 1823; x_wconf 85' lang='grc' dir='ltr'>λοιπῶν</span> <span class='ocrx_word' id='word_1_229' title='bbox 2621 1768 2876 1838; x_wconf 86' lang='grc' dir='ltr'>μοναχῶν</span> <span class='ocrx_word' id='word_1_230' title='bbox 2904 1770 2982 1830; x_wconf 84' lang='grc' dir='ltr'><strong>είς</strong></span> <span class='ocrx_word' id='word_1_231' title='bbox 3011 1766 3251 1837; x_wconf 84' lang='grc' dir='ltr'>ἐπήκοον</span> <span class='ocrx_word' id='word_1_232' title='bbox 3296 1764 3720 1833; x_wconf 74' lang='grc' dir='ltr'>ἀναγνωσθῆναι</span> <span class='ocrx_word' id='word_1_233' title='bbox 3749 1779 3763 1793; x_wconf 75' lang='grc' dir='ltr'><strong>ο</strong></span> <span class='ocrx_word' id='word_1_234' title='bbox 3791 1763 3848 1815; x_wconf 73' lang='grc' dir='ltr'><strong>οἳ</strong></span> <span class='ocrx_word' id='word_1_235' title='bbox 3874 1762 3970 1815; x_wconf 80' lang='grc' dir='ltr'><strong>τοῦ</strong></span> 
     </span>
    </p>
   </div>
   <div class='ocr_carea' id='block_1_37' title="bbox 2383 1856 3975 1933">
    <p class='ocr_par' dir='ltr' id='par_1_37' title="bbox 2383 1856 3975 1933">
     <span class='ocr_line' id='line_1_37' title="bbox 2383 1856 3975 1933; baseline -0.006 -17"><span class='ocrx_word' id='word_1_236' title='bbox 2383 1863 2652 1933; x_wconf 82' lang='grc' dir='ltr'>βασιλέως</span> <span class='ocrx_word' id='word_1_237' title='bbox 2677 1860 2907 1924; x_wconf 82' lang='grc' dir='ltr'>ἐδέοντο,</span> <span class='ocrx_word' id='word_1_238' title='bbox 2935 1860 3012 1929; x_wconf 86' lang='grc' dir='ltr'>μὴ</span> <span class='ocrx_word' id='word_1_239' title='bbox 3057 1858 3376 1929; x_wconf 82' lang='grc' dir='ltr'>παραδοχῆς</span> <span class='ocrx_word' id='word_1_240' title='bbox 3402 1856 3692 1924; x_wconf 71' lang='grc' dir='ltr'>ἀξιοῦσθαι</span> <span class='ocrx_word' id='word_1_241' title='bbox 3724 1857 3850 1919; x_wconf 83' lang='grc' dir='ltr'>τοὺς</span> <span class='ocrx_word' id='word_1_242' title='bbox 3877 1873 3975 1926; x_wconf 85' lang='grc' dir='ltr'>μο-</span> 
     </span>
    </p>
   </div>
   <div class='ocr_carea' id='block_1_38' title="bbox 2384 1948 3969 2025">
    <p class='ocr_par' dir='ltr' id='par_1_38' title="bbox 2384 1948 3969 2025">
     <span class='ocr_line' id='line_1_38' title="bbox 2384 1948 3969 2025; baseline -0.006 -15"><span class='ocrx_word' id='word_1_243' title='bbox 2384 1957 2605 2025; x_wconf 75' lang='grc' dir='ltr'>ναχοὺς,</span> <span class='ocrx_word' id='word_1_244' title='bbox 2630 1954 2678 2006; x_wconf 75' lang='grc' dir='ltr'><strong>οἳ</strong></span> <span class='ocrx_word' id='word_1_245' title='bbox 2707 1954 2821 2016; x_wconf 89' lang='grc' dir='ltr'>τοῖς</span> <span class='ocrx_word' id='word_1_246' title='bbox 2845 1952 3028 2024; x_wconf 83' lang='grc' dir='ltr'>ὀρθοῖς</span> <span class='ocrx_word' id='word_1_247' title='bbox 3077 1952 3188 2005; x_wconf 84' lang='grc' dir='ltr'><strong>τῶν</strong></span> <span class='ocrx_word' id='word_1_248' title='bbox 3232 1952 3521 2022; x_wconf 84' lang='grc' dir='ltr'>δογμάτων</span> <span class='ocrx_word' id='word_1_249' title='bbox 3552 1948 3929 2004; x_wconf 79' lang='grc' dir='ltr'>ἐναντιοῦνται</span> <span class='ocrx_word' id='word_1_250' title='bbox 3955 1964 3969 1978; x_wconf 84' lang='grc'><em>’</em></span> 
     </span>
    </p>
   </div>
   <div class='ocr_carea' id='block_1_39' title="bbox 2386 2038 3974 2114">
    <p class='ocr_par' dir='ltr' id='par_1_39' title="bbox 2386 2038 3974 2114">
     <span class='ocr_line' id='line_1_39' title="bbox 2386 2038 3974 2114; baseline -0.005 -15"><span class='ocrx_word' id='word_1_251' title='bbox 2386 2038 2463 2100; x_wconf 82' lang='grc' dir='ltr'>ὧν</span> <span class='ocrx_word' id='word_1_252' title='bbox 2492 2040 2571 2107; x_wconf 75' lang='grc' dir='ltr'>εἷς</span> <span class='ocrx_word' id='word_1_253' title='bbox 2602 2044 2880 2114; x_wconf 87' lang='grc' dir='ltr'>Δωρόθεος</span> <span class='ocrx_word' id='word_1_254' title='bbox 2916 2043 3011 2094; x_wconf 72' lang='grc' dir='ltr'>καὶ</span> <span class='ocrx_word' id='word_1_255' title='bbox 3038 2042 3323 2111; x_wconf 84' lang='grc' dir='ltr'>όρθόδοξον</span> <span class='ocrx_word' id='word_1_256' title='bbox 3375 2042 3469 2095; x_wconf 84' lang='grc' dir='ltr'>τὸν</span> <span class='ocrx_word' id='word_1_257' title='bbox 3510 2041 3735 2111; x_wconf 76' lang='grc' dir='ltr'>Εὐτυχῆ</span> <span class='ocrx_word' id='word_1_258' title='bbox 3786 2056 3974 2093; x_wconf 88' lang='grc' dir='ltr'>κατω-</span> 
     </span>
    </p>
   </div>
   <div class='ocr_carea' id='block_1_40' title="bbox 2386 2134 3973 2209">
    <p class='ocr_par' dir='ltr' id='par_1_40' title="bbox 2386 2134 3973 2209">
     <span class='ocr_line' id='line_1_40' title="bbox 2386 2134 3973 2209; baseline -0.005 -17"><span class='ocrx_word' id='word_1_259' title='bbox 2386 2138 2775 2209; x_wconf 80' lang='grc' dir='ltr'>νόμασε,πρὸς</span> <span class='ocrx_word' id='word_1_260' title='bbox 2819 2135 2880 2187; x_wconf 81' lang='grc' dir='ltr'>ὃν</span> <span class='ocrx_word' id='word_1_261' title='bbox 2926 2135 3201 2205; x_wconf 74' lang='grc' dir='ltr'>παρουσίᾳ</span> <span class='ocrx_word' id='word_1_262' title='bbox 3240 2134 3349 2187; x_wconf 88' lang='grc' dir='ltr'><strong>τῶν</strong></span> <span class='ocrx_word' id='word_1_263' title='bbox 3400 2134 3707 2205; x_wconf 55' lang='grc' dir='ltr'>ἀρχόντων,</span> <span class='ocrx_word' id='word_1_264' title='bbox 3734 2134 3973 2202; x_wconf 59' lang='grc' dir='ltr'>διάφορα</span> 
     </span>
    </p>
   </div>
   <div class='ocr_carea' id='block_1_41' title="bbox 2388 2227 3384 2300">
    <p class='ocr_par' dir='ltr' id='par_1_41' title="bbox 2388 2227 3384 2300">
     <span class='ocr_line' id='line_1_41' title="bbox 2388 2227 3384 2300; baseline -0.003 -14"><span class='ocrx_word' id='word_1_265' title='bbox 2388 2234 2638 2300; x_wconf 86' lang='grc' dir='ltr'>δόγματα</span> <span class='ocrx_word' id='word_1_266' title='bbox 2669 2229 2799 2298; x_wconf 77' lang='grc' dir='ltr'>περὶ</span> <span class='ocrx_word' id='word_1_267' title='bbox 2830 2228 3105 2299; x_wconf 82' lang='grc' dir='ltr'>Εὑτυχοῦς</span> <span class='ocrx_word' id='word_1_268' title='bbox 3135 2227 3384 2299; x_wconf 79' lang='grc' dir='ltr'>ἐκινήθη.</span> 
     </span>
    </p>
   </div>
   <div class='ocr_carea' id='block_1_42' title="bbox 688 2323 3973 2401">
    <p class='ocr_par' dir='ltr' id='par_1_42' title="bbox 688 2323 3973 2401">
     <span class='ocr_line' id='line_1_42' title="bbox 688 2323 3973 2401; baseline -0.008 -1"><span class='ocrx_word' id='word_1_269' title='bbox 688 2347 958 2401; x_wconf 85' lang='lat' dir='ltr'><strong>diaconus</strong></span> <span class='ocrx_word' id='word_1_270' title='bbox 1018 2350 1285 2394; x_wconf 89' lang='lat' dir='ltr'><strong>eanonem</strong></span> <span class='ocrx_word' id='word_1_271' title='bbox 1313 2333 1381 2387; x_wconf 91' lang='lat' dir='ltr'><strong>de</strong></span> <span class='ocrx_word' id='word_1_272' title='bbox 1413 2331 1493 2386; x_wconf 90' lang='lat' dir='ltr'><strong>eis</strong></span> <span class='ocrx_word' id='word_1_273' title='bbox 1518 2329 1671 2397; x_wconf 86' lang='lat' dir='ltr'><strong>legit,</strong></span> <span class='ocrx_word' id='word_1_274' title='bbox 1695 2328 1785 2397; x_wconf 90' lang='lat' dir='ltr'><strong>qui</strong></span> <span class='ocrx_word' id='word_1_275' title='bbox 1825 2342 1883 2381; x_wconf 89' lang='lat' dir='ltr'><strong>se</strong></span> <span class='ocrx_word' id='word_1_276' title='bbox 1917 2327 2066 2395; x_wconf 89' lang='lat' dir='ltr'><strong>ipsos</strong></span> <span class='ocrx_word' id='word_1_277' title='bbox 2106 2336 2464 2398; x_wconf 83' lang='lat' dir='ltr'><strong>segregarem.</strong></span> <span class='ocrx_word' id='word_1_278' title='bbox 2538 2343 2552 2379; x_wconf 86' lang='lat'><strong>:</strong></span> <span class='ocrx_word' id='word_1_279' title='bbox 2590 2333 2755 2395; x_wconf 77' lang='lat' dir='ltr'><strong>atque</strong></span> <span class='ocrx_word' id='word_1_280' title='bbox 2798 2323 2891 2378; x_wconf 89' lang='lat' dir='ltr'><strong>ubi</strong></span> <span class='ocrx_word' id='word_1_281' title='bbox 2963 2323 3247 2378; x_wconf 83' lang='lat' dir='ltr'><strong>contentio</strong></span> <span class='ocrx_word' id='word_1_282' title='bbox 3317 2323 3463 2377; x_wconf 89' lang='lat' dir='ltr'><strong>inter</strong></span> <span class='ocrx_word' id='word_1_283' title='bbox 3514 2324 3804 2393; x_wconf 84' lang='lat' dir='ltr'><strong>episcopos</strong></span> <span class='ocrx_word' id='word_1_284' title='bbox 3850 2329 3973 2375; x_wconf 89' lang='lat' dir='ltr'><strong>orta</strong></span> 
     </span>
    </p>
   </div>
   <div class='ocr_carea' id='block_1_43' title="bbox 690 2418 3975 2504">
    <p class='ocr_par' dir='ltr' id='par_1_43' title="bbox 690 2418 3975 2504">
     <span class='ocr_line' id='line_1_43' title="bbox 690 2418 3975 2504; baseline -0.008 -8"><span class='ocrx_word' id='word_1_285' title='bbox 690 2455 799 2504; x_wconf 79' lang='lat' dir='ltr'><strong>est,</strong></span> <span class='ocrx_word' id='word_1_286' title='bbox 832 2450 887 2493; x_wconf 86' lang='lat' dir='ltr'><strong>et</strong></span> <span class='ocrx_word' id='word_1_287' title='bbox 919 2435 1242 2495; x_wconf 80' lang='lat' dir='ltr'><strong>monachos,</strong></span> <span class='ocrx_word' id='word_1_288' title='bbox 1276 2430 1369 2500; x_wconf 87' lang='lat' dir='ltr'><strong>qui</strong></span> <span class='ocrx_word' id='word_1_289' title='bbox 1432 2426 1634 2495; x_wconf 84' lang='lat' dir='ltr'><strong>partim</strong></span> <span class='ocrx_word' id='word_1_290' title='bbox 1694 2423 2017 2475; x_wconf 83' lang='lat' dir='ltr'><strong>Dioscurum</strong></span> <span class='ocrx_word' id='word_1_291' title='bbox 2088 2432 2143 2474; x_wconf 89' lang='lat' dir='ltr'><strong>et</strong></span> <span class='ocrx_word' id='word_1_292' title='bbox 2213 2421 2572 2493; x_wconf 77' lang='lat' dir='ltr'><strong>Eutychetem</strong></span> <span class='ocrx_word' id='word_1_293' title='bbox 2622 2419 2976 2473; x_wconf 86' lang='lat' dir='ltr'><strong>anathemate</strong></span> <span class='ocrx_word' id='word_1_294' title='bbox 3028 2428 3361 2485; x_wconf 86' lang='lat' dir='ltr'><strong>mactarunt,</strong></span> <span class='ocrx_word' id='word_1_295' title='bbox 3414 2420 3612 2489; x_wconf 84' lang='lat' dir='ltr'><strong>partim</strong></span> <span class='ocrx_word' id='word_1_296' title='bbox 3658 2419 3712 2473; x_wconf 89' lang='lat' dir='ltr'><strong>id</strong></span> <span class='ocrx_word' id='word_1_297' title='bbox 3790 2418 3975 2474; x_wconf 85' lang='lat' dir='ltr'><strong>facere</strong></span> 
     </span>
    </p>
   </div>
   <div class='ocr_carea' id='block_1_44' title="bbox 691 2514 3973 2600">
    <p class='ocr_par' dir='ltr' id='par_1_44' title="bbox 691 2514 3973 2600">
     <span class='ocr_line' id='line_1_44' title="bbox 691 2514 3973 2600; baseline -0.009 -6"><span class='ocrx_word' id='word_1_298' title='bbox 691 2543 1043 2595; x_wconf 79' lang='lat' dir='ltr'><strong>recusarunt,</strong></span> <span class='ocrx_word' id='word_1_299' title='bbox 1096 2546 1195 2600; x_wconf 88' lang='lat' dir='ltr'><strong>per</strong></span> <span class='ocrx_word' id='word_1_300' title='bbox 1241 2522 1732 2581; x_wconf 89' lang='lat' dir='ltr'><strong>interlocutionem</strong></span> <span class='ocrx_word' id='word_1_301' title='bbox 1811 2527 2082 2572; x_wconf 86' lang='lat' dir='ltr'><strong>statutum</strong></span> <span class='ocrx_word' id='word_1_302' title='bbox 2151 2525 2257 2581; x_wconf 84' lang='lat' dir='ltr'><strong>est,</strong></span> <span class='ocrx_word' id='word_1_303' title='bbox 2298 2525 2358 2571; x_wconf 88' lang='lat' dir='ltr'><strong>ut</strong></span> <span class='ocrx_word' id='word_1_304' title='bbox 2399 2516 2585 2571; x_wconf 83' lang='lat' dir='ltr'><strong>Fausti</strong></span> <span class='ocrx_word' id='word_1_305' title='bbox 2637 2530 2852 2585; x_wconf 87' lang='lat' dir='ltr'><strong>preces,</strong></span> <span class='ocrx_word' id='word_1_306' title='bbox 2900 2524 2959 2568; x_wconf 87' lang='lat' dir='ltr'><strong>et</strong></span> <span class='ocrx_word' id='word_1_307' title='bbox 3000 2515 3237 2569; x_wconf 85' lang='lat' dir='ltr'><strong>aliorum</strong></span> <span class='ocrx_word' id='word_1_308' title='bbox 3289 2516 3706 2578; x_wconf 86' lang='lat' dir='ltr'><strong>monachorum,</strong></span> <span class='ocrx_word' id='word_1_309' title='bbox 3748 2514 3973 2576; x_wconf 88' lang='lat' dir='ltr'><strong>clarius,</strong></span> 
     </span>
    </p>
   </div>
   <div class='ocr_carea' id='block_1_45' title="bbox 693 2611 3970 2707">
    <p class='ocr_par' dir='ltr' id='par_1_45' title="bbox 693 2611 3970 2707">
     <span class='ocr_line' id='line_1_45' title="bbox 693 2611 3970 2707; baseline -0.008 -17"><span class='ocrx_word' id='word_1_310' title='bbox 693 2652 807 2707; x_wconf 84' lang='lat' dir='ltr'><strong>quo</strong></span> <span class='ocrx_word' id='word_1_311' title='bbox 839 2628 1089 2687; x_wconf 79' lang='lat' dir='ltr'><strong>exaudiri</strong></span> <span class='ocrx_word' id='word_1_312' title='bbox 1123 2633 1373 2697; x_wconf 88' lang='lat' dir='ltr'><strong>possent,</strong></span> <span class='ocrx_word' id='word_1_313' title='bbox 1399 2622 1758 2691; x_wconf 84' lang='lat' dir='ltr'><strong>legerentur:</strong></span> <span class='ocrx_word' id='word_1_314' title='bbox 1802 2631 1926 2685; x_wconf 78' lang='lat' dir='ltr'><strong>quae</strong></span> <span class='ocrx_word' id='word_1_315' title='bbox 1988 2630 2182 2685; x_wconf 89' lang='lat' dir='ltr'><strong>preces</strong></span> <span class='ocrx_word' id='word_1_316' title='bbox 2246 2615 2353 2668; x_wconf 91' lang='lat' dir='ltr'><strong>hoe</strong></span> <span class='ocrx_word' id='word_1_317' title='bbox 2386 2612 2924 2683; x_wconf 88' lang='lat' dir='ltr'><strong>complectebantur,</strong></span> <span class='ocrx_word' id='word_1_318' title='bbox 2962 2621 3021 2665; x_wconf 93' lang='lat' dir='ltr'><strong>ut</strong></span> <span class='ocrx_word' id='word_1_319' title='bbox 3046 2611 3350 2680; x_wconf 90' lang='lat' dir='ltr'><strong>imperator</strong></span> <span class='ocrx_word' id='word_1_320' title='bbox 3381 2618 3604 2678; x_wconf 86' lang='lat' dir='ltr'><strong>rogatus</strong></span> <span class='ocrx_word' id='word_1_321' title='bbox 3644 2623 3739 2662; x_wconf 85' lang='lat' dir='ltr'><strong>eus</strong></span> <span class='ocrx_word' id='word_1_322' title='bbox 3777 2622 3970 2663; x_wconf 89' lang='lat' dir='ltr'><strong>mona-</strong></span> 
     </span>
    </p>
   </div>
   <div class='ocr_carea' id='block_1_46' title="bbox 692 2701 3971 2793">
    <p class='ocr_par' dir='ltr' id='par_1_46' title="bbox 692 2701 3971 2793">
     <span class='ocr_line' id='line_1_46' title="bbox 692 2701 3971 2793; baseline -0.01 -9"><span class='ocrx_word' id='word_1_323' title='bbox 692 2701 830 2784; x_wconf 79' lang='lat' dir='ltr'><strong>chus</strong></span> <span class='ocrx_word' id='word_1_324' title='bbox 859 2724 1107 2793; x_wconf 88' lang='lat' dir='ltr'><strong>recipere</strong></span> <span class='ocrx_word' id='word_1_325' title='bbox 1139 2732 1247 2771; x_wconf 90' lang='lat' dir='ltr'><strong>non</strong></span> <span class='ocrx_word' id='word_1_326' title='bbox 1280 2714 1627 2783; x_wconf 78' lang='lat' dir='ltr'><strong>dignaretur,</strong></span> <span class='ocrx_word' id='word_1_327' title='bbox 1697 2708 1795 2777; x_wconf 88' lang='lat' dir='ltr'><strong>qui</strong></span> <span class='ocrx_word' id='word_1_328' title='bbox 1861 2708 2029 2761; x_wconf 90' lang='lat' dir='ltr'><strong>rectis</strong></span> <span class='ocrx_word' id='word_1_329' title='bbox 2102 2704 2458 2775; x_wconf 81' lang='lat' dir='ltr'><strong>dogmatibus</strong></span> <span class='ocrx_word' id='word_1_330' title='bbox 2522 2706 2953 2759; x_wconf 79' lang='lat' dir='ltr'><strong>adversarentur</strong></span> <span class='ocrx_word' id='word_1_331' title='bbox 3006 2721 3020 2757; x_wconf 88' lang='lat'><strong>:</strong></span> <span class='ocrx_word' id='word_1_332' title='bbox 3068 2705 3211 2757; x_wconf 88' lang='lat' dir='ltr'><strong>inter</strong></span> <span class='ocrx_word' id='word_1_333' title='bbox 3257 2718 3398 2773; x_wconf 90' lang='lat' dir='ltr'><strong>quos</strong></span> <span class='ocrx_word' id='word_1_334' title='bbox 3444 2702 3754 2756; x_wconf 89' lang='lat' dir='ltr'><strong>Dorothcus</strong></span> <span class='ocrx_word' id='word_1_335' title='bbox 3802 2701 3971 2755; x_wconf 86' lang='lat' dir='ltr'><strong>etiam</strong></span> 
     </span>
    </p>
   </div>
   <div class='ocr_carea' id='block_1_47' title="bbox 699 2794 3975 2894">
    <p class='ocr_par' dir='ltr' id='par_1_47' title="bbox 699 2794 3975 2894">
     <span class='ocr_line' id='line_1_47' title="bbox 699 2794 3975 2894; baseline -0.009 -15"><span class='ocrx_word' id='word_1_336' title='bbox 699 2821 1064 2894; x_wconf 79' lang='lat' dir='ltr'><strong>Entychetem</strong></span> <span class='ocrx_word' id='word_1_337' title='bbox 1141 2808 1510 2866; x_wconf 79' lang='lat' dir='ltr'><strong>orthoduxum</strong></span> <span class='ocrx_word' id='word_1_338' title='bbox 1586 2812 1645 2858; x_wconf 91' lang='lat' dir='ltr'><strong>et.</strong></span> <span class='ocrx_word' id='word_1_339' title='bbox 1714 2811 1864 2857; x_wconf 88' lang='lat' dir='ltr'><strong>recte</strong></span> <span class='ocrx_word' id='word_1_340' title='bbox 1953 2801 2287 2855; x_wconf 82' lang='lat' dir='ltr'><strong>sentientem</strong></span> <span class='ocrx_word' id='word_1_341' title='bbox 2327 2807 2647 2864; x_wconf 85' lang='lat' dir='ltr'><strong>vocaverat,</strong></span> <span class='ocrx_word' id='word_1_342' title='bbox 2704 2807 2898 2853; x_wconf 85' lang='lat' dir='ltr'><strong>contra</strong></span> <span class='ocrx_word' id='word_1_343' title='bbox 2946 2812 3111 2867; x_wconf 89' lang='lat' dir='ltr'><strong>quem</strong></span> <span class='ocrx_word' id='word_1_344' title='bbox 3166 2796 3221 2851; x_wconf 92' lang='lat' dir='ltr'><strong>in</strong></span> <span class='ocrx_word' id='word_1_345' title='bbox 3302 2798 3614 2866; x_wconf 73' lang='lat' dir='ltr'><strong>principum</strong></span> <span class='ocrx_word' id='word_1_346' title='bbox 3680 2794 3975 2866; x_wconf 70' lang='lat' dir='ltr'><strong>praesentia</strong></span> 
     </span>
    </p>
   </div>
   <div class='ocr_carea' id='block_1_48' title="bbox 697 2896 2102 2981">
    <p class='ocr_par' dir='ltr' id='par_1_48' title="bbox 697 2896 2102 2981">
     <span class='ocr_line' id='line_1_48' title="bbox 697 2896 2102 2981; baseline -0.021 -3"><span class='ocrx_word' id='word_1_347' title='bbox 697 2921 864 2977; x_wconf 72' lang='lat' dir='ltr'><strong>variae</strong></span> <span class='ocrx_word' id='word_1_348' title='bbox 890 2916 959 2971; x_wconf 87' lang='lat' dir='ltr'><strong>de</strong></span> <span class='ocrx_word' id='word_1_349' title='bbox 984 2908 1294 2981; x_wconf 82' lang='lat' dir='ltr'><strong>Eutychcte</strong></span> <span class='ocrx_word' id='word_1_350' title='bbox 1318 2904 1608 2973; x_wconf 79' lang='lat' dir='ltr'><strong>Opiniones</strong></span> <span class='ocrx_word' id='word_1_351' title='bbox 1636 2908 1765 2954; x_wconf 91' lang='lat' dir='ltr'><strong>sunt</strong></span> <span class='ocrx_word' id='word_1_352' title='bbox 1796 2896 2102 2966; x_wconf 70' lang='lat' dir='ltr'><strong>productae.</strong></span> 
     </span>
    </p>
   </div>
   <div class='ocr_carea' id='block_1_49' title="bbox 766 2991 2275 3073">
    <p class='ocr_par' dir='ltr' id='par_1_49' title="bbox 766 2991 2275 3073">
     <span class='ocr_line' id='line_1_49' title="bbox 766 2991 2275 3073; baseline -0.019 -1"><span class='ocrx_word' id='word_1_353' title='bbox 766 3021 961 3073; x_wconf 79' lang='lat' dir='ltr'><strong>Postea</strong></span> <span class='ocrx_word' id='word_1_354' title='bbox 1013 3012 1067 3065; x_wconf 88' lang='lat' dir='ltr'><strong>in</strong></span> <span class='ocrx_word' id='word_1_355' title='bbox 1108 3018 1373 3062; x_wconf 85' lang='lat' dir='ltr'><strong>consessu</strong></span> <span class='ocrx_word' id='word_1_356' title='bbox 1418 2999 1647 3069; x_wconf 90' lang='lat' dir='ltr'><strong>quinto,</strong></span> <span class='ocrx_word' id='word_1_357' title='bbox 1690 2993 1973 3067; x_wconf 89' lang='lat' dir='ltr'><strong>principes</strong></span> <span class='ocrx_word' id='word_1_358' title='bbox 2015 2991 2275 3047; x_wconf 88' lang='lat' dir='ltr'><strong>omnibus</strong></span> 
     </span>
    </p>
   </div>
   <div class='ocr_carea' id='block_1_50' title="bbox 694 3087 2268 3178">
    <p class='ocr_par' dir='ltr' id='par_1_50' title="bbox 694 3087 2268 3178">
     <span class='ocr_line' id='line_1_50' title="bbox 694 3087 2268 3178; baseline -0.022 -9"><span class='ocrx_word' id='word_1_359' title='bbox 694 3114 827 3169; x_wconf 80' lang='lat' dir='ltr'><strong>satis</strong></span> <span class='ocrx_word' id='word_1_360' title='bbox 857 3111 1072 3178; x_wconf 88' lang='lat' dir='ltr'><strong>liquere</strong></span> <span class='ocrx_word' id='word_1_361' title='bbox 1102 3101 1385 3157; x_wconf 80' lang='lat' dir='ltr'><strong>dixerunt.</strong></span> <span class='ocrx_word' id='word_1_362' title='bbox 1418 3110 1483 3149; x_wconf 86' lang='lat' dir='ltr'><strong>ea</strong></span> <span class='ocrx_word' id='word_1_363' title='bbox 1521 3106 1643 3162; x_wconf 68' lang='lat' dir='ltr'><strong>quae</strong></span> <span class='ocrx_word' id='word_1_364' title='bbox 1669 3089 1737 3143; x_wconf 91' lang='lat' dir='ltr'><strong>de</strong></span> <span class='ocrx_word' id='word_1_365' title='bbox 1782 3087 1813 3140; x_wconf 86' lang='lat' dir='ltr'><strong>ft</strong></span> <span class='ocrx_word' id='word_1_366' title='bbox 1838 3090 1883 3140; x_wconf 92' lang='lat' dir='ltr'><strong>le</strong></span> <span class='ocrx_word' id='word_1_367' title='bbox 1914 3095 2099 3140; x_wconf 86' lang='lat' dir='ltr'><strong>essent</strong></span> <span class='ocrx_word' id='word_1_368' title='bbox 2131 3098 2268 3137; x_wconf 81' lang='lat' dir='ltr'><strong>con-</strong></span> 
     </span>
    </p>
   </div>
   <div class='ocr_carea' id='block_1_51' title="bbox 692 3176 2277 3262">
    <p class='ocr_par' dir='ltr' id='par_1_51' title="bbox 692 3176 2277 3262">
     <span class='ocr_line' id='line_1_51' title="bbox 692 3176 2277 3262; baseline -0.023 1"><span class='ocrx_word' id='word_1_369' title='bbox 692 3176 1009 3262; x_wconf 35' lang='lat' dir='ltr'><strong>stitutaalct</strong></span> <span class='ocrx_word' id='word_1_370' title='bbox 1042 3190 1393 3262; x_wconf 82' lang='lat' dir='ltr'><strong>Asclepiades</strong></span> <span class='ocrx_word' id='word_1_371' title='bbox 1424 3180 2049 3250; x_wconf 66' lang='grc' dir='ltr'>ϐοηειοηιὶιιορηιίιοηιυ</span> <span class='ocrx_word' id='word_1_372' title='bbox 2094 3176 2277 3229; x_wconf 84' lang='lat' dir='ltr'><strong>eccle-</strong></span> 
     </span>
    </p>
   </div>
   <div class='ocr_carea' id='block_1_52' title="bbox 692 3270 2277 3356">
    <p class='ocr_par' dir='ltr' id='par_1_52' title="bbox 692 3270 2277 3356">
     <span class='ocr_line' id='line_1_52' title="bbox 692 3270 2277 3356; baseline -0.023 -1"><span class='ocrx_word' id='word_1_373' title='bbox 692 3302 793 3356; x_wconf 76' lang='lat' dir='ltr'><strong>size</strong></span> <span class='ocrx_word' id='word_1_374' title='bbox 814 3298 1082 3351; x_wconf 85' lang='lat' dir='ltr'><strong>diaconus</strong></span> <span class='ocrx_word' id='word_1_375' title='bbox 1110 3291 1162 3343; x_wconf 91' lang='lat' dir='ltr'><strong>in</strong></span> <span class='ocrx_word' id='word_1_376' title='bbox 1191 3285 1431 3341; x_wconf 87' lang='lat' dir='ltr'><strong>medium</strong></span> <span class='ocrx_word' id='word_1_377' title='bbox 1462 3276 1754 3350; x_wconf 84' lang='lat' dir='ltr'><strong>processit.</strong></span> <span class='ocrx_word' id='word_1_378' title='bbox 1780 3283 1836 3327; x_wconf 84' lang='lat' dir='ltr'><strong>et</strong></span> <span class='ocrx_word' id='word_1_379' title='bbox 1861 3271 2054 3344; x_wconf 79' lang='lat' dir='ltr'><strong>synodi</strong></span> <span class='ocrx_word' id='word_1_380' title='bbox 2079 3270 2277 3324; x_wconf 86' lang='lat' dir='ltr'><strong>decre-</strong></span> 
     </span>
    </p>
   </div>
   <div class='ocr_carea' id='block_1_53' title="bbox 2464 2981 3975 3054">
    <p class='ocr_par' dir='ltr' id='par_1_53' title="bbox 2464 2981 3975 3054">
     <span class='ocr_line' id='line_1_53' title="bbox 2464 2981 3975 3054; baseline -0.001 -15"><span class='ocrx_word' id='word_1_381' title='bbox 2464 2987 2697 3039; x_wconf 85' lang='grc' dir='ltr'>Ἐπειτα</span> <span class='ocrx_word' id='word_1_382' title='bbox 2733 2984 2999 3054; x_wconf 78' lang='grc' dir='ltr'>πέμπτης</span> <span class='ocrx_word' id='word_1_383' title='bbox 3030 2981 3403 3045; x_wconf 88' lang='grc' dir='ltr'>συνελεύσεως</span> <span class='ocrx_word' id='word_1_384' title='bbox 3432 2982 3756 3052; x_wconf 85' lang='grc' dir='ltr'>γενομένης,</span> <span class='ocrx_word' id='word_1_385' title='bbox 3788 2982 3838 3035; x_wconf 88' lang='grc' dir='ltr'><strong>οί</strong></span> <span class='ocrx_word' id='word_1_386' title='bbox 3869 2983 3975 3053; x_wconf 83' lang='grc' dir='ltr'><strong>ἆρ-</strong></span> 
     </span>
    </p>
   </div>
   <div class='ocr_carea' id='block_1_54' title="bbox 2379 3073 3977 3150">
    <p class='ocr_par' dir='ltr' id='par_1_54' title="bbox 2379 3073 3977 3150">
     <span class='ocr_line' id='line_1_54' title="bbox 2379 3073 3977 3150; baseline -0.003 -18"><span class='ocrx_word' id='word_1_387' title='bbox 2379 3096 2566 3150; x_wconf 90' lang='grc' dir='ltr'>χοντες</span> <span class='ocrx_word' id='word_1_388' title='bbox 2602 3073 2761 3131; x_wconf 75' lang='grc' dir='ltr'>εἷπον</span> <span class='ocrx_word' id='word_1_389' title='bbox 2804 3076 2941 3146; x_wconf 81' lang='grc' dir='ltr'>δῆλα</span> <span class='ocrx_word' id='word_1_390' title='bbox 2985 3077 3123 3131; x_wconf 82' lang='grc' dir='ltr'>πᾶσι</span> <span class='ocrx_word' id='word_1_391' title='bbox 3166 3076 3424 3144; x_wconf 76' lang='grc' dir='ltr'>γενέσθαι</span> <span class='ocrx_word' id='word_1_392' title='bbox 3470 3079 3538 3130; x_wconf 74' lang='grc' dir='ltr'>τὰ</span> <span class='ocrx_word' id='word_1_393' title='bbox 3573 3077 3714 3144; x_wconf 82' lang='grc' dir='ltr'>ὑπὲρ</span> <span class='ocrx_word' id='word_1_394' title='bbox 3746 3078 3842 3146; x_wconf 78' lang='grc' dir='ltr'>τῆς</span> <span class='ocrx_word' id='word_1_395' title='bbox 3883 3079 3977 3129; x_wconf 82' lang='grc' dir='ltr'>πί-</span> 
     </span>
    </p>
   </div>
   <div class='ocr_carea' id='block_1_55' title="bbox 2386 3170 3974 3241">
    <p class='ocr_par' dir='ltr' id='par_1_55' title="bbox 2386 3170 3974 3241">
     <span class='ocr_line' id='line_1_55' title="bbox 2386 3170 3974 3241; baseline -0.003 -14"><span class='ocrx_word' id='word_1_396' title='bbox 2386 3190 2558 3237; x_wconf 88' lang='grc' dir='ltr'>στεως</span> <span class='ocrx_word' id='word_1_397' title='bbox 2624 3170 3060 3226; x_wconf 82' lang='grc' dir='ltr'>διατυπωθέντα.</span> <span class='ocrx_word' id='word_1_398' title='bbox 3124 3172 3239 3225; x_wconf 75' lang='grc' dir='ltr'><strong>Καὶ</strong></span> <span class='ocrx_word' id='word_1_399' title='bbox 3299 3170 3497 3241; x_wconf 85' lang='grc' dir='ltr'>παρὼν</span> <span class='ocrx_word' id='word_1_400' title='bbox 3566 3170 3974 3239; x_wconf 82' lang='grc' dir='ltr'>’Δσκληπιάδης</span> 
     </span>
    </p>
   </div>
   <div class='ocr_carea' id='block_1_56' title="bbox 2384 3263 3974 3336">
    <p class='ocr_par' dir='ltr' id='par_1_56' title="bbox 2384 3263 3974 3336">
     <span class='ocr_line' id='line_1_56' title="bbox 2384 3263 3974 3336; baseline -0.003 -17"><span class='ocrx_word' id='word_1_401' title='bbox 2384 3266 2628 3329; x_wconf 81' lang='grc' dir='ltr'>διάκονος</span> <span class='ocrx_word' id='word_1_402' title='bbox 2668 3265 2768 3336; x_wconf 84' lang='grc' dir='ltr'>τῆς</span> <span class='ocrx_word' id='word_1_403' title='bbox 2812 3265 3445 3326; x_wconf 79' lang='grc' dir='ltr'>Κωνσταντινουπόλεως</span> <span class='ocrx_word' id='word_1_404' title='bbox 3511 3263 3812 3330; x_wconf 75' lang='grc' dir='ltr'>ἐκκλησίας</span> <span class='ocrx_word' id='word_1_405' title='bbox 3880 3265 3974 3316; x_wconf 75' lang='grc' dir='ltr'>τὸν</span> 
     </span>
    </p>
   </div>
   <div class='ocr_carea' id='block_1_57' title="bbox 689 3356 2304 3460">
    <p class='ocr_par' dir='ltr' id='par_1_57' title="bbox 689 3364 2304 3460">
     <span class='ocr_line' id='line_1_57' title="bbox 689 3364 2304 3460; baseline -0.022 -10"><span class='ocrx_word' id='word_1_406' title='bbox 689 3405 812 3449; x_wconf 85' lang='lat' dir='ltr'><strong>tum</strong></span> <span class='ocrx_word' id='word_1_407' title='bbox 858 3390 1009 3460; x_wconf 88' lang='lat' dir='ltr'><strong>legit.</strong></span> <span class='ocrx_word' id='word_1_408' title='bbox 1059 3383 1207 3454; x_wconf 90' lang='lat' dir='ltr'><strong>quod</strong></span> <span class='ocrx_word' id='word_1_409' title='bbox 1250 3380 1304 3434; x_wconf 87' lang='lat' dir='ltr'><strong>in</strong></span> <span class='ocrx_word' id='word_1_410' title='bbox 1354 3373 1789 3432; x_wconf 87' lang='lat' dir='ltr'><strong>commentarios</strong></span> <span class='ocrx_word' id='word_1_411' title='bbox 1838 3368 2046 3422; x_wconf 77' lang='lat' dir='ltr'><strong>rcl‘crre</strong></span> <span class='ocrx_word' id='word_1_412' title='bbox 2095 3364 2304 3418; x_wconf 56' lang='lat' dir='ltr'><strong>visunv</strong></span> 
     </span>
    </p>
   </div>
   <div class='ocr_carea' id='block_1_58' title="bbox 2380 3356 3970 3460">
    <p class='ocr_par' dir='ltr' id='par_1_58' title="bbox 2380 3356 3970 3429">
     <span class='ocr_line' id='line_1_58' title="bbox 2380 3356 3970 3429; baseline -0.003 -14"><span class='ocrx_word' id='word_1_413' title='bbox 2380 3362 2508 3429; x_wconf 84' lang='grc' dir='ltr'>ὅρον</span> <span class='ocrx_word' id='word_1_414' title='bbox 2542 3360 3021 3427; x_wconf 82' lang='grc' dir='ltr'>ύπανεγίνωσκεν·</span> <span class='ocrx_word' id='word_1_415' title='bbox 3058 3358 3117 3412; x_wconf 86' lang='grc' dir='ltr'><strong>δν</strong></span> <span class='ocrx_word' id='word_1_416' title='bbox 3138 3356 3288 3423; x_wconf 72' lang='grc' dir='ltr'>ἔδοξε</span> <span class='ocrx_word' id='word_1_417' title='bbox 3326 3357 3404 3427; x_wconf 76' lang='grc' dir='ltr'>μὴ</span> <span class='ocrx_word' id='word_1_418' title='bbox 3441 3357 3660 3420; x_wconf 76' lang='grc' dir='ltr'>ἐντάξαι</span> <span class='ocrx_word' id='word_1_419' title='bbox 3693 3359 3808 3419; x_wconf 84' lang='grc' dir='ltr'>τοῖς</span> <span class='ocrx_word' id='word_1_420' title='bbox 3832 3358 3970 3410; x_wconf 82' lang='grc' dir='ltr'>ὑπο-</span> 
     </span>
    </p>
   </div>
   <div class='ocr_carea' id='block_1_59' title="bbox 696 3458 2276 3543">
    <p class='ocr_par' dir='ltr' id='par_1_59' title="bbox 696 3458 2276 3543">
     <span class='ocr_line' id='line_1_59' title="bbox 696 3458 2276 3543; baseline -0.022 0"><span class='ocrx_word' id='word_1_421' title='bbox 696 3506 806 3543; x_wconf 91' lang='lat' dir='ltr'><strong>nun</strong></span> <span class='ocrx_word' id='word_1_422' title='bbox 838 3458 943 3539; x_wconf 49' lang='lat' dir='ltr'><strong>est:</strong></span> <span class='ocrx_word' id='word_1_423' title='bbox 972 3482 1028 3534; x_wconf 83' lang='lat' dir='ltr'><strong>Ei</strong></span> <span class='ocrx_word' id='word_1_424' title='bbox 1063 3474 1312 3533; x_wconf 89' lang='lat' dir='ltr'><strong>nonnulli</strong></span> <span class='ocrx_word' id='word_1_425' title='bbox 1339 3469 1563 3540; x_wconf 89' lang='lat' dir='ltr'><strong>quidem</strong></span> <span class='ocrx_word' id='word_1_426' title='bbox 1593 3463 1843 3519; x_wconf 88' lang='lat' dir='ltr'><strong>reluctati</strong></span> <span class='ocrx_word' id='word_1_427' title='bbox 1874 3471 2025 3525; x_wconf 84' lang='lat' dir='ltr'><strong>sunt,</strong></span> <span class='ocrx_word' id='word_1_428' title='bbox 2050 3458 2276 3528; x_wconf 88' lang='lat' dir='ltr'><strong>plurimi</strong></span> 
     </span>
    </p>
   </div>
   <div class='ocr_carea' id='block_1_60' title="bbox 695 3550 2281 3632">
    <p class='ocr_par' dir='ltr' id='par_1_60' title="bbox 695 3550 2281 3632">
     <span class='ocr_line' id='line_1_60' title="bbox 695 3550 2281 3632; baseline -0.02 1"><span class='ocrx_word' id='word_1_429' title='bbox 695 3588 878 3632; x_wconf 88' lang='lat' dir='ltr'><strong>autem</strong></span> <span class='ocrx_word' id='word_1_430' title='bbox 910 3570 1142 3627; x_wconf 67' lang='lat' dir='ltr'><strong>assiensi.</strong></span> <span class='ocrx_word' id='word_1_431' title='bbox 1190 3568 1360 3621; x_wconf 87' lang='lat' dir='ltr'><strong>Porro</strong></span> <span class='ocrx_word' id='word_1_432' title='bbox 1396 3570 1687 3631; x_wconf 85' lang='lat' dir='ltr'><strong>postquam</strong></span> <span class='ocrx_word' id='word_1_433' title='bbox 1736 3555 1897 3608; x_wconf 75' lang='lat' dir='ltr'><strong>varia:</strong></span> <span class='ocrx_word' id='word_1_434' title='bbox 1930 3550 2281 3605; x_wconf 84' lang='lat' dir='ltr'><strong>vociferatio-</strong></span> 
     </span>
    </p>
   </div>
   <div class='ocr_carea' id='block_1_61' title="bbox 698 3644 2279 3727">
    <p class='ocr_par' dir='ltr' id='par_1_61' title="bbox 698 3644 2279 3727">
     <span class='ocr_line' id='line_1_61' title="bbox 698 3644 2279 3727; baseline -0.022 -1"><span class='ocrx_word' id='word_1_435' title='bbox 698 3688 798 3727; x_wconf 81' lang='lat' dir='ltr'><strong>nes</strong></span> <span class='ocrx_word' id='word_1_436' title='bbox 822 3667 985 3721; x_wconf 76' lang='lat' dir='ltr'><strong>editae</strong></span> <span class='ocrx_word' id='word_1_437' title='bbox 1042 3667 1209 3720; x_wconf 89' lang='lat' dir='ltr'><strong>sunt.</strong></span> <span class='ocrx_word' id='word_1_438' title='bbox 1265 3655 1547 3726; x_wconf 87' lang='lat' dir='ltr'><strong>principes</strong></span> <span class='ocrx_word' id='word_1_439' title='bbox 1600 3651 1899 3704; x_wconf 81' lang='lat' dir='ltr'><strong>dixerunt.</strong></span> <span class='ocrx_word' id='word_1_440' title='bbox 1953 3644 2279 3697; x_wconf 86' lang='lat' dir='ltr'><strong>Dioscorum</strong></span> 
     </span>
    </p>
   </div>
   <div class='ocr_carea' id='block_1_62' title="bbox 690 3743 2278 3827">
    <p class='ocr_par' dir='ltr' id='par_1_62' title="bbox 690 3743 2278 3827">
     <span class='ocr_line' id='line_1_62' title="bbox 690 3743 2278 3827; baseline -0.02 -9"><span class='ocrx_word' id='word_1_441' title='bbox 690 3760 982 3822; x_wconf 77' lang='lat' dir='ltr'><strong>retulisse,</strong></span> <span class='ocrx_word' id='word_1_442' title='bbox 1027 3764 1316 3827; x_wconf 88' lang='lat' dir='ltr'><strong>propterea</strong></span> <span class='ocrx_word' id='word_1_443' title='bbox 1361 3762 1421 3801; x_wconf 91' lang='lat' dir='ltr'><strong>se</strong></span> <span class='ocrx_word' id='word_1_444' title='bbox 1465 3743 1788 3800; x_wconf 82' lang='lat' dir='ltr'><strong>Flavianum</strong></span> <span class='ocrx_word' id='word_1_445' title='bbox 1842 3748 2235 3793; x_wconf 77' lang='lat' dir='ltr'><strong>exauctorasse</strong></span> <span class='ocrx_word' id='word_1_446' title='bbox 2263 3773 2278 3799; x_wconf 95' lang='lat'><strong>,</strong></span> 
     </span>
    </p>
   </div>
   <div class='ocr_carea' id='block_1_63' title="bbox 697 3834 2277 3926">
    <p class='ocr_par' dir='ltr' id='par_1_63' title="bbox 697 3834 2277 3926">
     <span class='ocr_line' id='line_1_63' title="bbox 697 3834 2277 3926; baseline -0.02 -15"><span class='ocrx_word' id='word_1_447' title='bbox 697 3853 847 3926; x_wconf 86' lang='lat' dir='ltr'><strong>quod</strong></span> <span class='ocrx_word' id='word_1_448' title='bbox 877 3852 1017 3906; x_wconf 90' lang='lat' dir='ltr'><strong>duas</strong></span> <span class='ocrx_word' id='word_1_449' title='bbox 1054 3854 1279 3901; x_wconf 87' lang='lat' dir='ltr'><strong>naturas</strong></span> <span class='ocrx_word' id='word_1_450' title='bbox 1308 3856 1434 3896; x_wconf 90' lang='lat' dir='ltr'><strong>esse</strong></span> <span class='ocrx_word' id='word_1_451' title='bbox 1479 3837 1731 3892; x_wconf 78' lang='lat' dir='ltr'><strong>dixerit:</strong></span> <span class='ocrx_word' id='word_1_452' title='bbox 1767 3834 2052 3887; x_wconf 80' lang='lat' dir='ltr'><strong>decretum</strong></span> <span class='ocrx_word' id='word_1_453' title='bbox 2092 3840 2277 3882; x_wconf 82' lang='lat' dir='ltr'><strong>autem</strong></span> 
     </span>
    </p>
   </div>
   <div class='ocr_carea' id='block_1_64' title="bbox 698 3922 2283 4007">
    <p class='ocr_par' dir='ltr' id='par_1_64' title="bbox 698 3922 2283 4007">
     <span class='ocr_line' id='line_1_64' title="bbox 698 3922 2283 4007; baseline -0.02 -3"><span class='ocrx_word' id='word_1_454' title='bbox 698 3922 817 4004; x_wconf 72' lang='lat' dir='ltr'><strong>hace</strong></span> <span class='ocrx_word' id='word_1_455' title='bbox 849 3946 1019 4000; x_wconf 85' lang='lat' dir='ltr'><strong>verba</strong></span> <span class='ocrx_word' id='word_1_456' title='bbox 1052 3982 1068 4007; x_wconf 96' lang='lat'><strong>,</strong></span> <span class='ocrx_word' id='word_1_457' title='bbox 1102 3940 1179 3994; x_wconf 78' lang='lat' dir='ltr'><strong>Ex</strong></span> <span class='ocrx_word' id='word_1_458' title='bbox 1222 3937 1441 3992; x_wconf 87' lang='lat' dir='ltr'><strong>duabus</strong></span> <span class='ocrx_word' id='word_1_459' title='bbox 1484 3929 1730 3991; x_wconf 89' lang='lat' dir='ltr'><strong>naturis,</strong></span> <span class='ocrx_word' id='word_1_460' title='bbox 1774 3927 2004 3981; x_wconf 88' lang='lat' dir='ltr'><strong>habere.</strong></span> <span class='ocrx_word' id='word_1_461' title='bbox 2046 3922 2127 3974; x_wconf 82' lang='lat' dir='ltr'><strong>Ad</strong></span> <span class='ocrx_word' id='word_1_462' title='bbox 2159 3936 2283 3991; x_wconf 69' lang='lat' dir='ltr'><strong>quae</strong></span> 
     </span>
    </p>
   </div>
   <div class='ocr_carea' id='block_1_65' title="bbox 697 4016 2281 4098">
    <p class='ocr_par' dir='ltr' id='par_1_65' title="bbox 697 4016 2281 4098">
     <span class='ocr_line' id='line_1_65' title="bbox 697 4016 2281 4098; baseline -0.021 0"><span class='ocrx_word' id='word_1_463' title='bbox 697 4038 990 4098; x_wconf 84' lang='lat' dir='ltr'><strong>Anatolius</strong></span> <span class='ocrx_word' id='word_1_464' title='bbox 1040 4033 1260 4094; x_wconf 89' lang='lat' dir='ltr'><strong>intulit,</strong></span> <span class='ocrx_word' id='word_1_465' title='bbox 1309 4043 1421 4082; x_wconf 92' lang='lat' dir='ltr'><strong>non</strong></span> <span class='ocrx_word' id='word_1_466' title='bbox 1477 4032 1705 4095; x_wconf 90' lang='lat' dir='ltr'><strong>propter</strong></span> <span class='ocrx_word' id='word_1_467' title='bbox 1750 4022 1912 4071; x_wconf 82' lang='lat' dir='ltr'><strong>tidem</strong></span> <span class='ocrx_word' id='word_1_468' title='bbox 1955 4016 2281 4069; x_wconf 79' lang='lat' dir='ltr'><strong>Dioscorutn</strong></span> 
     </span>
    </p>
   </div>
   <div class='ocr_carea' id='block_1_66' title="bbox 698 4106 2283 4190">
    <p class='ocr_par' dir='ltr' id='par_1_66' title="bbox 698 4106 2283 4190">
     <span class='ocr_line' id='line_1_66' title="bbox 698 4106 2283 4190; baseline -0.02 -1"><span class='ocrx_word' id='word_1_469' title='bbox 698 4136 1018 4190; x_wconf 81' lang='lat' dir='ltr'><strong>damnatum</strong></span> <span class='ocrx_word' id='word_1_470' title='bbox 1055 4140 1197 4187; x_wconf 84' lang='lat' dir='ltr'><strong>esse,</strong></span> <span class='ocrx_word' id='word_1_471' title='bbox 1228 4124 1323 4178; x_wconf 92' lang='lat' dir='ltr'><strong>sed</strong></span> <span class='ocrx_word' id='word_1_472' title='bbox 1355 4116 1503 4190; x_wconf 92' lang='lat' dir='ltr'><strong>quod</strong></span> <span class='ocrx_word' id='word_1_473' title='bbox 1533 4116 1773 4171; x_wconf 88' lang='lat' dir='ltr'><strong>Leonem</strong></span> <span class='ocrx_word' id='word_1_474' title='bbox 1808 4115 1863 4165; x_wconf 89' lang='lat' dir='ltr'><strong>in</strong></span> <span class='ocrx_word' id='word_1_475' title='bbox 1901 4106 2283 4165; x_wconf 80' lang='lat' dir='ltr'><strong>excommuni-</strong></span> 
     </span>
    </p>
   </div>
   <div class='ocr_carea' id='block_1_67' title="bbox 699 4206 2284 4287">
    <p class='ocr_par' dir='ltr' id='par_1_67' title="bbox 699 4206 2284 4287">
     <span class='ocr_line' id='line_1_67' title="bbox 699 4206 2284 4287; baseline -0.019 -4"><span class='ocrx_word' id='word_1_476' title='bbox 699 4228 975 4283; x_wconf 85' lang='lat' dir='ltr'><strong>cationem</strong></span> <span class='ocrx_word' id='word_1_477' title='bbox 1007 4215 1331 4287; x_wconf 73' lang='lat' dir='ltr'><strong>coniecerit,</strong></span> <span class='ocrx_word' id='word_1_478' title='bbox 1359 4210 1526 4283; x_wconf 60' lang='lat'><strong>655</strong></span> <span class='ocrx_word' id='word_1_479' title='bbox 1553 4218 1609 4263; x_wconf 92' lang='lat' dir='ltr'><strong>et</strong></span> <span class='ocrx_word' id='word_1_480' title='bbox 1641 4219 1725 4262; x_wconf 90' lang='lat' dir='ltr'><strong>ter</strong></span> <span class='ocrx_word' id='word_1_481' title='bbox 1752 4206 1957 4261; x_wconf 89' lang='lat' dir='ltr'><strong>citatus</strong></span> <span class='ocrx_word' id='word_1_482' title='bbox 1988 4215 2100 4255; x_wconf 91' lang='lat' dir='ltr'><strong>non</strong></span> <span class='ocrx_word' id='word_1_483' title='bbox 2130 4214 2284 4254; x_wconf 86' lang='lat' dir='ltr'><strong>com-</strong></span> 
     </span>
    </p>
   </div>
   <div class='ocr_carea' id='block_1_68' title="bbox 699 4295 2284 4390">
    <p class='ocr_par' dir='ltr' id='par_1_68' title="bbox 699 4295 2284 4390">
     <span class='ocr_line' id='line_1_68' title="bbox 699 4295 2284 4390; baseline -0.02 -16"><span class='ocrx_word' id='word_1_484' title='bbox 699 4316 968 4390; x_wconf 90' lang='lat' dir='ltr'><strong>paruerit.</strong></span> <span class='ocrx_word' id='word_1_485' title='bbox 1025 4314 1205 4380; x_wconf 79' lang='lat' dir='ltr'><strong>Atque</strong></span> <span class='ocrx_word' id='word_1_486' title='bbox 1274 4323 1341 4363; x_wconf 80' lang='lat' dir='ltr'><strong>ex</strong></span> <span class='ocrx_word' id='word_1_487' title='bbox 1405 4320 1472 4358; x_wconf 90' lang='lat' dir='ltr'><strong>eo</strong></span> <span class='ocrx_word' id='word_1_488' title='bbox 1531 4311 1785 4369; x_wconf 89' lang='lat' dir='ltr'><strong>tempore</strong></span> <span class='ocrx_word' id='word_1_489' title='bbox 1855 4295 2167 4366; x_wconf 90' lang='lat' dir='ltr'><strong>principes,</strong></span> <span class='ocrx_word' id='word_1_490' title='bbox 2224 4299 2284 4344; x_wconf 89' lang='lat' dir='ltr'><strong>ut</strong></span> 
     </span>
    </p>
   </div>
   <div class='ocr_carea' id='block_1_69' title="bbox 702 4388 2281 4472">
    <p class='ocr_par' dir='ltr' id='par_1_69' title="bbox 702 4388 2281 4472">
     <span class='ocr_line' id='line_1_69' title="bbox 702 4388 2281 4472; baseline -0.02 -5"><span class='ocrx_word' id='word_1_491' title='bbox 702 4388 995 4467; x_wconf 80' lang='lat' dir='ltr'><strong>sententia:</strong></span> <span class='ocrx_word' id='word_1_492' title='bbox 1052 4401 1299 4472; x_wconf 64' lang='lat' dir='ltr'><strong>epistolae</strong></span> <span class='ocrx_word' id='word_1_493' title='bbox 1356 4394 1559 4471; x_wconf 83' lang='lat' dir='ltr'><strong>Leonis</strong></span> <span class='ocrx_word' id='word_1_494' title='bbox 1605 4395 1829 4447; x_wconf 89' lang='lat' dir='ltr'><strong>decreto</strong></span> <span class='ocrx_word' id='word_1_495' title='bbox 1878 4388 2281 4447; x_wconf 88' lang='lat' dir='ltr'><strong>insererentur,</strong></span> 
     </span>
    </p>
   </div>
   <div class='ocr_carea' id='block_1_70' title="bbox 698 4479 2280 4576">
    <p class='ocr_par' dir='ltr' id='par_1_70' title="bbox 698 4479 2280 4576">
     <span class='ocr_line' id='line_1_70' title="bbox 698 4479 2280 4576; baseline -0.02 -17"><span class='ocrx_word' id='word_1_496' title='bbox 698 4507 1006 4576; x_wconf 83' lang='lat' dir='ltr'><strong>jusserunt.</strong></span> <span class='ocrx_word' id='word_1_497' title='bbox 1036 4498 1172 4552; x_wconf 88' lang='lat' dir='ltr'><strong>Cum</strong></span> <span class='ocrx_word' id='word_1_498' title='bbox 1206 4503 1391 4548; x_wconf 89' lang='lat' dir='ltr'><strong>autem</strong></span> <span class='ocrx_word' id='word_1_499' title='bbox 1426 4488 1673 4559; x_wconf 90' lang='lat' dir='ltr'><strong>episcopi</strong></span> <span class='ocrx_word' id='word_1_500' title='bbox 1711 4481 2152 4553; x_wconf 81' lang='lat' dir='ltr'><strong>respondissent,</strong></span> <span class='ocrx_word' id='word_1_501' title='bbox 2183 4479 2280 4576; x_wconf 81' lang='lat' dir='ltr'><strong>de-</strong></span> 
     </span>
    </p>
   </div>
   <div class='ocr_carea' id='block_1_71' title="bbox 704 4568 2281 4650">
    <p class='ocr_par' dir='ltr' id='par_1_71' title="bbox 704 4568 2281 4650">
     <span class='ocr_line' id='line_1_71' title="bbox 704 4568 2281 4650; baseline -0.018 0"><span class='ocrx_word' id='word_1_502' title='bbox 704 4568 919 4650; x_wconf 79' lang='lat' dir='ltr'><strong>cretum</strong></span> <span class='ocrx_word' id='word_1_503' title='bbox 966 4600 1021 4643; x_wconf 89' lang='lat' dir='ltr'><strong>et</strong></span> <span class='ocrx_word' id='word_1_504' title='bbox 1062 4584 1360 4641; x_wconf 83' lang='lat' dir='ltr'><strong>formulam</strong></span> <span class='ocrx_word' id='word_1_505' title='bbox 1414 4578 1541 4634; x_wconf 80' lang='lat' dir='ltr'><strong>ﬁdei</strong></span> <span class='ocrx_word' id='word_1_506' title='bbox 1582 4578 1745 4630; x_wconf 90' lang='lat' dir='ltr'><strong>aliam</strong></span> <span class='ocrx_word' id='word_1_507' title='bbox 1771 4612 1786 4637; x_wconf 89' lang='lat'><strong>,</strong></span> <span class='ocrx_word' id='word_1_508' title='bbox 1828 4572 1976 4642; x_wconf 88' lang='lat' dir='ltr'><strong>quod</strong></span> <span class='ocrx_word' id='word_1_509' title='bbox 2012 4574 2160 4640; x_wconf 89' lang='lat' dir='ltr'><strong>prior</strong></span> <span class='ocrx_word' id='word_1_510' title='bbox 2189 4568 2281 4621; x_wconf 83' lang='lat' dir='ltr'><strong>illa</strong></span> 
     </span>
    </p>
   </div>
   <div class='ocr_carea' id='block_1_72' title="bbox 704 4662 2361 4767">
    <p class='ocr_par' dir='ltr' id='par_1_72' title="bbox 704 4662 2361 4767">
     <span class='ocr_line' id='line_1_72' title="bbox 704 4662 2361 4767; baseline -0.018 -24"><span class='ocrx_word' id='word_1_511' title='bbox 704 4688 1009 4744; x_wconf 75' lang='lat' dir='ltr'><strong>rectissime</strong></span> <span class='ocrx_word' id='word_1_512' title='bbox 1043 4690 1311 4748; x_wconf 90' lang='lat' dir='ltr'><strong>concepta</strong></span> <span class='ocrx_word' id='word_1_513' title='bbox 1343 4684 1512 4736; x_wconf 85' lang='lat' dir='ltr'><strong>esset.</strong></span> <span class='ocrx_word' id='word_1_514' title='bbox 1543 4672 1659 4725; x_wconf 84' lang='lat' dir='ltr'><strong>ﬁeri</strong></span> <span class='ocrx_word' id='word_1_515' title='bbox 1690 4684 1798 4723; x_wconf 91' lang='lat' dir='ltr'><strong>non</strong></span> <span class='ocrx_word' id='word_1_516' title='bbox 1832 4666 2062 4729; x_wconf 86' lang='lat' dir='ltr'><strong>debere,</strong></span> <span class='ocrx_word' id='word_1_517' title='bbox 2093 4680 2182 4718; x_wconf 86' lang='lat' dir='ltr'><strong>res</strong></span> <span class='ocrx_word' id='word_1_518' title='bbox 2212 4662 2279 4717; x_wconf 89' lang='lat' dir='ltr'><strong>ad</strong></span> <span class='ocrx_word' id='word_1_519' title='bbox 2319 4715 2361 4767; x_wconf 66' lang='grc' dir='ltr'><strong>ι)</strong></span> 
     </span>
    </p>
   </div>
   <div class='ocr_carea' id='block_1_73' title="bbox 704 4757 2286 4850">
    <p class='ocr_par' dir='ltr' id='par_1_73' title="bbox 704 4757 2286 4850">
     <span class='ocr_line' id='line_1_73' title="bbox 704 4757 2286 4850; baseline -0.016 -14"><span class='ocrx_word' id='word_1_520' title='bbox 704 4784 1097 4850; x_wconf 88' lang='lat' dir='ltr'><strong>imperatorem</strong></span> <span class='ocrx_word' id='word_1_521' title='bbox 1132 4780 1217 4825; x_wconf 90' lang='lat' dir='ltr'><strong>est</strong></span> <span class='ocrx_word' id='word_1_522' title='bbox 1246 4770 1437 4823; x_wconf 89' lang='lat' dir='ltr'><strong>relata.</strong></span> <span class='ocrx_word' id='word_1_523' title='bbox 1478 4766 1783 4833; x_wconf 88' lang='lat' dir='ltr'><strong>Imperator</strong></span> <span class='ocrx_word' id='word_1_524' title='bbox 1812 4775 1879 4815; x_wconf 80' lang='lat' dir='ltr'><strong>ex</strong></span> <span class='ocrx_word' id='word_1_525' title='bbox 1908 4757 2286 4814; x_wconf 84' lang='lat' dir='ltr'><strong>Orientalibus</strong></span> 
     </span>
    </p>
   </div>
   <div class='ocr_carea' id='block_1_74' title="bbox 704 4855 2286 4943">
    <p class='ocr_par' dir='ltr' id='par_1_74' title="bbox 704 4855 2286 4943">
     <span class='ocr_line' id='line_1_74' title="bbox 704 4855 2286 4943; baseline -0.016 -13"><span class='ocrx_word' id='word_1_526' title='bbox 704 4874 982 4943; x_wconf 71' lang='lat' dir='ltr'><strong>episcopis</strong></span> <span class='ocrx_word' id='word_1_527' title='bbox 1015 4884 1106 4922; x_wconf 75' lang='lat' dir='ltr'><strong>sex</strong></span> <span class='ocrx_word' id='word_1_528' title='bbox 1132 4909 1145 4926; x_wconf 88' lang='lat'><strong>.</strong></span> <span class='ocrx_word' id='word_1_529' title='bbox 1179 4881 1243 4919; x_wconf 81' lang='lat' dir='ltr'><strong>ex</strong></span> <span class='ocrx_word' id='word_1_530' title='bbox 1290 4861 1514 4917; x_wconf 79' lang='lat' dir='ltr'><strong>Pontica</strong></span> <span class='ocrx_word' id='word_1_531' title='bbox 1546 4857 1772 4911; x_wconf 71' lang='lat' dir='ltr'><strong>dioecesi</strong></span> <span class='ocrx_word' id='word_1_532' title='bbox 1803 4866 1914 4910; x_wconf 85' lang='lat' dir='ltr'><strong>tres</strong></span> <span class='ocrx_word' id='word_1_533' title='bbox 1937 4896 1951 4916; x_wconf 88' lang='lat'><strong>,</strong></span> <span class='ocrx_word' id='word_1_534' title='bbox 1982 4869 2047 4907; x_wconf 75' lang='lat' dir='ltr'><strong>ex</strong></span> <span class='ocrx_word' id='word_1_535' title='bbox 2087 4855 2286 4907; x_wconf 78' lang='lat' dir='ltr'><strong>Asiana</strong></span> 
     </span>
    </p>
   </div>
   <div class='ocr_carea' id='block_1_75' title="bbox 707 4948 2288 5029">
    <p class='ocr_par' dir='ltr' id='par_1_75' title="bbox 707 4948 2288 5029">
     <span class='ocr_line' id='line_1_75' title="bbox 707 4948 2288 5029; baseline -0.016 -6"><span class='ocrx_word' id='word_1_536' title='bbox 707 4981 853 5029; x_wconf 88' lang='lat' dir='ltr'><strong>tres,</strong></span> <span class='ocrx_word' id='word_1_537' title='bbox 896 4980 963 5018; x_wconf 80' lang='lat' dir='ltr'><strong>ex</strong></span> <span class='ocrx_word' id='word_1_538' title='bbox 993 4959 1228 5015; x_wconf 83' lang='lat' dir='ltr'><strong>Thracia</strong></span> <span class='ocrx_word' id='word_1_539' title='bbox 1272 4958 1399 5009; x_wconf 89' lang='lat' dir='ltr'><strong>item</strong></span> <span class='ocrx_word' id='word_1_540' title='bbox 1433 4965 1576 5015; x_wconf 89' lang='lat' dir='ltr'><strong>tres,</strong></span> <span class='ocrx_word' id='word_1_541' title='bbox 1619 4961 1673 5004; x_wconf 89' lang='lat' dir='ltr'><strong>et</strong></span> <span class='ocrx_word' id='word_1_542' title='bbox 1713 4964 1777 5002; x_wconf 79' lang='lat' dir='ltr'><strong>ex</strong></span> <span class='ocrx_word' id='word_1_543' title='bbox 1820 4948 2035 5018; x_wconf 83' lang='lat' dir='ltr'><strong>lllyrieo</strong></span> <span class='ocrx_word' id='word_1_544' title='bbox 2066 4961 2288 5015; x_wconf 87' lang='lat' dir='ltr'><strong>quoque</strong></span> 
     </span>
    </p>
   </div>
   <div class='ocr_carea' id='block_1_76' title="bbox 709 5038 2285 5121">
    <p class='ocr_par' dir='ltr' id='par_1_76' title="bbox 709 5038 2285 5121">
     <span class='ocr_line' id='line_1_76' title="bbox 709 5038 2285 5121; baseline -0.016 -8"><span class='ocrx_word' id='word_1_545' title='bbox 709 5070 822 5113; x_wconf 89' lang='lat' dir='ltr'><strong>tres</strong></span> <span class='ocrx_word' id='word_1_546' title='bbox 852 5052 1056 5121; x_wconf 82' lang='lat' dir='ltr'><strong>deligi,</strong></span> <span class='ocrx_word' id='word_1_547' title='bbox 1100 5048 1294 5116; x_wconf 87' lang='lat' dir='ltr'><strong>eisque</strong></span> <span class='ocrx_word' id='word_1_548' title='bbox 1326 5045 1602 5098; x_wconf 84' lang='lat' dir='ltr'><strong>Romanos</strong></span> <span class='ocrx_word' id='word_1_549' title='bbox 1636 5042 1843 5109; x_wconf 82' lang='lat' dir='ltr'><strong>legatos</strong></span> <span class='ocrx_word' id='word_1_550' title='bbox 1872 5049 1927 5092; x_wconf 87' lang='lat' dir='ltr'><strong>et</strong></span> <span class='ocrx_word' id='word_1_551' title='bbox 1972 5038 2285 5090; x_wconf 71' lang='lat' dir='ltr'><strong>Anatolium</strong></span> 
     </span>
    </p>
   </div>
   <div class='ocr_carea' id='block_1_77' title="bbox 706 5129 2290 5217">
    <p class='ocr_par' dir='ltr' id='par_1_77' title="bbox 706 5129 2290 5217">
     <span class='ocr_line' id='line_1_77' title="bbox 706 5129 2290 5217; baseline -0.017 -10"><span class='ocrx_word' id='word_1_552' title='bbox 706 5152 901 5207; x_wconf 85' lang='lat' dir='ltr'><strong>adesse</strong></span> <span class='ocrx_word' id='word_1_553' title='bbox 929 5144 1095 5217; x_wconf 85' lang='lat' dir='ltr'><strong>jussit</strong></span> <span class='ocrx_word' id='word_1_554' title='bbox 1122 5160 1135 5195; x_wconf 93' lang='lat'><strong>:</strong></span> <span class='ocrx_word' id='word_1_555' title='bbox 1161 5139 1255 5209; x_wconf 90' lang='lat' dir='ltr'><strong>qui</strong></span> <span class='ocrx_word' id='word_1_556' title='bbox 1286 5139 1339 5192; x_wconf 89' lang='lat' dir='ltr'><strong>in</strong></span> <span class='ocrx_word' id='word_1_557' title='bbox 1371 5134 1632 5205; x_wconf 80' lang='lat' dir='ltr'><strong>martyrio</strong></span> <span class='ocrx_word' id='word_1_558' title='bbox 1662 5131 2038 5186; x_wconf 58' lang='grc' dir='ltr'>(ποιοῦσι-τίοιεν</span> <span class='ocrx_word' id='word_1_559' title='bbox 2068 5129 2290 5197; x_wconf 74' lang='grc' dir='ltr'>Ειιιιιιε·</span> 
     </span>
    </p>
   </div>
   <div class='ocr_carea' id='block_1_78' title="bbox 707 5222 2290 5299">
    <p class='ocr_par' dir='ltr' id='par_1_78' title="bbox 707 5222 2290 5299">
     <span class='ocr_line' id='line_1_78' title="bbox 707 5222 2290 5299; baseline -0.019 -1"><span class='ocrx_word' id='word_1_560' title='bbox 707 5244 831 5298; x_wconf 74' lang='lat' dir='ltr'><strong>mia:</strong></span> <span class='ocrx_word' id='word_1_561' title='bbox 862 5235 1279 5294; x_wconf 86' lang='lat' dir='ltr'><strong>convenientes,</strong></span> <span class='ocrx_word' id='word_1_562' title='bbox 1311 5227 1707 5299; x_wconf 79' lang='lat' dir='ltr'><strong>professionem</strong></span> <span class='ocrx_word' id='word_1_563' title='bbox 1742 5222 1869 5276; x_wconf 79' lang='lat' dir='ltr'><strong>fidei</strong></span> <span class='ocrx_word' id='word_1_564' title='bbox 1901 5230 2050 5275; x_wconf 88' lang='lat' dir='ltr'><strong>recte</strong></span> <span class='ocrx_word' id='word_1_565' title='bbox 2080 5222 2290 5273; x_wconf 77' lang='lat' dir='ltr'><strong>consti-</strong></span> 
     </span>
    </p>
   </div>
   <div class='ocr_carea' id='block_1_79' title="bbox 710 5315 2285 5398">
    <p class='ocr_par' dir='ltr' id='par_1_79' title="bbox 710 5315 2285 5398">
     <span class='ocr_line' id='line_1_79' title="bbox 710 5315 2285 5398; baseline -0.018 -5"><span class='ocrx_word' id='word_1_566' title='bbox 710 5342 967 5392; x_wconf 85' lang='lat' dir='ltr'><strong>tuerent:</strong></span> <span class='ocrx_word' id='word_1_567' title='bbox 1000 5339 1168 5398; x_wconf 87' lang='lat' dir='ltr'><strong>atque</strong></span> <span class='ocrx_word' id='word_1_568' title='bbox 1202 5336 1262 5380; x_wconf 93' lang='lat' dir='ltr'><strong>ut</strong></span> <span class='ocrx_word' id='word_1_569' title='bbox 1303 5336 1398 5378; x_wconf 85' lang='lat' dir='ltr'><strong>aut</strong></span> <span class='ocrx_word' id='word_1_570' title='bbox 1438 5321 1675 5391; x_wconf 88' lang='lat' dir='ltr'><strong>quisque</strong></span> <span class='ocrx_word' id='word_1_571' title='bbox 1703 5332 1896 5369; x_wconf 84' lang='lat' dir='ltr'><strong>eorum</strong></span> <span class='ocrx_word' id='word_1_572' title='bbox 1932 5315 2093 5369; x_wconf 87' lang='lat' dir='ltr'><strong>tidem</strong></span> <span class='ocrx_word' id='word_1_573' title='bbox 2128 5329 2285 5367; x_wconf 87' lang='lat' dir='ltr'><strong>suam</strong></span> 
     </span>
    </p>
   </div>
   <div class='ocr_carea' id='block_1_80' title="bbox 712 5406 2291 5485">
    <p class='ocr_par' dir='ltr' id='par_1_80' title="bbox 712 5406 2291 5485">
     <span class='ocr_line' id='line_1_80' title="bbox 712 5406 2291 5485; baseline -0.016 -2"><span class='ocrx_word' id='word_1_574' title='bbox 712 5427 1041 5483; x_wconf 86' lang='lat' dir='ltr'><strong>declararet.</strong></span> <span class='ocrx_word' id='word_1_575' title='bbox 1090 5426 1189 5472; x_wconf 85' lang='lat' dir='ltr'><strong>aut</strong></span> <span class='ocrx_word' id='word_1_576' title='bbox 1234 5414 1505 5485; x_wconf 85' lang='lat' dir='ltr'><strong>synodum</strong></span> <span class='ocrx_word' id='word_1_577' title='bbox 1562 5412 1613 5464; x_wconf 91' lang='lat' dir='ltr'><strong>in</strong></span> <span class='ocrx_word' id='word_1_578' title='bbox 1669 5408 2082 5462; x_wconf 72' lang='lat' dir='ltr'><strong>Occidentalem</strong></span> <span class='ocrx_word' id='word_1_579' title='bbox 2138 5406 2291 5457; x_wconf 85' lang='lat' dir='ltr'><strong>orbis</strong></span> 
     </span>
    </p>
   </div>
   <div class='ocr_carea' id='block_1_81' title="bbox 709 5499 2291 5592">
    <p class='ocr_par' dir='ltr' id='par_1_81' title="bbox 709 5499 2291 5592">
     <span class='ocr_line' id='line_1_81' title="bbox 709 5499 2291 5592; baseline -0.016 -18"><span class='ocrx_word' id='word_1_580' title='bbox 709 5529 922 5592; x_wconf 87' lang='lat' dir='ltr'><strong>partem</strong></span> <span class='ocrx_word' id='word_1_581' title='bbox 963 5512 1290 5568; x_wconf 89' lang='lat' dir='ltr'><strong>translatum</strong></span> <span class='ocrx_word' id='word_1_582' title='bbox 1342 5508 1410 5561; x_wconf 90' lang='lat' dir='ltr'><strong>iri</strong></span> <span class='ocrx_word' id='word_1_583' title='bbox 1460 5505 1649 5559; x_wconf 86' lang='lat' dir='ltr'><strong>sciret.</strong></span> <span class='ocrx_word' id='word_1_584' title='bbox 1722 5502 1789 5555; x_wconf 79' lang='lat' dir='ltr'><strong>Et</strong></span> <span class='ocrx_word' id='word_1_585' title='bbox 1855 5499 2179 5565; x_wconf 80' lang='lat' dir='ltr'><strong>interrogati</strong></span> <span class='ocrx_word' id='word_1_586' title='bbox 2232 5508 2291 5550; x_wconf 90' lang='lat' dir='ltr'><strong>ut</strong></span> 
     </span>
    </p>
   </div>
   <div class='ocr_carea' id='block_1_82' title="bbox 713 5590 2293 5672">
    <p class='ocr_par' dir='ltr' id='par_1_82' title="bbox 713 5590 2293 5672">
     <span class='ocr_line' id='line_1_82' title="bbox 713 5590 2293 5672; baseline -0.018 -4"><span class='ocrx_word' id='word_1_587' title='bbox 713 5590 983 5672; x_wconf 81' lang='lat' dir='ltr'><strong>dicerent,</strong></span> <span class='ocrx_word' id='word_1_588' title='bbox 1009 5607 1407 5660; x_wconf 84' lang='lat' dir='ltr'><strong>Dioscorumne</strong></span> <span class='ocrx_word' id='word_1_589' title='bbox 1436 5598 1528 5666; x_wconf 88' lang='lat' dir='ltr'><strong>qui</strong></span> <span class='ocrx_word' id='word_1_590' title='bbox 1551 5612 1621 5651; x_wconf 86' lang='lat' dir='ltr'><strong>ex</strong></span> <span class='ocrx_word' id='word_1_591' title='bbox 1652 5594 1865 5647; x_wconf 80' lang='lat' dir='ltr'><strong>duabus</strong></span> <span class='ocrx_word' id='word_1_592' title='bbox 1890 5591 2103 5644; x_wconf 83' lang='lat' dir='ltr'><strong>naturis</strong></span> <span class='ocrx_word' id='word_1_593' title='bbox 2130 5590 2293 5641; x_wconf 72' lang='lat' dir='ltr'><strong>(lhri-</strong></span> 
     </span>
    </p>
   </div>
   <div class='ocr_carea' id='block_1_83' title="bbox 713 5684 2287 5773">
    <p class='ocr_par' dir='ltr' id='par_1_83' title="bbox 713 5684 2287 5773">
     <span class='ocr_line' id='line_1_83' title="bbox 713 5684 2287 5773; baseline -0.017 -12"><span class='ocrx_word' id='word_1_594' title='bbox 713 5720 864 5761; x_wconf 83' lang='lat' dir='ltr'><strong>stum</strong></span> <span class='ocrx_word' id='word_1_595' title='bbox 892 5702 1269 5773; x_wconf 82' lang='lat' dir='ltr'><strong>profiteretur,</strong></span> <span class='ocrx_word' id='word_1_596' title='bbox 1298 5710 1364 5748; x_wconf 92' lang='lat' dir='ltr'><strong>an</strong></span> <span class='ocrx_word' id='word_1_597' title='bbox 1396 5693 1636 5746; x_wconf 86' lang='lat' dir='ltr'><strong>Leonem</strong></span> <span class='ocrx_word' id='word_1_598' title='bbox 1669 5688 1763 5757; x_wconf 87' lang='lat' dir='ltr'><strong>qui</strong></span> <span class='ocrx_word' id='word_1_599' title='bbox 1798 5687 1934 5740; x_wconf 85' lang='lat' dir='ltr'><strong>duas</strong></span> <span class='ocrx_word' id='word_1_600' title='bbox 1970 5694 2197 5738; x_wconf 90' lang='lat' dir='ltr'><strong>naturas</strong></span> <span class='ocrx_word' id='word_1_601' title='bbox 2234 5684 2287 5736; x_wconf 91' lang='lat' dir='ltr'><strong>in</strong></span> 
     </span>
    </p>
   </div>
   <div class='ocr_carea' id='block_1_84' title="bbox 712 5787 2290 5855">
    <p class='ocr_par' dir='ltr' id='par_1_84' title="bbox 712 5787 2290 5855">
     <span class='ocr_line' id='line_1_84' title="bbox 712 5787 2290 5855; baseline -0.018 0"><span class='ocrx_word' id='word_1_602' title='bbox 712 5800 932 5855; x_wconf 86' lang='lat' dir='ltr'><strong>Christo</strong></span> <span class='ocrx_word' id='word_1_603' title='bbox 988 5805 1321 5848; x_wconf 88' lang='lat' dir='ltr'><strong>concurrere</strong></span> <span class='ocrx_word' id='word_1_604' title='bbox 1377 5788 1644 5848; x_wconf 89' lang='lat' dir='ltr'><strong>doceret,</strong></span> <span class='ocrx_word' id='word_1_605' title='bbox 1702 5787 2109 5850; x_wconf 81' lang='lat' dir='ltr'><strong>sequerentur,</strong></span> <span class='ocrx_word' id='word_1_606' title='bbox 2165 5791 2290 5828; x_wconf 87' lang='lat' dir='ltr'><strong>cum</strong></span> 
     </span>
    </p>
   </div>
   <div class='ocr_carea' id='block_1_85' title="bbox 714 5872 2293 5951">
    <p class='ocr_par' dir='ltr' id='par_1_85' title="bbox 714 5872 2293 5951">
     <span class='ocr_line' id='line_1_85' title="bbox 714 5872 2293 5951; baseline -0.018 -2"><span class='ocrx_word' id='word_1_607' title='bbox 714 5895 898 5951; x_wconf 89' lang='lat' dir='ltr'><strong>Leone</strong></span> <span class='ocrx_word' id='word_1_608' title='bbox 927 5905 986 5943; x_wconf 92' lang='lat' dir='ltr'><strong>se</strong></span> <span class='ocrx_word' id='word_1_609' title='bbox 1013 5886 1263 5944; x_wconf 83' lang='lat' dir='ltr'><strong>credere,</strong></span> <span class='ocrx_word' id='word_1_610' title='bbox 1296 5895 1351 5936; x_wconf 89' lang='lat' dir='ltr'><strong>et</strong></span> <span class='ocrx_word' id='word_1_611' title='bbox 1377 5881 1469 5949; x_wconf 92' lang='lat' dir='ltr'><strong>qui</strong></span> <span class='ocrx_word' id='word_1_612' title='bbox 1504 5879 1665 5931; x_wconf 89' lang='lat' dir='ltr'><strong>aliter</strong></span> <span class='ocrx_word' id='word_1_613' title='bbox 1691 5874 1962 5931; x_wconf 80' lang='lat' dir='ltr'><strong>dicerent.</strong></span> <span class='ocrx_word' id='word_1_614' title='bbox 1996 5872 2293 5940; x_wconf 77' lang='lat' dir='ltr'><strong>Eutychia-</strong></span> 
     </span>
    </p>
   </div>
   <div class='ocr_carea' id='block_1_86' title="bbox 714 5964 2287 6043">
    <p class='ocr_par' dir='ltr' id='par_1_86' title="bbox 714 5964 2287 6043">
     <span class='ocr_line' id='line_1_86' title="bbox 714 5964 2287 6043; baseline -0.018 -1"><span class='ocrx_word' id='word_1_615' title='bbox 714 5988 890 6043; x_wconf 83' lang='lat' dir='ltr'><strong>uistas</strong></span> <span class='ocrx_word' id='word_1_616' title='bbox 940 5978 1125 6036; x_wconf 80' lang='lat' dir='ltr'><strong>vocari</strong></span> <span class='ocrx_word' id='word_1_617' title='bbox 1167 5976 1567 6032; x_wconf 76' lang='lat' dir='ltr'><strong>cxclamarunt.</strong></span> <span class='ocrx_word' id='word_1_618' title='bbox 1607 5970 1685 6023; x_wconf 90' lang='lat' dir='ltr'><strong>lta</strong></span> <span class='ocrx_word' id='word_1_619' title='bbox 1739 5967 2018 6036; x_wconf 72' lang='lat' dir='ltr'><strong>principes</strong></span> <span class='ocrx_word' id='word_1_620' title='bbox 2062 5964 2287 6018; x_wconf 78' lang='lat' dir='ltr'><strong>decreto</strong></span> 
     </span>
    </p>
   </div>
   <div class='ocr_carea' id='block_1_87' title="bbox 2386 3448 3972 3523">
    <p class='ocr_par' dir='ltr' id='par_1_87' title="bbox 2386 3448 3972 3523">
     <span class='ocr_line' id='line_1_87' title="bbox 2386 3448 3972 3523; baseline -0.002 -19"><span class='ocrx_word' id='word_1_621' title='bbox 2386 3454 2657 3523; x_wconf 86' lang='grc' dir='ltr'>μνήμασι.</span> <span class='ocrx_word' id='word_1_622' title='bbox 2692 3451 2834 3521; x_wconf 76' lang='grc' dir='ltr'>Πρὸς</span> <span class='ocrx_word' id='word_1_623' title='bbox 2884 3452 2945 3505; x_wconf 82' lang='grc' dir='ltr'>ὃν</span> <span class='ocrx_word' id='word_1_624' title='bbox 2975 3450 3122 3513; x_wconf 80' lang='grc' dir='ltr'>τινὲς</span> <span class='ocrx_word' id='word_1_625' title='bbox 3163 3450 3265 3520; x_wconf 81' lang='grc' dir='ltr'>μὲν</span> <span class='ocrx_word' id='word_1_626' title='bbox 3314 3448 3703 3520; x_wconf 79' lang='grc' dir='ltr'>διηνέχθησαν,</span> <span class='ocrx_word' id='word_1_627' title='bbox 3736 3450 3881 3512; x_wconf 82' lang='grc' dir='ltr'>τινὲς</span> <span class='ocrx_word' id='word_1_628' title='bbox 3912 3449 3972 3502; x_wconf 74' lang='grc' dir='ltr'>δὲ</span> 
     </span>
    </p>
   </div>
   <div class='ocr_carea' id='block_1_88' title="bbox 2384 3544 3979 3618">
    <p class='ocr_par' dir='ltr' id='par_1_88' title="bbox 2384 3544 3979 3618">
     <span class='ocr_line' id='line_1_88' title="bbox 2384 3544 3979 3618; baseline -0.002 -20"><span class='ocrx_word' id='word_1_629' title='bbox 2384 3546 2478 3599; x_wconf 80' lang='grc' dir='ltr'>καὶ</span> <span class='ocrx_word' id='word_1_630' title='bbox 2526 3547 2879 3617; x_wconf 81' lang='grc' dir='ltr'>ἐστοίχησαν.</span> <span class='ocrx_word' id='word_1_631' title='bbox 2926 3544 3271 3618; x_wconf 78' lang='grc' dir='ltr'>Ἐκόοήσεων</span> <span class='ocrx_word' id='word_1_632' title='bbox 3304 3544 3361 3597; x_wconf 78' lang='grc' dir='ltr'>δὲ</span> <span class='ocrx_word' id='word_1_633' title='bbox 3414 3544 3693 3613; x_wconf 74' lang='grc' dir='ltr'>διαφόρων</span> <span class='ocrx_word' id='word_1_634' title='bbox 3743 3544 3979 3613; x_wconf 76' lang='grc' dir='ltr'>γενομέ-</span> 
     </span>
    </p>
   </div>
   <div class='ocr_carea' id='block_1_89' title="bbox 2383 3637 3976 3711">
    <p class='ocr_par' dir='ltr' id='par_1_89' title="bbox 2383 3637 3976 3711">
     <span class='ocr_line' id='line_1_89' title="bbox 2383 3637 3976 3711; baseline -0.003 -15"><span class='ocrx_word' id='word_1_635' title='bbox 2383 3660 2513 3708; x_wconf 89' lang='grc' dir='ltr'>νων,</span> <span class='ocrx_word' id='word_1_636' title='bbox 2562 3638 2719 3695; x_wconf 79' lang='grc' dir='ltr'>εἷπον</span> <span class='ocrx_word' id='word_1_637' title='bbox 2767 3643 2818 3695; x_wconf 88' lang='grc' dir='ltr'><strong>οί</strong></span> <span class='ocrx_word' id='word_1_638' title='bbox 2864 3642 3151 3711; x_wconf 81' lang='grc' dir='ltr'>ἄρχοντες,</span> <span class='ocrx_word' id='word_1_639' title='bbox 3207 3641 3292 3694; x_wconf 86' lang='grc' dir='ltr'>ὅτι</span> <span class='ocrx_word' id='word_1_640' title='bbox 3333 3640 3626 3709; x_wconf 80' lang='grc' dir='ltr'>Διόσκορος</span> <span class='ocrx_word' id='word_1_641' title='bbox 3675 3639 3832 3709; x_wconf 75' lang='grc' dir='ltr'>ἔλεγε</span> <span class='ocrx_word' id='word_1_642' title='bbox 3882 3637 3976 3691; x_wconf 85' lang='grc' dir='ltr'><strong>διά</strong></span> 
     </span>
    </p>
   </div>
   <div class='ocr_carea' id='block_1_90' title="bbox 2384 3732 3974 3801">
    <p class='ocr_par' dir='ltr' id='par_1_90' title="bbox 2384 3732 3974 3801">
     <span class='ocr_line' id='line_1_90' title="bbox 2384 3732 3974 3801; baseline -0.003 -13"><span class='ocrx_word' id='word_1_643' title='bbox 2384 3734 2543 3788; x_wconf 80' lang='grc' dir='ltr'>τοῦτο</span> <span class='ocrx_word' id='word_1_644' title='bbox 2577 3734 2827 3788; x_wconf 82' lang='grc' dir='ltr'>καθελεῖν</span> <span class='ocrx_word' id='word_1_645' title='bbox 2875 3734 2967 3786; x_wconf 73' lang='grc' dir='ltr'><strong>τὸν</strong></span> <span class='ocrx_word' id='word_1_646' title='bbox 3013 3732 3338 3799; x_wconf 79' lang='grc' dir='ltr'>Φλαὸιανδν,</span> <span class='ocrx_word' id='word_1_647' title='bbox 3385 3732 3576 3801; x_wconf 80' lang='grc' dir='ltr'>ἐπειδὴ</span> <span class='ocrx_word' id='word_1_648' title='bbox 3628 3732 3723 3786; x_wconf 91' lang='grc' dir='ltr'><strong>δύο</strong></span> <span class='ocrx_word' id='word_1_649' title='bbox 3775 3732 3974 3799; x_wconf 85' lang='grc' dir='ltr'>φύσεις</span> 
     </span>
    </p>
   </div>
   <div class='ocr_carea' id='block_1_91' title="bbox 2384 3821 3973 3897">
    <p class='ocr_par' dir='ltr' id='par_1_91' title="bbox 2384 3821 3973 3897">
     <span class='ocr_line' id='line_1_91' title="bbox 2384 3821 3973 3897; baseline 0 -18"><span class='ocrx_word' id='word_1_650' title='bbox 2384 3822 2539 3879; x_wconf 81' lang='grc' dir='ltr'>εἶπεν</span> <span class='ocrx_word' id='word_1_651' title='bbox 2563 3821 2706 3879; x_wconf 76' lang='grc' dir='ltr'>εῖναι</span> <span class='ocrx_word' id='word_1_652' title='bbox 2729 3843 2744 3858; x_wconf 63' lang='grc' dir='ltr'><strong>ν</strong></span> <span class='ocrx_word' id='word_1_653' title='bbox 2776 3826 2868 3879; x_wconf 79' lang='grc' dir='ltr'>τὸν</span> <span class='ocrx_word' id='word_1_654' title='bbox 2892 3826 2955 3878; x_wconf 76' lang='grc' dir='ltr'><strong>δέ</strong></span> <span class='ocrx_word' id='word_1_655' title='bbox 2992 3826 3119 3897; x_wconf 86' lang='grc' dir='ltr'>ὅρον</span> <span class='ocrx_word' id='word_1_656' title='bbox 3148 3827 3211 3879; x_wconf 77' lang='grc' dir='ltr'><strong>ἐκ</strong></span> <span class='ocrx_word' id='word_1_657' title='bbox 3244 3825 3340 3878; x_wconf 90' lang='grc' dir='ltr'><strong>δύο</strong></span> <span class='ocrx_word' id='word_1_658' title='bbox 3371 3829 3591 3894; x_wconf 83' lang='grc' dir='ltr'>φύσεων</span> <span class='ocrx_word' id='word_1_659' title='bbox 3618 3825 3791 3896; x_wconf 75' lang='grc' dir='ltr'>ἔχειν.</span> <span class='ocrx_word' id='word_1_660' title='bbox 3826 3827 3973 3895; x_wconf 67' lang='grc' dir='ltr'>Πρὸς</span> 
     </span>
    </p>
   </div>
   <div class='ocr_carea' id='block_1_92' title="bbox 2380 3912 3973 3987">
    <p class='ocr_par' dir='ltr' id='par_1_92' title="bbox 2380 3912 3973 3987">
     <span class='ocr_line' id='line_1_92' title="bbox 2380 3912 3973 3987; baseline 0.001 -17"><span class='ocrx_word' id='word_1_661' title='bbox 2380 3917 2475 3979; x_wconf 78' lang='grc' dir='ltr'><strong>οὓς</strong></span> <span class='ocrx_word' id='word_1_662' title='bbox 2524 3917 2832 3982; x_wconf 77' lang='grc' dir='ltr'>Ἀνατόλιος</span> <span class='ocrx_word' id='word_1_663' title='bbox 2868 3912 3015 3981; x_wconf 73' lang='grc' dir='ltr'>εἶπε,</span> <span class='ocrx_word' id='word_1_664' title='bbox 3066 3916 3144 3987; x_wconf 83' lang='grc' dir='ltr'>μὴ</span> <span class='ocrx_word' id='word_1_665' title='bbox 3178 3917 3266 3972; x_wconf 84' lang='grc' dir='ltr'><strong>διὰ</strong></span> <span class='ocrx_word' id='word_1_666' title='bbox 3296 3918 3396 3986; x_wconf 83' lang='grc' dir='ltr'>τὴν</span> <span class='ocrx_word' id='word_1_667' title='bbox 3440 3918 3631 3971; x_wconf 84' lang='grc' dir='ltr'>πίστιν</span> <span class='ocrx_word' id='word_1_668' title='bbox 3672 3919 3973 3987; x_wconf 84' lang='grc' dir='ltr'>Διόσκορον</span> 
     </span>
    </p>
   </div>
   <div class='ocr_carea' id='block_1_93' title="bbox 2385 4008 3974 4082">
    <p class='ocr_par' dir='ltr' id='par_1_93' title="bbox 2385 4008 3974 4082">
     <span class='ocr_line' id='line_1_93' title="bbox 2385 4008 3974 4082; baseline -0.001 -20"><span class='ocrx_word' id='word_1_669' title='bbox 2385 4009 2812 4080; x_wconf 83' lang='grc' dir='ltr'>καθαιρεθῆναι,</span> <span class='ocrx_word' id='word_1_670' title='bbox 2844 4008 2982 4062; x_wconf 88' lang='grc' dir='ltr'><strong>ἀλλά</strong></span> <span class='ocrx_word' id='word_1_671' title='bbox 3014 4008 3106 4063; x_wconf 75' lang='grc' dir='ltr'><strong>διὰ</strong></span> <span class='ocrx_word' id='word_1_672' title='bbox 3138 4010 3201 4062; x_wconf 85' lang='grc' dir='ltr'>τὸ</span> <span class='ocrx_word' id='word_1_673' title='bbox 3234 4009 3556 4079; x_wconf 75' lang='grc' dir='ltr'>περιϐαλεῖν</span> <span class='ocrx_word' id='word_1_674' title='bbox 3596 4011 3974 4082; x_wconf 49' lang='grc' dir='ltr'>ἀκοινωνησᾮ.</span> 
     </span>
    </p>
   </div>
   <div class='ocr_carea' id='block_1_94' title="bbox 2382 4098 3972 4173">
    <p class='ocr_par' dir='ltr' id='par_1_94' title="bbox 2382 4098 3972 4173">
     <span class='ocr_line' id='line_1_94' title="bbox 2382 4098 3972 4173; baseline 0.001 -20"><span class='ocrx_word' id='word_1_675' title='bbox 2382 4101 2476 4154; x_wconf 81' lang='grc' dir='ltr'>τὸν</span> <span class='ocrx_word' id='word_1_676' title='bbox 2499 4102 2746 4153; x_wconf 81' lang='grc' dir='ltr'>Λέοντα·</span> <span class='ocrx_word' id='word_1_677' title='bbox 2801 4102 2894 4152; x_wconf 75' lang='grc' dir='ltr'>καὶ</span> <span class='ocrx_word' id='word_1_678' title='bbox 2943 4101 3026 4153; x_wconf 87' lang='grc' dir='ltr'>ὅτι</span> <span class='ocrx_word' id='word_1_679' title='bbox 3075 4102 3199 4171; x_wconf 78' lang='grc' dir='ltr'>τρὶς</span> <span class='ocrx_word' id='word_1_680' title='bbox 3238 4101 3461 4169; x_wconf 76' lang='grc' dir='ltr'>κληθεὶς</span> <span class='ocrx_word' id='word_1_681' title='bbox 3494 4101 3596 4154; x_wconf 84' lang='grc' dir='ltr'><strong>οὐκ</strong></span> <span class='ocrx_word' id='word_1_682' title='bbox 3644 4098 3777 4173; x_wconf 83' lang='grc' dir='ltr'>ἦλθε</span> <span class='ocrx_word' id='word_1_683' title='bbox 3805 4119 3819 4132; x_wconf 73' lang='grc' dir='ltr'><strong>ο</strong></span> <span class='ocrx_word' id='word_1_684' title='bbox 3872 4109 3972 4156; x_wconf 70' lang='grc' dir='ltr'>καὶ</span> 
     </span>
    </p>
   </div>
   <div class='ocr_carea' id='block_1_95' title="bbox 2386 4193 3973 4267">
    <p class='ocr_par' dir='ltr' id='par_1_95' title="bbox 2386 4193 3973 4267">
     <span class='ocr_line' id='line_1_95' title="bbox 2386 4193 3973 4267; baseline 0.001 -20"><span class='ocrx_word' id='word_1_685' title='bbox 2386 4196 2494 4247; x_wconf 74' lang='grc' dir='ltr'><strong>ἀπὸ</strong></span> <span class='ocrx_word' id='word_1_686' title='bbox 2528 4193 2625 4245; x_wconf 79' lang='grc' dir='ltr'>τοῦ</span> <span class='ocrx_word' id='word_1_687' title='bbox 2663 4193 2760 4247; x_wconf 83' lang='grc' dir='ltr'>νῦν</span> <span class='ocrx_word' id='word_1_688' title='bbox 2806 4196 2855 4246; x_wconf 88' lang='grc' dir='ltr'>οί</span> <span class='ocrx_word' id='word_1_689' title='bbox 2901 4196 3163 4264; x_wconf 75' lang='grc' dir='ltr'>ἄρχοντες</span> <span class='ocrx_word' id='word_1_690' title='bbox 3194 4195 3492 4247; x_wconf 72' lang='grc' dir='ltr'>ἐκέλευσαν</span> <span class='ocrx_word' id='word_1_691' title='bbox 3531 4196 3600 4248; x_wconf 86' lang='grc' dir='ltr'>τὰ</span> <span class='ocrx_word' id='word_1_692' title='bbox 3646 4199 3703 4249; x_wconf 91' lang='grc' dir='ltr'><strong>ἐν</strong></span> <span class='ocrx_word' id='word_1_693' title='bbox 3746 4200 3815 4267; x_wconf 73' lang='grc' dir='ltr'>τῇ</span> <span class='ocrx_word' id='word_1_694' title='bbox 3844 4199 3973 4250; x_wconf 80' lang='grc' dir='ltr'>ἑπι-</span> 
     </span>
    </p>
   </div>
   <div class='ocr_carea' id='block_1_96' title="bbox 2388 4286 3971 4358">
    <p class='ocr_par' dir='ltr' id='par_1_96' title="bbox 2388 4286 3971 4358">
     <span class='ocr_line' id='line_1_96' title="bbox 2388 4286 3971 4358; baseline 0.001 -19"><span class='ocrx_word' id='word_1_695' title='bbox 2388 4286 2551 4356; x_wconf 75' lang='grc' dir='ltr'>στολῇ</span> <span class='ocrx_word' id='word_1_696' title='bbox 2596 4288 2825 4349; x_wconf 85' lang='grc' dir='ltr'>Λέοντος</span> <span class='ocrx_word' id='word_1_697' title='bbox 2859 4286 3084 4356; x_wconf 82' lang='grc' dir='ltr'>τεθῆναι</span> <span class='ocrx_word' id='word_1_698' title='bbox 3131 4286 3212 4356; x_wconf 86' lang='grc' dir='ltr'>τῷ</span> <span class='ocrx_word' id='word_1_699' title='bbox 3254 4288 3386 4358; x_wconf 83' lang='grc' dir='ltr'><strong>ὅρῳ.</strong></span> <span class='ocrx_word' id='word_1_700' title='bbox 3431 4289 3862 4357; x_wconf 71' lang='grc' dir='ltr'>Ἀποφησάντων</span> <span class='ocrx_word' id='word_1_701' title='bbox 3911 4291 3971 4343; x_wconf 78' lang='grc' dir='ltr'>δὲ</span> 
     </span>
    </p>
   </div>
   <div class='ocr_carea' id='block_1_97' title="bbox 2388 4375 3971 4448">
    <p class='ocr_par' dir='ltr' id='par_1_97' title="bbox 2388 4375 3971 4448">
     <span class='ocr_line' id='line_1_97' title="bbox 2388 4375 3971 4448; baseline 0.003 -21"><span class='ocrx_word' id='word_1_702' title='bbox 2388 4375 2498 4427; x_wconf 87' lang='grc' dir='ltr'><strong>τῶν</strong></span> <span class='ocrx_word' id='word_1_703' title='bbox 2547 4375 2868 4429; x_wconf 83' lang='grc' dir='ltr'>ἐπισκόπων</span> <span class='ocrx_word' id='word_1_704' title='bbox 2897 4378 2990 4427; x_wconf 76' lang='grc' dir='ltr'>καὶ</span> <span class='ocrx_word' id='word_1_705' title='bbox 3031 4377 3362 4445; x_wconf 74' lang='grc' dir='ltr'>εἰρηκότων,</span> <span class='ocrx_word' id='word_1_706' title='bbox 3398 4376 3560 4430; x_wconf 77' lang='grc' dir='ltr'>ἄλλον</span> <span class='ocrx_word' id='word_1_707' title='bbox 3610 4379 3737 4447; x_wconf 88' lang='grc' dir='ltr'>ὅρον</span> <span class='ocrx_word' id='word_1_708' title='bbox 3770 4379 3847 4448; x_wconf 83' lang='grc' dir='ltr'>μὴ</span> <span class='ocrx_word' id='word_1_709' title='bbox 3878 4396 3971 4447; x_wconf 84' lang='grc' dir='ltr'>γε·</span> 
     </span>
    </p>
   </div>
   <div class='ocr_carea' id='block_1_98' title="bbox 2378 4465 3969 4540">
    <p class='ocr_par' dir='ltr' id='par_1_98' title="bbox 2378 4465 3969 4540">
     <span class='ocr_line' id='line_1_98' title="bbox 2378 4465 3969 4540; baseline 0.003 -23"><span class='ocrx_word' id='word_1_710' title='bbox 2378 4466 2604 4518; x_wconf 50' lang='grc' dir='ltr'>θέσθαι*</span> <span class='ocrx_word' id='word_1_711' title='bbox 2640 4465 2872 4529; x_wconf 88' lang='grc' dir='ltr'>ἐντελῶς</span> <span class='ocrx_word' id='word_1_712' title='bbox 2929 4466 3036 4535; x_wconf 81' lang='grc' dir='ltr'><strong>γὰρ</strong></span> <span class='ocrx_word' id='word_1_713' title='bbox 3066 4469 3278 4519; x_wconf 83' lang='grc' dir='ltr'>ἐκεῖνον</span> <span class='ocrx_word' id='word_1_714' title='bbox 3328 4468 3515 4537; x_wconf 79' lang='grc' dir='ltr'>ἔχειν·</span> <span class='ocrx_word' id='word_1_715' title='bbox 3570 4469 3842 4540; x_wconf 81' lang='grc' dir='ltr'>ἀνηνέχθη</span> <span class='ocrx_word' id='word_1_716' title='bbox 3898 4472 3969 4523; x_wconf 72' lang='grc' dir='ltr'><strong>τὰ</strong></span> 
     </span>
    </p>
   </div>
   <div class='ocr_carea' id='block_1_99' title="bbox 2390 4556 3969 4628">
    <p class='ocr_par' dir='ltr' id='par_1_99' title="bbox 2390 4556 3969 4628">
     <span class='ocr_line' id='line_1_99' title="bbox 2390 4556 3969 4628; baseline 0.005 -20"><span class='ocrx_word' id='word_1_717' title='bbox 2390 4557 2521 4626; x_wconf 80' lang='grc' dir='ltr'>περὶ</span> <span class='ocrx_word' id='word_1_718' title='bbox 2552 4556 2763 4611; x_wconf 86' lang='grc' dir='ltr'>τούτων</span> <span class='ocrx_word' id='word_1_719' title='bbox 2792 4557 2868 4625; x_wconf 86' lang='grc' dir='ltr'>τῷ</span> <span class='ocrx_word' id='word_1_720' title='bbox 2902 4557 3135 4628; x_wconf 81' lang='grc' dir='ltr'>βασιλεῖ.</span> <span class='ocrx_word' id='word_1_721' title='bbox 3182 4559 3239 4612; x_wconf 89' lang='grc'><strong>’0</strong></span> <span class='ocrx_word' id='word_1_722' title='bbox 3267 4558 3321 4611; x_wconf 86' lang='grc' dir='ltr'>δὲ</span> <span class='ocrx_word' id='word_1_723' title='bbox 3370 4560 3557 4627; x_wconf 78' lang='grc' dir='ltr'>ἔλεγεν</span> <span class='ocrx_word' id='word_1_724' title='bbox 3597 4560 3656 4625; x_wconf 78' lang='grc' dir='ltr'><strong>ἒξ</strong></span> <span class='ocrx_word' id='word_1_725' title='bbox 3688 4561 3798 4613; x_wconf 87' lang='grc' dir='ltr'><strong>τῶν</strong></span> <span class='ocrx_word' id='word_1_726' title='bbox 3832 4564 3969 4616; x_wconf 66' lang='grc' dir='ltr'>ἀνα-</span> 
     </span>
    </p>
   </div>
   <div class='ocr_carea' id='block_1_100' title="bbox 2388 4648 3971 4724">
    <p class='ocr_par' dir='ltr' id='par_1_100' title="bbox 2388 4648 3971 4724">
     <span class='ocr_line' id='line_1_100' title="bbox 2388 4648 3971 4724; baseline 0.007 -25"><span class='ocrx_word' id='word_1_727' title='bbox 2388 4648 2622 4702; x_wconf 86' lang='grc' dir='ltr'>τολικῶν</span> <span class='ocrx_word' id='word_1_728' title='bbox 2653 4649 3011 4719; x_wconf 85' lang='grc' dir='ltr'>ἀπολεγῆναι,</span> <span class='ocrx_word' id='word_1_729' title='bbox 3067 4653 3217 4720; x_wconf 81' lang='grc' dir='ltr'>τρεῖς</span> <span class='ocrx_word' id='word_1_730' title='bbox 3263 4667 3323 4704; x_wconf 88' lang='grc' dir='ltr'><strong>τε</strong></span> <span class='ocrx_word' id='word_1_731' title='bbox 3380 4653 3488 4704; x_wconf 79' lang='grc' dir='ltr'>ἀπὸ</span> <span class='ocrx_word' id='word_1_732' title='bbox 3535 4654 3637 4723; x_wconf 85' lang='grc' dir='ltr'>τῆς</span> <span class='ocrx_word' id='word_1_733' title='bbox 3695 4654 3971 4724; x_wconf 75' lang='grc' dir='ltr'>Ποντικῆς</span> 
     </span>
    </p>
   </div>
   <div class='ocr_carea' id='block_1_101' title="bbox 2390 4745 3969 4825">
    <p class='ocr_par' dir='ltr' id='par_1_101' title="bbox 2390 4745 3969 4825">
     <span class='ocr_line' id='line_1_101' title="bbox 2390 4745 3969 4825; baseline 0.006 -28"><span class='ocrx_word' id='word_1_734' title='bbox 2390 4745 2730 4815; x_wconf 81' lang='grc' dir='ltr'>διοικήσεως,</span> <span class='ocrx_word' id='word_1_735' title='bbox 2763 4746 2962 4816; x_wconf 77' lang='grc' dir='ltr'>ἐπίσης</span> <span class='ocrx_word' id='word_1_736' title='bbox 2992 4765 3051 4801; x_wconf 82' lang='grc' dir='ltr'><strong>τε</strong></span> <span class='ocrx_word' id='word_1_737' title='bbox 3075 4749 3170 4800; x_wconf 72' lang='grc' dir='ltr'>καὶ</span> <span class='ocrx_word' id='word_1_738' title='bbox 3197 4749 3305 4804; x_wconf 78' lang='grc' dir='ltr'>ἀπὸ</span> <span class='ocrx_word' id='word_1_739' title='bbox 3341 4750 3444 4817; x_wconf 85' lang='grc' dir='ltr'>τῆς</span> <span class='ocrx_word' id='word_1_740' title='bbox 3498 4750 3780 4822; x_wconf 82' lang='grc' dir='ltr'>Ἀσιανῆς,</span> <span class='ocrx_word' id='word_1_741' title='bbox 3815 4758 3969 4825; x_wconf 79' lang='grc' dir='ltr'>τρεῖς</span> 
     </span>
    </p>
   </div>
   <div class='ocr_carea' id='block_1_102' title="bbox 2391 4840 3971 4918">
    <p class='ocr_par' dir='ltr' id='par_1_102' title="bbox 2391 4840 3971 4918">
     <span class='ocr_line' id='line_1_102' title="bbox 2391 4840 3971 4918; baseline 0.007 -28"><span class='ocrx_word' id='word_1_742' title='bbox 2391 4855 2450 4891; x_wconf 91' lang='grc' dir='ltr'><strong>τε</strong></span> <span class='ocrx_word' id='word_1_743' title='bbox 2487 4841 2598 4895; x_wconf 72' lang='grc' dir='ltr'><strong>ἀπὸ</strong></span> <span class='ocrx_word' id='word_1_744' title='bbox 2636 4840 2867 4910; x_wconf 82' lang='grc' dir='ltr'>Θρᾴκης</span> <span class='ocrx_word' id='word_1_745' title='bbox 2898 4844 2992 4895; x_wconf 81' lang='grc' dir='ltr'>καὶ</span> <span class='ocrx_word' id='word_1_746' title='bbox 3032 4842 3133 4910; x_wconf 82' lang='grc' dir='ltr'>τῆς</span> <span class='ocrx_word' id='word_1_747' title='bbox 3170 4842 3456 4909; x_wconf 85' lang='grc' dir='ltr'>Ἰλλυρίδος</span> <span class='ocrx_word' id='word_1_748' title='bbox 3484 4844 3635 4908; x_wconf 73' lang='grc' dir='ltr'>ἴσους</span> <span class='ocrx_word' id='word_1_749' title='bbox 3657 4862 3672 4876; x_wconf 90' lang='grc'><strong>·</strong></span> <span class='ocrx_word' id='word_1_750' title='bbox 3707 4851 3971 4918; x_wconf 74' lang='grc' dir='ltr'>παρεῖναι</span> 
     </span>
    </p>
   </div>
   <div class='ocr_carea' id='block_1_103' title="bbox 2392 4932 3967 5006">
    <p class='ocr_par' dir='ltr' id='par_1_103' title="bbox 2392 4932 3967 5006">
     <span class='ocr_line' id='line_1_103' title="bbox 2392 4932 3967 5006; baseline 0.006 -22"><span class='ocrx_word' id='word_1_751' title='bbox 2392 4932 2448 4984; x_wconf 82' lang='grc' dir='ltr'>δὲ</span> <span class='ocrx_word' id='word_1_752' title='bbox 2477 4933 2570 4985; x_wconf 81' lang='grc' dir='ltr'>καὶ</span> <span class='ocrx_word' id='word_1_753' title='bbox 2610 4934 2736 4997; x_wconf 77' lang='grc' dir='ltr'>τοὺς</span> <span class='ocrx_word' id='word_1_754' title='bbox 2795 4934 3179 5004; x_wconf 82' lang='grc' dir='ltr'>τοποτηρητάς</span> <span class='ocrx_word' id='word_1_755' title='bbox 3223 4932 3447 5006; x_wconf 83' lang='grc' dir='ltr'>Ῥώμης</span> <span class='ocrx_word' id='word_1_756' title='bbox 3481 4938 3579 4990; x_wconf 78' lang='grc' dir='ltr'>καὶ</span> <span class='ocrx_word' id='word_1_757' title='bbox 3623 4939 3967 4994; x_wconf 79' lang='grc' dir='ltr'>’Δνατόλιον·</span> 
     </span>
    </p>
   </div>
   <div class='ocr_carea' id='block_1_104' title="bbox 2391 5030 3973 5107">
    <p class='ocr_par' dir='ltr' id='par_1_104' title="bbox 2391 5030 3973 5107">
     <span class='ocr_line' id='line_1_104' title="bbox 2391 5030 3973 5107; baseline 0.005 -24"><span class='ocrx_word' id='word_1_758' title='bbox 2391 5031 2483 5093; x_wconf 78' lang='grc' dir='ltr'>οὓς</span> <span class='ocrx_word' id='word_1_759' title='bbox 2512 5033 2630 5100; x_wconf 74' lang='grc' dir='ltr'>ἅμα</span> <span class='ocrx_word' id='word_1_760' title='bbox 2658 5030 2738 5100; x_wconf 82' lang='grc' dir='ltr'>τῷ</span> <span class='ocrx_word' id='word_1_761' title='bbox 2793 5032 3082 5101; x_wconf 84' lang='grc' dir='ltr'>μαρτυρίῳ</span> <span class='ocrx_word' id='word_1_762' title='bbox 3134 5031 3236 5099; x_wconf 79' lang='grc' dir='ltr'>τῆς</span> <span class='ocrx_word' id='word_1_763' title='bbox 3261 5040 3626 5104; x_wconf 81' lang='grc' dir='ltr'>πανευφήμου</span> <span class='ocrx_word' id='word_1_764' title='bbox 3676 5038 3973 5107; x_wconf 81' lang='grc' dir='ltr'>Εὐφημίας</span> 
     </span>
    </p>
   </div>
   <div class='ocr_carea' id='block_1_105' title="bbox 2397 5125 3975 5202">
    <p class='ocr_par' dir='ltr' id='par_1_105' title="bbox 2397 5125 3975 5202">
     <span class='ocr_line' id='line_1_105' title="bbox 2397 5125 3975 5202; baseline 0.004 -25"><span class='ocrx_word' id='word_1_765' title='bbox 2397 5125 2775 5188; x_wconf 85' lang='grc' dir='ltr'>συνελθόντας,</span> <span class='ocrx_word' id='word_1_766' title='bbox 2803 5125 2873 5175; x_wconf 84' lang='grc' dir='ltr'>τὰ</span> <span class='ocrx_word' id='word_1_767' title='bbox 2895 5126 3020 5194; x_wconf 76' lang='grc' dir='ltr'>περὶ</span> <span class='ocrx_word' id='word_1_768' title='bbox 3041 5126 3142 5194; x_wconf 77' lang='grc' dir='ltr'>τῆς</span> <span class='ocrx_word' id='word_1_769' title='bbox 3163 5126 3403 5189; x_wconf 85' lang='grc' dir='ltr'>πίστεως</span> <span class='ocrx_word' id='word_1_770' title='bbox 3420 5127 3598 5197; x_wconf 82' lang='grc' dir='ltr'>ὀρθῶς</span> <span class='ocrx_word' id='word_1_771' title='bbox 3620 5133 3975 5202; x_wconf 81' lang='grc' dir='ltr'>καταστήσα-</span> 
     </span>
    </p>
   </div>
   <div class='ocr_carea' id='block_1_106' title="bbox 2396 5218 3969 5298">
    <p class='ocr_par' dir='ltr' id='par_1_106' title="bbox 2396 5218 3969 5298">
     <span class='ocr_line' id='line_1_106' title="bbox 2396 5218 3969 5298; baseline 0.006 -28"><span class='ocrx_word' id='word_1_772' title='bbox 2396 5219 2520 5273; x_wconf 73' lang='grc' dir='ltr'>σθαι</span> <span class='ocrx_word' id='word_1_773' title='bbox 2540 5235 2553 5248; x_wconf 72' lang='grc' dir='ltr'><strong>ο</strong></span> <span class='ocrx_word' id='word_1_774' title='bbox 2583 5218 2680 5271; x_wconf 74' lang='grc' dir='ltr'>καὶ</span> <span class='ocrx_word' id='word_1_775' title='bbox 2709 5218 2739 5286; x_wconf 82' lang='grc' dir='ltr'>ἢ</span> <span class='ocrx_word' id='word_1_776' title='bbox 2776 5220 3008 5272; x_wconf 76' lang='grc' dir='ltr'>ἕκαστον</span> <span class='ocrx_word' id='word_1_777' title='bbox 3043 5219 3145 5290; x_wconf 80' lang='grc' dir='ltr'>τὴν</span> <span class='ocrx_word' id='word_1_778' title='bbox 3172 5220 3368 5274; x_wconf 79' lang='grc' dir='ltr'>ἑαυτοῦ</span> <span class='ocrx_word' id='word_1_779' title='bbox 3398 5221 3642 5291; x_wconf 85' lang='grc' dir='ltr'>δηλῶσαι</span> <span class='ocrx_word' id='word_1_780' title='bbox 3692 5225 3898 5292; x_wconf 62' lang='grc' dir='ltr'>πίστιν,</span> <span class='ocrx_word' id='word_1_781' title='bbox 3934 5228 3969 5298; x_wconf 78' lang='grc' dir='ltr'>ἢ</span> 
     </span>
    </p>
   </div>
   <div class='ocr_carea' id='block_1_107' title="bbox 2394 5310 3968 5385">
    <p class='ocr_par' dir='ltr' id='par_1_107' title="bbox 2394 5310 3968 5385">
     <span class='ocr_line' id='line_1_107' title="bbox 2394 5310 3968 5385; baseline 0.006 -24"><span class='ocrx_word' id='word_1_782' title='bbox 2394 5311 2596 5363; x_wconf 82' lang='grc' dir='ltr'>εἰδέναι</span> <span class='ocrx_word' id='word_1_783' title='bbox 2652 5312 2727 5372; x_wconf 84' lang='grc' dir='ltr'>ὡς</span> <span class='ocrx_word' id='word_1_784' title='bbox 2778 5312 2837 5363; x_wconf 86' lang='grc' dir='ltr'><strong>ἐν</strong></span> <span class='ocrx_word' id='word_1_785' title='bbox 2878 5313 2945 5379; x_wconf 84' lang='grc' dir='ltr'>τῇ</span> <span class='ocrx_word' id='word_1_786' title='bbox 3003 5310 3154 5362; x_wconf 85' lang='grc' dir='ltr'>δύσει</span> <span class='ocrx_word' id='word_1_787' title='bbox 3212 5312 3243 5378; x_wconf 83' lang='grc' dir='ltr'>ἡ</span> <span class='ocrx_word' id='word_1_788' title='bbox 3293 5312 3513 5376; x_wconf 82' lang='grc' dir='ltr'>σύνοδος</span> <span class='ocrx_word' id='word_1_789' title='bbox 3571 5318 3968 5385; x_wconf 73' lang='grc' dir='ltr'>μεταῢήσεται.</span> 
     </span>
    </p>
   </div>
   <div class='ocr_carea' id='block_1_108' title="bbox 2407 5402 3974 5474">
    <p class='ocr_par' dir='ltr' id='par_1_108' title="bbox 2407 5402 3974 5474">
     <span class='ocr_line' id='line_1_108' title="bbox 2407 5402 3974 5474; baseline 0.006 -22"><span class='ocrx_word' id='word_1_790' title='bbox 2407 5403 2830 5473; x_wconf 77' lang='grc' dir='ltr'>Ἀπαιτηθέντες</span> <span class='ocrx_word' id='word_1_791' title='bbox 2862 5402 2917 5454; x_wconf 83' lang='grc' dir='ltr'>δὲ</span> <span class='ocrx_word' id='word_1_792' title='bbox 2959 5406 3133 5454; x_wconf 78' lang='grc' dir='ltr'>εἰπεῖν</span> <span class='ocrx_word' id='word_1_793' title='bbox 3169 5404 3218 5454; x_wconf 86' lang='grc' dir='ltr'><strong>εί</strong></span> <span class='ocrx_word' id='word_1_794' title='bbox 3265 5406 3550 5474; x_wconf 74' lang='grc' dir='ltr'>Διοσκόρω</span> <span class='ocrx_word' id='word_1_795' title='bbox 3581 5408 3974 5463; x_wconf 79' lang='grc' dir='ltr'>ἀκολουθοῦσιν</span> 
     </span>
    </p>
   </div>
   <div class='ocr_carea' id='block_1_109' title="bbox 2396 5496 3976 5566">
    <p class='ocr_par' dir='ltr' id='par_1_109' title="bbox 2396 5496 3976 5566">
     <span class='ocr_line' id='line_1_109' title="bbox 2396 5496 3976 5566; baseline 0.006 -21"><span class='ocrx_word' id='word_1_796' title='bbox 2396 5498 2459 5546; x_wconf 83' lang='grc' dir='ltr'><strong>ἐκ</strong></span> <span class='ocrx_word' id='word_1_797' title='bbox 2494 5496 2587 5547; x_wconf 87' lang='grc' dir='ltr'><strong>δύο</strong></span> <span class='ocrx_word' id='word_1_798' title='bbox 2618 5496 2833 5562; x_wconf 73' lang='grc' dir='ltr'>φύσεων</span> <span class='ocrx_word' id='word_1_799' title='bbox 2885 5496 3120 5562; x_wconf 79' lang='grc' dir='ltr'>λέγοντι,</span> <span class='ocrx_word' id='word_1_800' title='bbox 3177 5497 3209 5564; x_wconf 82' lang='grc' dir='ltr'>ἣ</span> <span class='ocrx_word' id='word_1_801' title='bbox 3266 5497 3457 5549; x_wconf 85' lang='grc' dir='ltr'>Λέοντι</span> <span class='ocrx_word' id='word_1_802' title='bbox 3495 5498 3589 5551; x_wconf 87' lang='grc' dir='ltr'><strong>δύο</strong></span> <span class='ocrx_word' id='word_1_803' title='bbox 3627 5500 3820 5566; x_wconf 83' lang='grc' dir='ltr'>φύσεις</span> <span class='ocrx_word' id='word_1_804' title='bbox 3850 5520 3976 5555; x_wconf 83' lang='grc' dir='ltr'>συν-</span> 
     </span>
    </p>
   </div>
   <div class='ocr_carea' id='block_1_110' title="bbox 2395 5588 3978 5660">
    <p class='ocr_par' dir='ltr' id='par_1_110' title="bbox 2395 5588 3978 5660">
     <span class='ocr_line' id='line_1_110' title="bbox 2395 5588 3978 5660; baseline 0.007 -21"><span class='ocrx_word' id='word_1_805' title='bbox 2395 5589 2623 5657; x_wconf 85' lang='grc' dir='ltr'>δραμεῖν</span> <span class='ocrx_word' id='word_1_806' title='bbox 2661 5591 2718 5640; x_wconf 84' lang='grc' dir='ltr'>ὲν</span> <span class='ocrx_word' id='word_1_807' title='bbox 2766 5588 2990 5656; x_wconf 83' lang='grc' dir='ltr'>Χριστῷ</span> <span class='ocrx_word' id='word_1_808' title='bbox 3051 5588 3460 5657; x_wconf 76' lang='grc' dir='ltr'>δογματίζοντι,</span> <span class='ocrx_word' id='word_1_809' title='bbox 3508 5592 3739 5660; x_wconf 74' lang='grc' dir='ltr'>ἐϐόησαν</span> <span class='ocrx_word' id='word_1_810' title='bbox 3780 5595 3978 5651; x_wconf 71' lang='grc' dir='ltr'>Λέοντι</span> 
     </span>
    </p>
   </div>
   <div class='ocr_carea' id='block_1_111' title="bbox 2400 5680 3977 5753">
    <p class='ocr_par' dir='ltr' id='par_1_111' title="bbox 2400 5680 3977 5753">
     <span class='ocr_line' id='line_1_111' title="bbox 2400 5680 3977 5753; baseline 0.006 -20"><span class='ocrx_word' id='word_1_811' title='bbox 2400 5681 2678 5733; x_wconf 83' lang='grc' dir='ltr'>πιστεύειν</span> <span class='ocrx_word' id='word_1_812' title='bbox 2698 5694 2713 5708; x_wconf 73' lang='grc' dir='ltr'><strong>ο</strong></span> <span class='ocrx_word' id='word_1_813' title='bbox 2742 5682 2866 5742; x_wconf 77' lang='grc' dir='ltr'>τοὺς</span> <span class='ocrx_word' id='word_1_814' title='bbox 2895 5680 2952 5732; x_wconf 80' lang='grc' dir='ltr'>δὲ</span> <span class='ocrx_word' id='word_1_815' title='bbox 2993 5681 3376 5748; x_wconf 83' lang='grc' dir='ltr'>ἀντιλέγοντας</span> <span class='ocrx_word' id='word_1_816' title='bbox 3408 5683 3840 5753; x_wconf 78' lang='grc' dir='ltr'>Εὑτυχιανιστὰς</span> <span class='ocrx_word' id='word_1_817' title='bbox 3875 5706 3977 5741; x_wconf 78' lang='grc' dir='ltr'>κα-</span> 
     </span>
    </p>
   </div>
   <div class='ocr_carea' id='block_1_112' title="bbox 2397 5773 3974 5851">
    <p class='ocr_par' dir='ltr' id='par_1_112' title="bbox 2397 5773 3974 5851">
     <span class='ocr_line' id='line_1_112' title="bbox 2397 5773 3974 5851; baseline 0.025 -25"><span class='ocrx_word' id='word_1_818' title='bbox 2397 5775 2627 5828; x_wconf 73' lang='grc' dir='ltr'>λεῖσθαι.</span> <span class='ocrx_word' id='word_1_819' title='bbox 2681 5773 2999 5843; x_wconf 81' lang='grc' dir='ltr'>Εἱρηκότων</span> <span class='ocrx_word' id='word_1_820' title='bbox 3036 5790 3093 5825; x_wconf 88' lang='grc' dir='ltr'><strong>τε</strong></span> <span class='ocrx_word' id='word_1_821' title='bbox 3124 5774 3234 5826; x_wconf 86' lang='grc' dir='ltr'><strong>τῶν</strong></span> <span class='ocrx_word' id='word_1_822' title='bbox 3287 5776 3567 5849; x_wconf 64' lang='grc' dir='ltr'>ἀρχόντων</span> <span class='ocrx_word' id='word_1_823' title='bbox 3603 5782 3974 5851; x_wconf 69' lang='grc' dir='ltr'><strong>πρθστ⁸⁰ἧ⁹²¹</strong></span> 
     </span>
    </p>
   </div>
   <div class='ocr_carea' id='block_1_113' title="bbox 2397 5867 3976 5940">
    <p class='ocr_par' dir='ltr' id='par_1_113' title="bbox 2397 5867 3976 5940">
     <span class='ocr_line' id='line_1_113' title="bbox 2397 5867 3976 5940; baseline 0 -19"><span class='ocrx_word' id='word_1_824' title='bbox 2397 5870 2491 5921; x_wconf 87' lang='grc' dir='ltr'><strong>δύο</strong></span> <span class='ocrx_word' id='word_1_825' title='bbox 2522 5868 2713 5934; x_wconf 73' lang='grc' dir='ltr'>φύσεις</span> <span class='ocrx_word' id='word_1_826' title='bbox 2766 5867 3055 5935; x_wconf 81' lang='grc' dir='ltr'>ήνωμένας</span> <span class='ocrx_word' id='word_1_827' title='bbox 3100 5867 3429 5936; x_wconf 85' lang='grc' dir='ltr'>ἀτρέπτους,</span> <span class='ocrx_word' id='word_1_828' title='bbox 3470 5871 3823 5940; x_wconf 75' lang='grc' dir='ltr'>ἀμερίστους,</span> <span class='ocrx_word' id='word_1_829' title='bbox 3880 5876 3976 5928; x_wconf 69' lang='lat' dir='ltr'><strong>x11</strong></span> 
     </span>
    </p>
   </div>
   <div class='ocr_carea' id='block_1_114' title="bbox 2400 5960 3974 6032">
    <p class='ocr_par' dir='ltr' id='par_1_114' title="bbox 2400 5960 3974 6032">
     <span class='ocr_line' id='line_1_114' title="bbox 2400 5960 3974 6032; baseline 0 -18"><span class='ocrx_word' id='word_1_830' title='bbox 2400 5962 2739 6032; x_wconf 62' lang='grc' dir='ltr'>ἀσυγχύτους</span> <span class='ocrx_word' id='word_1_831' title='bbox 2780 5963 2833 6012; x_wconf 75' lang='grc' dir='ltr'><strong>ἐν</strong></span> <span class='ocrx_word' id='word_1_832' title='bbox 2858 5960 2933 6031; x_wconf 83' lang='grc' dir='ltr'>τῷ</span> <span class='ocrx_word' id='word_1_833' title='bbox 2966 5960 3183 6029; x_wconf 61' lang='grc' dir='ltr'>Χργτῷ</span> <span class='ocrx_word' id='word_1_834' title='bbox 3214 5962 3353 6015; x_wconf 67' lang='grc' dir='ltr'>κατὰ</span> <span class='ocrx_word' id='word_1_835' title='bbox 3394 5963 3621 6028; x_wconf 73' lang='grc' dir='ltr'>Λέοντα,</span> <span class='ocrx_word' id='word_1_836' title='bbox 3654 5966 3747 6019; x_wconf 75' lang='grc' dir='ltr'>καὶ</span> <span class='ocrx_word' id='word_1_837' title='bbox 3794 5974 3974 6023; x_wconf 72' lang='grc' dir='ltr'>τοίνυν</span> 
     </span>
    </p>
   </div>
  </div>
