4236 6442
262 427 376 490 113

1200 430 1802 494 ΕϐίῖὶιΕΞΙΑδΤῘΟιΕ
1845 435 2229 496 HlSTORl.E
2269 438 2415 498 LIB.
2463 439 2582 500 XV.

3402 442 3496 504 1H

256 539 370 589 τῶν
420 537 700 606 ἀρχόιτων
763 539 1096 593 ἐπελθόντων
1150 542 1208 592 ἐν
1267 541 1345 609 τῷ
1399 540 1685 611 μαρτυρίῳ
1733 545 1830 612 τῆς
1863 554 1901 605 Α

1816 560 1830 604 ;
1863 554 1901 605 Α
1934 545 2069 598 duas
2099 559 2321 599 naturas
2350 561 2468 614 qua:
2497 561 2603 599 non
2635 557 3003 607 mutarentur.
3039 563 3144 599 non
3175 549 3489 603 divideren-

252 631 417 695 ἁγίας
450 631 738 700 Εὖφημίας
767 631 885 699 ἅμα
925 633 1218 701 Ἀνατολίῳ
1261 636 1353 686 καὶ
1386 635 1495 696 τοῖς
1530 651 1831 702 τοποτηρη-

251 723 376 782 ταῖς
409 721 660 787 Λέοντος,
696 725 1084 793 συμπαρόντος
1114 724 1370 792 Μαξίμου
1411 742 1468 775 τε
1503 723 1594 777 τοῦ
1636 725 1832 776 Ἀντιο-

251 815 435 882 χείας,
482 817 576 868 καὶ
621 817 982 870 Ίουϐεναλίου
1055 816 1458 886 ’Ξεροσολύμιυη
1499 818 1592 868 καὶ
1624 815 1833 867 Θαλασ-

253 903 375 955 σίου
433 907 775 977 Καισαρείας
836 908 1232 970 Καππαδοκίας
1290 909 1386 960 σὺν
1446 909 1681 976 ἑτέροις,
1739 908 1833 959 καὶ

253 995 588 1058 ἐξελθόντων
622 1000 820 1062 αὐτῶν,
878 1000 1197 1067 ἀνεγνώσθη
1235 1003 1261 1052 ὁ
1297 1002 1390 1068 τῆς
1426 1001 1645 1052 συνόδου
1686 1002 1828 1068 ὄρος,

256 1088 402 1157 ἔχων
456 1090 656 1151 οὕτως·
710 1112 726 1144 ι
770 1093 828 1144 ’0
877 1095 1086 1164 Κύριος
1149 1094 1300 1163 ἢμῶν
1361 1095 1451 1145 καὶ
1485 1093 1673 1160 Σωτὴρ
1731 1090 1832 1158 ἰη-

255 1179 387 1240 σοῦς
426 1182 665 1249 Χριστός
686 1201 700 1213 ·
743 1202 760 1234 ι
810 1185 901 1235 καὶ
929 1185 996 1235 ’ιά
1027 1184 1188 1236 λοιπὰ
1214 1183 1248 1236 ζ’.
1279 1184 1336 1234 ἐν
1369 1183 1446 1251 τῷ
1476 1184 1570 1250 τῆς
1593 1180 1832 1249 ἱστορίας

253 1268 379 1336 ὕφει
407 1273 780 1343 ἐ-κεταξάμην·
813 1275 1030 1327 πάντων
1064 1293 1121 1327 τε
1155 1274 1554 1344 βοηθησάντων.
1585 1292 1602 1325 ι
1633 1272 1829 1340 Αὖτηή

251 1364 443 1427 πίστις
504 1365 611 1416 τῶν
669 1368 957 1435 Πατέρων⁰
1003 1367 1051 1419 ot
1088 1366 1484 1437 μητροπολίται
1541 1365 1666 1434 ἄρτι
1699 1364 1832 1414 ὑπο-

251 1456 569 1524 γράψωσιν.
607 1458 758 1527 Αὕτη
794 1461 825 1527 ἡ
871 1460 1056 1520 πίστις
1095 1459 1202 1511 τῶν
1248 1459 1599 1510 ἀποστόλων·
1655 1455 1826 1524 ταύτῃ

253 1549 462 1610 πάντες
502 1550 858 1619 στοιχοῦμεν·
893 1553 1096 1613 πάντες
1130 1550 1272 1603 οὕτω
1319 1549 1646 1616 φρονοῦμεν·
1679 1565 1695 1596 ι
1727 1545 1832 1598 διε-

250 1638 504 1704 λαλησαν
531 1641 580 1692 οἱ
606 1641 868 1709 ἄρχοντες
889 1657 904 1672 ·
953 1641 1034 1695 Τὰ
1066 1640 1385 1693 τυπωθέντα
1413 1638 1500 1690 διὰ
1529 1635 1636 1687 τῶν
1665 1633 1831 1686 Πατέ-

257 1750 392 1801 ρων.
439 1737 537 1787 καὶ
569 1738 738 1788 πᾶσιν
797 1737 1095 1804 ἀρέσαντα,
1155 1733 1574 1803 ἀνενεχθήσεται
1619 1731 1683 1798 τῇ
1712 1726 1832 1795 θεία

253 1832 501 1897 κορυφῇ.

1935 643 2052 700 tur,
2089 651 2194 689 non
2240 638 2732 699 confunderenlur,
2778 639 2830 692 in
2875 640 3096 693 Christo
3142 641 3321 694 unitas
3349 658 3494 706 esse,

1932 728 2083 795 juxta
2142 726 2339 781 Leonis
2393 730 2722 783 sententiam
2778 729 2902 781 addi
2956 732 3258 798 jusserunt.
3328 733 3499 787 Porro

1939 830 2223 889 postquam
2272 824 2547 892 principes
2578 837 2702 876 cum
2749 823 3002 875 Anatolio
3032 832 3085 876 ct
3115 823 3316 879 Leonis
3350 826 3499 894 lcga-

1939 910 2005 962 tis
2061 913 2111 964 in
2162 915 2480 982 martyrium
2515 925 2713 969 sancta:
2744 915 3060 983 Euphemia:
3107 927 3498 982 pervenerunt,

1939 1003 2028 1054 ubi
2066 1021 2281 1072 quoque
2333 1006 2561 1058 aderant
2607 1006 2873 1060 Maximus
2903 1009 3301 1066 Aulim-lienus,
3337 1011 3500 1062 Juve-

1937 1095 2074 1146 nalis
2129 1095 2692 1167 llicrosolymitaims,
2751 1100 3068 1153 Thalassius
3121 1101 3496 1163 Czesariensis,

1935 1182 2095 1234 simul
2139 1192 2303 1249 atque
2367 1186 2454 1238 isti
2511 1202 2700 1240 omnes
2744 1204 2773 1242 e
2828 1189 3031 1257 templo
3089 1192 3290 1257 egressi
3347 1202 3499 1251 sunt,

1935 1273 2124 1338 synodi
2166 1275 2448 1328 decretum
2489 1279 2540 1330 in
2578 1278 2718 1331 hanc
2756 1282 3089 1334 sententiam
3129 1282 3328 1334 lectum
3368 1293 3452 1335 est
3485 1301 3494 1334 :

1946 1366 2239 1419 «Dominus
2281 1379 2466 1421 uoster
2496 1381 2548 1423 et
2593 1372 2849 1426 Scrvator
2878 1375 3032 1427 Jesns
3061 1375 3312 1427 Chri~tus
3344 1393 3352 1423 :
3395 1394 3412 1427 ι
3448 1383 3504 1427 et

1937 1456 2179 1525 reliqua,
2233 1475 2354 1527 quae
2413 1462 2467 1514 in
2525 1463 2768 1518 historia:
2823 1475 3082 1518 contextu
3145 1467 3501 1518 iltseruiums.

1936 1548 2062 1602 Post
2094 1550 2206 1605 haec
2238 1553 2329 1605 ubi
2359 1568 2552 1607 omnes
2581 1557 2956 1608 exelainarunt
2984 1573 2996 1608 :
3034 1576 3050 1605 ι
3083 1555 3204 1609 llaec
3232 1557 3502 1625 ipsissillta

1937 1638 2154 1693 Patrum
2207 1642 2338 1696 fides
2386 1655 2505 1711 est,
2552 1647 2955 1713 metropolitani
2999 1648 3047 1700 ei
3103 1663 3222 1699 mox
3262 1650 3503 1703 subscri-

1937 1730 2090 1785 bant.
2151 1732 2272 1786 ll.ec
2334 1733 2465 1789 fides
2525 1739 2894 1806 apostolorum
2936 1749 3065 1793 est:
3123 1739 3253 1792 huic
3313 1752 3506 1792 omnes

1948 1821 2302 1885 assentimur,
2336 1839 2526 1880 onmes
2580 1828 2648 1880 ita
2695 1829 3003 1881 sentimus:
3043 1848 3059 1879 ι
3102 1832 3380 1898 principes
3415 1829 3503 1880 in-

254 1922 635 1990 terloquentes
691 1922 1131 1993 responderunt,
1189 1936 1246 1976 sa
1273 1936 1334 1976 ea
1396 1935 1517 1990 quae
1574 1932 1603 1970 a
1653 1909 1907 1968 Patribus
1945 1913 2272 1981 constituta,
2314 1928 2368 1972 et
2407 1920 2474 1974 ab
2511 1922 2759 1976 omnibus
2805 1923 3158 1992 comprobata
3194 1933 3398 1987 essent,
3435 1925 3502 1977 ad

253 2035 472 2072 sacram
507 2023 848 2090 majestatem
882 2023 1155 2076 relaturos
1185 2034 1327 2075 esse.

328 2108 514 2181 Ἐκτῃ
540 2110 598 2161 δὲ
630 2111 945 2163 συνελεύσει
978 2111 1298 2180 Μαρκιανὸς
1344 2109 1704 2181 παρεγένετο·
1741 2101 1834 2154 καὶ
1871 2101 1909 2152 Β

249 2201 569 2270 δημηγορεῖ
599 2203 793 2269 πρῶτα
828 2205 926 2271 μέν
964 2205 1092 2271 περὶ
1132 2203 1386 2272 ὁμονοίας
1416 2204 1515 2272 τῆς
1552 2198 1831 2270 όρθοδόξου

252 2298 505 2358 πίστεως
543 2298 600 2348 ἐν
629 2299 743 2360 τοῖς
778 2297 1102 2359 ἐπισκόποις
1127 2311 1138 2324 ·
1174 2298 1365 2349 ἔπειτα
1401 2295 1467 2347 δι’
1504 2292 1709 2348 Ἀετίου
1739 2291 1831 2342 τοῦ

252 2390 649 2458 ἀρχιδιακόνου
685 2391 711 2441 6
745 2389 846 2458 τῆς
880 2389 1116 2451 πίστεως
1147 2390 1269 2456 ὅρος
1295 2385 1710 2456 ἀνεγινώσκετο,
1737 2381 1830 2434 τοῦ

255 2483 532 2552 βασιλέως
561 2482 953 2543 κελεύσαντος·
998 2484 1097 2534 καὶ
1139 2481 1342 2541 πάντες
1372 2478 1566 2546 ἐκείνῳ
1595 2477 1831 2543 ὑπέγρα-

255 2593 379 2640 φον.
424 2574 648 2644 Ἦρώτα
687 2574 730 2630 δ’
781 2575 808 2627 6
862 2574 1141 2644 βασιλεὺς,
1179 2575 1227 2624 εἰ
1260 2571 1570 2625 συναινέσει
1615 2569 1833 2621 πάντων

251 2670 280 2720 ὁ
310 2669 438 2738 ὅρος
463 2667 683 2735 ἐγράφη
707 2681 723 2699 ·
753 2667 954 2729 πάντες
976 2667 1031 2719 δὲ
1069 2667 1136 2718 δι’
1161 2662 1449 2734 εὐφημιῶν
1474 2662 1830 2715 ἐϐεϐαίωσαν.

254 2760 372 2813 Καὶ
407 2754 564 2820 αὖθις
591 2757 924 2826 ἐδημηγόρει
949 2760 974 2809 6
1009 2755 1295 2825 βασιλεύς·
1330 2756 1422 2806 καὶ
1452 2753 1651 2813 πάντες
1677 2751 1834 2802 ἐπευ-

254 2854 536 2920 φήμισαν.
571 2851 682 2903 Καὶ
712 2847 1115 2918 προτρέψαντος
1155 2845 1250 2897 τοῦ
1283 2844 1568 2912 βασιλέως,
1611 2840 1834 2901 κανόνες

254 2941 561 3008 ἐτέθησαν·
625 2941 721 2993 καὶ
773 2943 837 3008 τῇ
890 2939 1045 2990 πόλει
1081 2935 1473 3005 Χαλκηδονέων
1509 2930 1836 3002 μητροπολι-

257 3034 392 3086 τικὰ
449 3033 639 3086 δίκαια
699 3031 967 3099 ἐπεδόθη·
1029 3029 1227 3082 ἔπειτα
1279 3027 1498 3080 ἐκέλευε
1557 3023 1833 3094 βασιλεὺς,

253 3129 412 3196 τρεῖς
445 3125 474 3193 ἦ
511 3126 786 3194 τέσσαρας
827 3125 1040 3192 ἡμέρας
1098 3121 1413 3189 περιμεῖναι
1449 3118 1573 3196 τοὺς
1620 3115 1836 3168 ἐπισκό-

253 3195 431 3276 πους·
465 3213 561 3265 καὶ
589 3212 796 3264 τούτων
827 3210 1062 3262 ἕκαστον
1097 3208 1318 3276 κινῆσαι
1358 3206 1489 3273 περὶ⁸
1542 3195 1618 3257 ὧν
1651 3202 1836 3272 βούλε-

255 3321 382 3357 Ιται·
421 3305 517 3356 καὶ
549 3302 610 3356 τὸ
654 3303 804 3365 εἰκὸς
849 3299 1108 3367 γενέσθαι
1152 3299 1243 3350 ἐπὶ
1280 3294 1555 3364 παρουσίᾳ
1599 3293 1704 3345 τῶν
1741 3292 1836 3360 ἀρ-

2008 2099 2063 2151 ln
2098 2115 2357 2156 consessu
2390 2115 2546 2160 sexto
2578 2108 2892 2163 Marcianus
2934 2110 3044 2177 ipse
3081 2110 3258 2174 affuit,
3291 2118 3346 2163 et
3387 2110 3495 2177 pri~

1937 2206 2083 2242 nmm
2123 2209 2218 2258 pro
2253 2196 2521 2251 concione
2561 2200 2624 2250 ad
2659 2201 2945 2267 episcopos
2981 2202 3143 2254 verba
3178 2202 3244 2254 de
3276 2217 3506 2254 concor-

1936 2281 2022 2334 dia
2067 2285 2389 2341 orthodoxae
2431 2297 2485 2340 et
2529 2300 2694 2342 recta:
2744 2290 2866 2343 fidei
2909 2291 3058 2344 fecit.
3111 2290 3315 2344 Deinde
3348 2292 3500 2360 jussu

1935 2374 2052 2440 ejus
2083 2373 2149 2425 ab
2187 2377 2346 2429 Aetio
2387 2378 2775 2432 archidiacono
2815 2379 2940 2431 fidei
2975 2380 3260 2432 decretum
3298 2379 3500 2432 lectqu

1937 2478 2047 2527 est.
2083 2471 2244 2536 eique
2278 2484 2468 2523 omnes
2505 2470 2973 2539 subscripserunt.
3013 2473 3140 2525 Post
3182 2472 3296 2524 lucc
3333 2471 3506 2538 impc-

1940 2568 2109 2619 rator,
2162 2573 2290 2610 num
2329 2559 2393 2612 de
2427 2574 2696 2614 consensu
2744 2562 2990 2614 omnium
3038 2563 3319 2614 decretum
3368 2577 3504 2614 eon-

1936 2651 2199 2716 scriptum
2258 2661 2427 2714 esset,
2482 2663 2874 2722 percunctatus
2921 2665 3043 2707 est:
3091 2664 3254 2722 atque
3309 2655 3358 2705 id
3410 2668 3507 2721 per

1938 2740 2146 2793 faustas
2173 2743 2599 2798 acclamationes
2629 2761 2820 2798 omnes
2850 2746 3269 2798 confirmarunt.
3305 2744 3368 2798 Et
3399 2745 3503 2797 im-

1937 2840 2155 2900 perator
2188 2850 2406 2887 rursum
2442 2837 2744 2888 orationem
2788 2837 2999 2901 habuit,
3031 2852 3259 2904 eamque
3296 2852 3489 2888 omnes

1940 2925 2334 2979 collaudarunt.
2375 2926 2536 2997 655
2581 2928 2693 2980 Sub
2741 2929 2891 2990 hzee,
2946 2931 3270 2997 imperatore
3307 2927 3505 2978 cohor-

1940 3025 2109 3076 tautc.
2160 3033 2396 3072 canones
2447 3020 2691 3088 episcopi
2745 3020 3132 3083 condiderunt,
3174 3029 3228 3072 et
3274 3019 3506 3072 Chalce-

1939 3109 2167 3162 donensi
2225 3110 2436 3163 civitati
2496 3113 2818 3180 metropolis
2867 3114 2986 3181 jura
3037 3123 3163 3165 sunt
3220 3126 3501 3163 concessa.

1940 3201 2239 3270 Imperator
2276 3218 2491 3269 quoque
2523 3204 2811 3272 episcopos
2849 3215 2958 3257 tres
2991 3215 3084 3256 aut
3119 3214 3355 3272 quatuor
3385 3204 3504 3256 dies

1939 3303 2286 3361 exspectare,
2331 3302 2386 3347 et
2419 3294 2718 3360 quemlibet
2755 3310 2943 3347 eorum
2986 3295 3131 3363 quod
3175 3295 3334 3348 vellet
3377 3311 3504 3362 pro-

253 3395 490 3464 χόντων.
553 3394 664 3446 Καὶ
710 3396 741 3462 ἡ
792 3392 1099 3453 συνέλευσις
1155 3389 1295 3457 αὕτη
1326 3386 1688 3455 ἐπεραιοῦτο·
1739 3385 1902 3481 καῖε

1828 3423 1902 3481 .C
1943 3385 2177 3447 ferrc,ut
2204 3387 2254 3439 in
2284 3387 2590 3456 principum
2613 3390 2900 3458 praesentia
2930 3390 3073 3457 quod
3107 3404 3324 3456 :cqnum
3355 3399 3501 3442 esset

255 3489 424 3556 ἐτέρα
463 3487 521 3538 δὲ
550 3487 740 3553 γέγονε
763 3501 777 3515 ·
806 3486 900 3537 καὶ
935 3486 1157 3544 κανόνες
1183 3482 1451 3550 ἐτέθησαν
1482 3482 1681 3550 ἕτεροι.
1721 3481 1832 3534 Καὶ

256 3581 432 3646 ἀλλης
465 3578 829 3637 συνελεύσεως
855 3575 1174 3642 γενομένης,
1201 3572 1560 3625 συνεκάθισαν
1584 3571 1832 3639 Μάξιμος

255 3677 286 3727 6
365 3670 703 3740 Ἀντιοχείας
784 3668 876 3722 καὶ
935 3666 1287 3726 Ίουϐενάλιος
1332 3667 1361 3719 6
1421 3663 1833 3734 Ἱεροσολύμων.

260 3771 374 3822 Καὶ
405 3768 582 3819 ἐδόκει
614 3767 706 3818 τὸν
737 3765 837 3830 μὲν
875 3762 1211 3831 Ἀντιοχείας
1250 3760 1396 3830 ἔχειν
1423 3760 1523 3822 τὰς
1551 3758 1645 3811 δύο
1664 3758 1836 3811 Φοινί-

255 3879 365 3922 κας
405 3861 500 3911 καὶ
558 3858 820 3922 Ἀραϐίαν
865 3854 1180 3923 αὑτὴν,,τδν
1212 3852 1268 3904 δὲ
1318 3851 1706 3921 Ἰεροσολύμων
1739 3851 1837 3912 τας

251 3950 415 4018 τρεῖς
452 3946 842 4006 Παλαιστίνας.
900 3944 1010 3996 Καὶ
1070 3942 1176 3995 ὑπὸ
1217 3941 1326 3994 τῶν
1377 3941 1696 3994 ἐπισκόπων
1742 3943 1838 3994 καὶ

252 4041 370 4092 τῶν
410 4039 696 4110 ἀρχόντων
728 4036 901 4088 ταῦτα
937 4031 1265 4100 ἐϐεϐαιώθη.
1291 4033 1370 4102 Τῇ
1406 4033 1462 4084 δὲ
1493 4034 1689 4102 ἐννὰτῃ
1717 4050 1839 4084 συνο

255 4135 367 4204 όδῳ
398 4135 467 4184 τὰ.
501 4131 644 4184 κατὰ
691 4130 781 4180 τὸν
818 4129 1001 4198 Κύρου
1050 4126 1397 4195 Θεοδώρητον
1449 4125 1705 4194 ἐκινήθη·
1747 4127 1841 4179 καὶ

257 4227 509 4286 ἀναστὶς
552 4221 912 4290 ἀνεθεμάτισε
954 4217 1249 4287 Νεστόριον
1297 4217 1569 4287 εἰρηκώς·
1614 4237 1632 4269 ι
1690 4218 1842 4271 Ἀνά-

259 4319 413 4386 θεμα
471 4314 759 4381 Νεστορίῳ
804 4311 899 4363 καὶ
951 4309 1026 4378 τῷ
1083 4308 1158 4378 μὴ
1183 4308 1394 4375 λέγοντι
1443 4309 1698 4362 Θεοτόκον
1747 4307 1845 4379 τὴν

257 4411 429 4476 ἁγίαν
469 4403 745 4474 παρθένον
771 4400 992 4468 Μαρίαν
1016 4417 1028 4430 ·
1066 4402 1160 4452 καὶ
1192 4398 1269 4467 τῷ
1306 4401 1386 4459 είς
1421 4399 1514 4452 δύο
1550 4400 1712 4462 Υίοὺς
1749 4416 1839 4467 με-

261 4503 474 4572 ρίζοντι
503 4499 593 4550 τὸν
621 4496 717 4547 ἕνα
754 4495 885 4546 Υίὸν
919 4493 1010 4544 τὸν
1046 4491 1335 4560 μονογενῆ.
1381 4490 1524 4559 Ἐγὼ
1554 4491 1610 4543 δὲ
1648 4491 1740 4543 καὶ
1768 4490 1845 4559 τῷ

256 4601 375 4666 ξρῳ
409 4592 729 4662 ὑπέγραψα,
756 4591 852 4642 καὶ
878 4591 943 4658 τῇ
970 4586 1236 4656 ἐπιστολῇ
1261 4586 1491 4648 Λέοντος
1513 4600 1524 4613 ·
1559 4603 1578 4635 ι
1617 4584 1714 4636 καὶ
1740 4585 1845 4636 ἀπὸ

259 4687 636 4746 συναινέσεως
669 4684 892 4736 πάντων
933 4683 1023 4735 τὸν
1067 4683 1269 4734 οἰκεῖον
1300 4680 1681 4748 ἀπολαμϐάνει
1724 4680 1845 4749 θρό-

1936 3473 2344 3539 decerneretur,
2380 3479 2563 3546 jussit.
2619 3479 2681 3532 Et
2728 3480 2803 3532 sic
2851 3497 3144 3534 consessus
3175 3483 3217 3534 is
3263 3483 3498 3535 solutos.

1934 3567 2010 3620 Ad
2046 3566 2210 3619 alium
2245 3577 2430 3635 postea
2459 3585 2775 3622 consessum
2816 3582 3033 3623 ventum
3082 3585 3183 3629 est.
3231 3585 3285 3626 et
3337 3576 3387 3624 in
3436 3591 3501 3626 eo

1936 3672 2174 3711 canones
2219 3659 2308 3713 alii
2358 3669 2486 3713 sunt
2532 3664 2847 3729 compositi.
2903 3664 3109 3717 Deinde
3151 3675 3333 3718 autem
3367 3683 3501 3719 eon-

1938 3760 2097 3803 ventu
2136 3751 2241 3802 alio
2273 3761 2483 3816 coacto,
2523 3769 2626 3804 una
2663 3770 2784 3806 cum
2825 3754 2948 3808 aliis
2993 3755 3258 3809 Maximus
3309 3757 3502 3809 Antio»

1937 3843 2145 3895 ehenus
2191 3851 2247 3896 et
2297 3844 2579 3899 Iuvenalis
2635 3846 3158 3915 Hicrosolymitanus
3216 3850 3496 3902 censedit.

1940 3933 2128 4001 Ibique
2182 3935 2563 3996 constitutum,
2601 3943 2659 3989 ut
2693 3937 3036 3991 Antioi-heno
3069 3939 3304 3991 antistiti
3354 3949 3502 3992 utra-

1941 4040 2046 4093 que
2092 4024 2411 4088 Pbmnicia,
2462 4036 2518 4079 et
2560 4026 2761 4080 Arabia
2803 4027 2949 4094 ipsa;
3005 4025 3504 4097 Hierosolymitano

1943 4125 2125 4168 autem
2160 4125 2270 4170 tres
2309 4115 2609 4170 Palatstinze
2659 4117 2952 4185 provincia:
2996 4129 3274 4187 parerent.
3326 4121 3504 4186 Atque.

1943 4209 2058 4261 hazc
2099 4207 2164 4260 ab
2195 4207 2468 4275 episc0pis
2506 4216 2562 4261 et
2598 4208 2942 4277 principibus
2985 4210 3224 4262 stabilita
3261 4222 3408 4264 sunt.
3449 4212 3504 4263 In

1943 4298 2191 4352 sessione
2223 4313 2363 4351 nona
2391 4297 2458 4352 de
2484 4297 2821 4352 Theodorito
2867 4298 2994 4370 Cyri
3021 4301 3278 4369 episcopo
3300 4311 3506 4362 actum,

1944 4389 2036 4456 qui
2093 4404 2384 4458 assurgens
2435 4390 2780 4443 anathemate
2830 4391 3140 4449 Nestorium
3200 4394 3505 4457 damnavit,

1944 4484 2127 4536 verbis
2174 4482 2364 4537 hisce:
2398 4501 2416 4534 ι
2451 4483 2752 4537 Anathema
2787 4484 2841 4536 in
2886 4484 3225 4547 Nestorium,
3269 4501 3507 4554 eumque

1946 4576 2038 4643 qui
2080 4585 2319 4631 :anctam
2353 4576 2632 4645 Virginem
2662 4576 2882 4630 Mariam
2915 4578 3009 4631 Dei
3041 4577 3366 4631 Genitrii-em
3399 4596 3506 4635 non

1950 4667 2102 4732 dicit,
2133 4679 2186 4722 et
2234 4668 2326 4736 qui
2374 4667 2427 4720 in
2471 4668 2607 4721 duos
2653 4668 2818 4722 Filios
2857 4668 3055 4722 dividit
3103 4686 3270 4722 unum
3311 4671 3504 4723 Filium

257 4795 374 4829 νον.
429 4774 523 4825 Ἐν
558 4771 695 4840 ἄλλῃ
724 4771 779 4822 δὲ
824 4769 1135 4822 συνεῖεύσει
1183 4769 1250 4822 τὰ
1282 4769 1420 4820 κατά
1447 4769 1536 4818 τὸν
1569 4767 1721 4819 Ἰϐαν
1757 4768 1842 4819 τὸν
1875 4769 1918 4825 D

1836 4787 1842 4813 ι
1875 4769 1918 4825 υ
1949 4757 2309 4826 unigenitum.
2355 4759 2465 4828 Ego
2501 4761 2665 4813 etiam
2708 4758 3011 4814 definitioni
3058 4770 3113 4814 et
3157 4760 3358 4814 Lcon's
3391 4763 3509 4828 epi-

259 4868 571 4921 ἐπίσκοπον
633 4862 889 4930 Ἐδέσσης
941 4859 1255 4929 ἐθεωρήθη·
1300 4860 1395 4911 καὶ
1444 4861 1756 4927 ἀνεγνώσθη
1806 4862 1839 4928 ἡ

260 4962 481 5013 ἐκείνου
513 4955 772 5023 ἐπιστολή
794 4972 806 4984 ·
842 4957 975 5024 πρὸς
1004 4955 1070 5025 ἢν
1099 4954 1303 5016 Φώτιος
1326 4953 1627 5017 ἐπίσκοπος
1661 4954 1840 5023 Τύρου

261 5056 512 5115 ἐδίκασε,
545 5053 641 5102 καὶ
682 5047 986 5109 Εὑστάθιος
1023 5047 1324 5108 ἐπίσκοπος
1357 5048 1627 5116 Βηρυτοῦ.
1673 5050 1779 5099 Καὶ
1810 5051 1842 5118 ἡ

265 5147 366 5213 μὲν
397 5146 582 5212 ψῆφος
619 5145 686 5211 τῇ
733 5141 857 5209 ἑξῆς
902 5141 1223 5208 ἐταμιεύθη.
1262 5141 1369 5192 Καὶ
1398 5141 1541 5192 κατά
1569 5141 1667 5210 τὴν
1703 5142 1843 5195 ἐνδε-

260 5241 444 5307 κατην
497 5237 816 5289 συνέλευσιν
866 5234 1132 5287 πλειόνων
1185 5235 1467 5301 παρόντων
1500 5235 1839 5293 ἐπισκόπων.

260 5334 411 5394 τινὲς
449 5332 547 5394 μὲν
580 5329 919 5396 ἐψηφίσαντο
974 5328 1136 5395 μόνον
1181 5326 1330 5394 ίερέα
1361 5321 1536 5378 εἶναι·
1589 5325 1735 5380 ἄλλοι
1788 5329 1844 5377 δὲ

264 5427 360 5478 καὶ
416 5422 707 5475 ἐπίσκοποι
762 5421 1051 5482 ἀντεῖπον,
1109 5417 1392 5484 εἰρηκότες
1443 5418 1568 5478 τοὺς
1636 5418 1844 5470 ἐκείνου

265 5514 618 5584 κατηγόρους
645 5513 748 5575 ἔξω
774 5506 918 5562 εἶναι
943 5526 956 5541 ·
1001 5509 1092 5562 καὶ
1124 5509 1308 5576 ἠξίουν
1339 5508 1534 5570 αὐτοὺς
1563 5508 1808 5560 ἐπελθεῖν
1827 5525 1840 5539 ·

266 5612 363 5662 καὶ
417 5605 738 5672 ἁνεγνώεθη
774 5605 844 5655 τα
889 5603 973 5654 ἐπ’
1014 5599 1162 5667 αὑτῷ
1216 5601 1594 5668 πεπραγμένα.
1651 5601 1769 5651 Τῶν
1801 5601 1845 5651 δ’

266 5702 553 5769 ἀρχόντων
586 5699 850 5748 εἰπόντων
879 5695 943 5746 τὰ
976 5696 1030 5744 ἐν
1079 5693 1288 5759 Ἐφέσῳ
1322 5694 1686 5760 πεπραγμένα
1723 5695 1848 5760 περὶ

273 5791 394 5845 Ἴϐα
415 5787 863 5856 ἀναγνωσθῆναι,
885 5786 1245 5852 ἀπεκρίναντο
1271 5785 1318 5834 οἱ
1345 5785 1654 5836 ἐπίσκοποι.
1677 5785 1756 5835 Τὰ
1787 5787 1844 5835 ἐν

291 5882 506 5949 Ἐςέσῳ
539 5879 597 5932 τὸ
621 5878 874 5948 δεύτερον
898 5874 1257 5945 πεπραγμένα
1288 5873 1461 5942 ἄκυρα
1497 5870 1630 5925 εἶναι
1657 5873 1846 5943 ὲκρῖθη

1952 4851 2073 4903 tola:
2123 4851 2446 4919 subscripsi.
2483 4869 2501 4902 ι
2559 4851 2742 4920 Itaque
2803 4851 2870 4906 de
2933 4867 3204 4907 consensu
3263 4853 3507 4908 omniqu

1951 4941 2135 4994 sedem
2176 4956 2327 4994 suam
2378 4943 2602 5011 recepit.
2653 4943 2892 4995 Rursum
2939 4943 2992 4996 in
3038 4959 3330 5011 congressu
3377 4945 3507 5007 alio,

1954 5035 2071 5096 lbas
2101 5035 2316 5088 hdessa:
2343 5035 2654 5104 cpiscopus,
2687 5042 2745 5087 ut
2775 5034 2843 5088 de
2871 5035 3035 5088 rebus
3063 5035 3182 5103 ejus
3212 5035 3510 5102 dispicere-

1953 5133 2059 5184 tur.
2091 5125 2350 5178 obtinuit.
2387 5124 2552 5178 Lecta
2586 5125 2707 5193 ejus
2747 5133 2831 5178 est
2864 5125 3097 5193 epistola
3120 5165 3134 5188 ,
3172 5141 3334 5194 quam
3365 5127 3511 5180 Pho-

1949 5216 2058 5270 tius
2086 5217 2214 5286 Tyri
2263 5227 2317 5271 et
2343 5217 2665 5271 Eustathius
2709 5218 2888 5286 Beryti
2934 5217 3175 5286 episcOpi
3219 5219 3271 5271 in
3299 5218 3510 5287 judicio

1949 5318 2352 5377 oppugnarunt.
2399 5306 2680 5361 Sententia
2711 5309 2828 5376 ejus
2863 5309 2938 5362 rei
2980 5309 3032 5361 in
3065 5311 3363 5377 proximam
3398 5326 3510 5366 ses-

1950 5402 2159 5457 sionem
2203 5400 2367 5452 dilata
2400 5417 2413 5452 :
2463 5415 2583 5468 qua:
2617 5410 2902 5467 pOSIquam
2945 5401 3232 5467 undecima
3265 5414 3345 5456 est
3382 5418 3511 5470 coa-

1950 5501 2058 5558 cta,
2092 5492 2346 5560 pluribus
2377 5490 2650 5560 episcopis
2685 5492 3067 5559 przesentibus,
3102 5494 3348 5546 nonnulli
3377 5496 3511 5563 qui-

1950 5585 2072 5638 dem
2126 5593 2184 5638 ut
2237 5584 2492 5637 sacerdos
2552 5590 2760 5635 tantum
2812 5593 2960 5636 esset
3004 5593 3358 5640 statuerunt:
3413 5589 3504 5642 alii

1951 5696 2078 5734 vero
2124 5679 2364 5748 episc0pi
2426 5678 2874 5732 contradixerunt
2919 5694 2934 5730 :
2991 5678 3336 5731 adversarios
3387 5682 3509 5748 οἱς-ε

1951 5792 2048 5843 pro
2074 5775 2281 5827 foribus
2322 5790 2464 5837 csse,
2511 5783 2565 5826 et
2595 5786 2652 5828 nt
2696 5775 2901 5841 ingredi
2953 5775 3031 5829 eis
3075 5778 3264 5830 liceret
3300 5786 3505 5843 petere.

1952 5870 2212 5922 uice-.ites.
2243 5867 2368 5933 Quae
2401 5866 2465 5919 de
2493 5882 2558 5920 eo
2589 5877 2706 5919 aeta
2733 5880 2782 5921 et
2808 5870 3024 5923 decreta
3055 5880 3230 5934 erant,
3263 5870 3398 5923 lecta
3429 5869 3504 5920 ibi
