4236 6442
693 380 787 447 “9

1893 390 2312 453 ΝΙΓΕΡΗΟΠῘ
2354 395 2394 454 C
2416 398 2692 459 \Ll.lSTI

3843 406 3940 473 120

690 501 784 555 ltle
812 514 941 554 vero
978 500 1116 554 nihil
1141 500 1285 570 quod
1316 502 1494 556 virum
1524 513 1579 557 et
1607 503 1993 572 imperatorem
2021 507 2262 569 deceret,

2371 509 2512 573 λίδος
2569 511 2809 582 Βηρίνης
2856 512 3105 583 ἀδελφός.
3152 514 3212 569 ’0
3262 516 3317 571 δὲ
3368 484 3549 588 μηδὲν
3578 518 3716 584 ὅλως
3760 522 3941 590 ἀνδρι-

691 593 777 647 sed
824 592 1091 647 illiberale
1120 602 1174 647 et
1205 594 1538 650 submissum
1562 597 1821 666 quiddam
1851 600 2099 668 cogitans
2141 599 2258 667 (de-

685 693 898 752 sperata
941 686 1086 739 enim
1135 700 1362 753 prorsus
1391 688 1637 756 quardam
1666 704 1755 743 res
1780 700 1895 755 est,
1934 690 2258 747 libidinibus

686 777 870 833 dedita
920 778 1206 844 impietas.
1252 780 1627 835 eti’eminatum
1677 781 1810 835 satis
1857 782 2140 851 animum,
2189 798 2258 838 eo

688 872 831 937 quod
885 872 1259 941 voluptatibus
1294 873 1437 928 victa
1484 889 1682 930 manus
1728 876 1841 941 dat,
1889 876 2172 943 indicans)
2203 885 2259 932 et

692 964 903 1019 νοτίοιο
949 966 1133 1018 dolum
1169 977 1483 1034 suspectqu
1526 967 1772 1032 habens,
1825 983 1924 1037 per
1971 969 2256 1024 adversam

658 1064 1067 1125 rlempestateui
1124 1060 1378 1114 celeriter
1442 1062 1496 1113 in
1570 1060 1882 1114 Isaurorum
1955 1060 2255 1129 regionem,

692 1150 986 1204 Ariaduam
1021 1154 1311 1221 coniugem
1341 1168 1465 1221 quae
1492 1167 1521 1209 a
1554 1162 1728 1206 matre
1760 1152 1979 1206 tandem
2018 1152 2259 1221 fugerat,

691 1251 739 1293 et
768 1244 857 1312 qui
900 1254 1163 1312 praeterea
1210 1247 1461 1301 benevoli
1500 1247 1552 1299 ei
1580 1256 1767 1311 erant,
1807 1263 1992 1303 secum
2026 1247 2257 1313 habens,

691 1350 747 1386 se
778 1337 1134 1408 contulit(i).
1182 1338 1355 1393 Porro
1399 1338 1694 1393 Basiliscus
1739 1341 1968 1408 imperio
2000 1350 2256 1409 tauquam

691 1430 863 1498 spolio
917 1431 1154 1501 quodam
1203 1433 1320 1487 sine
1367 1434 1633 1503 sanguine
1679 1444 1934 1499 arrepto,
1974 1433 2260 1503 imperiale

691 1525 793 1577 sibi
849 1524 953 1593 ipsi
1014 1526 1274 1595 imposuit
1327 1524 1612 1587 diadema.
1670 1534 1723 1579 et
1787 1525 2026 1579 Marcum
2085 1524 2256 1579 tilium

691 1637 849 1672 suum
902 1620 1170 1676 Cresarem
1223 1622 1477 1675 creavit:
1521 1622 1931 1691 exercituumque
1982 1624 2258 1693 ingentem

691 1716 756 1766 ad
790 1714 1065 1769 Zenonem
1110 1714 1378 1769 Seleuci:e
1420 1715 1564 1782 apud
1610 1714 1858 1779 Isauros,
1898 1715 1954 1768 in
1984 1730 2089 1785 qua
2122 1716 2261 1770 urbe

693 1810 835 1863 sicut
869 1808 1022 1877 prius
1054 1808 1108 1862 in
1144 1809 1321 1862 lucem
1356 1808 1541 1863 editus
1570 1808 1782 1869 fuerat.
1816 1809 1888 1863 ita
1921 1818 2034 1863 tum
2066 1809 2262 1879 prolu-

694 1917 794 1967 ρης
838 1868 1072 1965 latebat,
1113 1901 1476 1956 obsidendum
1520 1903 1697 1964 misit.
1741 1912 1796 1958 et
1837 1903 2043 1958 bellum
2069 1868 2139 1958 uid
2170 1903 2265 1958 ad-
2295 1868 2335 1922 Β

694 2009 889 2048 Versus
934 1993 1213 2048 Zenonem
1265 1997 1567 2066 gerendum
1621 1994 1718 2049 illo
1765 2004 1821 2049 et
1861 1995 2156 2049 Trocundo
2188 1997 2265 2065 (2i

693 2086 994 2141 rommisit.
1060 2089 1238 2156 Atque
1273 2088 1365 2142 ubi
1401 2103 1489 2141 res
1522 2103 1671 2148 suas,
1702 2088 1863 2141 sicuti
1900 2088 2003 2157 ipsi
2042 2088 2268 2143 videba-

696 2190 807 2240 tur,
855 2180 1029 2248 probe
1085 2182 1414 2233 constitutas
1463 2194 1587 2234 esse
1635 2179 1883 2249 putavit,
1932 2180 2116 2233 minus
2160 2180 2262 2233 sibi

694 2271 910 2340 legibus
937 2272 1241 2340 parendum
1275 2287 1399 2327 esse
1432 2272 1605 2326 duxit.
1640 2274 1715 2326 Ac
1750 2272 1853 2325 nisi
1886 2281 2073 2325 contra
2104 2288 2265 2340 quam

697 2362 831 2427 Leo,
858 2372 915 2416 et
949 2363 1039 2432 qui
1070 2370 1196 2418 ante
1224 2379 1350 2418 eum
1375 2365 1798 2433 imperaverant,
1830 2363 2092 2422 fecerant.
2128 2379 2269 2417 rem-

699 2455 979 2523 publicam
1026 2453 1460 2515 administraret,
1489 2468 1557 2507 ne
1594 2452 1972 2522 imperandum
2009 2451 2112 2506 sibi
2142 2451 2269 2521 qui-

696 2550 821 2603 dem
857 2548 1215 2601 existimavit.
1250 2548 1327 2600 Ad
1358 2561 1478 2599 eam
1512 2562 1626 2601 rem
1660 2556 1840 2600 autem
1868 2561 1995 2601 eum
2036 2546 2269 2601 maxime

697 2642 896 2707 eonjux
948 2640 1171 2693 nomine
1219 2637 1495 2703 Zenonis,
1544 2654 1707 2707 quam
1758 2639 1923 2692 etiam
1970 2638 2268 2709 Augustam

697 2731 857 2793 dixit,
896 2730 1161 2785 incitavit.
1194 2729 1330 2783 Cum
1366 2745 1472 2798 qua
1514 2730 1780 2784 adversus
1814 2729 1939 2783 ﬁdei
1970 2728 2273 2799 professio-

698 2838 823 2878 nem
869 2823 1071 2877 bellum
1120 2822 1308 2891 cmpit.
1360 2823 1436 2875 Ae
1483 2822 1723 2891 primum
1763 2821 1986 2892 quidem
2023 2820 2090 2875 ad
2136 2835 2274 2889 quo-

700 2919 950 2971 rumdam
1010 2916 1514 2970 Alexandrinorum
1578 2916 1887 2984 legatorum
1950 2914 2269 2984 petitiones,

698 3009 1052 3063 Timotheum
1096 3006 1351 3062 .Elurum
1392 3006 1461 3061 ab
1504 3007 1734 3070 exsilio,
1775 3007 1829 3060 in
1859 3021 1968 3076 quo
1998 3007 2186 3062 decem
2217 3014 2274 3061 et

632 3110 635 3115 ‘
699 3109 825 3153 octo
852 3113 1026 3151 annos
1052 3098 1286 3156 vixerat.
1312 3098 1630 3152 revocavit:
1662 3114 1786 3152 cum
1812 3096 2046 3153 Aeacius
2070 3097 2272 3166 orpha-

2370 603 2463 651 κόν
2494 619 2546 653 τι
2589 603 2682 655 καὶ
2706 601 2990 669 βασιλικὸν
3042 606 3327 676 ἐννοήσας.
3360 610 3583 679 ἀγεννὲς
3625 612 3670 664 δ’
3705 606 3817 667 οἷον
3847 615 3943 669 καὶ

2369 693 2663 761 ὑφειμένον
2727 694 2975 764 (δύσελπι
3006 696 3114 767 γάρ
3140 716 3193 751 τι
3236 702 3472 770 πρᾶγμα
3508 704 3630 765 ταῖς
3653 702 3940 774 ἀληθείαις

2351 784 2393 852 ’ἡ
2430 786 2799 855 ἀνοσιουργία,
2828 790 2891 841 ἐκ
2920 788 3022 859 τῆς
3080 794 3211 864 περὶ
3244 792 3341 856 τὰς
3371 794 3565 862 ἡδονὰς
3593 783 3764 873 {ysqu
3811 814 3940 850 τεκ-

2367 877 2644 946 μηριοῦσα
2673 878 2731 932 τὸ
2776 881 3084 952 ἄνανδρον),
3125 882 3217 936 καὶ
3257 883 3349 937 τὸν
3379 885 3478 956 τῆς
3511 886 3746 957 Βηρίνης
3787 887 3940 941 δόλον

2366 973 2745 1042 ὑποτοπήσας,
2787 976 3175 1045 προτροπάδην
3220 976 3437 1047 φεύγων
3471 977 3575 1035 ὑπὸ
3609 979 3791 1048 ποτλῷ
3823 997 3939 1049 χει-

2368 1062 2527 1131 μῶνι,
2556 1064 2657 1116 άνά
2694 1064 2794 1135 τὴν
2827 1065 3089 1136 Ἰσαύρων
3118 1067 3317 1135 ἤλαυνε
3352 1066 3559 1140 χώραν,
3589 1068 3729 1139 ἔχων
3754 1069 3942 1137 Ἀριά-

2362 1155 2491 1223 δνην
2526 1155 2767 1225 ὕστερον,
2814 1157 3091 1226 φυγοῦσαν
3112 1159 3210 1231 τὴν
3244 1162 3479 1231 μητέρα,
3512 1162 3606 1215 καλ⁹
3635 1161 3688 1215 εῖ
3713 1180 3765 1215 τι
3810 1161 3941 1216 ἄλλο

2363 1245 2553 1299 εὔνουν
2615 1249 2762 1319 αὐτῷ
2811 1246 2902 1313 ἦν.
2958 1249 3280 1316 Βασιλίσκος
3338 1251 3384 1304 δ’
3442 1251 3632 1322 ὥσπερ
3692 1252 3939 1323 λάφυρον

2363 1340 2636 1408 ἀναιμωτὶ
2686 1341 2788 1409 τὴν
2832 1340 3112 1409 βασιλείαν
3167 1343 3522 1414 παραλαϐὼν,
3553 1344 3776 1413 πρῶτον
3834 1344 3937 1413 μὲν

2363 1431 2711 1501 περιτίθησιν
2736 1433 2917 1504 ἑαυτῷ
2948 1434 3010 1489 τὸ
3056 1435 3333 1507 διάδημαο
3371 1438 3627 1507 Καίσαρα
3667 1437 3712 1490 δ’
3746 1437 3940 1490 ἔπειτα

2362 1524 2456 1575 καὶ
2502 1525 2594 1576 τὸν
2646 1525 2779 1577 ῐδιον
2818 1525 2936 1579 υίὸν
2984 1528 3286 1599 καθίστησι
3335 1530 3589 1599 Μάρκον.
3624 1530 3863 1601 Στρατδν
3895 1530 3940 1581 δ’

2364 1616 2661 1688 ἀξιόμαχον
2715 1618 3089 1689 εὐτρεπίσας,
3154 1623 3233 1686 είς
3299 1621 3621 1694 πολιορκίαν
3693 1624 3942 1693 Ζήνωνος

2364 1709 2615 1776 ἔπεμπεν
2659 1710 2763 1762 ἀνά
2808 1710 2907 1778 τὴν
2932 1710 3209 1781 ’Ῑσαυρίας
3242 1712 3601 1766 Σελεύκειαν·
3637 1714 3759 1784 ἥτις
3808 1715 3947 1784 πρό-

2363 1820 2521 1872 τερον
2550 1804 2633 1867 είς
2667 1804 2782 1873 φῶς
2807 1803 3091 1872 ἀγαγοῦσα
3137 1806 3349 1875 τοῦτον,
3384 1807 3476 1860 καὶ
3533 1808 3746 1876 φυγάδα
3779 1808 3947 1860 κατέ-

2366 1913 2612 1965 κρυπτεν
2635 1937 2649 1961 ,
2688 1897 2848 1966 Ἰλλῳ
2880 1898 2974 1950 καὶ
3019 1898 3345 1970 Τροκούνδῳ
3375 1901 3475 1969 τὴν
3507 1902 3648 1953 κατὰ
3695 1902 3945 1969 Ζήνωνος

2368 1991 2549 2060 μάχην
2595 1990 2916 2061 ἐπιτρέψας.
2949 1992 3106 2045 Ἐπεὶ
3161 1992 3219 2045 δὲ
3267 1995 3339 2049 τά
3383 1992 3507 2047 καθ’
3540 1994 3737 2046 ἑαυτὸν
3790 1994 3865 2057 ὥς
3896 1993 3948 2061 γ’

2367 2081 2560 2152 ἐκείνῳ
2592 2082 2751 2148 δόξαν
2788 2081 2972 2146 καλῶς
3022 2086 3418 2150 κατεστήσατο,
3472 2086 3532 2138 οὐ
3568 2088 3682 2149 τοῖς
3735 2102 3953 2155 νενομι-

2369 2176 2590 2243 σμένοις
2613 2175 2871 2245 ἐμμένειν
2892 2176 3113 2247 ᾑρεῖτο⁸
3141 2176 3255 2229 ἀλλ’
3283 2179 3330 2230 εί
3362 2177 3437 2248 μὴ
3460 2177 3554 2230 ἀπ’
3585 2176 3835 2239 ἐναντίας
3862 2176 3945 2252 τῷ

2367 2284 2427 2319 τε
2458 2268 2667 2338 Ζήνωνι
2701 2260 2943 2331 καὶτοῖς
2977 2268 3084 2339 πρὸ
3140 2269 3306 2321 αὐτοῦ
3346 2269 3710 2339 βασιλεύσασι
3763 2269 3949 2337 διαγέ·

2370 2378 2536 2421 νοιτο.
2588 2361 2725 2432 μηδὲ
2772 2360 3086 2430 βασιλεύειν
3136 2362 3273 2437 ᾤετο
3326 2364 3460 2418 δεῖν.
3525 2363 3845 2434 ’Δνηρέθιζε
3893 2363 3952 2417 δὲ

2371 2453 2506 2523 πρὸς
2536 2454 2602 2506 τὰ
2632 2452 2856 2507 τοιαῦτα
2888 2454 3125 2523 μάλιστα
3156 2456 3188 2524 ἡ
3215 2456 3430 2525 γαμετὴ
3478 2456 3754 2527 Ζηνωνὶς,
3786 2458 3853 2526 ἢν
3885 2456 3953 2527 δὴ

2367 2548 2467 2599 καὶ
2500 2546 2818 2614 Αὐγούσταν
2860 2547 3076 2601 ἀνεῖπε.
3116 2549 3228 2601 Καὶ
3273 2550 3337 2619 δὴ
3388 2549 3557 2620 ἄμφω
3602 2550 3950 2620 συνθέμενοι,

2370 2635 2513 2687 ’κατά
2552 2637 2648 2703 τῆς
2677 2635 2918 2699 πίστεως
2978 2637 3414 2708 παρετάσσοντο.
3469 2640 3581 2692 Καὶ
3614 2639 3811 2710 πρῶτα
3850 2639 3952 2708 μὲν

2371 2726 2435 2778 ἑκ
2477 2726 2775 2794 πρεσϐείας
2829 2725 2994 2794 δῆθεν
3027 2728 3184 2779 ἐνίων
3235 2729 3342 2781 τῶν
3371 2731 3472 2797 τῆς
3504 2729 3862 2800 Ἀλεξάνδρου
3890 2729 3954 2779 ἐκ

2372 2819 2469 2888 τῆς
2504 2819 2804 2889 ὑπερορίας
2852 2819 3047 2885 ἀνάγει
3096 2818 3365 2889 Τιμόθεον
3416 2821 3507 2873 τὸν
3539 2820 3801 2890 Αἴλουρον
3855 2821 3955 2889 ὅγ-

2372 2912 2490 2964 δοον
2526 2910 2622 2965 καὶ
2658 2910 2881 2963 δέκατον
2933 2909 3055 2973 ἔτος
3089 2910 3270 2981 ἐκείνῃ
3331 2911 3742 2981 διαγενόμενον,
3791 2909 3957 2964 ’Δκα-

2373 3007 2492 3057 κίου
2525 3003 2619 3057 τοῦ
2648 3003 3060 3073 όρφανοτρὸφου
3114 3002 3422 3073 τηνικαῦτα
3472 3002 3611 3073 μετά
3638 3004 3730 3056 τὸν
3783 3004 3954 3056 πολὺν

2373 3096 2654 3149 Γεννάδιον
2680 3097 2778 3165 τῆς
2807 3095 3223 3149 Κωνσταντίνου
3248 3096 3552 3166 ἐπισκοπὴν
3577 3094 3952 3166 πρυτανεύον-

700 3192 1009 3260 uotrophus
1054 3200 1110 3244 et
1162 3191 1497 3260 pupillorum
1549 3198 1807 3255 curator,
1852 3199 1975 3259 post
2020 3205 2271 3260 magnum

2378 3206 2469 3250 τος
2490 3208 2504 3222 ο
2536 3188 2591 3250 ὃς
2617 3189 2753 3257 δῆτα
2781 3187 2878 3259 τὴν
2917 3188 3183 3258 βασιλέως
3204 3188 3363 3240 πόλιν
3384 3187 3757 3256 κατειληφὼς,
3795 3188 3954 3243 σοϐα-

700 3283 1042 3338 Geunadium
1066 3282 1695 3350 Constantinopolitana:
1714 3281 1971 3335 Ecclesia:
1994 3288 2273 3349 praeesset.

700 3376 931 3433 Elurus
995 3376 1047 3429 in
1105 3376 1296 3427 urbem
1347 3374 1689 3443 imperialem
1744 3374 1931 3433 venit.
1984 3383 2151 3443 atque
2201 3374 2278 3427 ibi

702 3466 986 3524 cohortem
1034 3468 1317 3522 hominum
1365 3466 1761 3520 dissolutorum
1803 3481 1988 3520 secum
2031 3467 2277 3528 trahens.

701 3562 989 3631 magniﬁce
1025 3561 1335 3630 processit:
1375 3568 1541 3628 atque
1576 3558 1733 3612 asino
1773 3559 2039 3623 insidens,
2082 3574 2148 3613 ex
2181 3560 2282 3612 im-

701 3651 893 3719 periali
930 3650 1131 3717 palatio
1175 3648 1437 3717 templum
1470 3648 1934 3717 supplicationum
1970 3651 2143 3719 gratia
2180 3666 2276 3718 pe-

702 3743 814 3796 tiit.
840 3741 1111 3817 Caeterum
1142 3755 1265 3793 cum
1296 3740 1606 3803 iumentum
1644 3738 1697 3792 id
1729 3754 1859 3793 casu
1884 3740 2117 3806 quodam
2150 3756 2281 3809 pro-

706 3826 958 3889 cidisset;
988 3830 1106 3898 ipse
1140 3829 1277 3896 pede
1308 3826 1507 3886 fracto.
1540 3840 1665 3879 cum
1695 3826 1996 3896 iguOmiuia
2032 3825 2161 3880 inde
2196 3836 2282 3880 est

708 3923 1013 3991 profectus.
1069 3920 1295 3973 Petrum
1343 3932 1564 3987 quoque
1611 3918 1932 3986 Cnapheum
1982 3917 2279 3977 Basiliscus

698 4030 773 4067 ex
799 4013 1148 4068 lusomuium
1208 4009 1589 4077 monasterio,
1622 4010 1737 4064 ‘ubi
1790 4010 2011 4065 abditus
2057 4012 2279 4077 latebat,

711 4105 955 4159 accivit:
998 4113 1055 4157 et
1096 4102 1296 4158 IEluro
1340 4102 1563 4170 quidem
1612 4101 2079 4164 Alexandrinum,
2136 4102 2279 4155 Coa-

710 4200 854 4265 plieo
888 4207 1070 4251 autem
1104 4197 1511 4250 Autiocheuum
1546 4209 1767 4249 rursum
1802 4194 2088 4257 thronum,
2119 4193 2285 4267 66‘.

714 4288 1003 4342 Timotheo
1025 4287 1119 4357 qui
1144 4287 1397 4342 Proterio
1444 4294 1808 4350 successerat,
1830 4295 1887 4339 et
1909 4300 2067 4339 sacro
2090 4285 2287 4340 Calan-

718 4385 884 4438 dioue
909 4382 1105 4452 pulsis,
1130 4382 1423 4435 concessit.
1456 4380 1546 4434 Isti
1573 4378 1983 4448 quamprimum
2009 4382 2166 4433 sedes
2191 4394 2286 4439 eas

715 4487 1077 4540 receperunt,
1097 4474 1265 4528 armis
1292 4485 1514 4528 strenue
1546 4472 2078 4541 sumptis,quartam
2111 4487 2280 4543 syno—

2384 3283 2490 3352 ρῶς
2520 3280 2734 3351 προῄει,
2770 3282 2958 3347 στῖφος
2984 3280 3241 3334 ἀτάκτων
3291 3283 3421 3352 περὶ
3454 3282 3618 3334 αὐτὸν
3650 3278 3912 3351 ἁθροίσας
3937 3296 3954 3312 ο

2382 3375 2473 3426 καὶ
2505 3374 2612 3439 δνῳ
2645 3374 2960 3445 ὲποχηθεὶς,
2990 3372 3286 3427 λιτανεύων
3310 3375 3405 3427 ἐπὶ
3434 3376 3535 3445 τὴν
3558 3374 3858 3445 ἐκκλησίαν
3894 3374 3954 3439 ἐξ

2379 3466 2694 3533 ἀνακτόρων
2743 3465 2853 3535 ᾔει.
2897 3465 3088 3517 Πεσὼν
3138 3466 3191 3517 δὲ
3231 3467 3293 3520 ἐκ
3330 3484 3473 3530 τινος
3530 3467 3841 3535 συμϐάντος
3872 3466 3953 3537 τῷ

2379 3559 2509 3624 ὄνῳ,
2548 3557 2779 3610 συνέθλα
2807 3560 2899 3611 τὸν
2934 3560 3091 3625 πόδα,
3122 3561 3217 3613 καὶ
3249 3560 3502 3629 ἔμπλεως
3538 3560 3801 3629 αἰσχύνης
3832 3560 3957 3613 ἀνι-

2384 3667 2600 3717 στρεφε.
2659 3650 2803 3718 Πρὸς
2852 3650 3025 3715 τούτῳ
3060 3654 3152 3706 καὶ
3212 3652 3301 3703 τὸν
3360 3653 3593 3719 Κναφέα
3648 3652 3853 3722 ιιέτρον
3887 3653 3955 3706 ἐκ

2382 3743 2479 3809 τῆς
2527 3744 2634 3794 τῶν
2682 3742 3023 3811 Ἀκοιμήτων
3072 3743 3237 3812 μονῆς
3290 3744 3711 3813 μεταστέλλεται
3768 3747 3954 3799 ἐκεῖσε

2386 3853 2487 3887 που
2542 3836 2941 3905 κρυπτόμενον.
3001 3836 3110 3888 Καὶ
3161 3835 3235 3904 τῷ
3282 3835 3385 3904 μὲν
3434 3836 3685 3906 Αίλούρῳ
3720 3835 3812 3889 τὸν
3857 3836 3957 3904 τῆς

2396 3928 2765 3997 Ἀλεξάνδρου,
2797 3928 2874 3997 τῷ
2918 3929 3131 3995 Κναφεῖ
3154 3929 3210 3981 δὲ
3242 3928 3331 3982 τὸν
3361 3930 3461 3998 τῆς
3498 3930 3771 3999 Ἀντιόχου
3798 3928 3955 3992 αὖθις

2386 4020 2574 4087 θρόνον
2615 4020 2903 4088 διένειμεν,
2966 4018 3226 4083 ἐξελάσας
3276 4022 3492 4073 ἐκεῖθεν
3543 4021 3813 4090 Τιμόθεον
3863 4021 3956 4073 τὸν

2388 4111 2526 4179 μετὰ
2568 4111 2885 4181 Προτὲριον,
2920 4092 3017 4163 καῖ
3045 4110 3135 4162 τὸν
3170 4112 3315 4179 ίερδιν
3362 4111 3757 4165 Καλανδίωνα’
3790 4112 3839 4165 οῖ
3870 4114 3960 4165 εύο

2386 4199 2484 4262 θὺς
2511 4198 2626 4269 ἅμα
2655 4198 2735 4268 τῷ
2778 4200 2903 4262 τοὺς
2936 4198 3162 4270 θρόνους
3194 4203 3512 4270 κατασχεῖν,
3553 4200 3651 4271 τὴν
3688 4202 3957 4271 τετάρτην

2390 4292 2606 4345 σύνοδον
2630 4292 2901 4358 ὑπέδαλον
2929 4280 3254 4359 ἀναθεματι,
3286 4294 3551 4360 γενναίως
3612 4293 3760 4363 μάλα
3793 4294 3949 4346 καθο-

2387 4385 2725 4453 πλιζόμενοι.
2764 4383 2988 4447 Πολλοῖς
3012 4383 3069 4436 δὲ
3104 4384 3202 4436 καὶ
3227 4384 3411 4449 ἄλλοις
3449 4385 3760 4456 παρρησίας
3791 4385 3962 4438 Bact-

2385 4478 2572 4539 λίσκος
2607 4477 2900 4546 μετεδίδου,
2929 4475 3020 4539 οὓς
3052 4475 3115 4546 δὴ
3142 4477 3298 4548 γνοίη
3322 4480 3443 4540 ταῖς
3473 4478 3963 4549 ἐκκλησιαστικαῖς

715 4575 847 4625 dum
877 4569 1211 4624 anathemati
1247 4568 1621 4637 suhjecerunt.
1654 4565 1839 4619 Multis
1866 4574 2128 4633 pra‘terea
2157 4566 2281 4619 aliis

2351 4563 2362 4606 ⁵
2408 4569 2793 4640 ἀντιφέρεσθαι
2844 4571 3024 4634 δόξαις
3072 4572 3437 4640 ἀποχρώντως
3482 4570 3649 4641 ἔχειν.
3684 4571 3855 4641 Πρινὴ
3910 4571 3967 4628 δὲ

714 4664 1009 4718 Basiliscus
1037 4662 1312 4716 licentiam
1347 4659 1572 4711 multam
1610 4657 1878 4726 permisit,
1918 4673 2281 4726 quoscunque

713 4753 1110 4812 ecclesiasticis
1160 4752 1522 4821 opinionibus
1578 4750 1860 4805 adversari
1920 4751 2058 4804 satis
2117 4766 2281 4819 posse

718 4851 902 4904 sciret.
939 4848 1097 4901 Prius
1136 4857 1320 4901 autem
1351 4861 1513 4915 quam
1556 4846 1787 4899 thronos
1819 4859 1950 4899 suos
1978 4843 2205 4898 IElurus
2227 4852 2284 4897 et

720 4940 1010 5009 Cnapheus
1042 4939 1388 5006 reciperent,
1427 4951 1553 4996 cum
1588 4935 1771 4996 adhuc
1802 4934 2283 5004 Constantinopoli

717 5042 937 5094 essent,
990 5030 1257 5084 Basilisco
1299 5036 1721 5097 persuaserunt,
1767 5035 1827 5081 ut
1876 5027 1943 5091 ad
1994 5026 2286 5096 episcopos

724 5126 1008 5179 universos
1036 5122 1338 5177 circulares
1378 5122 1533 5175 daret
1565 5120 1784 5173 litteras
1806 5156 1820 5183 ,
1856 5119 2060 5187 quibus
2090 5117 2282 5189 conci—

723 5220 855 5273 lium
893 5214 1373 5276 Chalcedonense,
1401 5221 1457 5267 et
1489 5212 1687 5266 Leonis
1718 5210 1991 5273 libellum,
2028 5225 2126 5279 per
2158 5226 2287 5264 ana-

726 5312 907 5364 thema
948 5309 1255 5364 damnaret.
1307 5305 1411 5372 Qui
1461 5304 1569 5360 illis
1615 5302 1774 5360 facile
1824 5304 2165 5372 obsequens,
2211 5301 2285 5356 ita

723 5403 941 5472 scripsit
964 5419 978 5455 :

797 5518 874 5586 (Ι)
904 5516 1052 5569 Zeno
1080 5517 1400 5584 imperator,
1418 5515 1530 5569 suis
1557 5514 1739 5573 victis.
1765 5513 1816 5566 in
1843 5511 2123 5565 castellum
2142 5510 2284 5586 quod

718 5582 1257 5653 Constantinopolim
1313 5586 1510 5637 accola:
1535 5586 1840 5639 nominaut.
1879 5598 2006 5633 casu
2051 5582 2285 5647 quodam

723 5655 989 5725 profugit.
1015 5655 1202 5720 Itaque
1234 5656 1298 5708 ad
1331 5655 1466 5716 fuga:
1496 5671 1525 5707 c
1550 5656 1726 5707 anites
1746 5666 1870 5705 cum
1908 5655 2016 5703 alto
2039 5655 2246 5725 gemitu
2273 5668 2285 5703 :

722 5723 1062 5784 Ludibrium,
1132 5726 1330 5788 inquit,
1365 5725 1457 5776 hei
1492 5740 1703 5792 prorsus
1743 5731 1816 5775 est
1869 5727 2039 5792 homo,
2069 5723 2157 5787 qui
2209 5736 2290 5772 me

724 5796 1023 5862 quoquesic
1053 5793 1311 5861 ludiﬁcat.
1357 5790 1511 5845 Vates
1556 5795 1763 5860 quidem
1815 5790 2061 5849 consulti,
2116 5806 2289 5862 mense

726 5869 820 5933 hoc
844 5860 1005 5927 Iulio
1030 5881 1093 5919 ex
1134 5860 1435 5931 necessitate
1456 5866 1684 5920 quadam
1734 5878 1812 5913 me
1836 5860 2292 5940 Constantinopoli

2391 4664 2518 4725 τοὺς
2565 4661 2799 4724 οἰκείους
2847 4660 3073 4729 θρόνους
3125 4660 3424 4713 ἀπολαϐεῖν
3459 4662 3551 4713 τόν
3581 4678 3639 4714 τε
3696 4661 3965 4730 Τιμόθεον

2395 4755 2682 4825 Λῐλουρον,
2717 4754 2811 4807 καὶ
2852 4754 3059 4823 Πέτρον
3109 4752 3200 4809 τὸν
3252 4753 3500 4823 Κναφὲα,
3551 4754 3632 4807 ἔτι
3686 4754 3753 4823 τῇ
3805 4752 3965 4804 κων·

2399 4849 2679 4902 σταντὶνου
2725 4845 3174 4916 ἐνδιατρίϐοντες,
3203 4844 3418 4898 ἔπειθον
3455 4845 3781 4897 Βασιλίσκον
3826 4846 3968 4914 πρὸς

2395 4943 2518 5003 τοὺς
2550 4938 2854 5008 ἑκασταχοῦ
2898 4939 3083 5007 ἱερέας
3113 4937 3426 5002 ὲγκυκλίοις
3478 4935 3789 5006 χρήσασθαι
3838 4937 3966 4986 συὶ-

2397 5033 2607 5094 λα6.ῖς,
2642 5030 2771 5083 ὥστ’
2801 5031 3103 5097 ἁναθέματι
3132 5028 3231 5098 τὴν
3283 5030 3339 5081 ἐν
3373 5028 3683 5095 Χαλκηδόνι
3724 5025 3963 5090 σύνοδον,

2398 5127 2492 5177 καὶ
2544 5124 2634 5176 τὸν
2680 5123 2845 5191 τόμον
2880 5123 3106 5184 Λέοντος
3163 5122 3496 5193 περιϐαλεῖν.
3537 5121 3597 5174 Ὀ
3648 5120 3703 5173 δὲ
3764 5119 3968 5190 ῥᾳδίως

2402 5215 2661 5285 πεισθεὶς,
2695 5215 2898 5281 ἔγραφε
2932 5213 3105 5265 τοιάδε
3135 5229 3150 5245 ο

2400 5522 2507 5560 esse
2557 5514 2817 5572 oportere,
2850 5504 3271 5571 responderunt:
3322 5514 3370 5557 et
3404 5518 3497 5572 ego
3556 5517 3636 5554 me
3684 5502 3739 5554 in
3784 5503 3969 5557 urbem

2402 5575 3052 5643 Constantinopoiitanam
3109 5583 3385 5628 uenturum
3426 5588 3534 5625 esse
3565 5574 3763 5639 putavi.
3807 5572 3967 5626 Num:

2400 5664 2518 5700 mro
2558 5647 2758 5714 fugiens
2796 5655 2843 5697 et
2881 5649 3118 5697 desertus
3156 5647 3220 5697 ab
3247 5644 3510 5702 omnibus,
3544 5644 3805 5695 tumulum
3829 5645 3971 5697 hunc

2404 5732 2559 5838 nusflr
2620 5727 2789 5777 teneo,
2858 5714 3076 5767 castello
3136 5716 3278 5767 urbis
3364 5716 3671 5782 cognomine
3733 5726 3941 5784 reperto

2404 5788 2497 5838 Sui
2554 5827 2563 5837 .

2404 5788 2563 5839 Suid.

2475 5858 2551 5924 (‘2)
2586 5855 2743 5923 Forte
2765 5854 3052 5923 legendum
3086 5851 3320 5907 Leontio.
3350 5853 3491 5910 Infra
3518 5872 3637 5922 cap,
3670 5857 3752 5911 15.
