4236 6442
246 414 336 477 121
1142 417 1749 481 ECCLESIASTICJE
1793 423 2180 486 HISTORIE
2223 429 2366 492 LIB.
2405 431 2560 495 XVI.

851 531 1105 592 ΚΕΦΛΛ,
1156 532 1233 587 I".

246 644 323 696 Τὰ
357 645 510 722 κατὰ
545 643 654 722 τῆς
683 645 858 722 ἁγία-ς
896 646 1187 722 τετάρτης
1213 647 1504 722 (ζὐινιόδου⁸
1528 649 1828 722 τραφέντα

313 717 396 789 td:
423 717 782 789 Βασιλισκῳ
810 718 1106 789 ἐγκύκλια
1137 717 1449 789 γράμματα
1481 719 1550 782 ἐξ
1597 721 1829 788 ἐπιτρο-

310 784 436 852 πῆς
479 788 757 854 Τιμοθέου
787 788 884 840 καὶ
925 784 1171 856 Πέτρους

314 920 333 952 ε
375 903 749 974 Αὐτοκράτωρ
797 907 1013 974 Καῖσαρ
1056 907 1407 972 Βασιλίσκος,
1462 908 1712 976 εὐσεϐὴς,
1749 927 1828 962 vt-

241 995 438 1064 κητὴς.
465 996 857 1065 τροπαιοῦχος,
891 997 1172 1065 μέγιστος,
1205 1001 1585 1064 ἁεισόϐαστος,
1614 1001 1826 1067 Αὔγου-

243 1110 387 1154 στος,
410 1094 508 1145 καὶ
527 1093 756 1162 Μάρκος
782 1098 811 1148 ό
837 1095 1273 1163 ἐπιφανέστατος
1301 1097 1543 1166 Καῖσαρ,
1577 1095 1828 1166 Τιμοθέῳ

240 1185 316 1256 τῷ
373 1187 761 1256 εύλαϐεστὰτῳ
807 1188 902 1240 καὶ
958 1187 1362 1257 θεοφιλεστάτῳ
1408 1187 1829 1258 ἁρχιεπισκόπῳ

238 1283 334 1348 τῆς
379 1281 782 1348 Ἀλεξανδρέων
850 1281 1292 1350 μεγαλοπόλεως,
1357 1283 1451 1334 καὶ
1515 1283 1650 1335 πᾶσι
1713 1281 1828 1342 τοϊς

238 1377 380 1427 κατὰ
411 1377 512 1444 τὴν
543 1374 618 1428 ἔω
668 1377 766 1428 καὶ
812 1376 1059 1444 ἑσπέραν
1100 1375 1307 1444 ἱερεῦσι
1352 1375 1520 1429 Θεοῦ.
1559 1377 1828 1438 Ὀπόσους

241 1471 338 1538 μὲν
367 1469 512 1538 ὑπὲρ
544 1469 647 1536 τῆς
687 1468 860 1538 ὀρθῆς
890 1469 984 1522 καὶ
1023 1469 1395 1536 ἀποστολικῆς
1425 1470 1666 1532 πίστεως
1704 1467 1826 1520 t0!-

241 1582 449 1618 σπισαν
480 1564 683 1631 νόμους
719 1565 768 1616 ot
811 1563 920 1631 πρὸ
945 1564 1107 1632 ἡμῶν
1137 1563 1519 1615 εὑσεϐἐστατοι
1564 1561 1823 1629 βασιλεῖς,

235 1659 353 1711 ὅσοι
393 1658 496 1727 τὴν
531 1656 816 1726 μακαρίαν
844 1657 942 1709 καὶ
971 1658 1167 1727 ἀγήρω
1199 1658 1296 1710 καὶ
1332 1655 1598 1721 ζωοποιδν
1620 1656 1828 1726 Τριὰδα

237 1748 650 1818 θεραπεύοντες
703 1747 884 1817 ὀρθῶς
933 1748 1271 1811 διετέλεσαν,
1334 1749 1558 1811 τούτους
1615 1748 1690 1806 ὡς
1749 1747 1827 1817 τῷ

236 1842 403 1896 παντὶ
440 1843 634 1910 κόσμῳ
668 1841 978 1911 σωτηρίους
1009 1842 1096 1894 ἁεί
1131 1858 1262 1894 ποτε
1285 1842 1612 1909 γεγονότας,
1633 1841 1824 1894 οὐδένα

233 1935 433 2003 χρόνον
482 1935 676 2004 ἀργεῖν
737 1933 1030 2002 ἐθέλομεν·
1095 1933 1300 2004 μᾶλλον
1357 1933 1416 1986 δὲ
1464 1933 1540 1996 ὡς
1593 1934 1824 1996 οἰκείους

231 2029 448 2083 ἑαυτῶν
506 2028 868 2097 ἐκφωνοῦμεν
913 2029 1136 2097 νόμους.
1185 2026 1376 2096 Ἡμεῖς
1404 2027 1461 2080 δὲ
1512 2027 1694 2096 πάσης
1722 2027 1823 2088 ἐἰς

233 2120 363 2188 περὶ
420 2118 492 2172 τὰ
545 2117 870 2188 ἀνθρώπινα
903 2119 1208 2188 πράγματα
1238 2117 1483 2184 σπουδῆς
1524 2118 1624 2186 τὴν
1669 2117 1824 2169 εὐσέ-

229 2211 389 2264 ϐειαν
443 2212 891 2280 προτιμήσαντες
932 2212 1030 2263 καὶ
1083 2209 1176 2263 τὸν
1222 2211 1364 2281 ὑπὲρ
1403 2207 1501 2262 τοῦ
1547 2209 1684 2262 Θεοῦ
1729 2209 1825 2262 καὶ

232 2305 491 2374 Σωτῆρος
524 2303 684 2373 ἡμῶν
732 2303 910 2372 Ἰησοῦ
942 2302 1186 2372 Χριστοῦ
1218 2303 1402 2371 ζῆλον,
1453 2301 1549 2355 τοῦ
1584 2318 1822 2370 πεποιη-

229 2398 394 2458 κότος
427 2398 525 2450 καὶ
549 2395 905 2460 δεδοξακότος
936 2398 1110 2465 ἡμᾶς,
1148 2395 1228 2448 ἔτι
1257 2395 1314 2448 δὲ
1339 2395 1690 2458 πιστεύοντες
1730 2395 1821 2446 τὸν

230 2489 544 2558 σύνδεσμον
569 2489 682 2540 τῶν
710 2488 805 2541 τοῦ
831 2487 1070 2557 Χριστοῦ
1091 2488 1361 2555 ποιμνίων
1381 2487 1660 2556 σωτηρίαν
1689 2489 1820 2539 ἐαυ-

227 2581 335 2633 τῶν
366 2578 538 2642 εἷναι.
571 2580 666 2635 καὶ
692 2579 790 2634 τοῦ
827 2580 1074 2649 ὑπηκόου
1101 2581 1302 2644 παντὸς
1329 2581 1584 2648 θεμέλιόν
1612 2597 1670 2632 τε
1715 2583 1812 2651 ἁρο

228 2675 371 2744 ῥαγῆ
403 2675 505 2727 καὶ
532 2673 836 2727 ἀσάλευτον
858 2675 1041 2742 τεῖχος
1064 2674 1167 2742 τῆς
1185 2673 1468 2743 ἡμετέρας
1504 2672 1785 2741 βασιλείας
1802 2691 1815 2705 ·

223 2765 492 2819 ἐντεῦθεν
538 2765 769 2827 είκότως
821 2764 948 2832 θείῳ
999 2766 1238 2827 διανοίας
1295 2765 1607 2833 κινούμενοι
1649 2764 1816 2834 ζήλῳ,

227 2860 323 2911 καὶ
363 2857 631 2927 ἀπαρχὴν
659 2861 760 2926 τῆς
811 2858 1090 2926 ἡμετέρας
1132 2857 1418 2928 βασιλείας
1455 2859 1534 2927 τῷ
1573 2857 1693 2927 Θεῷ
1726 2857 1819 2909 καὶ

227 2949 449 3020 Σωτῆρι
479 2952 514 3019 ὴ
526 2950 643 3020 μῶν
690 2948 865 3018 Ἰησοῦ
897 2949 1120 3017 Χριστῷ
1151 2949 1252 3019 τὴν
1275 2949 1374 3017 τῆς
1400 2949 1563 3017 ἁγίας
1594 2951 1748 3002 Ἐκκ)
1761 2969 1820 3018 η-

227 3045 348 3105 σίας
377 3043 584 3095 ἕνωσιν
634 3041 1130 3110 προσκομίζοντες,
1164 3040 1500 3109 θεσπίζομεν
1548 3043 1648 3109 τὴν
1677 3059 1817 3110 κρη-

225 3132 355 3184 πῖδα
392 3133 495 3184 καὶ
528 3130 826 3200 βεϐαίωσιν
869 3133 967 3200 τῆς
1005 3130 1360 3198 ἀνθρωπίνης
1411 3130 1663 3195 εὐζωΐας,
1691 3148 1818 3182 του-

222 3227 379 3279 τέστι
411 3225 478 3276 τὸ
511 3223 786 3290 σύμϐολον
821 3223 933 3276 τῶν
966 3222 1072 3294 τιη¹
1103 3224 1276 3288 ἁγίων
1309 3223 1593 3295 Πατέρων,
1623 3226 1734 3278 τῶν
1760 3227 1818 3278 ὲν
1849 3259 1891 3318 c

221 3319 434 3390 Νικαίᾳ
459 3319 635 3373 πάλαι
662 3319 802 3388 μετὰ
835 3317 931 3371 τοῦ
969 3319 1130 3386 ἁγίου
1161 3317 1483 3387 Πνεύματος
1518 3318 1816 3388 ἐκκλησια-

223 3412 494 3472 σθέντων,
529 3413 609 3473 είς
637 3413 666 3464 ὃ
720 3414 882 3482 ἡμεῖς
906 3429 966 3465 τε
1017 3411 1118 3464 καὶ
1148 3412 1352 3474 πάντες
1406 3411 1457 3464 oi
1504 3411 1610 3481 πρὸ
1659 3411 1818 3480 ἡμῶν

221 3507 657 3568 πιστεύσαντες,
685 3503 1123 3572 ἐϐαπτίσθημεν,
1153 3501 1312 3555 τοῦτο
1345 3504 1508 3572 μόνον
1541 3502 1818 3554 πολιτεύε-

225 3596 348 3649 σθαι
391 3598 494 3650 καὶ
529 3601 754 3667 κρατεῖν
802 3599 863 3650 ἐν
916 3599 1123 3659 πάσαις
1173 3601 1297 3659 ταῖς
1344 3596 1678 3664 ἁγιωτάταις
1720 3594 1816 3647 τοῦ

221 3691 364 3744 Θεοῦ
402 3688 740 3759 ι’κκλησίαις
783 3692 878 3742 τὸν
906 3689 1191 3760 όρθόδοξον
1220 3690 1370 3754 λαὸν,
1417 3688 1490 3752 ὡς
1528 3690 1690 3758 μόνον
1721 3689 1818 3756 τῆς

220 3783 514 3843 ἀπλανοῦς
544 3783 786 3844 πίστεως
811 3782 1020 3851 κυρίως
1054 3784 1202 3851 ὅρον,
1233 3782 1330 3835 καὶ
1359 3781 1567 3852 ἀρκοῦν
1610 3784 1704 3834 καὶ
1739 3782 1820 3844 εἰς

217 3876 516 3943 ἁναίρεσιν
556 3875 656 3943 μὲν
691 3873 929 3926 καθόλου
989 3874 1172 3942 πάσης
1205 3874 1494 3942 αἱρέσεως,
1532 3873 1726 3926 ἕνωσιν
1762 3873 1820 3926 δὲ

218 3968 408 4035 ἁκραν
438 3969 553 4019 τῶν
608 3967 784 4033 ἁγίων
811 3967 906 4020 τοῦ
941 3967 1078 4020 Θεοῦ
1105 3968 1438 4036 εκκλησιῶν,
1465 3968 1700 4036 ἑχόντων
1725 3967 1820 4035 δη-

220 4060 355 4124 λαδὴ
392 4061 502 4124 τὴν
539 4059 752 4111 οἰκείαν
790 4059 970 4127 ἰσχὺν,
1005 4059 1100 4112 καὶ
1137 4057 1246 4110 τῶν
1275 4060 1357 4119 είς
1394 4057 1691 4127 βεϐαίωσιν
1718 4059 1819 4109 αὑ-

217 4151 311 4204 τοῦ
343 4151 446 4205 τοῦ
481 4151 630 4204 θείου
667 4151 944 4220 συμϐόλου
971 4149 1393 4220 πεπραγμένων
1431 4148 1490 4202 ἐν
1522 4167 1582 4202 τε
1618 4152 1687 4218 τῇ
1723 4149 1820 4218 βαο

219 4242 524 4312 σιλευούσῃ
575 4241 731 4294 πόλει
780 4242 956 4312 ταύτῃ
1004 4241 1151 4294 κατὰ
1203 4240 1312 4292 τῶν
1346 4239 1822 4309 βλασφημούντων

215 4339 296 4397 εἱς
329 4336 394 4386 τὸ
441 4333 676 4400 Πνεῦμα
706 4333 767 4386 τὺ
802 4333 959 4399 ἁγιον
988 4334 1143 4402 παρὰ
1173 4331 1283 4384 τῶν
1322 4331 1402 4402 ρν¹
1429 4333 1604 4400 ἁγίων
1644 4332 1822 4386 Πατέ-

220 4443 351 4492 ρων,
390 4423 476 4477 ετι
531 4423 590 4475 δὲ
627 4425 722 4476 καὶ
773 4424 993 4476 πάντων
1034 4424 1144 4476 τῶν
1191 4423 1605 4492 πεπραγμένων
1659 4423 1720 4475 ὲν
1749 4427 1816 4495 τῇ

229 4518 508 4584 Ἐφεσίων
552 4516 895 4584 μητροπόλει
945 4517 1090 4568 κατὰ
1140 4515 1236 4568 τοῦ
1281 4515 1583 4579 δυσσεϐοῦς
1614 4516 1821 4570 Νεστο-

3398 434 3518 502 ,122

2546 546 2772 606 CAPUT
2823 548 2913 604 ΙΙΙ.

1936 650 2240 734 (.‘ircnlares
2275 653 2520 734 Basilisci
2559 656 2748 710 littera:
2771 660 3023 734 advers_u_s
3061 668 3304 734 sanctam
3345 679 3515 734 quar-

2007 731 2117 804 tum
2177 727 2472 793 synodum,
2519 730 2895 797 procuratione
2943 730 3203 785 Timothei
3256 743 3303 784 et
3357 727 3514 788 "Petri

2002 804 2230 862 scriptor.

2013 926 2030 958 ι
2076 909 2382 973 lmperator
2419 910 2603 967 Cmsar
2655 912 2956 970 Basiliscus
2989 914 3087 986 (l),
3126 917 3272 984 pius,
3309 918 3511 984 vietor,

1933 1002 2332 1072 triumphator,
2381 1007 2672 1067 maximus,
2735 1021 2955 1076 Semper
3010 1010 3278 1064 colendus
3321 1012 3512 1078 Angu-

1931 1102 2086 1157 stus,
2132 1105 2187 1148 et
2241 1097 2478 1159 Marcus,
2534 1099 2919 1153 nobilissimus
2954 1099 3158 1166 Cresar,
3218 1101 3511 1154 Timotheo

1932 1186 2352 1255 religiosissima
2398 1201 2452 1243 et
2507 1189 2598 1242 Dei
2655 1189 3038 1243 amantissimo
3091 1187 3300 1262 τηρεῖτε
3359 1192 3511 1244 urbis

1931 1277 2424 1333 Alexandrinorum
2454 1280 2897 1350 archiepiscopo.
2930 1293 3097 1351 atque
3127 1284 3386 1338 omnibus
3413 1300 3511 1351 per

1929 1368 2209 1424 Orientem
2244 1381 2299 1424 et
2342 1371 2698 1428 Occidentem
2736 1375 3126 1429 sacerdotibus
3181 1376 3297 1429 Dei.
3329 1376 3511 1440 Quas-

1930 1476 2171 1531 cunqne,
2218 1465 2310 1533 qui
2345 1475 2472 1520 ante
2506 1483 2608 1522 nos
2661 1466 2818 1520 fuere
2854 1467 3084 1536 piissimi
3120 1444 3508 1534 imperatores,

1932 1556 2025 1624 qui
2056 1557 2292 1621 heatam,
2327 1557 2717 1624 immortalem,
2767 1569 2824 1614 et
2873 1559 3143 1614 viviﬁcmn
3177 1561 3506 1614 Trinitatem

1930 1656 2079 1700 recte
2107 1650 2348 1714 coluere,
2379 1667 2476 1719 pro
2507 1661 2654 1705 recta
2705 1662 2761 1707 et
2799 1655 3105 1723 apostolica
3140 1656 3243 1710 ﬁde
3277 1671 3509 1710 sanxere

1930 1740 2116 1808 leges;
2151 1757 2264 1805 eas,
2297 1745 2464 1798 veluti
2503 1746 2600 1799 toti
2629 1748 2835 1801 mundo
2872 1749 3166 1812 salutares,
3206 1765 3314 1802 non
3347 1749 3510 1803 modo

1933 1843 2178 1901 tempore
2231 1836 2344 1889 ullo
2397 1839 2598 1909 negligi
2645 1848 2702 1892 et
2744 1840 2952 1894 aboleri
2998 1842 3280 1907 nolumus,
3316 1858 3507 1897 verum

1930 1923 2098 1976 etiam
2135 1925 2364 1993 perinde
2395 1936 2560 1996 atque
2610 1931 3044 1986 constitutiones
3086 1933 3340 2002 proprias
3375 1950 3507 2003 pro-

1933 2017 2264 2095 mulgamus.
2303 2019 2366 2072 Et
2389 2035 2516 2073 eum
2543 2037 2729 2075 veram
2760 2023 3047 2092 pietatem,
3073 2023 3506 2095 ﬂagrantemque

1925 2123 2058 2177 erga
2101 2110 2270 2162 Deum
2304 2122 2360 2165 et
2409 2110 2761 2167 Servatorem
2803 2128 3053 2170 nosuum
3105 2117 3291 2171 Jesum
3342 2118 3508 2172 Chri-

1927 2211 2100 2260 stum,
2159 2203 2251 2271 qui
2313 2217 2415 2258 nos
2463 2205 2738 2267 condidit,
2790 2216 2845 2260 et
2900 2208 2964 2261 ad
3018 2218 3224 2263 tantam
3273 2211 3506 2277 gloriam

1929 2293 2148 2352 extulit.
2184 2294 2439 2359 ardorem
2468 2297 2668 2351 studiis
2717 2300 2997 2369 rebusque
3030 2302 3291 2357 humanis
3320 2304 3507 2356 omni-

1931 2384 2033 2438 bus
2089 2386 2484 2454 prazl‘eramus,
2543 2399 2710 2454 atque
2769 2397 2999 2460 insuper
3053 2395 3506 2466 coniunctionem

1929 2480 2106 2548 gregis
2137 2478 2341 2534 Christi
2375 2482 2674 2536 salutarem
2711 2485 2816 2552 ipsi
2854 2487 3184 2554 civibusque
3218 2499 3272 2541 et
3317 2490 3508 2542 subdi-

1930 2571 1999 2624 tis
2029 2571 2290 2625 omnibus
2328 2571 2660 2642 ﬁrmumque
2692 2577 2831 2628 adeo
2866 2577 3288 2631 fundamentum
3337 2593 3502 2649 atque

1926 2661 2313 2714 inconcussum
2338 2662 2557 2730 imperii
2586 2664 2764 2717 nostri
2790 2681 3009 2718 murum
3039 2683 3161 2721 esse
3188 2671 3504 2736 credamus,

1890 2800 1896 2805 .
1927 2754 2123 2806 merito
2152 2761 2300 2808 certe
2331 2754 2522 2809 divino
2555 2759 2756 2811 mentis
2788 2759 2906 2811 zelo
2936 2763 3198 2828 permoti,
3234 2764 3500 2817 unionem

1925 2851 2130 2896 sanctae
2181 2842 2440 2898 Ecclesiae
2487 2845 2704 2914 imperii
2749 2847 2922 2899 nostri
2979 2849 3250 2916 primitias
3298 2849 3409 2903 Deo
3448 2860 3505 2903 et

1927 2935 2205 2991 Servatori
2265 2945 2456 2990 nostro
2498 2937 2623 2992 Jcsn
2677 2939 2898 2992 Christo
2946 2941 3288 3006 oﬂerentes,
3340 2943 3504 3012 665

1924 3028 2339 3091 conatituimus,
2390 3039 2448 3082 ut
2509 3028 2928 3084 fundamentum
2984 3033 3504 3101 ﬁrmamentumque

1925 3116 2205 3172 felicitatis
2238 3119 2516 3182 humanae,
2549 3120 2655 3175 hoc
2683 3130 2787 3184 est,
2824 3131 3200 3177 trecentorum
3233 3125 3420 3179 decem
3450 3137 3506 3180 et

1925 3219 2050 3262 octo
2099 3219 2418 3264 sanctorum
2483 3209 2726 3272 Patrum,
2783 3215 2876 3282 qui
2928 3214 3125 3268 Nicaea:
3183 3217 3313 3269 olim
3368 3231 3496 3270 cum

1921 3309 2112 3354 saneto
2144 3299 2352 3369 Spiritu
2386 3301 2440 3354 in
2470 3310 2746 3355 conventu
2773 3304 3155 3359 ecclesiastico
3185 3309 3501 3376 congregati

1921 3392 2095 3455 fuere,
2132 3391 2476 3462 Symbolum.
2511 3393 2658 3462 quod
2694 3410 2796 3448 nos
2829 3406 2994 3464 atque
3025 3413 3220 3452 omnes
3251 3400 3502 3468 quiante

1919 3501 2022 3540 nos
2050 3485 2274 3540 fuerunt
2303 3497 2454 3539 certa
2489 3486 2595 3542 ﬁde
2623 3488 2970 3557 proﬁtentes,
3002 3491 3336 3560 baptismum
3373 3508 3500 3547 sus-

1919 3576 2186 3643 cepimus,
2242 3575 2418 3629 solum
2462 3577 2517 3630 in
2569 3578 2830 3633 omnibus
2871 3581 3240 3638 sanctissimis
3287 3582 3378 3636 Dei
3410 3600 3505 3637 ec-

1920 3669 2103 3724 clesiis
2125 3668 2393 3733 obtineat,
2415 3677 2468 3723 et
2491 3669 2561 3723 ab
2591 3671 2906 3726 orthodoxo
2939 3682 3201 3742 recteque
3229 3676 3500 3729 sentienti

1922 3759 2123 3831 populo
2179 3771 2518 3831 usurpetur:
2550 3762 2756 3833 quippe
2796 3764 2943 3832 quod
2982 3766 3162 3819 solum
3212 3783 3355 3822 verre
3406 3785 3498 3823 re-

1921 3861 2130 3920 ctaeque
2163 3850 2287 3906 ﬁdei
2317 3855 2601 3909 contineat
2629 3857 3019 3910 auctoritatem
3075 3869 3130 3911 et
3181 3862 3497 3928 decretum,

1920 3945 2163 4014 satisque
2194 3960 2319 3999 cum
2349 3949 2415 4001 ad
2441 3961 2636 4002 omnes
2662 3948 2714 4000 in
2743 3949 3064 4002 universum
3097 3953 3335 4006 hereses
3367 3956 3498 4007 abo-

1919 4037 2133 4097 lendas,
2167 4048 2280 4092 tum
2325 4039 2391 4093 ad
2444 4040 2706 4093 unionem
2741 4056 3016 4094 summam
3053 4056 3372 4098 sanctarum
3403 4045 3498 4100 Dei

1910 4129 2281 4184 ecclesiarum
2333 4132 2736 4186 conciliandam
2773 4136 2974 4188 valeat.
3014 4135 3075 4188 Et
3124 4136 3192 4189 ad
3245 4139 3496 4191 divinum

1921 4220 2068 4274 istud
2111 4222 2432 4292 Symbolum
2468 4223 2906 4278 conﬁrmandum
2964 4229 3137 4281 robur
3186 4245 3346 4281 suum
3405 4231 3500 4282 ha-

1921 4311 2108 4378 beant,
2139 4327 2205 4367 ea
2238 4329 2360 4382 qua:
2385 4314 2438 4368 in
2470 4314 2779 4382 imperante
2807 4317 2909 4371 hac
2943 4320 3083 4373 urbe
3118 4320 3386 4375 adversus
3404 4337 3502 4376 eos

1923 4404 2015 4472 qui
2052 4406 2105 4458 in
2143 4404 2408 4474 Spiritum
2447 4415 2701 4464 sanctum
2737 4410 3042 4478 blasphemi
3070 4412 3247 4477 fuere,
3297 4429 3326 4466 a
3365 4430 3500 4467 cen-

1925 4505 2039 4551 tum
2085 4499 2483 4570 quinquaginta
2542 4501 2747 4555 sanatis
2801 4503 3095 4570 Patribns,
3150 4516 3264 4557 tum
3316 4515 3500 4558 autem

218 4613 362 4677 ρίου.
403 4610 645 4661 καὶτῶν
686 4610 824 4676 μετὰ
857 4607 1030 4660 ταῦτα
1056 4607 1125 4660 τὰ
1147 4609 1359 4661 ἐκείνου
1404 4607 1818 4677 φρονησάντων.
1853 4600 1897 4658 D
1926 4605 2050 4658 ‘1“m
2109 4591 2277 4645 “iam
2341 4591 2396 4645 in
2454 4592 2754 4661 ωειτοβοίί
2807 4594 3172 4661 Ερῆθείθτηῐη
3232 4598 3499 4650 adversus

217 4703 298 4754 Τὰ
329 4702 385 4754 δὲ
426 4702 685 4754 διελόντα
718 4701 819 4767 τὴν
854 4700 1054 4754 ἕνωσιν
1090 4701 1184 4753 καὶ
1228 4701 1484 4766 εὐταξίαν
1505 4700 1616 4752 τῶν
1649 4699 1822 4768 ἁγίων

215 4791 310 4841 τοῦ
342 4788 491 4843 Θεοῦ
550 4787 863 4854 ἐκκλησιῶν
892 4787 987 4840 καὶ
1053 4788 1282 4858 είρήνην
1327 4789 1428 4858 τὴν
1461 4789 1555 4840 τοῦ
1608 4793 1819 4854 κόσμου

213 4880 431 4941 παντός
460 4894 474 4906 ·
535 4877 736 4946 δηλαδὴ
770 4877 865 4929 τὸν
893 4877 1193 4947 λεγόμενον
1245 4879 1412 4947 τόμον
1440 4879 1692 4943 Λέοντος,
1726 4880 1820 4933 καὶ

219 4971 403 5024 πάντα
440 4969 515 5021 τὰ
544 4969 602 5022 ιν
632 4968 964 5034 Χαλκηδόνι.
1004 4970 1062 5021 ὲν
1092 4969 1205 5036 ὅρῳ
1232 4967 1493 5032 πίστεως,
1528 4969 1560 5038 ἢ
1601 4969 1819 5022 ἐκθέσει

218 5064 531 5132 συμϐόλου,
565 5062 598 5133 ἢ
629 5062 953 5132 ἑρμηνείας,
995 5061 1029 5132 ἢ
1059 5061 1430 5126 διδασκαλίας,
1462 5061 1494 5130 ἢ
1525 5061 1818 5126 διαλέξεως

218 5155 503 5224 εἰρημένα
528 5154 621 5205 καὶ
655 5153 1048 5222 πεπραγμένα,
1079 5153 1176 5205 καὶ
1212 5154 1291 5216 είς
1329 5153 1690 5223 καινοτομίαν
1720 5155 1819 5225 τὴν

219 5248 368 5297 κατὰ
403 5245 508 5298 τοῦ
554 5245 1030 5313 μνημονευθὲσπος
1059 5245 1218 5311 ἁγίου
1256 5245 1535 5314 συμϐόλου
1565 5242 1818 5316 τῶν⁶τιη’

215 5340 397 5405 ἁγίων
454 5338 720 5407 Πατέρων
741 5353 755 5366 ·
801 5336 1137 5405 θεσπίζομεν
1171 5337 1409 5391 ἐνταῦθὰ
1436 5355 1494 5390 τε
1528 5340 1624 5391 καὶ⁵
1680 5356 1821 5391 παν-

215 5432 386 5498 τιχοῦ
423 5431 555 5484 καθ’
582 5431 825 5499 ἑκάστην
875 5430 1200 5499 ἐκκλησίαν,
1235 5430 1390 5500 παρὰ
1421 5429 1532 5483 τῶν
1565 5431 1814 5484 ἁπαντα-

215 5523 314 5594 κυῦ
384 5525 722 5592 ἁγιωτάτων
779 5526 1106 5578 ἐπισκόπων
1161 5525 1664 5595 ἁναθεματίζεσθαι
1726 5526 1818 5579 καὶ

218 5617 356 5684 πυρὶ
389 5615 820 5684 παραδὲδσσθαι,
855 5617 986 5684 παρ’
1033 5612 1114 5680 οἷς
1146 5619 1211 5670 ἂν
1242 5617 1569 5688 εὑρίσκηται
1592 5634 1605 5648 ·
1638 5618 1726 5670 διὰ
1757 5618 1817 5670 τὸ

215 5706 360 5759 οῦτω
414 5707 804 5777 διατεταχέναι
870 5709 1021 5778 παρὰ
1074 5709 1294 5762 πάντων
1345 5711 1457 5762 τῶν
1517 5709 1816 5780 αἱρετικῶν

288 5886 367 5940 (ll
402 5885 467 5938 l..
506 5889 760 5941 Adriani.
783 5884 845 5942 C.
885 5886 957 5942 De
988 5888 1174 5943 lueret.
1200 5897 1252 5942 et
1283 5885 1524 5947 Mauich.

1927 4682 2154 4751 impium
2206 4682 2524 4740 Nestorium
2570 4695 2626 4739 et
2667 4693 2971 4742 sectatores
3023 4687 3148 4757 ejus
3183 4697 3312 4741 sunt
3355 4701 3498 4745 acta.

1923 4774 1998 4830 Ea
2029 4784 2214 4830 autem
2247 4791 2369 4846 qua:
2414 4777 2677 4832 unionem
2714 4788 2772 4836 et
2819 4779 3073 4832 ordinem
3127 4780 3334 4833 bonum
3375 4799 3500 4834 sau-

1921 4876 2136 4945 ctarttm
2183 4868 2281 4924 Dei
2334 4869 2694 4931 ecclesiarum
2726 4907 2742 4933 ,
2790 4879 2848 4925 et
2891 4884 3079 4938 pacem
3132 4872 3286 4926 orbis
3333 4873 3502 4926 tmius

1925 4960 2177 5022 turbant,
2213 4960 2472 5016 videlicet
2503 4962 2736 5020 Tomum
2787 4959 3010 5026 Leonis,
3045 4972 3098 5016 et
3149 4964 3333 5015 omnia
3380 4980 3500 5031 qua:

1921 5055 2272 5112 Chalcedone
2306 5073 2404 5126 per
2433 5058 2723 5110 formulam
2767 5071 2864 5111 seu
2899 5061 3182 5111 decretum
3220 5058 3368 5119 ﬁdei,
3405 5066 3501 5112 an:

1924 5150 2230 5206 editionem
2287 5150 2543 5222 symboli,
2578 5161 2675 5206 aut
2707 5151 3130 5220 expositionem.
3166 5159 3264 5204 aut
3293 5151 3500 5204 doctri-

1923 5259 2071 5302 nam.
2105 5253 2200 5298 aut
2246 5243 2700 5312 disputationem,
2733 5260 2831 5312 per
2877 5257 2966 5297 res
2998 5257 3188 5306 novas,
3234 5243 3499 5296 adversus

1923 5334 1975 5388 id
2009 5333 2156 5402 quod
2195 5332 2437 5388 diximus
2467 5344 2719 5388 sanctum
2756 5342 3076 5387 sanctorum
3115 5341 3492 5386 trecentorum

1921 5426 2113 5480 decem
2163 5434 2220 5480 et
2267 5435 2392 5480 octo
2446 5425 2668 5480 Patrum
2702 5426 3024 5497 Symbolum
3080 5425 3226 5479 dicta
3273 5434 3329 5479 et
3373 5436 3494 5478 acta

1918 5530 2069 5582 sunt,
2116 5520 2415 5584 sancimus,
2454 5528 2514 5572 ut
2558 5529 2614 5573 et
2661 5517 2752 5574 hic
2800 5527 2855 5571 et
2887 5519 3092 5588 ubique
3140 5519 3194 5570 in
3244 5517 3494 5572 ecclesiis

1919 5612 2180 5666 omnibus
2205 5627 2234 5666 a
2266 5611 2632 5666 sanctissimis
2672 5613 2988 5681 ubicunque
3037 5611 3242 5665 fuerint
3275 5611 3469 5679 episco

1920 5703 2025 5774 pis,
2071 5705 2212 5774 apud
2265 5717 2402 5773 quos
2455 5712 2673 5772 reperta
2724 5704 2966 5769 fuerint,
3024 5704 3372 5758 anathemate
3407 5699 3489 5756 {ea
