  <div class='ocr_page' id='page_1' title='image "/cluster/home/n/w/nwhite01/storage/ocr_20150623/147/nnc1.0046980555/067.png"; bbox 0 0 4236 6442; ppageno 0'>
   <div class='ocr_carea' id='block_1_1' title="bbox 703 391 801 455">
    <p class='ocr_par' dir='ltr' id='par_1_1' title="bbox 703 391 801 455">
     <span class='ocr_line' id='line_1_1' title="bbox 703 391 801 455; baseline -0.01 0"><span class='ocrx_word' id='word_1_1' title='bbox 703 391 801 455; x_wconf 71' lang='lat'><strong>123</strong></span> 
     </span>
    </p>
   </div>
   <div class='ocr_carea' id='block_1_2' title="bbox 1913 417 2721 483">
    <p class='ocr_par' dir='ltr' id='par_1_2' title="bbox 1913 417 2721 483">
     <span class='ocr_line' id='line_1_2' title="bbox 1913 417 2721 483; baseline 0.011 -8"><span class='ocrx_word' id='word_1_2' title='bbox 1913 417 2335 478; x_wconf 69' lang='lat' dir='ltr'><strong>NICEPHOIU</strong></span> <span class='ocrx_word' id='word_1_3' title='bbox 2370 420 2721 483; x_wconf 76' lang='lat' dir='ltr'><strong>CALLlSTl</strong></span> 
     </span>
    </p>
   </div>
   <div class='ocr_carea' id='block_1_3' title="bbox 3846 431 3944 495">
    <p class='ocr_par' dir='ltr' id='par_1_3' title="bbox 3846 431 3944 495">
     <span class='ocr_line' id='line_1_3' title="bbox 3846 431 3944 495; baseline -0.031 -1"><span class='ocrx_word' id='word_1_4' title='bbox 3846 431 3944 495; x_wconf 70' lang='grc' dir='ltr'><strong>ιει</strong></span> 
     </span>
    </p>
   </div>
   <div class='ocr_carea' id='block_1_4' title="bbox 701 513 2374 615">
    <p class='ocr_par' dir='ltr' id='par_1_4' title="bbox 701 513 2374 602">
     <span class='ocr_line' id='line_1_4' title="bbox 701 513 2374 602; baseline 0.023 -47"><span class='ocrx_word' id='word_1_5' title='bbox 701 518 938 572; x_wconf 80' lang='lat' dir='ltr'><strong>nantur,</strong></span> <span class='ocrx_word' id='word_1_6' title='bbox 971 521 1135 581; x_wconf 87' lang='lat' dir='ltr'><strong>atque</strong></span> <span class='ocrx_word' id='word_1_7' title='bbox 1164 513 1274 583; x_wconf 79' lang='lat' dir='ltr'><strong>igni</strong></span> <span class='ocrx_word' id='word_1_8' title='bbox 1312 520 1636 579; x_wconf 89' lang='lat' dir='ltr'><strong>tradantur:</strong></span> <span class='ocrx_word' id='word_1_9' title='bbox 1668 541 1958 597; x_wconf 90' lang='lat' dir='ltr'><strong>propterea</strong></span> <span class='ocrx_word' id='word_1_10' title='bbox 1992 533 2137 602; x_wconf 90' lang='lat' dir='ltr'><strong>quod</strong></span> <span class='ocrx_word' id='word_1_11' title='bbox 2165 535 2266 587; x_wconf 84' lang='lat' dir='ltr'><strong>hoc</strong></span> <span class='ocrx_word' id='word_1_12' title='bbox 2297 535 2339 592; x_wconf 76' lang='grc' dir='ltr'><strong>Α</strong></span> <span class='ocrx_word' id='word_1_13' title='bbox 2370 557 2374 578; x_wconf 68' lang='grc'><strong><em>&lt;</em></strong></span> 
     </span>
    </p>
   </div>
   <div class='ocr_carea' id='block_1_5' title="bbox 2271 513 3944 615">
    <p class='ocr_par' dir='ltr' id='par_1_5' title="bbox 2297 533 3944 615">
     <span class='ocr_line' id='line_1_5' title="bbox 2297 533 3944 615; baseline 0.011 -30"><span class='ocrx_word' id='word_1_14' title='bbox 2297 535 2339 592; x_wconf 76' lang='grc' dir='ltr'><strong>Α</strong></span> <span class='ocrx_word' id='word_1_15' title='bbox 2370 533 2684 604; x_wconf 82' lang='grc' dir='ltr'><strong>δογμάτων,</strong></span> <span class='ocrx_word' id='word_1_16' title='bbox 2717 540 2811 591; x_wconf 80' lang='grc' dir='ltr'>καὶ</span> <span class='ocrx_word' id='word_1_17' title='bbox 2837 540 2962 601; x_wconf 78' lang='grc' dir='ltr'>τοὺς</span> <span class='ocrx_word' id='word_1_18' title='bbox 2999 541 3104 609; x_wconf 69' lang='grc' dir='ltr'>πρὸ</span> <span class='ocrx_word' id='word_1_19' title='bbox 3135 541 3294 610; x_wconf 82' lang='grc' dir='ltr'>ὴμῶν</span> <span class='ocrx_word' id='word_1_20' title='bbox 3317 543 3374 596; x_wconf 83' lang='grc' dir='ltr'><strong>έν</strong></span> <span class='ocrx_word' id='word_1_21' title='bbox 3403 543 3620 598; x_wconf 81' lang='grc' dir='ltr'>εύσεϐετ</span> <span class='ocrx_word' id='word_1_22' title='bbox 3645 546 3740 598; x_wconf 76' lang='grc' dir='ltr'>καὶ</span> <span class='ocrx_word' id='word_1_23' title='bbox 3765 564 3944 615; x_wconf 70' lang='grc' dir='ltr'>μακα-</span> 
     </span>
    </p>
   </div>
   <div class='ocr_carea' id='block_1_6' title="bbox 701 597 2268 692">
    <p class='ocr_par' dir='ltr' id='par_1_6' title="bbox 701 597 2268 692">
     <span class='ocr_line' id='line_1_6' title="bbox 701 597 2268 692; baseline 0.022 -50"><span class='ocrx_word' id='word_1_24' title='bbox 701 597 778 648; x_wconf 61' lang='lat' dir='ltr'><strong>sic</strong></span> <span class='ocrx_word' id='word_1_25' title='bbox 829 599 994 652; x_wconf 91' lang='lat' dir='ltr'><strong>etiam</strong></span> <span class='ocrx_word' id='word_1_26' title='bbox 1034 601 1103 655; x_wconf 86' lang='lat' dir='ltr'><strong>ab</strong></span> <span class='ocrx_word' id='word_1_27' title='bbox 1135 604 1216 658; x_wconf 87' lang='lat' dir='ltr'><strong>eis</strong></span> <span class='ocrx_word' id='word_1_28' title='bbox 1250 607 1344 674; x_wconf 89' lang='lat' dir='ltr'><strong>qui</strong></span> <span class='ocrx_word' id='word_1_29' title='bbox 1380 617 1507 664; x_wconf 88' lang='lat' dir='ltr'><strong>ante</strong></span> <span class='ocrx_word' id='word_1_30' title='bbox 1557 628 1657 668; x_wconf 81' lang='lat' dir='ltr'><strong>nos</strong></span> <span class='ocrx_word' id='word_1_31' title='bbox 1689 615 1864 678; x_wconf 87' lang='lat' dir='ltr'><strong>luere.</strong></span> <span class='ocrx_word' id='word_1_32' title='bbox 1897 629 1953 674; x_wconf 89' lang='lat' dir='ltr'><strong>et</strong></span> <span class='ocrx_word' id='word_1_33' title='bbox 1984 597 2130 676; x_wconf 82' lang='lat' dir='ltr'><strong>nunc</strong></span> <span class='ocrx_word' id='word_1_34' title='bbox 2178 623 2268 692; x_wconf 92' lang='lat' dir='ltr'><strong>pia</strong></span> 
     </span>
    </p>
   </div>
   <div class='ocr_carea' id='block_1_7' title="bbox 699 686 2270 767">
    <p class='ocr_par' dir='ltr' id='par_1_7' title="bbox 699 686 2270 767">
     <span class='ocr_line' id='line_1_7' title="bbox 699 686 2270 767; baseline 0.02 -31"><span class='ocrx_word' id='word_1_35' title='bbox 699 694 752 736; x_wconf 81' lang='lat' dir='ltr'><strong>et</strong></span> <span class='ocrx_word' id='word_1_36' title='bbox 781 686 931 741; x_wconf 69' lang='lat' dir='ltr'><strong>licata</strong></span> <span class='ocrx_word' id='word_1_37' title='bbox 962 691 1149 758; x_wconf 91' lang='lat' dir='ltr'><strong>quiete</strong></span> <span class='ocrx_word' id='word_1_38' title='bbox 1175 693 1456 764; x_wconf 79' lang='lat' dir='ltr'><strong>fruuntur,</strong></span> <span class='ocrx_word' id='word_1_39' title='bbox 1489 701 1854 761; x_wconf 88' lang='lat' dir='ltr'><strong>Constantino</strong></span> <span class='ocrx_word' id='word_1_40' title='bbox 1880 719 1937 764; x_wconf 91' lang='lat' dir='ltr'><strong>et</strong></span> <span class='ocrx_word' id='word_1_41' title='bbox 1961 686 2270 767; x_wconf 73' lang='lat' dir='ltr'><strong>Theodosio</strong></span> 
     </span>
    </p>
   </div>
   <div class='ocr_carea' id='block_1_8' title="bbox 702 777 2271 872">
    <p class='ocr_par' dir='ltr' id='par_1_8' title="bbox 702 777 2271 872">
     <span class='ocr_line' id='line_1_8' title="bbox 702 777 2271 872; baseline 0.022 -47"><span class='ocrx_word' id='word_1_42' title='bbox 702 777 916 832; x_wconf 89' lang='lat' dir='ltr'><strong>minore</strong></span> <span class='ocrx_word' id='word_1_43' title='bbox 979 782 1411 850; x_wconf 85' lang='lat' dir='ltr'><strong>imperatoribus</strong></span> <span class='ocrx_word' id='word_1_44' title='bbox 1461 792 1527 847; x_wconf 90' lang='lat' dir='ltr'><strong>de</strong></span> <span class='ocrx_word' id='word_1_45' title='bbox 1587 795 1862 855; x_wconf 66' lang='lat' dir='ltr'><strong>ltmreticis</strong></span> <span class='ocrx_word' id='word_1_46' title='bbox 1921 801 2271 872; x_wconf 73' lang='lat' dir='ltr'><strong>dogmatibus</strong></span> 
     </span>
    </p>
   </div>
   <div class='ocr_carea' id='block_1_9' title="bbox 703 870 2272 961">
    <p class='ocr_par' dir='ltr' id='par_1_9' title="bbox 703 870 2272 961">
     <span class='ocr_line' id='line_1_9' title="bbox 703 870 2272 961; baseline 0.019 -40"><span class='ocrx_word' id='word_1_47' title='bbox 703 870 961 923; x_wconf 81' lang='lat' dir='ltr'><strong>omnibus</strong></span> <span class='ocrx_word' id='word_1_48' title='bbox 995 879 1359 935; x_wconf 90' lang='lat' dir='ltr'><strong>constitutum</strong></span> <span class='ocrx_word' id='word_1_49' title='bbox 1386 893 1492 937; x_wconf 88' lang='lat' dir='ltr'><strong>est.</strong></span> <span class='ocrx_word' id='word_1_50' title='bbox 1522 885 1646 941; x_wconf 65' lang='lat' dir='ltr'><strong>Haec</strong></span> <span class='ocrx_word' id='word_1_51' title='bbox 1679 889 1757 944; x_wconf 88' lang='lat' dir='ltr'><strong>sic</strong></span> <span class='ocrx_word' id='word_1_52' title='bbox 1791 870 2020 958; x_wconf 68' lang='lat' dir='ltr'><strong>abolita,</strong></span> <span class='ocrx_word' id='word_1_53' title='bbox 2044 910 2272 961; x_wconf 82' lang='lat' dir='ltr'><strong>prorsus</strong></span> 
     </span>
    </p>
   </div>
   <div class='ocr_carea' id='block_1_10' title="bbox 704 974 2271 1050">
    <p class='ocr_par' dir='ltr' id='par_1_10' title="bbox 704 974 2271 1050">
     <span class='ocr_line' id='line_1_10' title="bbox 704 974 2271 1050; baseline 0.022 -41"><span class='ocrx_word' id='word_1_54' title='bbox 704 977 767 1011; x_wconf 75' lang='grc' dir='ltr'>υτ</span> <span class='ocrx_word' id='word_1_55' title='bbox 803 977 888 1025; x_wconf 90' lang='lat' dir='ltr'><strong>ea,</strong></span> <span class='ocrx_word' id='word_1_56' title='bbox 919 980 1040 1032; x_wconf 72' lang='lat' dir='ltr'><strong>qua:</strong></span> <span class='ocrx_word' id='word_1_57' title='bbox 1075 984 1177 1022; x_wconf 84' lang='lat' dir='ltr'><strong>una</strong></span> <span class='ocrx_word' id='word_1_58' title='bbox 1209 981 1263 1023; x_wconf 91' lang='lat' dir='ltr'><strong>et</strong></span> <span class='ocrx_word' id='word_1_59' title='bbox 1297 974 1408 1027; x_wconf 90' lang='lat' dir='ltr'><strong>sola</strong></span> <span class='ocrx_word' id='word_1_60' title='bbox 1440 978 1735 1044; x_wconf 85' lang='lat' dir='ltr'><strong>catholica,</strong></span> <span class='ocrx_word' id='word_1_61' title='bbox 1762 985 2064 1050; x_wconf 85' lang='lat' dir='ltr'><strong>apostolica</strong></span> <span class='ocrx_word' id='word_1_62' title='bbox 2095 996 2150 1041; x_wconf 93' lang='lat' dir='ltr'><strong>et</strong></span> <span class='ocrx_word' id='word_1_63' title='bbox 2181 1003 2271 1041; x_wconf 87' lang='lat' dir='ltr'><strong>or-</strong></span> 
     </span>
    </p>
   </div>
   <div class='ocr_carea' id='block_1_11' title="bbox 707 1052 2272 1150">
    <p class='ocr_par' dir='ltr' id='par_1_11' title="bbox 707 1052 2272 1150">
     <span class='ocr_line' id='line_1_11' title="bbox 707 1052 2272 1150; baseline 0.024 -51"><span class='ocrx_word' id='word_1_64' title='bbox 707 1052 943 1109; x_wconf 82' lang='lat' dir='ltr'><strong>thodoxa</strong></span> <span class='ocrx_word' id='word_1_65' title='bbox 1013 1059 1258 1118; x_wconf 76' lang='lat' dir='ltr'><strong>Ecclesia</strong></span> <span class='ocrx_word' id='word_1_66' title='bbox 1323 1078 1431 1133; x_wconf 75' lang='lat' dir='ltr'><strong>est,</strong></span> <span class='ocrx_word' id='word_1_67' title='bbox 1487 1072 1838 1141; x_wconf 78' lang='lat' dir='ltr'><strong>ejiciantur:</strong></span> <span class='ocrx_word' id='word_1_68' title='bbox 1903 1088 2094 1148; x_wconf 83' lang='lat' dir='ltr'><strong>utpote</strong></span> <span class='ocrx_word' id='word_1_69' title='bbox 2150 1097 2272 1150; x_wconf 76' lang='lat' dir='ltr'><strong>qua:</strong></span> 
     </span>
    </p>
   </div>
   <div class='ocr_carea' id='block_1_12' title="bbox 702 1154 2270 1240">
    <p class='ocr_par' dir='ltr' id='par_1_12' title="bbox 702 1154 2270 1240">
     <span class='ocr_line' id='line_1_12' title="bbox 702 1154 2270 1240; baseline 0.019 -40"><span class='ocrx_word' id='word_1_70' title='bbox 702 1154 936 1201; x_wconf 68' lang='lat' dir='ltr'><strong>reternos</strong></span> <span class='ocrx_word' id='word_1_71' title='bbox 980 1161 1035 1204; x_wconf 91' lang='lat' dir='ltr'><strong>et</strong></span> <span class='ocrx_word' id='word_1_72' title='bbox 1072 1155 1345 1213; x_wconf 79' lang='lat' dir='ltr'><strong>salutares</strong></span> <span class='ocrx_word' id='word_1_73' title='bbox 1396 1172 1768 1221; x_wconf 88' lang='lat' dir='ltr'><strong>trecentorum</strong></span> <span class='ocrx_word' id='word_1_74' title='bbox 1798 1171 1984 1225; x_wconf 88' lang='lat' dir='ltr'><strong>decem</strong></span> <span class='ocrx_word' id='word_1_75' title='bbox 2031 1182 2088 1226; x_wconf 91' lang='lat' dir='ltr'><strong>et</strong></span> <span class='ocrx_word' id='word_1_76' title='bbox 2121 1184 2270 1240; x_wconf 87' lang='lat' dir='ltr'><strong>octo,</strong></span> 
     </span>
    </p>
   </div>
   <div class='ocr_carea' id='block_1_13' title="bbox 703 1241 2274 1334">
    <p class='ocr_par' dir='ltr' id='par_1_13' title="bbox 703 1241 2274 1334">
     <span class='ocr_line' id='line_1_13' title="bbox 703 1241 2274 1334; baseline 0.023 -48"><span class='ocrx_word' id='word_1_77' title='bbox 703 1247 867 1304; x_wconf 85' lang='lat' dir='ltr'><strong>atque</strong></span> <span class='ocrx_word' id='word_1_78' title='bbox 908 1241 1072 1296; x_wconf 88' lang='lat' dir='ltr'><strong>etiam</strong></span> <span class='ocrx_word' id='word_1_79' title='bbox 1117 1260 1339 1303; x_wconf 89' lang='lat' dir='ltr'><strong>centum</strong></span> <span class='ocrx_word' id='word_1_80' title='bbox 1373 1262 1426 1306; x_wconf 85' lang='lat' dir='ltr'><strong>et</strong></span> <span class='ocrx_word' id='word_1_81' title='bbox 1465 1256 1886 1328; x_wconf 84' lang='lat' dir='ltr'><strong>quinquaginta,</strong></span> <span class='ocrx_word' id='word_1_82' title='bbox 1934 1264 2028 1332; x_wconf 77' lang='lat' dir='ltr'><strong>qui</strong></span> <span class='ocrx_word' id='word_1_83' title='bbox 2059 1267 2274 1334; x_wconf 81' lang='lat' dir='ltr'><strong>proles-</strong></span> 
     </span>
    </p>
   </div>
   <div class='ocr_carea' id='block_1_14' title="bbox 705 1328 2272 1420">
    <p class='ocr_par' dir='ltr' id='par_1_14' title="bbox 705 1328 2272 1420">
     <span class='ocr_line' id='line_1_14' title="bbox 705 1328 2272 1420; baseline 0.022 -43"><span class='ocrx_word' id='word_1_84' title='bbox 705 1328 918 1383; x_wconf 76' lang='lat' dir='ltr'><strong>sionem</strong></span> <span class='ocrx_word' id='word_1_85' title='bbox 953 1332 1021 1386; x_wconf 92' lang='lat' dir='ltr'><strong>de</strong></span> <span class='ocrx_word' id='word_1_86' title='bbox 1051 1349 1242 1391; x_wconf 74' lang='lat' dir='ltr'><strong>sani-to</strong></span> <span class='ocrx_word' id='word_1_87' title='bbox 1273 1339 1482 1410; x_wconf 84' lang='lat' dir='ltr'><strong>Spiritu</strong></span> <span class='ocrx_word' id='word_1_88' title='bbox 1518 1328 2272 1420; x_wconf 26' lang='lat' dir='ltr'><strong>pr0inulgarunt,‘et-eorum</strong></span> 
     </span>
    </p>
   </div>
   <div class='ocr_carea' id='block_1_15' title="bbox 703 1423 2276 1508">
    <p class='ocr_par' dir='ltr' id='par_1_15' title="bbox 703 1423 2276 1508">
     <span class='ocr_line' id='line_1_15' title="bbox 703 1423 2276 1508; baseline 0.022 -37"><span class='ocrx_word' id='word_1_89' title='bbox 703 1423 871 1476; x_wconf 69' lang='lat' dir='ltr'><strong>ctiam</strong></span> <span class='ocrx_word' id='word_1_90' title='bbox 910 1427 1002 1494; x_wconf 91' lang='lat' dir='ltr'><strong>qui</strong></span> <span class='ocrx_word' id='word_1_91' title='bbox 1041 1430 1239 1497; x_wconf 70' lang='lat' dir='ltr'><strong>Ephesi</strong></span> <span class='ocrx_word' id='word_1_92' title='bbox 1292 1443 1610 1508; x_wconf 81' lang='lat' dir='ltr'><strong>congregati</strong></span> <span class='ocrx_word' id='word_1_93' title='bbox 1644 1442 1800 1499; x_wconf 81' lang='lat' dir='ltr'><strong>fuere</strong></span> <span class='ocrx_word' id='word_1_94' title='bbox 1848 1458 2167 1502; x_wconf 88' lang='lat' dir='ltr'><strong>sanctorqu</strong></span> <span class='ocrx_word' id='word_1_95' title='bbox 2221 1461 2276 1506; x_wconf 88' lang='lat' dir='ltr'><strong>et</strong></span> 
     </span>
    </p>
   </div>
   <div class='ocr_carea' id='block_1_16' title="bbox 708 1514 2274 1613">
    <p class='ocr_par' dir='ltr' id='par_1_16' title="bbox 708 1514 2274 1613">
     <span class='ocr_line' id='line_1_16' title="bbox 708 1514 2274 1613; baseline 0.023 -50"><span class='ocrx_word' id='word_1_96' title='bbox 708 1514 994 1572; x_wconf 74' lang='lat' dir='ltr'><strong>beatorum</strong></span> <span class='ocrx_word' id='word_1_97' title='bbox 1054 1521 1278 1579; x_wconf 85' lang='lat' dir='ltr'><strong>Patrum</strong></span> <span class='ocrx_word' id='word_1_98' title='bbox 1343 1532 1609 1587; x_wconf 89' lang='lat' dir='ltr'><strong>terminos</strong></span> <span class='ocrx_word' id='word_1_99' title='bbox 1671 1537 2032 1594; x_wconf 74' lang='lat' dir='ltr'><strong>transferunt.</strong></span> <span class='ocrx_word' id='word_1_100' title='bbox 2085 1541 2274 1613; x_wconf 79' lang='lat' dir='ltr'><strong>Neque</strong></span> 
     </span>
    </p>
   </div>
   <div class='ocr_carea' id='block_1_17' title="bbox 707 1614 2274 1704">
    <p class='ocr_par' dir='ltr' id='par_1_17' title="bbox 707 1614 2274 1704">
     <span class='ocr_line' id='line_1_17' title="bbox 707 1614 2274 1704; baseline 0.023 -49"><span class='ocrx_word' id='word_1_101' title='bbox 707 1621 932 1670; x_wconf 80' lang='lat' dir='ltr'><strong>prorsus</strong></span> <span class='ocrx_word' id='word_1_102' title='bbox 963 1614 1220 1681; x_wconf 90' lang='lat' dir='ltr'><strong>cuiquam</strong></span> <span class='ocrx_word' id='word_1_103' title='bbox 1259 1619 1341 1673; x_wconf 82' lang='lat' dir='ltr'><strong>vel</strong></span> <span class='ocrx_word' id='word_1_104' title='bbox 1374 1624 1667 1691; x_wconf 86' lang='lat' dir='ltr'><strong>sacerdoti,</strong></span> <span class='ocrx_word' id='word_1_105' title='bbox 1703 1629 1786 1681; x_wconf 84' lang='lat' dir='ltr'><strong>vel</strong></span> <span class='ocrx_word' id='word_1_106' title='bbox 1821 1631 1963 1684; x_wconf 81' lang='lat' dir='ltr'><strong>laico</strong></span> <span class='ocrx_word' id='word_1_107' title='bbox 2008 1645 2064 1687; x_wconf 90' lang='lat' dir='ltr'><strong>et</strong></span> <span class='ocrx_word' id='word_1_108' title='bbox 2095 1650 2274 1704; x_wconf 87' lang='lat' dir='ltr'><strong>popu-</strong></span> 
     </span>
    </p>
   </div>
   <div class='ocr_carea' id='block_1_18' title="bbox 707 1698 2271 1788">
    <p class='ocr_par' dir='ltr' id='par_1_18' title="bbox 707 1698 2271 1788">
     <span class='ocr_line' id='line_1_18' title="bbox 707 1698 2271 1788; baseline 0.02 -40"><span class='ocrx_word' id='word_1_109' title='bbox 707 1698 804 1752; x_wconf 74' lang='lat' dir='ltr'><strong>iztl‘l</strong></span> <span class='ocrx_word' id='word_1_110' title='bbox 833 1702 1044 1758; x_wconf 87' lang='lat' dir='ltr'><strong>homini</strong></span> <span class='ocrx_word' id='word_1_111' title='bbox 1073 1708 1311 1765; x_wconf 88' lang='lat' dir='ltr'><strong>divinam</strong></span> <span class='ocrx_word' id='word_1_112' title='bbox 1336 1717 1514 1770; x_wconf 81' lang='lat' dir='ltr'><strong>sancti</strong></span> <span class='ocrx_word' id='word_1_113' title='bbox 1545 1717 1784 1788; x_wconf 77' lang='lat' dir='ltr'><strong>Symboli</strong></span> <span class='ocrx_word' id='word_1_114' title='bbox 1819 1725 2271 1780; x_wconf 86' lang='lat' dir='ltr'><strong>constitutionem</strong></span> 
     </span>
    </p>
   </div>
   <div class='ocr_carea' id='block_1_19' title="bbox 707 1789 2270 1879">
    <p class='ocr_par' dir='ltr' id='par_1_19' title="bbox 707 1789 2270 1879">
     <span class='ocr_line' id='line_1_19' title="bbox 707 1789 2270 1879; baseline 0.02 -42"><span class='ocrx_word' id='word_1_115' title='bbox 707 1789 912 1846; x_wconf 79' lang='lat' dir='ltr'><strong>\iolat&#39;e</strong></span> <span class='ocrx_word' id='word_1_116' title='bbox 971 1808 1062 1851; x_wconf 91' lang='lat' dir='ltr'><strong>aut</strong></span> <span class='ocrx_word' id='word_1_117' title='bbox 1124 1805 1435 1871; x_wconf 78' lang='lat' dir='ltr'><strong>transgredi</strong></span> <span class='ocrx_word' id='word_1_118' title='bbox 1495 1806 1677 1861; x_wconf 89' lang='lat' dir='ltr'><strong>liceat.</strong></span> <span class='ocrx_word' id='word_1_119' title='bbox 1735 1809 2008 1866; x_wconf 62' lang='lat' dir='ltr'><strong>Praeterea</strong></span> <span class='ocrx_word' id='word_1_120' title='bbox 2059 1825 2270 1879; x_wconf 89' lang='lat' dir='ltr'><strong>autem,</strong></span> 
     </span>
    </p>
   </div>
   <div class='ocr_carea' id='block_1_20' title="bbox 712 1882 2348 1961">
    <p class='ocr_par' dir='ltr' id='par_1_20' title="bbox 712 1882 2348 1961">
     <span class='ocr_line' id='line_1_20' title="bbox 712 1882 2348 1961; baseline 0.018 -27"><span class='ocrx_word' id='word_1_121' title='bbox 712 1899 818 1936; x_wconf 88' lang='lat' dir='ltr'><strong>una</strong></span> <span class='ocrx_word' id='word_1_122' title='bbox 852 1903 975 1940; x_wconf 80' lang='lat' dir='ltr'><strong>cum</strong></span> <span class='ocrx_word' id='word_1_123' title='bbox 1008 1891 1172 1946; x_wconf 89' lang='lat' dir='ltr'><strong>rebus</strong></span> <span class='ocrx_word' id='word_1_124' title='bbox 1200 1898 1461 1952; x_wconf 89' lang='lat' dir='ltr'><strong>omnibus</strong></span> <span class='ocrx_word' id='word_1_125' title='bbox 1505 1900 1856 1958; x_wconf 82' lang='lat' dir='ltr'><strong>Chalcedone</strong></span> <span class='ocrx_word' id='word_1_126' title='bbox 1889 1905 2155 1960; x_wconf 84' lang='lat' dir='ltr'><strong>adversus</strong></span> <span class='ocrx_word' id='word_1_127' title='bbox 2187 1924 2274 1961; x_wconf 89' lang='lat' dir='ltr'><strong>sa-</strong></span> <span class='ocrx_word' id='word_1_128' title='bbox 2309 1882 2348 1936; x_wconf 72' lang='grc' dir='ltr'><strong><em>Β</em></strong></span> 
     </span>
    </p>
   </div>
   <div class='ocr_carea' id='block_1_21' title="bbox 710 1982 2275 2071">
    <p class='ocr_par' dir='ltr' id='par_1_21' title="bbox 710 1982 2275 2071">
     <span class='ocr_line' id='line_1_21' title="bbox 710 1982 2275 2071; baseline 0.02 -42"><span class='ocrx_word' id='word_1_129' title='bbox 710 1994 864 2032; x_wconf 85' lang='lat' dir='ltr'><strong>crum</strong></span> <span class='ocrx_word' id='word_1_130' title='bbox 897 1982 1222 2052; x_wconf 84' lang='lat' dir='ltr'><strong>Symbolum</strong></span> <span class='ocrx_word' id='word_1_131' title='bbox 1271 1993 1508 2056; x_wconf 81' lang='lat' dir='ltr'><strong>novatis,</strong></span> <span class='ocrx_word' id='word_1_132' title='bbox 1537 1995 1702 2066; x_wconf 87' lang='lat'><strong>666</strong></span> <span class='ocrx_word' id='word_1_133' title='bbox 1731 1999 2078 2054; x_wconf 81' lang='lat' dir='ltr'><strong>anathemate</strong></span> <span class='ocrx_word' id='word_1_134' title='bbox 2113 2002 2275 2071; x_wconf 82' lang='lat' dir='ltr'><strong>jugu-</strong></span> 
     </span>
    </p>
   </div>
   <div class='ocr_carea' id='block_1_22' title="bbox 709 2071 2278 2162">
    <p class='ocr_par' dir='ltr' id='par_1_22' title="bbox 709 2071 2278 2162">
     <span class='ocr_line' id='line_1_22' title="bbox 709 2071 2278 2162; baseline 0.017 -40"><span class='ocrx_word' id='word_1_135' title='bbox 709 2071 929 2126; x_wconf 72' lang='lat' dir='ltr'><strong>landain</strong></span> <span class='ocrx_word' id='word_1_136' title='bbox 965 2091 1257 2134; x_wconf 83' lang='lat' dir='ltr'><strong>censemus</strong></span> <span class='ocrx_word' id='word_1_137' title='bbox 1296 2082 1546 2138; x_wconf 70' lang='lat' dir='ltr'><strong>haeresim</strong></span> <span class='ocrx_word' id='word_1_138' title='bbox 1577 2102 1792 2152; x_wconf 90' lang='lat' dir='ltr'><strong>eorum,</strong></span> <span class='ocrx_word' id='word_1_139' title='bbox 1839 2091 1934 2159; x_wconf 87' lang='lat' dir='ltr'><strong>qui</strong></span> <span class='ocrx_word' id='word_1_140' title='bbox 1973 2108 2080 2145; x_wconf 89' lang='lat' dir='ltr'><strong>non</strong></span> <span class='ocrx_word' id='word_1_141' title='bbox 2111 2094 2278 2162; x_wconf 82' lang='lat' dir='ltr'><strong>proti-</strong></span> 
     </span>
    </p>
   </div>
   <div class='ocr_carea' id='block_1_23' title="bbox 712 2167 2273 2251">
    <p class='ocr_par' dir='ltr' id='par_1_23' title="bbox 712 2167 2273 2251">
     <span class='ocr_line' id='line_1_23' title="bbox 712 2167 2273 2251; baseline 0.015 -37"><span class='ocrx_word' id='word_1_142' title='bbox 712 2173 899 2219; x_wconf 92' lang='lat' dir='ltr'><strong>Ientur</strong></span> <span class='ocrx_word' id='word_1_143' title='bbox 928 2167 1128 2222; x_wconf 87' lang='lat' dir='ltr'><strong>Filium</strong></span> <span class='ocrx_word' id='word_1_144' title='bbox 1180 2171 1273 2226; x_wconf 90' lang='lat' dir='ltr'><strong>Dei</strong></span> <span class='ocrx_word' id='word_1_145' title='bbox 1319 2177 1664 2246; x_wconf 77' lang='lat' dir='ltr'><strong>unigenitum</strong></span> <span class='ocrx_word' id='word_1_146' title='bbox 1699 2197 1765 2234; x_wconf 81' lang='lat' dir='ltr'><strong>ex</strong></span> <span class='ocrx_word' id='word_1_147' title='bbox 1808 2183 2020 2251; x_wconf 82' lang='lat' dir='ltr'><strong>Spiritu</strong></span> <span class='ocrx_word' id='word_1_148' title='bbox 2061 2197 2273 2249; x_wconf 84' lang='lat' dir='ltr'><strong>sancto,</strong></span> 
     </span>
    </p>
   </div>
   <div class='ocr_carea' id='block_1_24' title="bbox 708 2264 2274 2345">
    <p class='ocr_par' dir='ltr' id='par_1_24' title="bbox 708 2264 2274 2345">
     <span class='ocr_line' id='line_1_24' title="bbox 708 2264 2274 2345; baseline 0.013 -36"><span class='ocrx_word' id='word_1_149' title='bbox 708 2267 763 2310; x_wconf 81' lang='lat' dir='ltr'><strong>ct</strong></span> <span class='ocrx_word' id='word_1_150' title='bbox 807 2271 996 2315; x_wconf 88' lang='lat' dir='ltr'><strong>sancta</strong></span> <span class='ocrx_word' id='word_1_151' title='bbox 1035 2264 1128 2317; x_wconf 89' lang='lat' dir='ltr'><strong>Dei</strong></span> <span class='ocrx_word' id='word_1_152' title='bbox 1162 2265 1442 2323; x_wconf 90' lang='lat' dir='ltr'><strong>Genitrice</strong></span> <span class='ocrx_word' id='word_1_153' title='bbox 1475 2286 1803 2341; x_wconf 85' lang='lat' dir='ltr'><strong>semperque</strong></span> <span class='ocrx_word' id='word_1_154' title='bbox 1846 2277 2060 2345; x_wconf 85' lang='lat' dir='ltr'><strong>virgine</strong></span> <span class='ocrx_word' id='word_1_155' title='bbox 2106 2280 2274 2332; x_wconf 77' lang='lat' dir='ltr'><strong>Maria</strong></span> 
     </span>
    </p>
   </div>
   <div class='ocr_carea' id='block_1_25' title="bbox 709 2351 2276 2426">
    <p class='ocr_par' dir='ltr' id='par_1_25' title="bbox 709 2351 2276 2426">
     <span class='ocr_line' id='line_1_25' title="bbox 709 2351 2276 2426; baseline 0.017 -26"><span class='ocrx_word' id='word_1_156' title='bbox 709 2363 834 2402; x_wconf 77' lang='lat' dir='ltr'><strong>vere</strong></span> <span class='ocrx_word' id='word_1_157' title='bbox 886 2351 1232 2410; x_wconf 86' lang='lat' dir='ltr'><strong>iucarnatum</strong></span> <span class='ocrx_word' id='word_1_158' title='bbox 1269 2370 1321 2413; x_wconf 91' lang='lat' dir='ltr'><strong>et</strong></span> <span class='ocrx_word' id='word_1_159' title='bbox 1367 2361 1646 2418; x_wconf 88' lang='lat' dir='ltr'><strong>hominem</strong></span> <span class='ocrx_word' id='word_1_160' title='bbox 1691 2365 1895 2420; x_wconf 82' lang='lat' dir='ltr'><strong>factum</strong></span> <span class='ocrx_word' id='word_1_161' title='bbox 1947 2385 2068 2424; x_wconf 89' lang='lat' dir='ltr'><strong>esse</strong></span> <span class='ocrx_word' id='word_1_162' title='bbox 2113 2388 2126 2422; x_wconf 89' lang='lat'>:</span> <span class='ocrx_word' id='word_1_163' title='bbox 2179 2373 2276 2426; x_wconf 85' lang='lat' dir='ltr'><strong>sed</strong></span> 
     </span>
    </p>
   </div>
   <div class='ocr_carea' id='block_1_26' title="bbox 710 2444 2276 2532">
    <p class='ocr_par' dir='ltr' id='par_1_26' title="bbox 710 2444 2276 2532">
     <span class='ocr_line' id='line_1_26' title="bbox 710 2444 2276 2532; baseline 0.016 -40"><span class='ocrx_word' id='word_1_164' title='bbox 710 2452 804 2494; x_wconf 87' lang='lat' dir='ltr'><strong>aut</strong></span> <span class='ocrx_word' id='word_1_165' title='bbox 849 2444 916 2497; x_wconf 91' lang='lat' dir='ltr'><strong>de</strong></span> <span class='ocrx_word' id='word_1_166' title='bbox 966 2447 1106 2501; x_wconf 71' lang='lat' dir='ltr'><strong>cmlo</strong></span> <span class='ocrx_word' id='word_1_167' title='bbox 1146 2452 1385 2514; x_wconf 86' lang='lat' dir='ltr'><strong>venisse.</strong></span> <span class='ocrx_word' id='word_1_168' title='bbox 1448 2466 1543 2509; x_wconf 87' lang='lat' dir='ltr'><strong>aut</strong></span> <span class='ocrx_word' id='word_1_169' title='bbox 1597 2474 1696 2523; x_wconf 89' lang='lat' dir='ltr'><strong>per</strong></span> <span class='ocrx_word' id='word_1_170' title='bbox 1734 2459 2078 2527; x_wconf 78' lang='lat' dir='ltr'><strong>phantasiam</strong></span> <span class='ocrx_word' id='word_1_171' title='bbox 2112 2473 2276 2532; x_wconf 88' lang='lat' dir='ltr'><strong>atque</strong></span> 
     </span>
    </p>
   </div>
   <div class='ocr_carea' id='block_1_27' title="bbox 709 2537 2268 2624">
    <p class='ocr_par' dir='ltr' id='par_1_27' title="bbox 709 2537 2268 2624">
     <span class='ocr_line' id='line_1_27' title="bbox 709 2537 2268 2624; baseline 0.015 -39"><span class='ocrx_word' id='word_1_172' title='bbox 709 2537 1153 2606; x_wconf 82' lang='lat' dir='ltr'><strong>imaginationem</strong></span> <span class='ocrx_word' id='word_1_173' title='bbox 1185 2543 1460 2599; x_wconf 88' lang='lat' dir='ltr'><strong>hominem</strong></span> <span class='ocrx_word' id='word_1_174' title='bbox 1495 2549 1866 2604; x_wconf 79' lang='lat' dir='ltr'><strong>existimatum</strong></span> <span class='ocrx_word' id='word_1_175' title='bbox 1908 2569 2054 2617; x_wconf 88' lang='lat' dir='ltr'><strong>esse,</strong></span> <span class='ocrx_word' id='word_1_176' title='bbox 2080 2557 2268 2624; x_wconf 90' lang='lat' dir='ltr'><strong>prodi-</strong></span> 
     </span>
    </p>
   </div>
   <div class='ocr_carea' id='block_1_28' title="bbox 708 2630 2277 2712">
    <p class='ocr_par' dir='ltr' id='par_1_28' title="bbox 708 2630 2277 2712">
     <span class='ocr_line' id='line_1_28' title="bbox 708 2630 2277 2712; baseline 0.013 -33"><span class='ocrx_word' id='word_1_177' title='bbox 708 2630 858 2696; x_wconf 63' lang='lat' dir='ltr'><strong>giose</strong></span> <span class='ocrx_word' id='word_1_178' title='bbox 905 2633 1202 2692; x_wconf 89' lang='lat' dir='ltr'><strong>blaterant.</strong></span> <span class='ocrx_word' id='word_1_179' title='bbox 1245 2638 1474 2693; x_wconf 87' lang='lat' dir='ltr'><strong>Omnem</strong></span> <span class='ocrx_word' id='word_1_180' title='bbox 1526 2640 1766 2712; x_wconf 89' lang='lat' dir='ltr'><strong>denique</strong></span> <span class='ocrx_word' id='word_1_181' title='bbox 1805 2645 2056 2699; x_wconf 67' lang='lat' dir='ltr'><strong>haeresim</strong></span> <span class='ocrx_word' id='word_1_182' title='bbox 2090 2647 2277 2712; x_wconf 85' lang='lat' dir='ltr'><strong>aliain,</strong></span> 
     </span>
    </p>
   </div>
   <div class='ocr_carea' id='block_1_29' title="bbox 707 2723 2281 2800">
    <p class='ocr_par' dir='ltr' id='par_1_29' title="bbox 707 2723 2281 2800">
     <span class='ocr_line' id='line_1_29' title="bbox 707 2723 2281 2800; baseline 0.012 -26"><span class='ocrx_word' id='word_1_183' title='bbox 707 2733 763 2774; x_wconf 85' lang='lat' dir='ltr'><strong>et</strong></span> <span class='ocrx_word' id='word_1_184' title='bbox 815 2723 860 2778; x_wconf 88' lang='lat' dir='ltr'><strong>si</strong></span> <span class='ocrx_word' id='word_1_185' title='bbox 912 2725 1042 2794; x_wconf 90' lang='lat' dir='ltr'><strong>quid</strong></span> <span class='ocrx_word' id='word_1_186' title='bbox 1093 2729 1244 2782; x_wconf 90' lang='lat' dir='ltr'><strong>aliud</strong></span> <span class='ocrx_word' id='word_1_187' title='bbox 1299 2740 1566 2800; x_wconf 87' lang='lat' dir='ltr'><strong>tempore,</strong></span> <span class='ocrx_word' id='word_1_188' title='bbox 1615 2735 1799 2799; x_wconf 91' lang='lat' dir='ltr'><strong>modo,</strong></span> <span class='ocrx_word' id='word_1_189' title='bbox 1851 2745 1908 2789; x_wconf 92' lang='lat' dir='ltr'><strong>et</strong></span> <span class='ocrx_word' id='word_1_190' title='bbox 1945 2737 2069 2790; x_wconf 90' lang='lat' dir='ltr'><strong>loco</strong></span> <span class='ocrx_word' id='word_1_191' title='bbox 2128 2740 2281 2793; x_wconf 91' lang='lat' dir='ltr'><strong>orbis</strong></span> 
     </span>
    </p>
   </div>
   <div class='ocr_carea' id='block_1_30' title="bbox 711 2815 2280 2892">
    <p class='ocr_par' dir='ltr' id='par_1_30' title="bbox 711 2815 2280 2892">
     <span class='ocr_line' id='line_1_30' title="bbox 711 2815 2280 2892; baseline 0.015 -28"><span class='ocrx_word' id='word_1_192' title='bbox 711 2815 956 2870; x_wconf 78' lang='lat' dir='ltr'><strong>universi</strong></span> <span class='ocrx_word' id='word_1_193' title='bbox 995 2835 1331 2889; x_wconf 90' lang='lat' dir='ltr'><strong>quocunque</strong></span> <span class='ocrx_word' id='word_1_194' title='bbox 1361 2827 1446 2877; x_wconf 89' lang='lat' dir='ltr'><strong>vel</strong></span> <span class='ocrx_word' id='word_1_195' title='bbox 1484 2827 1690 2892; x_wconf 88' lang='lat' dir='ltr'><strong>verbis,</strong></span> <span class='ocrx_word' id='word_1_196' title='bbox 1737 2828 1822 2882; x_wconf 87' lang='lat' dir='ltr'><strong>vel</strong></span> <span class='ocrx_word' id='word_1_197' title='bbox 1856 2830 2150 2884; x_wconf 86' lang='lat' dir='ltr'><strong>sententiis</strong></span> <span class='ocrx_word' id='word_1_198' title='bbox 2182 2832 2280 2886; x_wconf 86' lang='lat' dir='ltr'><strong>ad-</strong></span> 
     </span>
    </p>
   </div>
   <div class='ocr_carea' id='block_1_31' title="bbox 713 2914 2280 2984">
    <p class='ocr_par' dir='ltr' id='par_1_31' title="bbox 713 2914 2280 2984">
     <span class='ocr_line' id='line_1_31' title="bbox 713 2914 2280 2984; baseline 0.014 -27"><span class='ocrx_word' id='word_1_199' title='bbox 713 2923 902 2962; x_wconf 75' lang='lat' dir='ltr'><strong>versus</strong></span> <span class='ocrx_word' id='word_1_200' title='bbox 940 2927 1155 2966; x_wconf 90' lang='lat' dir='ltr'><strong>sacrum</strong></span> <span class='ocrx_word' id='word_1_201' title='bbox 1187 2914 1503 2984; x_wconf 78' lang='lat' dir='ltr'><strong>Symbolum</strong></span> <span class='ocrx_word' id='word_1_202' title='bbox 1537 2932 1796 2973; x_wconf 86' lang='lat' dir='ltr'><strong>novatum</strong></span> <span class='ocrx_word' id='word_1_203' title='bbox 1843 2932 1946 2977; x_wconf 87' lang='lat' dir='ltr'><strong>est.</strong></span> <span class='ocrx_word' id='word_1_204' title='bbox 1995 2922 2101 2978; x_wconf 86' lang='lat' dir='ltr'><strong>Sed</strong></span> <span class='ocrx_word' id='word_1_205' title='bbox 2132 2926 2280 2979; x_wconf 85' lang='lat' dir='ltr'><strong>enim</strong></span> 
     </span>
    </p>
   </div>
   <div class='ocr_carea' id='block_1_32' title="bbox 715 3001 2280 3082">
    <p class='ocr_par' dir='ltr' id='par_1_32' title="bbox 715 3001 2280 3082">
     <span class='ocr_line' id='line_1_32' title="bbox 715 3001 2280 3082; baseline 0.015 -32"><span class='ocrx_word' id='word_1_206' title='bbox 715 3014 841 3050; x_wconf 84' lang='lat' dir='ltr'><strong>cum</strong></span> <span class='ocrx_word' id='word_1_207' title='bbox 874 3001 1148 3069; x_wconf 86' lang='lat' dir='ltr'><strong>imperiali</strong></span> <span class='ocrx_word' id='word_1_208' title='bbox 1178 3009 1540 3073; x_wconf 82' lang='lat' dir='ltr'><strong>providentia:</strong></span> <span class='ocrx_word' id='word_1_209' title='bbox 1567 3013 1803 3067; x_wconf 83' lang='lat' dir='ltr'><strong>maxime</strong></span> <span class='ocrx_word' id='word_1_210' title='bbox 1827 3018 2140 3082; x_wconf 83' lang='lat' dir='ltr'><strong>conveniat,</strong></span> <span class='ocrx_word' id='word_1_211' title='bbox 2170 3035 2280 3074; x_wconf 92' lang='lat' dir='ltr'><strong>non</strong></span> 
     </span>
    </p>
   </div>
   <div class='ocr_carea' id='block_1_33' title="bbox 715 3095 2282 3180">
    <p class='ocr_par' dir='ltr' id='par_1_33' title="bbox 715 3095 2282 3180">
     <span class='ocr_line' id='line_1_33' title="bbox 715 3095 2282 3180; baseline 0.015 -38"><span class='ocrx_word' id='word_1_212' title='bbox 715 3095 1084 3158; x_wconf 73' lang='lat' dir='ltr'><strong>praesentibus</strong></span> <span class='ocrx_word' id='word_1_213' title='bbox 1115 3101 1301 3164; x_wconf 84' lang='lat' dir='ltr'><strong>modo,</strong></span> <span class='ocrx_word' id='word_1_214' title='bbox 1343 3116 1533 3156; x_wconf 89' lang='lat' dir='ltr'><strong>verum</strong></span> <span class='ocrx_word' id='word_1_215' title='bbox 1575 3104 1742 3159; x_wconf 85' lang='lat' dir='ltr'><strong>etiam</strong></span> <span class='ocrx_word' id='word_1_216' title='bbox 1778 3106 1982 3164; x_wconf 77' lang='lat' dir='ltr'><strong>futuris</strong></span> <span class='ocrx_word' id='word_1_217' title='bbox 2017 3113 2282 3180; x_wconf 89' lang='lat' dir='ltr'><strong>tempori-</strong></span> 
     </span>
    </p>
   </div>
   <div class='ocr_carea' id='block_1_34' title="bbox 2374 628 3946 704">
    <p class='ocr_par' dir='ltr' id='par_1_34' title="bbox 2374 628 3946 704">
     <span class='ocr_line' id='line_1_34' title="bbox 2374 628 3946 704; baseline 0.009 -23"><span class='ocrx_word' id='word_1_218' title='bbox 2374 629 2466 699; x_wconf 75' lang='grc' dir='ltr'><strong>ρίᾳ</strong></span> <span class='ocrx_word' id='word_1_219' title='bbox 2496 631 2560 698; x_wconf 80' lang='grc' dir='ltr'>τῇ</span> <span class='ocrx_word' id='word_1_220' title='bbox 2588 628 2741 700; x_wconf 81' lang='grc' dir='ltr'>λήξει</span> <span class='ocrx_word' id='word_1_221' title='bbox 2768 631 3094 700; x_wconf 84' lang='grc' dir='ltr'>γενομένους</span> <span class='ocrx_word' id='word_1_222' title='bbox 3123 634 3387 704; x_wconf 78' lang='grc' dir='ltr'>βασιλεῖς,</span> <span class='ocrx_word' id='word_1_223' title='bbox 3415 637 3825 693; x_wconf 84' lang='grc' dir='ltr'>Κωνσταντίνον</span> <span class='ocrx_word' id='word_1_224' title='bbox 3851 645 3946 696; x_wconf 80' lang='grc' dir='ltr'>καὶ</span> 
     </span>
    </p>
   </div>
   <div class='ocr_carea' id='block_1_35' title="bbox 2372 721 3947 800">
    <p class='ocr_par' dir='ltr' id='par_1_35' title="bbox 2372 721 3947 800">
     <span class='ocr_line' id='line_1_35' title="bbox 2372 721 3947 800; baseline 0.008 -27"><span class='ocrx_word' id='word_1_225' title='bbox 2372 721 2655 774; x_wconf 76' lang='grc' dir='ltr'><strong>Θεοδόσιον</strong></span> <span class='ocrx_word' id='word_1_226' title='bbox 2687 725 2778 775; x_wconf 79' lang='grc' dir='ltr'><strong>τὸν</strong></span> <span class='ocrx_word' id='word_1_227' title='bbox 2812 725 2931 777; x_wconf 79' lang='grc' dir='ltr'>νέον</span> <span class='ocrx_word' id='word_1_228' title='bbox 2951 738 2965 754; x_wconf 85' lang='grc'><strong><em>⁸</em></strong></span> <span class='ocrx_word' id='word_1_229' title='bbox 3002 727 3184 795; x_wconf 81' lang='grc' dir='ltr'>ἁκυρὰ</span> <span class='ocrx_word' id='word_1_230' title='bbox 3205 743 3263 780; x_wconf 87' lang='grc' dir='ltr'><strong>τε</strong></span> <span class='ocrx_word' id='word_1_231' title='bbox 3291 728 3463 791; x_wconf 79' lang='grc' dir='ltr'>οὕτως</span> <span class='ocrx_word' id='word_1_232' title='bbox 3491 729 3780 800; x_wconf 83' lang='grc' dir='ltr'>γινόμενα,</span> <span class='ocrx_word' id='word_1_233' title='bbox 3811 750 3947 785; x_wconf 86' lang='grc' dir='ltr'>παν-</span> 
     </span>
    </p>
   </div>
   <div class='ocr_carea' id='block_1_36' title="bbox 2373 813 3944 898">
    <p class='ocr_par' dir='ltr' id='par_1_36' title="bbox 2373 813 3944 898">
     <span class='ocr_line' id='line_1_36' title="bbox 2373 813 3944 898; baseline 0.013 -36"><span class='ocrx_word' id='word_1_234' title='bbox 2373 813 2544 875; x_wconf 86' lang='grc' dir='ltr'>τελῶς</span> <span class='ocrx_word' id='word_1_235' title='bbox 2600 815 2960 872; x_wconf 80' lang='grc' dir='ltr'>ἐκϐάλλεσθαι</span> <span class='ocrx_word' id='word_1_236' title='bbox 2992 820 3090 885; x_wconf 83' lang='grc' dir='ltr'>τῆς</span> <span class='ocrx_word' id='word_1_237' title='bbox 3126 823 3255 888; x_wconf 80' lang='grc' dir='ltr'>μιᾶς</span> <span class='ocrx_word' id='word_1_238' title='bbox 3283 823 3377 875; x_wconf 68' lang='grc' dir='ltr'><strong>καὶ</strong></span> <span class='ocrx_word' id='word_1_239' title='bbox 3430 825 3602 894; x_wconf 88' lang='grc' dir='ltr'>μόνης</span> <span class='ocrx_word' id='word_1_240' title='bbox 3649 826 3944 898; x_wconf 77' lang='grc' dir='ltr'>καθολικῆς</span> 
     </span>
    </p>
   </div>
   <div class='ocr_carea' id='block_1_37' title="bbox 2375 906 3948 989">
    <p class='ocr_par' dir='ltr' id='par_1_37' title="bbox 2375 906 3948 989">
     <span class='ocr_line' id='line_1_37' title="bbox 2375 906 3948 989; baseline 0.011 -33"><span class='ocrx_word' id='word_1_241' title='bbox 2375 906 2468 957; x_wconf 78' lang='grc' dir='ltr'>καὶ</span> <span class='ocrx_word' id='word_1_242' title='bbox 2508 907 2877 979; x_wconf 81' lang='grc' dir='ltr'>ἁποστολικῆς</span> <span class='ocrx_word' id='word_1_243' title='bbox 2924 910 3208 979; x_wconf 79' lang='grc' dir='ltr'>ὸρθοδόξου</span> <span class='ocrx_word' id='word_1_244' title='bbox 3240 914 3608 985; x_wconf 74' lang='grc' dir='ltr'>Ἐκκλησίαςο</span> <span class='ocrx_word' id='word_1_245' title='bbox 3649 919 3724 982; x_wconf 84' lang='grc' dir='ltr'>ὠς</span> <span class='ocrx_word' id='word_1_246' title='bbox 3760 922 3948 989; x_wconf 89' lang='grc' dir='ltr'>μεταί-</span> 
     </span>
    </p>
   </div>
   <div class='ocr_carea' id='block_1_38' title="bbox 2379 1001 3945 1082">
    <p class='ocr_par' dir='ltr' id='par_1_38' title="bbox 2379 1001 3945 1082">
     <span class='ocr_line' id='line_1_38' title="bbox 2379 1001 3945 1082; baseline 0.011 -34"><span class='ocrx_word' id='word_1_247' title='bbox 2379 1015 2538 1066; x_wconf 82' lang='grc' dir='ltr'>ροντα</span> <span class='ocrx_word' id='word_1_248' title='bbox 2589 1002 2657 1053; x_wconf 84' lang='grc' dir='ltr'><strong>τὰ</strong></span> <span class='ocrx_word' id='word_1_249' title='bbox 2689 1001 2883 1055; x_wconf 87' lang='grc' dir='ltr'>αίώνια</span> <span class='ocrx_word' id='word_1_250' title='bbox 2914 1005 3010 1057; x_wconf 84' lang='grc' dir='ltr'>καὶ</span> <span class='ocrx_word' id='word_1_251' title='bbox 3049 1007 3296 1076; x_wconf 83' lang='grc' dir='ltr'>σωτήρια</span> <span class='ocrx_word' id='word_1_252' title='bbox 3353 1008 3464 1062; x_wconf 85' lang='grc' dir='ltr'>τῶν</span> <span class='ocrx_word' id='word_1_253' title='bbox 3512 1013 3843 1080; x_wconf 72' lang='grc' dir='ltr'><strong>τριακοσίων</strong></span> <span class='ocrx_word' id='word_1_254' title='bbox 3875 1011 3945 1082; x_wconf 90' lang='grc' dir='ltr'>ιη’</span> 
     </span>
    </p>
   </div>
   <div class='ocr_carea' id='block_1_39' title="bbox 2375 1092 3949 1175">
    <p class='ocr_par' dir='ltr' id='par_1_39' title="bbox 2375 1092 3949 1175">
     <span class='ocr_line' id='line_1_39' title="bbox 2375 1092 3949 1175; baseline 0.011 -33"><span class='ocrx_word' id='word_1_255' title='bbox 2375 1092 2546 1159; x_wconf 88' lang='grc' dir='ltr'>ἁγίων</span> <span class='ocrx_word' id='word_1_256' title='bbox 2579 1095 2836 1164; x_wconf 87' lang='grc' dir='ltr'>Πατέρων</span> <span class='ocrx_word' id='word_1_257' title='bbox 2864 1098 3010 1167; x_wconf 84' lang='grc' dir='ltr'>ὅρια.</span> <span class='ocrx_word' id='word_1_258' title='bbox 3049 1099 3146 1153; x_wconf 84' lang='grc' dir='ltr'>καὶ</span> <span class='ocrx_word' id='word_1_259' title='bbox 3183 1102 3251 1153; x_wconf 79' lang='grc' dir='ltr'>τὰ</span> <span class='ocrx_word' id='word_1_260' title='bbox 3277 1102 3387 1155; x_wconf 84' lang='grc' dir='ltr'>τῶν</span> <span class='ocrx_word' id='word_1_261' title='bbox 3441 1105 3729 1175; x_wconf 79' lang='grc' dir='ltr'>μακαρίων</span> <span class='ocrx_word' id='word_1_262' title='bbox 3776 1107 3949 1159; x_wconf 82' lang='grc' dir='ltr'>Πατέ-</span> 
     </span>
    </p>
   </div>
   <div class='ocr_carea' id='block_1_40' title="bbox 2379 1184 3948 1264">
    <p class='ocr_par' dir='ltr' id='par_1_40' title="bbox 2379 1184 3948 1264">
     <span class='ocr_line' id='line_1_40' title="bbox 2379 1184 3948 1264; baseline 0.011 -29"><span class='ocrx_word' id='word_1_263' title='bbox 2379 1199 2488 1252; x_wconf 91' lang='grc' dir='ltr'><strong>ρων</strong></span> <span class='ocrx_word' id='word_1_264' title='bbox 2521 1184 2630 1236; x_wconf 84' lang='grc' dir='ltr'>τῶν</span> <span class='ocrx_word' id='word_1_265' title='bbox 2673 1186 2813 1254; x_wconf 86' lang='grc' dir='ltr'>ἁγίῳ</span> <span class='ocrx_word' id='word_1_266' title='bbox 2864 1189 3148 1259; x_wconf 88' lang='grc' dir='ltr'>Πνεύματι</span> <span class='ocrx_word' id='word_1_267' title='bbox 3196 1192 3676 1264; x_wconf 86' lang='grc' dir='ltr'>διαγορευσάντων</span> <span class='ocrx_word' id='word_1_268' title='bbox 3715 1198 3948 1252; x_wconf 73' lang='grc' dir='ltr'>καὶτῶν</span> 
     </span>
    </p>
   </div>
   <div class='ocr_carea' id='block_1_41' title="bbox 2375 1276 3945 1359">
    <p class='ocr_par' dir='ltr' id='par_1_41' title="bbox 2375 1276 3945 1359">
     <span class='ocr_line' id='line_1_41' title="bbox 2375 1276 3945 1359; baseline 0.01 -33"><span class='ocrx_word' id='word_1_269' title='bbox 2375 1276 2516 1327; x_wconf 89' lang='grc' dir='ltr'>κατὰ</span> <span class='ocrx_word' id='word_1_270' title='bbox 2551 1277 2649 1346; x_wconf 80' lang='grc' dir='ltr'>τὴν</span> <span class='ocrx_word' id='word_1_271' title='bbox 2688 1278 2975 1346; x_wconf 81' lang='grc' dir='ltr'>Ἐφεσίων.</span> <span class='ocrx_word' id='word_1_272' title='bbox 3015 1285 3193 1348; x_wconf 86' lang='grc' dir='ltr'>Ὀλως</span> <span class='ocrx_word' id='word_1_273' title='bbox 3222 1288 3278 1339; x_wconf 88' lang='grc' dir='ltr'>δὲ</span> <span class='ocrx_word' id='word_1_274' title='bbox 3304 1287 3379 1356; x_wconf 82' lang='grc' dir='ltr'>μὴ</span> <span class='ocrx_word' id='word_1_275' title='bbox 3411 1289 3615 1351; x_wconf 78' lang='grc' dir='ltr'>ἐξεῖναί</span> <span class='ocrx_word' id='word_1_276' title='bbox 3646 1306 3776 1342; x_wconf 90' lang='grc' dir='ltr'>ποτε</span> <span class='ocrx_word' id='word_1_277' title='bbox 3804 1290 3945 1359; x_wconf 87' lang='grc' dir='ltr'>μήτε</span> 
     </span>
    </p>
   </div>
   <div class='ocr_carea' id='block_1_42' title="bbox 2379 1366 3947 1447">
    <p class='ocr_par' dir='ltr' id='par_1_42' title="bbox 2379 1366 3947 1447">
     <span class='ocr_line' id='line_1_42' title="bbox 2379 1366 3947 1447; baseline 0.011 -31"><span class='ocrx_word' id='word_1_278' title='bbox 2379 1366 2568 1434; x_wconf 78' lang='grc' dir='ltr'>ἱερέων</span> <span class='ocrx_word' id='word_1_279' title='bbox 2605 1369 2742 1436; x_wconf 82' lang='grc' dir='ltr'>μήτε</span> <span class='ocrx_word' id='word_1_280' title='bbox 2798 1371 3002 1424; x_wconf 87' lang='grc' dir='ltr'>λαῖκῶν</span> <span class='ocrx_word' id='word_1_281' title='bbox 3055 1391 3163 1427; x_wconf 88' lang='grc' dir='ltr'>τινι</span> <span class='ocrx_word' id='word_1_282' title='bbox 3190 1377 3293 1445; x_wconf 82' lang='grc' dir='ltr'>τῆς</span> <span class='ocrx_word' id='word_1_283' title='bbox 3327 1376 3423 1430; x_wconf 91' lang='grc' dir='ltr'><strong>τοῦ</strong></span> <span class='ocrx_word' id='word_1_284' title='bbox 3459 1379 3619 1445; x_wconf 83' lang='grc' dir='ltr'>ἁγίου</span> <span class='ocrx_word' id='word_1_285' title='bbox 3670 1380 3947 1447; x_wconf 84' lang='grc' dir='ltr'>συμϐόλου</span> 
     </span>
    </p>
   </div>
   <div class='ocr_carea' id='block_1_43' title="bbox 2378 1455 3950 1541">
    <p class='ocr_par' dir='ltr' id='par_1_43' title="bbox 2378 1455 3950 1541">
     <span class='ocr_line' id='line_1_43' title="bbox 2378 1455 3950 1541; baseline 0.012 -35"><span class='ocrx_word' id='word_1_286' title='bbox 2378 1455 2663 1526; x_wconf 81' lang='grc' dir='ltr'><strong>θειοτάτης</strong></span> <span class='ocrx_word' id='word_1_287' title='bbox 2692 1461 2908 1530; x_wconf 77' lang='grc' dir='ltr'>ἐκείνης</span> <span class='ocrx_word' id='word_1_288' title='bbox 2941 1465 3262 1532; x_wconf 81' lang='grc' dir='ltr'>νομοθεσίας</span> <span class='ocrx_word' id='word_1_289' title='bbox 3292 1468 3561 1522; x_wconf 78' lang='grc' dir='ltr'>ποιεῖσθαί</span> <span class='ocrx_word' id='word_1_290' title='bbox 3589 1488 3711 1522; x_wconf 89' lang='grc' dir='ltr'>τινα</span> <span class='ocrx_word' id='word_1_291' title='bbox 3742 1472 3950 1541; x_wconf 80' lang='grc' dir='ltr'>παρέκ·</span> 
     </span>
    </p>
   </div>
   <div class='ocr_carea' id='block_1_44' title="bbox 2377 1541 3943 1628">
    <p class='ocr_par' dir='ltr' id='par_1_44' title="bbox 2377 1541 3943 1628">
     <span class='ocr_line' id='line_1_44' title="bbox 2377 1541 3943 1628; baseline 0.013 -35"><span class='ocrx_word' id='word_1_292' title='bbox 2377 1541 2560 1595; x_wconf 84' lang='grc' dir='ltr'>ϐασιν’</span> <span class='ocrx_word' id='word_1_293' title='bbox 2596 1545 3094 1613; x_wconf 81' lang='grc' dir='ltr'>ἁναθεματίζεσθαι</span> <span class='ocrx_word' id='word_1_294' title='bbox 3125 1552 3182 1605; x_wconf 73' lang='grc' dir='ltr'>δὲ</span> <span class='ocrx_word' id='word_1_295' title='bbox 3221 1556 3319 1607; x_wconf 79' lang='grc' dir='ltr'>σὺν</span> <span class='ocrx_word' id='word_1_296' title='bbox 3351 1557 3556 1620; x_wconf 81' lang='grc' dir='ltr'>πάσαις</span> <span class='ocrx_word' id='word_1_297' title='bbox 3586 1561 3709 1622; x_wconf 72' lang='grc' dir='ltr'>ταῖς</span> <span class='ocrx_word' id='word_1_298' title='bbox 3777 1577 3943 1628; x_wconf 88' lang='grc' dir='ltr'>γεγε-</span> 
     </span>
    </p>
   </div>
   <div class='ocr_carea' id='block_1_45' title="bbox 2376 1637 3946 1718">
    <p class='ocr_par' dir='ltr' id='par_1_45' title="bbox 2376 1637 3946 1718">
     <span class='ocr_line' id='line_1_45' title="bbox 2376 1637 3946 1718; baseline 0.014 -32"><span class='ocrx_word' id='word_1_299' title='bbox 2376 1653 2439 1705; x_wconf 90' lang='grc' dir='ltr'><strong>νη</strong></span> <span class='ocrx_word' id='word_1_300' title='bbox 2451 1637 2641 1705; x_wconf 87' lang='grc' dir='ltr'>μέναις</span> <span class='ocrx_word' id='word_1_301' title='bbox 2667 1641 2725 1691; x_wconf 71' lang='grc' dir='ltr'>ἐν</span> <span class='ocrx_word' id='word_1_302' title='bbox 2756 1641 3058 1712; x_wconf 80' lang='grc' dir='ltr'>Χαλκηδόνι</span> <span class='ocrx_word' id='word_1_303' title='bbox 3083 1649 3462 1718; x_wconf 73' lang='grc' dir='ltr'>καινοτομίαις</span> <span class='ocrx_word' id='word_1_304' title='bbox 3505 1654 3647 1704; x_wconf 88' lang='grc' dir='ltr'><strong>κατὰ</strong></span> <span class='ocrx_word' id='word_1_305' title='bbox 3668 1652 3761 1706; x_wconf 90' lang='grc' dir='ltr'><strong>τοῦ</strong></span> <span class='ocrx_word' id='word_1_306' title='bbox 3795 1653 3946 1707; x_wconf 87' lang='grc' dir='ltr'>θείου</span> 
     </span>
    </p>
   </div>
   <div class='ocr_carea' id='block_1_46' title="bbox 2377 1729 3948 1810">
    <p class='ocr_par' dir='ltr' id='par_1_46' title="bbox 2377 1729 3948 1810">
     <span class='ocr_line' id='line_1_46' title="bbox 2377 1729 3948 1810; baseline 0.011 -31"><span class='ocrx_word' id='word_1_307' title='bbox 2377 1729 2670 1797; x_wconf 89' lang='grc' dir='ltr'>συμϐόλου,</span> <span class='ocrx_word' id='word_1_308' title='bbox 2700 1734 2794 1786; x_wconf 81' lang='grc' dir='ltr'>καὶ</span> <span class='ocrx_word' id='word_1_309' title='bbox 2821 1732 2922 1804; x_wconf 80' lang='grc' dir='ltr'>τὴν</span> <span class='ocrx_word' id='word_1_310' title='bbox 2951 1736 3163 1805; x_wconf 77' lang='grc' dir='ltr'>αἵρεσιν</span> <span class='ocrx_word' id='word_1_311' title='bbox 3187 1737 3296 1792; x_wconf 82' lang='grc' dir='ltr'><strong>τῶν</strong></span> <span class='ocrx_word' id='word_1_312' title='bbox 3318 1740 3394 1809; x_wconf 80' lang='grc' dir='ltr'><strong>μὴ</strong></span> <span class='ocrx_word' id='word_1_313' title='bbox 3419 1742 3829 1810; x_wconf 79' lang='grc' dir='ltr'>ὁμολογούντων</span> <span class='ocrx_word' id='word_1_314' title='bbox 3854 1746 3948 1798; x_wconf 84' lang='grc' dir='ltr'>τὸν</span> 
     </span>
    </p>
   </div>
   <div class='ocr_carea' id='block_1_47' title="bbox 2379 1822 3951 1903">
    <p class='ocr_par' dir='ltr' id='par_1_47' title="bbox 2379 1822 3951 1903">
     <span class='ocr_line' id='line_1_47' title="bbox 2379 1822 3951 1903; baseline 0.011 -30"><span class='ocrx_word' id='word_1_315' title='bbox 2379 1822 2506 1876; x_wconf 76' lang='grc' dir='ltr'>Υίὸν</span> <span class='ocrx_word' id='word_1_316' title='bbox 2533 1825 2626 1876; x_wconf 89' lang='grc' dir='ltr'><strong>τοῦ</strong></span> <span class='ocrx_word' id='word_1_317' title='bbox 2654 1825 2790 1878; x_wconf 83' lang='grc' dir='ltr'>Θεοῦ</span> <span class='ocrx_word' id='word_1_318' title='bbox 2823 1826 2914 1879; x_wconf 74' lang='grc' dir='ltr'><strong>τὸν</strong></span> <span class='ocrx_word' id='word_1_319' title='bbox 2939 1831 3204 1900; x_wconf 71' lang='grc' dir='ltr'>μονογενῆ</span> <span class='ocrx_word' id='word_1_320' title='bbox 3229 1831 3293 1883; x_wconf 79' lang='grc' dir='ltr'>ὲκ</span> <span class='ocrx_word' id='word_1_321' title='bbox 3328 1833 3647 1902; x_wconf 83' lang='grc' dir='ltr'>Πνεύματος</span> <span class='ocrx_word' id='word_1_322' title='bbox 3669 1837 3827 1903; x_wconf 82' lang='grc' dir='ltr'>ἁγίου</span> <span class='ocrx_word' id='word_1_323' title='bbox 3855 1839 3951 1890; x_wconf 80' lang='grc' dir='ltr'>καὶ</span> 
     </span>
    </p>
   </div>
   <div class='ocr_carea' id='block_1_48' title="bbox 2377 1916 3952 1999">
    <p class='ocr_par' dir='ltr' id='par_1_48' title="bbox 2377 1916 3952 1999">
     <span class='ocr_line' id='line_1_48' title="bbox 2377 1916 3952 1999; baseline 0.013 -34"><span class='ocrx_word' id='word_1_324' title='bbox 2377 1916 2440 1966; x_wconf 85' lang='grc' dir='ltr'>ὲκ</span> <span class='ocrx_word' id='word_1_325' title='bbox 2493 1917 2589 1985; x_wconf 78' lang='grc' dir='ltr'>τῆς</span> <span class='ocrx_word' id='word_1_326' title='bbox 2635 1917 2795 1984; x_wconf 85' lang='grc' dir='ltr'>ἁγίας</span> <span class='ocrx_word' id='word_1_327' title='bbox 2845 1918 3112 1974; x_wconf 83' lang='grc' dir='ltr'>Θεοτόκου</span> <span class='ocrx_word' id='word_1_328' title='bbox 3162 1922 3257 1977; x_wconf 79' lang='grc' dir='ltr'>καὶ</span> <span class='ocrx_word' id='word_1_329' title='bbox 3306 1925 3672 1995; x_wconf 79' lang='grc' dir='ltr'>ἁειπαρθένου</span> <span class='ocrx_word' id='word_1_330' title='bbox 3727 1930 3952 1999; x_wconf 85' lang='grc' dir='ltr'>Μαρίας</span> 
     </span>
    </p>
   </div>
   <div class='ocr_carea' id='block_1_49' title="bbox 2378 2006 3951 2089">
    <p class='ocr_par' dir='ltr' id='par_1_49' title="bbox 2378 2006 3951 2089">
     <span class='ocr_line' id='line_1_49' title="bbox 2378 2006 3951 2089; baseline 0.011 -33"><span class='ocrx_word' id='word_1_331' title='bbox 2378 2006 2520 2058; x_wconf 82' lang='grc' dir='ltr'><strong>κατὰ</strong></span> <span class='ocrx_word' id='word_1_332' title='bbox 2561 2007 2823 2076; x_wconf 82' lang='grc' dir='ltr'>ἀλήθειαν</span> <span class='ocrx_word' id='word_1_333' title='bbox 2877 2011 3230 2079; x_wconf 66' lang='grc' dir='ltr'>σαρκωθέντα</span> <span class='ocrx_word' id='word_1_334' title='bbox 3273 2017 3369 2069; x_wconf 78' lang='grc' dir='ltr'>καὶ</span> <span class='ocrx_word' id='word_1_335' title='bbox 3427 2018 3951 2089; x_wconf 82' lang='grc' dir='ltr'>ὲνανθρωπήσαντα,</span> 
     </span>
    </p>
   </div>
   <div class='ocr_carea' id='block_1_50' title="bbox 2377 2096 3953 2178">
    <p class='ocr_par' dir='ltr' id='par_1_50' title="bbox 2377 2096 3953 2178">
     <span class='ocr_line' id='line_1_50' title="bbox 2377 2096 3953 2178; baseline 0.01 -30"><span class='ocrx_word' id='word_1_336' title='bbox 2377 2096 2492 2149; x_wconf 82' lang='grc' dir='ltr'>ἀλλ’</span> <span class='ocrx_word' id='word_1_337' title='bbox 2524 2098 2555 2167; x_wconf 75' lang='grc' dir='ltr'>ἢ</span> <span class='ocrx_word' id='word_1_338' title='bbox 2598 2100 2656 2165; x_wconf 75' lang='grc' dir='ltr'>ἐξ</span> <span class='ocrx_word' id='word_1_339' title='bbox 2687 2101 2920 2170; x_wconf 86' lang='grc' dir='ltr'>οὐρανοῦ</span> <span class='ocrx_word' id='word_1_340' title='bbox 2953 2102 2987 2171; x_wconf 78' lang='grc' dir='ltr'><strong>ἢ</strong></span> <span class='ocrx_word' id='word_1_341' title='bbox 3047 2105 3188 2156; x_wconf 84' lang='grc' dir='ltr'><strong>κατὰ</strong></span> <span class='ocrx_word' id='word_1_342' title='bbox 3215 2106 3520 2172; x_wconf 72' lang='grc' dir='ltr'>φαντασίαν</span> <span class='ocrx_word' id='word_1_343' title='bbox 3575 2107 3672 2161; x_wconf 77' lang='grc' dir='ltr'>καὶ</span> <span class='ocrx_word' id='word_1_344' title='bbox 3727 2109 3953 2178; x_wconf 83' lang='grc' dir='ltr'>δόκησιν</span> 
     </span>
    </p>
   </div>
   <div class='ocr_carea' id='block_1_51' title="bbox 2376 2193 3951 2268">
    <p class='ocr_par' dir='ltr' id='par_1_51' title="bbox 2376 2193 3951 2268">
     <span class='ocr_line' id='line_1_51' title="bbox 2376 2193 3951 2268; baseline 0.009 -28"><span class='ocrx_word' id='word_1_345' title='bbox 2376 2193 2868 2262; x_wconf 85' lang='grc' dir='ltr'>τερατευομένους·</span> <span class='ocrx_word' id='word_1_346' title='bbox 2899 2195 3081 2247; x_wconf 81' lang='grc' dir='ltr'>πᾶσάν</span> <span class='ocrx_word' id='word_1_347' title='bbox 3111 2211 3168 2248; x_wconf 89' lang='grc' dir='ltr'><strong>τε</strong></span> <span class='ocrx_word' id='word_1_348' title='bbox 3195 2196 3387 2260; x_wconf 80' lang='grc' dir='ltr'>ἁπλῶς</span> <span class='ocrx_word' id='word_1_349' title='bbox 3422 2198 3657 2268; x_wconf 72' lang='grc' dir='ltr'>αἵρεσιν,</span> <span class='ocrx_word' id='word_1_350' title='bbox 3691 2202 3782 2254; x_wconf 77' lang='grc' dir='ltr'><strong>καὶ</strong></span> <span class='ocrx_word' id='word_1_351' title='bbox 3818 2202 3870 2252; x_wconf 88' lang='grc' dir='ltr'><strong>εί</strong></span> <span class='ocrx_word' id='word_1_352' title='bbox 3899 2218 3951 2254; x_wconf 91' lang='grc' dir='ltr'><strong>τι</strong></span> 
     </span>
    </p>
   </div>
   <div class='ocr_carea' id='block_1_52' title="bbox 2377 2281 3953 2362">
    <p class='ocr_par' dir='ltr' id='par_1_52' title="bbox 2377 2281 3953 2362">
     <span class='ocr_line' id='line_1_52' title="bbox 2377 2281 3953 2362; baseline 0.009 -30"><span class='ocrx_word' id='word_1_353' title='bbox 2377 2281 2568 2351; x_wconf 78' lang='grc' dir='ltr'>ἓτερον</span> <span class='ocrx_word' id='word_1_354' title='bbox 2598 2285 2655 2335; x_wconf 78' lang='grc' dir='ltr'>ἐν</span> <span class='ocrx_word' id='word_1_355' title='bbox 2684 2282 2781 2351; x_wconf 83' lang='grc' dir='ltr'>οἴῳ</span> <span class='ocrx_word' id='word_1_356' title='bbox 2811 2283 2875 2352; x_wconf 85' lang='grc' dir='ltr'>δή</span> <span class='ocrx_word' id='word_1_357' title='bbox 2908 2301 3038 2337; x_wconf 87' lang='grc' dir='ltr'>ποτε</span> <span class='ocrx_word' id='word_1_358' title='bbox 3087 2289 3266 2356; x_wconf 87' lang='grc' dir='ltr'>καιρῴ</span> <span class='ocrx_word' id='word_1_359' title='bbox 3299 2291 3393 2342; x_wconf 82' lang='grc' dir='ltr'>καὶ</span> <span class='ocrx_word' id='word_1_360' title='bbox 3435 2294 3622 2360; x_wconf 87' lang='grc' dir='ltr'>τρόπῳ</span> <span class='ocrx_word' id='word_1_361' title='bbox 3663 2292 3760 2345; x_wconf 78' lang='grc' dir='ltr'>καὶ</span> <span class='ocrx_word' id='word_1_362' title='bbox 3802 2293 3953 2362; x_wconf 81' lang='grc' dir='ltr'>τόπῳ</span> 
     </span>
    </p>
   </div>
   <div class='ocr_carea' id='block_1_53' title="bbox 2378 2374 3954 2449">
    <p class='ocr_par' dir='ltr' id='par_1_53' title="bbox 2378 2374 3954 2449">
     <span class='ocr_line' id='line_1_53' title="bbox 2378 2374 3954 2449; baseline 0.01 -25"><span class='ocrx_word' id='word_1_363' title='bbox 2378 2375 2476 2442; x_wconf 81' lang='grc' dir='ltr'>τῆς</span> <span class='ocrx_word' id='word_1_364' title='bbox 2501 2374 2832 2444; x_wconf 77' lang='grc' dir='ltr'>οἰκουμένης</span> <span class='ocrx_word' id='word_1_365' title='bbox 2864 2376 3084 2447; x_wconf 84' lang='grc' dir='ltr'>ἁπάσης</span> <span class='ocrx_word' id='word_1_366' title='bbox 3111 2380 3253 2433; x_wconf 84' lang='grc' dir='ltr'><strong>κατὰ</strong></span> <span class='ocrx_word' id='word_1_367' title='bbox 3276 2381 3517 2435; x_wconf 86' lang='grc' dir='ltr'>διάνοιαν</span> <span class='ocrx_word' id='word_1_368' title='bbox 3547 2384 3642 2437; x_wconf 77' lang='grc' dir='ltr'>καὶ</span> <span class='ocrx_word' id='word_1_369' title='bbox 3679 2384 3826 2449; x_wconf 78' lang='grc' dir='ltr'>λέξιν</span> <span class='ocrx_word' id='word_1_370' title='bbox 3857 2386 3954 2439; x_wconf 77' lang='grc' dir='ltr'><strong>ἐπὶ</strong></span> 
     </span>
    </p>
   </div>
   <div class='ocr_carea' id='block_1_54' title="bbox 2381 2468 3951 2548">
    <p class='ocr_par' dir='ltr' id='par_1_54' title="bbox 2381 2468 3951 2548">
     <span class='ocr_line' id='line_1_54' title="bbox 2381 2468 3951 2548; baseline 0.011 -32"><span class='ocrx_word' id='word_1_371' title='bbox 2381 2468 2694 2537; x_wconf 84' lang='grc' dir='ltr'>παραϐάσει</span> <span class='ocrx_word' id='word_1_372' title='bbox 2754 2468 2850 2522; x_wconf 87' lang='grc' dir='ltr'><strong>τοῦ</strong></span> <span class='ocrx_word' id='word_1_373' title='bbox 2923 2471 3070 2524; x_wconf 85' lang='grc' dir='ltr'>θείου</span> <span class='ocrx_word' id='word_1_374' title='bbox 3131 2474 3404 2542; x_wconf 86' lang='grc' dir='ltr'>συμϐόλου</span> <span class='ocrx_word' id='word_1_375' title='bbox 3463 2478 3951 2548; x_wconf 82' lang='grc' dir='ltr'>κεκαινοτόμηται.</span> 
     </span>
    </p>
   </div>
   <div class='ocr_carea' id='block_1_55' title="bbox 2395 2561 3929 2642">
    <p class='ocr_par' dir='ltr' id='par_1_55' title="bbox 2395 2561 3929 2642">
     <span class='ocr_line' id='line_1_55' title="bbox 2395 2561 3929 2642; baseline 0.01 -32"><span class='ocrx_word' id='word_1_376' title='bbox 2395 2561 2613 2629; x_wconf 77' lang='grc' dir='ltr'>Ἐπειδὴ</span> <span class='ocrx_word' id='word_1_377' title='bbox 2650 2561 2708 2613; x_wconf 86' lang='grc' dir='ltr'>δὲ</span> <span class='ocrx_word' id='word_1_378' title='bbox 2735 2563 2997 2632; x_wconf 84' lang='grc' dir='ltr'>προνοίας</span> <span class='ocrx_word' id='word_1_379' title='bbox 3029 2565 3317 2635; x_wconf 75' lang='grc' dir='ltr'>βασιλικῆς</span> <span class='ocrx_word' id='word_1_380' title='bbox 3353 2569 3486 2620; x_wconf 79' lang='grc' dir='ltr'>[διον</span> <span class='ocrx_word' id='word_1_381' title='bbox 3515 2569 3591 2640; x_wconf 82' lang='grc' dir='ltr'>μὴ</span> <span class='ocrx_word' id='word_1_382' title='bbox 3621 2569 3716 2623; x_wconf 91' lang='grc' dir='ltr'><strong>τοῦ</strong></span> <span class='ocrx_word' id='word_1_383' title='bbox 3750 2573 3929 2642; x_wconf 88' lang='grc' dir='ltr'>παρόν</span> 
     </span>
    </p>
   </div>
   <div class='ocr_carea' id='block_1_56' title="bbox 2382 2653 3956 2733">
    <p class='ocr_par' dir='ltr' id='par_1_56' title="bbox 2382 2653 3956 2733">
     <span class='ocr_line' id='line_1_56' title="bbox 2382 2653 3956 2733; baseline 0.01 -32"><span class='ocrx_word' id='word_1_384' title='bbox 2382 2668 2472 2714; x_wconf 86' lang='grc' dir='ltr'><strong>τος</strong></span> <span class='ocrx_word' id='word_1_385' title='bbox 2525 2653 2719 2720; x_wconf 83' lang='grc' dir='ltr'>χρόνου</span> <span class='ocrx_word' id='word_1_386' title='bbox 2769 2656 2956 2723; x_wconf 88' lang='grc' dir='ltr'>μόνου,</span> <span class='ocrx_word' id='word_1_387' title='bbox 3019 2657 3157 2710; x_wconf 83' lang='grc' dir='ltr'><strong>ἁλλὰ</strong></span> <span class='ocrx_word' id='word_1_388' title='bbox 3211 2665 3305 2713; x_wconf 83' lang='grc' dir='ltr'>καὶ</span> <span class='ocrx_word' id='word_1_389' title='bbox 3366 2660 3461 2713; x_wconf 89' lang='grc' dir='ltr'><strong>τοῦ</strong></span> <span class='ocrx_word' id='word_1_390' title='bbox 3516 2662 3806 2731; x_wconf 85' lang='grc' dir='ltr'>μέλλοντος</span> <span class='ocrx_word' id='word_1_391' title='bbox 3855 2667 3956 2733; x_wconf 76' lang='grc' dir='ltr'>τὴν</span> 
     </span>
    </p>
   </div>
   <div class='ocr_carea' id='block_1_57' title="bbox 2382 2743 3955 2822">
    <p class='ocr_par' dir='ltr' id='par_1_57' title="bbox 2382 2743 3955 2822">
     <span class='ocr_line' id='line_1_57' title="bbox 2382 2743 3955 2822; baseline 0.009 -26"><span class='ocrx_word' id='word_1_392' title='bbox 2382 2743 2686 2812; x_wconf 77' lang='grc' dir='ltr'>ἀσφάλειαν</span> <span class='ocrx_word' id='word_1_393' title='bbox 2713 2748 2776 2800; x_wconf 82' lang='grc' dir='ltr'>ἐκ</span> <span class='ocrx_word' id='word_1_394' title='bbox 2807 2748 3178 2818; x_wconf 83' lang='grc' dir='ltr'>προορατικῆς</span> <span class='ocrx_word' id='word_1_395' title='bbox 3203 2751 3544 2822; x_wconf 83' lang='grc' dir='ltr'>διασκέψεως</span> <span class='ocrx_word' id='word_1_396' title='bbox 3572 2755 3955 2821; x_wconf 76' lang='grc' dir='ltr'>ἐπιδαψιλεύε-</span> 
     </span>
    </p>
   </div>
   <div class='ocr_carea' id='block_1_58' title="bbox 2382 2837 3955 2920">
    <p class='ocr_par' dir='ltr' id='par_1_58' title="bbox 2382 2837 3955 2920">
     <span class='ocr_line' id='line_1_58' title="bbox 2382 2837 3955 2920; baseline 0.009 -32"><span class='ocrx_word' id='word_1_397' title='bbox 2382 2837 2510 2889; x_wconf 85' lang='grc' dir='ltr'>σθαι</span> <span class='ocrx_word' id='word_1_398' title='bbox 2553 2839 2667 2900; x_wconf 86' lang='grc' dir='ltr'>τοῖς</span> <span class='ocrx_word' id='word_1_399' title='bbox 2727 2839 3012 2910; x_wconf 81' lang='grc' dir='ltr'>ὑπηκόοις,</span> <span class='ocrx_word' id='word_1_400' title='bbox 3068 2842 3402 2913; x_wconf 82' lang='grc' dir='ltr'>θεσπίζομεν</span> <span class='ocrx_word' id='word_1_401' title='bbox 3453 2848 3582 2910; x_wconf 87' lang='grc' dir='ltr'>τοὺς</span> <span class='ocrx_word' id='word_1_402' title='bbox 3634 2847 3955 2920; x_wconf 82' lang='grc' dir='ltr'>ἁπανταχοῦ</span> 
     </span>
    </p>
   </div>
   <div class='ocr_carea' id='block_1_59' title="bbox 2379 2930 3956 3014">
    <p class='ocr_par' dir='ltr' id='par_1_59' title="bbox 2379 2930 3956 3014">
     <span class='ocr_line' id='line_1_59' title="bbox 2379 2930 3956 3014; baseline 0.008 -32"><span class='ocrx_word' id='word_1_403' title='bbox 2379 2930 2707 2994; x_wconf 84' lang='grc' dir='ltr'>ὁσιωτάτους</span> <span class='ocrx_word' id='word_1_404' title='bbox 2730 2934 3063 2998; x_wconf 77' lang='grc' dir='ltr'>ἐπισκόπους</span> <span class='ocrx_word' id='word_1_405' title='bbox 3085 2937 3507 3009; x_wconf 80' lang='grc' dir='ltr'>ὲμφανιζομένῳ</span> <span class='ocrx_word' id='word_1_406' title='bbox 3527 2940 3608 3010; x_wconf 86' lang='grc' dir='ltr'>τῷ</span> <span class='ocrx_word' id='word_1_407' title='bbox 3631 2940 3760 3011; x_wconf 85' lang='grc' dir='ltr'>θείῳ</span> <span class='ocrx_word' id='word_1_408' title='bbox 3782 2944 3956 3014; x_wconf 59' lang='grc' dir='ltr'>τούτῳ</span> 
     </span>
    </p>
   </div>
   <div class='ocr_carea' id='block_1_60' title="bbox 2383 3023 3957 3105">
    <p class='ocr_par' dir='ltr' id='par_1_60' title="bbox 2383 3023 3957 3105">
     <span class='ocr_line' id='line_1_60' title="bbox 2383 3023 3957 3105; baseline 0.011 -32"><span class='ocrx_word' id='word_1_409' title='bbox 2383 3023 2541 3092; x_wconf 72' lang='grc' dir='ltr'>ἡμῶν</span> <span class='ocrx_word' id='word_1_410' title='bbox 2590 3023 2866 3094; x_wconf 72' lang='grc' dir='ltr'>ὲγκυκλίῳ</span> <span class='ocrx_word' id='word_1_411' title='bbox 2894 3027 3186 3095; x_wconf 84' lang='grc' dir='ltr'>γράμματι</span> <span class='ocrx_word' id='word_1_412' title='bbox 3237 3029 3714 3100; x_wconf 81' lang='grc' dir='ltr'>καθυπογράφειν,</span> <span class='ocrx_word' id='word_1_413' title='bbox 3765 3037 3957 3105; x_wconf 84' lang='grc' dir='ltr'>σαφῶς</span> 
     </span>
    </p>
   </div>
   <div class='ocr_carea' id='block_1_61' title="bbox 2384 3114 3958 3197">
    <p class='ocr_par' dir='ltr' id='par_1_61' title="bbox 2384 3114 3958 3197">
     <span class='ocr_line' id='line_1_61' title="bbox 2384 3114 3958 3197; baseline 0.011 -32"><span class='ocrx_word' id='word_1_414' title='bbox 2384 3114 2862 3184; x_wconf 87' lang='grc' dir='ltr'>καταμηνύοντας,</span> <span class='ocrx_word' id='word_1_415' title='bbox 2919 3117 3003 3169; x_wconf 82' lang='grc' dir='ltr'>ὅτι</span> <span class='ocrx_word' id='word_1_416' title='bbox 3057 3117 3122 3188; x_wconf 79' lang='grc' dir='ltr'>δὴ</span> <span class='ocrx_word' id='word_1_417' title='bbox 3178 3119 3327 3191; x_wconf 86' lang='grc' dir='ltr'>μόνῳ</span> <span class='ocrx_word' id='word_1_418' title='bbox 3360 3122 3436 3192; x_wconf 82' lang='grc' dir='ltr'>τῷ</span> <span class='ocrx_word' id='word_1_419' title='bbox 3491 3123 3623 3194; x_wconf 87' lang='grc' dir='ltr'>θείῳ</span> <span class='ocrx_word' id='word_1_420' title='bbox 3679 3127 3958 3197; x_wconf 85' lang='grc' dir='ltr'>στοιχοῦσι</span> 
     </span>
    </p>
   </div>
   <div class='ocr_carea' id='block_1_62' title="bbox 712 3185 2385 3291">
    <p class='ocr_par' dir='ltr' id='par_1_62' title="bbox 712 3185 2352 3271">
     <span class='ocr_line' id='line_1_62' title="bbox 712 3185 2352 3271; baseline 0.014 -34"><span class='ocrx_word' id='word_1_421' title='bbox 712 3185 816 3238; x_wconf 91' lang='lat' dir='ltr'><strong>bus</strong></span> <span class='ocrx_word' id='word_1_422' title='bbox 867 3190 1192 3255; x_wconf 88' lang='lat' dir='ltr'><strong>consulere,</strong></span> <span class='ocrx_word' id='word_1_423' title='bbox 1254 3202 1311 3248; x_wconf 91' lang='lat' dir='ltr'><strong>et</strong></span> <span class='ocrx_word' id='word_1_424' title='bbox 1359 3195 1574 3251; x_wconf 84' lang='lat' dir='ltr'><strong>civibus</strong></span> <span class='ocrx_word' id='word_1_425' title='bbox 1615 3199 1966 3271; x_wconf 80' lang='lat' dir='ltr'><strong>subditisque</strong></span> <span class='ocrx_word' id='word_1_426' title='bbox 2019 3216 2276 3259; x_wconf 80' lang='lat' dir='ltr'><strong>accurata</strong></span> <span class='ocrx_word' id='word_1_427' title='bbox 2307 3211 2352 3270; x_wconf 75' lang='grc' dir='ltr'>ο</span> 
     </span>
    </p>
   </div>
   <div class='ocr_carea' id='block_1_63' title="bbox 2285 3185 3958 3291">
    <p class='ocr_par' dir='ltr' id='par_1_63' title="bbox 2307 3185 3958 3291">
     <span class='ocr_line' id='line_1_63' title="bbox 2307 3185 3958 3291; baseline 0.01 -33"><span class='ocrx_word' id='word_1_428' title='bbox 2307 3211 2352 3270; x_wconf 81' lang='lat' dir='ltr'>c</span> <span class='ocrx_word' id='word_1_429' title='bbox 2385 3207 2642 3279; x_wconf 87' lang='grc' dir='ltr'>συμϐόλῳ</span> <span class='ocrx_word' id='word_1_430' title='bbox 2670 3209 2782 3262; x_wconf 86' lang='grc' dir='ltr'><strong>τῶν</strong></span> <span class='ocrx_word' id='word_1_431' title='bbox 2824 3208 2931 3278; x_wconf 82' lang='grc' dir='ltr'>τιη¹</span> <span class='ocrx_word' id='word_1_432' title='bbox 2961 3185 3135 3278; x_wconf 80' lang='grc' dir='ltr'>ἁγίων</span> <span class='ocrx_word' id='word_1_433' title='bbox 3179 3185 3465 3284; x_wconf 62' lang='grc' dir='ltr'>Πατέρων,</span> <span class='ocrx_word' id='word_1_434' title='bbox 3507 3185 3648 3287; x_wconf 66' lang='grc' dir='ltr'>ὃπέρ</span> <span class='ocrx_word' id='word_1_435' title='bbox 3677 3185 3958 3291; x_wconf 62' lang='grc' dir='ltr'>ἐπεσίρρά-</span> 
     </span>
    </p>
   </div>
   <div class='ocr_carea' id='block_1_64' title="bbox 713 3280 2283 3364">
    <p class='ocr_par' dir='ltr' id='par_1_64' title="bbox 713 3280 2283 3364">
     <span class='ocr_line' id='line_1_64' title="bbox 713 3280 2283 3364; baseline 0.013 -33"><span class='ocrx_word' id='word_1_436' title='bbox 713 3280 1118 3338; x_wconf 76' lang='lat' dir='ltr'><strong>deliberatione</strong></span> <span class='ocrx_word' id='word_1_437' title='bbox 1163 3285 1232 3339; x_wconf 86' lang='lat' dir='ltr'><strong>de</strong></span> <span class='ocrx_word' id='word_1_438' title='bbox 1285 3297 1435 3340; x_wconf 87' lang='lat' dir='ltr'><strong>certa</strong></span> <span class='ocrx_word' id='word_1_439' title='bbox 1487 3292 1889 3360; x_wconf 88' lang='lat' dir='ltr'><strong>tranquillitate</strong></span> <span class='ocrx_word' id='word_1_440' title='bbox 1943 3296 2283 3364; x_wconf 86' lang='lat' dir='ltr'><strong>prospicere,</strong></span> 
     </span>
    </p>
   </div>
   <div class='ocr_carea' id='block_1_65' title="bbox 714 3373 2286 3457">
    <p class='ocr_par' dir='ltr' id='par_1_65' title="bbox 714 3373 2286 3457">
     <span class='ocr_line' id='line_1_65' title="bbox 714 3373 2286 3457; baseline 0.014 -34"><span class='ocrx_word' id='word_1_441' title='bbox 714 3373 1032 3436; x_wconf 81' lang='lat' dir='ltr'><strong>statuimus,</strong></span> <span class='ocrx_word' id='word_1_442' title='bbox 1076 3384 1136 3429; x_wconf 92' lang='lat' dir='ltr'><strong>ut</strong></span> <span class='ocrx_word' id='word_1_443' title='bbox 1183 3379 1518 3434; x_wconf 86' lang='lat' dir='ltr'><strong>sanctissimi</strong></span> <span class='ocrx_word' id='word_1_444' title='bbox 1575 3383 1781 3452; x_wconf 90' lang='lat' dir='ltr'><strong>ubique</strong></span> <span class='ocrx_word' id='word_1_445' title='bbox 1833 3387 2078 3457; x_wconf 84' lang='lat' dir='ltr'><strong>episcopi</strong></span> <span class='ocrx_word' id='word_1_446' title='bbox 2112 3391 2286 3445; x_wconf 85' lang='lat' dir='ltr'><strong>sacris</strong></span> 
     </span>
    </p>
   </div>
   <div class='ocr_carea' id='block_1_66' title="bbox 717 3464 2284 3546">
    <p class='ocr_par' dir='ltr' id='par_1_66' title="bbox 717 3464 2284 3546">
     <span class='ocr_line' id='line_1_66' title="bbox 717 3464 2284 3546; baseline 0.015 -32"><span class='ocrx_word' id='word_1_447' title='bbox 717 3464 868 3518; x_wconf 88' lang='lat' dir='ltr'><strong>hisce</strong></span> <span class='ocrx_word' id='word_1_448' title='bbox 915 3466 1282 3522; x_wconf 89' lang='lat' dir='ltr'><strong>circularibus</strong></span> <span class='ocrx_word' id='word_1_449' title='bbox 1319 3469 1522 3525; x_wconf 84' lang='lat' dir='ltr'><strong>litteris</strong></span> <span class='ocrx_word' id='word_1_450' title='bbox 1569 3475 1865 3543; x_wconf 84' lang='lat' dir='ltr'><strong>publicatis</strong></span> <span class='ocrx_word' id='word_1_451' title='bbox 1909 3480 2284 3546; x_wconf 84' lang='lat' dir='ltr'><strong>subscribam,</strong></span> 
     </span>
    </p>
   </div>
   <div class='ocr_carea' id='block_1_67' title="bbox 719 3557 2288 3630">
    <p class='ocr_par' dir='ltr' id='par_1_67' title="bbox 719 3557 2288 3630">
     <span class='ocr_line' id='line_1_67' title="bbox 719 3557 2288 3630; baseline 0.013 -22"><span class='ocrx_word' id='word_1_452' title='bbox 719 3557 1015 3627; x_wconf 79' lang='lat' dir='ltr'><strong>verbisque</strong></span> <span class='ocrx_word' id='word_1_453' title='bbox 1049 3559 1274 3614; x_wconf 88' lang='lat' dir='ltr'><strong>disertis</strong></span> <span class='ocrx_word' id='word_1_454' title='bbox 1310 3562 1616 3630; x_wconf 87' lang='lat' dir='ltr'><strong>declarent,</strong></span> <span class='ocrx_word' id='word_1_455' title='bbox 1653 3568 1756 3622; x_wconf 88' lang='lat' dir='ltr'><strong>soli</strong></span> <span class='ocrx_word' id='word_1_456' title='bbox 1784 3569 1975 3624; x_wconf 90' lang='lat' dir='ltr'><strong>divino</strong></span> <span class='ocrx_word' id='word_1_457' title='bbox 2008 3580 2288 3627; x_wconf 85' lang='lat' dir='ltr'><strong>trecento-</strong></span> 
     </span>
    </p>
   </div>
   <div class='ocr_carea' id='block_1_68' title="bbox 717 3650 2287 3734">
    <p class='ocr_par' dir='ltr' id='par_1_68' title="bbox 717 3650 2287 3734">
     <span class='ocr_line' id='line_1_68' title="bbox 717 3650 2287 3734; baseline 0.012 -33"><span class='ocrx_word' id='word_1_458' title='bbox 717 3665 838 3703; x_wconf 90' lang='lat' dir='ltr'><strong>rum</strong></span> <span class='ocrx_word' id='word_1_459' title='bbox 881 3650 1071 3705; x_wconf 88' lang='lat' dir='ltr'><strong>decem</strong></span> <span class='ocrx_word' id='word_1_460' title='bbox 1130 3661 1187 3707; x_wconf 92' lang='lat' dir='ltr'><strong>et</strong></span> <span class='ocrx_word' id='word_1_461' title='bbox 1225 3664 1352 3710; x_wconf 90' lang='lat' dir='ltr'><strong>octo</strong></span> <span class='ocrx_word' id='word_1_462' title='bbox 1396 3668 1714 3713; x_wconf 84' lang='lat' dir='ltr'><strong>sanctorum</strong></span> <span class='ocrx_word' id='word_1_463' title='bbox 1751 3661 1975 3716; x_wconf 83' lang='lat' dir='ltr'><strong>Patrum</strong></span> <span class='ocrx_word' id='word_1_464' title='bbox 2027 3665 2287 3734; x_wconf 82' lang='lat' dir='ltr'><strong>Sytubolo</strong></span> 
     </span>
    </p>
   </div>
   <div class='ocr_carea' id='block_1_69' title="bbox 717 3744 2283 3819">
    <p class='ocr_par' dir='ltr' id='par_1_69' title="bbox 717 3744 2283 3819">
     <span class='ocr_line' id='line_1_69' title="bbox 717 3744 2283 3819; baseline 0.01 -23"><span class='ocrx_word' id='word_1_465' title='bbox 717 3744 1131 3800; x_wconf 88' lang='lat' dir='ltr'><strong>assentiendum</strong></span> <span class='ocrx_word' id='word_1_466' title='bbox 1169 3764 1290 3803; x_wconf 84' lang='lat' dir='ltr'><strong>esse</strong></span> <span class='ocrx_word' id='word_1_467' title='bbox 1326 3764 1340 3803; x_wconf 89' lang='lat'><strong>:</strong></span> <span class='ocrx_word' id='word_1_468' title='bbox 1390 3751 1537 3819; x_wconf 90' lang='lat' dir='ltr'><strong>quod</strong></span> <span class='ocrx_word' id='word_1_469' title='bbox 1569 3756 1899 3809; x_wconf 86' lang='lat' dir='ltr'><strong>auctoritate</strong></span> <span class='ocrx_word' id='word_1_470' title='bbox 1931 3771 2028 3809; x_wconf 85' lang='lat' dir='ltr'><strong>sua</strong></span> <span class='ocrx_word' id='word_1_471' title='bbox 2061 3768 2283 3812; x_wconf 88' lang='lat' dir='ltr'><strong>centum</strong></span> 
     </span>
    </p>
   </div>
   <div class='ocr_carea' id='block_1_70' title="bbox 714 3842 2284 3914">
    <p class='ocr_par' dir='ltr' id='par_1_70' title="bbox 714 3842 2284 3914">
     <span class='ocr_line' id='line_1_70' title="bbox 714 3842 2284 3914; baseline 0.01 -21"><span class='ocrx_word' id='word_1_472' title='bbox 714 3842 1188 3911; x_wconf 77' lang='lat' dir='ltr'><strong>etquinquaginta</strong></span> <span class='ocrx_word' id='word_1_473' title='bbox 1223 3851 1396 3898; x_wconf 90' lang='lat' dir='ltr'><strong>sancti</strong></span> <span class='ocrx_word' id='word_1_474' title='bbox 1428 3847 1620 3901; x_wconf 86' lang='lat' dir='ltr'><strong>Patres</strong></span> <span class='ocrx_word' id='word_1_475' title='bbox 1659 3851 2084 3914; x_wconf 78' lang='lat' dir='ltr'><strong>confirmarunt,</strong></span> <span class='ocrx_word' id='word_1_476' title='bbox 2120 3854 2284 3908; x_wconf 88' lang='lat' dir='ltr'><strong>sicuti</strong></span> 
     </span>
    </p>
   </div>
   <div class='ocr_carea' id='block_1_71' title="bbox 716 3932 2287 4010">
    <p class='ocr_par' dir='ltr' id='par_1_71' title="bbox 716 3932 2287 4010">
     <span class='ocr_line' id='line_1_71' title="bbox 716 3932 2287 4010; baseline 0.01 -29"><span class='ocrx_word' id='word_1_477' title='bbox 716 3932 941 3986; x_wconf 83' lang='lat' dir='ltr'><strong>decreto</strong></span> <span class='ocrx_word' id='word_1_478' title='bbox 965 3933 1131 3986; x_wconf 91' lang='lat' dir='ltr'><strong>etiam</strong></span> <span class='ocrx_word' id='word_1_479' title='bbox 1164 3949 1266 3987; x_wconf 89' lang='lat' dir='ltr'><strong>suo</strong></span> <span class='ocrx_word' id='word_1_480' title='bbox 1291 3948 1504 4003; x_wconf 88' lang='lat' dir='ltr'><strong>postea,</strong></span> <span class='ocrx_word' id='word_1_481' title='bbox 1533 3940 1624 4006; x_wconf 90' lang='lat' dir='ltr'><strong>qui</strong></span> <span class='ocrx_word' id='word_1_482' title='bbox 1655 3941 1706 3992; x_wconf 92' lang='lat' dir='ltr'><strong>in</strong></span> <span class='ocrx_word' id='word_1_483' title='bbox 1729 3943 2022 4010; x_wconf 91' lang='lat' dir='ltr'><strong>metropoli</strong></span> <span class='ocrx_word' id='word_1_484' title='bbox 2049 3943 2287 4010; x_wconf 85' lang='lat' dir='ltr'><strong>Ephesia</strong></span> 
     </span>
    </p>
   </div>
   <div class='ocr_carea' id='block_1_72' title="bbox 716 4027 2291 4102">
    <p class='ocr_par' dir='ltr' id='par_1_72' title="bbox 716 4027 2291 4102">
     <span class='ocr_line' id='line_1_72' title="bbox 716 4027 2291 4102; baseline 0.006 -25"><span class='ocrx_word' id='word_1_485' title='bbox 716 4039 1025 4080; x_wconf 88' lang='lat' dir='ltr'><strong>convenere</strong></span> <span class='ocrx_word' id='word_1_486' title='bbox 1066 4027 1298 4094; x_wconf 84' lang='lat' dir='ltr'><strong>piissimi</strong></span> <span class='ocrx_word' id='word_1_487' title='bbox 1331 4027 1520 4082; x_wconf 75' lang='lat' dir='ltr'><strong>Patres</strong></span> <span class='ocrx_word' id='word_1_488' title='bbox 1565 4042 1925 4096; x_wconf 78' lang='lat' dir='ltr'><strong>censuerunt,</strong></span> <span class='ocrx_word' id='word_1_489' title='bbox 1956 4033 2103 4102; x_wconf 92' lang='lat' dir='ltr'><strong>quod</strong></span> <span class='ocrx_word' id='word_1_490' title='bbox 2137 4035 2291 4087; x_wconf 86' lang='lat' dir='ltr'><strong>vide-</strong></span> 
     </span>
    </p>
   </div>
   <div class='ocr_carea' id='block_1_73' title="bbox 718 4117 2289 4179">
    <p class='ocr_par' dir='ltr' id='par_1_73' title="bbox 718 4117 2289 4179">
     <span class='ocr_line' id='line_1_73' title="bbox 718 4117 2289 4179; baseline 0.007 -11"><span class='ocrx_word' id='word_1_491' title='bbox 718 4117 848 4169; x_wconf 74' lang='lat' dir='ltr'><strong>licet</strong></span> <span class='ocrx_word' id='word_1_492' title='bbox 895 4117 994 4170; x_wconf 89' lang='lat' dir='ltr'><strong>soli</strong></span> <span class='ocrx_word' id='word_1_493' title='bbox 1040 4128 1233 4172; x_wconf 85' lang='lat' dir='ltr'><strong>sancto</strong></span> <span class='ocrx_word' id='word_1_494' title='bbox 1279 4128 1648 4175; x_wconf 81' lang='lat' dir='ltr'><strong>trecentorum</strong></span> <span class='ocrx_word' id='word_1_495' title='bbox 1697 4123 1888 4177; x_wconf 89' lang='lat' dir='ltr'><strong>decem</strong></span> <span class='ocrx_word' id='word_1_496' title='bbox 1938 4134 1995 4178; x_wconf 90' lang='lat' dir='ltr'><strong>et</strong></span> <span class='ocrx_word' id='word_1_497' title='bbox 2022 4135 2149 4179; x_wconf 91' lang='lat' dir='ltr'><strong>octo</strong></span> <span class='ocrx_word' id='word_1_498' title='bbox 2184 4126 2289 4179; x_wconf 83' lang='lat' dir='ltr'><strong>Pa—</strong></span> 
     </span>
    </p>
   </div>
   <div class='ocr_carea' id='block_1_74' title="bbox 715 4208 2284 4278">
    <p class='ocr_par' dir='ltr' id='par_1_74' title="bbox 715 4208 2284 4278">
     <span class='ocr_line' id='line_1_74' title="bbox 715 4208 2284 4278; baseline 0.008 -19"><span class='ocrx_word' id='word_1_499' title='bbox 715 4223 864 4273; x_wconf 58' lang='lat' dir='ltr'><strong>erum</strong></span> <span class='ocrx_word' id='word_1_500' title='bbox 893 4208 1152 4278; x_wconf 85' lang='lat' dir='ltr'><strong>Symbolo</strong></span> <span class='ocrx_word' id='word_1_501' title='bbox 1176 4221 1232 4264; x_wconf 90' lang='lat' dir='ltr'><strong>et</strong></span> <span class='ocrx_word' id='word_1_502' title='bbox 1267 4211 1391 4265; x_wconf 86' lang='lat' dir='ltr'><strong>lidci</strong></span> <span class='ocrx_word' id='word_1_503' title='bbox 1417 4211 1642 4267; x_wconf 87' lang='lat' dir='ltr'><strong>decreto</strong></span> <span class='ocrx_word' id='word_1_504' title='bbox 1677 4216 1937 4269; x_wconf 78' lang='lat' dir='ltr'><strong>assentiri</strong></span> <span class='ocrx_word' id='word_1_505' title='bbox 1967 4216 2284 4271; x_wconf 81' lang='lat' dir='ltr'><strong>conveniat.</strong></span> 
     </span>
    </p>
   </div>
   <div class='ocr_carea' id='block_1_75' title="bbox 719 4303 2290 4374">
    <p class='ocr_par' dir='ltr' id='par_1_75' title="bbox 719 4303 2290 4374">
     <span class='ocr_line' id='line_1_75' title="bbox 719 4303 2290 4374; baseline 0.006 -18"><span class='ocrx_word' id='word_1_506' title='bbox 719 4304 898 4369; x_wconf 80' lang='lat' dir='ltr'><strong>Atque</strong></span> <span class='ocrx_word' id='word_1_507' title='bbox 922 4310 984 4354; x_wconf 92' lang='lat' dir='ltr'><strong>ut</strong></span> <span class='ocrx_word' id='word_1_508' title='bbox 1022 4303 1374 4357; x_wconf 86' lang='lat' dir='ltr'><strong>anathemate</strong></span> <span class='ocrx_word' id='word_1_509' title='bbox 1399 4306 1677 4374; x_wconf 81' lang='lat' dir='ltr'><strong>conligant</strong></span> <span class='ocrx_word' id='word_1_510' title='bbox 1707 4308 1958 4362; x_wconf 83' lang='lat' dir='ltr'><strong>actiones</strong></span> <span class='ocrx_word' id='word_1_511' title='bbox 1989 4309 2290 4364; x_wconf 82' lang='lat' dir='ltr'><strong>Chalcedo-</strong></span> 
     </span>
    </p>
   </div>
   <div class='ocr_carea' id='block_1_76' title="bbox 714 4397 2285 4468">
    <p class='ocr_par' dir='ltr' id='par_1_76' title="bbox 714 4397 2285 4468">
     <span class='ocr_line' id='line_1_76' title="bbox 714 4397 2285 4468; baseline 0.007 -26"><span class='ocrx_word' id='word_1_512' title='bbox 714 4407 920 4456; x_wconf 57' lang='lat' dir='ltr'><strong>iienses</strong></span> <span class='ocrx_word' id='word_1_513' title='bbox 967 4407 1182 4457; x_wconf 89' lang='lat' dir='ltr'><strong>omnes,</strong></span> <span class='ocrx_word' id='word_1_514' title='bbox 1234 4404 1291 4448; x_wconf 90' lang='lat' dir='ltr'><strong>et</strong></span> <span class='ocrx_word' id='word_1_515' title='bbox 1341 4409 1408 4449; x_wconf 81' lang='lat' dir='ltr'><strong>ex</strong></span> <span class='ocrx_word' id='word_1_516' title='bbox 1463 4397 1717 4452; x_wconf 86' lang='lat' dir='ltr'><strong>ecclesiis</strong></span> <span class='ocrx_word' id='word_1_517' title='bbox 1763 4413 1993 4468; x_wconf 76' lang='lat' dir='ltr'><strong>prorsus</strong></span> <span class='ocrx_word' id='word_1_518' title='bbox 2036 4401 2285 4468; x_wconf 86' lang='lat' dir='ltr'><strong>ejiciant,</strong></span> 
     </span>
    </p>
   </div>
   <div class='ocr_carea' id='block_1_77' title="bbox 716 4483 2286 4558">
    <p class='ocr_par' dir='ltr' id='par_1_77' title="bbox 716 4483 2286 4558">
     <span class='ocr_line' id='line_1_77' title="bbox 716 4483 2286 4558; baseline 0.008 -23"><span class='ocrx_word' id='word_1_519' title='bbox 716 4483 892 4537; x_wconf 78' lang='lat' dir='ltr'><strong>.veluti</strong></span> <span class='ocrx_word' id='word_1_520' title='bbox 954 4487 1390 4542; x_wconf 77' lang='lat' dir='ltr'><strong>orthodoxorum</strong></span> <span class='ocrx_word' id='word_1_521' title='bbox 1451 4491 1780 4558; x_wconf 87' lang='lat' dir='ltr'><strong>populorqu</strong></span> <span class='ocrx_word' id='word_1_522' title='bbox 1843 4490 2286 4556; x_wconf 76' lang='lat' dir='ltr'><strong>oﬂ&#39;endieulum,</strong></span> 
     </span>
    </p>
   </div>
   <div class='ocr_carea' id='block_1_78' title="bbox 724 4577 2285 4654">
    <p class='ocr_par' dir='ltr' id='par_1_78' title="bbox 724 4577 2285 4654">
     <span class='ocr_line' id='line_1_78' title="bbox 724 4577 2285 4654; baseline 0.006 -25"><span class='ocrx_word' id='word_1_523' title='bbox 724 4577 1004 4645; x_wconf 88' lang='lat' dir='ltr'><strong>totiusque</strong></span> <span class='ocrx_word' id='word_1_524' title='bbox 1050 4581 1206 4633; x_wconf 88' lang='lat' dir='ltr'><strong>orbis</strong></span> <span class='ocrx_word' id='word_1_525' title='bbox 1241 4591 1297 4634; x_wconf 90' lang='lat' dir='ltr'><strong>et</strong></span> <span class='ocrx_word' id='word_1_526' title='bbox 1339 4591 1542 4636; x_wconf 66' lang='lat' dir='ltr'><strong>nostra:</strong></span> <span class='ocrx_word' id='word_1_527' title='bbox 1577 4583 1857 4640; x_wconf 80' lang='lat' dir='ltr'><strong>felicitatis</strong></span> <span class='ocrx_word' id='word_1_528' title='bbox 1913 4585 2285 4654; x_wconf 85' lang='lat' dir='ltr'><strong>impedimen-</strong></span> 
     </span>
    </p>
   </div>
   <div class='ocr_carea' id='block_1_79' title="bbox 721 4670 2286 4747">
    <p class='ocr_par' dir='ltr' id='par_1_79' title="bbox 721 4670 2286 4747">
     <span class='ocr_line' id='line_1_79' title="bbox 721 4670 2286 4747; baseline 0.008 -27"><span class='ocrx_word' id='word_1_529' title='bbox 721 4678 858 4721; x_wconf 91' lang='lat' dir='ltr'><strong>tnm.</strong></span> <span class='ocrx_word' id='word_1_530' title='bbox 912 4670 1016 4724; x_wconf 82' lang='lat' dir='ltr'><strong>Eos</strong></span> <span class='ocrx_word' id='word_1_531' title='bbox 1051 4686 1238 4739; x_wconf 91' lang='lat' dir='ltr'><strong>porro,</strong></span> <span class='ocrx_word' id='word_1_532' title='bbox 1276 4674 1368 4742; x_wconf 93' lang='lat' dir='ltr'><strong>qui</strong></span> <span class='ocrx_word' id='word_1_533' title='bbox 1418 4684 1540 4742; x_wconf 82' lang='lat' dir='ltr'><strong>post</strong></span> <span class='ocrx_word' id='word_1_534' title='bbox 1589 4675 1840 4729; x_wconf 86' lang='lat' dir='ltr'><strong>divinum</strong></span> <span class='ocrx_word' id='word_1_535' title='bbox 1873 4677 1979 4733; x_wconf 89' lang='lat' dir='ltr'><strong>hoc</strong></span> <span class='ocrx_word' id='word_1_536' title='bbox 2014 4679 2286 4747; x_wconf 86' lang='lat' dir='ltr'><strong>scriptum</strong></span> 
     </span>
    </p>
   </div>
   <div class='ocr_carea' id='block_1_80' title="bbox 723 4765 2288 4836">
    <p class='ocr_par' dir='ltr' id='par_1_80' title="bbox 723 4765 2288 4836">
     <span class='ocr_line' id='line_1_80' title="bbox 723 4765 2288 4836; baseline 0.008 -21"><span class='ocrx_word' id='word_1_537' title='bbox 723 4770 998 4826; x_wconf 89' lang='lat' dir='ltr'><strong>nostrum,</strong></span> <span class='ocrx_word' id='word_1_538' title='bbox 1045 4765 1189 4833; x_wconf 92' lang='lat' dir='ltr'><strong>quod</strong></span> <span class='ocrx_word' id='word_1_539' title='bbox 1222 4767 1288 4821; x_wconf 73' lang='lat' dir='ltr'><strong>ail</strong></span> <span class='ocrx_word' id='word_1_540' title='bbox 1333 4778 1639 4836; x_wconf 67' lang='lat' dir='ltr'><strong>exoptatam</strong></span> <span class='ocrx_word' id='word_1_541' title='bbox 1687 4771 1755 4825; x_wconf 91' lang='lat' dir='ltr'><strong>ab</strong></span> <span class='ocrx_word' id='word_1_542' title='bbox 1797 4772 2056 4826; x_wconf 88' lang='lat' dir='ltr'><strong>omnibus</strong></span> <span class='ocrx_word' id='word_1_543' title='bbox 2085 4784 2288 4827; x_wconf 64' lang='lat' dir='ltr'><strong>sanctae</strong></span> 
     </span>
    </p>
   </div>
   <div class='ocr_carea' id='block_1_81' title="bbox 724 4857 2285 4918">
    <p class='ocr_par' dir='ltr' id='par_1_81' title="bbox 724 4857 2285 4918">
     <span class='ocr_line' id='line_1_81' title="bbox 724 4857 2285 4918; baseline 0.006 -10"><span class='ocrx_word' id='word_1_544' title='bbox 724 4858 817 4910; x_wconf 74' lang='lat' dir='ltr'><strong>Dei</strong></span> <span class='ocrx_word' id='word_1_545' title='bbox 865 4857 1124 4914; x_wconf 69' lang='lat' dir='ltr'><strong>Ecclesia:</strong></span> <span class='ocrx_word' id='word_1_546' title='bbox 1169 4859 1430 4913; x_wconf 91' lang='lat' dir='ltr'><strong>unionem</strong></span> <span class='ocrx_word' id='word_1_547' title='bbox 1469 4861 1867 4915; x_wconf 83' lang='lat' dir='ltr'><strong>conciliandam</strong></span> <span class='ocrx_word' id='word_1_548' title='bbox 1899 4878 1967 4916; x_wconf 79' lang='lat' dir='ltr'><strong>ex</strong></span> <span class='ocrx_word' id='word_1_549' title='bbox 2012 4865 2285 4918; x_wconf 83' lang='lat' dir='ltr'><strong>sententia</strong></span> 
     </span>
    </p>
   </div>
   <div class='ocr_carea' id='block_1_82' title="bbox 725 4951 2287 5022">
    <p class='ocr_par' dir='ltr' id='par_1_82' title="bbox 725 4951 2287 5022">
     <span class='ocr_line' id='line_1_82' title="bbox 725 4951 2287 5022; baseline 0.006 -20"><span class='ocrx_word' id='word_1_550' title='bbox 725 4951 820 5003; x_wconf 72' lang='lat' dir='ltr'><strong>lii-i</strong></span> <span class='ocrx_word' id='word_1_551' title='bbox 871 4951 1277 5020; x_wconf 81' lang='lat' dir='ltr'><strong>promulgatum</strong></span> <span class='ocrx_word' id='word_1_552' title='bbox 1309 4967 1432 5007; x_wconf 90' lang='lat' dir='ltr'><strong>esse</strong></span> <span class='ocrx_word' id='word_1_553' title='bbox 1464 4970 1790 5022; x_wconf 87' lang='lat' dir='ltr'><strong>persuasum</strong></span> <span class='ocrx_word' id='word_1_554' title='bbox 1838 4955 2130 5020; x_wconf 85' lang='lat' dir='ltr'><strong>habemus,</strong></span> <span class='ocrx_word' id='word_1_555' title='bbox 2166 4959 2287 5011; x_wconf 90' lang='lat' dir='ltr'><strong>ausi</strong></span> 
     </span>
    </p>
   </div>
   <div class='ocr_carea' id='block_1_83' title="bbox 723 5044 2290 5114">
    <p class='ocr_par' dir='ltr' id='par_1_83' title="bbox 723 5044 2290 5114">
     <span class='ocr_line' id='line_1_83' title="bbox 723 5044 2290 5114; baseline 0.006 -20"><span class='ocrx_word' id='word_1_556' title='bbox 723 5058 963 5111; x_wconf 79' lang='lat' dir='ltr'><strong>unquam</strong></span> <span class='ocrx_word' id='word_1_557' title='bbox 991 5044 1196 5097; x_wconf 90' lang='lat' dir='ltr'><strong>l&#39;ueriut</strong></span> <span class='ocrx_word' id='word_1_558' title='bbox 1236 5046 1319 5097; x_wconf 90' lang='lat' dir='ltr'><strong>vel</strong></span> <span class='ocrx_word' id='word_1_559' title='bbox 1365 5047 1417 5098; x_wconf 90' lang='lat' dir='ltr'><strong>in</strong></span> <span class='ocrx_word' id='word_1_560' title='bbox 1446 5047 1846 5114; x_wconf 86' lang='lat' dir='ltr'><strong>disputatione,</strong></span> <span class='ocrx_word' id='word_1_561' title='bbox 1881 5049 1968 5102; x_wconf 87' lang='lat' dir='ltr'><strong>vel</strong></span> <span class='ocrx_word' id='word_1_562' title='bbox 2001 5049 2055 5102; x_wconf 91' lang='lat' dir='ltr'><strong>in</strong></span> <span class='ocrx_word' id='word_1_563' title='bbox 2081 5049 2290 5105; x_wconf 78' lang='lat' dir='ltr'><strong>doctri-</strong></span> 
     </span>
    </p>
   </div>
   <div class='ocr_carea' id='block_1_84' title="bbox 722 5137 2289 5209">
    <p class='ocr_par' dir='ltr' id='par_1_84' title="bbox 722 5137 2289 5209">
     <span class='ocr_line' id='line_1_84' title="bbox 722 5137 2289 5209; baseline 0.006 -21"><span class='ocrx_word' id='word_1_564' title='bbox 722 5153 815 5201; x_wconf 82' lang='lat' dir='ltr'><strong>na,</strong></span> <span class='ocrx_word' id='word_1_565' title='bbox 848 5137 929 5190; x_wconf 83' lang='lat' dir='ltr'><strong>vel</strong></span> <span class='ocrx_word' id='word_1_566' title='bbox 959 5137 1012 5192; x_wconf 92' lang='lat' dir='ltr'><strong>in</strong></span> <span class='ocrx_word' id='word_1_567' title='bbox 1040 5139 1247 5206; x_wconf 78' lang='lat' dir='ltr'><strong>scripto</strong></span> <span class='ocrx_word' id='word_1_568' title='bbox 1284 5140 1658 5208; x_wconf 79' lang='lat' dir='ltr'><strong>qualicunque</strong></span> <span class='ocrx_word' id='word_1_569' title='bbox 1694 5140 1916 5194; x_wconf 87' lang='lat' dir='ltr'><strong>tandem</strong></span> <span class='ocrx_word' id='word_1_570' title='bbox 1949 5149 2198 5209; x_wconf 87' lang='lat' dir='ltr'><strong>tempore</strong></span> <span class='ocrx_word' id='word_1_571' title='bbox 2230 5151 2289 5198; x_wconf 92' lang='lat' dir='ltr'><strong>ct</strong></span> 
     </span>
    </p>
   </div>
   <div class='ocr_carea' id='block_1_85' title="bbox 722 5229 2289 5295">
    <p class='ocr_par' dir='ltr' id='par_1_85' title="bbox 722 5229 2289 5295">
     <span class='ocr_line' id='line_1_85' title="bbox 722 5229 2289 5295; baseline 0.003 -11"><span class='ocrx_word' id='word_1_572' title='bbox 722 5230 885 5284; x_wconf 85' lang='lat' dir='ltr'><strong>modo</strong></span> <span class='ocrx_word' id='word_1_573' title='bbox 935 5238 989 5282; x_wconf 76' lang='lat' dir='ltr'><strong>ct</strong></span> <span class='ocrx_word' id='word_1_574' title='bbox 1042 5230 1196 5295; x_wconf 85' lang='lat' dir='ltr'><strong>loco,</strong></span> <span class='ocrx_word' id='word_1_575' title='bbox 1245 5229 1600 5284; x_wconf 83' lang='lat' dir='ltr'><strong>Chalcedone</strong></span> <span class='ocrx_word' id='word_1_576' title='bbox 1657 5231 1924 5286; x_wconf 87' lang='lat' dir='ltr'><strong>adversus</strong></span> <span class='ocrx_word' id='word_1_577' title='bbox 1979 5233 2140 5286; x_wconf 78' lang='lat' dir='ltr'><strong>ﬁdem</strong></span> <span class='ocrx_word' id='word_1_578' title='bbox 2199 5249 2289 5289; x_wconf 81' lang='lat' dir='ltr'><strong>res</strong></span> 
     </span>
    </p>
   </div>
   <div class='ocr_carea' id='block_1_86' title="bbox 721 5323 2288 5390">
    <p class='ocr_par' dir='ltr' id='par_1_86' title="bbox 721 5323 2288 5390">
     <span class='ocr_line' id='line_1_86' title="bbox 721 5323 2288 5390; baseline 0.003 -16"><span class='ocrx_word' id='word_1_579' title='bbox 721 5332 949 5380; x_wconf 77' lang='lat' dir='ltr'><strong>novatas</strong></span> <span class='ocrx_word' id='word_1_580' title='bbox 980 5323 1248 5390; x_wconf 80' lang='lat' dir='ltr'><strong>proferre,</strong></span> <span class='ocrx_word' id='word_1_581' title='bbox 1281 5332 1377 5376; x_wconf 89' lang='lat' dir='ltr'><strong>aut</strong></span> <span class='ocrx_word' id='word_1_582' title='bbox 1420 5323 1612 5377; x_wconf 87' lang='lat' dir='ltr'><strong>saltem</strong></span> <span class='ocrx_word' id='word_1_583' title='bbox 1662 5326 1968 5387; x_wconf 87' lang='lat' dir='ltr'><strong>nominare,</strong></span> <span class='ocrx_word' id='word_1_584' title='bbox 2006 5335 2065 5378; x_wconf 93' lang='lat' dir='ltr'><strong>ut</strong></span> <span class='ocrx_word' id='word_1_585' title='bbox 2095 5326 2288 5379; x_wconf 89' lang='lat' dir='ltr'><strong>turba-</strong></span> 
     </span>
    </p>
   </div>
   <div class='ocr_carea' id='block_1_87' title="bbox 722 5416 2288 5471">
    <p class='ocr_par' dir='ltr' id='par_1_87' title="bbox 722 5416 2288 5471">
     <span class='ocr_line' id='line_1_87' title="bbox 722 5416 2288 5471; baseline 0.002 -4"><span class='ocrx_word' id='word_1_586' title='bbox 722 5431 843 5469; x_wconf 84' lang='lat' dir='ltr'><strong>rum</strong></span> <span class='ocrx_word' id='word_1_587' title='bbox 895 5427 956 5471; x_wconf 87' lang='lat' dir='ltr'><strong>et.</strong></span> <span class='ocrx_word' id='word_1_588' title='bbox 1002 5416 1292 5469; x_wconf 86' lang='lat' dir='ltr'><strong>seditionis</strong></span> <span class='ocrx_word' id='word_1_589' title='bbox 1335 5416 1391 5469; x_wconf 90' lang='lat' dir='ltr'><strong>in</strong></span> <span class='ocrx_word' id='word_1_590' title='bbox 1446 5416 1654 5470; x_wconf 88' lang='lat' dir='ltr'><strong>sanctis</strong></span> <span class='ocrx_word' id='word_1_591' title='bbox 1699 5416 1792 5468; x_wconf 92' lang='lat' dir='ltr'><strong>Dei</strong></span> <span class='ocrx_word' id='word_1_592' title='bbox 1841 5416 2095 5470; x_wconf 89' lang='lat' dir='ltr'><strong>ecclesiis</strong></span> <span class='ocrx_word' id='word_1_593' title='bbox 2128 5425 2185 5469; x_wconf 90' lang='lat' dir='ltr'><strong>et</strong></span> <span class='ocrx_word' id='word_1_594' title='bbox 2232 5418 2288 5470; x_wconf 91' lang='lat' dir='ltr'><strong>in</strong></span> 
     </span>
    </p>
   </div>
   <div class='ocr_carea' id='block_1_88' title="bbox 725 5507 2290 5576">
    <p class='ocr_par' dir='ltr' id='par_1_88' title="bbox 725 5507 2290 5576">
     <span class='ocr_line' id='line_1_88' title="bbox 725 5507 2290 5576; baseline 0.001 -15"><span class='ocrx_word' id='word_1_595' title='bbox 725 5509 967 5562; x_wconf 84' lang='lat' dir='ltr'><strong>Itomaua</strong></span> <span class='ocrx_word' id='word_1_596' title='bbox 1009 5509 1219 5562; x_wconf 87' lang='lat' dir='ltr'><strong>ditione</strong></span> <span class='ocrx_word' id='word_1_597' title='bbox 1247 5509 1397 5562; x_wconf 91' lang='lat' dir='ltr'><strong>omni</strong></span> <span class='ocrx_word' id='word_1_598' title='bbox 1432 5519 1710 5570; x_wconf 88' lang='lat' dir='ltr'><strong>auctores,</strong></span> <span class='ocrx_word' id='word_1_599' title='bbox 1743 5518 1796 5560; x_wconf 87' lang='lat' dir='ltr'><strong>et</strong></span> <span class='ocrx_word' id='word_1_600' title='bbox 1839 5507 1931 5561; x_wconf 88' lang='lat' dir='ltr'><strong>Dei</strong></span> <span class='ocrx_word' id='word_1_601' title='bbox 1984 5509 2290 5576; x_wconf 86' lang='lat' dir='ltr'><strong>salutisque</strong></span> 
     </span>
    </p>
   </div>
   <div class='ocr_carea' id='block_1_89' title="bbox 724 5599 2289 5670">
    <p class='ocr_par' dir='ltr' id='par_1_89' title="bbox 724 5599 2289 5670">
     <span class='ocr_line' id='line_1_89' title="bbox 724 5599 2289 5670; baseline -0.001 -16"><span class='ocrx_word' id='word_1_602' title='bbox 724 5609 923 5654; x_wconf 65' lang='lat' dir='ltr'><strong>nostra:</strong></span> <span class='ocrx_word' id='word_1_603' title='bbox 950 5601 1152 5664; x_wconf 86' lang='lat' dir='ltr'><strong>hostes,</strong></span> <span class='ocrx_word' id='word_1_604' title='bbox 1177 5601 1431 5669; x_wconf 78' lang='lat' dir='ltr'><strong>iubemus</strong></span> <span class='ocrx_word' id='word_1_605' title='bbox 1448 5601 1602 5670; x_wconf 77' lang='lat' dir='ltr'><strong>juxta</strong></span> <span class='ocrx_word' id='word_1_606' title='bbox 1624 5599 2050 5653; x_wconf 72' lang='lat' dir='ltr'><strong>constitutiones</strong></span> <span class='ocrx_word' id='word_1_607' title='bbox 2079 5599 2289 5652; x_wconf 90' lang='lat' dir='ltr'><strong>dudum</strong></span> 
     </span>
    </p>
   </div>
   <div class='ocr_carea' id='block_1_90' title="bbox 727 5690 2292 5760">
    <p class='ocr_par' dir='ltr' id='par_1_90' title="bbox 727 5690 2292 5760">
     <span class='ocr_line' id='line_1_90' title="bbox 727 5690 2292 5760; baseline -0.001 -14"><span class='ocrx_word' id='word_1_608' title='bbox 727 5703 852 5749; x_wconf 87' lang='lat' dir='ltr'><strong>ante</strong></span> <span class='ocrx_word' id='word_1_609' title='bbox 885 5706 986 5745; x_wconf 91' lang='lat' dir='ltr'><strong>uos</strong></span> <span class='ocrx_word' id='word_1_610' title='bbox 1031 5691 1098 5745; x_wconf 83' lang='lat' dir='ltr'><strong>ab</strong></span> <span class='ocrx_word' id='word_1_611' title='bbox 1128 5707 1196 5745; x_wconf 90' lang='lat' dir='ltr'><strong>eo</strong></span> <span class='ocrx_word' id='word_1_612' title='bbox 1227 5691 1319 5760; x_wconf 90' lang='lat' dir='ltr'><strong>qui</strong></span> <span class='ocrx_word' id='word_1_613' title='bbox 1375 5691 1428 5744; x_wconf 95' lang='lat' dir='ltr'><strong>in</strong></span> <span class='ocrx_word' id='word_1_614' title='bbox 1461 5692 1614 5744; x_wconf 84' lang='lat' dir='ltr'><strong>beata</strong></span> <span class='ocrx_word' id='word_1_615' title='bbox 1647 5701 1702 5743; x_wconf 93' lang='lat' dir='ltr'><strong>et</strong></span> <span class='ocrx_word' id='word_1_616' title='bbox 1738 5699 1926 5743; x_wconf 87' lang='lat' dir='ltr'><strong>sancta</strong></span> <span class='ocrx_word' id='word_1_617' title='bbox 1975 5690 2161 5758; x_wconf 91' lang='lat' dir='ltr'><strong>quiete</strong></span> <span class='ocrx_word' id='word_1_618' title='bbox 2207 5701 2292 5744; x_wconf 89' lang='lat' dir='ltr'><strong>est</strong></span> 
     </span>
    </p>
   </div>
   <div class='ocr_carea' id='block_1_91' title="bbox 729 5783 2291 5856">
    <p class='ocr_par' dir='ltr' id='par_1_91' title="bbox 729 5783 2291 5856">
     <span class='ocr_line' id='line_1_91' title="bbox 729 5783 2291 5856; baseline -0.003 -15"><span class='ocrx_word' id='word_1_619' title='bbox 729 5789 1064 5856; x_wconf 85' lang='lat' dir='ltr'><strong>imperatore</strong></span> <span class='ocrx_word' id='word_1_620' title='bbox 1099 5785 1417 5838; x_wconf 86' lang='lat' dir='ltr'><strong>Theodosio</strong></span> <span class='ocrx_word' id='word_1_621' title='bbox 1445 5784 1713 5838; x_wconf 84' lang='lat' dir='ltr'><strong>adversus</strong></span> <span class='ocrx_word' id='word_1_622' title='bbox 1753 5783 2092 5853; x_wconf 81' lang='lat' dir='ltr'><strong>ejuscemodi</strong></span> <span class='ocrx_word' id='word_1_623' title='bbox 2123 5784 2291 5837; x_wconf 82' lang='lat' dir='ltr'><strong>male-</strong></span> 
     </span>
    </p>
   </div>
   <div class='ocr_carea' id='block_1_92' title="bbox 727 5875 2287 5946">
    <p class='ocr_par' dir='ltr' id='par_1_92' title="bbox 727 5875 2287 5946">
     <span class='ocr_line' id='line_1_92' title="bbox 727 5875 2287 5946; baseline -0.003 -10"><span class='ocrx_word' id='word_1_624' title='bbox 727 5881 1020 5936; x_wconf 81' lang='lat' dir='ltr'><strong>volentiam</strong></span> <span class='ocrx_word' id='word_1_625' title='bbox 1069 5878 1229 5944; x_wconf 78' lang='lat' dir='ltr'><strong>latas,</strong></span> <span class='ocrx_word' id='word_1_626' title='bbox 1275 5889 1328 5933; x_wconf 91' lang='lat' dir='ltr'><strong>et</strong></span> <span class='ocrx_word' id='word_1_627' title='bbox 1375 5892 1530 5934; x_wconf 86' lang='lat' dir='ltr'><strong>sacro</strong></span> <span class='ocrx_word' id='word_1_628' title='bbox 1577 5876 1706 5932; x_wconf 88' lang='lat' dir='ltr'><strong>huic</strong></span> <span class='ocrx_word' id='word_1_629' title='bbox 1760 5875 2023 5933; x_wconf 83' lang='lat' dir='ltr'><strong>circulari</strong></span> <span class='ocrx_word' id='word_1_630' title='bbox 2079 5876 2287 5946; x_wconf 86' lang='lat' dir='ltr'><strong>scripto</strong></span> 
     </span>
    </p>
   </div>
   <div class='ocr_carea' id='block_1_93' title="bbox 2387 3299 3961 3380">
    <p class='ocr_par' dir='ltr' id='par_1_93' title="bbox 2387 3299 3961 3380">
     <span class='ocr_line' id='line_1_93' title="bbox 2387 3299 3961 3380; baseline 0.011 -30"><span class='ocrx_word' id='word_1_631' title='bbox 2387 3316 2547 3366; x_wconf 89' lang='grc' dir='ltr'>γισαν</span> <span class='ocrx_word' id='word_1_632' title='bbox 2588 3301 2640 3353; x_wconf 84' lang='grc' dir='ltr'>οἱ</span> <span class='ocrx_word' id='word_1_633' title='bbox 2675 3299 2756 3370; x_wconf 82' lang='grc' dir='ltr'>ρν¹</span> <span class='ocrx_word' id='word_1_634' title='bbox 2801 3301 2949 3369; x_wconf 72' lang='grc' dir='ltr'>ἅγιοι</span> <span class='ocrx_word' id='word_1_635' title='bbox 2995 3303 3276 3375; x_wconf 72' lang='grc' dir='ltr'>Πατέρες*</span> <span class='ocrx_word' id='word_1_636' title='bbox 3319 3307 3397 3370; x_wconf 84' lang='grc' dir='ltr'>ὼς</span> <span class='ocrx_word' id='word_1_637' title='bbox 3442 3307 3624 3374; x_wconf 71' lang='grc' dir='ltr'>ἔδοξεν</span> <span class='ocrx_word' id='word_1_638' title='bbox 3663 3314 3961 3380; x_wconf 83' lang='grc' dir='ltr'>ὁριστικῶς</span> 
     </span>
    </p>
   </div>
   <div class='ocr_carea' id='block_1_94' title="bbox 2387 3392 3962 3472">
    <p class='ocr_par' dir='ltr' id='par_1_94' title="bbox 2387 3392 3962 3472">
     <span class='ocr_line' id='line_1_94' title="bbox 2387 3392 3962 3472; baseline 0.01 -28"><span class='ocrx_word' id='word_1_639' title='bbox 2387 3392 2484 3445; x_wconf 76' lang='grc' dir='ltr'>καὶ</span> <span class='ocrx_word' id='word_1_640' title='bbox 2515 3392 2628 3454; x_wconf 85' lang='grc' dir='ltr'>τοῖς</span> <span class='ocrx_word' id='word_1_641' title='bbox 2653 3392 2794 3452; x_wconf 85' lang='grc' dir='ltr'><strong>μετὰ</strong></span> <span class='ocrx_word' id='word_1_642' title='bbox 2820 3394 2993 3446; x_wconf 87' lang='grc' dir='ltr'>ταῦτα</span> <span class='ocrx_word' id='word_1_643' title='bbox 3026 3396 3344 3451; x_wconf 80' lang='grc' dir='ltr'>συνελθοῦσι</span> <span class='ocrx_word' id='word_1_644' title='bbox 3373 3401 3516 3453; x_wconf 84' lang='grc' dir='ltr'><strong>κατὰ</strong></span> <span class='ocrx_word' id='word_1_645' title='bbox 3543 3401 3644 3472; x_wconf 81' lang='grc' dir='ltr'><strong>τὴν</strong></span> <span class='ocrx_word' id='word_1_646' title='bbox 3690 3404 3962 3470; x_wconf 83' lang='grc' dir='ltr'>Ἐφεσίων</span> 
     </span>
    </p>
   </div>
   <div class='ocr_carea' id='block_1_95' title="bbox 2391 3484 3962 3566">
    <p class='ocr_par' dir='ltr' id='par_1_95' title="bbox 2391 3484 3962 3566">
     <span class='ocr_line' id='line_1_95' title="bbox 2391 3484 3962 3566; baseline 0.011 -32"><span class='ocrx_word' id='word_1_647' title='bbox 2391 3484 2728 3552; x_wconf 83' lang='grc' dir='ltr'>μητρόπολιν</span> <span class='ocrx_word' id='word_1_648' title='bbox 2751 3485 3072 3550; x_wconf 86' lang='grc' dir='ltr'>όσιωτάτοις</span> <span class='ocrx_word' id='word_1_649' title='bbox 3103 3489 3388 3557; x_wconf 86' lang='grc' dir='ltr'>Πατράσιν</span> <span class='ocrx_word' id='word_1_650' title='bbox 3411 3506 3426 3522; x_wconf 75' lang='grc' dir='ltr'><strong><em>ο</em></strong></span> <span class='ocrx_word' id='word_1_651' title='bbox 3460 3492 3544 3547; x_wconf 85' lang='grc' dir='ltr'>ὅτι</span> <span class='ocrx_word' id='word_1_652' title='bbox 3574 3494 3658 3546; x_wconf 77' lang='grc' dir='ltr'>δεῖ</span> <span class='ocrx_word' id='word_1_653' title='bbox 3702 3499 3852 3566; x_wconf 88' lang='grc' dir='ltr'>μόνῳ</span> <span class='ocrx_word' id='word_1_654' title='bbox 3880 3499 3962 3566; x_wconf 84' lang='grc' dir='ltr'>τῷ</span> 
     </span>
    </p>
   </div>
   <div class='ocr_carea' id='block_1_96' title="bbox 2389 3577 3960 3661">
    <p class='ocr_par' dir='ltr' id='par_1_96' title="bbox 2389 3577 3960 3661">
     <span class='ocr_line' id='line_1_96' title="bbox 2389 3577 3960 3661; baseline 0.01 -32"><span class='ocrx_word' id='word_1_655' title='bbox 2389 3578 2529 3646; x_wconf 85' lang='grc' dir='ltr'>ἁγίῳ</span> <span class='ocrx_word' id='word_1_656' title='bbox 2558 3577 2815 3649; x_wconf 87' lang='grc' dir='ltr'>συμϐόλῳ</span> <span class='ocrx_word' id='word_1_657' title='bbox 2842 3578 2953 3633; x_wconf 86' lang='grc' dir='ltr'><strong>τῶν</strong></span> <span class='ocrx_word' id='word_1_658' title='bbox 2983 3580 3088 3652; x_wconf 83' lang='grc' dir='ltr'>τιη¹</span> <span class='ocrx_word' id='word_1_659' title='bbox 3115 3583 3286 3650; x_wconf 88' lang='grc' dir='ltr'>ἁγίων</span> <span class='ocrx_word' id='word_1_660' title='bbox 3320 3585 3581 3656; x_wconf 84' lang='grc' dir='ltr'>Πατέρων</span> <span class='ocrx_word' id='word_1_661' title='bbox 3610 3593 3848 3661; x_wconf 84' lang='grc' dir='ltr'>στοιχεῖν</span> <span class='ocrx_word' id='word_1_662' title='bbox 3877 3593 3960 3654; x_wconf 88' lang='grc' dir='ltr'><strong>είς</strong></span> 
     </span>
    </p>
   </div>
   <div class='ocr_carea' id='block_1_97' title="bbox 2388 3670 3963 3752">
    <p class='ocr_par' dir='ltr' id='par_1_97' title="bbox 2388 3670 3963 3752">
     <span class='ocr_line' id='line_1_97' title="bbox 2388 3670 3963 3752; baseline 0.011 -32"><span class='ocrx_word' id='word_1_663' title='bbox 2388 3670 2513 3738; x_wconf 79' lang='grc' dir='ltr'>ὅρον</span> <span class='ocrx_word' id='word_1_664' title='bbox 2542 3670 2780 3735; x_wconf 88' lang='grc' dir='ltr'>πίστεως</span> <span class='ocrx_word' id='word_1_665' title='bbox 2802 3688 2816 3702; x_wconf 90' lang='grc'><strong>·</strong></span> <span class='ocrx_word' id='word_1_666' title='bbox 2847 3673 3344 3742; x_wconf 75' lang='grc' dir='ltr'>ἁναθεματίζοντες</span> <span class='ocrx_word' id='word_1_667' title='bbox 3373 3678 3522 3733; x_wconf 73' lang='grc' dir='ltr'>ἁπαν</span> <span class='ocrx_word' id='word_1_668' title='bbox 3551 3682 3612 3734; x_wconf 84' lang='grc' dir='ltr'>τὸ</span> <span class='ocrx_word' id='word_1_669' title='bbox 3660 3685 3963 3752; x_wconf 79' lang='grc' dir='ltr'>γενόμενον</span> 
     </span>
    </p>
   </div>
   <div class='ocr_carea' id='block_1_98' title="bbox 2389 3766 3963 3848">
    <p class='ocr_par' dir='ltr' id='par_1_98' title="bbox 2389 3766 3963 3848">
     <span class='ocr_line' id='line_1_98' title="bbox 2389 3766 3963 3848; baseline 0.011 -32"><span class='ocrx_word' id='word_1_670' title='bbox 2389 3766 2445 3817; x_wconf 75' lang='grc' dir='ltr'>ὲν</span> <span class='ocrx_word' id='word_1_671' title='bbox 2475 3766 2784 3834; x_wconf 72' lang='grc' dir='ltr'>Χαλκηδόνι</span> <span class='ocrx_word' id='word_1_672' title='bbox 2812 3768 2923 3820; x_wconf 86' lang='grc' dir='ltr'><strong>τῶν</strong></span> <span class='ocrx_word' id='word_1_673' title='bbox 2957 3769 3260 3836; x_wconf 79' lang='grc' dir='ltr'>ὀρθοδόξων</span> <span class='ocrx_word' id='word_1_674' title='bbox 3286 3770 3432 3826; x_wconf 86' lang='grc' dir='ltr'>λαῶν</span> <span class='ocrx_word' id='word_1_675' title='bbox 3476 3777 3832 3848; x_wconf 85' lang='grc' dir='ltr'>πρόσκομμα,</span> <span class='ocrx_word' id='word_1_676' title='bbox 3864 3780 3963 3834; x_wconf 78' lang='grc' dir='ltr'>καὶ</span> 
     </span>
    </p>
   </div>
   <div class='ocr_carea' id='block_1_99' title="bbox 2386 3859 3962 3943">
    <p class='ocr_par' dir='ltr' id='par_1_99' title="bbox 2386 3859 3962 3943">
     <span class='ocr_line' id='line_1_99' title="bbox 2386 3859 3962 3943; baseline 0.011 -33"><span class='ocrx_word' id='word_1_677' title='bbox 2386 3859 2651 3922; x_wconf 84' lang='grc' dir='ltr'>όλοτελῶς</span> <span class='ocrx_word' id='word_1_678' title='bbox 2699 3861 2812 3913; x_wconf 77' lang='grc' dir='ltr'>τῶν</span> <span class='ocrx_word' id='word_1_679' title='bbox 2852 3863 3159 3933; x_wconf 72' lang='grc' dir='ltr'>ἐκκλησιῶν</span> <span class='ocrx_word' id='word_1_680' title='bbox 3193 3866 3575 3934; x_wconf 69' lang='grc' dir='ltr'>ἐκϐάλλοντες,</span> <span class='ocrx_word' id='word_1_681' title='bbox 3612 3873 3688 3934; x_wconf 82' lang='grc' dir='ltr'><strong>ὡς</strong></span> <span class='ocrx_word' id='word_1_682' title='bbox 3734 3891 3962 3943; x_wconf 56' lang='grc' dir='ltr'>’παρεμ-</span> 
     </span>
    </p>
   </div>
   <div class='ocr_carea' id='block_1_100' title="bbox 2390 3953 3958 4037">
    <p class='ocr_par' dir='ltr' id='par_1_100' title="bbox 2390 3953 3958 4037">
     <span class='ocr_line' id='line_1_100' title="bbox 2390 3953 3958 4037; baseline 0.011 -33"><span class='ocrx_word' id='word_1_683' title='bbox 2390 3953 2568 4005; x_wconf 89' lang='grc' dir='ltr'>ποδὼν</span> <span class='ocrx_word' id='word_1_684' title='bbox 2602 3955 2896 4024; x_wconf 86' lang='grc' dir='ltr'>γενόμενον</span> <span class='ocrx_word' id='word_1_685' title='bbox 2927 3958 2994 4027; x_wconf 77' lang='grc' dir='ltr'>τῇ</span> <span class='ocrx_word' id='word_1_686' title='bbox 3033 3959 3389 4031; x_wconf 80' lang='grc' dir='ltr'>οίκουμενικῇ</span> <span class='ocrx_word' id='word_1_687' title='bbox 3429 3965 3524 4016; x_wconf 77' lang='grc' dir='ltr'>καὶ</span> <span class='ocrx_word' id='word_1_688' title='bbox 3565 3965 3814 4037; x_wconf 74' lang='grc' dir='ltr'>ἡμετέρᾳ</span> <span class='ocrx_word' id='word_1_689' title='bbox 3860 3969 3958 4020; x_wconf 81' lang='grc' dir='ltr'><strong>εὐ-</strong></span> 
     </span>
    </p>
   </div>
   <div class='ocr_carea' id='block_1_101' title="bbox 2391 4045 3968 4122">
    <p class='ocr_par' dir='ltr' id='par_1_101' title="bbox 2391 4045 3968 4122">
     <span class='ocr_line' id='line_1_101' title="bbox 2391 4045 3968 4122; baseline 0.011 -26"><span class='ocrx_word' id='word_1_690' title='bbox 2391 4046 2622 4116; x_wconf 82' lang='grc' dir='ltr'>πραγίᾳ.</span> <span class='ocrx_word' id='word_1_691' title='bbox 2659 4045 2797 4109; x_wconf 79' lang='grc' dir='ltr'>Τοὺς</span> <span class='ocrx_word' id='word_1_692' title='bbox 2822 4047 2878 4100; x_wconf 76' lang='grc' dir='ltr'>δὲ</span> <span class='ocrx_word' id='word_1_693' title='bbox 2907 4050 3048 4115; x_wconf 88' lang='grc' dir='ltr'><strong>μετὰ</strong></span> <span class='ocrx_word' id='word_1_694' title='bbox 3078 4050 3286 4116; x_wconf 88' lang='grc' dir='ltr'>ταύτας</span> <span class='ocrx_word' id='word_1_695' title='bbox 3323 4052 3481 4122; x_wconf 78' lang='grc' dir='ltr'>ἡμῶν</span> <span class='ocrx_word' id='word_1_696' title='bbox 3509 4055 3608 4118; x_wconf 80' lang='grc' dir='ltr'><strong>τὰς</strong></span> <span class='ocrx_word' id='word_1_697' title='bbox 3654 4057 3806 4120; x_wconf 90' lang='grc' dir='ltr'>θείας</span> <span class='ocrx_word' id='word_1_698' title='bbox 3839 4060 3968 4112; x_wconf 91' lang='grc' dir='ltr'>συλ-</span> 
     </span>
    </p>
   </div>
   <div class='ocr_carea' id='block_1_102' title="bbox 2389 4138 3966 4219">
    <p class='ocr_par' dir='ltr' id='par_1_102' title="bbox 2389 4138 3966 4219">
     <span class='ocr_line' id='line_1_102' title="bbox 2389 4138 3966 4219; baseline 0.008 -30"><span class='ocrx_word' id='word_1_699' title='bbox 2389 4138 2582 4201; x_wconf 74' lang='grc' dir='ltr'>λαϐὰς,</span> <span class='ocrx_word' id='word_1_700' title='bbox 2613 4138 2678 4201; x_wconf 65' lang='grc' dir='ltr'>ἃς</span> <span class='ocrx_word' id='word_1_701' title='bbox 2703 4139 2846 4192; x_wconf 84' lang='grc' dir='ltr'>κατὰ</span> <span class='ocrx_word' id='word_1_702' title='bbox 2875 4139 3009 4193; x_wconf 81' lang='grc' dir='ltr'>Θεὸν</span> <span class='ocrx_word' id='word_1_703' title='bbox 3037 4142 3456 4213; x_wconf 81' lang='grc' dir='ltr'>έκπεφωνῆσθαι</span> <span class='ocrx_word' id='word_1_704' title='bbox 3485 4147 3838 4215; x_wconf 83' lang='grc' dir='ltr'>πιστεύομεν,</span> <span class='ocrx_word' id='word_1_705' title='bbox 3863 4149 3966 4219; x_wconf 78' lang='grc' dir='ltr'>τὴν</span> 
     </span>
    </p>
   </div>
   <div class='ocr_carea' id='block_1_103' title="bbox 2389 4229 3966 4308">
    <p class='ocr_par' dir='ltr' id='par_1_103' title="bbox 2389 4229 3966 4308">
     <span class='ocr_line' id='line_1_103' title="bbox 2389 4229 3966 4308; baseline 0.008 -27"><span class='ocrx_word' id='word_1_706' title='bbox 2389 4229 2741 4300; x_wconf 68' lang='grc' dir='ltr'>ἐπιθυμητὴν</span> <span class='ocrx_word' id='word_1_707' title='bbox 2796 4232 2970 4284; x_wconf 82' lang='grc' dir='ltr'>πᾶσιν</span> <span class='ocrx_word' id='word_1_708' title='bbox 3010 4232 3208 4286; x_wconf 74' lang='grc' dir='ltr'>Ξνωσιν</span> <span class='ocrx_word' id='word_1_709' title='bbox 3258 4239 3802 4306; x_wconf 68' lang='grc' dir='ltr'>πραγματευομένας</span> <span class='ocrx_word' id='word_1_710' title='bbox 3861 4242 3966 4308; x_wconf 83' lang='grc' dir='ltr'>τῆς</span> 
     </span>
    </p>
   </div>
   <div class='ocr_carea' id='block_1_104' title="bbox 2391 4316 3964 4393">
    <p class='ocr_par' dir='ltr' id='par_1_104' title="bbox 2391 4316 3964 4393">
     <span class='ocr_line' id='line_1_104' title="bbox 2391 4316 3964 4393; baseline 0.006 -23"><span class='ocrx_word' id='word_1_711' title='bbox 2391 4318 2554 4385; x_wconf 83' lang='grc' dir='ltr'>ἁγίας</span> <span class='ocrx_word' id='word_1_712' title='bbox 2598 4317 2692 4370; x_wconf 92' lang='grc' dir='ltr'><strong>τοῦ</strong></span> <span class='ocrx_word' id='word_1_713' title='bbox 2740 4316 2880 4370; x_wconf 80' lang='grc' dir='ltr'>Θεοῦ</span> <span class='ocrx_word' id='word_1_714' title='bbox 2939 4317 3295 4389; x_wconf 82' lang='grc' dir='ltr'>Ἐκκλησίας,</span> <span class='ocrx_word' id='word_1_715' title='bbox 3353 4323 3769 4393; x_wconf 75' lang='grc' dir='ltr'>ἐπιχειροῦντὰς</span> <span class='ocrx_word' id='word_1_716' title='bbox 3831 4343 3964 4380; x_wconf 85' lang='grc' dir='ltr'>ποτε</span> 
     </span>
    </p>
   </div>
   <div class='ocr_carea' id='block_1_105' title="bbox 2390 4409 3966 4487">
    <p class='ocr_par' dir='ltr' id='par_1_105' title="bbox 2390 4409 3966 4487">
     <span class='ocr_line' id='line_1_105' title="bbox 2390 4409 3966 4487; baseline 0.007 -26"><span class='ocrx_word' id='word_1_717' title='bbox 2390 4409 2710 4481; x_wconf 82' lang='grc' dir='ltr'>προφέρειν,</span> <span class='ocrx_word' id='word_1_718' title='bbox 2743 4410 2776 4479; x_wconf 77' lang='grc' dir='ltr'>ἢ</span> <span class='ocrx_word' id='word_1_719' title='bbox 2822 4409 2963 4473; x_wconf 83' lang='grc' dir='ltr'>ὅλως</span> <span class='ocrx_word' id='word_1_720' title='bbox 3011 4412 3307 4482; x_wconf 73' lang='grc' dir='ltr'>ὀνομάζειν</span> <span class='ocrx_word' id='word_1_721' title='bbox 3347 4415 3405 4468; x_wconf 70' lang='grc' dir='ltr'><strong>ιν</strong></span> <span class='ocrx_word' id='word_1_722' title='bbox 3434 4416 3694 4480; x_wconf 80' lang='grc' dir='ltr'>διαλέξει,</span> <span class='ocrx_word' id='word_1_723' title='bbox 3740 4417 3772 4487; x_wconf 80' lang='grc' dir='ltr'>ἢ</span> <span class='ocrx_word' id='word_1_724' title='bbox 3813 4419 3966 4473; x_wconf 81' lang='grc' dir='ltr'>διδα-</span> 
     </span>
    </p>
   </div>
   <div class='ocr_carea' id='block_1_106' title="bbox 2394 4500 3962 4581">
    <p class='ocr_par' dir='ltr' id='par_1_106' title="bbox 2394 4500 3962 4581">
     <span class='ocr_line' id='line_1_106' title="bbox 2394 4500 3962 4581; baseline 0.004 -28"><span class='ocrx_word' id='word_1_725' title='bbox 2394 4500 2614 4571; x_wconf 75' lang='grc' dir='ltr'>σκαλία,</span> <span class='ocrx_word' id='word_1_726' title='bbox 2643 4500 2677 4571; x_wconf 78' lang='grc' dir='ltr'>ἢ</span> <span class='ocrx_word' id='word_1_727' title='bbox 2706 4502 2765 4555; x_wconf 66' lang='grc' dir='ltr'>ἐν</span> <span class='ocrx_word' id='word_1_728' title='bbox 2789 4502 3211 4572; x_wconf 85' lang='grc' dir='ltr'>συγγράμμασι,</span> <span class='ocrx_word' id='word_1_729' title='bbox 3229 4505 3354 4559; x_wconf 88' lang='grc' dir='ltr'>καθ’</span> <span class='ocrx_word' id='word_1_730' title='bbox 3371 4502 3483 4560; x_wconf 78' lang='grc' dir='ltr'>οἷον</span> <span class='ocrx_word' id='word_1_731' title='bbox 3504 4508 3567 4577; x_wconf 88' lang='grc' dir='ltr'>δή</span> <span class='ocrx_word' id='word_1_732' title='bbox 3599 4525 3728 4562; x_wconf 90' lang='grc' dir='ltr'>ποτε</span> <span class='ocrx_word' id='word_1_733' title='bbox 3748 4509 3962 4581; x_wconf 71' lang='grc' dir='ltr'>καιρὸν,</span> 
     </span>
    </p>
   </div>
   <div class='ocr_carea' id='block_1_107' title="bbox 2393 4591 3964 4666">
    <p class='ocr_par' dir='ltr' id='par_1_107' title="bbox 2393 4591 3964 4666">
     <span class='ocr_line' id='line_1_107' title="bbox 2393 4591 3964 4666; baseline 0.005 -22"><span class='ocrx_word' id='word_1_734' title='bbox 2393 4593 2425 4663; x_wconf 71' lang='grc' dir='ltr'>ἢ</span> <span class='ocrx_word' id='word_1_735' title='bbox 2460 4591 2685 4662; x_wconf 86' lang='grc' dir='ltr'>τρόπον,</span> <span class='ocrx_word' id='word_1_736' title='bbox 2719 4592 2985 4663; x_wconf 79' lang='grc' dir='ltr'>ῆτόπονῆ</span> <span class='ocrx_word' id='word_1_737' title='bbox 3018 4595 3077 4644; x_wconf 78' lang='grc' dir='ltr'>ὲν</span> <span class='ocrx_word' id='word_1_738' title='bbox 3098 4594 3405 4661; x_wconf 83' lang='grc' dir='ltr'>Χαλκηδόνι</span> <span class='ocrx_word' id='word_1_739' title='bbox 3426 4597 3801 4666; x_wconf 84' lang='grc' dir='ltr'>γεγενημένην</span> <span class='ocrx_word' id='word_1_740' title='bbox 3821 4600 3964 4652; x_wconf 86' lang='grc' dir='ltr'><strong>κατὰ</strong></span> 
     </span>
    </p>
   </div>
   <div class='ocr_carea' id='block_1_108' title="bbox 2389 4685 3962 4759">
    <p class='ocr_par' dir='ltr' id='par_1_108' title="bbox 2389 4685 3962 4759">
     <span class='ocr_line' id='line_1_108' title="bbox 2389 4685 3962 4759; baseline 0.003 -21"><span class='ocrx_word' id='word_1_741' title='bbox 2389 4687 2488 4754; x_wconf 79' lang='grc' dir='ltr'>τῆς</span> <span class='ocrx_word' id='word_1_742' title='bbox 2529 4685 2768 4747; x_wconf 86' lang='grc' dir='ltr'>πίστεως</span> <span class='ocrx_word' id='word_1_743' title='bbox 2800 4685 3184 4753; x_wconf 78' lang='grc' dir='ltr'>καινοτομίαν·</span> <span class='ocrx_word' id='word_1_744' title='bbox 3214 4686 3343 4749; x_wconf 75' lang='grc' dir='ltr'>τοὺς</span> <span class='ocrx_word' id='word_1_745' title='bbox 3367 4689 3646 4751; x_wconf 78' lang='grc' dir='ltr'>τοιούτους</span> <span class='ocrx_word' id='word_1_746' title='bbox 3676 4688 3753 4750; x_wconf 86' lang='grc' dir='ltr'><strong>ὡς</strong></span> <span class='ocrx_word' id='word_1_747' title='bbox 3780 4705 3962 4759; x_wconf 70' lang='grc' dir='ltr'>ταρι-</span> 
     </span>
    </p>
   </div>
   <div class='ocr_carea' id='block_1_109' title="bbox 2391 4776 3960 4851">
    <p class='ocr_par' dir='ltr' id='par_1_109' title="bbox 2391 4776 3960 4851">
     <span class='ocr_line' id='line_1_109' title="bbox 2391 4776 3960 4851; baseline -0.005 -19"><span class='ocrx_word' id='word_1_748' title='bbox 2391 4779 2495 4847; x_wconf 80' lang='grc' dir='ltr'>χῆς</span> <span class='ocrx_word' id='word_1_749' title='bbox 2525 4777 2622 4830; x_wconf 78' lang='grc' dir='ltr'>καὶ</span> <span class='ocrx_word' id='word_1_750' title='bbox 2651 4776 3063 4839; x_wconf 80' lang='grc' dir='ltr'>ἀκαταστασίας</span> <span class='ocrx_word' id='word_1_751' title='bbox 3106 4779 3228 4839; x_wconf 79' lang='grc' dir='ltr'>ταῖς</span> <span class='ocrx_word' id='word_1_752' title='bbox 3260 4779 3446 4846; x_wconf 71' lang='grc' dir='ltr'>ἁγίαις</span> <span class='ocrx_word' id='word_1_753' title='bbox 3472 4779 3566 4833; x_wconf 88' lang='grc' dir='ltr'><strong>τοῦ</strong></span> <span class='ocrx_word' id='word_1_754' title='bbox 3595 4780 3729 4832; x_wconf 77' lang='grc' dir='ltr'>θεοῦ</span> <span class='ocrx_word' id='word_1_755' title='bbox 3759 4781 3960 4851; x_wconf 70' lang='grc' dir='ltr'>ικκλη-</span> 
     </span>
    </p>
   </div>
   <div class='ocr_carea' id='block_1_110' title="bbox 2397 4869 3961 4944">
    <p class='ocr_par' dir='ltr' id='par_1_110' title="bbox 2397 4869 3961 4944">
     <span class='ocr_line' id='line_1_110' title="bbox 2397 4869 3961 4944; baseline 0.002 -21"><span class='ocrx_word' id='word_1_756' title='bbox 2397 4871 2562 4935; x_wconf 85' lang='grc' dir='ltr'>σίαις,</span> <span class='ocrx_word' id='word_1_757' title='bbox 2609 4869 2704 4922; x_wconf 72' lang='grc' dir='ltr'><strong>καὶ</strong></span> <span class='ocrx_word' id='word_1_758' title='bbox 2750 4869 2829 4938; x_wconf 85' lang='grc' dir='ltr'>τῷ</span> <span class='ocrx_word' id='word_1_759' title='bbox 2876 4869 3101 4938; x_wconf 84' lang='grc' dir='ltr'>ὑπηκόῳ</span> <span class='ocrx_word' id='word_1_760' title='bbox 3128 4872 3296 4924; x_wconf 83' lang='grc' dir='ltr'>παντὶ</span> <span class='ocrx_word' id='word_1_761' title='bbox 3338 4873 3681 4941; x_wconf 82' lang='grc' dir='ltr'>παραιτίους,</span> <span class='ocrx_word' id='word_1_762' title='bbox 3747 4873 3870 4944; x_wconf 83' lang='grc' dir='ltr'><strong>Θεῷ</strong></span> <span class='ocrx_word' id='word_1_763' title='bbox 3900 4891 3961 4926; x_wconf 82' lang='grc' dir='ltr'><strong>τε</strong></span> 
     </span>
    </p>
   </div>
   <div class='ocr_carea' id='block_1_111' title="bbox 2395 4961 3959 5036">
    <p class='ocr_par' dir='ltr' id='par_1_111' title="bbox 2395 4961 3959 5036">
     <span class='ocr_line' id='line_1_111' title="bbox 2395 4961 3959 5036; baseline 0.004 -24"><span class='ocrx_word' id='word_1_764' title='bbox 2395 4961 2491 5013; x_wconf 77' lang='grc' dir='ltr'>καὶ</span> <span class='ocrx_word' id='word_1_765' title='bbox 2523 4961 2588 5029; x_wconf 80' lang='grc' dir='ltr'>τῇ</span> <span class='ocrx_word' id='word_1_766' title='bbox 2652 4961 2905 5030; x_wconf 74' lang='grc' dir='ltr'>ἡμετέρᾳ</span> <span class='ocrx_word' id='word_1_767' title='bbox 2961 4961 3211 5031; x_wconf 80' lang='grc' dir='ltr'>σωτηρίᾳ</span> <span class='ocrx_word' id='word_1_768' title='bbox 3263 4962 3582 5030; x_wconf 77' lang='grc' dir='ltr'>πολεμίους,</span> <span class='ocrx_word' id='word_1_769' title='bbox 3642 4967 3959 5036; x_wconf 79' lang='grc' dir='ltr'>κελεύομεν,</span> 
     </span>
    </p>
   </div>
   <div class='ocr_carea' id='block_1_112' title="bbox 2394 5051 3966 5128">
    <p class='ocr_par' dir='ltr' id='par_1_112' title="bbox 2394 5051 3966 5128">
     <span class='ocr_line' id='line_1_112' title="bbox 2394 5051 3966 5128; baseline 0.006 -24"><span class='ocrx_word' id='word_1_770' title='bbox 2394 5052 2536 5105; x_wconf 85' lang='grc' dir='ltr'><strong>κατὰ</strong></span> <span class='ocrx_word' id='word_1_771' title='bbox 2567 5052 2694 5113; x_wconf 82' lang='grc' dir='ltr'>τοὺς</span> <span class='ocrx_word' id='word_1_772' title='bbox 2726 5051 2826 5120; x_wconf 76' lang='grc' dir='ltr'>ἢδη</span> <span class='ocrx_word' id='word_1_773' title='bbox 2858 5051 2967 5121; x_wconf 78' lang='grc' dir='ltr'>πρὸ</span> <span class='ocrx_word' id='word_1_774' title='bbox 3014 5053 3173 5121; x_wconf 74' lang='grc' dir='ltr'>ἡμῶν</span> <span class='ocrx_word' id='word_1_775' title='bbox 3202 5052 3571 5118; x_wconf 82' lang='grc' dir='ltr'>θεσπίσαντας</span> <span class='ocrx_word' id='word_1_776' title='bbox 3600 5063 3752 5128; x_wconf 89' lang='grc' dir='ltr'><strong>παρὰ</strong></span> <span class='ocrx_word' id='word_1_777' title='bbox 3780 5059 3873 5113; x_wconf 87' lang='grc' dir='ltr'><strong>τοῦ</strong></span> <span class='ocrx_word' id='word_1_778' title='bbox 3905 5063 3966 5114; x_wconf 75' lang='grc' dir='ltr'><strong>έν</strong></span> 
     </span>
    </p>
   </div>
   <div class='ocr_carea' id='block_1_113' title="bbox 2395 5142 3967 5217">
    <p class='ocr_par' dir='ltr' id='par_1_113' title="bbox 2395 5142 3967 5217">
     <span class='ocr_line' id='line_1_113' title="bbox 2395 5142 3967 5217; baseline 0.006 -22"><span class='ocrx_word' id='word_1_779' title='bbox 2395 5145 2645 5213; x_wconf 79' lang='grc' dir='ltr'>μακαρίᾳ</span> <span class='ocrx_word' id='word_1_780' title='bbox 2677 5144 2774 5195; x_wconf 78' lang='grc' dir='ltr'>καὶ</span> <span class='ocrx_word' id='word_1_781' title='bbox 2798 5142 2917 5213; x_wconf 74' lang='grc' dir='ltr'>θείᾳ</span> <span class='ocrx_word' id='word_1_782' title='bbox 2941 5145 3006 5212; x_wconf 83' lang='grc' dir='ltr'>τῇ</span> <span class='ocrx_word' id='word_1_783' title='bbox 3043 5145 3190 5212; x_wconf 80' lang='grc' dir='ltr'>λήξει</span> <span class='ocrx_word' id='word_1_784' title='bbox 3220 5148 3514 5212; x_wconf 82' lang='grc' dir='ltr'>γενομένου</span> <span class='ocrx_word' id='word_1_785' title='bbox 3540 5147 3805 5217; x_wconf 84' lang='grc' dir='ltr'>βασιλέως</span> <span class='ocrx_word' id='word_1_786' title='bbox 3832 5151 3967 5204; x_wconf 88' lang='grc' dir='ltr'>Θεο-</span> 
     </span>
    </p>
   </div>
   <div class='ocr_carea' id='block_1_114' title="bbox 2390 5225 3966 5310">
    <p class='ocr_par' dir='ltr' id='par_1_114' title="bbox 2390 5225 3966 5310">
     <span class='ocr_line' id='line_1_114' title="bbox 2390 5225 3966 5310; baseline 0.006 -22"><span class='ocrx_word' id='word_1_787' title='bbox 2390 5225 2569 5288; x_wconf 77' lang='grc' dir='ltr'>δοσίου</span> <span class='ocrx_word' id='word_1_788' title='bbox 2591 5236 2736 5288; x_wconf 90' lang='grc' dir='ltr'><strong>κατὰ</strong></span> <span class='ocrx_word' id='word_1_789' title='bbox 2763 5236 2861 5302; x_wconf 76' lang='grc' dir='ltr'>τῆς</span> <span class='ocrx_word' id='word_1_790' title='bbox 2881 5236 3137 5307; x_wconf 83' lang='grc' dir='ltr'>τοιαύτης</span> <span class='ocrx_word' id='word_1_791' title='bbox 3161 5239 3447 5301; x_wconf 54' lang='grc' dir='ltr'>κακοηθίας</span> <span class='ocrx_word' id='word_1_792' title='bbox 3467 5240 3685 5310; x_wconf 87' lang='grc' dir='ltr'>νόμους,</span> <span class='ocrx_word' id='word_1_793' title='bbox 3715 5245 3840 5306; x_wconf 69' lang='grc' dir='ltr'>τοὺς</span> <span class='ocrx_word' id='word_1_794' title='bbox 3870 5246 3966 5297; x_wconf 84' lang='grc' dir='ltr'>καὶ</span> 
     </span>
    </p>
   </div>
   <div class='ocr_carea' id='block_1_115' title="bbox 2392 5327 3963 5405">
    <p class='ocr_par' dir='ltr' id='par_1_115' title="bbox 2392 5327 3963 5405">
     <span class='ocr_line' id='line_1_115' title="bbox 2392 5327 3963 5405; baseline 0.006 -24"><span class='ocrx_word' id='word_1_795' title='bbox 2392 5327 2868 5396; x_wconf 85' lang='grc' dir='ltr'>ὑποτεταγμένους</span> <span class='ocrx_word' id='word_1_796' title='bbox 2913 5328 3054 5396; x_wconf 83' lang='grc' dir='ltr'>τῷδε</span> <span class='ocrx_word' id='word_1_797' title='bbox 3099 5329 3261 5397; x_wconf 80' lang='grc' dir='ltr'>ἡμῶν</span> <span class='ocrx_word' id='word_1_798' title='bbox 3293 5330 3372 5400; x_wconf 85' lang='grc' dir='ltr'>τῷ</span> <span class='ocrx_word' id='word_1_799' title='bbox 3403 5332 3535 5402; x_wconf 86' lang='grc' dir='ltr'>θείῳ</span> <span class='ocrx_word' id='word_1_800' title='bbox 3579 5334 3873 5405; x_wconf 81' lang='grc' dir='ltr'>έγκυκλίῳ,</span> <span class='ocrx_word' id='word_1_801' title='bbox 3912 5340 3963 5390; x_wconf 87' lang='grc' dir='ltr'>εἰ</span> 
     </span>
    </p>
   </div>
   <div class='ocr_carea' id='block_1_116' title="bbox 2396 5413 3964 5490">
    <p class='ocr_par' dir='ltr' id='par_1_116' title="bbox 2396 5413 3964 5490">
     <span class='ocr_line' id='line_1_116' title="bbox 2396 5413 3964 5490; baseline 0.003 -19"><span class='ocrx_word' id='word_1_802' title='bbox 2396 5422 2494 5487; x_wconf 81' lang='grc' dir='ltr'>μὲν</span> <span class='ocrx_word' id='word_1_803' title='bbox 2525 5418 2816 5469; x_wconf 73' lang='grc' dir='ltr'>ἐπίσκοποι</span> <span class='ocrx_word' id='word_1_804' title='bbox 2850 5417 2882 5485; x_wconf 83' lang='grc' dir='ltr'>ἦ</span> <span class='ocrx_word' id='word_1_805' title='bbox 2917 5417 3172 5485; x_wconf 47' lang='grc' dir='ltr'>κλγιρικοὶ</span> <span class='ocrx_word' id='word_1_806' title='bbox 3196 5413 3332 5483; x_wconf 78' lang='grc' dir='ltr'>εἷεν,</span> <span class='ocrx_word' id='word_1_807' title='bbox 3381 5420 3787 5490; x_wconf 84' lang='grc' dir='ltr'>καθαιρεῖσθαι,</span> <span class='ocrx_word' id='word_1_808' title='bbox 3825 5425 3873 5475; x_wconf 88' lang='grc' dir='ltr'><strong>εί</strong></span> <span class='ocrx_word' id='word_1_809' title='bbox 3903 5423 3964 5477; x_wconf 69' lang='grc' dir='ltr'>δὲ</span> 
     </span>
    </p>
   </div>
   <div class='ocr_carea' id='block_1_117' title="bbox 2397 5506 3961 5582">
    <p class='ocr_par' dir='ltr' id='par_1_117' title="bbox 2397 5506 3961 5582">
     <span class='ocr_line' id='line_1_117' title="bbox 2397 5506 3961 5582; baseline 0.003 -20"><span class='ocrx_word' id='word_1_810' title='bbox 2397 5506 2721 5578; x_wconf 79' lang='grc' dir='ltr'>μονάζοντες</span> <span class='ocrx_word' id='word_1_811' title='bbox 2748 5509 2780 5576; x_wconf 82' lang='grc' dir='ltr'><strong>ἢ</strong></span> <span class='ocrx_word' id='word_1_812' title='bbox 2816 5507 3014 5570; x_wconf 77' lang='grc' dir='ltr'>λαῖκοὶ,</span> <span class='ocrx_word' id='word_1_813' title='bbox 3049 5509 3251 5580; x_wconf 79' lang='grc' dir='ltr'>ὲξορίᾳ,</span> <span class='ocrx_word' id='word_1_814' title='bbox 3293 5511 3386 5564; x_wconf 76' lang='grc' dir='ltr'>καὶ</span> <span class='ocrx_word' id='word_1_815' title='bbox 3417 5511 3679 5580; x_wconf 83' lang='grc' dir='ltr'>δημεύσει</span> <span class='ocrx_word' id='word_1_816' title='bbox 3709 5514 3961 5582; x_wconf 71' lang='grc' dir='ltr'>παντοίᾳ,</span> 
     </span>
    </p>
   </div>
   <div class='ocr_carea' id='block_1_118' title="bbox 2394 5601 3964 5677">
    <p class='ocr_par' dir='ltr' id='par_1_118' title="bbox 2394 5601 3964 5677">
     <span class='ocr_line' id='line_1_118' title="bbox 2394 5601 3964 5677; baseline 0.003 -25"><span class='ocrx_word' id='word_1_817' title='bbox 2394 5602 2487 5653; x_wconf 69' lang='grc' dir='ltr'>καὶ</span> <span class='ocrx_word' id='word_1_818' title='bbox 2524 5601 2634 5662; x_wconf 86' lang='grc' dir='ltr'>τοῖς</span> <span class='ocrx_word' id='word_1_819' title='bbox 2657 5601 2907 5668; x_wconf 81' lang='grc' dir='ltr'>ἐσχάτοις</span> <span class='ocrx_word' id='word_1_820' title='bbox 2936 5601 3271 5653; x_wconf 80' lang='grc' dir='ltr'>ὑποπίπτειν</span> <span class='ocrx_word' id='word_1_821' title='bbox 3311 5603 3632 5670; x_wconf 73' lang='grc' dir='ltr'>ἐπιτιμίοις.</span> <span class='ocrx_word' id='word_1_822' title='bbox 3665 5603 3820 5656; x_wconf 81' lang='grc' dir='ltr'>Οὕτω</span> <span class='ocrx_word' id='word_1_823' title='bbox 3851 5607 3964 5677; x_wconf 75' lang='grc' dir='ltr'><strong>γάρ</strong></span> 
     </span>
    </p>
   </div>
   <div class='ocr_carea' id='block_1_119' title="bbox 2393 5693 3966 5766">
    <p class='ocr_par' dir='ltr' id='par_1_119' title="bbox 2393 5693 3966 5766">
     <span class='ocr_line' id='line_1_119' title="bbox 2393 5693 3966 5766; baseline 0.003 -21"><span class='ocrx_word' id='word_1_824' title='bbox 2393 5695 2425 5762; x_wconf 79' lang='grc' dir='ltr'>ἡ</span> <span class='ocrx_word' id='word_1_825' title='bbox 2463 5693 2549 5745; x_wconf 87' lang='grc' dir='ltr'><strong>ἁεί</strong></span> <span class='ocrx_word' id='word_1_826' title='bbox 2579 5709 2708 5744; x_wconf 84' lang='grc' dir='ltr'>ποτε</span> <span class='ocrx_word' id='word_1_827' title='bbox 2737 5694 2886 5760; x_wconf 82' lang='grc' dir='ltr'><strong>παρὰ</strong></span> <span class='ocrx_word' id='word_1_828' title='bbox 2923 5693 3019 5761; x_wconf 83' lang='grc' dir='ltr'>τῆς</span> <span class='ocrx_word' id='word_1_829' title='bbox 3055 5695 3328 5762; x_wconf 74' lang='grc' dir='ltr'>ἡμετέρας</span> <span class='ocrx_word' id='word_1_830' title='bbox 3381 5695 3667 5758; x_wconf 81' lang='grc' dir='ltr'>εὐσεϐείας</span> <span class='ocrx_word' id='word_1_831' title='bbox 3721 5713 3966 5766; x_wconf 87' lang='grc' dir='ltr'>προσκυ-</span> 
     </span>
    </p>
   </div>
   <div class='ocr_carea' id='block_1_120' title="bbox 2396 5784 3967 5860">
    <p class='ocr_par' dir='ltr' id='par_1_120' title="bbox 2396 5784 3967 5860">
     <span class='ocr_line' id='line_1_120' title="bbox 2396 5784 3967 5860; baseline 0.004 -23"><span class='ocrx_word' id='word_1_832' title='bbox 2396 5784 2632 5853; x_wconf 84' lang='grc' dir='ltr'>νουμένη</span> <span class='ocrx_word' id='word_1_833' title='bbox 2683 5785 2814 5850; x_wconf 84' lang='grc' dir='ltr'>ἁγία</span> <span class='ocrx_word' id='word_1_834' title='bbox 2861 5786 2954 5837; x_wconf 83' lang='grc' dir='ltr'>καὶ</span> <span class='ocrx_word' id='word_1_835' title='bbox 3005 5787 3322 5854; x_wconf 80' lang='grc' dir='ltr'>όμοούσιος,</span> <span class='ocrx_word' id='word_1_836' title='bbox 3378 5789 3712 5860; x_wconf 88' lang='grc' dir='ltr'>δημιουργός</span> <span class='ocrx_word' id='word_1_837' title='bbox 3761 5806 3822 5842; x_wconf 85' lang='grc' dir='ltr'><strong>τε</strong></span> <span class='ocrx_word' id='word_1_838' title='bbox 3870 5795 3967 5845; x_wconf 79' lang='grc' dir='ltr'>καὶ</span> 
     </span>
    </p>
   </div>
   <div class='ocr_carea' id='block_1_121' title="bbox 2393 5876 3963 5944">
    <p class='ocr_par' dir='ltr' id='par_1_121' title="bbox 2393 5876 3963 5944">
     <span class='ocr_line' id='line_1_121' title="bbox 2393 5876 3963 5944; baseline 0.003 -13"><span class='ocrx_word' id='word_1_839' title='bbox 2393 5876 2652 5941; x_wconf 68' lang='grc' dir='ltr'>ζωοποιδς</span> <span class='ocrx_word' id='word_1_840' title='bbox 2702 5876 2810 5931; x_wconf 83' lang='grc' dir='ltr'><strong>τῶν</strong></span> <span class='ocrx_word' id='word_1_841' title='bbox 2856 5877 2994 5932; x_wconf 83' lang='grc' dir='ltr'>ὅλων</span> <span class='ocrx_word' id='word_1_842' title='bbox 3029 5877 3222 5944; x_wconf 78' lang='grc' dir='ltr'>Τριὰς,</span> <span class='ocrx_word' id='word_1_843' title='bbox 3262 5881 3664 5944; x_wconf 72' lang='grc' dir='ltr'>θερακεδθεῑσα</span> <span class='ocrx_word' id='word_1_844' title='bbox 3713 5882 3811 5936; x_wconf 84' lang='grc' dir='ltr'>καὶ</span> <span class='ocrx_word' id='word_1_845' title='bbox 3865 5882 3963 5943; x_wconf 80' lang='grc' dir='ltr'><strong>νῦν</strong></span> 
     </span>
    </p>
   </div>
  </div>
