4236 6442
276 418 370 482 125

1196 424 1803 485 ECCLESIASTICA“.
1841 427 2225 487 lllSTORlJi
2265 428 2408 489 LIB.
2448 429 2603 491 XVI.

3426 433 3526 496 126

277 535 399 601 παρ’
427 535 608 602 ἡμῶν,
644 535 731 590 διὰ
766 535 864 605 τῆς
899 537 1238 608 ἀναιρέσεως
1271 540 1373 608 μὲν
1397 540 1507 591 τῶν
1534 556 1840 609 μνημονευ-
1875 551 1915 604 Α
1948 564 1950 590 λ

1875 551 1915 604 Α
1948 553 2139 594 nostro
2174 543 2486 613 adjunctas,
2520 544 2562 598 si
2613 545 2835 614 quidem
2887 548 3138 618 episcopi
3191 559 3287 604 aut
3334 549 3523 604 clerici

273 625 468 678 θέντων
523 626 802 694 ζιζανίων,
859 628 1207 698 βεϐαιώσεως
1257 632 1311 684 δὲ
1369 632 1478 684 τῶν
1525 630 1703 701 ὸρθὼν
1753 634 1847 686 καὶ

270 719 644 772 ἁποστολικῶν
670 723 762 774 τοῦ
787 722 946 789 ἁγίου
982 724 1253 792 συμὸόλου
1281 725 1656 794 παραδόσεων,
1685 725 1844 788 ἵλεως

271 811 358 860 x1).
407 812 647 882 εὐμενὴς
705 816 974 884 γενομένη
1035 819 1157 878 ταῖς
1187 835 1245 868 τε
1283 818 1584 887 ἡμετέραις
1634 817 1839 887 ψυχαῖς

267 902 354 952 καὶ
384 903 462 968 τῷ
494 904 724 974 ὑπηκόῳ
754 911 942 970 παντὶ,
975 907 1127 960 ἔσται
1154 908 1242 962 διὰ
1280 910 1478 972 παντὸς
1512 909 1839 963 συνοικοῦσα

269 994 392 1060 ἡμῖν
425 997 519 1048 καὶ
549 997 912 1067 είρηνεύουσα
940 1003 1007 1054 τὰ
1040 1002 1383 1072 ἀνθρώπινα.
1423 1023 1440 1054 ι

1950 635 2084 698 sint,
2115 635 2440 704 dignitatem
2478 637 2732 692 amittere
2761 657 2774 692 :
2825 642 2909 694 sin
2943 641 3222 704 monachi,
3254 652 3349 695 aut
3373 644 3527 707 laici,

1948 731 2228 795 exsulare,
2258 732 2642 800 bonorumque
2668 735 3050 788 universorum
3081 736 3442 804 publicationi
3469 749 3525 790 et

1948 822 2160 876 ultimis
2197 823 2484 890 subiacere
2521 825 2718 892 pinnis.
2763 825 2921 894 667
2961 825 3037 879 lta
3087 842 3346 896 namque,
3400 843 3524 896 qua:

1943 929 2164 983 semper
2215 930 2244 968 a
2307 914 2513 984 pietate
2571 926 2756 968 nostra
2807 919 3030 968 adorata
3088 929 3173 970 est
3222 929 3410 971 sancta
3465 927 3523 970 et

1950 1007 2462 1067 consubstantialis,
2502 1023 2620 1075 quae
2652 1024 2738 1062 res
2781 1010 3065 1062 universas
3086 1010 3332 1063 condidit
3359 1021 3522 1078 atque

265 1091 578 1158 vivificavit,
613 1094 874 1162 Trinitas,
901 1101 1204 1154 etiamnum
1237 1117 1264 1154 a
1299 1102 1477 1165 nobis,
1500 1119 1599 1171 per
1627 1119 1817 1158 eorum
1848 1121 1967 1173 qua:
1994 1105 2420 1158 memoravimus
2444 1107 2776 1160 zizaniorum
2809 1107 3189 1174 abolitionem,
3214 1120 3521 1162 rectarum-

265 1200 365 1252 que
438 1196 494 1242 et
569 1190 1000 1257 apostolicarum
1034 1196 1210 1248 sancti
1239 1196 1474 1262 symboli
1509 1197 1864 1252 traditionum
1892 1200 2388 1261 conﬁrmationem,
2420 1200 2590 1263 culta,
2660 1202 2951 1254 animabus
3013 1202 3213 1256 nostris
3247 1202 3518 1257 subditis-

266 1298 368 1352 que
431 1285 693 1340 omnibus
740 1287 1022 1356 placabilis
1069 1299 1126 1344 et
1174 1292 1412 1361 propitia
1465 1294 1592 1358 erit,
1625 1294 2023 1363 nobiscumque
2053 1309 2268 1364 semper
2320 1298 2582 1363 manebit,
2633 1310 2690 1353 et
2749 1313 2838 1352 res
2901 1300 3172 1353 humanas
3211 1301 3444 1369 pacabit.
3493 1321 3514 1354 ι

853 1430 1105 1486 ΚΕΦΑΛ.
1143 1437 1218 1489 Δ’.

262 1514 546 1598 Περί-ζῶν
581 1521 1155 1598 ὑποσημῃναμένων
1192 1527 1319 1598 τοῖς
1348 1529 1690 1598 ἐγκυκλίως
1721 1535 1831 1586 Βα-

326 1589 617 1640 σιλίσκου
639 1605 652 1617 ο
685 1592 783 1666 καί
819 1589 1119 1666 ἐπιάτολὴ
1145 1597 1264 1651 τῶν
1292 1589 1360 1652 ἓν
1385 1589 1558 1666 ⁷Ἀσίᾳ
1587 1589 1832 1656 ἐπίσκό-

2549 1440 2774 1497 CAPUT
2824 1441 2911 1495 ιν.

1943 1529 2018 1582 De
2042 1529 2103 1582 iis
2131 1531 2223 1605 qui
2255 1530 2603 1605 εἰκαίαν-ἔθυε
2623 1532 2863 1586 Basilisci
2893 1534 3078 1588 litteris
3098 1539 3511 1605 auscripseruut,

2008 1611 2056 1652 ει
2125 1603 2346 1667 epistola
2413 1604 2732 1654 Asianorum
2797 1607 3200 1672 episcoporum,
3268 1603 3512 1661 sanctam

323 1675 478 1743 {tam
515 1660 975 1729 κατατρέχουσα
1004 1660 1116 1734 τῆξ
1160 1671 1334 1737 ἁγίας
1363 1660 1649 1740 τετάῥτης
1682 1689 1834 1727 συν-
1870 1661 1912 1715 Β

1280 1687 1334 1736 ις
1363 1660 1649 1740 τετάρτης
1682 1689 1834 1727 συν-
1870 1661 1912 1715 Β
2006 1660 2258 1738 quariam
2285 1677 2544 1741 synodum
2572 1660 2953 1743 perstringens.

324 1727 492 1781 όὸου.

323 1843 550 1907 Τούτοις
597 1847 711 1911 τοῖς
766 1851 1081 1918 ἐγκυκλίοις
1110 1855 1170 1906 οὐ
1229 1858 1392 1924 μόνον
1423 1860 1692 1926 Τιμόθεος
1740 1863 1834 1913 καὶ

257 1933 461 2004 Πέτρος
511 1939 560 1990 oi
619 1940 910 2011 εἰρημένοι
964 1947 1329 2011 συντίθενται,
1366 1951 1504 2003 ἀλλὰ
1549 1955 1641 2003 καὶ
1677 1953 1833 2006 Ἀνα-

255 2027 475 2089 στάσιος
504 2032 532 2081 ὁ
570 2034 709 2099 μετὰ
757 2034 1115 2089 Ἰουϐενάλιον
1144 2040 1234 2092 τὸν
1277 2041 1470 2110 θρόνον
1513 2045 1622 2097 τῶν
1665 2046 1832 2116 Ἰερο-

256 2118 506 2187 σολύμων
562 2125 923 2193 κατεσχηκὼς
977 2129 1153 2197 ῥᾷστα
1204 2130 1678 2201 ὑποσημαίνεται’
1737 2138 1832 2188 καὶ

253 2213 567 2281 πάμπολλοι
609 2216 789 2287 ἕτεροι
825 2219 1137 2290 ἐκκλησιῶν
1185 2226 1440 2295 πρόεδροι
1473 2228 1571 2297 οὐχ
1602 2223 1764 2299 ἦττον
1796 2231 1828 2301 ἢ

255 2308 635 2361 πεντακόσιοι·
663 2311 713 2362 οἳ
767 2311 830 2382 δὴ
884 2315 1087 2378 πάντες
1146 2318 1234 2368 τόν
1263 2333 1323 2369 τε
1364 2320 1596 2382 Λέοντος
1639 2323 1826 2390 τόμον,

252 2400 341 2451 καὶ
389 2402 489 2470 τὴν
537 2405 596 2456 ἐν
645 2405 952 2476 Χαλκηδόνι
1007 2409 1367 2478 ἁπεκήρυξαν
1403 2411 1644 2467 σύνοδον.
1708 2414 1827 2467 Δείο

250 2509 403 2544 κνυσι
434 2495 582 2546 τοῦτ’
615 2496 817 2566 ἀληθὲς
848 2500 879 2568 ἡ
915 2501 1068 2569 παρὰ
1105 2502 1215 2557 τῶν
1253 2505 1310 2555 ἐν
1354 2504 1512 2575 ’Δσίᾳ
1545 2507 1827 2576 προέδρων

248 2586 591 2656 ἐγγραφεῖσα
617 2589 806 2661 δέησις
841 2592 1175 2665 Βασιλίσκῳ,
1211 2598 1276 2665 τῇ
1320 2596 1584 2663 Ἐφεσίων
1618 2616 1827 2669 μητρο-

246 2681 396 2733 πόλει
425 2683 902 2752 συνεληλυθότων,
936 2685 1108 2739 ταῦτα
1158 2687 1293 2759 πρὸς
1343 2687 1492 2752 λέξιν
1520 2690 1822 2756 διεξιοῦσαο

251 2789 267 2822 ι
309 2775 435 2836 Τοῖς
463 2777 606 2829 κατὰ
643 2779 824 2830 πάντα
853 2778 1271 2842 εῦσεδεστάτοις
1315 2783 1412 2835 καὶ
1452 2783 1826 2854 φιλοχρίστοις

241 2865 534 2931 δεσπόταις
594 2869 773 2938 ἡμῶν,
833 2872 1142 2939 Βασιλὲσκῳ
1189 2875 1282 2926 καὶ
1321 2875 1537 2946 Μάρκῳ
1583 2879 1825 2942 αἰωνίοις

243 2964 513 3030 νικηταῐς,
547 2963 903 3031 Δῦγούστοις.
940 2986 959 3017 ι
996 2967 1104 3018 Kal.
1136 2967 1252 3037 μετ’
1279 2968 1470 3036 ὀλίγαο
1507 2987 1526 3022 ε
1566 2971 1664 3024 Διά
1688 2974 1890 3063 πάν-Ο
1930 2971 2100 3062 Ρίξυεξί

239 3070 344 3105 των
369 3055 678 3125 ἐδείχθητε,
701 3058 1203 3112 πανευσεὸέστατοι
1232 3064 1326 3116 καὶ
1353 3061 1693 3132 φιλόχριστοι
1726 3065 1822 3134 βα-

241 3149 429 3212 σιλεῖς,
474 3152 788 3222 μισουμένη
843 3155 939 3206 καὶ
973 3156 1361 3229 πολεμουμένῃ
1392 3161 1458 3230 τῇ
1499 3160 1821 3216 πίστειδια-

238 3241 413 3309 φόρως
455 3243 1004 3312 συμπολεμούμενοι.
1047 3265 1067 3297 ι
1104 3247 1214 3301 Καὶ
1246 3249 1370 3315 μεθ’
1421 3249 1619 3321 ἓτεραο
1665 3271 1684 3304 ε
1718 3255 1823 3307 Φο-

238 3338 367 3406 εερά
394 3356 482 3400 τις
530 3339 730 3409 ἐκδοχὴ
772 3341 1030 3409 κρίσεως.
1067 3344 1163 3396 καὶ
1209 3343 1356 3396 θείου
1407 3347 1580 3415 πυρὸς
1630 3347 1817 3417 ζῆλος,

234 3435 324 3484 καὶ
371 3433 628 3503 ἡδικαία
673 3435 771 3503 τῆς
820 3435 1096 3504 ὑμετέρας
1150 3438 1522 3508 γαληνότητος
1579 3441 1817 3510 κίνησις,

232 3527 353 3589 τοὺς
391 3529 931 3596 ἀντιδιατιθεμένους
969 3532 1290 3602 παρηαττόδας
1326 3534 1654 3601 συμπλέξει,
1681 3536 1818 3599 τοὺς

230 3623 318 3672 τόν
350 3622 487 3673 Θεὸν
522 3621 617 3673 τὸν
672 3620 920 3686 δυνατῖιν,
955 3625 1050 3673 καὶ
1081 3623 1182 3692 τὴν
1229 3624 1505 3696 ὑμετέραν
1530 3628 1596 3695 τῇ
1634 3626 1817 3680 πίστει

230 3716 656 3783 κρατυνομένην
694 3714 999 3782 βασιλείαν,
1027 3715 1328 3786 ἀλαζονικῇ
1364 3703 1607 3787 τιμωρίᾳ.
1649 3735 1817 3772 κατα-

230 3803 475 3867 τίιξεύειν
508 3805 956 3874 ἐπιχειροῦντας,
986 3806 1082 3858 καὶ
1112 3807 1211 3870 τῆς
1251 3806 1526 3875 ἡμετέρας
1549 3806 1819 3879 βραχύτη·

227 3912 314 3957 τος
349 3897 719 3964 πολυτρόπως
752 3897 828 3963 μὴ
860 3897 1238 3966 φειδομένους,
1277 3896 1394 3948 ἀλλ’
1427 3898 1516 3950 ἀεὶ
1545 3915 1816 3966 συκοφαν-

226 3987 459 4050 τοῦντας
496 3989 596 4040 καὶ
650 3988 1164 4056 καταψευδομένους
1207 3987 1390 4056 ἡμῶν,
1443 3991 1537 4042 καὶ
1599 3990 1813 4061 ἀνάγκη

226 4082 332 4132 τινὶ
361 4083 454 4134 καὶ
492 4080 588 4151 βίᾳ.
622 4080 1171 4149 καθυπογραψάντων
1206 4079 1365 4150 ἡμῶν
1402 4081 1460 4134 ἐν
1488 4083 1598 4159 τοῖς
1646 4082 1815 4145 θείοις

227 4175 378 4242 ὑμῶν
433 4175 538 4229 καὶ
573 4175 957 4238 ἁποστολικοίς
994 4174 1341 4242 ἐγκυκλίοιςο
1401 4175 1460 4226 ἐν
1528 4171 1611 4238 οἷς
1675 4177 1815 4244 μετὰ

228 4272 406 4336 πάσης
466 4269 650 4337 χαρᾶς
705 4267 801 4320 καὶ
856 4266 1166 4334 προθυμίας
1216 4265 1744 4338 καθυπεγράψαμεν.
1790 4286 1806 4318 ν

2009 1843 2387 1902 Circularibus
2423 1849 2544 1903 istis
2589 1865 2698 1904 non
2753 1853 2916 1906 modo
2958 1854 3282 1910 Timotheus
3311 1867 3367 1911 et
3405 1856 3510 1913 Pe-

1939 1947 2074 2000 trus,
2107 1955 2247 2008 quos
2279 1942 2542 2005 diximus,
2567 1958 2978 2000 consenserunt
3014 1968 3025 2002 :
3061 1949 3154 2002 sed
3188 1951 3510 2008 Anastasius

1936 2033 2121 2094 etiam,
2153 2032 2246 2100 qui
2299 2043 2424 2102 post
2465 2033 2786 2090 Juvenalem
2839 2037 3392 2109 Hierosolymitanam
3427 2054 3507 2097 tc-

1934 2122 2055 2176 nuit
2082 2125 2290 2189 sedem,
2327 2127 2590 2181 facillime
2633 2131 2983 2199 subscripsit,
3019 2143 3073 2186 et
3109 2136 3503 2202 quamplurimi

1933 2213 2027 2265 alii
2057 2215 2417 2269 ecclesiarum
2449 2220 2750 2283 antistites,
2795 2222 3109 2292 quingentis
3142 2240 3247 2278 non
3282 2227 3506 2293 paucio-

1934 2321 2022 2359 res
2050 2327 2059 2355 ι
2095 2308 2189 2374 qui
2221 2323 2413 2363 omnes
2444 2309 2643 2365 Leonis
2677 2322 2908 2377 tomum,
2943 2326 2995 2368 et
3037 2318 3306 2384 synodum
3331 2317 3500 2372 Chal-

1931 2396 2296 2450 cedonensem
2331 2400 2713 2467 repudiarunt.
2765 2404 3020 2458 Declarat
3055 2406 3104 2457 id
3141 2420 3328 2459 verum
3376 2422 3501 2460 esse

1929 2487 2151 2546 libellus
2195 2493 2427 2561 supplex
2459 2494 2528 2547 ab
2557 2495 2776 2548 Asianis
2808 2497 3081 2566 episcopis
3129 2499 3328 2567 Ephesi
3368 2515 3502 2552 con-

1930 2584 2166 2652 gregatis
2215 2585 2282 2638 ad
2333 2585 2656 2642 Basiliscum
2707 2590 2982 2658 scriptus,
3023 2591 3116 2658 qui
3165 2593 3230 2644 ad
3271 2593 3498 2646 verbum

1930 2675 2046 2730 haec
2093 2676 2482 2745 complectitur
2516 2696 2529 2732 :
2570 2695 2587 2728 ι
2624 2679 2799 2733 Medis
2831 2683 3091 2735 omnibus
3133 2684 3400 2752 piissimis
3445 2696 3500 2740 et

1926 2767 2412 2826 Cbristianissimis
2477 2771 2718 2828 dominis
2781 2776 3033 2839 nostris,
3101 2776 3370 2832 Basilisco
3444 2792 3500 2834 et

1925 2860 2132 2926 Marco,
2171 2865 2451 2932 perpetuis
2499 2866 2822 2932 victoribus,
2883 2869 3165 2937 Augustis.
3203 2888 3221 2921 ι
3269 2870 3336 2925 Ει
3377 2881 3500 2940 post

2231 2976 2248 3010 ι
2309 2959 2367 3012 ln
2417 2961 2581 3014 rebus
2634 2962 2892 3015 omnibus
2945 2963 3176 3030 piissimi
3239 2973 3294 3017 et
3339 2965 3498 3018 Chri-

1923 3051 2246 3106 stianissimi
2300 3053 2582 3122 principes
2632 3054 2995 3120 declarastis,
3026 3072 3151 3108 cum
3217 3057 3391 3111 invisa
3442 3068 3498 3112 et

1921 3142 2110 3200 hostili
2148 3143 2254 3200 [ide
2296 3161 2394 3200 vos
2424 3147 2644 3216 egregie
2691 3147 2894 3201 bellum
2947 3164 3160 3218 gerere.
3211 3169 3228 3200 ιι
3275 3151 3342 3204 Ει
3376 3162 3499 3220 post

1923 3235 2073 3291 alia:
2115 3255 2135 3288 ε
2173 3237 2460 3293 Terribilis
2504 3241 2756 3308 quaedam
2804 3243 3115 3310 expectatio
3157 3245 3379 3314 judicii,
3435 3255 3496 3300 et

1919 3324 2093 3380 divini
2127 3327 2264 3396 ignis
2291 3327 2477 3391 ardor,
2513 3340 2568 3382 et
2602 3331 2750 3398 justa
2806 3333 3120 3388 serenitatis
3174 3344 3370 3389 vestra:
3414 3338 3500 3389 in-

1919 3414 2190 3484 dignatio,
2243 3417 2595 3472 adversarios
2642 3423 2709 3473 ad
2761 3421 2926 3488 pedes
2969 3433 3183 3478 vestros
3232 3424 3493 3496 abjiciet,

1923 3511 2016 3579 qui
2045 3521 2328 3579 potentem
2359 3512 2531 3567 Deum
2553 3523 2609 3567 et
2634 3513 2740 3567 ﬁde
2772 3515 3160 3572 conﬁrmatum
3195 3521 3494 3589 imperium

1920 3613 2172 3655 vestrum
2213 3603 2467 3672 superba:
2501 3605 2759 3660 vindicta
2793 3608 2914 3662 telis
2962 3619 3148 3678 petere
3180 3615 3403 3678 audent,
3435 3624 3497 3672 et

1919 3694 2174 3748 tenuitati
2211 3705 2411 3749 nostra:
2442 3697 2631 3752 multis
2675 3699 2853 3753 modis
2882 3715 2994 3754 non
3037 3714 3351 3771 parcentes,
3401 3723 3494 3762 ca-

1917 3785 2152 3841 lumniis
2209 3796 2268 3842 et
2314 3787 2622 3843 mendaciis
2666 3792 3074 3862 sycophanticis
3121 3809 3223 3850 nos
3273 3811 3492 3867 semper

1919 3879 2329 3948 perstringunt,
2409 3882 2568 3950 quasi
2633 3883 2684 3936 vi
2752 3891 2806 3937 et
2865 3885 3194 3940 necessitate
3252 3889 3490 3957 quadam

1917 3970 2120 4033 adacti,
2157 3971 2361 4025 divinis
2410 3974 2606 4027 vestris
2641 3986 2698 4028 et
2747 3976 3067 4043 apostolicis
3119 3977 3490 4035 circularibus

1917 4061 2120 4116 litteris
2144 4062 2666 4133 subscripserimus,
2720 4082 2842 4118 cum
2902 4067 2956 4120 id
3010 4083 3134 4122 cum
3190 4070 3379 4124 laetitia
3432 4083 3491 4125 et

1917 4153 2200 4208 alacritate
2231 4154 2381 4208 omni
2410 4155 2728 4209 fecerimus.
2763 4175 2781 4207 ι
2815 4156 2878 4210 Et
2899 4168 3126 4226 postea:
3165 4178 3184 4211 ι
3217 4160 3298 4215 Ne
3318 4162 3489 4232 igitur

1921 4245 2057 4299 alias
2093 4259 2256 4312 quam
2284 4260 2475 4301 sacras
2514 4246 2812 4302 circulares
2840 4259 3055 4305 vestras
3090 4251 3303 4307 litteras
3321 4254 3487 4310 edere

227 4359 332 4412 Καὶ
370 4360 683 4429 μετέπειτα
707 4374 724 4390 ο
782 4377 800 4410 ε
847 4357 1072 4429 Μηδένα
1100 4354 1194 4411 οὗν
1221 4356 1387 4427 ἕτερα
1416 4359 1567 4427 παρὰ
1596 4359 1664 4411 τὰ
1693 4359 1812 4411 θεία
1844 4346 1888 4401 Ῑ)

1844 4346 1888 4401 ι)
1918 4347 2083 4406 atque
2119 4352 2428 4407 proponere
2465 4339 2670 4392 velitis.
2721 4340 2901 4408 Atque
2953 4342 3088 4397 illud
3137 4347 3281 4413 quod
3317 4347 3487 4418 668

225 4451 374 4518 ὑμῶν
398 4451 680 4519 ἐγκύκλια
707 4449 1086 4520 προσληθῆναι
1111 4431 1371 4518 θελήσετε
1396 4465 1411 4480 ⁸
1440 4450 1643 4511 ειδότες
1672 4451 1810 4520 ὅπερ

223 4544 457 4612 ἔφημεν,
484 4544 573 4596 ὅτι
603 4545 712 4606 πᾶς
741 4547 769 4596 ὁ
803 4544 1007 4612 κόσμος
1031 4544 1480 4612 ἀνατραπὴσεται
1506 4542 1689 4608 πάλιν,
1718 4543 1810 4595 καὶ

227 4637 396 4703 μικρὰ
422 4635 799 4705 εὑρεθήσεται
848 4636 917 4687 τὰ
951 4635 1100 4704 παρὰ
1133 4634 1232 4704 τῆς
1272 4635 1330 4687 ἐν
1355 4633 1662 4704 Χαλκηδόνι
1689 4651 1812 4689 συν-

225 4728 335 4781 όδου
394 4731 680 4797 γενόμενα
721 4729 906 4782 κακά’
962 4729 1119 4782 ἆτινα
1174 4727 1270 4782 καὶ
1321 4729 1446 4792 τοὺς
1497 4729 1811 4800 ἀναριθμήο

224 4835 346 4880 τους
374 4821 628 4882 ἐκείνους
655 4821 957 4888 εἰργάσατο
991 4821 1187 4888 φόνους
1204 4860 1219 4880 ,
1250 4821 1345 4873 καὶ
1371 4821 1440 4874 τὰ
1466 4821 1677 4888 αῐματα
1701 4822 1810 4873 τῶν

224 4909 524 4976 ὁρθοδὸξων
550 4910 756 4971 ἀδίκως
782 4912 878 4962 καὶ
900 4911 1242 4982 παρανόμως
1269 4912 1472 4982 ἐξέχεε.
1510 4929 1527 4962 ι
1559 4913 1669 4963 Καὶ
1695 4913 1812 4981 μετ’

223 5003 419 5070 ὀλίγαο
466 5022 486 5054 ε
549 5003 1056 5074 Διαμαρτυρόμεθα
1110 5003 1346 5056 ἐνώπιον
1402 5004 1497 5056 τοῦ
1563 5005 1813 5074 Σωτῆρος

226 5094 380 5162 ὴειῶν
424 5095 612 5163 Ἰησοῦ
640 5094 905 5164 Χριστοῦ,
943 5093 1242 5164 ἐλευθέραν
1270 5096 1373 5163 τὴν
1409 5095 1687 5162 ὑμετέραν
1725 5095 1814 5145 εὐ-

227 5189 446 5241 σέϐειαν
500 5189 669 5240 εἶναι.
724 5189 973 5257 Δεόμεθα
1029 5190 1129 5251 τῆς
1181 5186 1570 5257 ἐπενεχθείσης
1628 5187 1814 5246 αὐτοῖς

225 5279 457 5342 δικαίας.
518 5280 618 5332 καὶ
658 5280 955 5349 κανονικῆς
993 5281 1089 5332 καὶ
1144 5279 1603 5348 ἐκκλησιαστικῆς
1646 5293 1814 5329 κατα-

226 5374 455 5437 κρίσεως
489 5374 590 5425 καὶ
643 5371 1043 5442 καθαιρέσεως,
1075 5374 1171 5424 καὶ
1207 5371 1445 5440 μάλιστα
1470 5371 1547 5439 τῷ
1584 5371 1682 5436 τὴν
1712 5368 1812 5436 βα-

229 5464 557 5518 σι).εὑουσαν
597 5467 698 5534 οὐχ
747 5464 911 5527 ὁσίως
943 5467 1266 5518 ἐπισκοπεῖν
1295 5462 1384 5518 διὰ
1417 5463 1593 5517 πολλὰ
1625 5480 1810 5532 φωρα-

228 5552 388 5606 θέντι.
419 5574 439 5607 ι

1917 4430 2158 4485 diximus
2193 4431 2416 4495 scitote,
2461 4432 2651 4486 orbem
2701 4450 2918 4488 omnem
2951 4451 3169 4492 rursum
3201 4456 3480 4510 eversum,

1914 4532 1970 4578 et
2004 4539 2171 4593 parva
2206 4540 2270 4578 ea
2304 4524 2480 4579 visum
2517 4527 2607 4588 iri,
2637 4543 2757 4596 quae
2794 4527 2846 4580 in
2892 4528 3326 4589 Cbalcedoneusi
3358 4551 3486 4606 syn-

1916 4617 2025 4672 odo
2079 4619 2334 4674 accidere
2377 4619 2540 4681 mala,
2585 4637 2708 4689 quae
2752 4621 2973 4689 quidem
3025 4624 3271 4680 inﬁnitas
3318 4630 3484 4682 etiam

1916 4712 2039 4769 illas
2087 4722 2379 4783 patrarunt
2435 4715 2648 4782 ceedes,
2697 4724 2754 4770 et
2801 4718 3235 4775 orthodoxorum
3297 4722 3484 4792 inique

1916 4813 2086 4874 atque
2137 4805 2339 4875 injuste
2383 4807 2704 4874 sanguinem
2770 4810 3104 4864 eﬂuderunt.
3163 4830 3183 4864 ι
3243 4812 3310 4868 Εῑ
3359 4823 3485 4882 post

1918 4913 2091 4966 pauca
2140 4899 2244 4951 alia
2279 4915 2291 4952 :
2329 4916 2346 4949 ι
2386 4901 2728 4952 Attestamur
2759 4915 2941 4954 coram
2977 4901 3257 4958 SaIVatore
3291 4917 3484 4958 nostro

1917 4991 2044 5047 Jesu
2090 4991 2335 5055 Clu-isto,
2369 4993 2599 5046 liberam
2648 5011 2767 5048 esse
2797 5005 2852 5048 et
2900 4996 3254 5050 innocentem
3310 4999 3483 5066 picta.

1916 5099 2028 5139 tem
2051 5096 2288 5140 vestram
2319 5103 2334 5140 :
2372 5103 2399 5140 a
2432 5103 2534 5155 qua
2567 5088 2770 5155 justam
2793 5097 2847 5140 et
2878 5088 3199 5140 canonicam
3224 5098 3282 5142 et
3308 5090 3487 5143 eccle-

1919 5180 2196 5234 siasticam
2246 5183 2508 5234 adversus
2555 5180 2697 5242 illus,
2744 5190 2800 5233 et
2851 5179 3084 5233 maxime
3124 5190 3316 5235 contra
3353 5197 3482 5242 eum

1921 5275 2015 5344 qui
2069 5275 2237 5344 impie
2293 5275 2666 5343 episcopatum
2721 5275 2770 5326 in
2835 5273 2971 5326 urbe
3030 5274 3333 5342 imperante
3391 5291 3485 5346 ge—

1919 5382 2041 5422 rere
2089 5367 2277 5420 multis
2326 5365 2504 5418 modis
2567 5365 2944 5433 deprehensus
3001 5373 3106 5428 est,
3153 5367 3486 5420 condemur

1919 5460 2084 5513 tionis
2140 5469 2195 5513 et
2249 5457 2716 5512 exauctorationis
2760 5456 3090 5511 sententiam
3154 5454 3287 5510 ferri
3344 5457 3484 5527 peti-

1917 5569 2052 5605 llills.
2097 5575 2115 5603 ε
