4236 6442
220 448 300 511 129

1141 442 1745 501 ECULISblASllLﬂs
1787 439 2178 495 ﬂib’l‘Uﬂi/E
2210 438 2356 495 L18.
2403 436 2557 495 XVI.

3360 433 3465 497 130

215 553 479 627 προτέρων
513 526 655 623 ὑπὲρ
685 540 785 621 τῆς
815 553 873 603 ἐν
904 549 1217 620 Χαλκηδόνι
1244 548 1462 601 συνόδου
1490 545 1781 611 διεξιόντα.
1813 597 1818 610 ,

1850 554 2041 609 ,εει-οε
2101 554 2267 615 atque
2314 545 2586 611 aboleret,
2655 546 2852 613 edidit,
2894 556 2951 603 et
3002 559 3125 602 cam
3164 548 3337 618 priori
3382 549 3461 603 illi

226 649 363 702 ’Λλλὰ
384 648 666 716 Ζαχαρίας
701 645 803 716 μὲν
822 648 850 698 ό
876 643 976 713 τὴν
1019 642 1150 714 ὅλην
1180 639 1575 713 πραγματείαν
1595 639 1780 709 ἐμπα-

217 740 305 802 θῶς
331 738 794 807 συγγραψάμενος
831 735 1053 805 παρῆκε
1082 736 1150 805 τῇ
1182 731 1305 786 κατ’
1340 731 1509 785 αὐτὸν
1563 730 1779 800 ίστορία

217 834 271 885 τὰ
293 830 684 897 ἁνεεγκύκλια·
715 826 829 895 ἐγὼ
870 827 929 881 δέ.
965 844 1073 880 που
1115 825 1318 897 εὑρὼν,
1358 825 1425 895 τῇ
1479 823 1775 892 συγγραφῇ

217 924 615 994 παραθήσομαι.
672 923 903 991 Ἔχουσι
931 920 977 973 δ’
1012 922 1107 974 ἐπὶ
1128 920 1334 986 λέξεως
1374 915 1552 979 οὕτως
1580 931 1597 947 ·

1886 637 2225 691 contrariam
2264 637 2319 692 in
2357 640 2548 694 orbem
2583 639 2914 709 vulgandam
2947 642 3119 705 misit,
3151 657 3274 711 quae
3304 643 3468 698 aliter

1887 729 2044 801 longe
2082 746 2246 802 quam
2284 732 2584 788 circulares
2619 733 2726 787 illae
2780 736 2999 805 scripta:
3040 736 3281 803 fuerant,
3316 752 3469 791 cmu-

1885 824 2101 893 posita,
2154 824 2426 897 synodum
2476 824 2991 881 Chalcedonensem
3043 829 3313 891 defendit.
3354 829 3468 886 Ca:-

1888 925 2068 969 terum
2108 917 2443 979 Zacharias.
2496 920 2591 988 qui
2647 935 2762 974 rem
2820 936 2942 975 cam
2988 936 3207 977 omnem
3250 923 3466 979 allecti-

219 1020 305 1073 bus
329 1021 527 1073 ductus
573 1020 941 1089 conscripsit,
975 1032 1027 1070 In
1067 1015 1302 1069 historia
1334 1028 1433 1067 sua
1466 1009 1779 1066 contrarias
1819 1011 2102 1081 prioribus
2162 1011 2466 1068 circulares
2531 1012 2747 1069 litteras
2778 1018 3168 1086 prietermisit:
3206 1035 3343 1091 quas
3363 1039 3468 1095 ego

217 1113 400 1168 alicubi
441 1114 705 1169 inventas
736 1114 825 1170 hic
858 1128 1158 1184 apponam.
1207 1110 1411 1164 Earum
1446 1109 1623 1165 verba
1656 1108 1773 1165 haec
1815 1121 1982 1166 sunt:

802 1256 1052 1310 ΚΕΦΑΛ.
1093 1257 1170 1309 Ζ¹.

564 1353 995 1422 Ἀντετκύκλιιε
1026 1349 1432 1403 Βασιλίσκυυ.

276 1472 722 1540 «Αὑτοκράτορες
747 1468 1031 1538 Καίσαρες
1058 1466 1384 1529 Βασιλίσκος
1416 1466 1512 1518 καὶ
1528 1464 1781 1534 Μάρκος.

212 1569 310 1639 Τὴν
332 1566 541 1622 ἄνωθεν
574 1565 674 1619 καὶ
712 1565 771 1630 ἐξ
808 1561 985 1632 ἀρχῆς
1035 1562 1096 1613 ἐν
1142 1563 1264 1621 ταῖς
1314 1560 1637 1622 καθολικαῖς
1692 1561 1784 1611 ἐκ·

209 1664 450 1734 κλησίατς
493 1660 861 1731 κρατήσασαν
917 1654 1290 1723 ἁποστολικὴν
1346 1653 1442 1707 καὶ
1500 1652 1784 1721 όρθόδοξον

210 1756 409 1816 πίστιν,
439 1755 538 1805 καὶ
581 1752 751 1821 μέχρι
809 1749 910 1819 τῆς
970 1749 1254 1818 ἡμετέρας
1323 1743 1608 1814 βασιλείας
1643 1760 1784 1813 κρα-

2489 1255 2714 1312 CAPUT
2751 1256 2862 1310 VII.

2098 1345 2403 1402 Contraria:
2434 1346 2722 1401 circulare:
2768 1346 3017 1402 Basilisci
3043 1349 3253 1403 liuerw.

1968 1482 1987 1514 ε
2033 1464 2401 1535 Imperatores
2458 1464 2743 1530 Ca‘sares,
2809 1465 3107 1521 Basiliscus
3145 1474 3199 1520 et
3238 1466 3470 1521 Marcus.

1888 1554 2078 1618 Fiaem
2112 1560 2473 1627 apostolicam
2528 1569 2581 1612 et
2610 1557 3001 1622 orthodoxam,
3047 1576 3171 1629 quae
3197 1561 3310 1629 jam
3345 1560 3473 1613 inde

1894 1656 1964 1711 ab
2002 1654 2163 1710 initio
2201 1654 2254 1708 in
2307 1652 2597 1706 catholicis
2656 1654 2908 1707 ecclesiis
2958 1669 3132 1722 usque
3177 1655 3243 1707 ad
3292 1655 3471 1709 nostri

1894 1748 2114 1819 imperii
2148 1757 2396 1817 tempora
2429 1746 2695 1811 obtinuit,
2737 1755 2792 1801 et
2839 1746 2944 1801 sub
3000 1747 3233 1816 imperio
3280 1762 3474 1801 nosuo

207 1849 467 1919 τήσασαν,
499 1846 595 1899 καὶ
626 1846 724 1897 ἐπὶ
755 1843 854 1910 τῆς
883 1843 1166 1913 ἡμετέρας
1221 1839 1279 1892 δὲ
1334 1838 1611 1908 βασιλείας
1649 1854 1787 1906 κρα-
1814 1922 1818 1932 1

1850 1875 1863 1932 ι
1893 1841 2126 1905 obtinet,
2162 1852 2327 1909 atque
2361 1840 2502 1893 adeo
2537 1838 2590 1893 in
2639 1848 2971 1909 perpetuum
3010 1840 3262 1894 obtinere
3290 1838 3475 1902 debet,

208 1938 414 2003 τοῦσαν,
465 1938 558 1990 καὶ
628 1936 711 1998 είς
750 1935 812 1988 τὸ
845 1934 1094 2009 διηνεκὲς
1154 1934 1385 2003 κρατεῖν
1429 1931 1783 2000 ὀφείλουσαν,

207 2031 280 2092 εἰς
306 2032 369 2099 ἣν
398 2030 496 2083 καὶ
559 2026 989 2095 ἐϐαπτίσθημεν
1048 2024 1147 2078 καὶ
1194 2024 1552 2091 πιστεύομεν,
1611 2020 1787 2091 αὐτὴν

214 2125 372 2193 μόνην
400 2121 649 2191 ἄτρωτον
673 2120 769 2173 καὶ
799 2118 1101 2173 ἀσάλευτον
1129 2118 1378 2187 κρατεῖν,
1404 2114 1503 2185 τὴν
1526 2115 1622 2166 καὶ
1653 2131 1789 2184 κρα-

206 2212 394 2267 τοῦσαν
427 2215 525 2265 καὶ
550 2210 823 2281 διηνεκῶς
855 2206 1248 2262 πολιτεύεσθαι
1303 2207 1363 2258 ἐν
1416 2202 1627 2267 π’ἁσαις
1667 2205 1790 2265 ταῖς

207 2306 516 2367 καθολικαῖς
547 2302 643 2355 καὶ
674 2300 1066 2362 ἀποστολικαῖς
1120 2297 1445 2367 ἐκκλησίαις
1481 2296 1591 2348 τῶν
1626 2294 1790 2365 ὀρθο-

207 2388 367 2462 ὁόξων
420 2392 787 2461 θεσπίζομεν,
841 2390 937 2443 καὶ
1017 2387 1186 2459 μηδὲν
1236 2386 1430 2455 ἓτερον
1484 2383 1787 2450 ζητεῖσθαι.

207 2490 295 2541 Διά
333 2485 501 2538 τοῦτο
552 2484 665 2553 γὰρ
694 2483 792 2535 καὶ
820 2482 891 2534 τὰ
935 2481 1029 2533 ἐπὶ
1058 2480 1159 2549 τῆς
1188 2480 1472 2550 ἡμετέρας
1508 2475 1793 2546 βασιλείας

207 2576 575 2646 γεγενημένα,
624 2574 738 2626 εἴτε
795 2572 888 2625 καὶ
924 2570 1094 2640 ἔτερα
1143 2569 1177 2637 ἢ
1207 2569 1260 2621 εῖ
1291 2585 1343 2620 τι
1379 2565 1647 2637 δηποτοῦν
1705 2566 1795 2618 πί-

209 2690 374 2733 στεως
398 2671 617 2731 ἕνεκεν,
658 2667 692 2736 ἢ
739 2664 1135 2726 καταστάσεως
1166 2659 1663 2731 ἐκκλησιαστικῆς,
1698 2659 1795 2727 ἀρ-

209 2768 317 2831 γεῖν
360 2763 459 2815 καὶ
512 2758 836 2813 πεπαῦσθαι
874 2755 1323 2825 προστάττομεν,
1392 2751 1796 2823 ἁναθεματιζο-

214 2858 371 2926 μένου
405 2852 715 2921 Νεστορίου
747 2851 845 2903 καὶ
872 2847 1151 2917 Εὐτυχοῦς
1206 2846 1303 2900 καὶ
1360 2846 1546 2913 πάσης
1600 2844 1796 2912 ἐτέρας

211 2953 327 3021 αίρί
344 2967 480 3012 σεως
512 2947 605 3000 καὶ
627 2946 849 2999 πάντων
883 2942 992 2996 τῶν
1022 2943 1092 2994 τὰ
1126 2940 1265 2993 αὐτὰ
1291 2938 1658 3009 φρονούντων.
1688 2937 1798 2990 Καὶ

204 3060 269 3095 πε
279 3045 331 3113 pi.
349 3043 561 3112 ταύτης
580 3040 679 3109 τῆς
694 3037 1006 3099 ὑποθέσεως
1028 3034 1102 3105 μὴ
1123 3032 1338 3087 σύνοδον
1355 3032 1602 3099 γίνεσθαι
1624 3029 1655 3099 ἢ
1680 3030 1795 3081 ἐτέ-

211 3156 306 3207 ραν
342 3137 606 3207 ζήτησιν·
663 3131 803 3186 ἀλλὰ
833 3130 1004 3183 ταῦτα
1034 3128 1221 3198 μένειν
1249 3126 1474 3197 ἀρραγῆ
1527 3124 1626 3175 καὶ
1658 3121 1798 3176 ἀσά-

1890 1934 1946 1988 in
1974 1946 2137 2003 quam
2168 1931 2333 1986 etiam
2371 1930 2633 2001 baptizati
2668 1946 2879 1995 sumus,
2900 1946 3060 1999 quam
3091 1942 3147 1985 et
3177 1931 3476 1992 credimus.

1890 2040 2012 2082 eam
2054 2025 2226 2093 ipsam
2280 2023 2451 2078 solam
2506 2024 2825 2078 inviolatam
2874 2032 3041 2092 atque
3090 2023 3475 2077 inconcussam

1892 2116 2182 2179 obtinere,
2235 2125 2292 2169 et
2342 2116 2689 2169 obtinentem
2747 2122 3018 2183 perpetuo
3085 2113 3355 2168 celebrari
3418 2115 3473 2168 in

1894 2209 2155 2263 omnibus
2210 2208 2653 2263 ortliodoxorum
2700 2207 2996 2261 catholicis
3047 2215 3104 2260 et
3155 2207 3482 2276 apostolicis

1894 2297 2182 2361 ecclesiis,
2214 2296 2381 2368 670
2414 2312 2594 2366 neque
2625 2296 2927 2365 quidquam
2961 2296 3111 2350 aliud
3141 2286 3350 2367 requiri
3382 2300 3482 2353 dc-

1896 2389 2050 2456 bere,
2104 2392 2406 2446 sancimus.
2458 2390 2699 2444 Proinde
2753 2388 3029 2459 quidquid
3084 2391 3189 2443 sub
3247 2392 3484 2460 imperio

1897 2492 2087 2536 nostro
2108 2492 2289 2536 actum
2316 2481 2641 2551 editumque
2664 2490 2767 2547 est,
2790 2483 2904 2534 sive
2934 2481 3235 2536 circulares
3258 2482 3481 2544 litterae,

1897 2590 1995 2630 seu
2041 2575 2242 2644 scripta
2279 2576 2408 2640 alia,
2439 2591 2786 2644 quaecunque
2820 2575 3039 2643 tandem
3073 2592 3137 2631 ea
3174 2576 3312 2639 sint,
3350 2592 3450 2646 prn

1900 2668 2160 2723 fessionis
2230 2668 2354 2721 iidvi
2435 2678 2531 2720 aut
2570 2667 2990 2721 ecclesiastica:
3059 2668 3486 2722 constitutionis

1899 2762 2077 2832 gratia
2105 2761 2474 2831 promulgata,
2502 2759 2657 2813 irrita
2687 2767 2741 2814 et
2768 2759 3033 2828 abrogata
3056 2776 3176 2815 esse
3196 2761 3482 2829 jubemus.

1900 2854 2217 2909 Nestorium
2241 2865 2295 2908 et
2321 2852 2709 2924 Eutychetem,
2745 2867 2845 2906 nec
2871 2869 2979 2906 non
3009 2853 3248 2909 haereses
3271 2870 3486 2918 omnes,

1901 2957 1957 3004 et
2016 2963 2113 3003 eos
2158 2947 2252 3017 qui
2314 2946 2455 3001 idem
2512 2960 2637 2999 cum
2701 2945 2814 3000 illis
2872 2948 3143 3012 sentiunt,
3199 2949 3489 3001 universos

1902 3042 2255 3095 anathemate
2304 3038 2767 3093 condemnamus.
2818 3038 3187 3095 Decernimns
3244 3058 3488 3111 quoque,

1903 3122 1971 3189 de
2007 3132 2131 3188 ﬁdei
2184 3148 2348 3188 causa
2399 3147 2578 3200 neque
2619 3132 2891 3203 synodum
2925 3134 3066 3203 cogi,
3108 3150 3288 3203 neque
3334 3153 3487 3205 qua:-

204 3230 388 3283 λευτα.
437 3224 808 3295 Ἀποδοθῆναι
834 3220 892 3273 δέ
928 3220 1144 3282 καὶτὰς
1176 3218 1445 3287 ἐπαρχίας
1497 3214 1575 3285 τῷ
1631 3213 1799 3281 ἁγιω-

1850 3220 1876 3284 :
1908 3229 2144 3283 stionem
2174 3226 2336 3279 aliam
2366 3226 2586 3289 inferri,
2629 3227 2722 3280 sed
2760 3226 2873 3279 haec
2902 3244 3066 3297 quam
3114 3231 3491 3297 approbemus

204 3324 350 3392 τᾶτῳ
370 3322 469 3375 καί
496 3315 885 3383 εὐλαϐεστάτῳ
908 3312 1230 3382 πατριάρχῃ
1253 3312 1350 3363 καὶ
1381 3309 1801 3378 ἀρχιεπισκὸπῳ

216 3414 491 3484 Ἀκακίῳ·
528 3405 605 3464 ὧν
634 3408 735 3469 τὴν
762 3405 1099 3477 χειροτονίαν
1127 3398 1274 3473 εἶχεν
1307 3404 1336 3455 ό
1368 3400 1560 3470 θρόνος
1592 3399 1801 3468 ταύτης

203 3500 305 3571 τῆς
332 3499 621 3571 βασιλίδος
646 3497 743 3551 καὶ
773 3495 984 3559 ἐνδόξου
1015 3494 1249 3557 πόλεως·
1281 3490 1486 3562 δηλαδὴ
1544 3490 1653 3544 τῶν
1708 3491 1805 3541 νῦν

201 3593 371 3645 ὄντων
408 3588 863 3658 θεοφιλεστάτων
887 3586 1209 3641 ἐπισκόπων
1238 3584 1514 3654 μενόντων
1569 3584 1665 3636 ἐπὶ
1694 3581 1804 3634 τῶν

202 3690 429 3740 οἰκείων
464 3685 704 3755 θρόνων,
777 3682 1009 3753 μηδενὸς
1062 3682 1452 3752 προκρίματος
1507 3678 1808 3747 γενομένου

206 3782 347 3851 μετὰ
375 3781 483 3853 τὴν
512 3781 724 3833 τούτων
746 3778 1005 3847 τελευτὴν
1041 3776 1117 3846 τῷ
1154 3775 1355 3844 δικαίῳ
1401 3777 1505 3846 τῆς
1561 3789 1809 3843 χειροτο-

204 3876 322 3939 νίας
352 3877 453 3930 τοῦ
484 3873 729 3944 εὐαγοῦς
764 3871 959 3942 θρόνου
991 3869 1201 3939 ταύτης
1241 3869 1345 3938 τῆς
1392 3866 1666 3938 βασιλίδος
1717 3869 1811 3919 καὶ

202 3972 429 4039 ἐνδόξου
484 3972 727 4031 πόλεως.
770 3966 947 4020 Τοῦτο
977 3965 1043 4035 δὴ
1073 3964 1136 4017 τὸ
1167 3963 1313 4017 θεῖον
1332 3962 1493 4034 ἡμῶν
1529 3960 1810 4029 θέσπισμα

210 4066 457 4134 δύναμιν
491 4062 699 4132 ἐπέχον
722 4058 875 4123 θείας
908 4056 1231 4121 διατάξεως,
1263 4054 1444 4109 οὐδενὶ
1510 4051 1813 4123 ἀμφίϐολον

204 4159 591 4230 καθέστηκεν.
618 4174 637 4208 ι
674 4152 867 4208 Ταῦτα
901 4151 1002 4222 μιν
1027 4151 1204 4214 οὕτως
1234 4148 1484 4218 ἐγένετο.

838 4443 1092 4498 ΚΕΦΑΛ.
1135 4442 1218 4493 Η’.

270 4545 370 4612 Ὠς
416 4546 468 4596 Ζ
476 4542 649 4607 pirum
675 4532 851 4612 αὖθις
886 4539 975 4612 είς
1012 4535 1125 4601 τὴν
1149 4533 1380 4612 οίξιεέάν
1410 4526 1757 4612 ἐπανῆλθεν

464 4602 677 4681 ἀρχὴν
697 4627 711 4640 ·
752 4608 1131 4671 Βασιλίσκος
1161 4604 1230 4656 δὲ
1255 4602 1564 4671 διεφθάρη.

283 4733 348 4785 Ὀ
374 4732 438 4785 δὲ
486 4728 829 4784 Βασιλίσκος
859 4723 1005 4775 κατὰ
1029 4720 1130 4789 τῆς
1151 4719 1394 4780 πίστεως
1421 4714 1821 4786 παραταξάμε-

202 4844 314 4890 νος,
360 4827 544 4894 μῖσος
576 4817 737 4889 παρὰ
764 4816 989 4868 πάντων
1036 4813 1330 4882 ἐκτήσατο⁸
1374 4811 1403 4862 δ
1431 4809 1819 4880 μεμαθηκότες

205 4922 253 4971 οῖ
306 4921 563 4985 Ζήνωνα
622 4907 1098 4979 ἐπιτετραμμένοι
1166 4904 1501 4975 πολιορκεῖν,
1554 4904 1725 4957 πιστά
1776 4902 1823 4954 οἱ

202 5012 485 5082 φυλάξειν
572 5004 991 5074 διομοσάμενοι,
1050 5001 1264 5070 Ζήνωνι
1329 4996 1672 5051 σπένδονται·
1729 4996 1825 5047 καὶ

204 5107 402 5160 τοῦτον
454 5100 735 5161 λαϐόντες
795 5097 1038 5167 ἐχώρουν
1089 5092 1196 5148 ἀνὰ
1246 5092 1347 5163 τὴν
1410 5091 1822 5162 βασιλεύουσανο

203 5202 356 5269 δὼρα
408 5199 491 5250 τὰ.
560 5193 665 5263 μὲν
715 5191 1030 5259 εἰληφότες,
1090 5187 1161 5240 τὰ
1216 5184 1261 5238 δ’
1302 5186 1683 5255 ὑπεσχημένοι
1734 5181 1829 5235 λα·-

206 5293 350 5348 ϐεῐν.
387 5288 547 5343 Φασί
576 5304 639 5352 γε
671 5285 783 5355 μὴν
813 5285 911 5336 καὶ
950 5282 1049 5353 τὴν
1089 5280 1542 5351 πρωτομάρτυρα
1606 5276 1700 5328 καὶ
1728 5292 1827 5327 πο-

204 5390 452 5441 λραθλον
499 5383 727 5436 Θὲκλαν
766 5378 926 5446 ὕψεσι
979 5376 1273 5446 μυστικαῖς
1331 5372 1685 5441 ἐκφανεῖσαν,
1730 5370 1829 5439 τὴν

205 5484 304 5551 τῆς
336 5476 658 5549 βασιλείας
694 5471 1153 5525 ἀποκατάστασιν
1199 5463 1360 5528 αὖθις
1412 5463 1562 5533 αὐτῷ
1594 5460 1827 5533 βεϐαιώ-

208 5575 440 5629 σασθαι.
473 5565 561 5625 Οὗ
592 5568 917 5637 γενομένου,
952 5562 1143 5632 Ζήνων
1187 5564 1256 5628 τῇ
1308 5559 1547 5630 μάρτυρι
1602 5558 1832 5627 ἀμειϐόο

212 5686 378 5740 μενος
426 5667 541 5736 τῆς
578 5662 897 5733 μηνύσεως.
933 5659 1035 5711 ἀνὰ
1062 5657 1161 5726 τὴν
1189 5654 1502 5707 Σελευκέων
1547 5651 1829 5723 μητρόπο-

208 5764 293 5815 λιν
337 5766 601 5827 τέμενος
632 5754 875 5806 ἀνετίθει
919 5753 1080 5821 ἐξοχῇ
1136 5749 1418 5820 μέγιστον,
1464 5747 1560 5799 καὶ
1592 5744 1832 5815 προῦχον

210 5857 267 5909 ἐν
304 5855 537 5913 κάλλει,
574 5849 608 5901 ὃ
639 5847 823 5915 πολλῷ
862 5846 1073 5916 χρυσίῳ
1103 5848 1196 5896 καὶ
1243 5840 1545 5911 βασιλικοῖς
1604 5837 1834 5891 κατεκό-

212 5966 344 6015 σμει
382 5950 509 6009 τοῖς
552 5942 936 6012 ἀναθήμασιν.
987 5939 1047 5991 Ὀ
1076 5938 1131 5989 δὲ
1180 5936 1505 5998 Basilio/.0;
1548 5932 1644 5997 τὴν
1677 5931 1831 5999 κίνη-

1908 3315 2064 3369 ﬁrma
2123 3324 2181 3369 et
2254 3317 2579 3369 inconcussa
2636 3330 2911 3369 manere:
2969 3319 3277 3385 provincias
3322 3323 3489 3376 etiam

1910 3405 2065 3460 reddi
2102 3404 2307 3459 debere
2326 3403 2678 3459 sanctissimo
2707 3414 2763 3457 et
2786 3404 3213 3473 religiosiSsimo
3248 3411 3488 3477 patriar-

1910 3498 2028 3552 chzc
2063 3508 2117 3552 et
2152 3496 2575 3567 archiepiscopo
2620 3498 2846 3563 Acacto,
2895 3515 3133 3569 quarum
3179 3502 3492 3556 antistitum

1912 3592 2325 3648 ordinationem
2367 3591 2696 3661 imperantis
2750 3593 2918 3663 hujus
2968 3601 3027 3648 et
3072 3594 3287 3665 inclytae
3336 3596 3495 3649 urbis

1914 3687 2154 3741 thronus
2187 3684 2383 3740 habuit
2413 3703 2425 3739 :
2460 3685 2536 3739 ita
2572 3684 2856 3751 videlicet,
2890 3698 2951 3742 ut
2994 3686 3087 3742 Dei
3124 3689 3494 3744 amantissimi

1914 3779 2011 3848 qui
2058 3793 2207 3833 nunc
2242 3786 2374 3833 sunt
2413 3777 2685 3849 episcopi.
2724 3779 2783 3833 in
2836 3780 3065 3835 sedibus
3115 3780 3234 3835 suis
3279 3797 3499 3851 perma-

1918 3882 2083 3927 neant
2116 3888 2130 3924 :
2163 3886 2343 3940 neque
2379 3880 2505 3940 post
2539 3870 2754 3925 obitum
2812 3872 3059 3934 illorum,
3107 3873 3493 3943 przejudieium

1916 3964 2137 4035 aliquod
2167 3964 2435 4018 adversus
2454 3964 2579 4034 jura
2608 3964 2977 4021 ordinationis
3006 3967 3149 4021 sacri
3181 3967 3366 4021 throni
3395 3967 3498 4021 im—

1920 4056 2166 4129 perantis
2198 4056 2361 4127 hujus
2394 4065 2449 4112 et
2476 4056 2693 4129 inclytae
2728 4058 2883 4113 urbis
2921 4070 3165 4114 creetur.
3205 4058 3386 4129 Atque
3415 4061 3499 4115 di-

1922 4152 2046 4205 vina
2076 4150 2195 4205 hare
2225 4150 2442 4205 sanctio
2488 4160 2676 4203 nostra
2707 4150 2819 4203 vim
2870 4166 3042 4206 sacrae
3082 4152 3502 4207 constitutionis

1924 4242 2158 4305 habens,
2185 4258 2255 4297 ne
2280 4243 2368 4295 cui
2395 4242 2450 4296 in
2482 4240 2714 4296 dubium
2739 4252 2837 4297 aut
2858 4244 3300 4299 controversiam
3332 4257 3501 4299 voce-

1924 4343 2068 4391 tur.)
2095 4334 2219 4389 Haec
2253 4334 2334 4389 sic
2365 4345 2511 4390 acta.

2500 4450 2731 4507 CAPUT
2775 4451 2908 4508 Vili.

1850 4566 1894 4623 ι)
1925 4542 1999 4600 Ut
2044 4543 2186 4601 Zeno
2237 4544 2513 4623 rursusin
2562 4545 2847 4623 imperium
2887 4548 3159 4623 suamait
3207 4550 3500 4615 restitutus,

2304 4614 2595 4669 Basiliscus
2627 4625 2806 4669 autem
2830 4618 3115 4675 interierit.

1997 4732 2172 4788 Porro
2214 4730 2512 4785 Basiliscus
2558 4730 2708 4798 quod
2757 4732 3029 4788 adversus
3081 4734 3239 4788 iidem
3293 4736 3498 4790 bellum

1926 4832 2165 4895 gereret,
2192 4821 2381 4876 odium
2408 4821 2656 4875 omnium
2691 4822 2944 4877 incurrit.
2980 4824 3135 4889 Quod
3177 4826 3268 4880 ubi
3302 4841 3506 4896 cogno-

1928 4931 2081 4978 vere,
2133 4915 2338 4983 quibus
2385 4914 2626 4969 Zenonis
2682 4914 2901 4969 obsidio
2953 4917 3251 4971 commissa
3298 4919 3504 4985 fuerat,

1923 5009 2245 5080 juramento
2270 5007 2602 5075 interposito
2635 5022 2693 5062 se
2720 5007 2860 5061 fidos
2889 5008 2997 5061 illis
3033 5009 3271 5071 futuros,
3296 5011 3503 5066 Zenoni

1930 5101 2214 5156 conciliati
2256 5111 2427 5156 sunt:
2478 5116 2658 5169 eoque
2688 5112 2935 5170 recepto,
2981 5102 3049 5155 ad
3102 5104 3296 5157 urbem
3334 5104 3509 5173 impe-

1930 5203 2147 5250 rantem
2188 5196 2270 5249 ire
2306 5195 2716 5250 contenderunt
2759 5212 2773 5249 :
2822 5211 2948 5250 cum
2997 5194 3222 5265 quidem
3254 5195 3397 5249 dona
3440 5198 3510 5251 ab

1931 5303 1998 5343 eo
2041 5288 2237 5357 partim
2265 5288 2375 5357 jam
2414 5287 2783 5355 accepissent,
2830 5288 3029 5356 partim
3076 5301 3136 5341 se
3179 5299 3511 5357 accepturos

1932 5396 2056 5434 esse
2085 5378 2334 5449 stipulati
2381 5387 2591 5434 essent.
2635 5378 2845 5434 Ferunt
2879 5393 3014 5433 sane
3058 5378 3285 5447 quidam
3319 5391 3511 5447 proto-

1936 5481 2258 5542 tnartyretn,
2321 5487 2445 5539 quae
2501 5471 2736 5525 multum
2792 5483 2849 5524 et
2901 5481 3127 5525 strenue
3182 5470 3507 5534 decertavit,

1936 5562 2219 5625 Theclam,
2250 5566 2467 5616 arcanis
2509 5562 2843 5631 quibusdam
2886 5562 3193 5617 visionibus
3228 5561 3303 5615 illi
3345 5566 3511 5616 resti-

1937 5657 2210 5709 tutionem
2246 5656 2464 5723 imperii
2492 5655 2871 5711 conﬁrmasse.
2904 5656 3257 5724 QuaprOpter
3284 5654 3431 5709 Zeno
3453 5664 3513 5707 ut

1939 5749 2165 5818 martyri
2198 5748 2266 5800 de
2296 5748 2636 5818 ejuscemodi
2669 5747 3091 5801 denuntiatione
3142 5748 3376 5819 gratiam
3424 5762 3513 5801 re-

1937 5843 2124 5904 ferret,
2174 5840 2227 5894 in
2267 5842 2556 5909 metropoli
2605 5840 2894 5903 Seleuciae,
2930 5841 3226 5896 delubrum
3255 5840 3514 5907 amplitu-

1940 5934 2062 5987 diti!
2111 5932 2408 5986 maximum
2446 5945 2500 5988 et
2540 5933 2955 5999 pulchritudine
2990 5932 3516 5989 orzeslantiSsinium
