4236 6442
315 422 415 486 13⁸1

1264 423 1852 484 ῈΕΕΙιΕὸῐΑδΤΙΕίΕ
1893 423 2270 485 HISTORHZ
2315 428 2452 489 HD.
2502 431 2654 492 XVI.

3471 438 3570 507 138

310 545 524 606 πίστιν,
560 544 755 614 ἡντινα
785 544 870 597 διὰ
902 545 1004 615 τῆς
1031 543 1184 607 θείας
1215 546 1622 614 ὲπιφοιτήσεως
1653 544 1896 609 ἐξέθεντο
1925 551 1967 606 Α

1925 551 1967 606 Α
2000 543 2168 596 solam
2208 557 2410 599 rertam
2443 558 2496 600 et
2533 565 2714 604 veram
2753 551 2912 608 tidem
2949 570 3108 626 quam
3139 556 3572 630 diviuaiuspira-

312 638 417 701 μὲν
452 638 498 686 οἱ
534 639 593 687 ἐν
623 637 827 708 Νικαίᾳ
859 635 1344 706 συναθροισθέντες
1391 640 1696 702 τριακόσιοι
1729 637 1887 689 δεκα-

309 725 462 779 οκτὼ
493 731 638 794 ἅγιοι
673 731 935 800 Πατέρες,
970 731 1312 784 ἐϐεϐαίωσαν
1344 730 1400 782 δὲ
1437 732 1482 782 οἱ
1516 733 1573 781 ἐν
1603 731 1890 782 Κωνσταν-

305 820 625 871 τινουπόλει
660 823 857 874 ἑκατὸν
888 823 982 876 καὶ
1011 826 1351 890 πεντήκοντα
1377 821 1573 892 ὁμοίως
1606 820 1751 889 ἅγιοι
1779 823 1888 874 Πα-

307 917 470 984 τέρες
528 915 895 973 συνελθόντες,
927 916 1141 982 νύκτωρ
1174 931 1231 967 τε
1268 917 1359 967 καὶ
1393 914 1710 982 μεθημέραν
1739 913 1886 983 πάσῃ

309 1015 595 1082 προσευχῇ
637 1012 729 1062 καὶ
765 1012 967 1081 σπουδῇ
1003 1014 1097 1064 καὶ
1147 1013 1335 1080 νόμοις
1388 1013 1713 1080 κεχρήμεθα
1744 1012 1886 1080 πλη-

309 1101 580 1167 θυνθῆναι
611 1103 679 1154 δι’
701 1103 873 1170 αὐτῆς
913 1105 1012 1171 τῆν
1056 1104 1402 1172 ἁπανταχόσε
1438 1105 1596 1172 ἁγίαν
1627 1104 1721 1156 τοῦ
1750 1105 1887 1157 Θεοῦ

308 1193 612 1264 καθολικὴν
642 1195 733 1247 καὶ
769 1195 1135 1265 ἀποστολικὴν
1167 1195 1515 1264 Ἐκκλησίαν,
1547 1197 1648 1266 τὴν
1673 1198 1894 1268 ἄφθαρ-

303 1304 402 1338 τον
457 1289 553 1340 καὶ
607 1287 961 1355 ἀτελεύτητον
1019 1289 1232 1358 μητέρα
1284 1288 1393 1341 τῶν
1443 1291 1726 1360 ἡμετέρων
1755 1293 1887 1360 σκή-

304 1397 502 1448 πτρων
525 1395 540 1412 ο
570 1381 764 1450 εἰρήνῃ
805 1397 862 1432 τε
897 1381 992 1432 καὶ
1038 1384 1101 1449 τῇ
1162 1383 1288 1451 περὶ
1342 1383 1476 1435 Θεὸν
1508 1385 1732 1453 ὁμονοίᾳ
1765 1388 1891 1448 τοὺς

303 1470 558 1533 εὐσεϐεῖς
581 1471 740 1533 λαοὺς
765 1472 1143 1541 διαμένοντας,
1168 1475 1600 1542 εὐπροσδέκτους
1625 1476 1720 1538 τὰς
1746 1477 1886 1544 ὑπὲρ

301 1563 410 1628 τῆς
461 1564 743 1634 ἡμετέρας
800 1563 1083 1632 βασιλείας
1123 1568 1363 1625 ἱκετείας
1394 1568 1749 1637 προσφέρειν,
1790 1568 1886 1620 σὺν

300 1657 421 1716 τοῖς
451 1655 901 1724 θεοφιλεστάτοις
944 1660 1286 1723 ἐπισκόποις,
1312 1661 1407 1712 καὶ
1440 1659 1886 1724 θεοσεϐεστάτοις

301 1749 598 1816 κληρικοίς
633 1751 729 1800 καὶ
775 1751 1236 1818 ἁρχιμανδρίτσις
1281 1753 1378 1805 καὶ
1412 1752 1729 1820 μονάζουσι.
1775 1753 1884 1807 Τοῦ

299 1843 415 1909 γὰρ
457 1841 699 1908 μεγάλου
734 1842 871 1894 Θεοῦ
919 1843 1013 1895 καὶ
1056 1843 1312 1914 Σωτῆρος
1342 1844 1499 1912 ἡμῶν
1545 1845 1718 1915 Ἰησοῦ
1749 1847 1888 1916 Χρι·

1993 640 2138 690 tione
2175 638 2367 692 Nini-ae
2400 643 2629 695 trecenti
2664 644 2855 700 decem
2890 658 2944 702 et
2976 659 3104 702 octo
3155 652 3329 705 sancti
3381 653 3569 708 Patres

1990 732 2304 799 congregati
2369 735 2894 803 promulgaverunt,
2973 752 3027 795 et
3087 741 3567 814 ConstantinOpoli

1989 830 2210 875 centum
2240 824 2636 894 quinquaginta
2672 828 2862 883 itidem
2914 837 3088 888 sancti
3149 838 3335 890 Patres
3391 840 3568 891 coacti

1990 915 2478 982 conﬁrmaverunt,
2521 921 2615 975 diu
2674 937 2951 994 noctuque
2985 931 3417 996 precationibus.
3453 941 3568 985 stu-

1991 1006 2098 1060 diis
2129 1009 2450 1078 legibusque
2482 1016 2686 1070 nostris
2704 1021 2960 1074 omnibus
2991 1022 3093 1076 hoc
3123 1023 3355 1091 agimus,
3382 1034 3439 1078 ιιι
3468 1042 3567 1093 per

1989 1114 2110 1153 eam
2144 1102 2346 1167 ubique
2383 1105 2626 1157 locorum
2669 1121 2852 1164 saneta
2911 1113 3006 1167 Dei
3045 1115 3312 1169 catholica
3346 1127 3401 1171 et
3437 1134 3568 1186 apo-

1988 1193 2184 1247 stolica
2235 1195 2477 1250 Ecclesia
2511 1199 2851 1256 incrementa
2885 1206 3082 1273 capiat,
3137 1208 3300 1278 675
3332 1225 3454 1278 qure
3487 1209 3566 1262 in-

1990 1284 2365 1353 corruptibilis
2399 1295 2455 1342 et
2483 1288 2810 1346 immortalis
2849 1306 3193 1364 sceptrorum
3245 1310 3559 1354 nostrorum

1994 1386 2261 1441 πλοισι-,οι
2285 1378 2356 1446 pii
2391 1382 2574 1448 populi
2607 1385 2781 1438 nostri
2810 1387 2862 1440 in
2898 1403 3027 1455 pace
3051 1390 3333 1458 religionis
3363 1393 3565 1449 divinae

1991 1469 2280 1523 concordia
2316 1473 2696 1538 persistentes,
2760 1480 3120 1546 acceptabiles
3174 1499 3272 1551 pro
3333 1484 3563 1554 imperio

1989 1569 2176 1613 nostro
2203 1577 2395 1627 preces
2424 1579 2529 1618 una
2572 1581 2695 1620 cum
2732 1569 2829 1622 Dei
2867 1575 3258 1628 amantissimis
3282 1579 3561 1647 episcopis

1993 1657 2049 1700 et
2108 1649 2368 1718 piissimis
2394 1654 2608 1709 clericis
2635 1666 2688 1710 et
2717 1659 3161 1716 archimandritis
3187 1673 3241 1717 et
3278 1670 3562 1722 monachis

1991 1737 2247 1794 fundant.
2283 1742 2418 1796 Cum
2456 1747 2600 1800 cnim
2635 1763 2863 1818 magnus
2897 1751 3039 1807 Deus
3068 1763 3120 1808 et
3169 1756 3420 1811 Salvator
3470 1776 3563 1814 no-

1989 1839 2103 1884 ster
2134 1831 2391 1889 Christus
2431 1836 2610 1901 Iesus.
2646 1841 2740 1908 qui
2778 1858 2843 1895 ex
2878 1854 3065 1898 sancta
3103 1847 3323 1916 Virgine
3356 1859 3411 1903 et
3458 1851 3555 1905 Dei

302 1901 468 1996 έιτίᾷῡξ
488 1901 582 1985 τοῦ
619 1939 682 1986 ὲκ
711 1934 812 2002 τῆς
843 1935 1002 2002 ἁγίας
1038 1901 1316 2003 Παρθένοῦ
1344 1901 1439 1988 καὶ
1466 1901 1732 1989 Θεοτόκου
1761 1901 1881 1989 λία-
1913 1901 1959 1962 Β

1913 1901 1959 1962 Β
1988 1922 2266 1980 Genitrice
2300 1927 2464 1982 Maria
2501 1930 2818 1989 incarnatus
2849 1943 2904 1990 et
2947 1948 3104 1993 natus
3141 1951 3243 2000 est.
3282 1941 3557 2010 gloriﬁca-

304 2029 435 2097 ρίας
479 2029 857 2096 σαρκωθέντος
895 2031 988 2082 καὶ
1024 2029 1332 2098 τεχθέντος,
1352 2033 1450 2101 τὴν
1473 2033 1538 2084 ἐκ
1561 2032 1881 2100 συμφωνίας

299 2117 628 2183 δοξολογίαν
697 2120 792 2170 καὶ
843 2117 1103 2187 λατρείαν
1160 2121 1317 2188 ἡμῶν
1375 2120 1730 2183 ἐπαινοῦντος
1788 2121 1882 2176 καὶ

296 2211 545 2278 ἑτοίμως
574 2209 895 2278 δεχομένου,
926 2213 995 2263 τὰ
1037 2213 1136 2280 μὲν
1169 2213 1279 2264 τῶν
1309 2213 1588 2282 πολεμίων
1621 2213 1878 2283 ἑκτριϐή-

298 2314 462 2356 σεται
523 2303 620 2355 καὶ
669 2302 1128 2372 ἐξαλειφθήσεται
1161 2305 1293 2373 γένη
1315 2321 1328 2337 ο
1364 2307 1564 2369 πάντες
1596 2306 1653 2359 δὲ
1683 2306 1775 2359 τὸν
1803 2306 1882 2358 οί-

299 2397 458 2447 κείον
494 2394 882 2447 ὑποκλινοῦσιν
913 2395 1116 2464 αὐχένα
1161 2394 1240 2466 τῷ
1289 2397 1546 2466 ἡμετέρῳ
1579 2399 1718 2465 μετὰ
1747 2399 1880 2451 Θεὸν

300 2489 532 2556 κράτει.
564 2488 771 2557 Είρὴνη
803 2487 860 2540 δὲ
906 2489 1000 2540 καὶ
1046 2489 1116 2541 τά
1149 2491 1211 2541 ἐκ
1239 2489 1444 2558 ταύτης
1474 2491 1676 2556 ἀγαθὰ,
1702 2492 1880 2558 ἀέρων

293 2598 362 2632 τε
409 2581 701 2649 εὐκρασία.
734 2585 832 2634 καὶ
880 2581 1114 2649 καρπῶν
1145 2582 1398 2650 εύφορία,
1430 2584 1527 2634 καὶ
1561 2587 1628 2636 τά
1659 2584 1794 2637 ἀλλα
1824 2585 1880 2636 δὲ

291 2673 366 2724 τά
407 2671 799 2724 λυσιτελοῦντα
848 2674 960 2731 τοῖς
1003 2671 1315 2742 ἀνθρώποις
1364 2674 1877 2742 φιλοτιμηθήσεται.

292 2764 499 2825 Οὕτως
533 2758 626 2815 οῦν
660 2766 760 2829 τῆς
809 2765 1117 2834 ἀμωμήτου
1156 2764 1396 2826 πίστεως
1425 2766 1571 2832 ἡμᾶς
1600 2782 1659 2817 τε
1691 2767 1786 2818 καὶ
1811 2768 1879 2819 τά

305 2859 607 2927 Ῥωμαῖκά
661 2856 1078 2926 περισωζούσης
1133 2857 1462 2926 πράγματα,
1504 2858 1716 2927 δεήσεις
1745 2860 1878 2926 ἡμῖν

294 2946 833 3016 προσεκομίσθησαν
908 2946 1062 3016 παρά
1120 2945 1389 2998 θεοσεϐὦν
1440 2947 1878 3015 ἀρχιμανδριτῶν

294 3042 400 3092 καὶ
430 3040 737 3108 ὲρημιτῶν,
768 3038 865 3090 καὶ
896 3039 1101 3107 ἐτέρων
1134 3040 1431 3106 αἰδεσίμων
1466 3037 1699 3106 ἀνδρῶν,
1741 3040 1879 3105 μετά

289 3132 558 3202 δακρύων
591 3129 943 3182 ἱκετευόντων
979 3129 1175 3181 ἕνωσιν
1205 3127 1460 3196 γενέσθαι
1497 3131 1615 3189 ταῖς
1641 3129 1878 3196 ἁγιωτά-

290 3242 422 3284 ταις
453 3223 798 3292 ἐκκλησίαις,
825 3221 1167 3290 συναφθῆναί
1196 3237 1255 3273 τε
1303 3221 1373 3272 τὰ
1406 3221 1540 3289 μέλη
1555 3223 1684 3314 Δ’τοῖς
1715 3221 1873 3314 μέλε·
1905 3256 1950 3314 c

289 3330 405 3371 σιν,
446 3312 593 3381 ἆπερ
623 3315 651 3364 ό
694 3311 990 3378 μισόκαλος
1023 3311 1132 3362 ἀπὸ
1161 3310 1432 3362 πλείστων
1467 3311 1676 3378 χρόνων
1708 3309 1872 3378 χωρί-

289 3427 388 3460 σαι
418 3405 799 3474 κατηπείχθη,
827 3405 1115 3471 γινώσκων
1145 3402 1220 3465 ὡς
1267 3405 1320 3454 εί
1359 3403 1642 3472 ὁλοκλήρῳ
1671 3401 1746 3470 τῷ
1773 3401 1874 3467 τῆς

299 3498 640 3564 Ἐκκλησίας
696 3495 909 3564 σώματι
973 3494 1258 3564 πολεμῴη,
1291 3493 1678 3564 ἡττηθήσεται.
1734 3493 1876 3562 Συμ-

282 3590 474 3642 ϐαίνει
497 3591 607 3657 γὰρ
633 3591 696 3639 ὲκ
719 3587 913 3638 τούτου
939 3586 1033 3639 καὶ
1060 3585 1251 3650 γενεὰς
1275 3585 1683 3655 ἀναριθμήτους
1709 3579 1874 3648 εἶναι,

284 3677 424 3736 ὅσας
463 3677 493 3726 ό
531 3675 722 3742 χρόνος
758 3674 818 3725 ὲν
852 3673 1130 3732 τοσούτοις
1166 3674 1312 3725 ἔτεσι
1347 3673 1446 3740 τῆς
1495 3675 1643 3740 ζωῆς
1672 3675 1878 3744 ὑπεξή-

286 3784 433 3833 γαγε
457 3784 472 3798 ·
501 3768 599 3818 καὶ
627 3768 724 3824 τὰς
764 3765 862 3834 μὲν
906 3764 1000 3817 τοῦ
1035 3765 1265 3833 λουτροῦ
1297 3767 1392 3831 τῆς
1446 3765 1875 3833 παλιγγενεσίας

283 3859 684 3927 ἐστερημένοις
716 3856 998 3918 ἀπελθεῖν,
1032 3858 1131 3920 τὰς
1163 3857 1217 3910 δὲ
1266 3860 1362 3925 τῆς
1393 3858 1543 3915 θείας
1588 3860 1876 3924 κοινωνίας

285 3956 364 4021 μὴ
405 3952 791 4018 μετασχούσας
823 3951 961 4018 πρὸς
1014 3952 1110 4020 τὴν
1153 3951 1260 4002 τῶν
1294 3950 1601 4019 ἀνθρώπων
1631 3953 1868 4020 ἀπαραί-

279 4063 453 4111 τητον
493 4042 760 4110 ἐκδημίαν
805 4042 1134 4111 ἀπαχθῆναι,
1195 4042 1387 4108 φόνους
1433 4059 1489 4094 τε
1536 4042 1870 4111 τολμηθῆναι

283 4132 551 4198 μυρίους,
576 4132 670 4182 καὶ
699 4130 950 4195 αἱμάτων
982 4129 1177 4196 πλήθει
1222 4129 1297 4198 μὴ
1335 4130 1497 4196 μόνον
1545 4130 1873 4198 μολυνθῆναι

278 4227 384 4292 τὴν
436 4225 564 4290 γῆν,
599 4222 733 4272 ἀλλὰ
772 4222 865 4273 καὶ
901 4221 1066 4273 αὐτὸν
1116 4221 1207 4273 τὸν
1253 4223 1409 4290 ἀέρα.
1441 4221 1627 4274 Ταῦτα
1656 4224 1738 4284 τίς
1771 4223 1872 4274 οὐκ

277 4316 347 4369 ἀν
404 4316 485 4377 είς
540 4314 599 4366 τὸ
654 4313 864 4381 ἀγαθὸν
919 4313 1432 4382 μετασκευασθῆναι
1466 4313 1868 4382 προσεύξοιτος

277 4409 384 4460 Διά
442 4423 528 4458 τοι
571 4403 733 4458 τοῦτο
786 4404 1083 4471 γινώσκειν
1131 4404 1277 4472 ὑμᾶς
1312 4404 1754 4474 ἐσπουδάσαμεν,
1787 4407 1870 4460 ὅτι

277 4499 376 4550 καὶ
410 4498 577 4566 ἡμεῖς
626 4497 720 4547 καὶ
750 4497 806 4548 αἱ
838 4493 1118 4563 πανταχοῦ
1169 4496 1479 4565 ἐκκλησίαι,
1515 4496 1701 4567 ἕτερον
1733 4496 1872 4567 σύμ-

1991 2012 2192 2069 tionem
2223 2025 2280 2071 et
2312 2033 2528 2074 sacrum
2557 2024 2764 2078 cultum
2819 2038 3070 2082 IIOSU'UID
3121 2033 3558 2089 consentientem

1987 2104 2318 2189 laudaverit,
2347 2110 2692 2183 benigneque
2716 2119 3041 2185 susceperit.
3079 2131 3191 2174 tum
3218 2132 3409 2190 gentes
3457 2124 3559 2176 lto-

1987 2197 2138 2252 stiles
2167 2182 2523 2257 conterentur
2552 2182 2717 2275 atque
2752 2210 3192 2278 exstinguentur.
3251 2228 3306 2270 et
3365 2232 3557 2270 omnes

1987 2291 2126 2344 colla
2158 2305 2255 2346 sua
2289 2294 2518 2364 imperio
2549 2299 2852 2354 secundum
2885 2303 3054 2357 Deum
3091 2315 3278 2360 nostro
3322 2311 3558 2363 submit-

1989 2388 2102 2434 tent
2131 2399 2143 2434 :
2175 2399 2275 2450 pax
2300 2385 2485 2451 etiam,
2517 2397 2574 2442 et
2594 2403 2716 2457 quia
2741 2405 2808 2445 ex
2845 2408 2976 2461 pace
2999 2398 3331 2463 proveniunt
3389 2401 3550 2462 bona.

1987 2473 2110 2526 εαξη
2136 2474 2455 2542 salubritas,
2488 2478 2704 2549 frugum
2747 2483 2995 2548 ubertas.
3028 2488 3245 2557 aliaque
3298 2508 3420 2560 qua:
3456 2494 3554 2547 ho-

1988 2565 2230 2620 minibus
2264 2573 2550 2625 commoda
2579 2587 2727 2636 sunt,
2759 2577 3065 2632 liberaliter
3091 2585 3548 2651 suppeditabunt.

1986 2653 2174 2724 Itaque
2209 2673 2333 2712 cum
2379 2661 2511 2716 ﬁdes
2536 2665 3035 2733 irreprehensibilis
3058 2683 3111 2725 et
3158 2690 3253 2728 vos
3282 2687 3337 2729 et
3370 2678 3550 2748 impe~

1987 2749 2127 2801 rium
2170 2748 2471 2807 Romanum
2496 2755 2575 2810 sic
2611 2770 2921 2822 conservet.
2956 2778 3146 2831 preces
3187 2770 3345 2822 nobis
3386 2787 3413 2820 a
3449 2774 3553 2839 piis

1985 2839 2431 2898 arehimandritis
2454 2853 2508 2900 et
2527 2850 2791 2914 eremitis,
2820 2854 3051 2924 aliisque
3079 2863 3398 2916 venerandis
3417 2865 3552 2918 viris

1985 2931 2180 2985 oblata:
2210 2943 2339 2988 sunt
2370 2955 2382 2989 :
2416 2940 2510 3000 qui
2544 2953 2668 2993 cum
2690 2941 2944 3012 lacrymis
2970 2949 3550 3022 uehissupplicarunt,

1989 3031 2047 3074 ut
2077 3026 2332 3078 unionem
2369 3029 2421 3080 in
2454 3032 2819 3090 sanctissimis
2844 3037 3105 3096 Ecclesiis
3139 3044 3276 3109 ﬁeri,
3300 3059 3353 3100 et
3385 3067 3554 3104 inem-

1988 3115 2081 3168 hra
2118 3119 2378 3173 membris
2404 3123 2684 3194 conjungi,
2718 3144 2840 3196 qua:
2873 3131 3178 3191 honestatis
3222 3140 3550 3212 pietatisque

1988 3206 2242 3263 inimicus
2271 3211 2338 3262 ab
2374 3217 2535 3268 annis
2576 3217 2829 3285 plurimis
2856 3236 3145 3292 segregare
3179 3238 3262 3282 est
3288 3243 3548 3294 conatus.

1981 3310 2323 3354 curaremus.
2355 3304 2455 3367 Qui
2515 3308 2737 3374 quidem
2781 3310 3040 3368 inimicus
3093 3317 3232 3372 bene
3283 3324 3456 3386 novit.
3502 3327 3550 3379 si

1983 3385 2200 3456 integro
2227 3400 2283 3445 et
2311 3395 2607 3463 conjuncto
2642 3399 2897 3456 Ecclesiae
2929 3411 3146 3475 corpori
3183 3411 3380 3467 bellum
3416 3385 3552 3472 infc-

1983 3489 2086 3544 rat,
2123 3483 2325 3538 victum
2350 3502 2409 3542 se
2437 3491 2525 3544 iri.
2556 3491 2689 3546 Nam
2718 3509 2783 3548 ex
2814 3495 2916 3550 hoc
2940 3498 3143 3554 factum
3172 3514 3275 3568 est,
3306 3515 3363 3560 ut
3429 3509 3550 3563 inli-

1983 3572 2110 3626 niue
2138 3585 2328 3642 gentes
2380 3591 2436 3632 et
2470 3586 2874 3652 generationes,
2940 3606 3081 3659 quas
3141 3604 3221 3648 tot
3276 3613 3548 3656 annorum

1983 3674 2229 3733 tempora
2258 3685 2325 3722 ex
2383 3671 2482 3726 hac
2512 3675 2621 3728 vita
2649 3677 3056 3749 subduxerunt,
3104 3688 3298 3754 partim
3343 3692 3550 3760 absque

1981 3757 2179 3810 lavacri
2211 3763 2624 3828 regeneratione
2657 3769 2918 3834 obierint,
2961 3777 3158 3842 partim
3188 3779 3308 3834 sine
3350 3783 3550 3840 divinae

1982 3853 2384 3907 communionis
2417 3859 2766 3926 perceptione
2819 3863 2885 3916 ad
2951 3866 3324 3925 inevitabilem
3384 3875 3542 3930 illam

1979 3942 2222 3996 omnium
2272 3947 2655 4015 migrationem
2718 3956 3088 4013 transierint:
3145 3973 3201 4016 et
3262 3975 3323 4018 ut
3370 3969 3549 4023 cmdes

1982 4029 2416 4090 innumerabiles
2454 4050 2679 4104 patratae
2710 4043 2846 4104 sint.
2876 4047 2949 4100 ita
3001 4059 3060 4103 ut
3082 4055 3368 4121 sanguinis
3401 4061 3548 4116 unda

1979 4137 2089 4176 non
2123 4125 2300 4179 solum
2334 4137 2499 4191 terra.
2545 4147 2730 4186 verum
2769 4138 2934 4191 etiam
2975 4156 3070 4195 acr
3122 4143 3236 4210 ipse
3270 4153 3548 4205 contami-

1980 4224 2143 4270 natus
2176 4217 2249 4270 sit
2281 4226 2338 4272 et
2369 4221 2603 4276 infectus
2642 4243 2656 4279 :
2685 4243 2807 4296 qua;
2836 4233 3022 4286 omnia
3044 4237 3170 4302 quis
3197 4249 3281 4294 est
3312 4245 3403 4308 qui
3437 4259 3545 4296 non

1979 4303 2274 4362 in'melius
2305 4313 2502 4365 mutari
2551 4319 2816 4384 exoptet?
2848 4319 3194 4392 Quapropter
3249 4303 3392 4385 scire
3449 4350 3544 4389 vos

1977 4401 2250 4465 volumus.
2287 4421 2468 4476 neque
2508 4424 2630 4474 nos,
2685 4427 2866 4481 neque
2893 4431 3014 4485 qua:
3050 4421 3256 4489 ubique
3297 4424 3544 4483 locorum

1980 4502 2110 4546 sunt
2148 4497 2433 4558 ecclesias.
2466 4501 2614 4556 aliud
2642 4506 2972 4574 symbolum,
2992 4522 3088 4566 aut
3117 4514 3425 4570 doctrinam
3449 4530 3545 4573 aut

275 4590 440 4642 ϐολον
471 4588 506 4658 ἢ
543 4587 795 4657 μάθημα,
824 4589 856 4655 ἡ
893 4588 1019 4656 ὅρον
1077 4587 1337 4653 πίστεως,
1395 4588 1428 4657 ἢ
1488 4587 1692 4652 πίστιν,
1725 4589 1866 4660 πλὴν
1902 4615 1945 4671 D

1902 4615 1945 4671 ο
1977 4584 2268 4641 formulam
2300 4588 2449 4654 fidei,
2468 4605 2562 4649 aut
2587 4595 2747 4651 ﬁdem
2774 4601 2962 4664 etiam,
2997 4613 3362 4674 praeterquam
3389 4613 3539 4678 quod

273 4679 373 4732 τοῦ
411 4681 713 4748 εἰρημένου
767 4678 926 4744 ἁγίου
961 4677 1236 4746 συμϐόλου
1268 4679 1377 4731 τῶν
1412 4685 1515 4747 τιη¹
1549 4680 1719 4745 ἀγίων
1752 4679 1867 4732 Πα-

280 4775 487 4842 τέρων,
514 4772 652 4839 ὅπερ
678 4770 1020 4822 ἐϐεϐαίωσαν
1042 4771 1089 4822 oi
1125 4769 1589 4838 μνημονευθέντες
1619 4779 1696 4838 ρν¹
1721 4771 1866 4839 ἅγιοι

277 4864 550 4931 ίΙατέρες,
581 4860 708 4913 οῦτε
739 4861 1082 4930 ἐσχήκαμεν,
1109 4860 1232 4913 οὔτε
1257 4861 1475 4930 ἔχομεν,
1499 4860 1625 4914 οὔτε
1649 4862 1862 4929 ἕξομεν,

271 4954 402 5007 οὔτε
435 4953 670 5023 ἔχοντας
703 4951 1049 5020 ἐπιστάμεθα
1069 4966 1083 4982 ·
1112 4953 1161 5004 εί
1210 4951 1267 5005 δὲ
1298 4954 1390 5004 καὶ
1422 4952 1533 5021 ἔχοι
1563 4970 1669 5018 τις,
1709 4954 1866 5007 ἀλλό-

275 5064 431 5118 τριον
489 5046 661 5098 αὑτὸν
717 5044 1035 5114 ἡγούμεθα·
1086 5044 1246 5097 τοῦτο
1274 5046 1381 5114 γὰρ
1423 5049 1517 5097 καὶ
1553 5047 1738 5115 μόνον,
1791 5049 1866 5110 ὡς

277 5139 521 5206 ἔφαμεν,
573 5137 675 5205 τὴν
729 5135 1014 5206 ἡμετέραν
1074 5133 1405 5203 περισώζειν
1444 5136 1868 5207 τεθαῤῥήκαμεν

278 5228 589 5298 βασιλείαν.
625 5228 737 5278 Καὶ
775 5226 982 5288 πάντες
1015 5225 1072 5278 δὲ
1108 5226 1154 5277 οί
1180 5227 1299 5279 λαοὶ
1335 5225 1430 5280 τοῦ
1494 5229 1869 5297 σωτηριώδους

277 5320 605 5386 ἀξιούμενοι
637 5319 1017 5387 φωτίσματος,
1053 5318 1183 5370 αὐτὸ
1231 5322 1328 5372 καὶ
1381 5319 1542 5387 μόνον
1578 5321 1871 5390 παραλαμ-

276 5407 539 5467 ϐάνοντες
562 5405 941 5474 βαπτίζονται.
979 5397 1050 5475 ’ᾨ
1071 5408 1165 5458 καὶ
1188 5406 1628 5475 ἑξηκολούθησαν
1652 5411 1701 5461 oi
1724 5413 1871 5477 ἇγιοι

279 5499 555 5568 Πατέρες,
607 5498 657 5549 οί
714 5499 772 5548 ὲν
823 5501 890 5568 τῇ
935 5497 1200 5565 Ἐφεσίων
1254 5499 1636 5563 συνελθόντες·
1689 5503 1739 5555 οἳ
1774 5504 1871 5554 καὶ

278 5590 610 5651 καθελόντες
641 5590 734 5641 τὸν
763 5590 936 5657 ἀσεϐῆ
969 5589 1266 5659 Νεστόριον
1293 5593 1536 5654 καὶτοὺς
1561 5594 1627 5644 τὰ
1658 5594 1868 5648 ἐκείνου

279 5685 420 5754 μετά
458 5683 639 5736 ταῦτα
672 5682 1035 5752 φρονοῦντας.
1073 5683 1303 5736 Ὀντινα
1332 5685 1427 5737 καὶ
1462 5687 1626 5752 ἡμεῖς
1657 5687 1864 5740 Νεστό-

280 5797 396 5848 ριον
424 5778 545 5847 ἅμα
578 5776 813 5844 Etitost
840 5775 1106 5828 τάναντία
1135 5778 1246 5838 τοῖς
1275 5777 1588 5845 εἰρημένοις
1613 5781 1868 5846 φρονοῦν-

283 5887 383 5934 τας
448 5867 968 5936 ἀναθεματίξομινυ
1021 5867 1300 5936 δεχόμενοι
1357 5869 1448 5922 καὶ
1502 5872 1565 5922 τὰ
1599 5873 1665 5942 ιβ’
1697 5874 1868 5941 κεφά-

486 5973 768 6034 ΡΑτιυι..
804 5968 851 6026 G
865 5987 924 6029 ιι.
960 5967 1251 6037 CXLVII.

1980 4676 2164 4742 (sicuti
2207 4678 2417 4736 dictum
2438 4685 2544 4754 est)
2574 4701 2600 4738 a
2639 4692 2898 4744 trecentis
2946 4693 3134 4749 decem
3168 4706 3227 4750 et
3263 4676 3542 4755 octosait~

1965 4769 2070 4823 ctis
2097 4770 2349 4828 Patribus
2373 4776 2606 4843 editum,
2624 4789 2681 4834 et
2718 4797 2748 4835 a
2780 4792 3001 4838 centum
3025 4796 3081 4842 et
3108 4791 3534 4862 quinquaginta.

1967 4875 2202 4929 quorum
2237 4868 2572 4924 mentionem
2606 4873 2776 4927 etiam
2820 4875 3072 4942 fecimus.
3121 4885 3325 4939 sanctis
3364 4887 3540 4940 Patri-

1970 4951 2074 5005 bus
2102 4957 2519 5023 comprobatum
2555 4972 2641 5016 est
2664 4975 2911 5019 sanctum
2945 4968 3288 5039 Symbolum.
3318 4977 3406 5029 vel
3438 4978 3539 5030 ha-

1974 5040 2188 5107 buisse,
2226 5047 2311 5102 vel
2355 5047 2582 5116 habere,
2617 5053 2702 5106 vel
2730 5054 3019 5112 habituros
3053 5075 3200 5123 esse.
3231 5077 3411 5132 neque
3433 5066 3535 5118 ali-

1967 5149 2106 5201 quos
2135 5139 2228 5206 qui
2264 5140 2503 5196 habeant
2543 5145 2683 5199 scire
2719 5163 2731 5198 :
2765 5155 2931 5216 atque
2993 5151 3036 5203 si
3072 5153 3197 5220 quis
3239 5155 3402 5208 etiam
3439 5156 3533 5210 ha—

1967 5227 2114 5291 beat.
2139 5233 2376 5287 alienum
2434 5235 2584 5290 illum
2623 5249 2839 5307 putare.
2869 5242 3035 5314 676
3085 5246 3220 5301 Nam
3254 5248 3308 5302 id
3359 5252 3535 5306 solum

1971 5320 2326 5391 Symbolum,
2386 5329 2847 5393 quemadmodum
2911 5335 3181 5397 diximus.
3240 5339 3534 5407 imperium

1969 5425 2220 5466 nostrum
2273 5431 2604 5473 conservare
2658 5423 3010 5479 conlldimus.
3065 5429 3133 5481 Et
3183 5431 3369 5499 populi
3417 5435 3533 5485 uni-

1968 5503 2134 5564 versi,
2158 5504 2252 5572 qui
2277 5507 2574 5563 salutarem
2602 5525 3019 5582 consequuntur
3046 5518 3528 5587 illuminationein,

1970 5593 2074 5647 hoc
2125 5597 2243 5650 solo
2294 5611 2515 5667 recepto
2571 5602 2940 5672 baptizantur.
2995 5610 3107 5664 Hoc
3140 5611 3306 5666 etiam
3353 5617 3530 5670 secuti

1967 5697 2096 5741 sunt
2127 5690 2301 5743 sancti
2336 5692 2523 5747 Patres
2552 5695 2753 5763 Ephesi
2795 5703 3130 5770 congregati,
3168 5705 3262 5772 qui
3304 5705 3529 5773 impium

1972 5780 2283 5833 Nestorium
2316 5792 2371 5835 et
2401 5785 2680 5852 opinionis
2714 5792 2832 5858 ejus
2862 5802 3049 5859 postea
3078 5805 3381 5849 sectatores
3402 5810 3528 5848 con-

1969 5872 2327 5938 demnatunt,
2369 5891 2532 5944 quem
2581 5894 2713 5934 sane
2761 5880 3075 5938 Nestorium
3113 5903 3218 5941 una
3261 5903 3384 5940 eum
3418 5888 3525 5940 Eu-

3059 5987 3098 6043 5
