4236 6442
705 395 802 458 139

1919 386 2348 448 N-lCEl‘IlOlil
2391 385 2734 448 CALLISTI

3877 389 3978 453 uo

705 507 945 578 tyclwte,
979 503 1125 574 quod
1163 501 1382 557 diversa
1424 500 1493 555 ab
1526 501 1609 556 eis
1654 516 1778 572 qua:
1821 500 1970 556 dicta
1997 511 2124 557 sunt
2158 516 2288 556 sen-
2323 506 2342 562 Α

2397 503 2524 554 λαια
2553 502 2620 555 τὰ
2652 500 2919 570 είρημίνα
2958 501 3106 572 παρὰ
3139 501 3236 554 τοῦ
3269 502 3370 571 τῆς
3419 503 3571 565 ὁσίας
3617 504 3843 579 μνήμης
3885 524 3979 573 γι-

705 600 871 659 tiant,
902 596 1255 650 anathemate
1284 593 1516 648 ferimus
1543 611 1556 646 :
1588 594 1879 649 duodecim
1908 594 2077 662 etiam
2107 594 2286 662 capita

706 691 799 744 illa
846 706 876 744 a
917 701 1121 744 sanctae
1167 689 1448 742 memoriae
1494 687 1701 758 Cyrillo
1743 698 1949 742 sanctae
2000 687 2319 742 catholica.

706 781 1214 837 Alexandrinorum
1266 780 1528 835 Ecclesiae
1572 780 1995 850 archiepiscOpo
2043 781 2291 850 promqu

704 887 829 945 gata
890 874 1246 943 recipientes.
1309 873 1639 928 Proﬁtemur
1687 883 1875 928 autem
1931 873 2278 943 unigenitum

707 969 905 1022 Filium
940 968 1017 1039 (l)
1051 968 1158 1022 Dei‘
1179 976 1232 1020 et
1271 967 1441 1022 Deum
1473 968 1590 1037 (qui
1625 982 1754 1021 vere
1786 967 1953 1022 homo
1981 968 2159 1022 factus
2179 975 2285 1030 est,

709 1062 1005 1115 Dominum
1052 1069 1305 1116 nostrum
1341 1061 1529 1116 Jesum
1571 1060 1877 1126 Christum,
1919 1065 2012 1130 qui
2045 1060 2288 1115 consub-

707 1155 982 1209 stantialis
1010 1163 1094 1208 est
1125 1154 1274 1210 Patri
1311 1155 1616 1210 secundum
1651 1153 2024 1216 divinitatem,
2049 1163 2106 1208 et
2140 1154 2287 1208 idem

707 1249 1202 1305 consubstantialis
1235 1251 1398 1304 nobis
1434 1251 1590 1320 juxta
1634 1250 2037 1304 humanitatem
2070 1258 2165 1307 :et
2191 1249 2288 1320 qui

707 1341 994 1396 descendit
1029 1352 1084 1397 et
1133 1343 1455 1396 incarnatus
1485 1353 1570 1398 est
1623 1360 1691 1398 ex
1730 1343 1940 1412 Spiritu
1980 1354 2197 1408 sancto,
2231 1351 2290 1398 et

710 1432 880 1487 Maria
910 1433 1123 1504 virgine
1158 1441 1215 1488 et
1243 1434 1337 1487 Dei
1365 1435 1659 1504 genitricc)
1701 1451 1868 1490 unum
1917 1451 2060 1498 esse,
2088 1444 2144 1489 et
2178 1450 2287 1488 non

709 1526 872 1580 duos.
927 1524 1103 1581 Unius
1154 1528 1306 1581 enim
1364 1542 1486 1582 esse
1530 1528 1770 1582 dicimus
1815 1536 1872 1582 et
1925 1528 2188 1582 miracula
2233 1537 2291 1581 et

711 1621 1126 1690 perpessiones,
1157 1636 1296 1690 quas
1336 1631 1535 1690 sponte
1569 1636 1668 1676 sua
1699 1636 1865 1676 carne
1898 1621 2146 1690 pertulit.
2185 1619 2290 1673 Eos

713 1728 845 1768 vero
876 1714 970 1782 qui
1004 1729 1130 1768 eum
1163 1714 1420 1768 dividunt
1448 1724 1544 1768 aut
1584 1714 1954 1778 confundunt,
1987 1724 2083 1767 aut
2111 1715 2289 1783 phan-

714 1806 907 1860 tasiam
959 1821 1054 1861 seu
1085 1814 1363 1874 spectrum
1404 1807 1695 1871 inducunt,
1729 1807 2152 1876 haudquaquam
2194 1821 2290 1874 ap-

713 1900 1034 1970 probamus.
1086 1899 1156 1954 Et
1207 1917 1342 1970 pura
1394 1903 1644 1971 labisque
1698 1903 1904 1970 peccati
1957 1902 2143 1956 omnis
2188 1915 2287 1953 ex-

713 2009 838 2061 pers
865 1993 963 2064 (2),
1002 2009 1264 2062 veraque,
1298 2011 1364 2049 ex
1402 1994 1495 2048 Dei
1536 1994 1821 2050 Genitrice
1847 1995 2157 2051 incarnatio
2190 2013 2288 2051 ac-

711 2087 1016 2142 cessionem
1065 2085 1186 2140 Filii
1255 2101 1363 2141 non
1405 2087 1592 2141 attulit
1635 2105 1652 2142 :
1719 2096 1774 2142 et
1843 2087 2120 2152 Trinitas,
2174 2106 2288 2146 uno

716 2177 1005 2232 Trinitatis
1042 2178 1164 2248 ejus
1197 2178 1311 2234 Deo
1329 2178 1512 2233 Verbo
1549 2180 1860 2240 incarnato,
1883 2179 2128 2237 Trinitas
2161 2199 2287 2254 per-

717 2271 940 2325 mansit.
989 2268 1127 2326 Cum
1168 2271 1336 2340 igitur
1377 2273 1618 2326 sciamus
1663 2288 1844 2340 neque
1887 2287 2110 2330 sanctas
2160 2291 2282 2344 qua:

718 2365 925 2434 ubique
985 2374 1136 2430 sunt,
1181 2374 1238 2419 et
1277 2364 1614 2420 ortliodoxas
1651 2364 1744 2419 Dei
1786 2367 2070 2431 ecclesias,
2107 2382 2289 2438 neque

714 2460 806 2526 qui
868 2458 952 2512 eis
1012 2468 1258 2526 prazsunt
1312 2457 1408 2512 Dei
1464 2460 1879 2515 amantissimos
1932 2462 2286 2530 sacerdotes,

714 2565 896 2619 neque
932 2548 1272 2618 imperialem
1323 2559 1570 2604 nostram
1620 2552 2014 2607 sublimitatem
2061 2553 2292 2624 symbo-

713 2643 826 2696 lum
857 2641 1028 2704 aliud,
1053 2650 1150 2694 aut
1177 2640 1304 2696 fidei
1333 2642 1719 2698 definitionem
1746 2657 1948 2713 praeter
1975 2661 2098 2700 eam
2125 2661 2288 2715 quam

713 2733 958 2787 diximus
991 2744 1239 2787 sanctam
1278 2734 1588 2788 doctrinam
1619 2745 1674 2789 et
1704 2734 2022 2800 formulam,
2061 2738 2147 2792 vel
2193 2753 2292 2792 an-

715 2836 804 2881 tea
839 2825 1052 2889 tulisse,
1090 2825 1176 2880 vel
1223 2841 1374 2881 nunc
1425 2825 1598 2892 ferre,
1626 2829 2020 2897 conjunximus
2053 2844 2155 2885 nos
2193 2845 2292 2900 per

717 2921 980 2975 unionem
1045 2921 1192 2975 inter
1254 2934 1356 2974 nos
1415 2935 1604 2989 ipsos,
1668 2921 1809 2975 nihil
1870 2921 2288 2989 addubitantes,

714 3013 966 3080 nihilque
1010 3020 1361 3066 cunctantes.
1407 3011 1590 3081 Atque
1635 3011 1754 3066 haec
1797 3012 2146 3082 scripsimus,
2179 3030 2291 3068 non

716 3112 776 3157 ut
809 3103 936 3156 novi
969 3100 1282 3171 quidquam
1317 3101 1389 3156 de
1432 3099 1540 3156 fide
1593 3101 1941 3167 all‘erremus,
1980 3103 2078 3158 sed
2108 3112 2170 3157 ut
2193 3118 2292 3158 vos

716 3208 817 3262 per
867 3202 1078 3247 certam
1125 3191 1544 3262 perfectamque
1582 3191 1894 3247 doctrinam
1934 3194 2294 3247 conﬁrmare-
2322 3225 2365 3282 ο

717 3299 860 3339 mus.
900 3283 1217 3351 Quemlihet
1249 3299 1383 3338 vero
1422 3285 1519 3354 qui
1565 3285 1716 3339 aliud
1761 3284 2063 3355 quidquam
2096 3285 2291 3348 sensit,

711 3385 810 3427 aut
846 3375 1034 3440 sentit,
1067 3381 1162 3428 aut
1192 3388 1364 3440 nunc,
1396 3383 1494 3428 aut
1535 3389 1871 3444 quacunque
1899 3375 2113 3446 synodo
2156 3376 2290 3440 alia,

713 3467 1053 3522 anathemati
1085 3467 1452 3538 subjicimus:
1489 3468 1767 3537 praecipue
1799 3482 1936 3522 vero
1967 3483 2109 3538 quos
2144 3469 2292 3523 dixi-

2393 596 2623 664 νομέιιου
2659 593 2930 660 Κυρίλλου
2966 595 3414 662 ἀρχιεπισκόπου
3439 597 3542 663 τῆς
3579 598 3979 667 Ἀλεξανδρέων

2390 688 2553 756 ἁγίας
2601 687 2903 756 καθολικῆς
2944 688 3294 757 Ἐκκλησίας.
3342 688 3753 759 Ὀμολογοῦμεν
3786 693 3841 744 δὲ
3892 694 3978 743 τὸν

2395 780 2660 849 μονογενῆ
2695 779 2823 831 Υῑὸν
2862 780 2959 833 τοῦ
3007 780 3145 834 Θεοῦ
3195 785 3292 834 καὶ
3341 781 3496 844 Θεὸν,
3533 784 3627 834 τὸν
3662 784 3806 836 κατὰ
3843 785 3977 852 ἀλή-

2392 874 2546 926 θειαν
2608 872 3139 943 ὲνανθρωπήσαντα,
3191 874 3284 926 τὸν
3326 874 3530 944 Κύριον
3569 877 3728 944 ήμῶν
3771 876 3978 944 Ἰησοῦν

2391 967 2652 1035 Χριστὸν,
2683 966 2774 1018 τὸν
2797 966 3090 1034 ὀμοούσιον
3112 966 3190 1033 τῷ
3223 966 3400 1034 [latth
3426 973 3568 1019 κατὰ
3597 971 3697 1036 τὴν
3724 968 3974 1039 Θεότητα,

2393 1061 2488 1112 καὶ
2523 1058 2811 1128 δμοούσιον
2846 1061 2984 1128 ἡμῖν
3031 1059 3123 1113 τὸν
3167 1059 3332 1112 αὑτὸν
3377 1061 3522 1112 κατὰ
3557 1059 3658 1128 τὴν
3691 1060 3980 1130 ἅνθρωπό-

2391 1170 2553 1222 τητα,
2603 1153 2936 1205 κατελθόντα
2984 1153 3082 1205 καὶ
3133 1152 3489 1222 σαρκωοέντα
3540 1153 3602 1204 ἐκ
3656 1153 3978 1221 Πνεύματος

2390 1245 2551 1314 ἁγίου
2586 1245 2679 1298 καὶ
2707 1245 2928 1313 Μαρίας
2967 1244 3066 1313 τῆς
3121 1245 3399 1314 Παρθένου
3437 1245 3529 1296 καὶ
3565 1245 3853 1304 Θεοτόκου.
3879 1244 3977 1297 ἕνα

2389 1339 2685 1408 τυγχάνειν
2718 1340 2808 1390 καὶ
2842 1338 2904 1390 ού
2940 1338 3033 1391 δύο
3055 1353 3071 1369 ο
3106 1338 3228 1400 ἑνὸς
3265 1341 3373 1406 γὰρ
3418 1332 3561 1390 εἶναί
3598 1356 3778 1408 φαμεν
3811 1340 3879 1392 τά
3916 1356 3974 1391 τε

2391 1432 2650 1500 θαύματα
2697 1432 2792 1484 καὶ
2840 1431 2909 1484 τὰ
2962 1429 3134 1499 πάθη,
3184 1431 3329 1501 ἅπερ
3388 1433 3654 1494 ἑκουσίως
3709 1431 3977 1500 ὑπέμεινε

2394 1524 2577 1594 σαρκί.
2615 1525 2754 1588 Τοὺς
2788 1525 2898 1596 γὰρ
2926 1523 3295 1594 διαιροῦντας,
3324 1525 3356 1596 ἢ
3403 1525 3810 1595 συγχέοντας,ῆ
3846 1544 3979 1592 φαν-

2390 1620 2587 1673 τασίαν
2615 1618 2961 1687 εἰσάγοντας,
2987 1617 3112 1671 οὐδὲ
3145 1619 3284 1681 ὅλως
3328 1618 3600 1688 δεχόμεθα
3623 1631 3636 1646 ⁸
3675 1619 3907 1687 ἐπείπερ
3943 1623 3973 1689 ἡ

2390 1711 2786 1781 ἀναμάρτητος
2815 1712 2959 1764 κατὰ
2987 1711 3252 1781 ἀλήθειαν
3287 1713 3569 1782 σάρκωσις
3597 1713 3661 1764 ἐκ
3708 1712 3810 1780 τῆς
3841 1713 3976 1764 Θεο-

2397 1805 2558 1856 τόκου
2586 1803 2912 1874 προσθήκην
2944 1803 3076 1856 Υίοῦ
3102 1805 3163 1857 ού
3202 1804 3470 1873 πεποίηκε
3500 1819 3512 1832 ·
3551 1805 3829 1874 μεμένηκε
3868 1805 3977 1875 γὰρ

2401 1895 2569 1964 Τριὰς
2587 1898 2620 1966 ή
2653 1895 2848 1966 Τριὰς,
2881 1897 2977 1951 καὶ
3005 1896 3387 1966 σαρκωθέντος
3420 1897 3514 1948 τοῦ
3533 1896 3653 1957 ἑνὸς
3681 1898 3777 1964 τῆς
3807 1896 3978 1964 Τριά-

2397 1987 2486 2042 δοε
2511 1987 2650 2041 Θεοῦ
2680 1986 2883 2055 Λόγου.
2914 1987 3134 2046 Ειδότες
3166 1987 3258 2042 οὖν
3286 1989 3361 2050 ὡς
3393 1987 3518 2042 οὕτε
3567 1990 3624 2041 αἱ
3655 1989 3810 2055 ἅγιαι
3837 2005 3978 2041 παν-

2403 2081 2858 2153 ταχοῦόρθόδοξοι
2885 2084 2978 2136 τοῦ
3018 2082 3152 2136 Θεοῦ
3179 2083 3486 2154 ἐκκλησίαι,
3534 2081 3659 2136 οὔτε
3703 2085 3751 2135 oi
3771 2083 3979 2136 τούτων

2400 2177 2797 2246 προϊστάμενοι
2831 2177 3241 2246 θεοφιλέστατοι
3290 2179 3478 2244 ἱερεῖς,
3507 2174 3631 2228 οὔτε
3661 2178 3694 2246 ἡ
3727 2179 3981 2245 ἡμετέρα

2405 2269 2654 2338 βασιλεία
2684 2271 2872 2338 ἑτέρου
2924 2269 3198 2339 συμϐόλου
3231 2269 3263 2339 ἦ
3292 2271 3419 2335 ὃρου
3452 2270 3688 2331 πίστεως
3733 2270 3882 2339 παρὰ
3919 2270 3980 2320 τὸ

2400 2365 2696 2433 εἰρημένον
2735 2363 2891 2431 ἅγιον
2948 2363 3180 2432 μάθημα
3234 2363 3529 2430 ἠνέσχοντο
3579 2363 3613 2433 ἢ
3668 2363 3978 2430 ἀνέχονται,

2400 2459 2695 2528 ἡνώσαμεν
2742 2458 2974 2520 ἑαυτοὺς
3011 2455 3182 2527 μηδὲν
3230 2455 3622 2519 ἐνδοιάζοντες.
3676 2456 3864 2508 Ταῦτα
3922 2454 3982 2506 δὲ

2400 2554 2790 2622 γεγράφαμεν,
2823 2551 2884 2602 ού
2913 2549 3253 2614 καινίζοντες
3287 2549 3494 2611 πίστιν,
3525 2549 3642 2600 ἀλλ’
3673 2549 3821 2617 ὑμᾶς
3846 2549 3985 2616 πλη-

2403 2645 2783 2716 ροφοροῦντες.
2831 2644 3014 2697 Πάντα
3033 2642 3090 2696 δὲ
3109 2643 3202 2695 τὸν
3235 2643 3427 2709 ἔτερόν
3455 2659 3507 2694 τι
3543 2644 3911 2710 φρονήσαντα,
3945 2640 3982 2710 ἢ

2401 2739 2725 2809 φρονοῦντα,
2747 2738 2778 2808 ἢ
2796 2735 2915 2802 νῦν,
2939 2738 2971 2806 ἢ
2993 2735 3235 2804 πώποτε,
3254 2736 3286 2806 ἢ
3311 2740 3369 2788 ιν
3385 2735 3715 2805 Χαλκηδόνι,
3737 2735 3871 2807 ﬁala
3889 2735 3986 2804 δή·

2400 2850 2533 2886 ποτε
2557 2832 2781 2901 συνόδῳ,
2808 2831 3303 2900 ἀναθεματίζομεψ
3330 2829 3632 2899 ἐξαιρέτως
3653 2829 3707 2882 δὲ
3743 2831 3866 2892 τοὺς
3894 2831 3985 2882 el-

2405 2926 2675 2996 ρημένους
2694 2925 2993 2992 Νεστόριον
3011 2924 3107 2976 καὶ
3125 2923 3406 2994 Εὐτύχιον,
3424 2924 3520 2977 καὶ
3545 2923 3672 2986 τοὺς
3697 2924 3764 2976 τὰ
3799 2924 3985 2977 αὐτῶν

2404 3017 2763 3089 φρονοῦντας.
2796 3016 3118 3086 Συνάφθητε
3162 3016 3345 3069 τοίνυν
3377 3018 3443 3086 τῇ
3489 3012 3839 3085 πνευματικῇ
3873 3035 3986 3084 μη-

2401 3111 2492 3179 τρὶ
2533 3111 2600 3178 τῇ
2662 3108 2983 3178 Ἐκκλησία,
3015 3107 3115 3175 τῆς
3163 3107 3334 3177 αὐτῆς
3377 3109 3511 3177 ἡμῖν
3554 3110 3612 3162 ὲν
3660 3112 3797 3178 αὐτῇ
3832 3109 3988 3170 Θείας

2400 3198 2772 3262 ἀπολαύοντες
2804 3198 3116 3263 κοινωνίας,
3139 3198 3284 3252 κατὰ
3308 3198 3400 3250 τὸν
3439 3200 3730 3268 είρημένον
3755 3199 3850 3252 ἕνα
3882 3200 3988 3252 καὶ

2405 3290 2566 3360 μόνον
2595 3290 2724 3358 ὅρον
2756 3291 2855 3359 τῆς
2906 3289 3148 3352 πίστεως
3175 3288 3286 3342 τῶν
3328 3295 3437 3358 τιη¹
3490 3289 3664 3356 ἁγίων
3695 3290 3982 3357 Πατάρων.

2411 3383 2476 3437 Ἦ
2510 3383 2622 3452 γὰρ
2650 3381 2894 3448 mw?“
2942 3382 3128 3450 μήτηρ
3160 3380 3315 3450 ὑμῶν
3367 3382 3400 3452 η
3446 3380 3748 3448 Ἐκκλησία
3787 3384 3882 3434 καὶ
3906 3381 3987 3445 ὡς

2398 3475 2659 3544 γνησίους
2678 3474 2822 3543 ὑμᾶς
2846 3475 2998 3536 υἱοὺς
3026 3472 3390 3543 ἀπεκδέχεται
3410 3474 3868 3543 περιπτύξασοαι,
3888 3479 3989 3527 καὶ

711 3573 859 3624 mus,
909 3560 1226 3615 Nestorium
1271 3568 1330 3614 et
1377 3560 1759 3631 Eutychetem,
1805 3567 1862 3614 et
1903 3561 2156 3630 quicum
2209 3560 2294 3616 eis

715 3652 862 3708 idem
903 3655 1174 3711 sentiunt.
1203 3653 1541 3725 Conjuugite
1573 3669 1707 3723 ergo
1738 3668 1840 3708 vos
1873 3668 1978 3723 per
2020 3654 2290 3708 unionem

2399 3566 2495 3633 τῆς
2555 3566 2781 3634 Χρονίας
2835 3565 2929 3618 καὶ
2981 3565 3241 3632 γλυκείας
3276 3565 3433 3631 ὖμῶν
3480 3566 3740 3634 ἐπιθυμεῖ
3794 3565 3988 3633 φωνῆς

2398 3658 2801 3727 ἀκροάσασθαι.
2865 3655 3149 3721 Ἐπείξατε
3197 3656 3291 3710 οῦν
3342 3659 3613 3720 ἑαυτούς·
3645 3658 3821 3711 ταῦτα
3871 3658 3986 3726 γὰρ

713 3747 990 3816 spirituali
1029 3748 1198 3802 matri
1241 3747 1507 3802 Ecclesia:
1552 3756 1610 3801 et
1660 3746 1847 3801 divina
1895 3745 2072 3815 ipsius
2118 3745 2172 3799 in
2226 3759 2291 3799 ea

2399 3750 2706 3813 ποιοῦντες,
2731 3751 2826 3803 καὶ
2872 3752 2973 3818 τὴν
3007 3749 3104 3802 τοῦ
3153 3751 3427 3803 Δεσπότου
3457 3751 3553 3802 καὶ
3599 3750 3853 3817 Σωτῆρος
3886 3749 3989 3801 καὶ

713 3839 1109 3895 communione
1158 3839 1429 3902 fruimini,
1492 3853 1590 3907 per
1645 3854 1768 3895 eam
1808 3843 1972 3908 quam
2029 3837 2295 3905 diximus,

2397 3839 2533 3895 Θεοῦ
2557 3841 2717 3910 ἡμῶν
2753 3841 2930 3912 Ἰησοῦ
2965 3840 3206 3912 Χριστοῦ
3251 3842 3545 3909 εὐμένειαν
3575 3841 3712 3909 πρὸς
3743 3839 3983 3903 ἑαυτοὺς

713 3947 881 3986 unam
921 3941 979 3988 et
1008 3933 1181 3987 solam
1207 3940 1586 3986 trecentorum
1620 3930 1812 3985 decem
1840 3939 1898 3985 et
1924 3938 2050 3986 octo
2073 3938 2298 3985 sancto-

2398 3931 2785 4000 ὶφελκύσεσθε.
2842 3933 2937 3985 καὶ
2987 3933 3143 4003 παρὰ
3207 3935 3310 4002 τῆς
3362 3935 3640 4004 ἡμετέρας
3699 3932 3986 4003 βασιλείας

715 4040 837 4077 rum
877 4023 1106 4078 Patrum
1141 4021 1504 4092 professionis
1539 4020 1664 4074 fidei
1716 4019 2121 4074 definitionem.
2178 4020 2294 4088 Ipsa

2398 4025 2848 4095 ὲπαινεθήσεσθε.
2893 4044 2914 4077 s
2945 4017 3048 4077 Ὦν
3081 4025 3143 4090 δὴ
3171 4029 3517 4095 γραμμάτων
3547 4026 3983 4094 ἀνεγνωσμένων

712 4116 864 4170 enim
921 4115 1271 4170 sanctissima
1322 4124 1500 4168 mater
1548 4122 1732 4167 vestra
1789 4111 2061 4175 Ecclesia,
2097 4127 2199 4165 vos
2235 4120 2295 4165 ut

2397 4119 2445 4170 oi
2475 4120 2573 4186 τῆς
2610 4118 2965 4187 Ἀλεξάνδρου
2995 4118 3198 4178 πάντες
3222 4118 3432 4188 ἥνωντο
3462 4121 3529 4189 τῇ
3560 4119 3694 4188 ἁγία
3713 4117 3980 4186 καθολικῇ

713 4223 1009 4275 germanos
1037 4208 1367 4274 nativosque
1403 4206 1570 4269 lilios,
1602 4203 1957 4260 circumfusis
1987 4203 2132 4257 ulnis
2171 4219 2289 4256 am-

2400 4209 2496 4260 καὶ
2551 4208 2885 4278 ἀποστολικῇ
2919 4208 3240 4279 Ἐκκλησία,
3289 4212 3359 4262 τὰ
3403 4211 3463 4261 ὲν
3513 4213 3663 4281 μέσῳ
3701 4211 3885 4263 σκώλά
3920 4228 3982 4263 τε

716 4301 876 4369 plecti
909 4301 1212 4365 desiderat,
1253 4299 1416 4370 677
1455 4310 1510 4352 et
1561 4313 1786 4352 suavem
1822 4307 2060 4350 vestram
2093 4310 2286 4349 vocem

2402 4298 2496 4351 καὶ
2528 4299 2778 4366 προσκόμ
2789 4314 2937 4364 ματα
2969 4299 3299 4362 διαλύοντες.

714 4395 1015 4464 aliquando
1051 4394 1276 4448 tandem
1309 4392 1504 4446 audire
1575 4392 1746 4460 cupit.
1804 4390 1994 4458 Itaque
2071 4404 2171 4442 vos
2228 4389 2377 4458 ipsos
2418 4390 2645 4445 incitate
2675 4399 2841 4460 atque
2890 4401 3104 4460 urgete.
3136 4392 3292 4457 Quod
3333 4393 3379 4447 si
3411 4395 3673 4457 feceritis.
3713 4402 3828 4449 tum
3869 4395 3984 4448 Do-

711 4491 849 4544 mini
901 4498 955 4543 et
992 4487 1304 4542 Servatoris
1331 4495 1388 4540 et
1421 4485 1516 4538 Dei
1548 4486 1725 4539 nostri
1763 4483 1891 4539 Jesu
1921 4482 2124 4538 Christi
2207 4482 2603 4553 benignitatem
2678 4486 2836 4539 vobis
2901 4485 3035 4555 ipsis
3065 4487 3455 4554 conciliabitis,
3497 4498 3610 4542 tum
3671 4489 3742 4544 ab
3806 4491 3984 4559 impe-

717 4587 838 4639 riali
887 4593 1078 4638 nostra
1118 4579 1483 4649 amplitudine
1520 4577 1735 4632 Iaudem
1769 4578 2032 4633 eximiam
2064 4576 2276 4632 feretis.
2323 4595 2343 4628 ι
2390 4577 2605 4642 Quibus
2641 4576 2845 4632 litteris
2871 4579 3045 4644 lectis,
3087 4581 3443 4635 Alexandrini
3472 4583 3714 4638 universi
3773 4599 3982 4641 sancta:

715 4677 1003 4732 catholica:
1049 4683 1106 4729 et
1151 4674 1469 4742 apostolica:
1498 4671 1763 4728 Ecclesia:
1833 4672 2118 4741 conjuncti
2185 4669 2438 4740 unitique
2469 4681 2648 4726 sunt:
2684 4683 2741 4727 et
2794 4689 3143 4745 quaecunque
3187 4676 3243 4730 in
3292 4676 3478 4731 medio
3549 4677 3703 4734 fuere
3744 4681 3982 4736 offendi-

715 4773 837 4826 cuia
864 4778 922 4824 et
954 4767 1369 4838 impedimenta,
1402 4766 1698 4820 sustulere.

787 4976 863 5046 (l)
902 4973 1080 5030 Unum
1121 4970 1469 5046 solummodo
1499 4969 1779 5046 Christum
1812 4965 1905 5021 Dei
1945 4965 2126 5046 Patris
2153 4967 2290 5046 Yer-
2325 4952 2367 5009 Ῑ)
2398 4974 2516 5046 erat
2555 4965 2644 5045 illa
2691 4966 2998 5046 susceptio,
3025 4980 3152 5046 quae
3190 4967 3372 5046 Deum
3419 4967 3704 5022 hominem
3742 4969 3979 5046 faceret,

714 5037 855 5101 bu‘m'
878 5059 1003 5098 cum
1039 5044 1260 5111 propria
1295 5057 1462 5093 carne
1493 5040 1898 5111 cognoscimus.
1938 5037 2178 5111 (Cyrill.)
2395 5047 2452 5091 et
2477 5037 2756 5090 hominem
2794 5038 2990 5111 Deum.
3017 5039 3290 5111 (Aug.)—-
3317 5038 3484 5111 Virgo
3511 5055 3733 5092 carnem
3765 5044 3978 5111 Ctirisii

788 5116 864 5184 t2)
892 5107 1095 5168 Geuu'it
1123 5107 1188 5167 ex
1235 5127 1293 5184 se
1330 5111 1492 5184 Virgo
1523 5107 1752 5184 corpus,
1806 5107 1902 5184 sed
1949 5110 2095 5175 quod
2146 5122 2287 5184 con-
2395 5122 2508 5160 non
2547 5108 2874 5184 pe_p‘erit_de
2915 5108 3127 5175 peccati
3165 5109 3489 5184 propagine.
3525 5111 3628 5184 (ld.
3657 5127 3780 5184 sup.
3807 5110 3976 5164 Joun.

715 5175 938 5254 ceptum
972 5190 1119 5237 esset
1149 5198 1215 5254 cx
1247 5175 1477 5254 Spiritu.
1513 5175 1729 5254 (lltla_r.)
1759 5205 1828 5216 ——
1853 5175 1913 5254 l‘n
1944 5188 2154 5254 natura
2189 5179 2290 5254 hu:
2395 5186 2561 5254 tract.
2601 5177 2718 5254 τῇ)
2769 5175 3015 5254 βετοηεε
3054 5193 3183 5254 ergo
3208 5175 3408 5254 _fuerit
3443 5175 3980 5254 Mzigistri_:Seiiteii-_

717 5246 894 5310 mana:
924 5246 1487 5321 susceptione'gratia
1517 5246 1922 5321 quodammodo
1965 5247 2040 5299 illi
2080 5248 2290 5302 homini
2395 5248 2596 5301 tiarum
2643 5248 2734 5301 illa
2783 5249 2883 5300 lib.
2920 5263 3002 5306 Ill,
3046 5246 3171 5321 dist.
3207 5246 3262 5309 3,
3305 5246 3579 5302 sententia
3617 5269 3629 5302 :
3691 5250 3834 5302 Sane
3874 5251 3981 5302 dici

720 5325 992 5379 naturalis
1032 5319 1174 5375 facta
1210 5319 1469 5388 est,'quaa
1522 5319 1733 5371 nullum
1767 5329 2052 5388 peccatum
2103 5328 2292 5385 posset

718 5398 1036 5449 admittere.
1054 5391 1240 5462 (Aug.)
1263 5391 1330 5444 Et
1347 5389 1858 5462 Gregorﬁaztanz.
1877 5387 2157 5462 Virginem
2179 5402 2293 5440 ma-

721 5477 858 5520 trem
893 5475 1020 5516 ante
1055 5458 1475 5530 conceptionem
1508 5458 1633 5512 Filii
1672 5459 1757 5510 sui
1793 5459 2068 5530 et_au_ima
2097 5469 2294 5530 et_cor-

722 5551 858 5605 pore
889 5533 1115 5590 caelitus
1165 5525 1567 5586 saiictificatain
1599 5544 1723 5583 esse
1768 5527 2010 5595 scripsit.
2050 5554 2121 5566 —
2143 5525 2293 5581 Talis

2395 5325 2590 5384 potest,
2622 5327 2672 5369 et
2701 5320 2843 5370 credi
2873 5327 3101 5386 oportet.
3131 5317 3296 5384 juxta
3340 5330 3649 5371 sanctorum
3678 5324 3984 5372 alienatio-

2395 5390 2475 5440 nis
2503 5390 2945 5458 convenientiam,
2979 5390 3149 5452 ipsam
3175 5393 3424 5458 (carnem
3463 5389 3633 5455 Verbi)
3670 5392 3816 5458 prius
3856 5405 3983 5457 pec.

2395 5469 2513 5596 Fato
2564 5457 2722 5526 fuisse
2767 5458 3086 5520 obnoxiam,
3136 5457 3275 5510 sicut
3326 5460 3534 5528 reliqua
3583 5457 3808 5530 Virginia
3845 5475 3982 5516 caro

2421 5541 2523 5582 uit.
