4236 6442
663 403 764 467 liii

1855 391 2277 453 NlCEPlIORl
2317 392 2663 452 CALLlSTl

3817 393 3914 457 144

659 515 1012 586 reperimus:
1047 510 1103 564 in
1142 511 1300 580 cujus
1326 505 1542 562 scilicet
1571 505 1912 576 professione
1945 505 2228 572 baptizati,
2265 511 2306 562 Α

2265 511 2306 562 Α
2342 505 2649 572 στεύσαμεν
2683 505 2775 557 καὶ
2811 505 3162 572 πιστεύομεν.
3207 505 3386 574 Ὅπερ
3433 506 3526 558 καὶ
3576 505 3911 560 ίόεδαίωσαν

655 620 712 665 et
739 618 900 662 antea
931 605 1290 662 credidimus,
1323 611 1377 653 et
1405 614 1552 653 nunc
1583 614 1805 668 quoque
1841 598 1889 651 ei
1930 596 2227 649 credimus.

657 704 712 756 Id
745 700 890 770 quod
939 699 1103 752 etiam
1143 693 1578 762 eotnproharunt
1624 700 1845 744 centum
1873 698 1928 743 et
1956 691 2232 758 quinqua-

657 795 806 861 ginta
840 789 1012 842 sancti
1047 788 1258 847 Patres,
1289 785 1378 853 qui
1404 781 1886 849 Constantinorioli
1918 779 2230 848 congregati

660 889 834 939 fuere.
872 884 1058 950 Itaque
1113 895 1236 934 cum
1288 877 1508 933 assidue
1561 876 1822 932 omnibus
1855 876 1906 928 in
1947 885 2095 928 recta
2146 873 2233 927 via

664 993 892 1046 praeces,
936 990 1034 1044 per
1101 973 1360 1025 unionem
1427 982 1670 1024 sanctam
1735 969 1830 1022 Dei
1896 966 2232 1035 conjunxisti

661 1069 982 1130 licelesiam,
1024 1075 1078 1119 et
1134 1066 1294 1118 nobis
1337 1064 1665 1118 certissimis
1721 1062 2060 1132 argumentis
2112 1076 2234 1128 per-

659 1161 903 1221 suasisti,
962 1157 1097 1210 nihil
1133 1173 1252 1209 csse
1287 1165 1475 1208 contra
1527 1154 1644 1208 haec
1677 1164 1858 1207 actum
1908 1153 1960 1206 in
2003 1151 2235 1205 sanctis-

665 1253 802 1304 sima
871 1249 1166 1302 universali
1233 1247 1444 1316 synodo
1504 1246 1852 1299 Chalcedone
1912 1245 2229 1309 celebrata;

665 1341 864 1408 quippe
891 1355 1014 1407 qua:
1047 1353 1168 1391 cum
1201 1335 1406 1389 sanctis
1446 1335 1682 1389 Nica'nis
1718 1333 1972 1387 Patribus
2003 1349 2235 1387 concor-

661 1434 773 1497 det,
830 1445 1133 1498 eorumque
1189 1429 1473 1482 decretum
1525 1425 1836 1479 confirmet.
1889 1427 1955 1479 Et
2003 1442 2126 1479 cum
2177 1425 2234 1477 in

661 1526 801 1578 actis
848 1521 1399 1578 Chalcedonensibus
1444 1520 1570 1572 novi
1621 1520 1759 1572 nihil
1813 1520 2232 1588 reperissemus,

661 1626 858 1685 sponte
891 1625 1075 1668 nostra
1119 1613 1226 1667 illis
1253 1611 1593 1666 assensimus
1632 1620 1689 1666 et
1720 1611 2078 1666 credidimus.
2117 1611 2236 1665 Ca:-

664 1719 841 1761 terutn
891 1707 1161 1760 certiores
1193 1705 1318 1758 facti
1356 1720 1571 1768 sumus,
1607 1705 1902 1758 monachos
1942 1706 2232 1774 quosdam,

663 1801 753 1868 qui
785 1800 1160 1867 conjunctioni
1195 1808 1398 1849 nostrw
1430 1797 1686 1849 fraterna:
1733 1796 2004 1860 invident,
2035 1796 2103 1851 de
2154 1797 2236 1849 in-

659 1891 822 1959 juriis
857 1890 1292 1956 cramimbusque
1330 1887 1657 1955 quibusdam
1706 1886 1770 1940 ad
1823 1903 1919 1939 vos
1956 1888 2235 1952 retulisse,

664 1985 865 2052 quibus
899 1991 1080 2036 tamen
1115 1981 1194 2034 illi
1241 1997 1348 2033 non
1404 1980 1565 2033 facile
1611 1982 1962 2034 sanctitatem
1995 1990 2232 2034 vestram

665 2088 1014 2142 permovere.
1075 2070 1343 2135 Primum,
1391 2070 1536 2138 quod
1582 2070 1844 2138 reliquias
1879 2072 1997 2141 ejus
2047 2072 2141 2140 qui
2179 2072 2233 2125 in

666 2167 873 2220 sanctis
904 2177 987 2219 est
1021 2165 1198 2218 Patris
1228 2167 1404 2217 nostri
1442 2164 1589 2218 beati
1618 2165 2022 2234 archiepisc0pi
2049 2165 2236 2220 Timo-

666 2261 778 2313 thei
816 2262 866 2313 in
903 2255 1084 2313 locum
1123 2259 1292 2312 alium
1331 2257 1819 2312 transtulerimus:
1854 2259 2001 2326 quod
2030 2257 2232 2310 factum

666 2369 844 2422 neque
881 2354 993 2406 Deo
1045 2353 1241 2422 placet,
1286 2367 1466 2419 neque
1506 2351 1720 2420 legibus
1749 2349 2030 2404 convenit.
2069 2349 2235 2420 6'79

667 2447 896 2507 Deinde,
948 2446 1014 2499 ad
1062 2445 1274 2498 crimen
1313 2445 1461 2497 aliud
1507 2444 1653 2513 quod
1707 2461 1815 2497 non
1870 2445 2142 2508 consistit,
2179 2451 2234 2498 et

665 2538 844 2607 priore
879 2538 973 2590 illo
1001 2537 1376 2596 deterius-est,
1411 2550 1736 2603 pervenere.
1765 2535 2051 2600 Quomodo
2075 2550 2234 2587 nam-

664 2645 772 2699 que
830 2631 1122 2682 anathema
1164 2627 1394 2694 jaculari
1436 2627 1488 2679 in
1525 2635 1772 2680 sanctam
1812 2627 2233 2681 Chalcedonen-

663 2739 780 2776 sezu
822 2721 1092 2791 synodum
1126 2719 1428 2788 potuimus.
1465 2718 1552 2771 cui
1589 2717 1953 2782 credidimus,
1984 2729 2039 2773 et
2068 2733 2230 2786 quam

663 2814 1144 2868 conlirmavinms?
1169 2812 1286 2865 Non
1324 2811 1457 2864 latet
1485 2821 1666 2864 autem
1695 2812 1952 2879 pietatem
1988 2822 2232 2866 vestram

665 2907 849 2974 populi
905 2906 1076 2958 nostri
1126 2903 1312 2957 fervor
1359 2914 1415 2958 ct
1461 2902 1677 2968 levitas,
1727 2911 1783 2956 et
1830 2904 2231 2958 monachorum

663 3001 830 3053 etiam
886 2999 950 3051 ad
997 3013 1166 3051 novas
1199 3013 1286 3050 res
1322 2996 1690 3065 spectantium
1728 3003 1910 3049 motus
1939 3015 1951 3051 :
1984 2999 2076 3064 qui
2107 3013 2232 3050 cum

669 3093 722 3145 in
760 3093 942 3145 animo
977 3090 1236 3150 habeant,
1263 3105 1388 3143 cum
1419 3089 1749 3157 quibusdam
1782 3091 2029 3142 consulta
2063 3091 2232 3144 animi

665 3184 1034 3238 chtinatione
1085 3182 1355 3250 improbis
1392 3183 1462 3235 ab
1501 3182 1748 3236 Ecclesia
1786 3182 2024 3244 resilire,
2061 3198 2236 3251 popu-

664 3279 776 3331 lum
809 3293 995 3330 secum
1030 3276 1267 3329 avellere
1301 3286 1593 3329 couantur.
1633 3275 1804 3329 Porro
1835 3277 2034 3328 vestris
2063 3277 2232 3345 adjuti

666 3367 948 3437 precibus,
1011 3380 1068 3420 re
1117 3364 1444 3425 deliberata,
1509 3365 1776 3418 rationem
1834 3381 1956 3434 qua:
2023 3367 2231 3420 mederi

665 3461 808 3514 malo
861 3458 1169 3513 imminenti
1210 3465 1417 3525 posset,
1471 3457 1804 3521 invenimus,
1857 3459 1994 3511 nihil
2032 3469 2234 3513 sanctae

661 3549 1102 3607 Chalcedonensi
1153 3549 1387 3620 synodo,
1422 3550 1476 3602 in
1519 3564 1626 3618 qua
1676 3548 1814 3602 nihil
1859 3551 1986 3604 novi
2027 3552 2235 3605 scimus

665 3661 788 3700 esse
817 3653 1024 3708 actum,
1053 3642 1436 3712 dcrogantem,
1463 3652 1630 3710 atque
1661 3652 1720 3696 ut
1751 3643 2091 3711 simplicibus
2114 3659 2237 3712 per-

665 3733 1025 3788 suaderemus
1084 3731 1404 3798 factumque
1463 3740 1712 3784 nostrum
1779 3730 2232 3797 defenderemus,

667 3826 992 3885 effecimus,
1059 3832 1120 3876 ut
1172 3822 1242 3876 ab
1307 3822 1374 3876 iis
1431 3822 1526 3891 qui
1585 3823 1876 3877 nobiscum
1929 3834 2238 3879 conventus

667 3927 857 3982 agunt,
888 3915 990 3968 ista
1023 3912 1368 3966 dicerentur.
1404 3912 1581 3980 Atque
1612 3913 1664 3965 in
1699 3927 1767 3966 eo
1801 3927 1924 3967 cum
1964 3913 2064 3966 toti
2091 3927 2240 3967 esse-

669 4022 826 4068 mus,
885 4019 1011 4058 mox
1073 4007 1239 4055 etiam
1292 4003 1696 4072 prohibuimus.
1752 4003 2058 4057 Certiorem
2107 4020 2237 4058 vero

670 4100 1020 4153 sanctitatem
1043 4104 1282 4148 \estram
1312 4093 1476 4155 facio,
1498 4109 1564 4147 ne
1590 4109 1736 4148 nunc
1768 4094 1991 4163 quidem
2021 4110 2237 4150 cessare

673 4206 770 4244 cos
801 4189 892 4256 qui
936 4202 1155 4256 semper
1205 4184 1418 4238 zizania
1467 4185 1764 4247 seminam,
1797 4186 2142 4240 monachos:
2182 4196 2240 4241 et

673 4294 936 4349 tanquam
971 4281 1338 4333 instrumenta
1380 4277 1483 4331 sibi
1516 4277 1794 4331 asciscere
1821 4280 2114 4347 quosdam,
2144 4281 2237 4347 qui

673 4373 1006 4429 monasteria
1064 4386 1174 4424 non
1223 4370 1494 4436 incolunt,
1548 4369 1642 4423 sed
1698 4371 1899 4437 passim
1950 4380 2237 4438 vagantes,

675 4485 931 4523 rumores
949 4469 1134 4522 varios
1163 4475 1353 4521 contra
1381 4481 1482 4520 nos
1510 4475 1563 4519 et
1581 4465 2010 4520 ecclesiasticam
2033 4466 2239 4521 Christi

2336 597 2387 647 οἱ
2416 595 2763 657 συνελθόντες
2806 596 2861 647 ὲν
2896 595 3461 648 Κωνσταντινουπόλει
3496 595 3640 661 ἅγιοι
3673 597 3911 664 Πατέρες

2340 691 2437 759 ρν’,
2467 690 2937 749 ’Δκατατταύστως
2963 691 3142 741 τοίνυν
3196 690 3404 751 πάντας
3433 689 3665 757 ὁδηγῶν,
3696 691 3910 758 ῆνωσας

2337 784 2437 851 τὴν
2465 784 2629 848 ἁγίαν
2655 782 2748 834 τοῦ
2785 783 2922 834 Θεοῦ
2970 783 3322 852 Ἐκκλησίαν,
3372 783 3566 845 πείσας
3622 783 3770 850 ἡμᾶς
3825 783 3914 835 διὰ

2342 875 2616 945 μεγίστων
2646 875 3085 943 ὑποδειγμάτων,
3118 875 3193 936 ὡς
3223 875 3378 927 οὐδέν
3409 877 3524 928 ἐστι
3558 877 3710 945 παρὰ
3740 876 3912 927 ταῦτα

2339 969 2730 1038 πεπραγμένον
2762 971 2817 1019 ὲν
2843 972 2906 1038 τῇ
2956 970 3234 1038 ἁγιωτάτῃ
3272 969 3367 1020 καί
3395 969 3750 1036 οίκουμενιι.ῇ
3787 986 3916 1020 συνο

2336 1059 2439 1126 όδῳ
2489 1063 2554 1129 τῇ
2607 1062 2663 1112 ἐν
2718 1058 3012 1128 Χαλκηδόνι
3080 1059 3368 1128 γενομένῃ,
3423 1058 3789 1128 συμφωνούσῃ
3825 1061 3919 1110 καὶ

2341 1153 2634 1223 βεϐαιούση
2673 1153 2740 1203 τὰ
2771 1157 2878 1214 τοῖς
2915 1156 2970 1205 ὲν
3025 1153 3234 1222 Νικαία
3268 1153 3442 1219 ἁγίοις
3475 1152 3774 1219 Πατρασιν.
3807 1152 3915 1202 Οὐ·-

2337 1247 2427 1299 δὲν
2464 1246 2572 1314 γὰρ
2607 1245 2861 1314 εὑρόντες
2911 1245 3119 1307 καινὸν,
3164 1245 3466 1299 αὐτοτελῶς
3498 1247 3914 1313 συνεστήοαμεν

2338 1343 2434 1392 καὶ
2462 1339 2932 1408 πεπιστεύκαμεν.
2964 1339 3390 1407 Μεμαθήκαμεν
3418 1338 3493 1398 δὲ,
3521 1337 3595 1401 ὣς
3626 1355 3769 1400 τινες
3820 1355 3916 1406 μο-

2339 1434 2611 1498 νάςοντες,
2644 1433 2960 1502 φθονοῦντες
3005 1436 3073 1502 τῇ
3125 1432 3284 1504 ήμῶν
3319 1432 3664 1499 ἀδελφότητι,
3703 1433 3780 1494 εἰς
3815 1431 3916 1488 τὰς

2339 1526 2494 1595 ὐμῶν
2529 1527 2685 1587 όσίας
2719 1525 2890 1586 ἀκοὰς
2942 1527 3273 1594 εἰσήνεγκαν
3305 1524 3580 1594 λοιδορίας
3615 1525 3788 1586 τινὰς,
3816 1524 3917 1574 οὐκ

2337 1617 2580 1687 εὐχερῶς
2616 1617 2964 1685 μεταγούσας
2994 1619 3073 1680 είς
3110 1617 3290 1685 λύπην
3320 1615 3420 1686 τὴν
3449 1615 3604 1685 ὑμῶν
3636 1616 3914 1684 ὁσιότητα.

2339 1711 2449 1762 Καὶ
2480 1710 2670 1778 πρῶτα
2704 1711 2826 1780 μὲν,
2853 1710 2929 1771 ὡς
2971 1710 3040 1762 τὰ
3067 1708 3298 1778 λείψανα
3339 1708 3435 1761 τοῦ
3467 1710 3525 1761 ὲν
3557 1707 3730 1774 ἁγίοις
3755 1709 3916 1777 ήμῶν

2343 1799 2553 1867 Πατρδς
2585 1799 2676 1850 τοῦ
2709 1799 2977 1866 μακαρίου
3024 1797 3454 1868 άρχιεπισκόπου
3482 1797 3750 1864 Τιμοθέου
3789 1790 3948 1866 μετέ

2338 1891 2654 1959 ηνέγκαμεν
2705 1895 2785 1952 εἰς
2822 1892 3011 1960 ἓτερον
3063 1892 3265 1945 τόπον·
3315 1891 3454 1957 ὅπερ
3511 1892 3744 1960 πρᾶγμα
3790 1889 3915 1942 οὐτε

2338 1984 2459 2053 Θεῷ
2491 1983 2612 2036 οὐτε
2646 1985 2834 2054 νόμοις
2868 1986 3080 2056 πρέπον
3113 1986 3228 2038 ὲστί
3253 2001 3268 2016 ·
3305 1986 3401 2038 καὶ
3434 1986 3527 2038 ἐπὶ
3575 1985 3788 2046 τούτοις
3834 1987 3915 2043 εἰς

2337 2079 2423 2130 Ere
2435 2096 2523 2147 ρον
2558 2080 2940 2149 μετεπήδησαν
2967 2079 3268 2131 ἀσύστατον
3292 2079 3385 2131 καὶ
3411 2079 3678 2148 προτέρου
3710 2078 3911 2145 χεῖρον.

2341 2169 2464 2229 Πῶς
2495 2168 2602 2235 γάρ
2636 2167 3058 2236 ἀναθεματίζειν
3095 2168 3314 2237 εἴχομεν
3368 2170 3468 2237 τὴν
3519 2170 3575 2220 ἐν
3607 2167 3912 2236 Χαλκηδόνι

2337 2262 2498 2326 ἁγίαν
2529 2260 2766 2326 σύνοδον,
2872 2261 3264 2321 πιστεύσαντες
3305 2261 3755 2330 έδεϐαιὼσαμεν;
3801 2262 3916 2313 Οὐκ

2335 2354 2586 2419 ἀγνοεῖτε
2634 2353 2712 2414 δὲ,
2743 2353 2862 2404 οὐδὲ
2898 2352 3088 2420 λέληθε
3120 2353 3221 2422 τὴν
3271 2354 3430 2422 ὑμῶν
3483 2354 3766 2422 θεοφιλίαν
3801 2354 3910 2406 τῶν

2339 2439 2469 2507 παρ’
2507 2441 2641 2509 ήμῖν
2691 2440 2837 2492 λαῶν
2885 2443 2914 2494 ὁ
2966 2441 3130 2511 ζῆλος
3185 2442 3342 2511 καὶὴ
3396 2442 3772 2512 ἐλαφρία,καὶ
3807 2443 3915 2496 τῶν

2337 2533 2684 2602 νεωτερίζειν
2744 2533 3040 2587 ἐθελόντων
3093 2534 3470 2604 μοναζόντων·
3510 2536 3711 2598 οἵτινες
3757 2537 3917 2605 μελεο

2339 2626 2608 2694 τήσαντες
2658 2625 2771 2694 ἅμα
2827 2628 2968 2678 τισὶν
3019 2626 3372 2690 ἑθελοκάκοις
3421 2628 3518 2699 τῆς
3577 2629 3914 2701 Ἐκκλησίας

2336 2718 2741 2785 άποσκιρτῆσαι
2780 2717 2905 2780 τοὺς
2937 2719 3101 2780 λαοὺς
3131 2720 3390 2789 ἀποσπᾷν
3417 2719 3792 2790 ἐπιχειροῦσι·
3819 2723 3916 2773 καί

2335 2809 2423 2860 διὰ
2457 2808 2562 2859 τῶν
2596 2808 2876 2876 ὑμετέρων
2927 2807 3103 2876 εὐχῶν
3161 2810 3519 2878 ἐσκεψάμεθα
3554 2810 3712 2878 λόγον
3753 2811 3915 2878 029a-

2338 2901 2494 2962 πείας
2530 2901 2809 2968 ἐχόμενον,
2845 2901 3011 2968 μηδὲν
3045 2900 3352 2970 βλάπτοντα
3377 2901 3477 2973 τήν
3507 2902 3671 2968 ἁγίαν
3695 2902 3914 2955 σύνκόον

2336 2993 2436 3062 τὴν
2472 2993 2529 3044 ὲν
2564 2993 2869 3060 Χαλκηδόνι
2893 3008 2908 3023 ⁸
2955 2993 3160 3056 εἰδότες
3189 2993 3344 3047 οὐδὲν
3376 2995 3563 3046 καινὸν
3592 2995 3736 3064 ἔχειν
3773 2997 3912 3066 αὐτῇ

2338 3088 2730 3156 πεπραγμένον
2761 3087 2856 3136 καὶ
2892 3085 3028 3153 πρὸς
3083 3085 3458 3156 πεισμοσύνην
3492 3087 3600 3138 τῶν
3635 3083 3914 3155 ἀκεραίων

2261 3198 2306 3256 c
2341 3181 2434 3234 καὶ
2465 3179 2763 3246 ἀπολογίαν
2794 3180 2918 3240 τούς
2971 3178 3422 3242 ὲπισυνελθόντας
3457 3182 3614 3249 ἡμῖν,
3643 3183 3800 3234 τοῦτο
3831 3183 3916 3234 λέ-

2337 3289 2456 3340 γειν
2490 3272 2897 3340 πεποιήκαμεν.
2929 3273 3036 3323 Καὶ
3074 3270 3231 3323 τοῦτο
3269 3272 3367 3340 μὲν
3401 3272 3568 3329 πολὺς
3598 3274 3914 3340 γενόμενος,

2337 3364 2545 3433 ταχέως
2579 3363 2830 3415 ἐκώλυσα
2858 3378 2873 3393 ·
2923 3362 3175 3432 γνωρίζω
3202 3363 3258 3414 δὲ
3309 3367 3373 3434 τῇ
3424 3365 3578 3434 ὐμῶν
3609 3367 3915 3438 ἁγιωσύνῃ,

2339 3457 2436 3508 καὶ
2471 3455 2633 3523 μέχρι
2664 3457 2756 3508 καὶ
2782 3455 2875 3507 νῦν
2905 3454 2963 3505 οὐ
3000 3454 3270 3507 παύονται
3308 3456 3360 3507 οἰ
3407 3456 3474 3508 τὰ
3523 3455 3740 3522 ζιζάνια
3766 3463 3918 3511 σπείο-

2343 3563 2525 3612 ροντες
2557 3546 2643 3597 ἀεὶ
2681 3546 3028 3615 μονάζοντες.
3075 3545 3290 3615 ὄργανα
3345 3548 3558 3612 ἑαυτοῖς
3610 3551 3920 3618 ἐγκαταμί-

2339 3638 2532 3702 ξαντες
2564 3639 2725 3690 τινῶν
2756 3638 3100 3708 μοναστήριά
3147 3657 3278 3692 ποτε
3311 3641 3387 3711 μὴ
3417 3643 3777 3710 οἰκησάντων.
3808 3648 3918 3700 Καὶ

2341 3732 2725 3801 περιέρχονται
2782 3732 2977 3800 φήμας
3032 3732 3390 3802 θρυλλοῦντες
3444 3734 3736 3807 διαφόρους
3792 3738 3918 3792 καθ’

2339 3824 2523 3891 ἡμῶν,
2560 3826 2653 3874 καὶ
2703 3823 2845 3877 κατὰ
2886 3824 2980 3893 τῆς
3038 3826 3510 3895 ὲκκλησιαστικῆς
3538 3830 3634 3883 τοῦ
3678 3832 3916 3902 Χριστοῦ

2340 3917 2587 3984 εἰρήνης,
2620 3916 2711 3968 καὶ
2757 3917 2929 3984 μηδὲν
2985 3919 3130 3987 ἡμᾶς
3163 3920 3584 3990 συγχωροῦντες
3614 3926 3917 3988 κανονικιῖκ

2342 4010 2435 4061 καὶ
2465 4001 2784 4075 πρεπόντως
2822 4012 2890 4079 τῇ
2934 4012 3066 4079 ἁγίᾳ
3099 4013 3192 4066 τοῦ
3223 4013 3357 4066 Θεοῦ
3385 4016 3650 4087 καθολικῇ
3685 4019 3916 4089 Ἐκκληο

2343 4101 2434 4170 σία
2453 4104 2732 4168 πράττειν.
2752 4104 3269 4172 παρασκευάζοντες
3287 4108 3416 4172 τούς
3433 4110 3565 4180 παρ’
3585 4113 3717 4180 ήμῖν
3733 4113 3894 4173 λαοὺς

2345 4194 2548 4261 μᾶλλον
2597 4195 2790 4265 ἄρχειν
2842 4196 3033 4265 ήμῶν,
3084 4199 3227 4268 ήπερ
3269 4201 3556 4256 πείθεσθαι
3612 4206 3778 4275 ήμίν·
3825 4209 3917 4260 καὶ

2344 4286 2558 4338 θέλουσι
2596 4291 2788 4346 ποιεῖν.
2819 4290 2920 4340 ὅσα
2952 4291 3028 4359 μὴ
3065 4293 3266 4358 πρέπει
3302 4294 3443 4362 Θεῷ.
3493 4297 3836 4368 Πιστεύομιν
3860 4302 3916 4354 δὲ

2340 4378 2415 4440 ὡς
2446 4381 2478 4450 ή
2511 4381 2667 4447 ὐμῶν
2700 4381 2975 4451 ἁγιωσύνῃ
3006 4383 3210 4448 διδάξει
3261 4387 3440 4440 πάντα
3493 4390 3584 4442 τὸν
3638 4391 3917 4447 θειότατον

2341 4471 2610 4540 δεσπότην
2648 4471 2746 4540 τῆς
2779 4473 3106 4544 οἰκουμένης
3127 4490 3141 4504 ’
3171 4477 3265 4529 καὶ
3305 4483 3736 4548 παρασκευάσει,
3770 4484 3916 4539 ὥστε

675 4578 864 4630 pacem
917 4571 974 4616 et
1005 4561 1458 4630 tranquillitatem
1495 4571 1761 4631 Sparguut
1793 4577 1807 4615 :
1849 4576 2030 4628 neque
2061 4561 2241 4626 nobis,
2273 4571 2348 4629 Di

2273 4571 2320 4629 ι)
2345 4564 2516 4614 τύπον
2546 4563 2728 4624 αὐτοῖς
2760 4565 3173 4634 παρασχεθῆναι
3216 4571 3365 4637 παρὰ
3395 4571 3496 4639 τῆς
3543 4574 3711 4647 αὐτοῦ
3740 4577 3914 4644 γαλη-

677 4673 774 4723 pro
803 4671 868 4708 eo
898 4665 1063 4722 atque
1100 4655 1278 4714 decet,
1329 4655 1597 4708 canonice
1631 4653 1928 4722 quidquam
1961 4654 2013 4705 in
2046 4663 2234 4706 sancta

676 4749 766 4800 De:
801 4747 1074 4799 catholica
1109 4744 1351 4800 Ecclesia
1389 4745 1570 4800 facere
1603 4746 1954 4815 permittunt,
1993 4745 2238 4814 illudque

675 4839 872 4892 sedulo
907 4848 1097 4906 agunt,
1137 4847 1196 4890 ιιι
1235 4839 1398 4892 nobis
1437 4839 1672 4906 populus
1704 4837 1794 4890 hic
1837 4838 2022 4906 potius
2070 4838 2239 4906 impe-

679 4942 784 4989 ret,
817 4946 978 4998 quam
1013 4939 1221 4996 pareat,
1265 4939 1320 4983 et
1353 4931 1534 4982 omnia
1587 4931 1908 4993 moliuntur,
1952 4946 2073 4998 quae
2129 4930 2238 4984 Deo

677 5023 898 5090 indigna
931 5031 1093 5088 sunt,
1126 5029 1179 5074 et
1213 5022 1471 5076 indecora
1509 5023 1690 5077 facere
1730 5023 1974 5076 student.
2010 5023 2083 5076 lle
2115 5038 2240 5075 san-

2341 4654 2583 4722 νότητος,
2613 4656 2679 4706 τὰ
2714 4655 2906 4708 δέοντα
2944 4659 3074 4727 περὶ
3123 4661 3221 4729 τῆς
3271 4662 3737 4736 ἑκκλησιαστικῆς
3763 4671 3915 4740 εἰρή-

2342 4762 2437 4811 νης
2470 4749 2784 4816 πρεπούσης
2815 4749 2936 4816 θεῴ
2957 4766 3018 4801 τε
3054 4751 3146 4803 καὶ
3178 4753 3416 4820 βασιλεῖ,
3448 4758 3590 4810 ὥστε
3624 4761 3831 4821 πάντας
3858 4767 3917 4816 ἐν

2336 4837 2550 4900 τούτοις
2585 4842 2995 4904 κατευνάζειν.»
3026 4843 3188 4898 ’Λλλὰ
3229 4847 3454 4901 τοιαῦτα
3485 4851 3586 4917 μὲν
3607 4853 3634 4904 ό
3657 4855 3916 4926 κόθορνος

2341 4931 2546 5001 Πέτρος
2600 4931 2786 4995 δολίως
2836 4935 3080 5007 ’Δκακίῳ
3134 4940 3482 5010 ἐπέστελλεν,
3535 4946 3778 5018 ἀσταθής
3816 4950 3915 5020 τὴν

2343 5027 2568 5095 γνώμην
2598 5028 2672 5082 ὢν
2709 5030 2802 5082 καὶ
2831 5033 3185 5100 παλίμϐολος.

676 5119 862 5167 ctitate
898 5129 1079 5168 autem
1116 5125 1296 5169 vestra
1333 5117 1492 5171 nobis
1523 5118 1941 5185 pet-suademus,
1977 5132 2099 5171 eam
2125 5117 2309 5170 omnia
2342 5123 2407 5171 ad
2437 5123 2866 5176 sacratissimum
2897 5126 3050 5180 orbis
3087 5137 3358 5182 terrarum
3393 5130 3678 5186 dominum
3713 5136 3914 5189 relatu-

670 5225 812 5268 ratu,
875 5217 1300 5276 curaturamque
1355 5226 1497 5269 esse.
1571 5225 1627 5264 ut
1700 5212 2029 5264 constitutio
2077 5225 2106 5262 a
2187 5214 2485 5267 serenitate
2520 5217 2638 5284 ejus
2688 5218 2906 5282 edatur,
2963 5220 3017 5272 in
3058 5236 3169 5288 qua
3214 5223 3281 5277 de
3334 5226 3711 5281 ecclesiastica
3755 5244 3910 5296 pace.

670 5319 736 5355 ea
779 5316 897 5367 qua:
931 5312 983 5352 et
1017 5298 1188 5350 Deum
1259 5304 1439 5370 ipsum
1482 5314 1536 5356 et
1588 5304 1971 5372 imperatorem
2057 5301 2307 5366 deceant,
2351 5316 2408 5356 et
2473 5305 2524 5356 in
2584 5309 2787 5372 quibus
2844 5324 3039 5363 omnes
3095 5314 3489 5381 acquiescant,
3542 5321 3844 5386 praecipiat.
3886 5339 3906 5370 ο

669 5399 848 5460 Atque
909 5392 1024 5444 hac
1087 5394 1392 5448 cothurnus
1462 5397 1549 5448 ille
1620 5395 1851 5457 l‘etrus,
1923 5394 2089 5446 homo
2151 5393 2468 5448 inconstans
2552 5409 2611 5450 et
2667 5412 2947 5466 versutus,

667 5484 911 5552 scripsit.

3034 5404 3416 5462 fraudulenter
3503 5411 3570 5462 ad
3650 5413 3910 5466 Acacium
