4236 6442
658 402 753 464 li'l

1842 408 2270 469 NICEPHORI
2314 412 2662 472 CALLlS’l‘l

3824 403 3920 471 148

647 513 893 574 litteras,
932 512 1136 581 quibus
1177 512 1329 567 illum
1381 511 1449 566 de
1506 512 1715 585 synodo
1769 515 2276 594 Clia'lcedoneusi,‘

2342 537 2488 573 νωνα
2527 520 2879 589 διεπέμπετο,
2920 517 3063 587 ὑπέρ
3109 534 3168 569 τε
3221 517 3319 585 τῆς
3371 518 3430 569 ὲν
3460 515 3769 586 Χαλκηδόνι
3803 533 3919 570 συν-

646 616 697 657 el
728 604 796 657 de
826 620 889 659 ea
941 620 1106 674 quam
1144 605 1196 659 in
1231 604 1416 659 Africa
1453 605 1802 661 Honoricltus
1828 603 2225 674 concitaverat,

650 699 1042 763 persecutione
1076 695 1414 752 admonebat
1459 697 1558 767 (l).
1597 699 1740 764 Quin
1778 708 1835 768 et
1866 699 1933 753 ad
1968 700 2228 754 Acacium

650 791 896 857 scripsit,
954 789 1246 845 maximam
1302 805 1429 844 eum
1487 800 1815 845 novatarum
1865 794 1919 846 in
1985 792 2230 847 Ecclesia

650 897 835 934 rerum
865 896 1087 936 causam
1122 896 1243 937 esse
1268 881 1483 937 dicens.
1512 882 1662 938 Zeno
1695 883 1886 938 eadem
1916 900 2037 953 qua:
2069 894 2231 938 antea

648 974 816 1028 Felici
871 974 1176 1045 rescripsit,
1255 975 1521 1031 Joannem
1599 978 1811 1032 scilicet
1888 978 2089 1031 frustra
2152 976 2231 1031 illi

650 1069 957 1123 molestiam
980 1069 1268 1136 exhibere,
1297 1071 1387 1139 qui
1420 1069 1849 1141 haudquaquam
1880 1086 1937 1125 se
1969 1070 2230 1125 thronum

647 1160 907 1214 Ecclesia:
935 1160 1317 1217 Alexandrina:
1338 1178 1767 1218 conscensurum
1796 1177 1917 1217 esse
1938 1162 2229 1232 juraverit,

645 1255 1017 1324 iurisiurandi
1063 1256 1389 1326 religionem
1418 1257 1664 1321 violarit,
1705 1255 2086 1326 episcopatum
2134 1271 2232 1325 per

652 1348 1006 1419 sacrilegium
1057 1349 1401 1429 arripuerit,
1452 1361 1509 1406 et
1580 1351 1688 1405 alia
1745 1350 1931 1421 gravia
1986 1350 2231 1404 facinora

649 1458 677 1491 τι
705 1442 955 1497 lmiserit.
990 1441 1102 1497 Nec
1124 1442 1346 1498 Petrum
1376 1444 1646 1514 Moggum,
1679 1445 2042 1513 inquisitione
2077 1442 2232 1496 nulla

650 1544 927 1602 praeeunte
952 1534 1019 1591 ad
1046 1535 1232 1591 sedem
1263 1537 1591 1606 pervenisse,
1624 1539 1719 1593 sed
1748 1539 1895 1591 illum
1918 1536 2234 1606 priusquam

647 1639 773 1677 eam
831 1628 1150 1696 acceperit,
1199 1629 1457 1683 manibus
1525 1630 1639 1685 suis
1691 1628 1817 1688 lidci
1887 1627 2234 1683 Nicmnornm

650 1717 877 1772 Patrum
913 1735 1077 1787 quam
1129 1722 1512 1796 comprobarit
1556 1721 1955 1791 subscripsisse
2002 1719 2235 1789 :-cujus

652 1806 775 1861 tidei
806 1808 1049 1879 vestigiis
1108 1808 1574 1879 Chalcedonensis
1604 1814 1769 1868 etiam
1803 1809 2051 1883 synodus
2089 1809 2239 1865 inui-

652 1908 819 1955 tatur.
880 1902 1020 1957 Illud
1070 1920 1294 1975 quoque
1346 1904 1532 1960 verbis
1572 1906 1725 1960 hisee
1750 1905 1899 1959 Zeno
1953 1904 2172 1974 scripsit
2213 1920 2226 1956 :
2261 1895 2311 1955 Β

656 2011 676 2043 ε
715 1993 888 2049 Debes
917 2006 1072 2050 certo
1118 2012 1480 2066 cognoscere,
1511 2008 1567 2053 et
1602 2009 1852 2069 nostram
1886 1994 2147 2068 pietatem
2179 2008 2234 2052 et
2281 2008 2284 2011 '

644 2082 871 2140 Petrum
903 2088 1434 2153 sanctissimum,‘de
1471 2108 1578 2161 quo
1606 2102 1737 2147 ante
1778 2089 1991 2145 dictum
2018 2100 2122 2150 est,
2179 2098 2235 2144 et

651 2191 851 2233 omnes
900 2183 1282 2239 sanctissimas
1320 2186 1588 2240 ecclesias
1650 2185 1902 2254 recipere
1949 2195 2005 2240 et
2051 2184 2234 2241 colere

646 2268 1156 2328 Chalcedonensem
1228 2267 1474 2331 sanctam
1543 2277 1852 2348 synodum,
1916 2290 2038 2345 qua:
2106 2290 2231 2330 cum

654 2366 999 2433 professione
1053 2367 1180 2422 ﬁdei
1223 2367 1459 2425 Nicaeum
1509 2370 1707 2439 synodi
1750 2368 2074 2424 concordat.
2118 2387 2134 2419 ι
2176 2366 2233 2423 ln

655 2473 841 2533 rerum
894 2462 1127 2515 istarum
1189 2462 1351 2527 actis,
1418 2462 1539 2531 ejus
1604 2477 1769 2532 quem
1818 2460 2234 2517 nominavimus

652 2551 865 2627 Cyrilli,
901 2554 1247 2623 aliarumque
1301 2552 1356 2607 in
1400 2553 1536 2608 urbe
1590 2552 1866 2623 imperiali
1920 2552 2235 2607 archiman-

652 2642 945 2708 dritarum,
979 2656 1143 2715 atque
1170 2648 1333 2702 etiam
1367 2645 1637 2717 Egyptia:
1666 2647 1920 2702 diceeesis
1946 2646 2235 2714 episeopo-

659 2755 777 2792 rum
815 2750 871 2795 et
914 2741 1268 2802 clericorum.
1301 2741 1367 2795 ad
1416 2741 1653 2795 Felicem
1684 2751 1876 2796 contra
1922 2741 2143 2795 Petrum
2180 2749 2236 2796 et

654 2849 753 2889 eos
781 2833 875 2903 qui
908 2850 1031 2888 cum
1065 2850 1131 2888 eo
1162 2833 1674 2900 communicabant,
1709 2833 1882 2887 veluti
1920 2834 2233 2902 haereticos,

656 2924 797 2979 datm
824 2924 1074 2995 epistola:
1111 2925 1489 2993 reperiuntur.
1519 2923 1586 2978 Et
1636 2924 1892 2979 nonnulli
1927 2940 1993 2979 ex
2026 2924 2236 2979 Insom-

656 3022 809 3073 nium
844 3021 1186 3074 monasterio
1220 3016 1449 3071 Romam
1504 3016 1760 3088 profecti,
1793 3018 1937 3087 apud
1995 3017 2233 3073 Felicem

655 3118 723 3170 de
755 3114 961 3168 Miseno
983 3121 1039 3167 et
1066 3111 1233 3167 Vitali
1264 3114 1440 3181 questi
1471 3122 1623 3175 sunt,
1650 3110 1799 3181 quod
1830 3111 1894 3165 ad
1936 3111 2233 3165 adventum

660 3224 833 3277 usque
893 3223 1088 3261 eorum
1148 3204 1395 3276 Byzantii
1457 3204 1597 3259 clam
1661 3212 1725 3259 'et
1807 3203 2021 3258 occulte
2084 3202 2230 3256 Petri

662 3318 861 3355 nomen
912 3301 966 3354 in
1021 3300 1195 3353 sacris
1226 3298 1499 3353 codicillis
1551 3297 1774 3363 fuisset,
1827 3305 1991 3366 atque
2044 3312 2111 3349 ex
2164 3310 2231 3350 eo

656 3401 907 3463 tempore
940 3392 1005 3447 ad
1033 3409 1158 3448 eum
1196 3407 1372 3462 usque
1398 3392 1541 3446 diem
1579 3401 1749 3454 esset,
1776 3400 1832 3444 et
1857 3389 2003 3458 quod
2040 3405 2237 3459 propa-

652 3487 765 3547 lam
796 3485 1059 3549 ferretur,
1092 3496 1283 3541 contra
1313 3501 1554 3541 canones
1586 3484 1818 3539 Vitaletn
1858 3493 1915 3537 et
1966 3483 2234 3536 Misenum

655 3600 781 3640 cum
828 3582 995 3637 Petro
1029 3590 1084 3634 et
1116 3578 1316 3634 Aeacio
1364 3576 1759 3633 commercium
1807 3586 1863 3631 et
1890 3578 2237 3631 communio-

661 3692 783 3731 nem
826 3676 1055 3730 habere.
1083 3673 1467 3743 Egyptiorum
1501 3684 1725 3740 quoque
1759 3672 2010 3741 epistola:
2040 3671 2234 3725 cadent

658 3768 1067 3843 signiﬁcabant.
1156 3766 1225 3820 Et
1301 3773 1593 3834 prasterea,
1675 3762 1944 3819 Joannem
2014 3762 2235 3832 quidem

659 3862 1028 3918 orthodoxum
1082 3874 1247 3925 esse,
1302 3867 1566 3927 recteque
1618 3857 1869 3919 sentire,
1931 3867 1987 3911 et
2048 3856 2237 3911 sedem

661 3958 966 4017 secundum
1024 3969 1281 4039 canones,
1329 3953 1649 4020 recepisse:
1716 3951 1939 4006 Petrum
1992 3961 2175 4006 autem
2207 3967 2237 4004 a

660 4053 878 4109 duobus
915 4058 1128 4103 tantum
1183 4046 1275 4115 qui
1332 4046 1582 4100 eamdem
1638 4060 1861 4114 pravam
1917 4044 2235 4113 opinionem

662 4145 834 4203 secuti
876 4144 1133 4207 fuissent,
1166 4140 1482 4196 ordinatum
1541 4154 1663 4193 esse
1711 4139 2078 4208 eumdemque
2117 4150 2239 4207 post

661 4238 891 4297 Joannis
924 4236 1232 4289 discessum
1266 4232 1403 4286 nihil
1440 4247 1623 4285 rerum
1666 4232 1913 4299 gravium
1974 4231 2239 4285 adversus

662 4330 1007 4391 orthodosos
1037 4343 1205 4397 agere
1251 4326 1637 4379 intermisisse.
1670 4326 1836 4395 632
1890 4325 2016 4380 Ilmc
2053 4326 2237 4379 omnia

662 4438 787 4481 cum
820 4421 1055 4475 Aeacius
1075 4435 1140 4474 ex
1170 4418 1251 4472 eis
1283 4418 1379 4486 qui
1401 4415 1722 4488 Byzantium
1759 4417 1929 4469 llotna
1954 4428 2237 4481 venerant,

660 4518 1033 4594 cognovisset,
1074 4526 1283 4570 tantum
1323 4521 1477 4570 abest
1506 4526 1563 4568 ut
1590 4515 1919 4569 auctoritate
1948 4530 2051 4569 sua
2080 4515 2241 4569 rebus

2334 612 2455 664 ὁδου
2485 611 2938 678 διαγορευούσας,
2976 610 3059 662 ἑτι
3088 610 3145 663 δὲ
3185 609 3281 662 καὶ
3330 609 3461 679 περὶ
3507 609 3603 662 τοῦ
3634 609 3779 662 κατὰ
3822 610 3920 679 τὴν

2334 698 2601 773 ’Δφρικὴν
2634 702 2899 772 διωγμοῦ,
2930 703 2990 755 ὃν
3034 700 3329 772 Ὀνὼριχος
3360 701 3623 772 ἔπραττε.
3656 699 3771 754 Ναὶ
3806 700 3918 771 μὴν

2334 796 2431 847 καὶ
2481 794 2619 864 πρὸς
2653 794 2913 848 Ἀκάκιον
2950 793 3223 858 ἔστελλεν,
3251 793 3583 847 αἰτιώτατον
3630 792 3740 848 τῶν
3780 792 3921 845 κατὰ

2334 888 2432 957 τὴν
2474 886 2808 957 Ἐκκλησίαν
2850 886 3323 957 νεωτερισθέντων
3370 887 3582 940 ἐκεῖνον
3635 884 3776 939 εἶναι
3828 884 3917 938 λέ-

2335 994 2470 1046 γων.
2510 978 2652 1047 Πρὸς
2691 977 2836 1047 ἆπερ
2864 978 3026 1031 πάλιν
3069 978 3096 1028 ὁ
3143 978 3332 1046 Ζήνων
3394 975 3463 1028 τὰ
3498 978 3590 1030 ἶσα
3634 978 3751 1040 τιῖς
3779 977 3915 1043 πρό-

2334 1085 2491 1136 τερον
2518 1067 2975 1121 ἀνταπέστελλεν·
3009 1068 3085 1129 ὡς
3126 1066 3236 1137 ἄρα
3282 1066 3548 1135 ἐπικενῆς
3593 1065 3918 1137 διαταράξοι

2334 1159 2522 1213 τοῦτον
2553 1163 2581 1213 ὁ
2618 1159 2896 1230 Ἰωάννης,
2939 1160 3164 1231 μηδαμῆ
3198 1160 3469 1230 μηδαμῶς
3500 1159 3916 1229 ἐπομοσάμενος

2336 1252 2426 1305 διὰ
2467 1253 2562 1307 τοῦ
2609 1253 2805 1324 θρόνου
2863 1254 3121 1325 παριέναι
3176 1254 3277 1322 τῆς
3307 1251 3689 1322 Ἀλεξάνδρου·
3738 1269 3915 1322 παρα-

2339 1347 2498 1415 ϐῆναι
2528 1345 2585 1398 δὲ
2612 1348 2741 1407 τοὺς
2779 1348 2980 1418 ὅρκους
3024 1348 3120 1399 καὶ
3175 1346 3528 1418 ἱεροσυλῆσαι
3552 1348 3647 1399 τὸν
3696 1344 3909 1415 θρόνον,

2338 1440 2431 1491 καὶ
2464 1439 2640 1503 ἄλλως
2673 1442 2740 1493 τὰ
2777 1440 3039 1495 πάνδεινα
3071 1436 3667 1509 διαπράξασθαι.Ἀλλὰ
3696 1439 3789 1491 καὶ
3824 1438 3916 1491 τὸν

2339 1535 2563 1604 Μογγὲν
2608 1537 2818 1607 Πέτρον
2875 1536 2949 1606 μή
3018 1552 3166 1598 τινος
3226 1534 3357 1589 ἄνευ
3394 1534 3632 1604 βασάνου
3680 1534 3776 1588 ἐπὶ
3822 1533 3916 1587 τὸν

2342 1628 2532 1700 θρόνον
2590 1628 2789 1682 ἐλθεῖν·
2850 1629 3010 1698 χερσὶ
3054 1628 3101 1681 δ’
3127 1628 3363 1691 οίκείαις
3395 1628 3665 1698 πρότερον
3710 1627 3915 1697 ὑποση-

2344 1723 2683 1791 μηνάμενον,
2723 1722 2824 1791 τὴν
2853 1721 3040 1774 πίστιν
3069 1719 3180 1773 τῶν
3221 1722 3279 1773 ἂν
3309 1718 3518 1789 Νικαίᾳ
3549 1717 3914 1772 συνελθόντων

2342 1816 2605 1887 Πατέρων
2651 1814 2926 1885 δέχεσθαιο
2973 1809 3136 1887 ᾖκαὶ
3186 1815 3220 1884 ὴ
3272 1816 3332 1868 ἐν
3360 1814 3667 1883 Χαλκηδόνι
3698 1810 3915 1871 σύνοδος

2338 1909 2461 1962 κατ’
2494 1910 2641 1978 ἴχνος
2679 1907 3134 1977 ἐπηκολούθησε,
3188 1908 3284 1960 καὶ
3342 1904 3515 1959 ταῦτ’⁸
3538 1905 3634 1958 ἐπὶ
3670 1904 3915 1976 ῥήματος

2337 2002 2651 2072 γεγραφώς·
2680 2021 2699 2053 ι
2745 2003 3017 2071 Ὀφείλεις
3051 1999 3314 2068 ἀσφαλῶς
3345 1998 3490 2069 ἔχειν
3521 1998 3617 2051 καὶ
3648 1997 3749 2068 τὴν
3782 1998 3918 2066 ἠμε-

2336 2095 2505 2162 τέραν
2549 2094 2835 2147 εὐσέϐειαν
2881 2094 2973 2147 τὸν
3030 2091 3396 2163 προλεχθέντα
3458 2090 3766 2159 ἁγιώτατον
3809 2088 3913 2142 Πέ-

2338 2203 2470 2257 τρον
2545 2185 2640 2239 καὶ
2692 2187 2875 2249 πάσας
2931 2186 3029 2248 τὰς
3077 2186 3395 2253 ἁγιωτάτας
3434 2184 3736 2254 ἐκκλησίας
3763 2183 3915 2252 δέχε-

2338 2277 2463 2330 σθαί
2517 2295 2574 2330 τε
2627 2278 2722 2331 καὶ
2754 2278 2956 2341 σέϐειν,
3016 2279 3109 2331 καὶ
3140 2277 3239 2347 τὴν
3290 2279 3348 2330 ὲν
3400 2276 3705 2343 Χαλκηδόνι
3752 2275 3916 2343 ἁγίαν

2339 2370 2579 2434 σύνοδον,
2613 2370 2737 2439 ἣτις
2771 2371 3007 2440 συνέστη
3048 2372 3117 2440 τῇ
3170 2371 3353 2422 πίστει
3376 2372 3441 2439 τῇ
3477 2371 3534 2423 ὲν
3560 2371 3627 2440 τῇ
3661 2367 3915 2422 Νικαέων

2340 2462 2565 2531 συνόδῳ.
2606 2481 2625 2515 ι
2657 2461 2737 2533 Τῇ
2769 2462 2828 2515 δὲ
2859 2462 3089 2533 τοιαύτῃ
3136 2459 3335 2531 πράξει
3382 2463 3477 2514 καὶ
3506 2462 3665 2515 ἄλλαι
3700 2462 3919 2513 ἐπιστο-

2336 2556 2425 2608 λαὶ
2476 2557 2572 2609 τού
2630 2557 3036 2627 προειρημένον
3081 2555 3354 2626 Κυρίλλου
3407 2555 3764 2626 ἑμφέρονται,
3820 2556 3916 2608 καὶ

2337 2649 2516 2703 ἄλλων
2542 2650 2640 2716 τῆς
2680 2649 2956 2719 βασιλίδος
2986 2649 3456 2721 ἁρχιμανδριτῶν,
3492 2649 3571 2702 ἔτι
3601 2649 3656 2700 δὲ
3691 2649 3919 2701 ἐπισκό-

2339 2762 2459 2797 πων
2510 2745 2604 2796 καὶ
2664 2744 2951 2813 κληρικῶν
3009 2745 3107 2813 τῆς
3154 2742 3536 2810 Αίγυπτιακῆς
3590 2742 3915 2809 διοικήσεως

2340 2840 2475 2910 πρὸς
2504 2839 2716 2908 Φήλικα
2745 2838 2888 2891 κατὰ
2920 2836 3128 2907 Πέτρου
3161 2835 3505 2906 πεμφθεῖσαι
3537 2835 3634 2887 καὶ
3672 2831 3781 2885 τῶν
3799 2851 3916 2885 κοι-

2339 2931 2657 2986 νωνούντων
2701 2931 2849 2999 αύτῷ
2898 2925 2986 2981 οἷα
3022 2927 3336 2999 αἱρετικῶψ
3382 2926 3476 2979 καί
3526 2942 3671 2987 τινες
3716 2925 3772 2979 δι
3820 2926 3918 2994 τῆς

2342 3026 2514 3094 μονῆς
2574 3024 2684 3076 τῶν
2735 3023 3088 3091 Ἀκοιμήτων
3159 3020 3459 3088 ἀφιγμένοι
3517 3019 3653 3088 πρὸς
3710 3018 3919 3088 Φήλικα

2338 3114 2631 3183 διήλεγξαν
2657 3115 2783 3176 τοὺς
2815 3116 2943 3183 περὶ
2978 3113 3223 3180 Μισῆνον
3251 3128 3264 3142 ·
3301 3111 3374 3173 ὡς
3414 3112 3578 3181 μέχρι
3605 3111 3703 3179 τῆς
3737 3108 3918 3162 αὐτῶν

2339 3206 2578 3277 ἀφίξεως
2616 3209 2672 3270 ἐς
2718 3206 3016 3271 Βυζάντιον
3065 3211 3250 3276 κρύφα
3286 3223 3405 3268 πως
3447 3204 3541 3257 καὶ
3577 3205 3633 3257 ὲν
3668 3202 3921 3273 παραϐύ-

2342 3319 2452 3370 στῳ
2475 3302 2683 3371 Πέτρος
2708 3304 2821 3365 τοῖς
2854 3302 3019 3369 ἱεροῖς
3042 3300 3324 3369 διπτύχοις
3350 3299 3599 3367 ὲφέρετο’
3637 3298 3826 3350 ἔκτοτε
3862 3296 3919 3349 δὲ

2344 3394 2507 3463 μέχρι
2551 3395 2643 3448 τοῦ
2683 3394 2798 3457 νῦν,
2843 3395 2940 3448 καὶ
2978 3394 3288 3461 ἀναφανδὸν
3339 3393 3676 3463 περιᾲδεταιο
3720 3394 3922 3444 ἀκανο-

2340 3490 2537 3549 νίστως
2579 3488 2636 3539 δὲ
2665 3488 2790 3548 τοὺς
2826 3486 2956 3556 περὶ
2992 3487 3235 3553 Μισῆνον
3281 3486 3617 3551 κοινωνῆσαι
3650 3485 3760 3545 τοῖς
3790 3484 3920 3554 περὶ

2343 3581 2550 3648 Πέτρον
2578 3598 2633 3633 τε
2668 3583 2765 3633 καὶ
2795 3582 3078 3635 Ἀκὰκιον.
3110 3579 3177 3633 Al
3204 3579 3261 3633 δὲ
3297 3579 3408 3631 τῶν
3435 3578 3756 3645 Αίγυπτίων
3796 3584 3921 3629 επιν-

2342 3675 2550 3741 στολαὶ,
2592 3677 2686 3727 καὶ
2713 3674 2875 3727 αὗται
2907 3674 2974 3727 τὰ
3017 3672 3380 3742 παραπλήσια
3412 3670 3601 3739 ἔλεγον
3624 3686 3639 3701 ·
3682 3672 3776 3724 καὶ
3806 3672 3916 3723 ὅτι·

2343 3785 2448 3838 περ
2474 3769 2730 3837 Ἰωάννης
2757 3770 2857 3834 μὲν
2891 3767 3171 3836 δρθόδοξος
3210 3765 3308 3829 ὢν,
3349 3764 3491 3817 κατὰ
3522 3763 3757 3827 κανόνας
3792 3763 3919 3831 ἔσχε

2340 3861 2432 3913 τὸν
2459 3859 2672 3929 θρόνον·
2707 3860 2735 3912 ὅ
2768 3874 2833 3925 γε
2891 3858 2999 3928 μὴν
3039 3858 3242 3924 Πέτρος
3294 3855 3399 3908 ὑπὸ
3445 3855 3541 3908 δύο
3594 3857 3691 3909 καὶ
3743 3853 3924 3922 μόνων

2342 3955 2746 4025 παραπλησίων
2790 3952 2942 4023 αὐτῷ
2973 3952 3074 4021 τὴν
3129 3949 3452 4017 κακοδοξίαν
3485 3948 3921 4019 κεχειροτόνητο,

2341 4048 2438 4101 καὶ
2470 4048 2665 4115 ὅτιπερ
2704 4046 2842 4116 μετὰ
2870 4047 2970 4111 τὴν
2998 4042 3349 4114 ἀναχώρησιν
3372 4040 3623 4094 Ἰωάννου
3671 4039 3828 4093 οὐδέν
3869 4056 3925 4091 ἰι

2342 4134 2451 4188 τῶν
2481 4134 2671 4187 δεινῶν
2705 4133 2847 4186 κατὰ
2892 4134 3000 4184 τῶν
3046 4132 3345 4200 ὁρθοδὸξων
3381 4133 3598 4184 ἐνέλιπε
3647 4131 3924 4197 γίνεσθαι.

2343 4227 2531 4281 Ταῦτα
2583 4226 2640 4279 δὲ
2690 4211 2870 4278 πάνεξα
2914 4225 3107 4293 μαοείν
3142 4225 3234 4277 τὸν
3285 4224 3543 4277 Ἀκάκιον
3576 4223 3731 4293 παρὰ
3760 4240 3927 4274 τινων

2344 4323 2401 4383 ἐς
2426 4320 2727 4383 Βυζάντιον
2757 4319 3099 4387 ἀφιγμένων·
3139 4318 3231 4369 τὸν
3269 4316 3326 4369 δὲ
3361 4320 3522 4385 μήτοι
3569 4333 3633 4382 γε
3664 4314 3925 4385 ἐμποδὼν

2345 4413 2687 4483 καταστῆναι
2714 4415 3044 4481 δυνάμενον,
3074 4411 3212 4464 ἀλλὰ
3264 4410 3359 4464 καὶ
3390 4410 3476 4479 ἐφ’
3511 4410 3685 4463 ἆπασι
3734 4426 3931 4479 συνερ-

2345 4508 2443 4575 γὸν
2475 4506 2835 4568 καθεστάναι,
2870 4507 2966 4558 καὶ
3001 4505 3188 4575 σχεδὸν
3225 4504 3437 4564 πάντας
3483 4502 3693 4571 βιάζειν
3726 4503 3929 4571 ἐκείνῳ

662 4604 1003 4682 hujusrnodi,
1063 4624 1188 4661 eum
1242 4606 1402 4661 facile
1444 4617 1650 4674 posset,
1704 4606 2121 4668 intercesserit,
2180 4615 2276 4678 ut;

2346 4604 2648 4655 κοινωνεῖν.
2694 4602 2760 4652 Ἀ
2815 4599 2879 4669 δὴ
2936 4600 3030 4650 ἐπὶ
3086 4597 3291 4664 μᾶλλον
3340 4596 3581 4666 αὐξῆσαι
3622 4598 3716 4648 καὶ
3746 4596 3925 4665 ἁληθῆ
4004 4642 4007 4643 ,

660 4702 827 4757 ctiam
854 4699 1238 4753 administrant
1268 4716 1327 4755 se
1381 4700 1533 4755 Petri
1580 4699 1867 4754 actionum
1918 4699 2236 4769 praebuerit,

662 4800 722 4849 e‘t
751 4795 863 4848 l'ere
893 4808 1081 4847 omnes
1112 4807 1235 4847 cum
1265 4793 1358 4847 illo
1386 4794 1794 4849 communicare
1813 4792 2075 4860 coegerit.
2112 4791 2242 4857 Quae

663 4886 847 4939 omnia
879 4883 1124 4944 adauxit.
1160 4895 1219 4940 et
1255 4899 1380 4939 vera
1409 4900 1530 4939 esse
1568 4886 1915 4940 continuavit
1942 4884 2241 4954 Symcoues

663 4971 756 5030 ille
784 4993 849 5030 ex
894 4976 1246 5034 lnsomnibus
1278 4977 1345 5030 ad
1377 4976 1619 5031 Felicem
1653 4976 1875 5042 missus,
1910 4976 2003 5047 qui
2050 4986 2241 5046 aperte

664 5070 937 5131 M-senttm
970 5079 1026 5125 et
1056 5070 1289 5125 Vitaletn
1323 5070 1470 5139 quod
1511 5084 1635 5123 cum
1687 5070 1964 5125 haereticis
1993 5085 2241 5123 commuv

665 5163 947 5217 nicassent
1007 5162 1289 5227 convicit,
1342 5162 1603 5232 quodque
1684 5163 1820 5232 ipsis
1878 5163 2243 5231 prmseutibus

664 5258 947 5327 propalam
986 5256 1131 5311 Petri
1166 5271 1367 5310 nomen
1393 5271 1461 5310 ex
1492 5256 1665 5310 sacris
1698 5255 1901 5310 tabulis
1930 5257 2244 5326 promulga-

669 5364 786 5404 tum
824 5359 991 5413 esset,
1023 5365 1150 5405 cum
1183 5366 1252 5404 ne
1302 5364 1400 5419 per
1426 5360 1751 5419 praetextum
1797 5349 2018 5419 quidem
2067 5351 2244 5418 gravi-

658 5447 753 5495 ter
813 5457 871 5495 se
951 5440 1004 5493 id
1065 5440 1139 5494 illi
1221 5440 1369 5495 ferre
1443 5441 1839 5495 ostendissent.
1896 5440 2245 5510 Quapropter

666 5528 895 5595 factum.
934 5543 993 5585 ut
1023 5534 1278 5602 permulti
1315 5550 1381 5588 ex
1411 5534 1845 5604 simplicioribus
1868 5534 1936 5589 ab
1968 5535 2244 5590 luereticis

667 5625 882 5689 seducti
915 5624 1049 5687 sint,
1086 5626 1179 5694 qui
1213 5642 1241 5679 a
1275 5626 1513 5679 llomana
1564 5628 1731 5681 etiam
1779 5626 1909 5681 sedc
1959 5638 2241 5696 receptum

667 5734 791 5773 esse
813 5715 1041 5772 Petrum
1083 5718 1362 5772 dixerunt.
1400 5716 1624 5783 Addidit
1665 5731 1721 5774 et
1753 5720 1888 5775 illud
1918 5720 2242 5790 Symeones.

742 5826 817 5904 (l)
856 5835 1207 5888 llonoricitns
1251 5851 1339 5887 rex
1395 5834 1766 5892 Vandalomm
1798 5838 2088 5907 plusquam
2134 5849 2243 5891 trc-

670 5906 845 5965 centi;
872 5908 1091 5978 triginta
1122 5915 1355 5978 quatuor
1389 5907 1664 5977 episcopis
1692 5911 1743 5961 in
1772 5906 2023 5965 exsilium
2047 5909 2240 5971 pulsis.

2346 4688 2490 4745 εἶναι
2515 4690 2768 4761 ἐκύρωσε
2802 4689 3097 4759 Συμεὼνης
3128 4692 3332 4749 ἐκεῖνος
3359 4690 3387 4740 ό
3429 4689 3494 4740 ὲκ
3521 4690 3629 4740 τῶν
3654 4687 3919 4755 Ἀκίλιμή-

2341 4806 2452 4841 των
2481 4786 2696 4850 σταλεὶς
2739 4786 2955 4856 Φήλικι·
3011 4783 3316 4851 ἀναφανδὸν
3368 4785 3480 4852 γὰρ
3517 4780 3765 4851 διήλεγξε
3798 4782 3930 4842 τοὺς

2344 4882 2476 4952 περὶ
2530 4881 2780 4951 Μισῆνον
2829 4880 2941 4940 τοῖς
2984 4878 3290 4946 αἱρετικοῖς
3322 4876 3794 4943 κοινωνήσαντας.
3829 4868 3930 4935 Οἷς

2350 4974 2641 5044 παρόντων
2668 4973 2918 5036 ἐκείνων,
2948 4970 3251 5040 διαρρήδην
3280 4968 3341 5021 τὸ
3372 4970 3579 5040 Πέτρου
3606 4968 3778 5033 ὄνομα
3807 4968 3932 5027 ταῖς

2349 5070 2518 5137 ἱεραῖς
2565 5066 2776 5129 δέλτοις
2833 5063 3215 5135 ἀνεκηρύχθη,
3264 5062 3387 5133 μηδ’
3419 5064 3545 5115 ὅσον
3594 5063 3653 5114 ἐν
3682 5062 3931 5131 σχήματι

2349 5163 2514 5232 βάρος
2567 5178 2622 5214 τι
2678 5160 3160 5230 διασημηνὰντων.
3211 5156 3400 5225 Ταύτῃ
3432 5171 3523 5223 ,τοι
3564 5154 3656 5207 καὶ
3690 5153 3930 5213 πολλοὺς

2344 5256 2455 5306 τῶν
2519 5253 2911 5322 ἁπλουστέρων
2959 5248 3383 5319 καθυπαχθῆναι
3449 5251 3563 5308 τοῖς
3618 5247 3930 5315 αἱρετικοῖς

2343 5347 2563 5412 λέγουσι
2601 5346 2693 5397 τὸν
2727 5345 2933 5413 Πέτρον
2978 5344 3080 5411 ήδη
3134 5340 3457 5411 παραδοχῆς
3500 5340 3596 5393 καὶ
3650 5338 3787 5407 πρὸς
3834 5337 3933 5391 τοῦ

2356 5423 2578 5506 δι’ὡμης
2610 5436 2803 5508 θρόνου
2860 5433 3185 5505 ἀξιωθῆναι.
3220 5431 3536 5501 Προσετίθει
3590 5430 3647 5483 δὲ
3703 5429 3937 5497 Συμεὼο

2348 5548 2466 5601 νης,
2502 5531 2586 5583 ὃτι
2643 5531 2738 5582 καὶ
2773 5529 3047 5599 διαφόρων
3087 5527 3399 5597 γενομένων
3439 5526 3723 5595 ζητήσων
3747 5562 3761 5585 ,
3796 5526 3931 5584 τοὺς

2349 5626 2481 5695 περὶ
2513 5624 2760 5693 Μισῆνον
2803 5623 2877 5691 μή
2908 5639 3019 5674 τινι
3070 5621 3184 5673 τῶν
3236 5619 3537 5689 ὀρθοδόξων
3567 5618 3815 5685 ἐντυχεῖν
3842 5616 3937 5668 θε-

2350 5719 2532 5789 λῆσαι,
2585 5719 2615 5787 ἢ
2669 5718 2930 5771 ἀπόδοσιν
2984 5714 3318 5785 ποιήσασθαι
3374 5714 3742 5780 γράμματος,
3782 5710 3819 5777 ἡ
3871 5726 3933 5761 τι

2349 5853 2417 5892 eo
2460 5838 2603 5906 quod
2654 5835 2890 5906 Arianus
2939 5844 3109 5896 esset,
3162 5832 3218 5887 in
3263 5830 3583 5891 Catholica:
3624 5825 3932 5884 admodum

2352 5901 2547 5965 saeviit.
2578 5901 2779 5982 (Diae)
