4236 6442
670 418 762 482 151

1868 414 2288 474 ΝΙἘΕΡΗΟΒΙ
2329 413 2672 472 CALLISTI

3823 414 3920 478 152

669 533 803 586 nihil
834 540 1016 584 autem
1040 529 1105 584 ad
1140 545 1252 583 rem
1295 531 1466 597 ipsam
1510 529 1766 583 collatum
1809 539 1912 592 est,
1945 538 2237 596 propterea
2272 545 2310 597 Α

2272 545 2310 597 Λ
2353 528 2581 592 Ἱστορεῖ
2609 547 2667 595 γε
2704 531 2808 598 μὴν
2836 527 2866 584 δ
2898 533 3054 599 Κίλιξ
3093 536 3376 598 Βασίλειος
3401 577 3414 598 ,
3447 536 3521 597 ὠς
3554 535 3647 587 καὶ
3676 536 3919 599 ’Λιιακίῳ

669 623 815 689 quod
848 621 996 676 Zeno
1028 637 1255 690 prorsus
1285 620 1785 676 Cbaleedouensem
1816 621 2086 690 synodum
2129 637 2238 673 non

670 714 960 781 reciperet.
989 711 1222 765 Basilius
1251 711 1390 765 Cilix
1417 712 1691 766 memor-ite
1715 712 1975 780 prodidit,
2005 711 2240 765 Felicem

669 808 836 858 etiam
911 804 1110 858 Aeacio
1186 804 1661 858 condemnationis
1726 805 2053 858 sententiam
2131 819 2237 873 qua

672 897 909 964 dignitas
941 896 991 949 ei
1042 898 1423 964 abrogaretur,
1485 896 1726 956 misisse,
1781 911 2014 964 eamque
2076 897 2125 949 ei
2183 897 2236 950 in

673 988 950 1041 sanctiore
980 988 1224 1040 sacrario
1257 1003 1286 1041 a
1325 988 1609 1042 monachis
1641 987 1723 1042 Dii
1756 989 2072 1043 monasterii
2113 989 2238 1043 red-

673 1078 844 1130 ditam
887 1093 1028 1132 esse.
1079 1079 1146 1132 Et
1199 1095 1318 1132 eam
1371 1079 1441 1132 ob
1478 1094 1698 1133 causam
1743 1089 2044 1135 sectatores
2094 1083 2237 1148 ejus,

675 1169 874 1223 multos
905 1185 970 1224 ex
1026 1171 1107 1224 eis
1138 1186 1277 1240 quos
1320 1171 1558 1226 diximus
1614 1172 1896 1227 monachis
1950 1173 2240 1236 occidisse,

671 1260 940 1328 quosdam
1013 1263 1330 1319 vulneratos
1391 1265 1690 1334 rejecisse,
1745 1265 2036 1319 nonnullos
2111 1280 2244 1319 vero

675 1353 945 1407 custodiis
973 1353 1268 1430 inclusisse
1312 1372 1325 1408 :
1375 1365 1539 1421 atque
1584 1357 1843 1410 Acacium
1883 1372 2056 1425 usque
2106 1355 2244 1410 adeo

673 1445 1182 1498 exauctorationem
1217 1462 1335 1500 eam
1368 1446 1708 1515 despexisse,
1744 1459 1800 1505 ut
1842 1457 2023 1502 mente
2051 1462 2244 1502 sensu-

673 1551 784 1602 que
817 1538 969 1592 omni
999 1549 1213 1608 captus,
1243 1540 1449 1607 primus
1480 1541 1595 1610 ipse
1629 1557 1778 1609 papa:
1810 1557 2009 1595 nomen
2037 1557 2065 1594 c
2087 1556 2245 1596 sacro

2347 618 2512 686 Φῆλιξ
2535 620 2631 688 τὴν
2660 623 2980 692 καθαίρεσιν
3015 628 3420 692 ἐξαπέστειλεν.
3461 629 3648 696 Ἐδόθη
3681 627 3738 678 δέ
3769 626 3919 694 αὐτῷ

2344 712 2481 778 πρὸς
2545 713 2652 764 τῶν
2716 719 2969 785 μοναχῶν
3025 719 3124 787 τῆς
3174 722 3300 772 Δίου
3346 720 3515 787 μονῆς
3564 720 3674 769 τῶν
3707 718 3921 769 ἀδύτων

2344 812 2515 874 ἐντός.
2550 812 2613 864 Οἱ
2651 811 2708 863 δέ
2765 812 2896 879 περὶ
2940 813 3104 865 αὑτὸν
3154 815 3242 865 διὰ
3288 814 3494 879 ταύτην
3538 815 3633 866 καὶ
3686 812 3918 869 πολλοὺς

2348 903 2448 972 μέν
2509 906 2616 956 τῶν
2667 903 2977 973 εἰρημένων
3037 907 3292 975 μοναχῶν
3329 907 3561 958 ἀνεῖλον·
3600 904 3692 965 οὓς
3729 906 3782 954 δὲ
3823 905 3917 954 καὶ

2347 997 2692 1064 τραυματίας
2719 998 3036 1065 ποιήσαντες
3068 998 3276 1068 ἦλασαν
3300 1015 3313 1028 ·
3350 999 3542 1061 ἄλλους
3573 997 3630 1048 δὲ
3659 997 3754 1047 καὶ
3783 996 3916 1046 καθ-

2348 1086 2550 1154 εἶρξαν.
2612 1085 2853 1154 Ἀκακίῳ
2915 1087 2970 1140 δέ
3042 1087 3300 1140 τοσοῦτον
3361 1088 3462 1154 τῆς
3542 1088 3917 1152 καθαιρέσεως

2350 1177 2617 1244 ἐμέλησεν
2647 1217 2662 1240 ,
2696 1177 2828 1229 ὥστ’
2858 1180 3203 1250 ἀναισθήτως
3248 1181 3537 1239 διατεθεὶς,
3580 1179 3795 1247 πρῶτος
3827 1177 3922 1227 καὶ

2347 1269 2410 1320 τὸ
2459 1267 2552 1322 τοῦ
2611 1271 2813 1323 πάππα
2879 1273 3227 1342 μνημόσυνον
3275 1272 3384 1324 τῶν
3445 1273 3605 1339 ἱερῶν
3677 1271 3920 1338 περιεῖλε

2348 1359 2643 1428 διπτύχων.
2683 1361 2840 1415 Οὕτω
2867 1363 2912 1416 δ’
2944 1364 3084 1432 ἔχων
3117 1364 3324 1434 δεσμοῦ
3354 1365 3450 1416 καὶ
3480 1363 3660 1432 ψυχῆς
3690 1365 3785 1414 καὶ
3823 1360 3914 1413 τοῦ

2351 1453 2626 1520 σώματος.
2665 1457 2804 1517 μετά
2862 1456 3036 1526 βραχὺ
3087 1457 3188 1525 τὴν
3239 1456 3424 1528 κοινὴν
3483 1457 3656 1509 ἀπασι
3691 1454 3919 1522 πορείαν

2349 1546 2647 1603 ἐστείλατο.

677 1630 804 1683 albo
828 1633 1093 1686 exemerit
1131 1630 1228 1701 (1-).
1264 1632 1331 1687 Et
1367 1633 1459 1688 ilic
1490 1634 1561 1687 ita
1611 1642 1664 1687 et
1696 1632 1880 1688 animo
1951 1641 2005 1687 et
2056 1647 2291 1704 corpore
2331 1641 2572 1701 vlnetus,
2638 1638 2788 1693 brevi
2825 1648 2946 1707 post
2975 1653 3323 1692 communem
3356 1639 3612 1692 erunibus
3641 1638 3922 1707 ingressus

677 1733 760 1778 est
789 1725 957 1779 viam.

1112 1848 1278 1918 684
1335 1848 1562 1902 CAPUT
1619 1847 1803 1901 XVIII.

678 1958 754 2009 De
792 1957 1001 2011 Μαι-ΞΜ
1032 1961 1208 2012 Acacii
1236 1976 1552 2021 successore,
1586 1970 1641 2010 ut
1680 1961 1721 2011 is
1754 1960 1872 2011 dolo
1906 1959 2044 2012 malo
2071 1959 2244 2011 sedem

1135 2032 1480 2097 episcopalem
1514 2032 1780 2082 invaserit.

753 2205 875 2258 l’ost
934 2205 1079 2258 hunc
1141 2205 1376 2258 Flavitas
1443 2205 1517 2272 (Ξ)
1576 2205 2242 2274 Consmntinopolitanum

680 2299 924 2365 suscepit
951 2299 1326 2367 episcopatum
1359 2316 1369 2350 :
1417 2299 1521 2361 vir,
1564 2300 1656 2367 qui
1706 2299 1921 2366 quidem
1959 2301 2246 2368 presbyter

680 2407 802 2448 esse
823 2394 967 2444 visus
988 2391 1182 2452 sit,st
1203 2408 1375 2461 usque
1394 2392 1528 2446 adeo
1551 2392 1827 2446 audaciam
1850 2405 1904 2446 et
1924 2391 2244 2459 improbita-

681 2499 788 2539 tem
825 2503 1091 2542 summam
1122 2487 1457 2556 pervenerit,
1497 2497 1555 2538 ut
1581 2487 1631 2540 id
1666 2487 1809 2555 quod
1841 2487 2092 2541 dicturus
2125 2502 2243 2539 sum

681 2581 920 2643 facilius,
973 2580 1131 2640 satis,
1185 2578 1362 2647 qualis
1420 2578 1466 2632 is
1516 2578 1706 2642 fuerit,
1757 2579 2000 2632 indicare
2050 2581 2275 2649 possit.,

682 2672 831 2727 Zeuo
892 2672 1138 2724 chartam
1199 2686 1391 2740 puram
1446 2671 1500 2725 in
1553 2686 1713 2725 sacro
1771 2672 2016 2739 reposuit
2067 2671 2246 2736 altari,

682 2775 846 2832 atque
879 2765 930 2816 in
974 2763 1162 2817 charta
1195 2763 1297 2816 alia
1333 2778 1430 2831 per
1459 2763 1722 2830 scriptum
1751 2763 1861 2816 Deo
1894 2763 2246 2832 supplicavit,

682 2866 745 2909 ut
775 2872 871 2924 per
892 2856 1068 2924 angeli
1098 2870 1337 2916 manum,
1364 2870 1484 2923 qua:
1509 2855 1561 2908 in
1583 2854 1867 2907 hominum
1894 2864 2246 2923 conspectum

684 2967 794 3004 non
823 2952 1059 3014 veniret,
1096 2964 1296 3003 nomen
1324 2950 1444 3018 ejus
1483 2949 1807 3011 ascriberet,
1847 2965 2009 3017 quem
2040 2949 2250 3002 caelesti

683 3045 896 3098 calculo
943 3035 1567 3110 Constantiitepolitamc
1611 3041 1870 3096 Ecclesia:
1906 3043 2249 3096 hicrarcham

683 3140 1001 3208 praefectum
1048 3137 1231 3190 vellet.
1256 3139 1436 3204 Atque
1467 3137 1536 3188 ob
1570 3150 1689 3189 eam
1724 3151 1838 3188 rem
1883 3135 2248 3203 quadraginta

2947 1849 3194 1902 ΚΕΦΛᾹ.
3233 1849 3340 1902 III'.

2352 1966 2489 2030 Περὶ
2525 1966 2790 2017 «(nimim
2820 1962 2924 2014 τοῦ
2949 1962 3097 2028 μετὰ
3125 1962 3407 2015 Ἀκὰκιον
3461 1959 3569 2019 τὴν
3611 1959 3925 2030 κιαι-σταν-

2419 2028 2585 2085 τίνου
2639 2033 3194 2098 ἑπισκοπήσαντος,
3253 2034 3330 2097 ὡς
3375 2030 3534 2095 δόλῳ
3566 2028 3672 2077 τόν
3702 2028 3923 2089 θρόνον

2419 2105 2674 2171 ἥρπασε.

2419 2219 2576 2272 Μετὰ
2599 2219 2652 2270 δέ
2685 2217 2873 2268 τοῦτον
2906 2216 3178 2276 Φλαυῒτας
3224 2217 3321 2282 τὴν
3357 2215 3453 2282 τῆς
3502 2213 3922 2266 Κωνσταντίνου

2348 2309 2652 2378 ἐπισκοπὴν
2695 2309 3001 2377 διεδέχετο·
3045 2309 3182 2375 ἀνὴρ
3233 2307 3608 2374 πρεσϐύτερος
3647 2307 3747 2374 μὲν
3781 2303 3920 2356 εἶναι

2349 2403 2543 2464 δοκῶν,
2573 2402 2666 2453 ἐπὶ
2712 2402 2866 2452 τόσον
2897 2401 2951 2450 δὲ
2989 2399 3193 2468 τόλμης
3225 2399 3375 2465 ἥκων
3411 2399 3503 2450 καὶ
3533 2397 3803 2467 πονηρίας
3838 2398 3921 2457 εἰς

2349 2496 2408 2549 τὸ
2435 2495 2759 2564 ἀκρότατον,
2812 2496 2884 2553 ὡς
2927 2493 3110 2544 ἱκανόν
3168 2509 3228 2558 γε
3271 2486 3411 2542 εἶναι
3453 2493 3512 2541 τὸ
3547 2490 3924 2559 ῥηθησόμενον

2351 2585 2734 2654 τεκμηριῶσαι
2784 2583 2878 2634 τὸν
2929 2583 3239 2651 ἄνθρωπον.
3309 2584 3494 2650 Ζήνων
3543 2585 3650 2649 γάρ
3711 2583 3923 2652 χάρτην

2351 2677 2599 2745 ἄγραφον
2643 2675 2786 2727 κατὰ
2833 2676 2929 2743 τῆς
2982 2675 3148 2740 ἁγίας
3198 2671 3445 2740 ἐπατῆκε
3497 2674 3799 2741 τραπέζης·
3834 2673 3926 2736 ἑγ-

2351 2787 2564 2838 γραφον
2603 2768 2671 2819 δι’
2727 2767 2913 2836 ἐτέρου
2961 2769 3161 2836 χάρτου
3231 2766 3557 2833 ποιούμενος
3608 2765 3742 2833 πρὸς
3765 2765 3920 2826 Θεὸν,

2352 2863 2482 2914 ὥστ’
2515 2860 2749 2928 ἀγγέλου
2779 2862 2922 2928 χειρὶ
2954 2859 3202 2928 ἀοράτως
3231 2859 3604 2927 ἐγγράφεσθαι
3651 2857 3914 2924 τοῦνομα.

2363 2957 2421 3007 ὃν
2459 2956 2525 3007 ἂν
2557 2955 2590 3021 ἡ
2648 2953 2855 3004 ἀνωθεν
2901 2952 3080 3020 ψῆφος
3139 2953 3409 3020 ἱεραρχεῐν
3454 2951 3776 3017 ἐπιλέξηται
3828 2951 3927 3018 τῆς

2354 3046 2987 3105 Κωνσταντινουπόλεως
3034 3044 3378 3112 Ἐκκλησίας.
3403 3043 3498 3095 Διά
3529 3060 3610 3094 τοι
3652 3041 3807 3094 τοῦτο
3832 3043 3928 3092 καὶ

2355 3137 2950 3208 τεσσαρακονθήμερον
2991 3137 3248 3205 νηστείαν
3297 3139 3416 3197 ταῖς
3460 3135 3780 3202 ἐκκλησίαις
3812 3133 3928 3183 ἐθέ-

685 3231 900 3284 dierum
940 3229 1210 3298 jejunium
1244 3227 1472 3290 indixit,
1522 3237 1575 3281 et
1615 3227 1782 3280 Deum
1831 3243 2022 3281 omnes
2069 3243 2248 3292 orare,
2278 3271 2320 3327 c
2357 3265 2358 3271 η

2278 3271 2320 3327 C
2357 3233 2551 3293 σπιζε,
2598 3231 2693 3282 καὶ
2744 3231 2953 3287 πάντας
2989 3229 3157 3280 ἐκίνει
3191 3228 3402 3279 δεῖσθαι
3442 3226 3603 3289 Θεοῦ,
3642 3227 3923 3288 ἀναδεῖξαι

687 3333 749 3374 ιιι
779 3324 872 3390 qui
908 3324 986 3374 illi
1014 3322 1251 3389 placitus
1289 3331 1460 3383 esset,
1494 3319 1831 3382 ostenderet,
1879 3320 2062 3388 jussit.
2124 3320 2250 3372 llaec

688 3415 781 3468 ubi
817 3414 1055 3467 Flavitas
1075 3412 1350 3481 Cognovit,
1382 3428 1516 3464 auro
1542 3412 1715 3466 multo
1742 3415 1932 3477 templi
1966 3411 2249 3465 custodem

688 3507 782 3575 qui
837 3508 981 3559 idem
1038 3505 1296 3573 princeps
1348 3503 1718 3571 imperialiuui
1786 3504 2250 3557 cubiculariorum

688 3607 828 3660 erat,
855 3599 1124 3666 corrupit,
1165 3605 1224 3648 ut
1253 3595 1306 3648 in
1337 3594 1522 3648 charta
1551 3610 1682 3663 pura
1718 3610 1916 3647 nomen
1945 3595 2062 3663 ejus
2086 3596 2256 3649 adno-

687 3705 854 3756 taret,
888 3703 1120 3758 eamque
1153 3703 1368 3742 rursum
1406 3688 1757 3756 imperatoris
1791 3688 1969 3758 sigllo
2001 3687 2255 3757 obsigna-

690 3796 794 3840 ret.
829 3787 940 3838 Hoc
989 3782 1082 3836 ubi
1116 3781 1317 3835 factum
1361 3790 1466 3844 est,
1523 3790 1687 3849 atque
1746 3781 1835 3834 ubi
1887 3783 2254 3835 constitutum

685 3877 881 3950 jejunii
914 3874 1181 3944 prmteriit
1221 3882 1455 3940 tempus,
1483 3871 1664 3942 sigillo
1701 3872 1754 3926 iu
1788 3873 1976 3926 charta
2010 3876 2252 3934 sublato.

691 3975 994 4039 derepente
1028 3968 1265 4021 Flavitas
1289 3967 1496 4036 ingenti
1526 3966 1719 4035 gloria,
1759 3967 1993 4036 perinde
2032 3979 2197 4039 atque
2225 3985 2254 4021 a

689 4069 803 4123 Deo
853 4064 1171 4133 designatus
1213 4070 1379 4123 esset,
1415 4060 1663 4124 alllueus,
1699 4069 1989 4128 correptus
2045 4074 2152 4126 est,
2201 4073 2258 4116 et

689 4160 983 4230 magniﬁco
1013 4155 1154 4211 saltu
1186 4156 1241 4209 in
1271 4155 1597 4224 patriarchae
1628 4156 1883 4208 thronum
1915 4156 1959 4210 is
1991 4171 2258 4211 conscen-

693 4259 794 4310 dit.
831 4255 1029 4308 Verum
1059 4251 1341 4305 enimvero
1369 4248 1642 4318 piaculum
1671 4248 1722 4301 id
1750 4249 2097 4318 omnipotens
2127 4249 2258 4303 Pro,

694 4348 936 4401 videotia
967 4360 1073 4398 noli
1112 4344 1203 4396 diu
1227 4344 1403 4396 latere
1437 4357 1616 4410 passa,
1647 4342 1956 4394 illusionem
1989 4357 2106 4394 eam
2141 4358 2256 4395 see-

696 4443 989 4505 nicamque
1054 4440 1326 4491 actionem
1399 4434 1804 4502 quamprimum
1874 4433 1926 4485 in
2006 4445 2258 4502 apertum

696 4534 978 4603 produxit.
1013 4532 1200 4585 Infelix
1233 4529 1495 4584 enimille
1528 4544 1654 4581 cum
1692 4544 1799 4582 non
1844 4538 1989 4583 totos
2023 4539 2261 4598 quatuor

2348 3315 2445 3376 ίτὸν
2472 3323 2618 3393 αὑτῷ
2669 3324 2722 3374 οἱ
2775 3324 3064 3390 ἀρέσοντα.
3128 3320 3284 3372 Ἐπεὶ
3334 3321 3388 3370 δὲ
3438 3320 3610 3370 ταῦτα
3653 3319 3923 3380 sitia-41:1;

2357 3418 2589 3484 ἀνέγνω,
2634 3415 2782 3485 ἁδρῷ
2822 3416 3032 3483 χρυσίῳ
3070 3404 3164 3465 τὸν
3213 3413 3309 3480 τῆς
3340 3411 3633 3480 ἐκκλησίας
3675 3411 3926 3480 διαφθεί-

2359 3528 2456 3582 ρας
2489 3509 2747 3578 φρουρὸν,
2798 3507 2856 3569 ὃς
2890 3503 2958 3574 ἦν
2987 3507 3098 3558 τῶν
3128 3505 3223 3557 τοῦ
3271 3506 3533 3574 βασιλέως
3585 3505 3800 3572 πρῶτος
3835 3498 3929 3555 θα-

2358 3599 2713 3670 λαμηπόλων,
2762 3599 2841 3666 τῷ
2894 3598 3131 3666 ἀγράφῳ
3185 3597 3361 3665 χάρτῃ
3409 3596 3470 3646 τδ
3513 3594 3722 3646 ἐκείνου
3755 3595 3925 3661 ὄνομα

2357 3693 2637 3762 γραφῆναι
2659 3689 3098 3761 παρασκευάζει,
3127 3691 3223 3740 καὶ
3254 3689 3330 3756 τῷ
3365 3688 3744 3755 σφραγιστῆρι
3773 3683 3925 3749 αὖθις

2357 3786 2416 3839 τὸ
2453 3785 2656 3855 βιϐλίον
2711 3783 3142 3851 ἐνσημανθῆναι.
3176 3779 3333 3832 Ἐπεὶ
3375 3780 3431 3832 δὲ
3476 3780 3635 3831 τοῦτο
3663 3780 3883 3846 ἐγένετο
3912 3821 3926 3844 ,

2360 3881 2452 3932 καὶ
2499 3879 2532 3948 ἡ
2576 3878 2676 3944 τῆς
2727 3875 2986 3944 νηστείας
3047 3871 3357 3942 προθεσμία
3415 3871 3719 3942 παρῴχηκε
3753 3910 3767 3933 ,
3829 3871 3926 3938 τῆς

2361 3972 2654 4038 σφραγῖδος
2700 3966 3056 4037 ἐπαρθείσης,
3100 3966 3299 4034 αἴφνης
3345 3965 3695 4033 ἀνάρπαστος
3730 3965 3924 4015 Φλαυΐο

2359 4081 2457 4124 τας
2495 4062 2708 4129 ἀπείρῳ
2740 4059 2866 4128 δόξῃ
2895 4057 3364 4126 περιρῤεόμενος,
3416 4058 3512 4109 ἀτε
3568 4055 3633 4126 δη
3691 4057 3921 4124 Θεοπρό-

2362 4155 2555 4224 6).ητος
2582 4197 2596 4218 ,
2630 4153 2721 4204 ἐπὶ
2765 4154 2857 4204 τὸν
2895 4150 3301 4219 πατριαρχικδν
3351 4149 3491 4218 μετά
3534 4149 3782 4218 σοϐαρῶν
3822 4149 3930 4200 τῶν

2362 4248 2625 4318 ἁρμάτων
2655 4245 2911 4298 ἀνέϐαινε
2939 4243 3155 4314 θρόνον.
3193 4241 3338 4294 ‘AD.’
3386 4241 3487 4294 οὐκ
3522 4243 3577 4303 ἐς
3635 4243 3769 4294 πολὺ
3806 4243 3930 4294 λαν-

2363 4341 2543 4394 θάνειν
2583 4339 2644 4391 τὸ
2697 4338 2829 4404 ἄγος
2877 4337 3125 4405 παρῆκεν
3155 4337 3187 4402 ἠ
3225 4333 3631 4401 παντοδύναμος
3659 4335 3928 4402 Πρόνοια·

2364 4431 2499 4484 ἀλλὰ
2527 4431 2723 4483 θᾶττον
2756 4429 2815 4482 τὺ
2853 4429 3105 4496 παίγνιον
3149 4427 3243 4480 καὶ
3274 4426 3374 4494 τὴν
3415 4427 3683 4494 σκηνικὴν
3720 4427 3931 4494 δραμα-

2363 4528 2624 4593 τουργιαν
2655 4522 2948 4589 ἐξήλεγχεν
2972 4536 2985 4549 ·
3041 4521 3068 4571 ό
3115 4520 3222 4587 γὰρ
3254 4517 3531 4587 δυστυχὴς
3582 4518 3788 4580 ἐκεῖνος
3820 4519 3931 4569 οὐδ’

697 4645 915 4682 menses
948 4629 1000 4680 in
1032 4625 1161 4679 sede
1199 4642 1264 4679 ea
1311 4625 1684 4692 transegisset,
1747 4633 1923 4676 morte
1974 4624 2260 4691 repentina
2291 4603 2338 4661 θ
2367 4642 2370 4665 λ

2258 4669 2260 4674 _
2291 4603 2338 4661 θ
2367 4620 2444 4681 είς
2475 4617 2816 4684 τετράμηνον
2851 4613 3145 4682 διαρκέσας
3193 4611 3272 4680 τῷ
3303 4612 3496 4680 θρόνῳ,
3530 4611 3588 4674 ἐξ
3622 4612 3931 4680 ἀνθρώπων

697 4739 763 4775 ex
823 4718 1142 4773 hominibus
1189 4717 1442 4770 sublatus
1501 4725 1623 4778 est,
1679 4732 1803 4769 cum
1858 4731 1926 4770 ne
1975 4716 2261 4770 dimidiam

699 4812 923 4882 quidem
969 4821 1176 4878 partem
1237 4805 1482 4860 muneris
1525 4806 1663 4873 ejus,
1719 4819 1830 4873 quo
1891 4805 2260 4872 episcopalem

702 4903 1022 4970 dignitatem
1059 4898 1390 4959 redemerat,
1417 4896 1711 4948 corradere
1745 4895 2001 4962 potuerit.
2049 4895 2260 4960 Argen-

701 4995 826 5050 taiii
863 4990 1169 5046 hau-edibus
1210 4989 1329 5059 ejus
1358 4989 1629 5052 institere,
1671 4997 1725 5042 et
1765 4988 2053 5055 pecuniam
2090 5003 2263 5056 nuper

777 5184 851 5250 (Ι)
893 5183 949 5236 ιιι
979 5176 1366 5250 ecclesiasticis
1391 5171 2262 5250 censurishetcrearuntiiiiiealio-

701 5240 886 5312 uibus,
916 5266 1078 5305 causa
1109 5250 1163 5301 iu
1195 5246 1385 5313 primis
1419 5245 1580 5296 valet.
1605 5240 2038 5313 (0rig.)—Cum
2067 5241 2264 5308 aliquis

704 5335 818 5380 exit
848 5310 882 5375 a'
911 5321 1164 5380 veritate,
1196 5310 1231 5368 -ιι
1280 5317 1478 5368 timore
1532 5313 1645 5368 Dei.
1679 5331 1705 5363 ει
1745 5313 1869 5370 Ιίιιρ,
1907 5327 1934 5362 a
1973 5310 2262 5373 charitate,

705 5403 817 5446 cut
860 5393 926 5444 de
958 5389 1153 5443 castris
1188 5385 1461 5447 Ecclesiae,
1494 5383 1711 5436 etiamsi
1746 5397 1843 5448 per
1884 5381 2125 5446 episcopi
2169 5396 2265 5430 vo-

709 5481 827 5514 rem
865 5462 1088 5513 minimc
1138 5456 1452 5523 abjiciatur.
1503 5454 1656 5505 Sicut
1697 5470 1724 5503 e
1759 5450 2034 5523 contrario
2066 5451 2266 5515 aliquis

712 5549 815 5584 non
857 5541 1005 5597 recto
1038 5520 1243 5597 judicio
1282 5525 1430 5576 foras
1482 5525 1758 5597 mittitur:
1793 5521 1885 5572 sed
1919 5520 1964 5572 si
2000 5530 2125 5596 ante
2157 5535 2264 5597 non

704 5596 896 5660 exivit;
934 5600 984 5652 id
1017 5590 1120 5656 est,
1147 5598 1190 5648 si
1218 5609 1324 5647 nou
1354 5594 1525 5658 egerit
1559 5601 1616 5642 ut
1649 5600 1954 5643 mereretur
1981 5590 2150 5652 exire,
2181 5590 2265 5640 ui-

709 5675 785 5725 hil
821 5672 1056 5724 lzcditur.
1091 5665 1370 5719 Interdum
1403 5663 1552 5715 enim
1582 5661 1673 5728 qui
1718 5664 1859 5712 l'oras
1892 5660 2148 5717 mittitur,
2181 5661 2231 5709 iu
2253 5686 2264 5693 -

711 5757 798 5796 tus
848 5751 970 5793 est:
1009 5748 1065 5792 et
1114 5736 1207 5803 qui
1249 5731 1387 5787 foris
1419 5743 1524 5796 est,
1572 5732 1970 5803 intusuvidctur
2009 5729 2263 5803 retineri.

713 5813 826 5876 iii,
866 5820 1060 5878 (llld35I.
1117 5800 1170 5867 5,
1226 5805 1385 5871 Aug.)
1425 5832 1491 5843 -——
1529 5801 1754 5854 Custodi
1812 5800 1956 5850 intus
2007 5801 2267 5850 innocen-

718 5871 846 5938 tiam
882 5871 1054 5944 tuatn,
1087 5877 1176 5929 ubi
1209 5890 1368 5928 nemo
1393 5872 1650 5942 opprimit
1687 5886 1900 5924 causam
1931 5878 2098 5922 tuam.
2127 5871 2267 5923 Prac-

2367 4709 2617 4776 αἰφνιδίῳ
2655 4707 2807 4776 μόρῳ
2843 4707 3134 4774 ἠφάνιστο,
3171 4704 3307 4773 μηδέ
3338 4704 3398 4755 τὸ
3440 4704 3612 4773 ἥμισυ
3641 4703 3739 4772 τῆς
3767 4703 3934 4771 δωρο-

2363 4802 2546 4863 δοκίας
2585 4799 2833 4869 δυνηθεὶς
2869 4796 3250 4868 ἐρανίσασθαι.
3291 4796 3360 4849 Οῖ
3395 4812 3458 4862 γε
3513 4795 3619 4864 μὴν
3650 4795 3932 4847 δανεισταὶ

2363 4897 2474 4956 τοῖς
2508 4894 2716 4945 ἐκείνου
2769 4891 3125 4960 κληρονόμοις
3183 4888 3483 4948 ἐπέκειντο,
3516 4888 3576 4938 τὸ
3627 4887 3786 4956 τῆτες
3821 4890 3934 4938 εἰσι

2368 4987 2737 5055 πραττόμενοι
2785 4983 3023 5036 δάνειον.
3089 4982 3152 5033 οι
3195 4979 3240 5032 δ’
3291 4980 3548 5032 ἀποτῖσαι
3583 4978 3657 5048 μὴ
3696 4979 3931 5047 ἔχοντες,

2367 5167 2573 5220 valebit
2607 5166 2659 5216 in
2691 5172 2743 5216 te
2771 5163 2964 5215 falsum
3001 5159 3402 5218 testimonium,
3443 5155 3534 5208 sed
3566 5155 3709 5221 apud
3751 5155 3932 5208 homi-

2366 5253 2485 5290 nes.
2547 5233 2825 5301 Numquid
2893 5231 3036 5300 apud
3097 5224 3560 5301 Deunrvalebit?
3619 5226 3714 5301 _llbi
3768 5241 3932 5301 causa

2368 5305 2602 5359 dicenda
2636 5293 2740 5357 est.
2780 5293 3010 5366 Quali-do
3052 5301 3193 5352 Deus
3223 5293 3724 5366 ρι’ίιῇυόοιιηειιυδ
3753 5298 3932 5358 testis,

2366 5392 2529 5444 quam
2567 5363 2904 5427 cmiscieutia
2941 5382 3029 5422 tua
3063 5386 3168 5421 non
3206 5367 3334 5444 erit.
3359 5363 3514 5444 later
3546 5363 3755 5441 justum
3786 5365 3932 5432 judi-

2367 5435 2483 5498 cent
2517 5452 2572 5497 et
2595 5444 2989 5496 conseiciitiam
3023 5452 3168 5490 ιιι.ιιιι
3203 5437 3311 5489 noli
3350 5437 3546 5486 timere
3577 5435 3678 5482 uisi
3712 5450 3930 5485 causam

2370 5525 2541 5567 tuam.
2580 5515 2689 5581 (II,
2726 5521 2922 5580 quaest.
2953 5512 3097 5573 3.)—
3129 5508 3267 5572 Quid
3304 5505 3461 5581 obest
3510 5502 3742 5580 homini,
3784 5503 3931 5581 quod

2367 5602 2430 5636 ex
2463 5585 2552 5637 illa
2587 5572 2768 5636 tabula
2801 5582 2914 5632 vult
2943 5572 3068 5632 eum
3107 5582 3289 5630 delere
3314 5576 3564 5627 humana
3601 5572 3929 5639 ignorantia,

2368 5656 2412 5706 si
2445 5657 2508 5706 dc
2547 5655 2687 5706 libro
2717 5651 3020 5702 viventium
3059 5665 3165 5700 non
3211 5646 3388 5700 deleat
3413 5643 3600 5712 iniqua
3639 5647 3925 5697 conscien-

2371 5725 2470 5775 tia?
2500 5727 2680 5790 (Aug,
2717 5724 2868 5784 ibid.)

2442 5787 2515 5862 (ε)
2560 5787 2822 5861 livagrius
2858 5790 3020 5843 habet
3056 5787 3356 5840 l’liravitas.
