4236 6442
303 397 403 462 15Ἲ

1273 406 1875 468 ΕςειΕδιΑδτῐοΑι
1919 411 2312 474 HISTORIA:
2356 415 2504 476 LIB.
2546 418 2707 479 XVI.

3494 423 3596 484 158

300 514 598 567 λισθέντων
629 515 777 584 αὑτῷ
806 515 914 568 τῶν
950 517 1102 570 ἔνδον
1130 519 1207 590 τῷ
1247 521 1345 589 τῆς
1375 522 1580 590 αἰχμῆς
1608 522 1907 593 τραύματι,

2023 525 2251 577 vulnere
2289 525 2433 579 lecto
2455 525 2668 591 afﬁxus,
2711 530 2800 583 ubi
2828 530 3039 585 viscera
3077 531 3198 598 ejus
3251 549 3314 586 ex
3365 535 3598 588 convul-

299 608 367 658 τὸ
427 606 580 675 βιοῦν
649 609 1048 678 καταστρέψαι.

878 819 1129 874 ΚΕΦΑΛ.
1185 819 1314 877 KB’.
1384 893 1387 896 _

299 928 448 1006 Περί
480 930 988 1006 τῆς-τυρανῖιξδος
1022 937 1393 1001 Μαρκιανοῦ.
1437 939 1740 1006 Ἀνθεμίων·
1772 960 1903 993 πίη-

374 1001 624 1081 ὃό-ςτοῐξ
673 1005 743 1053 ἐν
790 1004 977 1081 Ῥώμῃ
1038 1007 1458 1081 κρατήσαντος
1487 1027 1501 1040 ·
1537 1001 1635 1064 καί
1681 1014 1760 1078 ὡς
1790 1016 1894 1081 λη-

375 1074 571 1138 φθείς,
601 1075 901 1142 ἱερωσύνῃ
942 1074 1199 1145 τιμᾶται.

376 1188 533 1241 Μετὰ
564 1189 756 1241 τοῦτον
789 1189 1110 1260 Μαρκιανὸς
1138 1193 1215 1262 τῷ
1244 1197 1456 1265 Ζήνωνι
1488 1198 1846 1252 ἐπανίσταται
1881 1218 1895 1230 ’

292 1280 354 1334 ὃς
382 1283 514 1343 παῖς
545 1282 646 1348 μὲν
680 1277 752 1351 ἦν
799 1282 1117 1351 Ἀνθεμίου,
1176 1288 1270 1339 τοῦ
1308 1291 1365 1340 ὲν
1435 1290 1620 1360 Ῥώμῃ
1673 1294 1735 1343 οὐ
1791 1292 1898 1360 πρὸ

295 1372 504 1424 πολλοῦ
539 1373 999 1442 βεόασιλευκότος
1022 1396 1038 1411 ο
1073 1380 1231 1446 κῆδος
1249 1382 1294 1432 δ’
1324 1374 1426 1432 ἐπὶ⁴
1449 1383 1683 1453 θυγατρὶ⁸
1733 1387 1897 1438 Λεον-

294 1463 394 1532 τία
417 1462 497 1531 τῷ
526 1465 779 1534 πενθερῷ
805 1465 1053 1536 Ζήνωνος
1081 1463 1193 1538 εἷχε
1216 1470 1294 1540 τῷ
1324 1471 1706 1541 βασιλεύσαντι
1738 1477 1898 1529 Λέον-

293 1572 374 1607 τι.
407 1556 720 1626 Πρσσήκειν
747 1559 859 1627 γὰρ
896 1559 1100 1628 μᾶλλον
1139 1562 1321 1631 ἐαυτῷ
1381 1563 1517 1635 ᾤετο
1547 1569 1646 1629 τὴν
1697 1570 1892 1639 ἀρχὴν,

296 1650 404 1717 τὴν
431 1651 711 1717 νεωτέραν
749 1651 862 1704 τῶν
898 1652 1220 1724 θυγατέρων
1255 1657 1487 1720 Λέοντος
1532 1661 1796 1730 γήμαντι,
1827 1663 1894 1735 ήν

295 1744 504 1812 ἐκείνῳ
543 1743 754 1811 Βηρίνα
787 1746 880 1799 ἐπὶ
906 1747 1005 1816 τῆς
1035 1749 1210 1820 ἀρχῆς
1237 1750 1350 1803 ὄντι
1400 1753 1592 1820 ἐγέννα
1619 1771 1632 1786 ·
1664 1755 1763 1826 τὴν
1785 1760 1893 1826 γὰρ

306 1837 603 1905 Ἀριάδνην
661 1840 1001 1909 ἰδιοπραγῶν
1054 1841 1136 1895 ἔτι
1178 1846 1390 1913 προῆγε
1419 1859 1433 1874 ·
1467 1848 1562 1900 καί
1614 1849 1700 1901 διὰ
1735 1850 1894 1903 τοῦτο
1929 1873 1970 1929 Β

290 1932 591 1998 τυραννεῖν
623 1933 906 2001 ἐπειρᾶτο.
968 1935 1222 2004 ’ἰσχυρᾶς
1272 1936 1328 1988 δὲ
1373 1938 1555 2009 μάχης
1607 1943 1903 2012 συρραγεῖ-

297 2041 407 2090 an;
434 2025 564 2092 περὶ
619 2026 688 2078 τὰ
743 2029 1048 2096 ἀνάκτορα,
1096 2029 1259 2097 φόνος
1317 2031 1666 2101 ἑκατέρωθεν
1732 2037 1904 2108 ἐρρύη

294 2116 472 2178 πολύς
510 2133 523 2146 ·
555 2119 585 2187 ἡ
618 2119 742 2187 νίκη
776 2120 821 2170 δ’
856 2123 1006 2188 ὅμως
1030 2122 1122 2175 ἐπὶ
1144 2123 1463 2192 Μαρκιανὸν
1508 2125 1724 2180 ἔσαινεν
1748 2145 1762 2160 ·
1805 2131 1901 2184 καί

291 2229 361 2278 γε
398 2212 465 2263 ἂν
492 2213 602 2264 τῶν
620 2230 672 2264 τε
703 2216 1002 2284 σκήπτρων
1033 2217 1125 2268 καὶ
1147 2218 1254 2269 τῶν
1288 2220 1602 2290 ἀνακτόρων
1633 2223 1692 2273 ὲν
1730 2241 1902 2275 κατο⁹

291 2309 364 2370 χῇ
394 2297 558 2370 ima!
599 2304 674 2372 μὴ
714 2305 951 2376 ἁναόολῇ
986 2309 1266 2378 ἐχρήσατο
1312 2313 1376 2378 τῇ
1417 2312 1692 2381 ὲσαύριον.
1747 2315 1902 2380 Ὀξυ-

294 2396 477 2464 πετὴς
510 2399 619 2464 γὰρ
640 2398 798 2460 ἀετὸς
826 2402 852 2450 ὁ
877 2401 1072 2469 καιρὸς
1106 2444 1119 2466 ,
1158 2403 1251 2454 καὶ
1293 2402 1566 2456 ἁλώσεταί
1617 2424 1756 2471 πως,
1797 2408 1903 2458 τινὶ

297 2493 458 2558 παρὰ
493 2494 659 2554 πόδας
700 2492 796 2544 ἰών
830 2509 843 2523 ’
875 2496 923 2546 εἰ
970 2495 1013 2546 δ’
1065 2498 1390 2566 ἁποδράσοι,
1446 2498 1581 2566 ὑψοῦ
1638 2502 1694 2561 ἐς
1762 2502 1902 2568 ἀέρα

293 2582 486 2650 βαίνει
541 2585 844 2655 μετέωρος,
870 2588 1192 2654 ἐπεγγελῶν
1242 2590 1716 2656 τοὺςδιώκοντας,
1747 2593 1903 2645 οὐδα-

294 2678 379 2746 μῆ
411 2678 599 2741 αὐτοῖς
629 2680 854 2748 ὲφικτὺς
883 2677 1024 2734 εἶναι
1053 2683 1279 2736 ἐθέλων.
1308 2683 1526 2752 Ἀμέλει
1547 2702 1630 2736 τοι
1662 2687 1755 2737 καὶ
1784 2687 1899 2737 ὅσοι

291 2773 362 2840 δή
405 2772 650 2824 πλάσται
700 2775 795 2826 καὶ⁵
825 2778 1064 2844 γραφεῖς
1091 2775 1318 2828 εἰκόνων
1379 2777 1508 2839 εἰσί,
1567 2779 1746 2845 κόμην
1803 2780 1901 2845 μὲν

292 2866 393 2915 ἐπὶ
429 2863 673 2933 μετώπῳ
712 2863 972 2917 καθιᾶσιν
1012 2865 1188 2934 αὐτῷ,
1217 2867 1573 2934 ἀνθρωπίνην
1601 2867 1903 2934 περιπλάτ-

293 2972 486 3018 τοντες
524 2957 773 3027 κεφαλήν
813 2971 826 2985 ·
856 2958 924 3010 τὰ
951 2958 996 3008 δ’
1045 2959 1274 3011 δπισθεν
1310 2961 1440 3028 περὶ
1471 2959 1563 3010 τὸν
1591 2961 1901 3028 ἐγκέφαλον

293 3047 355 3096 ἐν
382 3043 506 3113 χρῷ
545 3045 772 3113 ξυρῶσι,
807 3045 988 3113 σοφῶς
1020 3046 1168 3115 μάλα
1226 3047 1687 3114 ὑπαινιττόμενοι,
1745 3049 1819 3110 ὡς
1853 3048 1906 3100 εἴ

294 3139 349 3207 γ’
376 3140 720 3202 ὀπισθόπους
746 3138 824 3191 ὣν
875 3141 1052 3209 τύχοι,
1082 3141 1161 3209 τῷ
1225 3140 1542 3208 καθειμένῳ
1570 3144 1667 3207 τῆς
1721 3144 1900 3211 κόμης

2013 618 2166 668 sione
2196 627 2250 668 ct
2289 617 2721 674 intlannnatione
2754 635 3264 689 conmiarcuerunt,
3301 625 3453 680 brevi
3514 629 3596 680 vi-

2011 719 2118 761 tam
2147 710 2354 764 amisit.

2567 829 2796 886 CAPUT
2848 829 3018 885 XXII.

2009 938 2086 992 De
2115 941 2377 996 Marciani
2408 945 2707 1013 tyrannide.
2738 945 3021 1002 Anthemii,
3050 944 3139 1007 qni
3165 943 3340 996 "0an
3360 945 3589 998 obtinue-

2078 1023 2161 1063 rat
2191 1015 2488 1080 imperium.
2523 1014 2665 1079 lilii:
2695 1022 2741 1065 et
2775 1025 2828 1065 ut
2871 1017 3006 1066 idem
3040 1015 3348 1066 Marcianus
3373 1031 3582 1082 captus,

2073 1085 2396 1137 sacerdotali
2437 1087 2694 1155 dignitate
2724 1085 2791 1136 sit
2827 1086 3126 1140 decoratus.

2078 1198 2202 1252 Post
2229 1199 2376 1253 hunc
2398 1199 2665 1253 adversus
2700 1200 2980 1253 Zenonem
3017 1200 3218 1253 bellum
3244 1202 3416 1255 movit
3443 1201 3587 1254 Mar-

2002 1290 2212 1356 cianus,
2258 1290 2564 1354 Anthemii,
2598 1293 2692 1361 qui
2727 1308 2834 1345 non
2880 1293 3053 1345 multo
3080 1304 3208 1344 ante
3246 1291 3431 1346 Roma:
3486 1295 3590 1346 im-

2003 1393 2309 1450 peraverat,
2351 1383 2518 1446 (ilius,
2549 1383 2862 1450 Leontiam,
2897 1385 3096 1439 Leonis
3131 1387 3362 1440 Romani
3418 1390 3591 1455 impc-

2003 1477 2199 1527 ratoris
2222 1476 2459 1530 Zenonis
2481 1478 2656 1529 soceri
2685 1477 2872 1542 filiam,
2905 1478 2957 1530 in
2979 1480 3327 1532 matrimonio
3363 1479 3588 1532 habens.

1999 1569 2048 1623 Is
2075 1570 2220 1622 enim
2250 1569 2318 1622 ad
2358 1584 2416 1622 se
2439 1570 2611 1638 magis
2635 1584 2799 1638 quam
2858 1575 2923 1625 ad
2950 1572 3228 1626 Zenonem
3289 1573 3578 1640 imperiunm

1999 1664 2277 1732 pertinere
2327 1662 2591 1731 putabat,
2647 1666 2796 1733 quod
2856 1666 3129 1720 minorem
3193 1675 3324 1718 natu
3377 1665 3577 1718 Leonis

2001 1756 2373 1824 liliam,quam
2411 1757 2490 1809 illi
2525 1757 2727 1811 Verina
2793 1757 3008 1823 imperii
3065 1768 3316 1826 tempore
3365 1759 3574 1826 genuit,

2000 1848 2286 1918 conjugem
2333 1849 2588 1914 haberet,
2638 1850 2936 1904 Ariadnam
2997 1858 3182 1904 autem
3234 1850 3345 1905 Leo
3403 1848 3585 1904 adnue

2007 1943 2253 2010 privatus
2283 1958 2350 1996 ex
2376 1958 2544 1997 uxore
2577 1958 2674 1995 sua
2707 1945 3045 1999 sustulisset.
3097 1942 3230 1998 Eam
3257 1943 3326 1997 ob
3369 1959 3590 1998 causam

2006 2035 2316 2090 Marcianus
2347 2037 2411 2090 ad
2447 2035 2793 2104 tyrannidem
2837 2037 3126 2105 spectavit.
3159 2037 3226 2090 Et
3279 2052 3459 2106 pugna
3514 2037 3580 2088 ad

2007 2129 2292 2197 imperiale
2342 2130 2603 2196 palatium
2659 2129 2977 2191 commissa,
3057 2129 3236 2184 czedes
3326 2131 3590 2198 utrinque

2004 2219 2145 2272 facta
2170 2221 2381 2284 ingens,
2409 2219 2582 2289 688
2609 2229 2664 2273 et
2695 2221 2924 2274 victoria
2956 2220 3216 2274 Marciani
3251 2220 3376 2273 fuit.
3410 2221 3591 2288 Atque

2006 2312 2098 2365 ille
2126 2324 2184 2365 et
2210 2321 2429 2379 sceptro
2456 2317 2664 2381 potitus
2691 2322 2857 2377 esset,
2892 2323 2948 2367 et
3003 2314 3269 2382 palatium
3322 2328 3590 2383 occupas-

2004 2412 2108 2461 set,
2142 2402 2247 2455 nisi
2289 2418 2401 2455 rem
2444 2401 2497 2455 in
2559 2406 2865 2458 Crastinum
2904 2405 3234 2458 distulisset.
3293 2404 3589 2459 Celerrima

2006 2509 2247 2562 namque
2275 2496 2455 2562 aquila
2487 2505 2569 2547 est
2599 2497 2864 2564 temporis
2887 2497 3277 2565 opportunitas
3306 2507 3364 2550 et
3434 2511 3594 2550 occa-

2003 2588 2084 2640 sio
2119 2606 2133 2641 :
2172 2605 2293 2656 qua:
2330 2590 2395 2642 ad
2429 2591 2595 2658 pedes
2636 2589 2920 2647 advolans.
2951 2591 3127 2658 capia
3164 2591 3426 2659 quopiam
3489 2606 3588 2656 po-

2004 2688 2111 2733 test
2146 2697 2159 2732 :
2195 2681 2280 2733 sin
2319 2681 2585 2749 aufugiat,
2622 2683 2676 2734 in
2728 2682 2901 2734 altum
2940 2698 3122 2736 aerem
3157 2684 3410 2736 sublimis
3457 2684 3591 2735 sub-

2002 2773 2130 2837 lata,
2157 2789 2253 2827 eos
2297 2775 2391 2842 qui
2425 2789 2482 2828 se
2525 2783 2935 2843 persequuntur
2967 2776 3132 2840 ridet,
3192 2792 3370 2843 neque
3415 2788 3472 2829 nt
3523 2777 3588 2828 ad

2001 2881 2096 2920 eos
2120 2868 2326 2927 redeat,
2365 2868 2416 2919 in
2450 2867 2696 2920 animum
2757 2868 2988 2922 inducit.
3050 2867 3292 2920 Proinde
3351 2870 3586 2934 quicun-

2016 2972 2123 3025 que
2161 2955 2428 3025 imagines
2459 2957 2544 3010 vel
2573 2959 2826 3026 pingunt,
2859 2959 2944 3011 vel
3005 2958 3234 3026 lingunt,
3298 2958 3588 3014 Oecasiuni

2003 3058 2168 3116 caput
2198 3049 2495 3100 humanum
2525 3051 2855 3112 tribuentes,
2898 3065 3113 3104 comam
3154 3051 3206 3103 in
3268 3051 3445 3102 fronte
3493 3054 3592 3102 de-

2004 3141 2252 3196 mittunt.
2292 3142 2612 3209 occipitium
2649 3153 2831 3195 autem
2884 3142 2948 3195 ad
2991 3143 3166 3210 ipsam
3202 3158 3374 3210 usque
3421 3146 3591 3196 cutim

294 3233 439 3294 ῐσως
463 3231 778 3285 ἁλώσεται·
813 3233 1128 3301 ἔμπροσθεν
1191 3233 1246 3285 δὲ
1284 3232 1363 3285 τὼ
1396 3234 1523 3286 πόδε
1578 3237 1893 3302 γενόμενος,

2010 3234 2252 3294 tondent,
2291 3233 2634 3287 subobscure
2667 3235 2916 3302 quidem,
2969 3237 3066 3288 sed
3094 3236 3375 3302 sapienter
3397 3236 3592 3287 admo-

299 3325 640 3395 κρατεῖσθαι
676 3328 880 3396 ἥκιστα
915 3328 1098 3397 ῥᾴδιος
1134 3330 1484 3380 παντάπασιν
1538 3328 1902 3394 ἀποφεύγων·

298 3419 438 3489 μηδ’
475 3420 600 3473 ὃθεν
625 3421 927 3490 κρατηθείη
989 3422 1247 3491 παρέχων
1303 3422 1475 3490 λαϐὴν
1523 3421 1598 3490 τῷ
1635 3420 1906 3473 διώκοντι.

301 3518 374 3568 ὐ
400 3515 468 3583 δὴ
497 3513 804 3584 τηνικαῦτα
843 3517 1144 3568 συνέπιπτε
1171 3516 1263 3568 καὶ
1299 3515 1631 3585 Μαρκιανῷ,
1661 3516 1751 3566 τὸν
1807 3514 1909 3582 μὲν

296 3609 663 3676 προσήκοντα
715 3608 910 3674 καιρὸν
966 3607 1414 3677 ἀναῦαλλομένῳ,
1456 3607 1548 3658 τοῦ
1603 3605 1791 3657 λοιποῦ
1850 3606 1907 3657 δὲ

299 3701 494 3752 τοῦτον
532 3700 608 3766 μή
639 3699 922 3769 δυνηθέντι
977 3699 1335 3764 πορίσασθαι.
1374 3699 1450 3766 Τῇ
1507 3698 1614 3767 γὰρ
1663 3696 1903 3769 ἐπιούσῃ

298 3789 445 3860 πρὸς
475 3790 586 3840 τῶν
614 3791 832 3842 οἰκείων
865 3791 1320 3857 καταπροδοθεὶς,
1352 3790 1447 3841 καὶ
1479 3791 1639 3858 μόνος
1674 3790 1902 3856 γενόμε-

306 3904 391 3947 νος
424 3884 504 3954 τῷ
533 3885 645 3936 τῶν
703 3886 865 3954 ἱερῶν
912 3886 1232 3938 ἀποστόλων
1288 3884 1503 3951 τεμένει
1559 3882 1741 3956 ἰκέτης
1809 3877 1899 3950 ἦν.

299 3978 472 4030 Ὅθεν
497 3981 636 4046 πρὸς
667 3979 790 4048 βίαν
819 3977 1210 4046 ἀφελκυσθεὶς,
1263 3979 1319 4039 ὲς
1351 3976 1451 4044 τὴν
1502 3973 1900 4028 Καππαδοκῶν

299 4075 723 4143 αποῤῥίπτεται
757 4089 768 4101 ·
805 4072 1005 4140 μικρὸν
1045 4070 1088 4122 δ’
1118 4072 1243 4123 ὅσον
1273 4069 1524 4140 φωρᾶται
1585 4084 1698 4120 τισι
1737 4084 1908 4134 μονα-

301 4163 669 4236 χοῖς,φυγὴν
716 4165 899 4234 ἑαυτῷ
965 4165 1450 4233 μνηστευόμενος’
1509 4158 1766 4214 κακεῖθεν
1829 4162 1910 4220 εἰς

301 4260 529 4330 Ταρσὸν
557 4263 656 4326 τῆς
687 4257 946 4319 Κιλικίας
971 4242 1188 4326 ἀχθεὶς,
1226 4256 1323 4308 καί
1351 4255 1451 4322 τὴν
1483 4253 1664 4323 κόμην
1700 4251 1911 4305 ἀποϐα-

299 4355 440 4416 λὼν,
482 4348 758 4422 ἱερωσύνῃ
788 4349 1041 4417 τιμᾶται.
1081 4349 1146 4398 Ἀ
1180 4348 1244 4417 δὴ
1298 4346 1445 4416 μάλα
1508 4345 1737 4414 κομψῶς
1799 4345 1907 4396 Εὐ-

301 4443 538 4505 στὰθιος
570 4447 597 4496 ό
623 4445 812 4513 ῥήτωρ
840 4442 1146 4511 ἱστόρησεν,
1178 4443 1234 4502 ὃς
1267 4442 1362 4494 καὶ
1394 4439 1521 4493 τάδε
1575 4438 1907 4507 συγγράφει.

2007 3323 2138 3377 dum
2172 3325 2507 3389 indicantes,
2550 3327 2594 3378 si
2624 3342 2685 3378 ea
2722 3342 2750 3378 a
2785 3335 2936 3394 tergo
2989 3327 3200 3379 tardius
3243 3342 3348 3381 nos
3399 3342 3594 3394 sequa-

2007 3426 2119 3481 tur,
2143 3432 2297 3470 coma
2338 3418 2640 3486 prolixiore
2664 3419 2838 3471 teneri
2872 3418 3106 3472 fortasse
3129 3420 3590 3488 comprehensam

2008 3525 2207 3579 posse:
2239 3511 2321 3564 sin
2353 3513 2643 3579 praecedat,
2711 3511 2941 3564 minime
2992 3511 3261 3580 prehendi
3330 3512 3591 3564 facillime

2007 3604 2338 3664 avolantem,
2377 3618 2556 3672 neque
2580 3605 2936 3674 persequenti
2996 3605 3298 3674 quidquam
3349 3620 3460 3673 quo
3509 3614 3590 3658 te-

2009 3704 2209 3749 neatur
2240 3698 2597 3765 przebentem.
2636 3697 2689 3750 Id
2727 3708 2841 3750 tum
2879 3696 3156 3751 Marciano
3188 3697 3412 3751 accidit.
3454 3695 3590 3749 Cum

2009 3805 2246 3858 namque
2275 3799 2490 3858 tempus
2522 3800 2900 3858 opportunum
2955 3791 3306 3858 neglexisset,
3344 3789 3589 3844 nancisci

2010 3883 2064 3937 id
2099 3883 2302 3937 deinde
2329 3883 2762 3951 haudquaquam
2828 3883 3033 3952 potuit.
3107 3882 3390 3936 Postridie
3442 3882 3589 3936 enim

2008 3975 2115 4030 diei
2153 3977 2276 4043 ejus
2299 3992 2328 4028 a
2361 3976 2475 4029 suis
2494 3975 2772 4039 desertus,
2799 3976 2949 4029 solus
2974 3974 3040 4027 ad
3093 3989 3376 4028 sacrorum
3446 3976 3588 4040 Apu-

2010 4069 2277 4123 stolorum
2331 4068 2593 4137 templum
2651 4068 2882 4136 supplex
2919 4066 3208 4135 confugit:
3270 4064 3415 4121 unde
3496 4081 3595 4133 per

2010 4163 2120 4216 vim
2161 4172 2460 4222 extractus,
2492 4161 2798 4215 Caesaream
2830 4159 3216 4229 Cappadocum
3250 4159 3452 4212 missus
3485 4168 3597 4221 est,

2011 4263 2068 4310 et
2098 4256 2264 4325 paqu
2300 4264 2424 4324 post
2459 4256 2601 4308 inter
2637 4253 2941 4308 monachos
2981 4251 3250 4321 quosdam
3291 4251 3513 4304 latitare
3535 4261 3598 4302 et

2013 4347 2196 4414 fugam
2224 4345 2478 4398 meditari
2514 4344 2916 4418 deprehensus,
2947 4341 3179 4395 Tarsum
3218 4341 3346 4394 inde
3383 4338 3596 4394 Ciliciae

2013 4437 2284 4492 abductus
2313 4447 2416 4499 est,
2444 4435 2536 4488 ubi
2567 4437 2747 4504 capite
2809 4447 2939 4487 raso
2973 4432 3267 4486 sacerdotii
3320 4429 3595 4498 dignitate

301 4551 384 4594 est
418 4539 838 4593 cohonestatns.
871 4535 1048 4599 Quam
1076 4551 1192 4590 rem
1218 4534 1547 4590 Eustathius
1573 4531 1744 4605 Syrus
1809 4532 2021 4596 rhetor,
2093 4529 2188 4598 qui
2253 4529 2368 4582 haec
2396 4527 2747 4596 conscripsit,
2767 4541 2898 4580 sane
2924 4539 3086 4594 quam
3151 4522 3435 4593 eleganter
3483 4534 3612 4576 mc-

301 4637 500 4692 moria:
555 4631 824 4702 prodidit.

905 4749 1160 4804 ΚΕΦΑΛ.
1187 4744 1317 4804 ΚΓ.

305 4867 451 4937 Περὶ
485 4863 854 4937 τυραννζδος
886 4864 1101 4937 Ἰλλου
1123 4863 1224 4937 καί
1254 4862 1592 4937 ,Λεοντίογσ
1650 4859 1750 4926 καὶ
1781 4862 1914 4930 περὶ

683 4936 803 4989 τῶν
830 4934 1178 5002 κτισμάτων
1208 4934 1559 5002 Ἀμμιανοῦ.

388 5057 485 5119 Ὦς
539 5055 734 5124 Ζήνων
787 5053 856 5121 τῇ
911 5051 1018 5121 ἰδία
1071 5049 1316 5120 πενθερᾷ
1377 5049 1583 5119 Βηρίνῃ
1627 5046 1919 5108 ὲπιὸουλὰς

308 5149 622 5222 συρρἀειε
654 5145 939 5206 πλείστας,
970 5144 1123 5206 τέλος
1142 5141 1199 5196 δὲ
1222 5145 1317 5196 καὶ
1357 5143 1500 5213 πρὸς
1530 5142 1628 5211 τὴν
1674 5140 1918 5192 Κιλίκων

307 5247 489 5301 ἐποίει
521 5242 802 5312 ἐξόριστον
837 5255 852 5270 ⁸
882 5236 1109 5308 ὕστερον
1135 5236 1191 5289 δὲ
1217 5238 1315 5290 καὶ
1360 5236 1499 5303 πρὸς
1528 5235 1590 5286 τὸ
1631 5235 1920 5302 Παπυρίου

308 5337 580 5406 γενέσθαι
601 5330 915 5401 φρούριονο
972 5327 1214 5397 ὁπηνίκα
1278 5324 1476 5389 Ὶλλοῦς
1529 5324 1624 5378 καί¹
1669 5325 1924 5386 Λεόντιος

308 5430 724 5500 ὲτυρὰνκθησαν,
750 5422 1124 5492 περιθεμένης
1157 5419 1388 5481 ἐκείνοις
1415 5450 1419 5454 -
1443 5419 1512 5471 τὰ
1562 5416 1662 5485 τῆς
1696 5417 1874 5486 ἀρχῆς
1907 5431 1921 5447 ⁸

308 5524 443 5575 ἔνθα
466 5521 534 5588 δὴ
562 5519 661 5570 καὶ
688 5517 780 5568 τὸν
833 5515 949 5584 βίον
984 5512 1185 5582 συνέϐη
1223 5511 1429 5578 ταύτην
1457 5505 1772 5562 ἀπολιπεῖν.
1807 5507 1920 5559 Λα-

307 5617 467 5689 μυρᾷ
497 5613 560 5665 δὲ
589 5609 813 5681 γλώττῃ
840 5609 935 5660 καὶ
969 5605 1036 5659 τὰ
1069 5605 1213 5659 κατὰ
1257 5604 1456 5657 Ἰλλοῠν
1508 5603 1714 5671 Inops?
1741 5602 1768 5651 ὁ
1817 5600 1919 5652 Εὑ-

308 5707 546 5768 σταθιος
584 5719 599 5734 ·
633 5703 785 5764 ὅπως
819 5714 878 5753 τε
904 5699 1006 5769 τήν
1059 5697 1358 5766 ἐπιϐουλὴν
1402 5696 1650 5764 Ζήνωνος
1710 5694 1916 5762 διέδρα,

307 5802 415 5855 καὶ
433 5799 514 5860 ὡς
547 5798 645 5849 τὸν
667 5792 1001 5862 πεμφθέντα
1023 5791 1187 5842 αὑτὸν
1210 5788 1450 5851 ἀνελεῖν,
1489 5789 1675 5855 Ζήνων
1720 5785 1921 5854 μᾶλλον

303 5893 500 5948 ἀνεῖλε
541 5909 555 5924 ο
612 5887 810 5954 ποινὴν
861 5885 962 5955 τῆς
1044 5883 1327 5949 ἀστοχίας,
1392 5881 1489 5948 τὴν
1535 5881 1634 5946 τῆς
1679 5877 1922 5944 κεφαλῆς

1946 4749 1993 4803 D

2573 4732 2798 4789 CAPUT
2863 4729 3056 4785 XXIII.

2018 4857 2094 4911 De
2141 4854 2238 4910 Illi
2275 4862 2323 4906 et
2363 4851 2571 4908 Leontii
2610 4850 2917 4922 tyrannide,
2951 4857 3000 4922 et
3024 4848 3087 4922 de
3112 4845 3394 4900 structuris
3443 4851 3617 4913 atque-

2536 4920 2773 4975 (adiﬁciis
2800 4920 3090 4972 Ammiant‘.

2090 5045 2237 5098 Idem
2268 5040 2588 5096 Eustathius
2625 5050 2854 5107 quoque
2889 5033 3082 5094 refert,
3107 5031 3385 5085 Zertonem
3411 5031 3600 5084 socrui

2023 5135 2242 5191 Verinze
2293 5134 2445 5187 varie
2497 5130 2728 5184 insidias
2783 5127 3104 5182 tetendisse.
3145 5134 3201 5178 et
3261 5136 3604 5192 postremum

2020 5241 2141 5281 eam
2184 5225 2414 5279 Tarsum
2450 5225 2504 5276 in
2555 5221 2809 5275 Ciliciam
2859 5218 3172 5286 relegasse:
3232 5229 3354 5283 qua:
3417 5222 3608 5280 postea

2023 5334 2150 5376 cum
2182 5319 2235 5372 in
2269 5316 2486 5386 Papyrii
2511 5313 2736 5368 castello
2763 5318 2930 5375 esset,
2965 5324 3076 5379 quo
3102 5318 3350 5377 tempore
3376 5307 3507 5360 llIus
3549 5314 3606 5358 et

2025 5410 2311 5474 Leontius,
2345 5407 2548 5476 quibus
2574 5405 2693 5474 ipsa
2727 5401 2946 5469 imperii
2973 5397 3211 5467 insignia
3265 5396 3604 5455 contulerat,

2028 5499 2372 5570 tyrannidem
2405 5501 2800 5558 exercuerunt,
2836 5491 3004 5545 vitam
3054 5488 3127 5543 ibi
3172 5486 3368 5540 finivit.
3423 5483 3611 5539 Histo-

2026 5594 2162 5646 riam
2186 5591 2268 5645 lIli
2301 5587 2623 5642 Eustathius
2688 5598 2910 5654 quoque
2941 5581 3082 5652 stylo
3137 5591 3285 5633 terso
3320 5577 3609 5647 prosequi-

2031 5697 2121 5740 tur
2154 5702 2168 5738 :
2204 5679 2669 5752 quemadmodum
2703 5675 2962 5729 videlicet
2993 5674 3037 5726 is
3090 5670 3329 5726 Zenonis
3377 5669 3612 5723 insidias

2028 5776 2307 5846 eﬂ'ngcrit,
2341 5783 2397 5828 et
2427 5773 2574 5826 Zeno
2590 5785 2719 5825 eum
2748 5769 2841 5837 qui
2867 5766 2933 5818 ad
2966 5766 3123 5819 Illum
3147 5761 3454 5818 necandum
3484 5775 3611 5828 per-

2031 5888 2224 5928 cussor
2251 5868 2558 5924 submissus
2595 5864 2799 5930 fuerat,
2832 5859 3074 5931 iugulari
3107 5854 3440 5927 praeceperit
3469 5869 3484 5906 :
3515 5868 3604 5907 ca-
