4236 6442
657 429 758 495 159

1868 428 2299 495 NlCEPHORl
2342 434 2685 494 CALUSTI

3798 435 3914 497 ’160

654 548 790 616 pitis
824 544 1156 613 supplicium
1183 559 1284 613 pro
1306 559 1373 597 eo
1435 543 1582 611 quod
1640 540 1721 595 Illi
1784 542 1960 595 caules
2016 542 2065 595 ei
2122 558 2229 593 non
2266 549 2305 600 Α

2266 549 2305 600 Α
2338 548 2627 618 ἀφαίρεσιν
2657 547 2965 616 ὑποσχόντα
2998 563 3013 578 ⁸
3050 548 3106 596 ὲν
3162 547 3454 618 ἐπιτηδείῳ
3512 546 3565 597 δὲ
3623 546 3915 599 λανθάνειν

658 639 1043 700 successisset,
1068 637 1238 690 veluti
1273 636 1499 690 multam
1526 642 1921 702 repet-tantem.
1957 634 2230 686 Zenonem

657 731 857 785 deinde
890 749 999 785 rem
1031 748 1149 785 eam
1175 731 1428 784 consulto
1460 744 1709 799 premere
1739 731 2037 786 volentem,
2075 728 2231 779 Illum

660 822 1029 876 Orientalibus
1050 822 1226 890 copiis
1256 821 1567 891 prgefecisse
1593 836 1607 873 :
1638 821 1792 873 Illum
1821 832 2032 882 autem,
2058 819 2233 871 Leon-

663 913 738 967 tio
764 924 816 965 et
841 912 1139 981 Pamprepe
1167 914 1218 966 in
1245 913 1558 966 societatem
1585 913 1800 971 ascitis,
1855 911 2026 980 689
2053 921 2236 979 tyran-

662 1000 923 1053 nidcmin
954 1001 1143 1055 Cilicia
1197 1001 1340 1068 apud
1402 1000 1630 1055 Tarsum
1659 1001 1980 1067 arripuisse.
2035 1000 2237 1053 Atiith

664 1093 983 1146 Eustathius
1020 1094 1159 1145 idem
1189 1093 1362 1153 addit,
1397 1094 1534 1146 nihil
1568 1094 1676 1145 illis
1708 1092 2052 1158 tyrannidem
2112 1106 2237 1159 pro-

666 1185 853 1244 fuisse.
885 1201 951 1239 eo
985 1185 1130 1253 quod
1158 1184 1578 1238 Tlteudcricbus
1609 1183 1845 1238 Gotlhus
1874 1200 1996 1235 cum
2049 1184 2239 1251 iugi-n-

669 1278 816 1331 tibus
840 1261 1275 1346 provincialibus
1301 1278 1459 1332 simul
1493 1288 1548 1329 et
1576 1279 1821 1331 externis
1843 1278 2016 1344 copiis
2042 1277 2239 1330 adver-

669 1385 764 1421 sus
799 1384 893 1421 eos
925 1385 952 1421 a
985 1369 1203 1423 Zenone
1252 1371 1449 1423 missus
1501 1371 1589 1431 sit.
1645 1372 1803 1440 cujus
1863 1370 2025 1423 etiam
2081 1370 2237 1439 jussu

673 1462 1045 1514 miserandum
1101 1468 1153 1514 in
1187 1463 1409 1515 modum
1439 1464 1552 1517 siut
1586 1464 1775 1524 occisi,
1811 1464 2140 1531 condignam
2174 1464 2241 1516 ab

673 1570 760 1609 eo.
786 1553 929 1619 qumi
969 1554 1117 1606 illum
1162 1556 1211 1607 in
1248 1556 1541 1621 imperium
1578 1554 1972 1618 restituisseut,
2005 1554 2235 1621 gratiam

676 1644 934 1698 ferentes.
969 1646 1134 1698 Addit
1173 1647 1361 1701 rhetor
1391 1647 1530 1699 idem
1567 1645 1699 1698 illud
1731 1661 1953 1713 quoque
1989 1644 2244 1699 Theude-

677 1737 911 1797 ricinum,
940 1754 1099 1804 quem
1128 1737 1271 1789 Zeno
1299 1738 1579 1789 consulem
1639 1747 1693 1789 et
1756 1736 2006 1790 Thracia:
2050 1737 2244 1790 ducem

678 1831 1106 1890 renuntiaverat,
1150 1831 1237 1883 ubi
1272 1830 1501 1883 insidias
1528 1830 1633 1883 sibi
1681 1832 1749 1882 ab
1780 1846 1847 1883 eo
1880 1831 2017 1883 strui
2051 1830 2245 1893 sensit,

2335 642 2699 710 πειρώμενος,
2732 641 2841 691 τῶν
2891 640 3074 709 Ἰςῴων
3098 640 3413 707 ἐξηγεῖσθαι
3448 640 3728 707 δυνάμεων
3761 641 3914 692 ἔτατ-

2334 751 2394 786 τε
2426 734 2515 786 τὸν
2554 732 2771 785 Ἰλλοῦν.
2834 732 3072 794 Ἐκεῖνος
3099 732 3154 784 δὲ
3207 732 3447 800 Λεοντίῳ
3497 730 3777 799 φιλιωθεὶς
3819 733 3915 785 σὺν

2336 823 2715 893 Παμπρεπίῳ,
2748 824 3036 891 τυραννεῖν
3068 823 3331 875 ἐπέϐαλον
3364 823 3492 890 περὶ
3552 823 3764 891 Ταρσὸν
3814 827 3911 889 τῆς

2337 917 2611 977 Κιλικίας.
2657 915 2779 969 Ἐπὶ
2809 915 2873 986 δὴ
2908 916 3144 978 τούτοις,
3190 915 3266 976 ώς
3302 914 3469 980 μηδὲν
3500 913 3601 982 τῆς
3660 915 3915 983 τυραννί-

2337 1010 2426 1073 δος
2476 1008 2752 1077 ὀνάμενοι,
2808 1007 3134 1076 Θευδερίχου
3190 1004 3282 1057 τοῦ
3329 1004 3526 1057 Γότθου
3573 1006 3695 1058 κατ’
3736 1006 3915 1057 αλᾷτῶν

2341 1102 2559 1171 στρατῷ
2584 1102 2906 1160 ἐπελθόντος
2942 1099 3182 1167 μεγάλῳ,
3224 1098 3321 1149 σὺν
3360 1095 3604 1163 ἡμεδαπῇ
3673 1095 3764 1146 καὶ
3821 1096 3918 1146 ά)-

2340 1195 2546 1263 λοδαπῇ
2574 1194 2801 1259 δυνάμει
2829 1190 3078 1251 δειλαίως
3124 1186 3427 1259 ἀνῄρηνται
3461 1204 3474 1218 ·
3536 1186 3693 1249 ἀξίαν
3756 1190 3917 1253 ἀμοι-

2342 1284 2541 1357 ϐὴνοῖς
2569 1286 2763 1352 ἐκείνῳ
2808 1284 3030 1354 τὴν-τῆς
3086 1283 3371 1351 βασιλείας
3426 1281 3687 1332 ἐπάνοδον
3739 1279 3922 1346 ἐχαρίο

2345 1398 2509 1433 σαντο
2540 1380 2863 1449 εὑρηκότες.
2914 1377 3026 1429 Καὶ
3054 1375 3215 1429 τοῦτο
3270 1375 3328 1427 δὲ
3382 1375 3459 1443 τῷ
3524 1375 3920 1442 συγγράμματι

2346 1474 2639 1541 καταλέγει
2699 1470 3039 1531 Εὐστάθιοςο
3100 1471 3175 1530 ώς
3232 1468 3552 1535 Θευδέριχος
3600 1467 3921 1531 αἰσθόμενος

2343 1568 2440 1637 τῆς
2464 1566 2584 1620 κατ’
2618 1565 2825 1619 ἐκείνου
2862 1562 3074 1634 βουλῆς,
3105 1560 3163 1613 ὃν
3215 1559 3423 1612 ὕπατον
3475 1560 3778 1628 ἀνηγόρευε
3828 1560 3923 1609 καὶ

2348 1660 2658 1729 στρατηγὸν
2713 1658 2961 1727 Θρᾴκης,
2996 1657 3087 1707 ἐπὶ
3140 1654 3240 1723 τὴν
3286 1653 3646 1722 ἀρχαιοτέραν
3704 1650 3924 1717 Ῥώμην

2349 1755 2543 1825 ἐχώρει
2578 1770 2591 1784 ’
2640 1752 2734 1806 καὶ
2771 1751 3059 1817 Ὀδόακρον
3121 1748 3265 1816 μάχῃ
3307 1747 3609 1815 κρατήσας,
3656 1744 3924 1811 τήϐενναν

2351 1848 2659 1919 περιέθετο,
2684 1846 2780 1898 καὶ
2807 1845 2953 1914 ρἧα
2992 1840 3187 1895 ἑαυτὸν
3212 1840 3422 1892 ἀνεῖπε.
3478 1836 3657 1890 Πολλὰ
3708 1836 3764 1887 δὲ
3828 1836 3925 1886 καὶ

678 1920 943 1972 adversus
980 1933 1217 1973 veterem
1253 1922 1479 1974 Romam
1506 1921 2073 1983 exercitumdusisse,
2099 1920 2243 1973 Odo-
2276 1938 2316 1990 Β
2345 1963 2351 1976 .

2276 1938 2454 1995 Βτῶν
2508 1938 2813 2009 Ἐσπερίων
2867 1933 3035 1986 ἐθνῶν
3110 1931 3314 2001 ἀμαχεὶ
3396 1927 3729 1998 ἐχειρώσατο
3762 1942 3779 1959 ο
3831 1925 3925 1977 καὶ

680 2025 865 2062 aerum
900 2011 1043 2064 bello
1079 2012 1295 2072 vicisse,
1325 2022 1379 2063 et
1410 2012 1555 2077 regia
1588 2020 1736 2063 veste
1786 2024 2024 2078 sumpta,
2062 2024 2244 2077 regem

680 2116 738 2151 se
772 2101 1017 2154 dixisse:
1065 2102 1265 2155 multas
1316 2112 1579 2171 praeterea
1623 2101 2007 2156 Occidentales
2060 2113 2251 2169 gentes

683 2197 886 2265 absqne
912 2198 1117 2265 ιιι-ωηο,
1144 2199 1274 2254 item
1314 2198 1606 2259 Vandalus,
1642 2212 1891 2265 magnam
1926 2195 2114 2249 urbem
2145 2194 2251 2247 Ro-

685 2304 849 2354 mam,
902 2300 958 2343 et
1002 2293 1106 2357 (ut
1159 2290 1327 2344 semel
1382 2288 1615 2356 dicam)
1664 2288 1984 2357 Hesperiam
2039 2286 2251 2354 plagam

686 2396 903 2433 omnem
931 2381 1162 2449 cepisse,
1204 2392 1369 2450 atque
1393 2382 1588 2434 ditioni
1621 2394 1733 2433 sum
1752 2378 2076 2447 subjecisse.
2110 2376 2253 2431 Sunt

685 2474 776 2540 qui
809 2475 1018 2539 dicunt,
1051 2474 1290 2529 Zenonis
1317 2475 1663 2543 suggestione
1704 2487 1765 2525 ea
1801 2470 2251 2524 Thendcrichum

688 2565 885 2632 egisse.
921 2567 1122 2619 Eodem
1159 2577 1401 2633 tempore
1435 2576 1485 2618 et
1545 2564 1925 2624 Mammianus,
1960 2562 2041 2613 vir
2075 2558 2254 2614 curuli

688 2658 895 2709 honore
920 2661 1120 2718 clarus,
1150 2669 1203 2711 et
1226 2674 1291 2710 ex
1326 2660 1522 2710 ordine
1558 2656 1835 2710 senatorio
1896 2655 1949 2706 in
2005 2653 2255 2721 Daphne,

689 2750 783 2817 qui
818 2749 1170 2802 suburbanus
1221 2749 1526 2801 Antiochia:
1583 2748 1737 2799 vicus
1779 2744 1904 2808 fuit,
1965 2742 2256 2796 aedilicium

692 2841 1020 2899 construxit,
1062 2840 1203 2906 quod
1259 2840 1327 2891 ab
1379 2839 1487 2891 illis
1542 2838 1851 2889 Antiiorum
1900 2833 2106 2887 dictum
2150 2840 2256 2886 est.

692 2929 838 2981 intra
876 2930 1066 2981 urbem
1099 2940 1279 2982 autem
1313 2928 1623 2997 imperiales
1677 2927 1811 2979 duas
1845 2925 2089 2991 porticus
2144 2936 2261 2973 tua-

696 3018 889 3087 gniﬁce
939 3019 1254 3081 admodum,
1322 3018 1501 3087 magni
1563 3017 1725 3085 pretii
1782 3024 1836 3067 et
1888 3014 2021 3065 varii
2052 3010 2259 3065 odoris

698 3112 971 3178 lapidibus
1024 3123 1313 3165 exornatas
1340 3111 1588 3164 condidit
1627 3129 1640 3164 :
1695 3111 1837 3162 inter
1869 3122 2004 3174 quas
2070 3104 2259 3157 Tetra-

697 3207 877 3273 pylum
937 3205 1179 3256 medium
1226 3204 1538 3272 ingentLbus
1570 3201 1841 3255 columnis
1877 3209 1932 3250 et
1988 3210 2095 3248 ενι-ο
2129 3208 2261 3246 con-

696 3304 941 3368 spiequn
994 3301 1202 3360 slalttil,
1244 3300 1360 3351 solo
1400 3298 1577 3366 lapide
1617 3296 1954 3350 Pruconcsio
2007 3298 2259 3345 constra-

696 3402 767 3445 tu.
793 3392 911 3444 {huc
931 3393 995 3443 de
1020 3390 1104 3444 his
1133 3391 1412 3443 hactenus.

1206 3487 1430 3542 CAPUT
1472 3485 1660 3541 XXIV.

770 3580 842 3632 De
866 3580 1007 3632 obitu
1036 3578 1284 3639 Zenonis,
1318 3587 1367 3629 et
1406 3576 1656 3631 electione
1686 3577 1959 3631 Anastasii
1991 3573 2190 3629 Dicori.

767 3764 917 3818 Zeno
952 3764 1025 3832 (ἃ)
1072 3762 1231 3816 ﬁnem
1264 3762 1389 3815 vita:
1421 3762 1525 3816 sibi
1559 3761 2008 3831 appropinquare
2048 3759 2264 3822 videns,

696 3874 763 3909 ex
806 3858 873 3909 :is
905 3855 995 3923 qui
1036 3854 1220 3908 futura
1258 3854 1556 3922 praedicere
1586 3853 1995 3917 existimantur,
2024 3851 2266 3904 Mauria-

703 3967 828 4002 num
857 3948 1147 4017 quemdam
1174 3948 1420 4007 nomine,
1452 3947 1705 4015 quisnam
1739 3953 1861 4015 post
1884 3961 2007 3999 cum
2037 3944 2267 4011 (liberos

700 4039 846 4091 enim
885 4054 949 4091 ex
987 4038 1187 4090 lmnbis
1222 4037 1335 4089 suis
1376 4048 1693 4105 procreatos
1731 4052 1841 4089 non
1880 4034 2135 4103 habebat)
2166 4034 2269 4088 im-

705 4139 998 4195 peraturus
1036 4136 1203 4191 esset,
1239 4127 1542 4181 consuluit.
1590 4126 1692 4192 Qui
1734 4127 2081 4196 respondisse
2130 4125 2270 4179 dici-

706 4228 818 4277 tur,
871 4232 935 4270 ex
972 4215 1299 4270 Silentiariis
1331 4218 1569 4287 aliquem
1605 4232 1715 4271 non
1755 4216 2045 4285 imperium
2081 4216 2266 4279 modo,

698 4312 790 4362 sed
839 4317 895 4362 et
945 4323 1169 4362 uxorem
1221 4309 1341 4379 ejus
1394 4318 1744 4378 recepturum
1783 4324 1926 4363 esse.
1969 4310 2114 4362 Zeno
2164 4324 2269 4363 au-

702 4412 846 4465 tem,
894 4401 1040 4470 quod
1102 4400 1378 4471 Pelagium
1434 4401 1709 4472 designari
1766 4402 2030 4471 putabat,
2083 4401 2264 4454 virum

700 4494 1022 4562 praeclarum
1069 4502 1127 4547 et
1169 4494 1494 4561 sapientem,
1534 4495 1683 4548 ferro
1715 4510 1841 4550 eum
1890 4494 2022 4548 caedi
2063 4494 2264 4564 jussit,

698 4595 863 4651 atque
899 4585 1123 4652 insuper
1157 4584 1297 4639 alios
1322 4586 1491 4638 etiam
1524 4585 1662 4638 nihil
1694 4586 2050 4638 commeritos
2082 4584 2265 4638 necari

700 4676 935 4730 curavit.
971 4674 1037 4729 Et
1076 4677 1267 4731 morbo
1305 4676 1568 4730 comitiali
1608 4687 1923 4747 correptus,
1958 4678 2102 4745 quod
2153 4676 2264 4729 vim

700 4768 819 4835 ejus
848 4781 957 4818 non
992 4766 1176 4830 ferret,
1206 4768 1444 4821 animam
1476 4770 1610 4837 egit,
1642 4770 1841 4839 Pelagii
1868 4770 2032 4839 690
2063 4784 2261 4823 nomen

704 4857 759 4908 in
805 4873 897 4910 ore
943 4857 1171 4911 habens.
1215 4858 1407 4911 Fertur
1451 4860 1637 4923 etiam,
1676 4861 1823 4929 quod
1862 4876 1987 4912 eum
2027 4860 2266 4914 Ariadna

704 4950 901 5016 cuiijnx
954 4949 1182 5009 odisset,
1224 4963 1348 5001 eum
1397 4949 1674 5017 epilepsite
1726 4950 2010 5005 doloribus
2062 4951 2269 5005 disten-

705 5040 950 5099 deretur,
1005 5050 1060 5092 et
1115 5040 1355 5108 speciem
1415 5042 1660 5094 defuncti
1722 5042 2025 5111 prteberet,
2086 5045 2269 5097 vivum

705 5132 887 5183 adhuc
933 5132 999 5182 ab
1046 5132 1135 5183 illa
1185 5132 1439 5199 sepulcro
1488 5133 1757 5187 inclusum
1801 5149 1945 5188 esse.
1990 5135 2095 5189 Alii
2141 5152 2274 5191 vero

706 5222 948 5285 tradunt,
983 5237 1107 5275 cum
1142 5239 1204 5276 ex
1232 5224 1505 5279 ebrietate
1539 5240 1758 5280 sensum
1802 5242 2020 5280 omnem
2053 5229 2270 5283 amisis-

707 5329 811 5379 set,
840 5319 893 5371 in
928 5320 1197 5372 tumulum
1234 5322 1545 5386 conjectum
1577 5336 1701 5375 esse
1740 5340 1753 5375 :
1790 5329 1846 5374 et
1879 5332 2167 5389 postquam
2204 5322 2272 5375 ad

707 5412 948 5480 scipsum
991 5429 1088 5481 per
1132 5413 1488 5467 sobrietatem
1539 5413 1796 5467 rediisset
1831 5413 1884 5467 in
1918 5415 2036 5484 ipso
2079 5429 2277 5467 monu-

710 5514 897 5558 mento
921 5507 1279 5573 exclamasse,
1312 5506 1477 5559 vitam
1517 5520 1577 5560 se
1609 5506 1805 5569 solam,
1840 5522 1947 5559 non
1978 5507 2143 5560 etiam
2175 5508 2278 5560 im-

783 5638 860 5706 (Ι)
924 5638 1145 5693 Zenone
1216 5640 1467 5707 principe
1532 5638 1845 5692 incendium
1913 5640 2278 5694 srevissimum

708 5708 831 5771 fuit,
884 5709 938 5761 in
973 5725 1082 5775 quo
1122 5720 1317 5777 pra-ter
1367 5711 1656 5762 maximam
1694 5711 1847 5761 urbis
1886 5720 2094 5777 partem
2141 5726 2276 5763 con-

708 5778 1017 5847 ﬂagratam,
1040 5792 1260 5831 centum
1281 5793 1336 5832 et
1366 5780 1551 5847 viginti
1577 5779 1744 5829 millia
1770 5780 2037 5830 librorum
2067 5780 2281 5847 disper-

711 5846 846 5900 icre.
885 5848 951 5902 lit
983 5850 1038 5901 in
1085 5850 1171 5902 his
1212 5857 1268 5901 et
1316 5846 1534 5903 Homeri
1588 5864 1781 5917 poema
1831 5849 2098 5904 intestino
2148 5852 2279 5904 dra-

2285 3479 2332 3537 C

2352 2031 2710 2098 Οὑανδήλους,
2754 2025 2972 2093 Ῥώμην
3000 2040 3060 2075 τε
3083 2022 3150 2074 αὖ
3185 2020 3283 2090 τὴν
3308 2019 3547 2089 μεγάλην
3596 2019 3711 2080 καὶ,
3741 2017 3927 2075 ἁπλῶς

2351 2127 2545 2182 εἰπεῖν,
2564 2124 2741 2173 πᾶσαν
2760 2119 2860 2187 τὴν
2881 2116 3137 2181 ὲσπερίαν
3163 2111 3316 2181 λῆξιν
3348 2110 3437 2179 ὑφ’
3462 2108 3649 2161 ἑαυτὸν
3670 2108 3925 2174 ἐποιήσα-

2352 2236 2417 2269 το
2453 2233 2469 2247 ·
2503 2216 2611 2267 εἰσὶ
2642 2214 2697 2265 δὲ
2726 2212 2778 2263 οἵ
2804 2226 2971 2278 φασιν
2992 2207 3297 2275 ὑποθήκαις
3333 2204 3581 2270 Ζήνωνος
3609 2198 3786 2251 ταῦτα
3836 2198 3928 2249 τὸν

2354 2310 2675 2375 Θευδέριχον
2704 2300 3187 2370 καταπράξασθαι.
3219 2292 3529 2364 Τηνικαῦτα
3560 2294 3617 2345 δὲ
3646 2293 3739 2343 καὶ
3768 2291 3928 2355 Μαμ-

2359 2401 2571 2471 μιανδς,
2599 2398 2740 2466 ἀνὴρ
2770 2395 2830 2458 ἐξ
2856 2390 3178 2460 ὲπιδιφρίων
3207 2388 3478 2456 ἐπίσημος
3501 2386 3598 2437 καὶ
3620 2382 3925 2449 συγκλήτου

2360 2495 2557 2565 βουλῆς
2595 2488 2901 2563 μετασχὼν,
2942 2486 3084 2539 κατὰ
3132 2484 3348 2551 Δάφνην
3389 2480 3449 2532 τὸ
3494 2478 3593 2543 τῆς
3656 2475 3928 2541 Ἀντιόχου

2360 2587 2692 2654 προάστειον
2712 2584 2772 2635 τὸ
2816 2580 2947 2651 παρ’
2972 2580 3203 2640 ἐκείνοις
3238 2576 3454 2641 ἐγεῖραι
3481 2571 3770 2638 ἀντίφορον
3797 2584 3811 2597 °
3839 2570 3934 2619 καὶ

2359 2676 2454 2729 δύο
2482 2675 2539 2727 δὲ
2592 2670 2899 2741 βασιλείους
2954 2665 3119 2727 στοὰς
3177 2664 3322 2716 ἔνδον
3374 2661 3586 2730 στῆσαι,
3639 2656 3933 2725 εὐπρεπεῖς

2361 2770 2590 2834 ὲσάγαν,
2628 2763 2789 2815 λίθων
2819 2779 2877 2813 τε
2910 2756 3230 2811 πολυτελέσι
3294 2755 3483 2823 χρόαις
3541 2749 3891 2821 ὼραῖσμένας
3915 2761 3930 2775 ⁸

2360 2858 2698 2927 τετράπυλόν
2721 2872 2779 2907 τε
2819 2854 2984 2922 μέσον
3010 2852 3119 2903 τῶν
3140 2848 3232 2902 δύο
3259 2846 3548 2914 βασιλείων
3605 2842 3781 2894 στοῶν
3841 2856 3937 2909 μεο

2362 2948 2727 3019 γαλοπρεπῶς
2755 2948 2985 3014 ἐγεῖραι,
3021 2942 3195 2995 κίοσιν
3225 2938 3483 3003 ἐξαισίοις
3504 2938 3599 2989 καὶ
3629 2937 3694 3004 τῇ
3720 2935 3778 2985 ὲν
3804 2932 3932 3000 χαλ.

2364 3043 2460 3096 κοῦ
2486 3040 2588 3110 ὓλῃ
2619 3040 2762 3109 μάλα
2802 3035 3031 3103 κομψῶς
3061 3030 3402 3101 ἠσκημένας,
3432 3029 3527 3080 καὶ¹
3581 3026 3713 3095 λίθῳ
3750 3024 3830 3093 τῷ
3874 3025 3937 3074 ὲκ

2366 3132 2735 3203 Προικονήσου
2806 3126 3073 3193 τοῦδαφος
3152 3123 3247 3176 καὶ
3307 3116 3478 3174 τᾶλλα
3532 3118 3933 3189 ὴμφιεσμένας.

2367 3224 2555 3277 Ταῦτα
2587 3222 2684 3291 μὲν
2707 3224 2834 3289 περὶ
2862 3217 3090 3270 τούτων.

2930 3456 3180 3509 ΚΕΦᾹΛ.
3247 3451 3375 3506 KA'.

2369 3559 2507 3628 Περὶ
2552 3555 2658 3623 τῆς
2686 3547 2973 3628 τελευτῆς
3011 3547 3290 3628 Ζῄνωιός
3325 3544 3447 3628 ικαὶ,
3487 3541 3939 3609 ἀναγορεύσεως

2748 3619 3141 3675 Ἀναστασίου
3177 3616 3282 3669 τοῦ
3309 3615 3579 3681 Δικόρου.

2437 3743 2530 3814 Τῷ
2579 3742 2635 3793 δὲ
2696 3740 2903 3807 Ζήνωνι
2938 3733 3032 3787 τοῦ
3068 3733 3255 3791 τέλους
3292 3729 3628 3797 ἐγγίζοντος,
3673 3725 3782 3778 τῶν
3816 3742 3938 3775 τινα

2367 3839 2428 3890 τὸ
2490 3833 2682 3904 μέλλον
2727 3830 2926 3882 εἰδέναι
2990 3824 3361 3893 νομιζομένων
3403 3819 3719 3887 Μαυριανδν
3770 3819 3942 3885 ὄνομα

2366 3928 2627 3996 διηρώτα,
2652 3921 2758 3974 τίνι
2790 3920 2896 3987 ἄρα
2933 3916 3050 3986 μετ’
3078 3916 3239 3968 αὑτὸν
3273 3916 3304 3982 ἡ
3337 3913 3481 3981 ἀρχὴ
3516 3912 3939 3980 προσχωρήσοιο

2370 4017 2535 4070 παῖδα
2584 4013 2691 4081 γὰρ
2727 4011 2785 4074 ἐξ
2823 4006 3023 4075 ὀσφύος
3046 4006 3147 4058 οὐκ
3182 4004 3308 4073 ἔσχε
3332 4020 3346 4034 ·
3374 4004 3467 4054 τὸν
3496 4003 3551 4055 δὲ
3588 4004 3754 4068 φάναι
3785 4001 3943 4065 λέγε-

2369 4127 2483 4171 ται,
2534 4106 2653 4158 τινὰ
2682 4103 2790 4154 τῶν
2824 4100 2930 4153 ἀπὸ
2960 4096 3364 4165 Σιλεντιαρίων,
3427 4094 3486 4147 οὐ
3536 4094 3635 4162 τὴν
3670 4095 3845 4161 ἀρχήν
3877 4108 3943 4157 γε

2372 4201 2553 4270 μόνον,
2585 4194 2718 4249 ἀλλὰ
2747 4194 2840 4246 καλ⁵
2862 4192 2961 4260 τήν
2994 4188 3243 4257 γαμετὴν
3270 4186 3561 4257 λήψεσθαι.
3600 4185 3864 4251 Πελάγιον
3888 4183 3945 4235 δὲ

2368 4286 2572 4357 οίηθεὶς
2622 4283 2813 4337 τοῦτον
2851 4276 3016 4344 εἶναι,
3062 4277 3235 4347 ἄνδρα
3272 4274 3558 4344 περίδοξόν
3587 4291 3708 4326 τινα
3734 4273 3825 4325 καὶ
3859 4289 3949 4323 σο-

2370 4382 2468 4454 φίᾳ
2499 4382 2833 4451 προήκοντα,
2871 4375 3045 4442 ὑπῆγε
3080 4371 3158 4440 τῷ
3189 4371 3357 4437 ξίφει,
3394 4369 3488 4420 καὶ
3521 4365 3713 4427 ἄλλους
3743 4365 3788 4418 δ’
3816 4364 3950 4432 ἀνῄ-

2371 4492 2455 4545 ρει
2527 4472 2693 4542 μηδὲν
2747 4470 3154 4537 ἀδικήσαντας·
3208 4462 3471 4533 ἐπιληψίᾳ
3545 4462 3602 4513 δὲ
3665 4459 3948 4529 συσχεθεὶς

2372 4568 2452 4636 τῷ
2496 4565 2591 4617 τοῦ
2641 4562 2964 4633 πράγματος
2993 4558 3323 4625 ἀνυποίστῳ,
3378 4554 3603 4623 θνήσκει
3645 4554 3746 4622 τὴν
3776 4551 3953 4603 Πελα-

2369 4659 2491 4726 γίου
2539 4653 2912 4725 προσηγορίαν
2943 4650 3047 4703 ἀνὰ
3106 4648 3280 4717 στόμα
3316 4648 3520 4715 φέρων.
3555 4644 3695 4697 Φασί
3738 4660 3801 4711 γε
3838 4642 3949 4712 μὴν

2372 4749 2447 4811 ὼς
2479 4750 2547 4816 τῇ
2582 4745 2801 4815 γυναικὶ⁵
2825 4743 3082 4813 Ἀριάδνῃ
3115 4741 3201 4793 διὰ
3231 4739 3422 4808 μίσους
3484 4736 3580 4801 ὢν,
3610 4738 3730 4799 ταῖς
3770 4738 3833 4788 ἐκ
3851 4737 3954 4804 τῆς

2300 4810 2343 4864 D
2373 4810 2666 4907 ὲπιλτξῷίας
2685 4810 3338 4905 περιωδυνίαιςῗληφθεὶς,
3360 4833 3453 4884 καὶ
3476 4831 3634 4894 δόξαν
3666 4846 3954 4897 παρεσχηο

2374 4930 2487 4993 κὼς
2517 4931 2591 4992 ώς
2616 4931 2717 5000 ἢδη
2749 4931 2922 4991 θάνοι,
2955 4930 3034 4981 ἔτι
3088 4927 3196 4991 ζῶν
3231 4926 3321 4979 ὑπ’
3354 4925 3524 4992 αὐτῆς
3549 4923 3626 4992 τῷ
3657 4926 3815 4992 τάφῳ
3850 4939 3953 4974 πε-

2379 5022 2726 5092 ριεκλείσθη·
2761 5021 2912 5074 άλλοι
2945 5020 3001 5072 δὲ
3050 5019 3192 5089 μέθῃ
3226 5016 3493 5086 σχεθέντα
3547 5019 3643 5067 καὶ
3680 5014 3951 5081 ἀναισθή-

2376 5132 2485 5177 τως
2539 5113 2753 5183 εχοντα,
2799 5116 2864 5182 τῇ
2911 5111 3056 5180 σορῷ
3090 5107 3486 5177 καθειρχθῆναί
3518 5125 3686 5175 φασιν
3708 5125 3719 5139 ι
3748 5108 3958 5174 ἀνανηο

2376 5208 2554 5277 ψαντα
2582 5209 2639 5261 δὲ
2670 5208 2914 5261 κάτωθεν
2946 5206 3167 5276 ὲκὸοᾷν,
3196 5205 3341 5268 ζωῆς
3374 5205 3565 5273 μόνης.
3598 5205 3657 5256 οὗ
3712 5205 3819 5273 μὴν
3851 5202 3957 5271 τῆς

2382 5303 2557 5373 ἀρχῆς
2586 5298 2871 5369 ὲφίεσθαιο
2927 5299 3020 5350 καὶ
3050 5298 3288 5365 ἐνόρκως
3326 5294 3495 5363 αὐτῆς
3528 5294 3603 5360 τῷ
3638 5294 3958 5361 βουλομένῳ

2383 5393 2761 5463 παραχωρεῖν.
2802 5390 2903 5441 Τὸν
2945 5388 3007 5457 δὴ
3039 5386 3266 5439 τοιαῦτα
3318 5385 3544 5451 λέγοντα
3580 5384 3753 5446 οὐδεὶς
3780 5379 3848 5453 ἦν
3880 5386 3961 5435 οἰ-

2385 5486 2642 5555 κτείρων,
2679 5483 2965 5553 Ἀριάδνης
2996 5479 3301 5548 ἐπεχούσης
3334 5477 3433 5545 τῆς
3478 5477 3761 5543 γυναικός.
3793 5475 3901 5528 Καὶ
3931 5478 3961 5529 ὁ

2382 5616 2539 5670 conis
2614 5630 2716 5668 cxx
2794 5612 2997 5682 pedum
3066 5612 3249 5682 aureis
3319 5609 3523 5663 litteris
3563 5607 3957 5682 “descriptum.

2384 5679 2965 5810 j‘Egnatl._)bA_dntitatio
2990 5681 3170 5737 estde
3200 5681 3421 5737 Zenone
3450 5695 3517 5735 ex
3559 5679 3730 5733 Suida
3763 5679 3816 5731 iu
3850 5681 3959 5733 line

2426 5770 2550 5810 unus
2608 5773 2620 5809 ι
2666 5770 2732 5810 τι.

2426 5770 2550 5825 ujus
2585 5770 2732 5810 tum.
