4236 6442
331 458 422 519 161

1227 463 1828 524 ECCLESIASTlC/E
1869 463 2259 525 HISTORLE
2300 465 2442 524 LII}
2494 467 2644 526 ΧΠ.

3518 460 3614 524 162

329 579 430 644 μὲν
455 578 646 630 τοῦτον
673 575 886 629 ἁπεείω
918 577 1010 627 τὸν
1036 578 1261 644 τρόπον,
1305 579 1774 630 ἑπτακαιδέκατον
1807 578 1903 629 Ero.

1989 579 2244 644 ,periuni
2298 586 2522 646 petere,
2580 585 2941 646 paratumque
2992 591 3115 631 esse
3172 579 3349 630 enixis
3394 581 3606 649 jureju.

321 669 424 736 τὴν
457 669 740 736 βασιλείαν
772 670 1118 737 τυραννήσας
1151 669 1474 735 Ῥωμαίων·
1510 665 1590 732 οἷς
1617 675 1709 723 καὶ
1740 674 1786 722 ol
1816 673 1921 723 Βα-

323 762 567 813 σιλίσκου
629 763 796 830 μῆνες
841 762 1198 832 ἠρίθμηνται.
1242 763 1462 814 Τούτων
1497 761 1543 814 δ’
1579 763 1724 815 οὕτω
1765 780 1922 829 γενος

326 855 526 921 μένων,
562 854 757 921 ἣλπισε
813 854 913 921 μὲν
940 854 1206 919 Λογγῖνος
1232 856 1257 904 ὁ
1283 853 1537 920 Ζήνωνος
1571 853 1824 920 ἀδελφὸς,
1861 854 1920 914 ές

322 946 461 997 πολύ
515 963 568 998 τι
606 947 699 998 καὶ
743 947 885 1015 μέγα
917 947 1204 1010 δυνάμεως
1257 947 1432 1015 ἥκων,
1465 949 1778 1017 περιποιεῖν
1817 949 1919 1014 τὴν

321 1039 500 1106 ἀρχὴν
547 1038 768 1104 έαντῷ’
833 1037 953 1090 ἀλλ’
1005 1041 1214 1105 ἐσφάλη
1267 1042 1638 1093 παντάπασιν.
1694 1041 1758 1091 ἸΙ
1811 1040 1919 1109 γὰρ

337 1131 593 1199 Ἀριάδνη
632 1131 729 1182 σὺν
760 1133 824 1199 τῇ
856 1137 1168 1201 συγκλήτῳ,
1212 1133 1554 1202 ’Λναστασίῳ
1582 1134 1659 1200 τῷ
1709 1133 1918 1202 Δικόρῳ

326 1225 497 1288 μήπω
542 1224 595 1283 ές
639 1224 940 1290 γερουσίαν
995 1224 1302 1286 τελέσαντι,
1354 1224 1445 1276 τὸν
1493 1225 1595 1291 τῆς
1642 1225 1920 1294 βασιλείας

322 1314 643 1381 περιτίθησι
680 1315 983 1381 στέφανον,
1007 1317 1072 1383 τῇ
1105 1315 1266 1382 σχολῇ
1298 1314 1354 1366 δὲ
1386 1314 1496 1374 τῶν
1529 1315 1918 1382 Σιλεντιαρίων

323 1406 763 1474 κατειλεγμένῳ.
797 1407 854 1457 Ὀ
885 1406 929 1457 δ’
980 1401 1378 1468 Εὑστάθιος,οὗ
1423 1409 1616 1474 πρώην
1644 1406 1916 1475 ἐμνήσθη-

325 1516 451 1565 μεν,
475 1501 681 1568 ἱστορεῖ
703 1500 840 1567 μετὰ
861 1502 960 1564 τὴν
983 1501 1287 1568 ἀνάρρησιν
1305 1500 1692 1568 Διοκλητιανοῦ
1711 1501 1804 1552 τοῦ
1824 1519 1916 1552 τυ-

325 1593 528 1655 ράννου
553 1592 682 1659 ἄχρι
705 1591 890 1653 τέλους
915 1593 1160 1659 Ζήνωνος
1186 1593 1280 1642 καὶ
1305 1593 1724 1660 ἀναγορεύσεως
1759 1593 1913 1644 Ἀνα·

322 1683 575 1744 στασίου,
601 1680 831 1733 διελθεῖν
851 1680 946 1749 ἔτη
983 1681 1116 1751 πρὸς
1160 1683 1270 1744 τοῖς
1328 1683 1464 1733 έπτα
1504 1683 1785 1734 διακόσια·
1820 1683 1913 1752 ἀφ’

317 1765 384 1823 οὗ
419 1772 466 1822 δ’
493 1770 809 1838 Αὔγουστος
859 1775 1132 1842 μόναρχος
1167 1773 1331 1842 ἤρθη,
1366 1775 1459 1827 δύο
1489 1775 1581 1842 έτη
1622 1777 1713 1827 καὶ
1760 1777 1914 1844 τριά-

316 1879 491 1912 κοντα
524 1863 619 1914 καὶ
648 1862 988 1914 πεντακόσια
1045 1862 1182 1930 πρὸς
1243 1861 1411 1930 μησὶν
1477 1864 1620 1914 ἑπτὰ
1647 1880 1659 1893 ·
1723 1866 1832 1917 ἀπὺ
1867 1863 1911 1917 δ’

2025 669 2196 722 rando
2246 671 2578 738 interposito
2617 685 2684 723 eo
2723 671 2944 730 cedere.
2999 673 3273 725 neminem
3317 685 3502 728 autem
3547 677 3611 730 il-

2023 762 2135 815 lum
2171 777 2233 816 ea
2272 763 2569 827 dicentem,
2609 771 2897 830 propterea
2937 764 3082 831 quod
3132 767 3331 832 conjux
3371 766 3606 820 Ariadna

2029 853 2083 910 id
2137 855 2551 924 prohibuisset,
2607 856 2926 908 miscratum
2985 871 3124 909 esse.
3188 856 3284 911 llic
3333 858 3398 910 ad
3458 859 3605 911 hunc

2023 948 2247 1002 modum
2287 948 2452 1000 vitam
2496 948 2698 1004 ﬁnivit.
2739 964 2862 1000 cum
2916 948 3107 1002 decem
3163 960 3216 1001 et
3261 963 3465 1018 septem
3506 968 3606 1003 an-

2021 1056 2122 1094 nos
2179 1041 2231 1093 in
2287 1040 2518 1108 imperio
2579 1041 2921 1111 tyrannidem
2983 1043 3341 1095 exercuisset.
3393 1044 3603 1108 Quibus

2020 1135 2183 1189 annis
2237 1134 2492 1189 Basilisci
2536 1136 2700 1188 etiam
2748 1149 2967 1186 menses
3017 1137 3399 1188 connnmeiati
3447 1146 3595 1188 sunt.

2021 1228 2116 1282 His
2161 1228 2232 1281 ita
2280 1228 2469 1296 gestis,
2519 1227 2800 1297 Longinus
2845 1227 3084 1280 Zenonis
3121 1228 3308 1288 frater,
3346 1231 3492 1297 quod
3533 1231 3596 1282 ad

2031 1337 2277 1386 magnam
2335 1322 2636 1389 potentiam
2682 1325 3046 1388 pervenisset,
3081 1324 3366 1390 imperium
3399 1341 3455 1378 se
3493 1326 3596 1378 sibi

2020 1413 2436 1466 vendicaturum
2491 1417 2764 1481 speravit.
2814 1417 3015 1469 Verum
3065 1418 3156 1470 ille
3202 1420 3459 1485 opinione
3498 1435 3596 1472 sua

2021 1505 2186 1557 falsus
2234 1516 2337 1557 est.
2385 1507 2515 1558 Nam
2566 1507 2802 1559 Ariadna
2840 1522 2942 1558 una
2979 1524 3100 1559 eum
3145 1519 3462 1561 senatorum
3506 1527 3596 1561 or—

2020 1598 2170 1660 dine,
2215 1599 2506 1651 Anastasio
2544 1599 2740 1652 Dii-oro
2780 1600 2879 1668 (l),
2917 1601 3009 1666 qui
3059 1602 3300 1654 nondum
3345 1603 3396 1654 in
3437 1618 3595 1655 sena-

2019 1699 2130 1744 tutu
2177 1692 2369 1752 hctus,
2406 1693 2587 1746 adhuc
2639 1694 2689 1744 in
2735 1693 2919 1746 schola
2965 1693 3406 1747 Silentiariorum
3453 1707 3594 1758 erat,

2019 1781 2429 1850 imperatoriam
2485 1785 2744 1852 imposuit
2785 1801 3068 1839 coronam.
3119 1786 3459 1847 Eustathius,
3497 1805 3596 1841 cu-

2013 1874 2101 1939 jus
2132 1873 2296 1939 paulo
2329 1861 2455 1926 ante
2491 1875 2861 1934 meminimus.
2893 1877 3136 1943 scripsit,
3169 1877 3237 1928 ab
3275 1875 3434 1929 initio
3469 1877 3592 1930 Dio-

330 1955 693 2023 Ἀλεξάνδρου
725 1956 821 2007 τοῦ
858 1955 1174 2017 Μακεδόνος
1200 1957 1396 2026 ἀρχῆς,
1431 1957 1570 2008 ἑπτὰ
1602 1958 1778 2024 μῆνας
1813 1961 1903 2012 σὺν

2015 1965 2231 2043 cletliani
2290 1965 2506 2034 tyranni
2544 1967 2785 2034 imperii,
2823 1984 2994 2035 usque
3035 1969 3100 2020 ad
3145 1968 3307 2021 ﬁnem
3354 1967 3592 2024 Zenonis

312 2046 473 2096 δυσὶν
536 2046 681 2097 ἔτεσι
721 2047 1017 2114 τριάκοντά
1061 2063 1118 2098 τε
1185 2047 1522 2101 ὀκτακόσια’
1590 2052 1654 2101 ἐκ
1697 2051 1752 2102 δὲ
1813 2056 1913 2120 τῆς

324 2137 630 2202 Ῥωμαίων
664 2142 758 2188 καὶ
797 2136 1078 2207 Ῥωμύλου
1131 2137 1433 2203 βασιλείας,
1482 2142 1625 2210 χίλια
1654 2145 1748 2195 καὶ
1780 2161 1910 2194 πεν-

309 2232 559 2294 τήκοντα
591 2230 728 2298 πρὸς
761 2231 907 2293 δυσὶ,
966 2231 1104 2296 πρὸς
1130 2232 1186 2282 δὲ
1223 2233 1318 2284 καὶ
1353 2234 1530 2300 μῆνας
1589 2236 1730 2286 έπτά
1755 2251 1768 2264 ·
1802 2237 1910 2288 ἀπὸ

308 2322 370 2372 δὲ
413 2320 674 2383 ἁλώσεως
698 2322 918 2387 Τροίας,
954 2321 1014 2384 ἓξ
1047 2321 1142 2374 καὶ
1180 2323 1534 2391 ὁγδοήκοντα,
1572 2326 1827 2387 έξακόσιά
1850 2344 1907 2378 τε

308 2413 409 2464 καὶ
452 2412 601 2480 χίλια
638 2413 730 2479 έτη
767 2414 903 2482 πρὸς
942 2415 1110 2483 μησὶν
1152 2416 1328 2467 ἑπτά·
1380 2417 1489 2468 ἀπὸ
1539 2417 1592 2468 δὲ
1628 2419 1724 2482 τῆς
1757 2419 1906 2481 θείας

305 2503 409 2556 τοῦ
451 2505 660 2572 Κυρίου
696 2506 1048 2573 σαρκώσεως,
1067 2507 1400 2576 τετρακόσια
1428 2507 1476 2575 ις
1503 2511 1594 2559 καί
1615 2508 1710 2562 δύο
1735 2525 1748 2538 ·
1797 2513 1905 2563 ἀπὸ

307 2597 368 2648 δὲ
403 2595 604 2664 Ἀδὰμ,
642 2597 836 2662 ,ειδπδκ

1989 2065 2071 2131 __et
2106 2058 2542 2126 designationem
2579 2061 2872 2121 AtiaSIasii,
2907 2061 3286 2114 intercessisse
3318 2061 3592 2115 ducentos

2016 2158 2072 2201 et
2092 2142 2304 2216 ‘St'plelli
2332 2171 2340 2202 :
2367 2152 2432 2212 ab
2456 2169 2519 2203 eo
2543 2164 2722 2204 autem
2758 2164 3002 2219 tempore
3026 2170 3136 2220 quo
3163 2154 3444 2222 Augustus
3476 2172 3592 2207 tuo-

2015 2243 2222 2295 narcha
2265 2243 2443 2295 factus
2487 2228 2588 2308 esi;
2624 2246 2956 2312 quingentos
2990 2246 3206 2312 triginta
3243 2246 3382 2299 duos
3418 2263 3593 2300 annos

2015 2344 2069 2386 et
2103 2349 2315 2386 menses
2347 2346 2559 2403 septem
2593 2353 2604 2388 :
2634 2337 2701 2388 ab
2732 2338 3024 2389 Alexandri
3056 2339 3370 2394 Macedonis
3400 2357 3589 2407 regno,

2011 2414 2185 2478 annos
2230 2427 2575 2495 octingentos
2617 2429 2837 2496 triginta
2875 2432 3034 2490 duos,
3082 2447 3299 2486 menses
3338 2444 3585 2500 septem;

2010 2532 2039 2569 a
2073 2517 2446 2571 Romanorum
2482 2536 2650 2587 porro
2682 2532 2735 2574 et
2769 2523 2983 2591 Bomuli
3019 2539 3184 2592 regno
3227 2539 3399 2576 annos
3438 2525 3587 2578 mille

2009 2620 2065 2662 et
2108 2613 2507 2679 quinquaginta
2559 2614 2699 2667 duos
2749 2616 2850 2683 (2),
2891 2631 3106 2670 menses
3158 2627 3410 2685 septem;
3449 2627 3506 2672 et
3557 2633 3586 2671 a

306 2697 480 2766 Troja
523 2704 682 2762 capta
731 2695 878 2747 mille
923 2707 1220 2750 sexcentos
1290 2697 1568 2766 octoginta
1616 2714 1710 2752 sex
1783 2718 1977 2767 annos,
2041 2723 2256 2762 menses
2311 2721 2560 2777 septem;
2611 2726 2638 2762 a
2685 2709 2870 2762 dit-ina
2929 2713 3141 2764 Domini
3198 2715 3585 2766 incarnatione

305 2809 495 2849 annos
540 2798 976 2866 quadringentos
1021 2806 1077 2848 et
1121 2795 1418 2864 nonaginta
1465 2795 1634 2859 duos,
1677 2799 1744 2850 ab
1780 2800 1900 2869 ipso
1939 2803 2176 2871 denique
2244 2805 2456 2859 Adamo
2502 2822 2678 2860 annos
2744 2808 3047 2875 quinquies
3094 2809 3239 2862 mille
3277 2808 3354 2878 (5)
3389 2807 3587 2861 nonin-

305 2901 511 2956 gentos
540 2891 821 2960 octoginta
854 2901 1092 2960 quatuor
1123 2889 1227 2960 (4),

893 3009 934 3059 Κ
949 3009 1069 3060 tam
1081 3011 1120 3060 Λ
1132 3049 1144 3062 .
1199 3008 1326 3060 KE'.

308 3098 461 3164 Περὶ
519 3099 628 3165 τῆς
683 3101 1012 3162 τηνικαῦτα
1047 3101 1165 3152 τῶν
1213 3103 1559 3166 ἐκκλησιῶν
1602 3107 1898 3159 καταστά-

382 3185 565 3242 ςνεως,
601 3170 762 3242 ὅπως
790 3171 976 3242 δόξης
1004 3168 1172 3236 εἶχον
1222 3172 1352 3242 περὶ
1406 3172 1514 3238 τῆς
1549 3175 1617 3225 ἐν
1669 3178 1903 3242 Χαλκη-

382 3239 518 3319 ὄόῖι
552 3241 850 3321 Ξυνόδου·
885 3241 981 3292 καί
1015 3243 1146 3321 περί
1181 3238 1288 3308 τῆς
1313 3243 1552 3310 ἐξοριάς
1583 3238 1900 3314 Εὐφημίου
1929 3266 1971 3321 ο

382 3309 494 3362 τοῦ
548 3312 1279 3377 Κωνσταντινουπόλεως.

388 3426 451 3480 ’0
480 3426 527 3478 δ’
559 3425 917 3488 Ἀναστάσιος
947 3427 1408 3497 περιδαλλόμενος
1433 3428 1491 3480 τὸ
1522 3428 1780 3499 διάδημα,
1807 3433 1900 3484 καὶ

298 3520 408 3590 τὴν
452 3519 745 3588 Ἀριάδνην
798 3519 977 3590 ἑαυτῴ
1023 3520 1371 3588 είσῳκίσατο,
1426 3523 1599 3588 μήπω
1677 3525 1899 3590 γυναικὶ

298 3614 614 3682 ὁμιλήσας·
648 3611 982 3681 Ἐπίδαμνον
1027 3614 1072 3664 δ’
1106 3613 1246 3682 ἔχων
1300 3617 1537 3681 πατρίδα
1576 3617 1898 3686 (Δυρράχιον

299 3708 403 3760 νῦν
434 3708 707 3774 λέγεται),
730 3707 868 3775 πρὸς
893 3707 952 3760 τὸ
986 3707 1276 3759 κάλλιστον
1313 3709 1448 3760 αὐτὸ
1492 3711 1586 3761 καὶ
1613 3709 1894 3779 ὀχυρώτεο

304 3819 402 3871 ρον
436 3800 865 3869 μετεσκεύασεν,
916 3799 1041 3864 ἄξια
1071 3802 1210 3868 γέρα
1239 3800 1537 3869 παρασχὼν
1572 3803 1720 3872 αὑτῴ
1749 3821 1761 3832 ·
1805 3805 1896 3857 καὶ

301 3895 510 3962 πρῶτα
547 3894 645 3962 μὲν
683 3895 951 3959 Λο·,γῖνον
998 3892 1088 3944 τὸν
1147 3895 1472 3961 μάγιστρον,
1502 3893 1616 3945 τῶν
1664 3895 1709 3946 δ’
1737 3897 1794 3947 έν
1829 3898 1893 3965 τῇ

296 3988 443 4056 αὐλῇ
481 3985 694 4050 τάξεων
724 3987 932 4054 ἠγεῖτο,
963 3986 1067 4036 ἀνὰ
1098 3986 1200 4051 τὴν
1252 3985 1575 4039 Σελεύκειαν
1606 3989 1855 4054 ἔπεμπεν
1879 4005 1893 4019 ·

296 4082 497 4133 ἔπειτα
524 4079 582 4131 δὲ
615 4078 707 4130 καὶ
741 4079 802 4130 τὸ
830 4079 954 4129 ἄλλο
987 4079 1095 4130 τῶν
1124 4079 1389 4147 Ίσαύρων
1437 4081 1593 4145 γένος
1622 4081 1850 4146 ἐξέϐαλε
1875 4122 1890 4145 ,

295 4173 463 4224 τοῦτο
491 4171 654 4236 δῆθεν
677 4172 1016 4239 αἰτησάντων
1039 4187 1053 4201 ’
1084 4170 1133 4223 οἳ
1170 4172 1388 4239 συνάμα
1419 4173 1670 4241 Λογγίνῳ
1700 4173 1890 4238 ἰόντες,

295 4264 582 4328 τυραννίδι
615 4263 903 4327 ἐπέθεντο,
939 4261 1013 4324 ὡς
1043 4264 1324 4332 προϊόντες
1350 4263 1685 4334 δηλώσομεν.
1724 4266 1891 4334 Εἰρη·

298 4357 455 4417 ναῖος
486 4354 541 4407 δέ
587 4370 672 4415 τις
703 4353 872 4405 θέλων
921 4348 1064 4406 εἶναι
1118 4355 1145 4405 ό
1172 4352 1545 4416 ’Δναστάσιος,
1582 4357 1892 4408 παντάπασι

305 4448 480 4516 μηδέν
511 4465 565 4498 τι
615 4448 968 4516 καινουργεῖν
1001 4449 1187 4517 ᾑρεῖτο
1217 4449 1344 4517 περὶ
1376 4451 1475 4517 τὴν
1519 4451 1616 4516 τῆς
1660 4451 1892 4519 Ἑλκληυ

298 4545 428 4604 σίας
479 4543 852 4594 κατάστασιν·
911 4544 1004 4594 καὶ
1071 4542 1278 4612 πολλήν
1335 4559 1460 4594 τινα
1518 4545 1648 4612 περὶ
1701 4545 1890 4597 τούτου

2433 3015 2591 3083 691
2637 3015 2860 3071 CAPUT
2902 3017 3066 3073 xxv.

2007 3105 2082 3158 De
2123 3102 2482 3158 Et'rlesiarttm
2532 3109 2646 3175 ejus
2700 3112 2946 3175 temporis
2994 3122 3160 3163 statu.
3214 3129 3315 3175 qua
3368 3131 3587 3183 qttn'qtte

2081 3177 2237 3241 fuerit
2280 3181 2341 3246 de
2389 3177 2806 3229 (Πηλίου-σηριδὲ
2855 3185 3052 3246 synodo
3092 3185 3334 3246 agnitione
3365 3177 3388 3233 ί
3434 3177 3587 3236 ειίίε

2074 3248 2258 3298 exsilio
2294 3245 2568 3300 Eun/tenth
2604 3245 3201 3318 Constantiaopolituni.

2075 3429 2422 3495 Anastasius,
2447 3431 2755 3486 diademate
2782 3441 3019 3502 sumpto,
3047 3450 3169 3487 cum
3197 3436 3438 3489 nondum
3466 3454 3581 3490 tua.

2009 3510 2326 3578 trim'oniutn
2365 3527 2749 3585 contraxisset.
2789 3529 3084 3581 Ariadnam
3121 3545 3343 3581 uxorem
3375 3531 3578 3585 duxit:

2005 3621 2058 3664 et
2101 3611 2460 3679 Epidamnum
2509 3615 2741 3682 patriam
2790 3631 2967 3676 suam,
3010 3633 3131 3685 qua:
3181 3634 3328 3672 nunc
3380 3620 3578 3690 Dyrra—

2004 3703 2188 3757 chium
2225 3707 2452 3770 dicitttr,
2484 3717 2543 3759 ut
2583 3710 2765 3761 natale
2814 3709 2991 3761 solum
3040 3711 3248 3764 honore
3286 3728 3582 3782 proseque-

2006 3807 2183 3863 retur,
2221 3798 2589 3865 pulcherrime
2624 3802 2934 3861 exornavit,
2977 3817 3210 3870 eamque
3243 3805 3422 3871 dignis
3460 3821 3579 3857 tnu-

2002 3891 2228 3944 neribus
2259 3891 2479 3944 ditavit.
2516 3892 2582 3945 Ει
2621 3893 2855 3960 primum
2888 3893 3194 3962 Longinum
3231 3898 3576 3964 magistrutn,

2004 3984 2310 4036 aulicorum
2341 3984 2550 4038 scilicet
2582 3985 2838 4039 ordinum
2872 3987 3213 4051 praelectum,
3241 3989 3575 4054 Seleuciam,

2003 4076 2094 4130 ubi
2136 4085 2290 4130 ortus
2332 4078 2534 4142 fuerat,
2588 4079 2736 4131 misit
2781 4097 2794 4133 :
2834 4080 3032 4134 deinde
3083 4083 3358 4150 reliquum
3408 4085 3572 4136 etiam

2004 4169 2314 4221 Isaurorum
2347 4185 2520 4237 genus
2552 4172 2733 4238 ejecit.
2768 4175 2858 4239 qui
2900 4174 3006 4225 huc
3047 4177 3483 4241 postulaverant,
3519 4184 3575 4228 et

2002 4274 2106 4313 una
2167 4277 2289 4314 cum
2351 4260 2598 4330 Longino
2651 4263 3038 4325 discedentes,
3098 4267 3164 4316 ad
3227 4266 3568 4335 tyrannidem

1999 4354 2338 4422 aspirarunt,
2385 4354 2550 4407 sicuti
2583 4366 2768 4426 postea
2797 4356 3063 4410 dicemus.
3098 4359 3420 4412 Anastasius
3447 4375 3568 4412 cum

2000 4447 2261 4514 paciﬁcus
2307 4461 2450 4509 esse,
2495 4464 2672 4515 neque
2718 4453 3014 4516 quidquam
3065 4465 3250 4503 rerum
3301 4467 3564 4506 novarum

2001 4538 2055 4590 in
2108 4537 2366 4592 Ecclesia:
2422 4547 2565 4592 statu
2614 4540 2860 4592 excitare
2911 4542 3106 4603 vellet,
3162 4544 3569 4612 plurimumque

297 4637 547 4688 ἐποιεῖτο
581 4633 842 4702 σπουδὴν,
897 4634 972 4694 ὡς
1008 4634 1075 4685 ἂν
1124 4631 1184 4684 αῖ
1219 4650 1280 4685 τε
1331 4634 1469 4685 θεῖαι
1503 4635 1596 4685 τοῦ
1652 4636 1891 4702 Χριστοῦ

1997 4628 2165 4682 studii
2212 4630 2263 4683 itt
2297 4645 2364 4682 eo
2397 4631 2713 4690 collocaret.
2745 4640 2803 4684 ut
2837 4642 3040 4685 sancta:
3073 4633 3279 4687 Christi
3311 4635 3570 4691 Ecclesiae

307 4728 643 4793 Ἐκκλησίαι
681 4725 927 4794 θορύϐων
980 4726 1075 4776 καὶ
1114 4728 1214 4793 τῆς
1265 4723 1519 4776 ἐντεῦθεν
1574 4726 1889 4797 ὲρεσχελίας

295 4818 414 4875 εἷεν
449 4823 614 4882 ἐκτός
633 4837 646 4849 ·
679 4821 736 4872 έν
762 4819 956 4890 βαθείᾳ
982 4835 1039 4870 τε
1070 4819 1286 4888 γαλήνῃ
1307 4821 1400 4871 καὶ
1429 4819 1488 4870 τὸ
1520 4819 1760 4888 ὑπήκοον
1794 4838 1890 4874 κα-

293 4913 564 4981 τασταίη,
608 4912 784 4981 ἔριδος
832 4912 1055 4979 ἁπάσης
1124 4913 1221 4962 καὶ
1255 4911 1587 4979 φιλονεικίας
1644 4912 1890 4966 ἐκποδὼν

297 5005 423 5059 κατ’
462 5006 758 5073 ἀμφότερα
793 5003 1118 5071 γενομένης.
1154 5003 1264 5054 Καὶ
1309 5003 1490 5054 τοίνυν
1525 5005 1641 5062 ταῖς
1675 5004 1886 5055 ἐκείνου

300 5098 546 5165 ἡμέραις
570 5095 604 5162 ἡ
638 5095 694 5144 ὲν
734 5091 1039 5159 Χαλκηδόνι
1082 5091 1300 5153 σύνοδος
1351 5090 1472 5142 οὔτε
1507 5094 1584 5152 εἰς
1613 5087 1888 5158 προῦπτον

294 5187 732 5256 ἀνεκηρύττετο,
767 5184 889 5237 ἀλλ’
916 5184 1026 5236 οὐδ’
1056 5184 1439 5252 ἀποκήρυκτος
1461 5180 1526 5254 ἦν
1546 5200 1560 5215 ·
1596 5185 1668 5244 ὡς
1699 5185 1742 5236 δ’
1766 5185 1892 5238 έκά.

297 5298 411 5350 στῳ
437 5284 550 5341 τοῖς
572 5278 685 5331 τῶν
722 5277 1064 5347 Ἐκκλησιῶν
1097 5277 1357 5345 ἡγεμόσιν
1391 5276 1563 5328 ἐδόκει
1589 5279 1653 5328 τὰ
1687 5275 1890 5346 ταύτης

293 5375 553 5444 ἐφέρετο.
580 5373 645 5424 Οἱ
677 5371 905 5441 μὲνγὰρ
935 5371 1031 5422 καὶ
1059 5369 1176 5420 λίαν
1198 5369 1400 5437 ταύτης
1428 5371 1732 5437 ἀντείχοντο
1763 5385 1889 5435 γεν-

293 5471 605 5537 νικώτερον
645 5466 1064 5534 ἀνθιστάμενον
1105 5465 1266 5534 μήτοι
1294 5480 1355 5530 γε
1389 5464 1533 5526 λέξιν
1566 5467 1674 5515 τών
1708 5465 1887 5533 ἐκείνῃ

292 5562 661 5629 ὁρισθέντων,
702 5559 821 5610 ἀλλ’
855 5558 978 5611 οὐδὲ
1010 5558 1300 5626 συλλαϐὴν,
1333 5558 1365 5625 ἦ
1410 5559 1513 5609 κᾶν
1563 5557 1822 5625 γράμμα,
1853 5556 1884 5624 ἢ

376 5725 454 5787 tl)
513 5722 747 5774 Dicorus
809 5718 1236 5786 cognominatus
1300 5725 1384 5768 est
1438 5732 1465 5768 a
1513 5713 1888 5766 discoloribus

294 5802 591 5847 oi-uiurunt
634 5790 882 5857 pupillis,
931 5805 1050 5856 qua:
1099 5793 1260 5853 κόραι
1302 5788 1583 5841 dicuntur.
1651 5800 1884 5849 qtiat'uu.

294 5874 494 5916 dextra
531 5861 835 5927 nigricans.
863 5861 1087 5911 sintsu'a
1122 5859 1355 5910 caerulea
1385 5858 1576 5908 fuettt.

376 5935 449 5988 i2)
490 5933 717 5984 lieclttts
755 5931 912 5982 iiii.

1999 4723 2329 4775 tumultibus
2363 4733 2417 4775 ct
2462 4724 2755 4776 verborum
2817 4725 3286 4789 contentionibus,
3323 4730 3568 4795 disputa-

1995 4816 2242 4869 tionibus
2295 4825 2351 4869 et
2395 4816 2644 4869 dissidiis
2683 4819 3082 4871 ecclesiasticis
3122 4820 3284 4872 simul
3329 4832 3381 4874 et
3432 4822 3568 4873 citi-

1993 4908 2137 4962 libus
2184 4909 2442 4961 omnibus
2488 4909 2743 4975 sublatis,
2792 4910 3043 4961 homines
3092 4910 3145 4962 in
3195 4909 3364 4962 multa
3417 4922 3567 4963 tran-

1993 5003 2266 5070 quillitate
2299 5004 2570 5065 viverent,
2601 5010 2656 5054 et
2689 5003 2891 5054 subditi
2924 5003 3109 5069 populi
3145 5005 3320 5069 pacati
3359 5013 3562 5062 essent.

1991 5091 2200 5156 evenit,
2236 5100 2293 5145 ut
2335 5092 2679 5160 temporibus
2721 5093 2839 5160 ejus
2878 5092 3348 5145 Chalcedonensis
3397 5109 3563 5160 syno-

1993 5187 2119 5246 dus,
2156 5199 2331 5253 neque
2376 5184 2655 5253 propalam
2705 5199 2801 5251 per
2846 5183 3024 5251 ipsum
3066 5185 3563 5240 constitutionibus

1995 5276 2369 5343 imperialibus
2407 5275 2636 5326 edendis
2675 5276 3142 5341 promnlgaretur,
3176 5290 3353 5341 neque
3395 5278 3558 5328 etiam

1993 5369 2404 5438 reprobaretur.
2435 5365 2821 5435 Verunrsicuti
2851 5372 3155 5434 quibusque
3187 5366 3555 5420 Ecclesiarum

1992 5463 2318 5529 praesidibus
2341 5460 2654 5518 videbatur.
2680 5459 2749 5511 ita
2774 5459 2840 5510 de
2869 5475 2930 5510 ea
2956 5459 3286 5512 sentiebant.
3307 5458 3440 5512 Nam
3464 5464 3557 5528 qui

1991 5570 2111 5608 eam
2147 5554 2363 5607 fortiter
2411 5553 2770 5606 defendentes
2819 5553 3256 5621 propugnabant,
3293 5567 3399 5605 non
3437 5568 3558 5605 νοι-

2063 5715 2137 5777 ('5)
2203 5713 2519 5767 Secundum
2594 5713 2908 5769 neotericos
2979 5727 3009 5764 a
3067 5709 3274 5763 mundo
3333 5709 3556 5767 condito

1990 5785 2515 5955 Mttioi’i’ostrcnmnt
2553 5855 2657 5908 hoc
2692 5852 2957 5923 Evagritts
2994 5867 3101 5904 non
3135 5851 3317 5907 habet.
3356 5849 3447 5901 lib.
3494 5864 3553 5913 tt,

1990 5942 2110 5988 Cap.
2143 5929 2231 5978 '39.
