4236 6442
326 456 427 519 165

1255 448 1871 510 Είῖίῖίῐεῐιιετῐεῆἴ
1913 446 2305 506 ΠῘΞΤΟῊῘΕ
2336 447 2495 506 LIB.
2536 446 2693 509 XVI.

3508 448 3608 515 166

320 584 491 626 σκων,
524 566 681 633 ἄχρις
717 562 776 616 οὗ
816 563 1117 634 ἐγγράφοις
1170 562 1356 631 ὅρκοις
1397 563 1492 614 καὶ
1517 562 1711 623 δεινοῖς
1761 560 1905 628 μάλα

2016 556 2204 609 animo
2238 556 2362 609 forti
2412 557 2693 610 restiterat
2729 572 2745 612 :
2780 571 2961 625 neque
3009 557 3164 625 prius
3196 571 3253 611 se
3287 572 3409 627 qua:
3452 571 3608 617 stata

316 655 817 722 κατασφαλίσηται,
853 655 886 723 ἢ
944 656 1051 722 μὴν
1094 653 1263 723 άθιγῆ
1298 653 1530 721 φυλάξαι
1565 653 1663 723 τήν
1699 654 1905 715 πίστιν,

315 750 411 799 καὶ
442 746 613 816 μηδὲν
644 764 697 797 τι
731 746 1054 814 καινουργὸν
1077 746 1317 814 εἰσάγειν
1348 746 1649 817 πειρᾶσθαι
1672 748 1739 815 τῇ
1782 745 1907 799 Ἐκ-

310 840 517 910 κλησῖᾳ
550 838 777 891 ἐπὶτῶν
808 839 1106 907 σκήπτρων
1135 839 1466 908 γενόμενον·
1505 840 1641 909 πρὸς
1706 840 1759 892 δὲ
1812 839 1907 892 καὶ

311 935 413 1004 τὴν
442 937 499 986 ἐν
536 934 848 1002 Χαλκηδόνι
912 935 1151 995 σύνοδον.
1213 934 1473 1004 προθέσει
1525 936 1675 1005 πάσῃ
1705 933 1904 1003 ψυχῆς.

310 1030 437 1089 ταῖς
470 1028 691 1089 λοιπαῖς
733 1028 1054 1080 συντάττειν
1085 1028 1286 1089 τρισίν.
1324 1022 1418 1089 Οἷς
1449 1028 1585 1095 δῆτα
1636 1029 1906 1096 συνθέμε-

309 1138 404 1171 νον
440 1122 739 1190 ἐγγράφως
796 1121 890 1173 τὸν
938 1121 1315 1185 Ἀναστάσιον,
1361 1121 1557 1173 ἔπειτα
1580 1122 1649 1172 τὰ
1678 1120 1908 1173 εἰωθότα

309 1215 409 1266 καὶ
439 1213 525 1264 ἐπ’
555 1212 706 1282 αὑτῷ
738 1213 830 1265 τὶν
870 1213 1019 1283 ἰερέα
1068 1213 1308 1266 τελέσαι.
1348 1214 1422 1266 Οὐ
1459 1212 1639 1280 πολλῷ
1666 1213 1708 1264 δ’
1750 1211 1908 1264 ὓστε-

312 1322 411 1374 ρον
460 1304 915 1373 ἐπιϐαλλόμενον,
948 1304 1041 1358 τὸν
1094 1305 1377 1374 ἔγγραφον
1428 1307 1640 1376 χάρτην
1711 1308 1903 1359 αἰτεῖν.

307 1400 406 1449 καί
460 1398 535 1467 μὴ
591 1399 1013 1467 παρασχόμενον
1068 1399 1162 1451 τὸν
1221 1399 1546 1468 Εὑφήμιον,
1612 1400 1908 1469 ὑπερόριον

304 1490 549 1556 ἄγεσθαι
573 1506 588 1521 ’
617 1489 823 1553 πολλὰς
871 1489 918 1541 δ’
938 1490 1234 1553 ἐπιϐουλὰς
1277 1491 1426 1560 αὺτῴ
1464 1492 1555 1543 καὶ
1589 1491 1819 1543 θάνατον
1843 1491 1906 1561 δὴ

306 1586 826 1651 προσεπισκευάσαι
848 1601 862 1615 ·
898 1584 974 1646 ώς
1000 1583 1093 1636 καί
1128 1602 1247 1636 τινα
1276 1584 1385 1636 τῶν
1421 1585 1690 1636 συνόντων
1719 1584 1907 1653 Εὐφη-

308 1677 425 1744 μὲῳ
474 1672 689 1726 Παῦλον
720 1673 918 1739 ὄνομα,
952 1673 1278 1743 ὑπερωμὶαν
1306 1673 1363 1726 δὲ
1399 1672 1578 1735 άλλως
1629 1675 1720 1726 καὶ
1750 1675 1907 1742 μέγι-

306 1785 463 1833 στον,
493 1768 556 1819 τὸ
603 1764 909 1835 φερόμενον
942 1765 1066 1818 κατ’
1096 1766 1306 1817 ἐκείνου
1342 1766 1493 1832 ξίφος
1526 1765 1869 1830 εἰσδέξασθαι
1891 1782 1905 1795 ι

303 1860 449 1913 ἀλλὰ
501 1858 592 1912 τὸν
641 1859 745 1926 μὲν
772 1857 937 1925 οὕτω,
958 1858 1053 1910 καί
1078 1857 1169 1910 ἐπὶ
1195 1858 1474 1919 τοιαύταις
1494 1858 1717 1918 αἰτίαις,
1743 1859 1841 1909 ὑπε
1855 1875 1909 1928 ρ-

2017 649 2364 703 c:crcmoni:c
2419 647 2803 717 postularent,
2861 649 3139 700 facturum
3186 663 3307 700 esse
3355 650 3603 716 dixerat,

2017 754 2185 808 quam
2221 738 2312 793 ille
2343 740 2493 807 gravi
2524 740 2846 808 juratnehto
2878 740 2929 790 in
2964 739 3231 808 seriptutn
3267 741 3440 792 relato
3470 756 3605 794 con-

2018 830 2317 892 firmasset,
2348 831 2506 884 [idem
2541 846 2598 885 se
2635 831 2952 883 inviolatam
2990 841 3338 884 servaturum
3361 870 3376 893 ,
3425 848 3607 899 neque

2016 925 2317 994 quidquam
2357 925 2435 976 rei
2470 940 2625 977 nova:
2659 924 2876 993 imperii
2924 923 3005 976 sui
3047 933 3291 990 tempore
3325 924 3377 976 in
3412 925 3604 979 Eccle-

2018 1019 2156 1069 siatn
2189 1016 2494 1077 illaturum,
2525 1030 2627 1069 nec
2658 1032 2764 1068 non
2793 1016 3300 1068 Chalcedonensem
3332 1016 3602 1085 synodum

2017 1126 2081 1161 ex
2119 1110 2289 1161 animi
2322 1111 2595 1163 sententia
2634 1109 2862 1176 reliquis
2894 1110 3073 1162 tribus
3108 1108 3425 1161 additurum
3458 1124 3601 1162 esse.

2013 1200 2176 1270 693
2228 1201 2594 1255 Consenserat
2646 1201 3057 1255 conditionibus
3121 1202 3237 1265 his,
3294 1210 3350 1254 et
3397 1215 3494 1255 eas
3548 1202 3605 1254 in

2016 1298 2282 1365 scriptum
2330 1296 2597 1350 retulerat
2646 1295 2993 1355 Anastasius.
3036 1305 3090 1348 et
3132 1296 3235 1349 sub
3282 1296 3397 1349 haec
3440 1296 3604 1348 carri-

2019 1390 2234 1442 ntonias
2290 1391 2479 1443 solitas
2536 1389 2588 1442 in
2648 1404 2717 1443 eo
2774 1391 3064 1458 cpiscopus
3119 1397 3426 1459 peregerat.
3482 1388 3602 1442 Non

2017 1484 2176 1551 longe
2229 1500 2357 1536 vero
2399 1496 2527 1553 {est
2573 1484 2940 1553 Enphemium
2984 1486 3211 1539 adultus
3258 1485 3599 1550 Anastasius.

2016 1578 2263 1631 libellum
2299 1593 2423 1630 eum
2457 1579 2524 1631 ab
2557 1594 2623 1632 eo
2661 1580 2881 1647 repetiit
2911 1596 2923 1630 ι
2953 1588 3007 1632 et
3035 1580 3176 1646 quod
3211 1596 3334 1633 eutn
3373 1580 3462 1634 ille
3495 1597 3604 1634 non

2018 1672 2279 1735 reddidit,
2324 1672 2500 1724 solum
2548 1673 2728 1725 exsilii
2780 1688 2943 1726 causa
2999 1684 3215 1725 vertere
3262 1675 3448 1742 jussus
3492 1685 3599 1729 est.

2019 1764 2160 1817 Vita:
2194 1780 2418 1831 quoque
2452 1766 2571 1829 ejus
2609 1765 2680 1817 ita
2715 1765 3007 1818 insidiatus
3037 1780 3141 1825 εει,
3179 1776 3238 1816 ιιι
3272 1780 3335 1817 οι
3368 1765 3603 1817 familia-

2021 1854 2177 1907 ribus
2210 1855 2502 1923 Euphemii
2535 1856 2756 1923 quidatn
2792 1856 3009 1908 numine
3042 1856 3259 1910 Paulus.
3292 1857 3374 1907 vir
3410 1872 3603 1924 proce-

298 1952 459 2017 όριον
524 1946 654 2022 ἦγε,
700 1950 909 2026 καίπερ
950 1948 1048 2003 τοῦ
1104 1950 1341 2019 πλήθους
1402 1952 1576 2004 πολλὰ
1623 1951 1905 2019 δυσχεραί-

2018 1963 2131 2011 rus,
2170 1959 2226 2002 et
2265 1949 2512 2001 humeris
2548 1948 2682 2016 ipsis
2716 1961 3133 2016 supercxstans,
3166 1950 3310 2017 quod
3336 1950 3603 2002 adversus

299 2058 530 2105 νοντος·
576 2041 915 2097 Μακεδόνιον
980 2043 1059 2107 δέ,
1098 2035 1141 2109 ᾧ
1173 2043 1458 2111 Εὑφήμιος
1514 2043 1606 2095 τὸν
1641 2042 1909 2113 αὐτόγρα-

300 2149 449 2184 πτον
475 2132 575 2201 τῆς
605 2132 902 2201 ὁμολογίας
962 2134 1172 2202 χάρτην
1209 2133 1485 2203 παρέθετο
1507 2172 1521 2195 ,
1576 2133 1671 2185 ᾰτε
1702 2133 1766 2201 δὴ
1798 2132 1908 2183 τῶν

302 2226 477 2296 ἰερῶν
527 2225 835 2295 κειμηλίων
873 2228 974 2292 τὴν
1016 2226 1270 2295 φυλακὴν
1315 2225 1816 2293 ἐπιτετραμμένον,
1880 2227 1908 2277 ὁ

312 2322 684 2381 ’Λναστάσιος
716 2320 813 2373 ἐπὶ
843 2319 943 2391 τήν
996 2321 1151 2389 ἱερὰν
1182 2320 1351 2386 ἀνῆγε
1393 2318 1687 2387 καθέδραν.
1717 2319 1906 2372 Ταῦτα

296 2412 347 2466 δ’
372 2414 651 2483 ἔπραττεν
678 2416 707 2465 ὁ
758 2413 1067 2481 Εὑφήμιος,
1100 2412 1194 2464 καὶ
1225 2412 1293 2465 δι’
1324 2411 1469 2479 ἅπερ
1528 2432 1617 2481 μοι
1663 2414 1902 2481 εἴρηται,

298 2509 401 2560 καὶ
428 2509 513 2558 ὅτι
548 2523 652 2577 περ
699 2505 856 2569 δόξαν
879 2508 1228 2575 ῙιῙανιχαῖκῆς
1261 2506 1531 2573 αἰρέσεως
1566 2505 1906 2559 ὑποθάλπειν

296 2602 418 2659 τοῖς
454 2597 673 2659 πολλοῖς
712 2597 893 2649 ἐδόκει
948 2598 976 2647 ό
1015 2596 1370 2655 Ἀναστάσιος
1395 2612 1412 2630 ο
1448 2596 1542 2649 an;
1577 2596 1639 2665 δὴ
1681 2598 1773 2648 καὶ
1803 2596 1906 2663 τῆς

298 2690 524 2743 ἐκείνου
558 2690 770 2761 μητρὸς
827 2690 1097 2742 τάκείνων
1129 2690 1278 2759 μάλα
1308 2688 1676 2759 διαφερόντως
1709 2690 1905 2758 ζηλού-

300 2802 411 2851 cn";
436 2801 447 2813 '
485 2778 555 2855 ἦς
584 2785 611 2835 ὁ
638 2783 867 2851 ἀδελφὸς
897 2782 1183 2853 Κλέαρχος
1209 2777 1385 2845 αὖθις,
1415 2783 1483 2833 τὰ
1517 2781 1730 2851 Ἀρείου
1765 2784 1908 2850 ἐφω-

302 2880 443 2947 paro
466 2876 816 2947 πρεσϐεύων.
851 2875 945 2929 Διὸ
975 2878 1071 2929 καί
1096 2877 1430 2945 Μανιχαωις
1464 2876 1559 2929 καὶ
1599 2876 1905 2943 Ἀρειανοῖς

299 2971 527 3041 χαίρειν
559 2973 719 3040 ἐπῄει
748 2971 815 3040 τῇ
854 2970 1145 3040 ἁλουργίδι
1176 2970 1559 3032 Ἀναστασίου,
1592 2971 1905 3040 μεταὸολήν

301 3082 429 3115 τινα
462 3061 690 3114 ἔσεσθαι
728 3061 1110 3130 προσδοκῶσιν
1158 3060 1363 3122 αὐτοῖς.
1408 3062 1495 3124 Ὠς
1537 3061 1582 3114 δ’
1614 3061 1707 3115 οὖν
1734 3064 1761 3114 ό
1791 3065 1906 3114 Μα-

299 3156 552 3216 κεδόνιος
582 3154 678 3205 ἐπὶ
704 3154 795 3206 τὸν
828 3154 1023 3223 θρόνον
1042 3154 1222 3223 ἀνῄει,
1264 3152 1423 3213 αὖθις
1466 3154 1560 3205 καὶ
1588 3152 1763 3220 τούτῳ
1789 3157 1907 3205 πεῖ-

2013 2058 2139 2097 eum
2164 2043 2489 2110 dispositum
2526 2042 3019 2095 circttml'erehatur
3043 2042 3269 2106 ferrum,
3295 2045 3594 2110 exceperit;

2012 2145 2176 2203 atque
2218 2136 2387 2199 hunc,
2439 2135 2509 2187 ob
2545 2150 2670 2187 eum
2710 2136 2952 2198 modum,
2984 2145 3036 2187 et
3072 2134 3142 2187 ob
3177 2138 3340 2189 talem
3377 2152 3596 2189 causam

2014 2228 2067 2281 in
2099 2229 2356 2281 exsiliunt
2391 2228 2522 2297 egit,
2552 2243 2676 2281 cum
2710 2229 2930 2296 quidem
2970 2228 3018 2279 id
3053 2230 3286 2297 p0pulus
3314 2230 3597 2298 mgerrime

2014 2323 2208 2377 Ιοιτοι.
2239 2321 2620 2374 Macedonium
2644 2331 2853 2383 autem,
2882 2321 2969 2374 cui
3004 2321 3344 2390 Euphemius
3372 2338 3599 2391 syngra-

2013 2416 2176 2485 pham
2214 2414 2592 2477 stipulationis
2634 2430 2747 2467 suae
2788 2414 3101 2467 crediderat
3137 2419 3285 2481 (nam
3323 2414 3374 2467 ei
3406 2431 3598 2468 sacro-

2014 2525 2133 2561 rum
2160 2523 2381 2577 quoque
2404 2507 2759 2560 denariorum
2787 2508 3040 2561 custodia
3065 2511 3353 2561 commissa
3376 2509 3596 2571 luerat),

2015 2601 2069 2653 in
2104 2615 2316 2653 sacram
2361 2600 2589 2654 sustulit
2638 2599 2979 2653 cathedram.
3030 2599 3259 2653 Fet-erat
3305 2611 3485 2655 autem
3532 2618 3596 2655 ea

2012 2708 2133 2761 quae
2163 2693 2308 2747 dicta
2342 2704 2471 2746 sunt
2509 2691 2869 2761 Euphemius,
2913 2708 3034 2746 cum
3065 2694 3136 2746 ob
3163 2710 3255 2749 eas
3286 2710 3420 2760 quas
3450 2712 3599 2748 cuin-

2010 2786 2442 2841 memoravimus
2501 2799 2730 2850 causas,
2792 2796 2905 2838 tum
2964 2786 3106 2853 quod
3168 2786 3596 2840 Manichzeurum

2014 2880 2271 2933 haeresim
2340 2878 2664 2932 Anastasius
2721 2879 2885 2948 vulgo
2947 2879 3134 2932 fovere
3197 2881 3347 2934 visus
3416 2895 3595 2939 esset.

2013 2974 2219 3042 quippe
2250 2974 2411 3039 cujus
2442 2975 2605 3025 etiam
2643 2985 2821 3025 mater
2848 2989 2967 3026 eam
2996 2973 3192 3027 ardore
3230 2976 3433 3041 ingenti
3464 2992 3596 3027 con-

2012 3075 2339 3125 sectaretur,
2384 3065 2554 3118 frater
2602 3080 2824 3134 quoque
2875 3049 3029 3135 ejus,
3065 3070 3336 3121 Anastasii
3387 3070 3599 3122 scilicet

2010 3162 2319 3215 avunculus
2351 3160 2677 3222 Clearchus,
2714 3160 3010 3214 Arianismi
3046 3172 3363 3228 centpertus
3398 3163 3596 3217 fuerat.

301 3265 409 3317 ραν
440 3246 693 3317 προσῆγε
722 3244 823 3315 τὴν
874 3245 1085 3298 οἰκείαν
1137 3243 1439 3313 ὁμολογίαν
1490 3245 1710 3297 λαόεῖνο
1747 3244 1905 3312 ὖὸριν

2015 3253 2356 3323 Quapropter
2402 3262 2457 3306 et
2504 3252 2819 3307 Manichaais
2852 3262 2908 3307 et
2942 3254 3162 3307 Ariauis
3209 3272 3450 3325 purpura
3498 3274 3593 3311 sua

297 3341 416 3407 γάρ
446 3340 497 3389 ot
524 3336 799 3405 ἐνόμιζεν,
820 3338 869 3389 εἰ
895 3337 955 3389 τὸ
978 3337 1273 3407 εἰρημένον
1299 3336 1379 3407 τῷ
1412 3337 1514 3407 βίῳ
1542 3338 1904 3405 ἀπολειφθείη

298 3428 445 3496 πρὸς
476 3426 725 3494 ἔλεγχον.
769 3424 1015 3477 Ἐκείνου
1063 3425 1121 3477 δέ
1177 3424 1373 3493 ἐπίσης
1430 3425 1701 3493 Εὐφημίῳ
1760 3426 1905 3493 μάλα

297 3518 577 3588 γεννικῶς
635 3518 1017 3589 διαφέροντος,
1048 3518 1147 3572 καὶ
1174 3519 1438 3587 ἄντικρυς
1471 3518 1767 3588 προδοσίαν
1816 3518 1907 3571 πί-

297 3629 486 3675 στεως
533 3612 824 3681 κρίνοντος
859 3612 959 3681 τὴν
1007 3611 1115 3679 τῆς
1149 3612 1446 3680 ὁμολογίας
1481 3612 1760 3674 ἀπόδοσιν,
1811 3613 1906 3663 καὶ

297 3704 845 3774 άντικαθισταμένου
887 3706 1346 3775 ῥωμαλεώτερον,
1400 3709 1657 3768 παντοῖος
1693 3707 1907 3773 ἐγίνετο

306 3797 689 3858 ’Δναστάσιος
729 3795 827 3849 καὶ
856 3796 1046 3848 τοῦτον
1080 3795 1359 3849 ἀπελάσαι
1388 3796 1484 3848 τοῦ
1529 3796 1723 3866 θρόνου
1748 3814 1764 3831 ο
1814 3803 1907 3851 καὶ

295 3891 491 3942 πάντα
518 3888 772 3958 τυριύων
802 3882 895 3959 ἦν,
948 3887 1145 3941 άνῦσαι
1199 3887 1264 3941 τὸ
1291 3887 1758 3958 σπουδαζόμενον.
1812 3892 1904 3959 Μὴ

296 3980 447 4047 ἔχων
482 3978 529 4033 δ’
564 3979 594 4033 ὅ
618 3995 672 4032 τι
718 3977 816 4031 καὶ
847 3977 1092 4048 δράσειε,
1150 3976 1416 4046 σύλλογον
1445 3979 1710 4050 ἁθροίσας
1752 3981 1905 4049 αἰρε-

294 4073 503 4131 τικῶν,
542 4070 670 4139 βίαν
693 4064 945 4140 προσῆγε
996 4070 1093 4121 καὶ
1133 4067 1327 4123 τοῦτον
1360 4069 1459 4139 τὴν
1513 4072 1570 4122 ἐν
1597 4071 1905 4139 Χαλκηδόνι

300 4164 534 4216 σύνοδον
569 4161 1000 4216 ἀποϐάλλεσθαι.
1022 4161 1335 4231 Αἰσθόμενα
1363 4164 1423 4216 δὲ
1450 4167 1517 4217 τὰ
1565 4164 1745 4233 πλήθη
1779 4181 1907 4217 συν-

299 4258 506 4327 ἐρρεον
529 4296 543 4317 ,
573 4255 782 4323 Καιρδς
836 4253 1169 4323 μαρτυρίου,
1200 4253 1502 4325 διαρρήδην
1540 4255 1768 4325 βοῶντα,
1804 4277 1910 4325 μη-

300 4351 419 4412 δεὶς
448 4346 548 4400 τοῦ
595 4348 858 4415 ποιμένος
892 4346 1084 4416 πόρρω
1138 4344 1371 4413 γόνοιτο.
1428 4347 1828 4419 Ἐλοιδοροῦντο
1852 4350 1908 4402 δὲ

299 4442 387 4513 τῷ
416 4437 740 4511 κρατοῦντι,
771 4439 1073 4509 Μανιχαίον
1095 4439 1394 4502 καλοῦντες
1425 4441 1520 4493 καὶ
1546 4440 1641 4493 τοῦ
1676 4445 1907 4510 κράτους

296 4536 552 4599 ἁναξιον.
592 4533 654 4584 Ὀ
674 4532 731 4583 δὲ
772 4531 980 4595 δείσας,
1014 4533 1406 4602 προτροπάδην
1436 4532 1661 4602 φεύγειν
1688 4535 1907 4603 ἐτοιμος

2010 3344 2337 3398 Anastasius
2376 3345 2618 3399 laetitiam
2670 3346 2893 3407 attulit,
2942 3347 3302 3400 mutationem
3353 3352 3593 3417 aliquant

2010 3435 2252 3490 futuram
2286 3438 2757 3505 exspectantibus.
2805 3436 3099 3507 Postquam
3142 3440 3308 3506 igitur
3344 3442 3596 3495 Macedn-

2008 3529 2138 3584 nius
2175 3528 2543 3599 episcopalem
2582 3531 2841 3583 thronum
2879 3534 3229 3598 conscendit,
3264 3538 3329 3588 ab
3364 3551 3431 3588 eo
3459 3554 3595 3605 quo-

2007 3636 2113 3690 que
2174 3621 2427 3689 promissi
2482 3621 2565 3675 ειιὶ
2625 3624 2897 3691 scriptum
2958 3624 3283 3680 Anastasius
3348 3631 3594 3698 recipere

2007 3712 2297 3766 contendit
2329 3730 2341 3765 :
2376 3713 2772 3767 contumeliam
2820 3716 3189 3785 injuriamque
3223 3720 3326 3773 sibi
3360 3723 3470 3773 ιιι-τί
3507 3738 3594 3774 ta-

2010 3811 2120 3868 tus,
2153 3803 2199 3858 si
2240 3803 2486 3858 libellum
2534 3821 2695 3859 suum
2728 3808 2821 3875 qui
2857 3809 3023 3862 vitam
3059 3811 3179 3879 ejus
3217 3815 3591 3881 redargueret,

2007 3906 2133 3967 post
2175 3912 2235 3953 se
2278 3898 2636 3968 relinqueret.
2679 3900 2956 3955 Caeterum
2990 3920 3115 3957 cum
3158 3915 3212 3960 et
3250 3897 3590 3975 ipse'itidctn

2009 3999 2071 4043 ιιι
2094 3989 2460 4059 Euphemius,
2488 4002 2816 4047 constanter
2855 3996 2906 4049 ei
2940 3995 3349 4063 adversaretur,
3379 4012 3434 4053 et
3468 4004 3590 4056 lidei

2009 4084 2235 4138 omnino
2262 4084 2632 4153 proditionem
2659 4100 2781 4139 esse
2805 4087 2849 4139 si
2876 4086 3123 4143 libellum
3154 4105 3280 4143 eum
3314 4092 3590 4156 redderet,

2011 4176 2373 4242 existimaret,
2412 4177 2742 4247 fortiterque
2779 4194 3009 4248 prorsus
3047 4190 3241 4236 contra
3282 4200 3410 4235 cum
3461 4201 3593 4246 con-

2011 4268 2293 4331 tenderet,
2346 4270 2496 4322 varia
2544 4270 2870 4325 Anastasius
2934 4273 3057 4325 iniit
3112 4276 3378 4336 consilia,
3423 4288 3480 4328 ut
3536 4288 3591 4330 et

2011 4357 2159 4412 hunc
2186 4372 2215 4411 e
2248 4358 2379 4413 sede
2428 4358 2750 4414 deturbaret
2784 4380 2795 4415 :
2830 4364 3174 4433 tentavitque
3195 4366 3335 4418 adeo
3380 4369 3586 4424 omnia.

2011 4464 2069 4508 ιιι
2113 4458 2256 4523 quod
2320 4458 2638 4518 conabatur.
2669 4458 2919 4513 ediceret.
2947 4457 3051 4511 Sed
3086 4459 3230 4511 enim
3265 4473 3387 4511 cum
3447 4458 3587 4524 quod

2008 4545 2211 4599 faceret
2248 4562 2353 4600 non
2381 4547 2626 4613 haberet,
2652 4549 3028 4602 ilaﬂ'PliCOfUlD
3056 4561 3315 4602 consessu
3339 4547 3586 4609 culiecto,

293 4629 370 4699 ἦν
393 4648 407 4662 ·
441 4630 542 4681 καί⁵
573 4627 766 4707 ἐζήτει⁸
790 4629 885 4679 τὸν
904 4626 1266 4689 Μακεδόνων,
1294 4625 1355 4679 δν
1378 4628 1643 4696 πρότερον
1674 4632 1746 4697 μή
1777 4645 1905 4681 ποτε

2015 4652 2104 4705 per
2131 4638 2237 4689 vim
2299 4637 2695 4703 Macedonium,
2749 4648 2805 4692 ut
2855 4639 3119 4709 synodum
3176 4639 3590 4693 Chalcedonen-

296 4721 586 4784 διιὶιμνυτο
620 4716 884 4771 κατιδεῖν.
933 4716 1269 4779 Μακεδόνιος
1298 4718 1355 4770 δὲ
1410 4717 1576 4787 πολλῇ
1622 4719 1909 4789 παρρησία

296 4810 665 4880 χρησάμενος
694 4806 986 4876 διήλεγχεν
1013 4806 1397 4872 ’Δναστάσιον,
1432 4802 1521 4861 οἷα
1553 4808 1617 4879 δὴ
1644 4809 1742 4877 τῆς
1783 4809 1909 4861 Ἐκ-

298 4903 544 4970 κλησίας
577 4896 866 4966 πολέμιον.
903 4896 968 4948 ὐ
1002 4896 1061 4949 δὲ
1089 4899 1213 4949 τότε
1246 4898 1349 4966 μὲν
1384 4898 1614 4968 ἔστεργε
1646 4902 1738 4951 καὶ
1778 4901 1909 4951 ὑπέ-

298 5010 482 5051 κειτο.
516 4991 827 5061 πραότερον
852 4990 1051 5042 ἑαυτὸν
1080 4990 1343 5059 παρέχων
1365 5006 1379 5021 ο
1416 4992 1474 5053 ἐς
1500 4990 1725 5060 ὕστερον
1748 4992 1805 5044 δὲ
1832 4990 1908 5062 τῷ

299 5086 611 5154 δυστρόπῳ
656 5084 754 5151 τῆς
782 5082 1033 5151 γνώμης,
1094 5083 1438 5151 κατηγόρους
1485 5100 1542 5135 τε
1574 5085 1902 5151 ἐμισθοῦτο·

299 5179 401 5231 καὶ
434 5177 633 5239 παῖδες
694 5177 1079 5245 μειρακίσκοι,
1140 5175 1485 5242 συκοφάνται
1542 5176 1694 5244 σφῶν
1724 5181 1906 5232 αὐτῶν

299 5269 402 5321 καὶ
432 5265 807 5330 Μακεδονίου,
838 5268 1177 5334 παρήγοντο,
1202 5265 1601 5333 αἰσχρουργίαν
1632 5284 1772 5319 κατα
1790 5272 1907 5335 ξευη

300 5360 549 5427 δόμενοι.
598 5356 757 5407 Ἐπεὶ
788 5356 845 5407 δὲ
872 5355 1045 5408 ταῦτα
1073 5358 1140 5407 ἐκ
1162 5354 1256 5407 τοῦ
1293 5357 1478 5425 σχεδὸν
1512 5357 1760 5429 διήλεγχε
1788 5363 1904 5414 Μα-

301 5452 576 5515 ιεεδὸνιος,
611 5450 747 5519 ἄτερ
788 5448 899 5500 τῶν
954 5449 1218 5520 ἀνδρείων
1269 5452 1464 5503 ἑαυτὸν
1510 5453 1802 5515 ἀποδείξας
1838 5458 1901 5523 τῇ

301 5543 400 5597 τοῦ
437 5541 697 5617 χιτωνίου
718 5540 1021 5609 άναστολῇ,
1044 5542 1181 5611 πρὸς
1211 5541 1373 5611 ἔτερα
1398 5544 1705 5613 μετεχώρει
1739 5544 1903 5597 δολιό-

296 5652 474 5703 τητος
500 5634 771 5703 γέμοντα.
822 5633 924 5685 Διά
980 5632 1090 5703 γὰρ
1140 5634 1449 5703 Κὲλλωρος,
1502 5635 1560 5697 ὃς
1604 5637 1715 5687 τῶν
1751 5640 1807 5690 ἐν
1837 5641 1900 5707 τῇ

302 5728 447 5796 αὐλῇ
474 5727 689 5791 τάξεων
704 5724 933 5794 ἡγεμὼν
964 5727 1341 5796 καθειστήκει,
1375 5728 1551 5797 χάρτῃ
1573 5730 1670 5791 τὰς
1691 5729 1784 5781 δύο
1810 5732 1904 5797 μό-

302 5836 404 5877 νας
431 5818 691 5881 συνόδους
716 5816 1027 5886 ἐγγράψας,
1070 5817 1325 5886 δέχεσθαι
1358 5819 1647 5887 ὡμολόγει,
1696 5822 1891 5890 παρεὶς

307 5912 406 5981 τὴν
429 5910 627 5980 τρίτην
661 5912 755 5962 καὶ
785 5908 887 5978 τήν
922 5910 1213 5978 τετάρτην.
1254 5912 1317 5963 Ὀ
1352 5909 1415 5981 δή
1448 5913 1539 5963 καὶ
1571 5913 1780 5981 μέμψιν
1836 5916 1897 5965 οὐ

2011 4742 2123 4781 sem
2150 4728 2452 4794 damnaret,
2504 4745 2701 4797 cogere
2736 4730 2924 4785 voluit.
2979 4730 3131 4797 Quod
3175 4732 3261 4785 ubi
3298 4732 3592 4783 multitudo

2010 4821 2200 4879 sensit.
2230 4820 2294 4871 ad
2330 4836 2452 4873 eum
2510 4822 2688 4874 locum
2720 4824 2979 4887 accurrit,
3011 4831 3065 4877 et
3096 4834 3284 4890 aperte
3314 4824 3589 4877 exclama-

2011 4909 2127 4963 vit:
2169 4908 2410 4980 Martyril
2448 4921 2663 4979 tempus
2723 4915 2899 4978 adest,
2970 4929 3130 4967 nemo
3167 4914 3384 4982 longius
3424 4930 3451 4965 a
3491 4928 3588 4980 pa-

2011 5010 2158 5055 store
2186 5001 2434 5056 absistat.
2481 5002 2544 5055 Et
2577 5005 2821 5057 convicia
2880 5006 2929 5057 in
2962 5006 3341 5073 imperatorem
3400 5006 3588 5067 conje-

2011 5094 2106 5163 cit,
2134 5093 2512 5160 Manichzeum,
2549 5098 2639 5163 qui
2701 5097 2929 5164 imperio
2986 5096 3242 5165 indignus
3271 5108 3435 5156 esset,
3497 5110 3588 5147 vo-

2009 5198 2163 5237 cans.
2199 5184 2263 5236 Et
2304 5184 2627 5238 Anastasius
2679 5182 2779 5239 sibi
2828 5192 3105 5248 metuens,
3147 5185 3214 5238 ad
3265 5186 3585 5255 fugiendum

2009 5285 2236 5344 paratus
2284 5275 2390 5329 fuit
2439 5292 2453 5329 :
2504 5274 2997 5342 Macedoniumque
3071 5278 3357 5343 quaesivit,
3419 5296 3583 5347 quem

2008 5375 2169 5419 antea
2230 5381 2289 5419 se
2351 5380 2530 5432 neque
2587 5376 2967 5433 respecturum
3028 5382 3148 5421 esse
3208 5369 3582 5436 adjuraverat.

2011 5455 2362 5509 Macedonius
2384 5471 2509 5508 cum
2536 5456 2791 5511 libertate
2820 5459 2986 5509 multa
3013 5459 3385 5517 Anastasiuut.
3414 5461 3581 5513 veluti

2009 5549 2089 5602 rei
2144 5548 2537 5603 ecclesiastica:
2587 5550 2823 5609 hostem,
2879 5550 3215 5618 objurgavit.
3254 5554 3432 5619 Atque
3492 5555 3580 5606 ille

2010 5649 2123 5693 tum
2167 5641 2218 5693 in
2251 5640 2433 5694 verbis
2474 5642 2593 5710 ejus
2623 5641 2921 5708 acquievit,
2952 5642 3119 5713 695
3147 5659 3313 5711 seque
3344 5646 3580 5712 placabi~

2007 5734 2201 5787 liorem
2268 5734 2556 5801 praebens,
2628 5734 2906 5788 submisit.
2980 5736 3335 5790 Postmodum
3398 5748 3578 5791 autem

2008 5834 2232 5892 pr0pter
2270 5824 2439 5877 anitni
2484 5826 2890 5893 improbitatem
2927 5839 3277 5880 accusatores
3312 5829 3579 5884 adversus

2007 5928 2133 5966 eum
2169 5914 2419 5967 mercede
2445 5915 2726 5969 Conduxit.
2756 5915 2823 5967 Et
2848 5924 3049 5983 praesto
3080 5916 3232 5970 fuere
3263 5917 3576 5972 adole-Scen-
