  <div class='ocr_page' id='page_1' title='image "/cluster/home/n/w/nwhite01/storage/ocr_20150623/147/nnc1.0046980555/091.png"; bbox 0 0 4236 6442; ppageno 0'>
   <div class='ocr_carea' id='block_1_1' title="bbox 693 466 790 534">
    <p class='ocr_par' dir='ltr' id='par_1_1' title="bbox 693 466 790 534">
     <span class='ocr_line' id='line_1_1' title="bbox 693 466 790 534; baseline -0.01 -1"><span class='ocrx_word' id='word_1_1' title='bbox 693 466 790 534; x_wconf 79' lang='grc'><strong>171</strong></span> 
     </span>
    </p>
   </div>
   <div class='ocr_carea' id='block_1_2' title="bbox 1903 442 2721 521">
    <p class='ocr_par' dir='ltr' id='par_1_2' title="bbox 1903 442 2721 521">
     <span class='ocr_line' id='line_1_2' title="bbox 1903 442 2721 521; baseline -0.009 -8"><span class='ocrx_word' id='word_1_2' title='bbox 1903 442 2330 521; x_wconf 74' lang='lat' dir='ltr'><strong>NICEPHORI</strong></span> <span class='ocrx_word' id='word_1_3' title='bbox 2377 447 2721 511; x_wconf 77' lang='lat' dir='ltr'><strong>CALLISTI</strong></span> 
     </span>
    </p>
   </div>
   <div class='ocr_carea' id='block_1_3' title="bbox 3819 437 3931 500">
    <p class='ocr_par' dir='ltr' id='par_1_3' title="bbox 3819 437 3931 500">
     <span class='ocr_line' id='line_1_3' title="bbox 3819 437 3931 500; baseline 0.036 -4"><span class='ocrx_word' id='word_1_4' title='bbox 3819 437 3931 500; x_wconf 71' lang='grc'><strong>472</strong></span> 
     </span>
    </p>
   </div>
   <div class='ocr_carea' id='block_1_4' title="bbox 694 551 2367 654">
    <p class='ocr_par' dir='ltr' id='par_1_4' title="bbox 694 566 2367 654">
     <span class='ocr_line' id='line_1_4' title="bbox 694 566 2367 654; baseline -0.019 -13"><span class='ocrx_word' id='word_1_5' title='bbox 694 593 918 654; x_wconf 83' lang='lat' dir='ltr'><strong>accepta</strong></span> <span class='ocrx_word' id='word_1_6' title='bbox 953 579 1160 636; x_wconf 86' lang='lat' dir='ltr'><strong>clades.</strong></span> <span class='ocrx_word' id='word_1_7' title='bbox 1199 576 1430 643; x_wconf 61' lang='lat' dir='ltr'><strong>Protiter</strong></span> <span class='ocrx_word' id='word_1_8' title='bbox 1458 572 1606 626; x_wconf 84' lang='lat' dir='ltr'><strong>hunc</strong></span> <span class='ocrx_word' id='word_1_9' title='bbox 1655 571 1824 641; x_wconf 77' lang='lat' dir='ltr'><strong>igitur</strong></span> <span class='ocrx_word' id='word_1_10' title='bbox 1860 580 1916 623; x_wconf 78' lang='lat' dir='ltr'><strong>et</strong></span> <span class='ocrx_word' id='word_1_11' title='bbox 1966 569 2117 621; x_wconf 84' lang='lat' dir='ltr'><strong>illum</strong></span> <span class='ocrx_word' id='word_1_12' title='bbox 2160 580 2251 617; x_wconf 83' lang='lat' dir='ltr'><strong>ea-</strong></span> <span class='ocrx_word' id='word_1_13' title='bbox 2287 566 2367 620; x_wconf 69' lang='grc' dir='ltr'>Απ</span> 
     </span>
    </p>
   </div>
   <div class='ocr_carea' id='block_1_5' title="bbox 2248 551 3921 654">
    <p class='ocr_par' dir='ltr' id='par_1_5' title="bbox 2248 551 3921 633">
     <span class='ocr_line' id='line_1_5' title="bbox 2248 551 3921 633; baseline -0.005 -20"><span class='ocrx_word' id='word_1_14' title='bbox 2248 592 2251 602; x_wconf 81' lang='grc' dir='ltr'><strong>ι</strong></span> <span class='ocrx_word' id='word_1_15' title='bbox 2287 566 2329 620; x_wconf 73' lang='grc' dir='ltr'><strong>Α</strong></span> <span class='ocrx_word' id='word_1_16' title='bbox 2357 560 2529 613; x_wconf 86' lang='grc' dir='ltr'>ταῦτα</span> <span class='ocrx_word' id='word_1_17' title='bbox 2577 560 2801 613; x_wconf 79' lang='grc' dir='ltr'>κάκεῖνα</span> <span class='ocrx_word' id='word_1_18' title='bbox 2852 558 3016 626; x_wconf 76' lang='grc' dir='ltr'>τέχνῃ</span> <span class='ocrx_word' id='word_1_19' title='bbox 3049 551 3349 633; x_wconf 52' lang='grc' dir='ltr'>Φλαϐιανος</span> <span class='ocrx_word' id='word_1_20' title='bbox 3394 553 3684 623; x_wconf 74' lang='grc' dir='ltr'><strong>ὑπερόριος</strong></span> <span class='ocrx_word' id='word_1_21' title='bbox 3736 554 3921 623; x_wconf 68' lang='grc' dir='ltr'>ἤγετο.</span> 
     </span>
    </p>
   </div>
   <div class='ocr_carea' id='block_1_6' title="bbox 691 654 2255 737">
    <p class='ocr_par' dir='ltr' id='par_1_6' title="bbox 691 654 2255 737">
     <span class='ocr_line' id='line_1_6' title="bbox 691 654 2255 737; baseline -0.015 -6"><span class='ocrx_word' id='word_1_22' title='bbox 691 692 838 737; x_wconf 89' lang='lat' dir='ltr'><strong>sum,</strong></span> <span class='ocrx_word' id='word_1_23' title='bbox 890 672 1183 728; x_wconf 83' lang='lat' dir='ltr'><strong>Flavianus</strong></span> <span class='ocrx_word' id='word_1_24' title='bbox 1235 666 1428 721; x_wconf 78' lang='lat' dir='ltr'><strong>fraude</strong></span> <span class='ocrx_word' id='word_1_25' title='bbox 1479 664 1715 734; x_wconf 88' lang='lat' dir='ltr'><strong>quadam</strong></span> <span class='ocrx_word' id='word_1_26' title='bbox 1754 662 1821 714; x_wconf 83' lang='lat' dir='ltr'><strong>in</strong></span> <span class='ocrx_word' id='word_1_27' title='bbox 1859 660 2110 714; x_wconf 78' lang='lat' dir='ltr'><strong>exsilium</strong></span> <span class='ocrx_word' id='word_1_28' title='bbox 2159 654 2255 709; x_wconf 88' lang='lat' dir='ltr'><strong>ab-</strong></span> 
     </span>
    </p>
   </div>
   <div class='ocr_carea' id='block_1_7' title="bbox 691 748 2258 831">
    <p class='ocr_par' dir='ltr' id='par_1_7' title="bbox 691 748 2258 831">
     <span class='ocr_line' id='line_1_7' title="bbox 691 748 2258 831; baseline -0.014 -9"><span class='ocrx_word' id='word_1_29' title='bbox 691 772 893 821; x_wconf 83' lang='lat' dir='ltr'><strong>ductus</strong></span> <span class='ocrx_word' id='word_1_30' title='bbox 922 772 1028 827; x_wconf 90' lang='lat' dir='ltr'><strong>est,</strong></span> <span class='ocrx_word' id='word_1_31' title='bbox 1058 773 1271 831; x_wconf 97' lang='lat' dir='ltr'><strong>petram</strong></span> <span class='ocrx_word' id='word_1_32' title='bbox 1305 758 1596 829; x_wconf 79' lang='lat' dir='ltr'><strong>quamdam</strong></span> <span class='ocrx_word' id='word_1_33' title='bbox 1632 763 1961 824; x_wconf 67' lang='lat' dir='ltr'><strong>praeruptam</strong></span> <span class='ocrx_word' id='word_1_34' title='bbox 2000 762 2053 803; x_wconf 91' lang='lat' dir='ltr'><strong>ct</strong></span> <span class='ocrx_word' id='word_1_35' title='bbox 2085 748 2258 802; x_wconf 83' lang='lat' dir='ltr'><strong>subli-</strong></span> 
     </span>
    </p>
   </div>
   <div class='ocr_carea' id='block_1_8' title="bbox 696 840 2256 914">
    <p class='ocr_par' dir='ltr' id='par_1_8' title="bbox 696 840 2256 914">
     <span class='ocr_line' id='line_1_8' title="bbox 696 840 2256 914; baseline -0.015 0"><span class='ocrx_word' id='word_1_36' title='bbox 696 872 838 914; x_wconf 84' lang='lat' dir='ltr'><strong>mem</strong></span> <span class='ocrx_word' id='word_1_37' title='bbox 908 856 963 908; x_wconf 92' lang='lat' dir='ltr'><strong>in</strong></span> <span class='ocrx_word' id='word_1_38' title='bbox 1025 852 1329 906; x_wconf 73' lang='lat' dir='ltr'><strong>Palzestina:</strong></span> <span class='ocrx_word' id='word_1_39' title='bbox 1381 848 1585 902; x_wconf 85' lang='lat' dir='ltr'><strong>linibus</strong></span> <span class='ocrx_word' id='word_1_40' title='bbox 1636 846 1878 901; x_wconf 90' lang='lat' dir='ltr'><strong>incolere</strong></span> <span class='ocrx_word' id='word_1_41' title='bbox 1929 858 2026 911; x_wconf 85' lang='lat' dir='ltr'><strong>per</strong></span> <span class='ocrx_word' id='word_1_42' title='bbox 2089 840 2256 893; x_wconf 86' lang='lat' dir='ltr'><strong>vitam</strong></span> 
     </span>
    </p>
   </div>
   <div class='ocr_carea' id='block_1_9' title="bbox 687 933 2257 1020">
    <p class='ocr_par' dir='ltr' id='par_1_9' title="bbox 687 933 2257 1020">
     <span class='ocr_line' id='line_1_9' title="bbox 687 933 2257 1020; baseline -0.015 -13"><span class='ocrx_word' id='word_1_43' title='bbox 687 954 895 1020; x_wconf 84' lang='lat' dir='ltr'><strong>jussus.</strong></span> <span class='ocrx_word' id='word_1_44' title='bbox 941 947 1032 1002; x_wconf 71' lang='lat' dir='ltr'><strong>Ha:</strong></span> <span class='ocrx_word' id='word_1_45' title='bbox 1076 959 1258 1001; x_wconf 80' lang='lat' dir='ltr'><strong>causae</strong></span> <span class='ocrx_word' id='word_1_46' title='bbox 1308 952 1457 1004; x_wconf 88' lang='lat' dir='ltr'><strong>sunt,</strong></span> <span class='ocrx_word' id='word_1_47' title='bbox 1511 955 1673 1009; x_wconf 90' lang='lat' dir='ltr'><strong>quam</strong></span> <span class='ocrx_word' id='word_1_48' title='bbox 1705 939 1774 991; x_wconf 93' lang='lat' dir='ltr'><strong>ob</strong></span> <span class='ocrx_word' id='word_1_49' title='bbox 1821 952 1935 989; x_wconf 89' lang='lat' dir='ltr'><strong>rem</strong></span> <span class='ocrx_word' id='word_1_50' title='bbox 1984 934 2120 988; x_wconf 87' lang='lat' dir='ltr'><strong>tanti</strong></span> <span class='ocrx_word' id='word_1_51' title='bbox 2157 933 2257 985; x_wconf 89' lang='lat' dir='ltr'><strong>viri</strong></span> 
     </span>
    </p>
   </div>
   <div class='ocr_carea' id='block_1_10' title="bbox 694 1025 2259 1101">
    <p class='ocr_par' dir='ltr' id='par_1_10' title="bbox 694 1025 2259 1101">
     <span class='ocr_line' id='line_1_10' title="bbox 694 1025 2259 1101; baseline -0.015 -1"><span class='ocrx_word' id='word_1_52' title='bbox 694 1044 1055 1101; x_wconf 73' lang='lat' dir='ltr'><strong>Macedonius</strong></span> <span class='ocrx_word' id='word_1_53' title='bbox 1122 1048 1179 1095; x_wconf 84' lang='lat' dir='ltr'><strong>et</strong></span> <span class='ocrx_word' id='word_1_54' title='bbox 1242 1037 1537 1091; x_wconf 85' lang='lat' dir='ltr'><strong>Flavianus</strong></span> <span class='ocrx_word' id='word_1_55' title='bbox 1606 1032 1833 1087; x_wconf 87' lang='lat' dir='ltr'><strong>sedibus</strong></span> <span class='ocrx_word' id='word_1_56' title='bbox 1901 1029 2015 1084; x_wconf 87' lang='lat' dir='ltr'><strong>suis</strong></span> <span class='ocrx_word' id='word_1_57' title='bbox 2085 1025 2259 1079; x_wconf 75' lang='lat' dir='ltr'><strong>exacti</strong></span> 
     </span>
    </p>
   </div>
   <div class='ocr_carea' id='block_1_11' title="bbox 695 1117 2261 1210">
    <p class='ocr_par' dir='ltr' id='par_1_11' title="bbox 695 1117 2261 1210">
     <span class='ocr_line' id='line_1_11' title="bbox 695 1117 2261 1210; baseline -0.016 -17"><span class='ocrx_word' id='word_1_58' title='bbox 695 1138 825 1210; x_wconf 74' lang='lat' dir='ltr'><strong>sint.</strong></span> <span class='ocrx_word' id='word_1_59' title='bbox 898 1136 975 1189; x_wconf 88' lang='lat' dir='ltr'><strong>De</strong></span> <span class='ocrx_word' id='word_1_60' title='bbox 1045 1132 1251 1202; x_wconf 80' lang='lat' dir='ltr'><strong>quibus</strong></span> <span class='ocrx_word' id='word_1_61' title='bbox 1308 1129 1474 1183; x_wconf 81' lang='lat' dir='ltr'><strong>etiam</strong></span> <span class='ocrx_word' id='word_1_62' title='bbox 1540 1124 1795 1178; x_wconf 87' lang='lat' dir='ltr'><strong>monachi</strong></span> <span class='ocrx_word' id='word_1_63' title='bbox 1859 1119 2129 1177; x_wconf 65' lang='lat' dir='ltr'><strong>Palaestini</strong></span> <span class='ocrx_word' id='word_1_64' title='bbox 2196 1117 2261 1169; x_wconf 87' lang='lat' dir='ltr'><strong>ad</strong></span> 
     </span>
    </p>
   </div>
   <div class='ocr_carea' id='block_1_12' title="bbox 697 1215 2263 1284">
    <p class='ocr_par' dir='ltr' id='par_1_12' title="bbox 697 1215 2263 1284">
     <span class='ocr_line' id='line_1_12' title="bbox 697 1215 2263 1284; baseline -0.015 0"><span class='ocrx_word' id='word_1_65' title='bbox 697 1230 1007 1284; x_wconf 66' lang='lat' dir='ltr'><strong>Alcisonem</strong></span> <span class='ocrx_word' id='word_1_66' title='bbox 1064 1224 1373 1279; x_wconf 74' lang='lat' dir='ltr'><strong>scribentes</strong></span> <span class='ocrx_word' id='word_1_67' title='bbox 1416 1221 1530 1274; x_wconf 78' lang='lat' dir='ltr'><strong>lucc</strong></span> <span class='ocrx_word' id='word_1_68' title='bbox 1584 1215 1770 1271; x_wconf 76' lang='lat' dir='ltr'><strong>verbis</strong></span> <span class='ocrx_word' id='word_1_69' title='bbox 1819 1216 1972 1268; x_wconf 86' lang='lat' dir='ltr'><strong>hisce</strong></span> <span class='ocrx_word' id='word_1_70' title='bbox 2025 1224 2263 1265; x_wconf 77' lang='lat' dir='ltr'><strong>eamme-</strong></span> 
     </span>
    </p>
   </div>
   <div class='ocr_carea' id='block_1_13' title="bbox 698 1328 963 1374">
    <p class='ocr_par' dir='ltr' id='par_1_13' title="bbox 698 1328 963 1374">
     <span class='ocr_line' id='line_1_13' title="bbox 698 1328 963 1374; baseline -0.015 -1"><span class='ocrx_word' id='word_1_71' title='bbox 698 1328 918 1374; x_wconf 83' lang='lat' dir='ltr'><strong>tuorant</strong></span> <span class='ocrx_word' id='word_1_72' title='bbox 949 1334 963 1369; x_wconf 71' lang='grc' dir='ltr'>ζ</span> 
     </span>
    </p>
   </div>
   <div class='ocr_carea' id='block_1_14' title="bbox 1220 1422 1727 1482">
    <p class='ocr_par' dir='ltr' id='par_1_14' title="bbox 1220 1422 1727 1482">
     <span class='ocr_line' id='line_1_14' title="bbox 1220 1422 1727 1482; baseline -0.012 -4"><span class='ocrx_word' id='word_1_73' title='bbox 1220 1423 1447 1482; x_wconf 73' lang='lat' dir='ltr'><strong>CAPUT</strong></span> <span class='ocrx_word' id='word_1_74' title='bbox 1494 1422 1727 1479; x_wconf 73' lang='lat' dir='ltr'><strong>XXVlil.</strong></span> 
     </span>
    </p>
   </div>
   <div class='ocr_carea' id='block_1_15' title="bbox 700 1506 2270 1585">
    <p class='ocr_par' dir='ltr' id='par_1_15' title="bbox 700 1506 2270 1585">
     <span class='ocr_line' id='line_1_15' title="bbox 700 1506 2270 1585; baseline -0.008 -14"><span class='ocrx_word' id='word_1_75' title='bbox 700 1521 827 1585; x_wconf 72' lang='lat' dir='ltr'><strong>Qum</strong></span> <span class='ocrx_word' id='word_1_76' title='bbox 857 1519 1097 1570; x_wconf 73' lang='lat' dir='ltr'><strong>monachi</strong></span> <span class='ocrx_word' id='word_1_77' title='bbox 1134 1516 1411 1569; x_wconf 64' lang='lat' dir='ltr'><strong>l’nlmstini</strong></span> <span class='ocrx_word' id='word_1_78' title='bbox 1434 1519 1501 1567; x_wconf 81' lang='lat' dir='ltr'><strong>tu!</strong></span> <span class='ocrx_word' id='word_1_79' title='bbox 1531 1515 1823 1567; x_wconf 69' lang='lat' dir='ltr'><strong>Alt-isoncm</strong></span> <span class='ocrx_word' id='word_1_80' title='bbox 1859 1512 1921 1563; x_wconf 80' lang='lat' dir='ltr'><strong>de</strong></span> <span class='ocrx_word' id='word_1_81' title='bbox 1961 1506 2270 1585; x_wconf 65' lang='lat' dir='ltr'><strong>Macedonio</strong></span> 
     </span>
    </p>
   </div>
   <div class='ocr_carea' id='block_1_16' title="bbox 770 1577 2270 1642">
    <p class='ocr_par' dir='ltr' id='par_1_16' title="bbox 770 1577 2270 1642">
     <span class='ocr_line' id='line_1_16' title="bbox 770 1577 2270 1642; baseline -0.009 0"><span class='ocrx_word' id='word_1_82' title='bbox 770 1601 817 1642; x_wconf 77' lang='lat' dir='ltr'><strong>et</strong></span> <span class='ocrx_word' id='word_1_83' title='bbox 852 1588 1115 1641; x_wconf 76' lang='lat' dir='ltr'><strong>Flaviano</strong></span> <span class='ocrx_word' id='word_1_84' title='bbox 1156 1588 1478 1640; x_wconf 76' lang='lat' dir='ltr'><strong>Antiorhcno</strong></span> <span class='ocrx_word' id='word_1_85' title='bbox 1526 1585 1836 1641; x_wconf 69' lang='lat' dir='ltr'><strong>scripserint</strong></span> <span class='ocrx_word' id='word_1_86' title='bbox 1880 1598 1896 1635; x_wconf 88' lang='lat'><strong><em>:</em></strong></span> <span class='ocrx_word' id='word_1_87' title='bbox 1940 1590 1987 1631; x_wconf 86' lang='lat' dir='ltr'><strong>et</strong></span> <span class='ocrx_word' id='word_1_88' title='bbox 2019 1580 2083 1631; x_wconf 85' lang='lat' dir='ltr'><strong>de</strong></span> <span class='ocrx_word' id='word_1_89' title='bbox 2117 1577 2270 1632; x_wconf 77' lang='lat' dir='ltr'><strong>eccle-</strong></span> 
     </span>
    </p>
   </div>
   <div class='ocr_carea' id='block_1_17' title="bbox 769 1656 1677 1722">
    <p class='ocr_par' dir='ltr' id='par_1_17' title="bbox 769 1656 1677 1722">
     <span class='ocr_line' id='line_1_17' title="bbox 769 1656 1677 1722; baseline -0.006 -11"><span class='ocrx_word' id='word_1_90' title='bbox 769 1663 970 1712; x_wconf 72' lang='lat' dir='ltr'><strong>siarum</strong></span> <span class='ocrx_word' id='word_1_91' title='bbox 1003 1675 1062 1710; x_wconf 76' lang='lat' dir='ltr'><strong>eo</strong></span> <span class='ocrx_word' id='word_1_92' title='bbox 1090 1670 1316 1722; x_wconf 63' lang='lat' dir='ltr'><strong>tempore</strong></span> <span class='ocrx_word' id='word_1_93' title='bbox 1356 1656 1677 1722; x_wconf 60' lang='lat' dir='ltr'><strong>confusione.</strong></span> 
     </span>
    </p>
   </div>
   <div class='ocr_carea' id='block_1_18' title="bbox 782 1831 2270 1899">
    <p class='ocr_par' dir='ltr' id='par_1_18' title="bbox 782 1831 2270 1899">
     <span class='ocr_line' id='line_1_18' title="bbox 782 1831 2270 1899; baseline -0.005 -8"><span class='ocrx_word' id='word_1_94' title='bbox 782 1861 799 1891; x_wconf 77' lang='grc' dir='ltr'><strong>ε</strong></span> <span class='ocrx_word' id='word_1_95' title='bbox 836 1843 1001 1895; x_wconf 80' lang='lat' dir='ltr'><strong>Petro</strong></span> <span class='ocrx_word' id='word_1_96' title='bbox 1033 1853 1165 1892; x_wconf 87' lang='lat' dir='ltr'><strong>vero</strong></span> <span class='ocrx_word' id='word_1_97' title='bbox 1202 1837 1488 1899; x_wconf 67' lang='lat' dir='ltr'><strong>defuncto,</strong></span> <span class='ocrx_word' id='word_1_98' title='bbox 1523 1852 1716 1889; x_wconf 74' lang='lat' dir='ltr'><strong>rursus</strong></span> <span class='ocrx_word' id='word_1_99' title='bbox 1746 1838 1888 1887; x_wconf 89' lang='lat' dir='ltr'><strong>inter</strong></span> <span class='ocrx_word' id='word_1_100' title='bbox 1912 1848 1969 1886; x_wconf 78' lang='lat' dir='ltr'><strong>se</strong></span> <span class='ocrx_word' id='word_1_101' title='bbox 2002 1831 2270 1884; x_wconf 79' lang='lat' dir='ltr'><strong>dissidere</strong></span> 
     </span>
    </p>
   </div>
   <div class='ocr_carea' id='block_1_19' title="bbox 2362 629 3926 721">
    <p class='ocr_par' dir='ltr' id='par_1_19' title="bbox 2362 629 3926 721">
     <span class='ocr_line' id='line_1_19' title="bbox 2362 629 3926 721; baseline -0.005 -20"><span class='ocrx_word' id='word_1_102' title='bbox 2362 653 2569 721; x_wconf 83' lang='grc' dir='ltr'>πέτραν</span> <span class='ocrx_word' id='word_1_103' title='bbox 2604 648 2705 701; x_wconf 79' lang='grc' dir='ltr'>τίν’</span> <span class='ocrx_word' id='word_1_104' title='bbox 2758 650 3036 712; x_wconf 79' lang='grc' dir='ltr'>ἀπότομον</span> <span class='ocrx_word' id='word_1_105' title='bbox 3065 629 3234 699; x_wconf 68' lang='grc' dir='ltr'>οἰκεῖν</span> <span class='ocrx_word' id='word_1_106' title='bbox 3262 646 3349 698; x_wconf 68' lang='grc' dir='ltr'><strong>διὰ</strong></span> <span class='ocrx_word' id='word_1_107' title='bbox 3384 645 3500 715; x_wconf 77' lang='grc' dir='ltr'>βῖου</span> <span class='ocrx_word' id='word_1_108' title='bbox 3547 644 3926 714; x_wconf 70' lang='grc' dir='ltr'>κατακριθεὶς,</span> 
     </span>
    </p>
   </div>
   <div class='ocr_carea' id='block_1_20' title="bbox 2364 740 3927 814">
    <p class='ocr_par' dir='ltr' id='par_1_20' title="bbox 2364 740 3927 814">
     <span class='ocr_line' id='line_1_20' title="bbox 2364 740 3927 814; baseline -0.004 -17"><span class='ocrx_word' id='word_1_109' title='bbox 2364 744 2499 814; x_wconf 72' lang='grc' dir='ltr'>πρὸς</span> <span class='ocrx_word' id='word_1_110' title='bbox 2527 745 2633 805; x_wconf 80' lang='grc' dir='ltr'>τοῖς</span> <span class='ocrx_word' id='word_1_111' title='bbox 2670 744 2905 810; x_wconf 70' lang='grc' dir='ltr'>τέρματι</span> <span class='ocrx_word' id='word_1_112' title='bbox 2945 741 3311 808; x_wconf 76' lang='grc' dir='ltr'><strong>Παλαιστίνης</strong></span> <span class='ocrx_word' id='word_1_113' title='bbox 3342 741 3697 813; x_wconf 75' lang='grc' dir='ltr'>ῂωρημένην.</span> <span class='ocrx_word' id='word_1_114' title='bbox 3746 740 3927 793; x_wconf 84' lang='grc' dir='ltr'>Ταῦτα</span> 
     </span>
    </p>
   </div>
   <div class='ocr_carea' id='block_1_21' title="bbox 2367 829 3927 911">
    <p class='ocr_par' dir='ltr' id='par_1_21' title="bbox 2367 829 3927 911">
     <span class='ocr_line' id='line_1_21' title="bbox 2367 829 3927 911; baseline -0.003 -27"><span class='ocrx_word' id='word_1_115' title='bbox 2367 833 2662 911; x_wconf 66' lang='grc' dir='ltr'>μὲναίτια,</span> <span class='ocrx_word' id='word_1_116' title='bbox 2694 832 2761 885; x_wconf 86' lang='grc' dir='ltr'><strong>δι’</strong></span> <span class='ocrx_word' id='word_1_117' title='bbox 2792 831 2827 884; x_wconf 74' lang='grc' dir='ltr'>ἃ</span> <span class='ocrx_word' id='word_1_118' title='bbox 2863 834 2910 883; x_wconf 86' lang='lat' dir='ltr'><strong>oi</strong></span> <span class='ocrx_word' id='word_1_119' title='bbox 2943 831 3189 882; x_wconf 80' lang='grc' dir='ltr'>τοσοῦτοι</span> <span class='ocrx_word' id='word_1_120' title='bbox 3225 830 3439 899; x_wconf 78' lang='grc' dir='ltr'>ἄνδρες,</span> <span class='ocrx_word' id='word_1_121' title='bbox 3477 829 3810 891; x_wconf 75' lang='grc' dir='ltr'>Μακεδόνιος</span> <span class='ocrx_word' id='word_1_122' title='bbox 3834 830 3927 881; x_wconf 71' lang='grc' dir='ltr'>καὶ</span> 
     </span>
    </p>
   </div>
   <div class='ocr_carea' id='block_1_22' title="bbox 2362 919 3931 994">
    <p class='ocr_par' dir='ltr' id='par_1_22' title="bbox 2362 919 3931 994">
     <span class='ocr_line' id='line_1_22' title="bbox 2362 919 3931 994; baseline -0.003 -15"><span class='ocrx_word' id='word_1_123' title='bbox 2362 927 2686 989; x_wconf 74' lang='grc' dir='ltr'>Φλαόιανδς,</span> <span class='ocrx_word' id='word_1_124' title='bbox 2718 925 2825 977; x_wconf 80' lang='grc' dir='ltr'><strong>τῶν</strong></span> <span class='ocrx_word' id='word_1_125' title='bbox 2856 924 3075 977; x_wconf 81' lang='grc' dir='ltr'><strong>οἰκείων</strong></span> <span class='ocrx_word' id='word_1_126' title='bbox 3106 924 3313 993; x_wconf 83' lang='grc' dir='ltr'><strong>θρόνων</strong></span> <span class='ocrx_word' id='word_1_127' title='bbox 3336 923 3621 993; x_wconf 73' lang='grc' dir='ltr'><strong>ἠλάθησαν</strong></span> <span class='ocrx_word' id='word_1_128' title='bbox 3645 938 3659 952; x_wconf 74' lang='grc' dir='ltr'><strong>ο</strong></span> <span class='ocrx_word' id='word_1_129' title='bbox 3698 923 3827 994; x_wconf 79' lang='grc' dir='ltr'>περὶ</span> <span class='ocrx_word' id='word_1_130' title='bbox 3855 919 3931 975; x_wconf 75' lang='grc' dir='ltr'>ὧν</span> 
     </span>
    </p>
   </div>
   <div class='ocr_carea' id='block_1_23' title="bbox 2364 1015 3931 1087">
    <p class='ocr_par' dir='ltr' id='par_1_23' title="bbox 2364 1015 3931 1087">
     <span class='ocr_line' id='line_1_23' title="bbox 2364 1015 3931 1087; baseline -0.003 -15"><span class='ocrx_word' id='word_1_131' title='bbox 2364 1021 2460 1072; x_wconf 73' lang='grc' dir='ltr'><strong>καὶ</strong></span> <span class='ocrx_word' id='word_1_132' title='bbox 2507 1019 2568 1070; x_wconf 75' lang='grc' dir='ltr'><strong>τὸ</strong></span> <span class='ocrx_word' id='word_1_133' title='bbox 2618 1020 2673 1070; x_wconf 85' lang='grc' dir='ltr'>ὲν</span> <span class='ocrx_word' id='word_1_134' title='bbox 2707 1017 3040 1087; x_wconf 71' lang='grc' dir='ltr'><strong>Παλαιστίνῃ</strong></span> <span class='ocrx_word' id='word_1_135' title='bbox 3104 1017 3392 1086; x_wconf 84' lang='grc' dir='ltr'>μοναδικὺν</span> <span class='ocrx_word' id='word_1_136' title='bbox 3449 1016 3588 1087; x_wconf 77' lang='grc' dir='ltr'>πρὸς</span> <span class='ocrx_word' id='word_1_137' title='bbox 3627 1015 3931 1069; x_wconf 61' lang='grc' dir='ltr'>Ἀἶκίσωνα</span> 
     </span>
    </p>
   </div>
   <div class='ocr_carea' id='block_1_24' title="bbox 2364 1108 3432 1180">
    <p class='ocr_par' dir='ltr' id='par_1_24' title="bbox 2364 1108 3432 1180">
     <span class='ocr_line' id='line_1_24' title="bbox 2364 1108 3432 1180; baseline -0.004 -17"><span class='ocrx_word' id='word_1_138' title='bbox 2364 1112 2599 1179; x_wconf 75' lang='grc' dir='ltr'>γράφον,</span> <span class='ocrx_word' id='word_1_139' title='bbox 2632 1110 2755 1164; x_wconf 80' lang='grc' dir='ltr'>τάδε</span> <span class='ocrx_word' id='word_1_140' title='bbox 2786 1110 2925 1162; x_wconf 72' lang='grc' dir='ltr'>κατὰ</span> <span class='ocrx_word' id='word_1_141' title='bbox 2961 1108 3112 1180; x_wconf 77' lang='grc' dir='ltr'>ῥῆμα</span> <span class='ocrx_word' id='word_1_142' title='bbox 3142 1108 3397 1175; x_wconf 65' lang='grc' dir='ltr'>διασαςεῖ</span> <span class='ocrx_word' id='word_1_143' title='bbox 3417 1124 3432 1139; x_wconf 76' lang='grc' dir='ltr'><strong>ο</strong></span> 
     </span>
    </p>
   </div>
   <div class='ocr_carea' id='block_1_25' title="bbox 2949 1396 3361 1453">
    <p class='ocr_par' dir='ltr' id='par_1_25' title="bbox 2949 1396 3361 1453">
     <span class='ocr_line' id='line_1_25' title="bbox 2949 1396 3361 1453; baseline 0.002 -1"><span class='ocrx_word' id='word_1_144' title='bbox 2949 1399 3197 1452; x_wconf 76' lang='grc' dir='ltr'><strong>ΚΕΦΔΛ.</strong></span> <span class='ocrx_word' id='word_1_145' title='bbox 3230 1396 3361 1453; x_wconf 76' lang='grc' dir='ltr'><strong>κη’.</strong></span> 
     </span>
    </p>
   </div>
   <div class='ocr_carea' id='block_1_26' title="bbox 2374 1487 3938 1561">
    <p class='ocr_par' dir='ltr' id='par_1_26' title="bbox 2374 1487 3938 1561">
     <span class='ocr_line' id='line_1_26' title="bbox 2374 1487 3938 1561; baseline 0.003 -17"><span class='ocrx_word' id='word_1_146' title='bbox 2374 1487 2481 1545; x_wconf 80' lang='grc' dir='ltr'><strong>Οἷα</strong></span> <span class='ocrx_word' id='word_1_147' title='bbox 2526 1491 2591 1544; x_wconf 78' lang='grc' dir='ltr'>τὸ</span> <span class='ocrx_word' id='word_1_148' title='bbox 2650 1490 2719 1543; x_wconf 78' lang='grc' dir='ltr'><strong>ἐν</strong></span> <span class='ocrx_word' id='word_1_149' title='bbox 2756 1494 3127 1561; x_wconf 71' lang='grc' dir='ltr'><strong>Παλαιστίνῃ</strong></span> <span class='ocrx_word' id='word_1_150' title='bbox 3169 1491 3503 1561; x_wconf 72' lang='grc' dir='ltr'><strong>μοναδικόν</strong></span> <span class='ocrx_word' id='word_1_151' title='bbox 3557 1494 3708 1560; x_wconf 67' lang='grc' dir='ltr'>πρες</span> <span class='ocrx_word' id='word_1_152' title='bbox 3753 1494 3938 1548; x_wconf 74' lang='grc' dir='ltr'>Ἀλκίο</span> 
     </span>
    </p>
   </div>
   <div class='ocr_carea' id='block_1_27' title="bbox 2440 1560 3939 1627">
    <p class='ocr_par' dir='ltr' id='par_1_27' title="bbox 2440 1560 3939 1627">
     <span class='ocr_line' id='line_1_27' title="bbox 2440 1560 3939 1627; baseline 0.001 -12"><span class='ocrx_word' id='word_1_153' title='bbox 2440 1578 2606 1615; x_wconf 84' lang='grc' dir='ltr'>σωνα</span> <span class='ocrx_word' id='word_1_154' title='bbox 2632 1561 2761 1627; x_wconf 71' lang='grc' dir='ltr'>περὶ</span> <span class='ocrx_word' id='word_1_155' title='bbox 2793 1560 3276 1617; x_wconf 72' lang='grc' dir='ltr'>Μακεδονιόυκαί</span> <span class='ocrx_word' id='word_1_156' title='bbox 3302 1565 3642 1617; x_wconf 55' lang='lat' dir='ltr'><strong>damnarat)</strong></span> <span class='ocrx_word' id='word_1_157' title='bbox 3670 1565 3776 1619; x_wconf 85' lang='grc' dir='ltr'>τοῦ</span> <span class='ocrx_word' id='word_1_158' title='bbox 3809 1567 3939 1617; x_wconf 79' lang='lat' dir='ltr'><strong>&#39;Ar-</strong></span> 
     </span>
    </p>
   </div>
   <div class='ocr_carea' id='block_1_28' title="bbox 2441 1632 3937 1709">
    <p class='ocr_par' dir='ltr' id='par_1_28' title="bbox 2441 1632 3937 1709">
     <span class='ocr_line' id='line_1_28' title="bbox 2441 1632 3937 1709; baseline 0.003 -26"><span class='ocrx_word' id='word_1_159' title='bbox 2441 1637 2705 1709; x_wconf 76' lang='grc' dir='ltr'>τιρχείιις</span> <span class='ocrx_word' id='word_1_160' title='bbox 2730 1633 2984 1709; x_wconf 58' lang='grc' dir='ltr'>ἓιρειείρευ</span> <span class='ocrx_word' id='word_1_161' title='bbox 3023 1632 3119 1709; x_wconf 66' lang='grc' dir='ltr'><strong>καί</strong></span> <span class='ocrx_word' id='word_1_162' title='bbox 3152 1634 3281 1700; x_wconf 69' lang='grc' dir='ltr'>περὶ</span> <span class='ocrx_word' id='word_1_163' title='bbox 3333 1633 3444 1700; x_wconf 79' lang='grc' dir='ltr'>τῆς</span> <span class='ocrx_word' id='word_1_164' title='bbox 3470 1634 3800 1700; x_wconf 79' lang='grc' dir='ltr'>τηνικαῦτα</span> <span class='ocrx_word' id='word_1_165' title='bbox 3836 1636 3937 1687; x_wconf 73' lang='grc' dir='ltr'><strong>ἐκ·</strong></span> 
     </span>
    </p>
   </div>
   <div class='ocr_carea' id='block_1_29' title="bbox 2443 1702 3304 1770">
    <p class='ocr_par' dir='ltr' id='par_1_29' title="bbox 2443 1702 3304 1770">
     <span class='ocr_line' id='line_1_29' title="bbox 2443 1702 3304 1770; baseline 0.001 -16"><span class='ocrx_word' id='word_1_166' title='bbox 2443 1702 2893 1769; x_wconf 74' lang='grc' dir='ltr'>κλησιαστικῆς</span> <span class='ocrx_word' id='word_1_167' title='bbox 2920 1702 3304 1770; x_wconf 77' lang='grc' dir='ltr'>συγχύσεως.</span> 
     </span>
    </p>
   </div>
   <div class='ocr_carea' id='block_1_30' title="bbox 2452 1818 3942 1887">
    <p class='ocr_par' dir='ltr' id='par_1_30' title="bbox 2452 1818 3942 1887">
     <span class='ocr_line' id='line_1_30' title="bbox 2452 1818 3942 1887; baseline 0 -14"><span class='ocrx_word' id='word_1_168' title='bbox 2452 1840 2469 1872; x_wconf 82' lang='grc' dir='ltr'><strong>ε</strong></span> <span class='ocrx_word' id='word_1_169' title='bbox 2497 1820 2705 1887; x_wconf 70' lang='grc' dir='ltr'>Πέτρου</span> <span class='ocrx_word' id='word_1_170' title='bbox 2724 1820 2778 1871; x_wconf 79' lang='grc' dir='ltr'>δὲ</span> <span class='ocrx_word' id='word_1_171' title='bbox 2810 1818 3245 1887; x_wconf 80' lang='grc' dir='ltr'>κεκοιμημένου,</span> <span class='ocrx_word' id='word_1_172' title='bbox 3271 1818 3433 1873; x_wconf 85' lang='grc' dir='ltr'>πάλιν</span> <span class='ocrx_word' id='word_1_173' title='bbox 3463 1819 3542 1883; x_wconf 77' lang='grc' dir='ltr'><strong>είς</strong></span> <span class='ocrx_word' id='word_1_174' title='bbox 3588 1821 3785 1883; x_wconf 81' lang='grc' dir='ltr'>αὐτοὺς</span> <span class='ocrx_word' id='word_1_175' title='bbox 3806 1823 3942 1873; x_wconf 83' lang='grc' dir='ltr'>ἀπε-</span> 
     </span>
    </p>
   </div>
   <div class='ocr_carea' id='block_1_31' title="bbox 706 1891 2379 2003">
    <p class='ocr_par' dir='ltr' id='par_1_31' title="bbox 706 1891 2348 2003">
     <span class='ocr_line' id='line_1_31' title="bbox 706 1891 2348 2003; baseline -0.009 -14"><span class='ocrx_word' id='word_1_176' title='bbox 706 1944 996 2003; x_wconf 73' lang='lat' dir='ltr'><strong>cmperunt</strong></span> <span class='ocrx_word' id='word_1_177' title='bbox 1046 1931 1378 1986; x_wconf 81' lang='lat' dir='ltr'><strong>Alexandria</strong></span> <span class='ocrx_word' id='word_1_178' title='bbox 1413 1939 1469 1984; x_wconf 90' lang='lat' dir='ltr'><strong>et</strong></span> <span class='ocrx_word' id='word_1_179' title='bbox 1517 1929 1806 1997; x_wconf 63' lang='lat' dir='ltr'><strong>Egyptus,</strong></span> <span class='ocrx_word' id='word_1_180' title='bbox 1856 1939 1913 1981; x_wconf 88' lang='lat' dir='ltr'><strong>et</strong></span> <span class='ocrx_word' id='word_1_181' title='bbox 1955 1926 2171 1995; x_wconf 74' lang='lat' dir='ltr'><strong>Libya:</strong></span> <span class='ocrx_word' id='word_1_182' title='bbox 2220 1934 2276 1977; x_wconf 82' lang='lat' dir='ltr'><strong>et</strong></span> <span class='ocrx_word' id='word_1_183' title='bbox 2308 1891 2348 1949; x_wconf 71' lang='grc' dir='ltr'><strong><em>Β</em></strong></span> 
     </span>
    </p>
   </div>
   <div class='ocr_carea' id='block_1_32' title="bbox 2268 1891 3941 2003">
    <p class='ocr_par' dir='ltr' id='par_1_32' title="bbox 2268 1891 3941 1981">
     <span class='ocr_line' id='line_1_32' title="bbox 2268 1891 3941 1981; baseline -0.001 -16"><span class='ocrx_word' id='word_1_184' title='bbox 2268 1964 2276 1976; x_wconf 80' lang='grc'><strong>,</strong></span> <span class='ocrx_word' id='word_1_185' title='bbox 2308 1891 2348 1949; x_wconf 72' lang='grc' dir='ltr'><strong><em>Β</em></strong></span> <span class='ocrx_word' id='word_1_186' title='bbox 2389 1911 2688 1981; x_wconf 76' lang='grc' dir='ltr'>σχίοθησαν</span> <span class='ocrx_word' id='word_1_187' title='bbox 2725 1908 3103 1976; x_wconf 78' lang='grc' dir='ltr'>Ἀλεξάνδρειά</span> <span class='ocrx_word' id='word_1_188' title='bbox 3131 1924 3190 1961; x_wconf 85' lang='grc' dir='ltr'><strong>τε</strong></span> <span class='ocrx_word' id='word_1_189' title='bbox 3213 1908 3310 1961; x_wconf 77' lang='grc' dir='ltr'>καὶ</span> <span class='ocrx_word' id='word_1_190' title='bbox 3338 1910 3615 1977; x_wconf 83' lang='grc' dir='ltr'>Δίγυπτος</span> <span class='ocrx_word' id='word_1_191' title='bbox 3633 1911 3727 1964; x_wconf 80' lang='grc' dir='ltr'>καὶ</span> <span class='ocrx_word' id='word_1_192' title='bbox 3743 1910 3941 1977; x_wconf 79' lang='grc' dir='ltr'>Λιὸύη,</span> 
     </span>
    </p>
   </div>
   <div class='ocr_carea' id='block_1_33' title="bbox 711 1999 2384 2093">
    <p class='ocr_par' dir='ltr' id='par_1_33' title="bbox 711 1999 2384 2093">
     <span class='ocr_line' id='line_1_33' title="bbox 711 1999 2384 2093; baseline -0.008 -13"><span class='ocrx_word' id='word_1_193' title='bbox 711 1999 876 2080; x_wconf 73' lang='lat' dir='ltr'><strong>[actio</strong></span> <span class='ocrx_word' id='word_1_194' title='bbox 907 2025 1167 2093; x_wconf 52' lang='lat' dir='ltr'><strong>quaelibet</strong></span> <span class='ocrx_word' id='word_1_195' title='bbox 1197 2038 1327 2077; x_wconf 89' lang='lat' dir='ltr'><strong>suos</strong></span> <span class='ocrx_word' id='word_1_196' title='bbox 1361 2022 1467 2075; x_wconf 85' lang='lat' dir='ltr'><strong>sibi</strong></span> <span class='ocrx_word' id='word_1_197' title='bbox 1502 2030 1813 2073; x_wconf 77' lang='lat' dir='ltr'><strong>conventus</strong></span> <span class='ocrx_word' id='word_1_198' title='bbox 1844 2020 1977 2087; x_wconf 74' lang='lat' dir='ltr'><strong>egit.</strong></span> <span class='ocrx_word' id='word_1_199' title='bbox 2010 2017 2277 2085; x_wconf 78' lang='lat' dir='ltr'><strong>Reliquus</strong></span> <span class='ocrx_word' id='word_1_200' title='bbox 2379 2021 2384 2055; x_wconf 69' lang='grc' dir='ltr'><strong>ε</strong></span> 
     </span>
    </p>
   </div>
   <div class='ocr_carea' id='block_1_34' title="bbox 2274 1999 3947 2093">
    <p class='ocr_par' dir='ltr' id='par_1_34' title="bbox 2274 1999 3947 2072">
     <span class='ocr_line' id='line_1_34' title="bbox 2274 1999 3947 2072; baseline 0 -16"><span class='ocrx_word' id='word_1_201' title='bbox 2274 2034 2277 2064; x_wconf 59' lang='lat'><strong>,</strong></span> <span class='ocrx_word' id='word_1_202' title='bbox 2379 2003 2475 2055; x_wconf 77' lang='grc' dir='ltr'>καὶ</span> <span class='ocrx_word' id='word_1_203' title='bbox 2506 2001 2627 2055; x_wconf 83' lang='grc' dir='ltr'>καθ’</span> <span class='ocrx_word' id='word_1_204' title='bbox 2652 1999 2854 2061; x_wconf 70' lang='grc' dir='ltr'>ἑαυτὰς</span> <span class='ocrx_word' id='word_1_205' title='bbox 2881 1999 3190 2053; x_wconf 79' lang='grc' dir='ltr'><strong>διετέλεσαν</strong></span> <span class='ocrx_word' id='word_1_206' title='bbox 3211 2016 3226 2031; x_wconf 77' lang='grc' dir='ltr'><strong>ο</strong></span> <span class='ocrx_word' id='word_1_207' title='bbox 3257 2001 3352 2054; x_wconf 80' lang='grc' dir='ltr'>καὶ</span> <span class='ocrx_word' id='word_1_208' title='bbox 3379 2003 3415 2072; x_wconf 69' lang='grc' dir='ltr'><strong>ἡ</strong></span> <span class='ocrx_word' id='word_1_209' title='bbox 3438 2002 3601 2071; x_wconf 78' lang='grc' dir='ltr'>λοιπὴ</span> <span class='ocrx_word' id='word_1_210' title='bbox 3628 2003 3775 2056; x_wconf 81' lang='grc' dir='ltr'>πᾶσα</span> <span class='ocrx_word' id='word_1_211' title='bbox 3792 2004 3947 2056; x_wconf 73' lang='grc' dir='ltr'><strong>Ἀνι-</strong></span> 
     </span>
    </p>
   </div>
   <div class='ocr_carea' id='block_1_35' title="bbox 709 2092 2382 2180">
    <p class='ocr_par' dir='ltr' id='par_1_35' title="bbox 709 2106 2382 2180">
     <span class='ocr_line' id='line_1_35' title="bbox 709 2106 2382 2180; baseline -0.008 -7"><span class='ocrx_word' id='word_1_212' title='bbox 709 2120 871 2173; x_wconf 69' lang='lat' dir='ltr'><strong>etiam</strong></span> <span class='ocrx_word' id='word_1_213' title='bbox 906 2116 1104 2172; x_wconf 89' lang='lat' dir='ltr'><strong>Oriens</strong></span> <span class='ocrx_word' id='word_1_214' title='bbox 1129 2116 1196 2169; x_wconf 88' lang='lat' dir='ltr'><strong>ab</strong></span> <span class='ocrx_word' id='word_1_215' title='bbox 1225 2115 1350 2168; x_wconf 87' lang='lat' dir='ltr'><strong>aliis</strong></span> <span class='ocrx_word' id='word_1_216' title='bbox 1376 2114 1627 2167; x_wconf 87' lang='lat' dir='ltr'><strong>ecclesiis</strong></span> <span class='ocrx_word' id='word_1_217' title='bbox 1655 2122 1973 2180; x_wconf 69' lang='lat' dir='ltr'><strong>segregatus</strong></span> <span class='ocrx_word' id='word_1_218' title='bbox 2004 2120 2109 2170; x_wconf 86' lang='lat' dir='ltr'><strong>est,</strong></span> <span class='ocrx_word' id='word_1_219' title='bbox 2130 2106 2277 2177; x_wconf 88' lang='lat' dir='ltr'><strong>quod</strong></span> <span class='ocrx_word' id='word_1_220' title='bbox 2377 2116 2382 2132; x_wconf 91' lang='lat'><em>‘</em></span> 
     </span>
    </p>
   </div>
   <div class='ocr_carea' id='block_1_36' title="bbox 2269 2092 3942 2180">
    <p class='ocr_par' dir='ltr' id='par_1_36' title="bbox 2269 2092 3942 2165">
     <span class='ocr_line' id='line_1_36' title="bbox 2269 2092 3942 2165; baseline -0.003 -16"><span class='ocrx_word' id='word_1_221' title='bbox 2269 2106 2277 2161; x_wconf 77' lang='grc' dir='ltr'>ι</span> <span class='ocrx_word' id='word_1_222' title='bbox 2377 2096 2531 2165; x_wconf 83' lang='grc' dir='ltr'>τολὴ.</span> <span class='ocrx_word' id='word_1_223' title='bbox 2572 2094 2734 2148; x_wconf 84' lang='grc' dir='ltr'>πάλιν</span> <span class='ocrx_word' id='word_1_224' title='bbox 2792 2093 2914 2146; x_wconf 83' lang='grc' dir='ltr'>καθ’</span> <span class='ocrx_word' id='word_1_225' title='bbox 2939 2092 3161 2160; x_wconf 75' lang='grc' dir='ltr'>ἑαυτὴν,</span> <span class='ocrx_word' id='word_1_226' title='bbox 3212 2094 3321 2146; x_wconf 82' lang='grc' dir='ltr'><strong>τῶν</strong></span> <span class='ocrx_word' id='word_1_227' title='bbox 3350 2094 3600 2149; x_wconf 83' lang='grc' dir='ltr'>Δυτικῶν</span> <span class='ocrx_word' id='word_1_228' title='bbox 3637 2094 3712 2165; x_wconf 73' lang='grc' dir='ltr'>μὴ</span> <span class='ocrx_word' id='word_1_229' title='bbox 3756 2096 3942 2163; x_wconf 81' lang='grc' dir='ltr'>ἀνεχο-</span> 
     </span>
    </p>
   </div>
   <div class='ocr_carea' id='block_1_37' title="bbox 710 2185 2383 2265">
    <p class='ocr_par' dir='ltr' id='par_1_37' title="bbox 710 2199 2282 2265">
     <span class='ocr_line' id='line_1_37' title="bbox 710 2199 2282 2265; baseline -0.009 0"><span class='ocrx_word' id='word_1_230' title='bbox 710 2209 1092 2265; x_wconf 81' lang='lat' dir='ltr'><strong>Occidentales</strong></span> <span class='ocrx_word' id='word_1_231' title='bbox 1116 2224 1221 2261; x_wconf 86' lang='lat' dir='ltr'><strong>nou</strong></span> <span class='ocrx_word' id='word_1_232' title='bbox 1249 2206 1410 2261; x_wconf 81' lang='lat' dir='ltr'><strong>aliter</strong></span> <span class='ocrx_word' id='word_1_233' title='bbox 1434 2204 1841 2258; x_wconf 82' lang='lat' dir='ltr'><strong>communicare</strong></span> <span class='ocrx_word' id='word_1_234' title='bbox 1863 2217 1986 2255; x_wconf 87' lang='lat' dir='ltr'><strong>cum</strong></span> <span class='ocrx_word' id='word_1_235' title='bbox 2012 2215 2080 2253; x_wconf 89' lang='lat' dir='ltr'><strong>eo</strong></span> <span class='ocrx_word' id='word_1_236' title='bbox 2101 2199 2282 2253; x_wconf 85' lang='lat' dir='ltr'><strong>volue-</strong></span> 
     </span>
    </p>
   </div>
   <div class='ocr_carea' id='block_1_38' title="bbox 2269 2185 3942 2265">
    <p class='ocr_par' dir='ltr' id='par_1_38' title="bbox 2269 2185 3942 2258">
     <span class='ocr_line' id='line_1_38' title="bbox 2269 2185 3942 2258; baseline 0 -20"><span class='ocrx_word' id='word_1_237' title='bbox 2269 2226 2282 2238; x_wconf 93' lang='lat'><strong>.</strong></span> <span class='ocrx_word' id='word_1_238' title='bbox 2384 2188 2560 2258; x_wconf 75' lang='grc' dir='ltr'>μένων</span> <span class='ocrx_word' id='word_1_239' title='bbox 2594 2186 2770 2248; x_wconf 82' lang='grc' dir='ltr'>ἄλλως</span> <span class='ocrx_word' id='word_1_240' title='bbox 2801 2186 2993 2248; x_wconf 78' lang='grc' dir='ltr'>αὑταῖς</span> <span class='ocrx_word' id='word_1_241' title='bbox 3026 2187 3325 2248; x_wconf 77' lang='grc' dir='ltr'>κοινωνεῖν,</span> <span class='ocrx_word' id='word_1_242' title='bbox 3362 2185 3394 2256; x_wconf 75' lang='grc' dir='ltr'>ἢ</span> <span class='ocrx_word' id='word_1_243' title='bbox 3421 2187 3558 2255; x_wconf 75' lang='grc' dir='ltr'>πρὸς</span> <span class='ocrx_word' id='word_1_244' title='bbox 3587 2187 3646 2239; x_wconf 68' lang='grc' dir='ltr'>τὸ</span> <span class='ocrx_word' id='word_1_245' title='bbox 3669 2187 3942 2253; x_wconf 76' lang='grc' dir='ltr'>ἀναθεμαο</span> 
     </span>
    </p>
   </div>
   <div class='ocr_carea' id='block_1_39' title="bbox 713 2275 2386 2369">
    <p class='ocr_par' dir='ltr' id='par_1_39' title="bbox 713 2292 2386 2369">
     <span class='ocr_line' id='line_1_39' title="bbox 713 2292 2386 2369; baseline -0.008 -14"><span class='ocrx_word' id='word_1_246' title='bbox 713 2305 845 2366; x_wconf 88' lang='lat' dir='ltr'><strong>rint,</strong></span> <span class='ocrx_word' id='word_1_247' title='bbox 878 2316 1041 2369; x_wconf 86' lang='lat' dir='ltr'><strong>quam</strong></span> <span class='ocrx_word' id='word_1_248' title='bbox 1064 2301 1106 2353; x_wconf 87' lang='lat' dir='ltr'><strong>si</strong></span> <span class='ocrx_word' id='word_1_249' title='bbox 1134 2297 1471 2360; x_wconf 85' lang='lat' dir='ltr'><strong>Nestorium,</strong></span> <span class='ocrx_word' id='word_1_250' title='bbox 1511 2294 1865 2365; x_wconf 84' lang='lat' dir='ltr'><strong>Eutychctem</strong></span> <span class='ocrx_word' id='word_1_251' title='bbox 1885 2303 1941 2346; x_wconf 89' lang='lat' dir='ltr'><strong>et</strong></span> <span class='ocrx_word' id='word_1_252' title='bbox 1961 2292 2277 2345; x_wconf 87' lang='lat' dir='ltr'><strong>Dioscorum</strong></span> <span class='ocrx_word' id='word_1_253' title='bbox 2381 2299 2386 2313; x_wconf 86' lang='lat'>&#39;</span> 
     </span>
    </p>
   </div>
   <div class='ocr_carea' id='block_1_40' title="bbox 2272 2275 3945 2369">
    <p class='ocr_par' dir='ltr' id='par_1_40' title="bbox 2272 2275 3945 2348">
     <span class='ocr_line' id='line_1_40' title="bbox 2272 2275 3945 2348; baseline -0.001 -18"><span class='ocrx_word' id='word_1_254' title='bbox 2272 2308 2277 2341; x_wconf 75' lang='grc' dir='ltr'>ι</span> <span class='ocrx_word' id='word_1_255' title='bbox 2381 2279 2496 2343; x_wconf 75' lang='grc' dir='ltr'>τίζε</span> <span class='ocrx_word' id='word_1_256' title='bbox 2507 2295 2553 2329; x_wconf 92' lang='grc' dir='ltr'><strong>ιν</strong></span> <span class='ocrx_word' id='word_1_257' title='bbox 2574 2276 2870 2345; x_wconf 89' lang='grc' dir='ltr'>Νεστόριόν</span> <span class='ocrx_word' id='word_1_258' title='bbox 2882 2293 2941 2328; x_wconf 88' lang='grc' dir='ltr'><strong>τε</strong></span> <span class='ocrx_word' id='word_1_259' title='bbox 2964 2277 3060 2329; x_wconf 79' lang='grc' dir='ltr'>καὶ</span> <span class='ocrx_word' id='word_1_260' title='bbox 3082 2275 3295 2347; x_wconf 70' lang='grc' dir='ltr'>Εὐτυχῆ</span> <span class='ocrx_word' id='word_1_261' title='bbox 3314 2279 3407 2329; x_wconf 72' lang='grc' dir='ltr'>καὶ</span> <span class='ocrx_word' id='word_1_262' title='bbox 3427 2278 3717 2348; x_wconf 87' lang='grc' dir='ltr'>Διόσκορον</span> <span class='ocrx_word' id='word_1_263' title='bbox 3737 2294 3752 2309; x_wconf 76' lang='grc' dir='ltr'><strong>ο</strong></span> <span class='ocrx_word' id='word_1_264' title='bbox 3780 2295 3945 2347; x_wconf 80' lang='grc' dir='ltr'>προσ-</span> 
     </span>
    </p>
   </div>
   <div class='ocr_carea' id='block_1_41' title="bbox 712 2368 2385 2459">
    <p class='ocr_par' dir='ltr' id='par_1_41' title="bbox 712 2368 2385 2459">
     <span class='ocr_line' id='line_1_41' title="bbox 712 2368 2385 2459; baseline -0.009 -10"><span class='ocrx_word' id='word_1_265' title='bbox 712 2368 1045 2449; x_wconf 83' lang='lat' dir='ltr'><strong>anathemati</strong></span> <span class='ocrx_word' id='word_1_266' title='bbox 1078 2390 1398 2459; x_wconf 77' lang='lat' dir='ltr'><strong>subiiceret,</strong></span> <span class='ocrx_word' id='word_1_267' title='bbox 1420 2389 1741 2456; x_wconf 82' lang='lat' dir='ltr'><strong>eisdemque</strong></span> <span class='ocrx_word' id='word_1_268' title='bbox 1777 2386 1997 2440; x_wconf 85' lang='lat' dir='ltr'><strong>Petrum</strong></span> <span class='ocrx_word' id='word_1_269' title='bbox 2034 2383 2280 2453; x_wconf 78' lang='lat' dir='ltr'><strong>Moggum</strong></span> <span class='ocrx_word' id='word_1_270' title='bbox 2380 2390 2385 2406; x_wconf 82' lang='grc'><em>⁴</em></span> 
     </span>
    </p>
   </div>
   <div class='ocr_carea' id='block_1_42' title="bbox 2270 2368 3943 2459">
    <p class='ocr_par' dir='ltr' id='par_1_42' title="bbox 2270 2368 3943 2441">
     <span class='ocr_line' id='line_1_42' title="bbox 2270 2368 3943 2441; baseline -0.002 -17"><span class='ocrx_word' id='word_1_271' title='bbox 2270 2397 2280 2435; x_wconf 80' lang='grc' dir='ltr'>ι</span> <span class='ocrx_word' id='word_1_272' title='bbox 2380 2371 2586 2441; x_wconf 70' lang='grc' dir='ltr'>τιθέναι</span> <span class='ocrx_word' id='word_1_273' title='bbox 2636 2368 2694 2422; x_wconf 76' lang='grc' dir='ltr'>δὲ</span> <span class='ocrx_word' id='word_1_274' title='bbox 2727 2368 2824 2421; x_wconf 82' lang='grc' dir='ltr'>καὶ</span> <span class='ocrx_word' id='word_1_275' title='bbox 2875 2369 3079 2439; x_wconf 75' lang='grc' dir='ltr'>Πέτρον</span> <span class='ocrx_word' id='word_1_276' title='bbox 3132 2369 3223 2422; x_wconf 75' lang='grc' dir='ltr'><strong>τὸν</strong></span> <span class='ocrx_word' id='word_1_277' title='bbox 3256 2370 3480 2438; x_wconf 84' lang='grc' dir='ltr'>Μογγὸν</span> <span class='ocrx_word' id='word_1_278' title='bbox 3533 2372 3629 2425; x_wconf 82' lang='grc' dir='ltr'><strong>καὶ</strong></span> <span class='ocrx_word' id='word_1_279' title='bbox 3668 2372 3943 2424; x_wconf 76' lang='grc' dir='ltr'>Ἀκάκιον.</span> 
     </span>
    </p>
   </div>
   <div class='ocr_carea' id='block_1_43' title="bbox 713 2475 2284 2539">
    <p class='ocr_par' dir='ltr' id='par_1_43' title="bbox 713 2475 2284 2539">
     <span class='ocr_line' id='line_1_43' title="bbox 713 2475 2284 2539; baseline -0.009 0"><span class='ocrx_word' id='word_1_280' title='bbox 713 2494 767 2539; x_wconf 91' lang='lat' dir='ltr'><strong>et</strong></span> <span class='ocrx_word' id='word_1_281' title='bbox 785 2484 1045 2539; x_wconf 81' lang='lat' dir='ltr'><strong>Acacium</strong></span> <span class='ocrx_word' id='word_1_282' title='bbox 1085 2481 1330 2537; x_wconf 79' lang='lat' dir='ltr'><strong>adderet.</strong></span> <span class='ocrx_word' id='word_1_283' title='bbox 1354 2481 1413 2534; x_wconf 84' lang='lat' dir='ltr'><strong>In</strong></span> <span class='ocrx_word' id='word_1_284' title='bbox 1438 2479 1544 2533; x_wconf 88' lang='lat' dir='ltr'><strong>hoc</strong></span> <span class='ocrx_word' id='word_1_285' title='bbox 1582 2487 1728 2533; x_wconf 83' lang='lat' dir='ltr'><strong>statu</strong></span> <span class='ocrx_word' id='word_1_286' title='bbox 1752 2492 1875 2531; x_wconf 93' lang='lat' dir='ltr'><strong>cum</strong></span> <span class='ocrx_word' id='word_1_287' title='bbox 1912 2475 2171 2529; x_wconf 70' lang='lat' dir='ltr'><strong>Ecclesiae</strong></span> <span class='ocrx_word' id='word_1_288' title='bbox 2194 2488 2284 2526; x_wconf 87' lang='lat' dir='ltr'><strong>or-</strong></span> 
     </span>
    </p>
   </div>
   <div class='ocr_carea' id='block_1_44' title="bbox 716 2564 2289 2640">
    <p class='ocr_par' dir='ltr' id='par_1_44' title="bbox 716 2564 2289 2640">
     <span class='ocr_line' id='line_1_44' title="bbox 716 2564 2289 2640; baseline -0.008 -12"><span class='ocrx_word' id='word_1_289' title='bbox 716 2574 802 2629; x_wconf 88' lang='lat' dir='ltr'><strong>bis</strong></span> <span class='ocrx_word' id='word_1_290' title='bbox 824 2572 1066 2628; x_wconf 83' lang='lat' dir='ltr'><strong>universi</strong></span> <span class='ocrx_word' id='word_1_291' title='bbox 1090 2586 1178 2626; x_wconf 82' lang='lat' dir='ltr'><strong>res</strong></span> <span class='ocrx_word' id='word_1_292' title='bbox 1206 2570 1521 2640; x_wconf 88' lang='lat' dir='ltr'><strong>essent,qui</strong></span> <span class='ocrx_word' id='word_1_293' title='bbox 1542 2567 1789 2638; x_wconf 79' lang='lat' dir='ltr'><strong>germani</strong></span> <span class='ocrx_word' id='word_1_294' title='bbox 1827 2565 2069 2620; x_wconf 86' lang='lat' dir='ltr'><strong>Dioscori</strong></span> <span class='ocrx_word' id='word_1_295' title='bbox 2103 2574 2157 2619; x_wconf 92' lang='lat' dir='ltr'><strong>et</strong></span> <span class='ocrx_word' id='word_1_296' title='bbox 2178 2564 2289 2618; x_wconf 79' lang='lat' dir='ltr'><strong>Eu-</strong></span> 
     </span>
    </p>
   </div>
   <div class='ocr_carea' id='block_1_45' title="bbox 718 2658 2285 2738">
    <p class='ocr_par' dir='ltr' id='par_1_45' title="bbox 718 2658 2285 2738">
     <span class='ocr_line' id='line_1_45' title="bbox 718 2658 2285 2738; baseline -0.008 -18"><span class='ocrx_word' id='word_1_297' title='bbox 718 2666 952 2738; x_wconf 84' lang='lat' dir='ltr'><strong>tychetis</strong></span> <span class='ocrx_word' id='word_1_298' title='bbox 976 2673 1281 2720; x_wconf 84' lang='lat' dir='ltr'><strong>sectatores</strong></span> <span class='ocrx_word' id='word_1_299' title='bbox 1313 2662 1491 2727; x_wconf 81' lang='lat' dir='ltr'><strong>luere,</strong></span> <span class='ocrx_word' id='word_1_300' title='bbox 1532 2660 1597 2715; x_wconf 92' lang='lat' dir='ltr'><strong>ad</strong></span> <span class='ocrx_word' id='word_1_301' title='bbox 1634 2660 1924 2714; x_wconf 78' lang='lat' dir='ltr'><strong>maximam</strong></span> <span class='ocrx_word' id='word_1_302' title='bbox 1951 2658 2285 2726; x_wconf 83' lang='lat' dir='ltr'><strong>paucitatem</strong></span> 
     </span>
    </p>
   </div>
   <div class='ocr_carea' id='block_1_46' title="bbox 719 2750 2289 2812">
    <p class='ocr_par' dir='ltr' id='par_1_46' title="bbox 719 2750 2289 2812">
     <span class='ocr_line' id='line_1_46' title="bbox 719 2750 2289 2812; baseline -0.01 0"><span class='ocrx_word' id='word_1_303' title='bbox 719 2758 925 2812; x_wconf 84' lang='lat' dir='ltr'><strong>redacti</strong></span> <span class='ocrx_word' id='word_1_304' title='bbox 981 2764 1131 2810; x_wconf 88' lang='lat' dir='ltr'><strong>sunt.</strong></span> <span class='ocrx_word' id='word_1_305' title='bbox 1160 2755 1228 2808; x_wconf 85' lang='lat' dir='ltr'><strong>Et</strong></span> <span class='ocrx_word' id='word_1_306' title='bbox 1261 2770 1385 2807; x_wconf 73' lang='lat' dir='ltr'><strong>cum</strong></span> <span class='ocrx_word' id='word_1_307' title='bbox 1408 2753 1736 2807; x_wconf 81' lang='lat' dir='ltr'><strong>resillurum</strong></span> <span class='ocrx_word' id='word_1_308' title='bbox 1760 2765 1828 2804; x_wconf 93' lang='lat' dir='ltr'><strong>eo</strong></span> <span class='ocrx_word' id='word_1_309' title='bbox 1862 2750 2209 2809; x_wconf 83' lang='lat' dir='ltr'><strong>recidissent,</strong></span> <span class='ocrx_word' id='word_1_310' title='bbox 2230 2753 2289 2798; x_wconf 86' lang='lat' dir='ltr'><strong>ut</strong></span> 
     </span>
    </p>
   </div>
   <div class='ocr_carea' id='block_1_47' title="bbox 719 2839 2289 2917">
    <p class='ocr_par' dir='ltr' id='par_1_47' title="bbox 719 2839 2289 2917">
     <span class='ocr_line' id='line_1_47' title="bbox 719 2839 2289 2917; baseline -0.009 -16"><span class='ocrx_word' id='word_1_311' title='bbox 719 2849 1122 2917; x_wconf 74' lang='lat' dir='ltr'><strong>quamprimum</strong></span> <span class='ocrx_word' id='word_1_312' title='bbox 1170 2846 1224 2897; x_wconf 91' lang='lat' dir='ltr'><strong>in</strong></span> <span class='ocrx_word' id='word_1_313' title='bbox 1269 2853 1417 2898; x_wconf 89' lang='lat' dir='ltr'><strong>terra</strong></span> <span class='ocrx_word' id='word_1_314' title='bbox 1457 2841 1761 2897; x_wconf 84' lang='lat' dir='ltr'><strong>deﬁcerent</strong></span> <span class='ocrx_word' id='word_1_315' title='bbox 1794 2839 2140 2907; x_wconf 77' lang='lat' dir='ltr'><strong>ampliusque</strong></span> <span class='ocrx_word' id='word_1_316' title='bbox 2178 2849 2289 2888; x_wconf 89' lang='lat' dir='ltr'><strong>non</strong></span> 
     </span>
    </p>
   </div>
   <div class='ocr_carea' id='block_1_48' title="bbox 721 2928 2292 3003">
    <p class='ocr_par' dir='ltr' id='par_1_48' title="bbox 721 2928 2292 3003">
     <span class='ocr_line' id='line_1_48' title="bbox 721 2928 2292 3003; baseline -0.009 -7"><span class='ocrx_word' id='word_1_317' title='bbox 721 2948 1019 2999; x_wconf 82' lang='lat' dir='ltr'><strong>exstarent.</strong></span> <span class='ocrx_word' id='word_1_318' title='bbox 1043 2937 1284 2991; x_wconf 80' lang='lat' dir='ltr'><strong>Xeuaias</strong></span> <span class='ocrx_word' id='word_1_319' title='bbox 1314 2950 1373 2989; x_wconf 92' lang='lat' dir='ltr'><strong>re</strong></span> <span class='ocrx_word' id='word_1_320' title='bbox 1421 2935 1539 3003; x_wconf 84' lang='lat' dir='ltr'><strong>ipsa</strong></span> <span class='ocrx_word' id='word_1_321' title='bbox 1584 2933 1795 2988; x_wconf 90' lang='lat' dir='ltr'><strong>nomini</strong></span> <span class='ocrx_word' id='word_1_322' title='bbox 1825 2946 1923 2986; x_wconf 87' lang='lat' dir='ltr'><strong>suo</strong></span> <span class='ocrx_word' id='word_1_323' title='bbox 1951 2928 2292 2998; x_wconf 83' lang='lat' dir='ltr'><strong>respondens</strong></span> 
     </span>
    </p>
   </div>
   <div class='ocr_carea' id='block_1_49' title="bbox 724 3023 2294 3099">
    <p class='ocr_par' dir='ltr' id='par_1_49' title="bbox 724 3023 2294 3099">
     <span class='ocr_line' id='line_1_49' title="bbox 724 3023 2294 3099; baseline -0.007 -14"><span class='ocrx_word' id='word_1_324' title='bbox 724 3032 961 3098; x_wconf 81' lang='lat' dir='ltr'><strong>(alienus</strong></span> <span class='ocrx_word' id='word_1_325' title='bbox 991 3029 1196 3099; x_wconf 82' lang='lat' dir='ltr'><strong>quippe</strong></span> <span class='ocrx_word' id='word_1_326' title='bbox 1223 3041 1448 3096; x_wconf 88' lang='lat' dir='ltr'><strong>prorsus</strong></span> <span class='ocrx_word' id='word_1_327' title='bbox 1472 3040 1502 3080; x_wconf 85' lang='lat' dir='ltr'><strong>a</strong></span> <span class='ocrx_word' id='word_1_328' title='bbox 1526 3024 1692 3093; x_wconf 88' lang='lat' dir='ltr'><strong>Deo),</strong></span> <span class='ocrx_word' id='word_1_329' title='bbox 1720 3023 1996 3078; x_wconf 82' lang='lat' dir='ltr'><strong>nescimus</strong></span> <span class='ocrx_word' id='word_1_330' title='bbox 2019 3036 2129 3091; x_wconf 88' lang='lat' dir='ltr'><strong>quo</strong></span> <span class='ocrx_word' id='word_1_331' title='bbox 2159 3035 2262 3075; x_wconf 86' lang='lat' dir='ltr'><strong>cun</strong></span> <span class='ocrx_word' id='word_1_332' title='bbox 2280 3048 2294 3061; x_wconf 84' lang='lat'><strong>-</strong></span> 
     </span>
    </p>
   </div>
   <div class='ocr_carea' id='block_1_50' title="bbox 724 3114 2295 3191">
    <p class='ocr_par' dir='ltr' id='par_1_50' title="bbox 724 3114 2295 3191">
     <span class='ocr_line' id='line_1_50' title="bbox 724 3114 2295 3191; baseline -0.007 -14"><span class='ocrx_word' id='word_1_333' title='bbox 724 3124 869 3186; x_wconf 87' lang='lat' dir='ltr'><strong>silio,</strong></span> <span class='ocrx_word' id='word_1_334' title='bbox 900 3136 1104 3191; x_wconf 84' lang='lat' dir='ltr'><strong>quasve</strong></span> <span class='ocrx_word' id='word_1_335' title='bbox 1156 3121 1421 3173; x_wconf 86' lang='lat' dir='ltr'><strong>adversus</strong></span> <span class='ocrx_word' id='word_1_336' title='bbox 1454 3117 1775 3172; x_wconf 85' lang='lat' dir='ltr'><strong>Flavianum</strong></span> <span class='ocrx_word' id='word_1_337' title='bbox 1807 3114 2125 3169; x_wconf 86' lang='lat' dir='ltr'><strong>inimicitias</strong></span> <span class='ocrx_word' id='word_1_338' title='bbox 2170 3114 2295 3167; x_wconf 86' lang='lat' dir='ltr'><strong>vin-</strong></span> 
     </span>
    </p>
   </div>
   <div class='ocr_carea' id='block_1_51' title="bbox 2396 2461 3951 2535">
    <p class='ocr_par' dir='ltr' id='par_1_51' title="bbox 2396 2461 3951 2535">
     <span class='ocr_line' id='line_1_51' title="bbox 2396 2461 3951 2535; baseline -0.002 -19"><span class='ocrx_word' id='word_1_339' title='bbox 2396 2465 2486 2516; x_wconf 82' lang='lat' dir='ltr'><strong>‘Ev</strong></span> <span class='ocrx_word' id='word_1_340' title='bbox 2515 2464 2726 2524; x_wconf 84' lang='grc' dir='ltr'>τούτοις</span> <span class='ocrx_word' id='word_1_341' title='bbox 2752 2461 2849 2515; x_wconf 79' lang='grc' dir='ltr'>οὖν</span> <span class='ocrx_word' id='word_1_342' title='bbox 2878 2462 2987 2514; x_wconf 85' lang='grc' dir='ltr'><strong>τῶν</strong></span> <span class='ocrx_word' id='word_1_343' title='bbox 3015 2461 3118 2515; x_wconf 73' lang='grc' dir='ltr'>ἀνά</span> <span class='ocrx_word' id='word_1_344' title='bbox 3150 2462 3248 2531; x_wconf 84' lang='grc' dir='ltr'>τὴν</span> <span class='ocrx_word' id='word_1_345' title='bbox 3280 2466 3613 2535; x_wconf 76' lang='grc' dir='ltr'>οἰκουμένην</span> <span class='ocrx_word' id='word_1_346' title='bbox 3637 2464 3815 2516; x_wconf 80' lang='grc' dir='ltr'>οὐσῶν</span> <span class='ocrx_word' id='word_1_347' title='bbox 3862 2466 3951 2514; x_wconf 77' lang='grc' dir='ltr'><strong>ἐκ·</strong></span> 
     </span>
    </p>
   </div>
   <div class='ocr_carea' id='block_1_52' title="bbox 2388 2556 3951 2627">
    <p class='ocr_par' dir='ltr' id='par_1_52' title="bbox 2388 2556 3951 2627">
     <span class='ocr_line' id='line_1_52' title="bbox 2388 2556 3951 2627; baseline -0.001 -18"><span class='ocrx_word' id='word_1_348' title='bbox 2388 2556 2648 2625; x_wconf 84' lang='grc' dir='ltr'>κλησιῶν,</span> <span class='ocrx_word' id='word_1_349' title='bbox 2679 2556 2727 2608; x_wconf 83' lang='grc' dir='ltr'><strong>οί</strong></span> <span class='ocrx_word' id='word_1_350' title='bbox 2761 2557 2975 2625; x_wconf 82' lang='grc' dir='ltr'>γνήσιοι</span> <span class='ocrx_word' id='word_1_351' title='bbox 3006 2556 3117 2608; x_wconf 86' lang='grc' dir='ltr'>τῶν</span> <span class='ocrx_word' id='word_1_352' title='bbox 3158 2557 3267 2609; x_wconf 81' lang='grc' dir='ltr'>άπὸ</span> <span class='ocrx_word' id='word_1_353' title='bbox 3298 2558 3594 2627; x_wconf 78' lang='grc' dir='ltr'>Διοσκόρου</span> <span class='ocrx_word' id='word_1_354' title='bbox 3646 2560 3741 2611; x_wconf 71' lang='grc' dir='ltr'>καὶ</span> <span class='ocrx_word' id='word_1_355' title='bbox 3778 2558 3951 2609; x_wconf 72' lang='grc' dir='ltr'>Εὐτυ-</span> 
     </span>
    </p>
   </div>
   <div class='ocr_carea' id='block_1_53' title="bbox 2387 2648 3948 2720">
    <p class='ocr_par' dir='ltr' id='par_1_53' title="bbox 2387 2648 3948 2720">
     <span class='ocr_line' id='line_1_53' title="bbox 2387 2648 3948 2720; baseline 0.002 -20"><span class='ocrx_word' id='word_1_356' title='bbox 2387 2649 2515 2720; x_wconf 79' lang='grc' dir='ltr'>χοῦς</span> <span class='ocrx_word' id='word_1_357' title='bbox 2545 2649 2623 2709; x_wconf 81' lang='grc' dir='ltr'>εἰς</span> <span class='ocrx_word' id='word_1_358' title='bbox 2646 2649 2822 2717; x_wconf 81' lang='grc' dir='ltr'>πάντη</span> <span class='ocrx_word' id='word_1_359' title='bbox 2846 2648 3130 2719; x_wconf 73' lang='grc' dir='ltr'>ἐλάχιστον</span> <span class='ocrx_word' id='word_1_360' title='bbox 3168 2650 3537 2719; x_wconf 80' lang='grc' dir='ltr'>περιέστησαν</span> <span class='ocrx_word' id='word_1_361' title='bbox 3566 2651 3657 2703; x_wconf 74' lang='grc' dir='ltr'>τὸν</span> <span class='ocrx_word' id='word_1_362' title='bbox 3689 2650 3948 2720; x_wconf 83' lang='grc' dir='ltr'>ἀριθμόν.</span> 
     </span>
    </p>
   </div>
   <div class='ocr_carea' id='block_1_54' title="bbox 2390 2741 3953 2812">
    <p class='ocr_par' dir='ltr' id='par_1_54' title="bbox 2390 2741 3953 2812">
     <span class='ocr_line' id='line_1_54' title="bbox 2390 2741 3953 2812; baseline 0.001 -18"><span class='ocrx_word' id='word_1_363' title='bbox 2390 2743 2499 2795; x_wconf 77' lang='grc' dir='ltr'><strong>Καὶ</strong></span> <span class='ocrx_word' id='word_1_364' title='bbox 2545 2741 2845 2812; x_wconf 78' lang='grc' dir='ltr'>μελλόντων</span> <span class='ocrx_word' id='word_1_365' title='bbox 2875 2741 2998 2794; x_wconf 78' lang='grc' dir='ltr'>ὅσον</span> <span class='ocrx_word' id='word_1_366' title='bbox 3028 2741 3246 2794; x_wconf 75' lang='grc' dir='ltr'>οὐδέπω</span> <span class='ocrx_word' id='word_1_367' title='bbox 3281 2743 3523 2795; x_wconf 76' lang='grc' dir='ltr'>ἐκλιπεῖν</span> <span class='ocrx_word' id='word_1_368' title='bbox 3552 2742 3660 2794; x_wconf 72' lang='grc' dir='ltr'><strong>ἀπ’)</strong></span> <span class='ocrx_word' id='word_1_369' title='bbox 3710 2746 3808 2811; x_wconf 75' lang='grc' dir='ltr'>τῆς</span> <span class='ocrx_word' id='word_1_370' title='bbox 3847 2742 3953 2809; x_wconf 73' lang='grc' dir='ltr'>γῆς</span> 
     </span>
    </p>
   </div>
   <div class='ocr_carea' id='block_1_55' title="bbox 2390 2832 3953 2903">
    <p class='ocr_par' dir='ltr' id='par_1_55' title="bbox 2390 2832 3953 2903">
     <span class='ocr_line' id='line_1_55' title="bbox 2390 2832 3953 2903; baseline -0.003 -16"><span class='ocrx_word' id='word_1_371' title='bbox 2390 2835 2532 2887; x_wconf 78' lang='grc' dir='ltr'>ὥστε</span> <span class='ocrx_word' id='word_1_372' title='bbox 2570 2834 2643 2903; x_wconf 82' lang='grc' dir='ltr'>μὴ</span> <span class='ocrx_word' id='word_1_373' title='bbox 2667 2834 2930 2903; x_wconf 74' lang='grc' dir='ltr'><strong>ὑπάρχειν</strong></span> <span class='ocrx_word' id='word_1_374' title='bbox 2961 2833 3181 2898; x_wconf 79' lang='grc' dir='ltr'>αὐτοὺς,</span> <span class='ocrx_word' id='word_1_375' title='bbox 3214 2833 3441 2895; x_wconf 79' lang='grc' dir='ltr'>Ξεναῖας</span> <span class='ocrx_word' id='word_1_376' title='bbox 3468 2835 3494 2886; x_wconf 83' lang='grc' dir='ltr'>ὁ</span> <span class='ocrx_word' id='word_1_377' title='bbox 3526 2832 3617 2885; x_wconf 84' lang='grc' dir='ltr'>τοῦ</span> <span class='ocrx_word' id='word_1_378' title='bbox 3642 2833 3778 2886; x_wconf 72' lang='grc' dir='ltr'>Θεοῦ</span> <span class='ocrx_word' id='word_1_379' title='bbox 3803 2834 3953 2896; x_wconf 76' lang='grc' dir='ltr'>ξένος</span> 
     </span>
    </p>
   </div>
   <div class='ocr_carea' id='block_1_56' title="bbox 2391 2924 3956 2997">
    <p class='ocr_par' dir='ltr' id='par_1_56' title="bbox 2391 2924 3956 2997">
     <span class='ocr_line' id='line_1_56' title="bbox 2391 2924 3956 2997; baseline 0.001 -20"><span class='ocrx_word' id='word_1_380' title='bbox 2391 2924 2626 2994; x_wconf 77' lang='grc' dir='ltr'>ἀληθῶς,</span> <span class='ocrx_word' id='word_1_381' title='bbox 2662 2924 2761 2976; x_wconf 84' lang='grc' dir='ltr'>οὐκ</span> <span class='ocrx_word' id='word_1_382' title='bbox 2806 2924 3026 2992; x_wconf 81' lang='grc' dir='ltr'>οίδαμεν</span> <span class='ocrx_word' id='word_1_383' title='bbox 3077 2925 3179 2978; x_wconf 90' lang='grc' dir='ltr'>τίνι</span> <span class='ocrx_word' id='word_1_384' title='bbox 3217 2926 3406 2994; x_wconf 82' lang='grc' dir='ltr'>σκοπῷ</span> <span class='ocrx_word' id='word_1_385' title='bbox 3454 2926 3485 2996; x_wconf 75' lang='grc' dir='ltr'>ἢ</span> <span class='ocrx_word' id='word_1_386' title='bbox 3537 2927 3698 2979; x_wconf 87' lang='grc' dir='ltr'>ποίαν</span> <span class='ocrx_word' id='word_1_387' title='bbox 3749 2928 3956 2997; x_wconf 59' lang='grc' dir='ltr'>ἔλθραν</span> 
     </span>
    </p>
   </div>
   <div class='ocr_carea' id='block_1_57' title="bbox 2395 3016 3957 3088">
    <p class='ocr_par' dir='ltr' id='par_1_57' title="bbox 2395 3016 3957 3088">
     <span class='ocr_line' id='line_1_57' title="bbox 2395 3016 3957 3088; baseline 0 -18"><span class='ocrx_word' id='word_1_388' title='bbox 2395 3018 2533 3086; x_wconf 78' lang='grc' dir='ltr'>πρὸς</span> <span class='ocrx_word' id='word_1_389' title='bbox 2557 3016 2859 3069; x_wconf 78' lang='grc' dir='ltr'>Φλαὸιανὸν</span> <span class='ocrx_word' id='word_1_390' title='bbox 2887 3016 3139 3081; x_wconf 63' lang='grc' dir='ltr'>ἔκδικῶν,</span> <span class='ocrx_word' id='word_1_391' title='bbox 3175 3019 3451 3085; x_wconf 76' lang='grc' dir='ltr'>προφάσει</span> <span class='ocrx_word' id='word_1_392' title='bbox 3477 3017 3533 3070; x_wconf 78' lang='grc' dir='ltr'>δὲ</span> <span class='ocrx_word' id='word_1_393' title='bbox 3564 3018 3663 3088; x_wconf 85' lang='grc' dir='ltr'>τῆς</span> <span class='ocrx_word' id='word_1_394' title='bbox 3696 3018 3957 3081; x_wconf 86' lang='grc' dir='ltr'>πίστεως,</span> 
     </span>
    </p>
   </div>
   <div class='ocr_carea' id='block_1_58' title="bbox 2396 3108 3956 3179">
    <p class='ocr_par' dir='ltr' id='par_1_58' title="bbox 2396 3108 3956 3179">
     <span class='ocr_line' id='line_1_58' title="bbox 2396 3108 3956 3179; baseline 0 -17"><span class='ocrx_word' id='word_1_395' title='bbox 2396 3108 2471 3172; x_wconf 82' lang='grc' dir='ltr'>ὡς</span> <span class='ocrx_word' id='word_1_396' title='bbox 2493 3110 2543 3162; x_wconf 80' lang='grc' dir='ltr'><strong>οι</strong></span> <span class='ocrx_word' id='word_1_397' title='bbox 2591 3109 2776 3161; x_wconf 63' lang='grc' dir='ltr'>πολλοὶ</span> <span class='ocrx_word' id='word_1_398' title='bbox 2820 3108 3156 3177; x_wconf 72' lang='grc' dir='ltr'>διηγοῦνται,</span> <span class='ocrx_word' id='word_1_399' title='bbox 3190 3111 3426 3163; x_wconf 79' lang='grc' dir='ltr'>κινείται</span> <span class='ocrx_word' id='word_1_400' title='bbox 3468 3110 3568 3178; x_wconf 77' lang='grc' dir='ltr'>μὲν</span> <span class='ocrx_word' id='word_1_401' title='bbox 3604 3112 3738 3179; x_wconf 79' lang='grc' dir='ltr'>πρὸς</span> <span class='ocrx_word' id='word_1_402' title='bbox 3770 3114 3956 3171; x_wconf 71' lang='grc' dir='ltr'>αὐτὸν,</span> 
     </span>
    </p>
   </div>
   <div class='ocr_carea' id='block_1_59' title="bbox 726 3201 2399 3294">
    <p class='ocr_par' dir='ltr' id='par_1_59' title="bbox 726 3208 2399 3294">
     <span class='ocr_line' id='line_1_59' title="bbox 726 3208 2399 3294; baseline -0.005 -27"><span class='ocrx_word' id='word_1_403' title='bbox 726 3216 938 3279; x_wconf 85' lang='lat' dir='ltr'><strong>dicans,</strong></span> <span class='ocrx_word' id='word_1_404' title='bbox 978 3214 1080 3268; x_wconf 86' lang='lat' dir='ltr'><strong>sub</strong></span> <span class='ocrx_word' id='word_1_405' title='bbox 1116 3211 1344 3266; x_wconf 84' lang='lat' dir='ltr'><strong>obtentu</strong></span> <span class='ocrx_word' id='word_1_406' title='bbox 1409 3211 1557 3273; x_wconf 71' lang='lat' dir='ltr'><strong>ﬁdei,</strong></span> <span class='ocrx_word' id='word_1_407' title='bbox 1606 3209 1769 3264; x_wconf 86' lang='lat' dir='ltr'><strong>sicuti</strong></span> <span class='ocrx_word' id='word_1_408' title='bbox 1819 3209 2069 3277; x_wconf 76' lang='lat' dir='ltr'><strong>plerique</strong></span> <span class='ocrx_word' id='word_1_409' title='bbox 2113 3208 2292 3272; x_wconf 87' lang='lat' dir='ltr'><strong>aiunt,</strong></span> <span class='ocrx_word' id='word_1_410' title='bbox 2321 3224 2399 3294; x_wconf 46' lang='grc' dir='ltr'><strong>οη</strong></span> 
     </span>
    </p>
   </div>
   <div class='ocr_carea' id='block_1_60' title="bbox 2285 3201 3958 3294">
    <p class='ocr_par' dir='ltr' id='par_1_60' title="bbox 2285 3201 3958 3294">
     <span class='ocr_line' id='line_1_60' title="bbox 2285 3201 3958 3294; baseline 0.001 -39"><span class='ocrx_word' id='word_1_411' title='bbox 2285 3247 2292 3269; x_wconf 83' lang='grc'><strong>,</strong></span> <span class='ocrx_word' id='word_1_412' title='bbox 2321 3234 2367 3294; x_wconf 73' lang='lat' dir='ltr'>c</span> <span class='ocrx_word' id='word_1_413' title='bbox 2398 3202 2492 3255; x_wconf 76' lang='grc' dir='ltr'>καὶ</span> <span class='ocrx_word' id='word_1_414' title='bbox 2519 3201 2827 3254; x_wconf 76' lang='grc' dir='ltr'>διαϐάλλειν</span> <span class='ocrx_word' id='word_1_415' title='bbox 2851 3202 3078 3271; x_wconf 84' lang='grc' dir='ltr'>ἄρχεται</span> <span class='ocrx_word' id='word_1_416' title='bbox 3110 3202 3184 3263; x_wconf 84' lang='grc' dir='ltr'>ὡς</span> <span class='ocrx_word' id='word_1_417' title='bbox 3209 3201 3595 3270; x_wconf 87' lang='grc' dir='ltr'>Νεστοριανόν.</span> <span class='ocrx_word' id='word_1_418' title='bbox 3630 3203 3872 3256; x_wconf 84' lang='grc' dir='ltr'>Ἐκείνου</span> <span class='ocrx_word' id='word_1_419' title='bbox 3901 3204 3958 3257; x_wconf 81' lang='grc' dir='ltr'>δὲ</span> 
     </span>
    </p>
   </div>
   <div class='ocr_carea' id='block_1_61' title="bbox 726 3300 2294 3366">
    <p class='ocr_par' dir='ltr' id='par_1_61' title="bbox 726 3300 2294 3366">
     <span class='ocr_line' id='line_1_61' title="bbox 726 3300 2294 3366; baseline -0.005 -5"><span class='ocrx_word' id='word_1_420' title='bbox 726 3316 915 3361; x_wconf 87' lang='lat' dir='ltr'><strong>contra</strong></span> <span class='ocrx_word' id='word_1_421' title='bbox 966 3320 1093 3359; x_wconf 86' lang='lat' dir='ltr'><strong>eum</strong></span> <span class='ocrx_word' id='word_1_422' title='bbox 1135 3301 1651 3366; x_wconf 74' lang='lat' dir='ltr'><strong>contmottts,vcluti</strong></span> <span class='ocrx_word' id='word_1_423' title='bbox 1698 3300 2085 3355; x_wconf 77' lang='lat' dir='ltr'><strong>Nestorianum</strong></span> <span class='ocrx_word' id='word_1_424' title='bbox 2138 3300 2294 3354; x_wconf 86' lang='lat' dir='ltr'><strong>calu-</strong></span> 
     </span>
    </p>
   </div>
   <div class='ocr_carea' id='block_1_62' title="bbox 729 3392 2293 3464">
    <p class='ocr_par' dir='ltr' id='par_1_62' title="bbox 729 3392 2293 3464">
     <span class='ocr_line' id='line_1_62' title="bbox 729 3392 2293 3464; baseline -0.004 -13"><span class='ocrx_word' id='word_1_425' title='bbox 729 3399 937 3455; x_wconf 86' lang='lat' dir='ltr'><strong>muiose</strong></span> <span class='ocrx_word' id='word_1_426' title='bbox 959 3396 1238 3451; x_wconf 87' lang='lat' dir='ltr'><strong>criminari</strong></span> <span class='ocrx_word' id='word_1_427' title='bbox 1280 3394 1469 3464; x_wconf 67' lang='lat' dir='ltr'><strong>erepit.</strong></span> <span class='ocrx_word' id='word_1_428' title='bbox 1503 3395 1681 3462; x_wconf 86' lang='lat' dir='ltr'><strong>Atque</strong></span> <span class='ocrx_word' id='word_1_429' title='bbox 1716 3392 1807 3446; x_wconf 86' lang='lat' dir='ltr'><strong>ubi</strong></span> <span class='ocrx_word' id='word_1_430' title='bbox 1843 3393 1932 3445; x_wconf 90' lang='lat' dir='ltr'><strong>ille</strong></span> <span class='ocrx_word' id='word_1_431' title='bbox 1982 3392 2293 3446; x_wconf 84' lang='lat' dir='ltr'><strong>Nestorium</strong></span> 
     </span>
    </p>
   </div>
   <div class='ocr_carea' id='block_1_63' title="bbox 730 3482 2295 3556">
    <p class='ocr_par' dir='ltr' id='par_1_63' title="bbox 730 3482 2295 3556">
     <span class='ocr_line' id='line_1_63' title="bbox 730 3482 2295 3556; baseline -0.004 -14"><span class='ocrx_word' id='word_1_432' title='bbox 730 3505 834 3542; x_wconf 82' lang='lat' dir='ltr'><strong>una</strong></span> <span class='ocrx_word' id='word_1_433' title='bbox 881 3504 1003 3543; x_wconf 89' lang='lat' dir='ltr'><strong>cum</strong></span> <span class='ocrx_word' id='word_1_434' title='bbox 1042 3487 1304 3556; x_wconf 87' lang='lat' dir='ltr'><strong>opinione</strong></span> <span class='ocrx_word' id='word_1_435' title='bbox 1335 3502 1431 3540; x_wconf 84' lang='lat' dir='ltr'><strong>sua</strong></span> <span class='ocrx_word' id='word_1_436' title='bbox 1466 3486 1815 3539; x_wconf 83' lang='lat' dir='ltr'><strong>anathemate</strong></span> <span class='ocrx_word' id='word_1_437' title='bbox 1849 3482 2202 3545; x_wconf 79' lang='lat' dir='ltr'><strong>conlodil,ex</strong></span> <span class='ocrx_word' id='word_1_438' title='bbox 2228 3497 2295 3537; x_wconf 89' lang='lat' dir='ltr'><strong>eo</strong></span> 
     </span>
    </p>
   </div>
   <div class='ocr_carea' id='block_1_64' title="bbox 731 3575 2292 3647">
    <p class='ocr_par' dir='ltr' id='par_1_64' title="bbox 731 3575 2292 3647">
     <span class='ocr_line' id='line_1_64' title="bbox 731 3575 2292 3647; baseline -0.003 -15"><span class='ocrx_word' id='word_1_439' title='bbox 731 3587 975 3647; x_wconf 88' lang='lat' dir='ltr'><strong>tempore</strong></span> <span class='ocrx_word' id='word_1_440' title='bbox 1031 3594 1251 3633; x_wconf 88' lang='lat' dir='ltr'><strong>rursum</strong></span> <span class='ocrx_word' id='word_1_441' title='bbox 1303 3576 1370 3631; x_wconf 87' lang='lat' dir='ltr'><strong>ad</strong></span> <span class='ocrx_word' id='word_1_442' title='bbox 1424 3576 1747 3631; x_wconf 86' lang='lat' dir='ltr'><strong>Dioscorum</strong></span> <span class='ocrx_word' id='word_1_443' title='bbox 1787 3575 1886 3645; x_wconf 87' lang='lat' dir='ltr'><strong>(l),</strong></span> <span class='ocrx_word' id='word_1_444' title='bbox 1918 3575 2292 3641; x_wconf 86' lang='lat' dir='ltr'><strong>Theodorum,</strong></span> 
     </span>
    </p>
   </div>
   <div class='ocr_carea' id='block_1_65' title="bbox 652 3665 2298 3737">
    <p class='ocr_par' dir='ltr' id='par_1_65' title="bbox 652 3665 2298 3737">
     <span class='ocr_line' id='line_1_65' title="bbox 652 3665 2298 3737; baseline -0.002 -12"><span class='ocrx_word' id='word_1_445' title='bbox 652 3714 661 3725; x_wconf 84' lang='lat'><strong>.</strong></span> <span class='ocrx_word' id='word_1_446' title='bbox 733 3670 1169 3734; x_wconf 89' lang='lat' dir='ltr'><strong>Thcodoritum,</strong></span> <span class='ocrx_word' id='word_1_447' title='bbox 1228 3668 1399 3731; x_wconf 90' lang='lat' dir='ltr'><strong>lban,</strong></span> <span class='ocrx_word' id='word_1_448' title='bbox 1458 3667 1693 3737; x_wconf 83' lang='lat' dir='ltr'><strong>Cyrum,</strong></span> <span class='ocrx_word' id='word_1_449' title='bbox 1758 3665 2177 3730; x_wconf 84' lang='lat' dir='ltr'><strong>Eleutherium,</strong></span> <span class='ocrx_word' id='word_1_450' title='bbox 2240 3674 2298 3721; x_wconf 78' lang='lat' dir='ltr'><strong>et</strong></span> 
     </span>
    </p>
   </div>
   <div class='ocr_carea' id='block_1_66' title="bbox 735 3757 2297 3827">
    <p class='ocr_par' dir='ltr' id='par_1_66' title="bbox 735 3757 2297 3827">
     <span class='ocr_line' id='line_1_66' title="bbox 735 3757 2297 3827; baseline -0.004 -10"><span class='ocrx_word' id='word_1_451' title='bbox 735 3764 995 3817; x_wconf 77' lang='lat' dir='ltr'><strong>Joannem</strong></span> <span class='ocrx_word' id='word_1_452' title='bbox 1040 3760 1281 3825; x_wconf 85' lang='lat' dir='ltr'><strong>transiit,</strong></span> <span class='ocrx_word' id='word_1_453' title='bbox 1314 3770 1368 3813; x_wconf 86' lang='lat' dir='ltr'><strong>et</strong></span> <span class='ocrx_word' id='word_1_454' title='bbox 1411 3760 1689 3814; x_wconf 86' lang='lat' dir='ltr'><strong>nescimus</strong></span> <span class='ocrx_word' id='word_1_455' title='bbox 1716 3772 1858 3827; x_wconf 89' lang='lat' dir='ltr'><strong>quos</strong></span> <span class='ocrx_word' id='word_1_456' title='bbox 1893 3757 2031 3812; x_wconf 89' lang='lat' dir='ltr'><strong>alios</strong></span> <span class='ocrx_word' id='word_1_457' title='bbox 2071 3758 2297 3827; x_wconf 80' lang='lat' dir='ltr'><strong>insuper</strong></span> 
     </span>
    </p>
   </div>
   <div class='ocr_carea' id='block_1_67' title="bbox 735 3849 2296 3919">
    <p class='ocr_par' dir='ltr' id='par_1_67' title="bbox 735 3849 2296 3919">
     <span class='ocr_line' id='line_1_67' title="bbox 735 3849 2296 3919; baseline -0.003 -13"><span class='ocrx_word' id='word_1_458' title='bbox 735 3852 788 3913; x_wconf 74' lang='lat' dir='ltr'><strong>et</strong></span> <span class='ocrx_word' id='word_1_459' title='bbox 841 3851 985 3906; x_wconf 88' lang='lat' dir='ltr'><strong>unde</strong></span> <span class='ocrx_word' id='word_1_460' title='bbox 1040 3851 1284 3917; x_wconf 78' lang='lat' dir='ltr'><strong>collegit.</strong></span> <span class='ocrx_word' id='word_1_461' title='bbox 1335 3850 1581 3915; x_wconf 81' lang='lat' dir='ltr'><strong>Quorum</strong></span> <span class='ocrx_word' id='word_1_462' title='bbox 1619 3850 1843 3919; x_wconf 82' lang='lat' dir='ltr'><strong>quidam</strong></span> <span class='ocrx_word' id='word_1_463' title='bbox 1879 3864 2008 3904; x_wconf 86' lang='lat' dir='ltr'><strong>vere</strong></span> <span class='ocrx_word' id='word_1_464' title='bbox 2057 3849 2296 3903; x_wconf 89' lang='lat' dir='ltr'><strong>Nestorii</strong></span> 
     </span>
    </p>
   </div>
   <div class='ocr_carea' id='block_1_68' title="bbox 732 3941 2301 4015">
    <p class='ocr_par' dir='ltr' id='par_1_68' title="bbox 732 3941 2301 4015">
     <span class='ocr_line' id='line_1_68' title="bbox 732 3941 2301 4015; baseline -0.004 -14"><span class='ocrx_word' id='word_1_465' title='bbox 732 3942 926 4015; x_wconf 82' lang='lat' dir='ltr'><strong>dogma</strong></span> <span class='ocrx_word' id='word_1_466' title='bbox 960 3944 1365 4013; x_wconf 75' lang='lat' dir='ltr'><strong>proﬁtebantur</strong></span> <span class='ocrx_word' id='word_1_467' title='bbox 1397 3960 1411 3996; x_wconf 90' lang='lat'><strong>:</strong></span> <span class='ocrx_word' id='word_1_468' title='bbox 1445 3942 1670 4011; x_wconf 88' lang='lat' dir='ltr'><strong>quidam</strong></span> <span class='ocrx_word' id='word_1_469' title='bbox 1702 3952 1887 3996; x_wconf 88' lang='lat' dir='ltr'><strong>autem</strong></span> <span class='ocrx_word' id='word_1_470' title='bbox 1917 3942 2040 4011; x_wconf 87' lang='lat' dir='ltr'><strong>ejus</strong></span> <span class='ocrx_word' id='word_1_471' title='bbox 2074 3941 2301 3996; x_wconf 73' lang='lat' dir='ltr'><strong>haeresis</strong></span> 
     </span>
    </p>
   </div>
   <div class='ocr_carea' id='block_1_69' title="bbox 737 4034 2301 4103">
    <p class='ocr_par' dir='ltr' id='par_1_69' title="bbox 737 4034 2301 4103">
     <span class='ocr_line' id='line_1_69' title="bbox 737 4034 2301 4103; baseline -0.004 -11"><span class='ocrx_word' id='word_1_472' title='bbox 737 4037 1000 4103; x_wconf 64' lang='lat' dir='ltr'><strong>suspecti,</strong></span> <span class='ocrx_word' id='word_1_473' title='bbox 1041 4036 1339 4090; x_wconf 75' lang='lat' dir='ltr'><strong>anathema</strong></span> <span class='ocrx_word' id='word_1_474' title='bbox 1371 4034 1423 4088; x_wconf 92' lang='lat' dir='ltr'><strong>in</strong></span> <span class='ocrx_word' id='word_1_475' title='bbox 1452 4034 1767 4089; x_wconf 84' lang='lat' dir='ltr'><strong>Nestorium</strong></span> <span class='ocrx_word' id='word_1_476' title='bbox 1799 4041 2213 4099; x_wconf 83' lang='lat' dir='ltr'><strong>contorserant,</strong></span> <span class='ocrx_word' id='word_1_477' title='bbox 2245 4040 2301 4087; x_wconf 82' lang='lat' dir='ltr'><strong>et</strong></span> 
     </span>
    </p>
   </div>
   <div class='ocr_carea' id='block_1_70' title="bbox 740 4124 2300 4185">
    <p class='ocr_par' dir='ltr' id='par_1_70' title="bbox 740 4124 2300 4185">
     <span class='ocr_line' id='line_1_70' title="bbox 740 4124 2300 4185; baseline -0.004 -2"><span class='ocrx_word' id='word_1_478' title='bbox 740 4126 794 4185; x_wconf 89' lang='lat' dir='ltr'><strong>in</strong></span> <span class='ocrx_word' id='word_1_479' title='bbox 837 4129 1097 4183; x_wconf 81' lang='lat' dir='ltr'><strong>Ecclesia:</strong></span> <span class='ocrx_word' id='word_1_480' title='bbox 1135 4128 1527 4182; x_wconf 84' lang='lat' dir='ltr'><strong>communione</strong></span> <span class='ocrx_word' id='word_1_481' title='bbox 1585 4125 1832 4181; x_wconf 83' lang='lat' dir='ltr'><strong>defuncti</strong></span> <span class='ocrx_word' id='word_1_482' title='bbox 1876 4133 2027 4180; x_wconf 86' lang='lat' dir='ltr'><strong>sunt.</strong></span> <span class='ocrx_word' id='word_1_483' title='bbox 2084 4124 2174 4179; x_wconf 84' lang='lat' dir='ltr'><strong>Eis</strong></span> <span class='ocrx_word' id='word_1_484' title='bbox 2224 4125 2300 4178; x_wconf 88' lang='lat' dir='ltr'><strong>ita</strong></span> 
     </span>
    </p>
   </div>
   <div class='ocr_carea' id='block_1_71' title="bbox 740 4214 2303 4284">
    <p class='ocr_par' dir='ltr' id='par_1_71' title="bbox 740 4214 2303 4284">
     <span class='ocr_line' id='line_1_71' title="bbox 740 4214 2303 4284; baseline -0.004 -8"><span class='ocrx_word' id='word_1_485' title='bbox 740 4221 987 4282; x_wconf 77' lang='lat' dir='ltr'><strong>collectis</strong></span> <span class='ocrx_word' id='word_1_486' title='bbox 1049 4220 1117 4272; x_wconf 88' lang='lat' dir='ltr'><strong>ad</strong></span> <span class='ocrx_word' id='word_1_487' title='bbox 1162 4217 1482 4272; x_wconf 79' lang='lat' dir='ltr'><strong>Flavianum</strong></span> <span class='ocrx_word' id='word_1_488' title='bbox 1532 4234 1547 4270; x_wconf 91' lang='lat'><strong>:</strong></span> <span class='ocrx_word' id='word_1_489' title='bbox 1602 4216 1801 4280; x_wconf 84' lang='lat' dir='ltr'><strong>Hosce,</strong></span> <span class='ocrx_word' id='word_1_490' title='bbox 1852 4214 2052 4284; x_wconf 86' lang='lat' dir='ltr'><strong>inquit,</strong></span> <span class='ocrx_word' id='word_1_491' title='bbox 2109 4229 2303 4269; x_wconf 90' lang='lat' dir='ltr'><strong>omnes</strong></span> 
     </span>
    </p>
   </div>
   <div class='ocr_carea' id='block_1_72' title="bbox 743 4305 2305 4378">
    <p class='ocr_par' dir='ltr' id='par_1_72' title="bbox 743 4305 2305 4378">
     <span class='ocr_line' id='line_1_72' title="bbox 743 4305 2305 4378; baseline -0.003 -15"><span class='ocrx_word' id='word_1_492' title='bbox 743 4309 980 4367; x_wconf 77' lang='lat' dir='ltr'><strong>Nestorii</strong></span> <span class='ocrx_word' id='word_1_493' title='bbox 1018 4310 1350 4378; x_wconf 84' lang='lat' dir='ltr'><strong>contagione</strong></span> <span class='ocrx_word' id='word_1_494' title='bbox 1384 4307 1637 4373; x_wconf 82' lang='lat' dir='ltr'><strong>infectos,</strong></span> <span class='ocrx_word' id='word_1_495' title='bbox 1670 4307 1775 4361; x_wconf 87' lang='lat' dir='ltr'><strong>nisi</strong></span> <span class='ocrx_word' id='word_1_496' title='bbox 1806 4306 2145 4360; x_wconf 87' lang='lat' dir='ltr'><strong>anathemati</strong></span> <span class='ocrx_word' id='word_1_497' title='bbox 2173 4305 2305 4359; x_wconf 87' lang='lat' dir='ltr'><strong>sub-</strong></span> 
     </span>
    </p>
   </div>
   <div class='ocr_carea' id='block_1_73' title="bbox 751 4398 2307 4469">
    <p class='ocr_par' dir='ltr' id='par_1_73' title="bbox 751 4398 2307 4469">
     <span class='ocr_line' id='line_1_73' title="bbox 751 4398 2307 4469; baseline -0.005 -10"><span class='ocrx_word' id='word_1_498' title='bbox 751 4400 989 4466; x_wconf 84' lang='lat' dir='ltr'><strong>dideris,</strong></span> <span class='ocrx_word' id='word_1_499' title='bbox 1026 4402 1382 4457; x_wconf 71' lang='lat' dir='ltr'><strong>Nestorianus</strong></span> <span class='ocrx_word' id='word_1_500' title='bbox 1414 4417 1494 4465; x_wconf 90' lang='lat' dir='ltr'><strong>es,</strong></span> <span class='ocrx_word' id='word_1_501' title='bbox 1538 4411 1818 4469; x_wconf 83' lang='lat' dir='ltr'><strong>utcunque</strong></span> <span class='ocrx_word' id='word_1_502' title='bbox 1850 4400 1934 4453; x_wconf 85' lang='lat' dir='ltr'><strong>vel</strong></span> <span class='ocrx_word' id='word_1_503' title='bbox 1964 4398 2147 4454; x_wconf 87' lang='lat' dir='ltr'><strong>decies</strong></span> <span class='ocrx_word' id='word_1_504' title='bbox 2184 4398 2307 4452; x_wconf 89' lang='lat' dir='ltr'><strong>mil-</strong></span> 
     </span>
    </p>
   </div>
   <div class='ocr_carea' id='block_1_74' title="bbox 738 4490 2306 4561">
    <p class='ocr_par' dir='ltr' id='par_1_74' title="bbox 738 4490 2306 4561">
     <span class='ocr_line' id='line_1_74' title="bbox 738 4490 2306 4561; baseline -0.002 -15"><span class='ocrx_word' id='word_1_505' title='bbox 738 4496 845 4550; x_wconf 78' lang='lat' dir='ltr'><strong>ties</strong></span> <span class='ocrx_word' id='word_1_506' title='bbox 877 4494 1032 4547; x_wconf 91' lang='lat' dir='ltr'><strong>illum</strong></span> <span class='ocrx_word' id='word_1_507' title='bbox 1067 4508 1173 4547; x_wconf 88' lang='lat' dir='ltr'><strong>una</strong></span> <span class='ocrx_word' id='word_1_508' title='bbox 1203 4507 1327 4546; x_wconf 88' lang='lat' dir='ltr'><strong>cum</strong></span> <span class='ocrx_word' id='word_1_509' title='bbox 1370 4493 1623 4561; x_wconf 80' lang='lat' dir='ltr'><strong>dogmate</strong></span> <span class='ocrx_word' id='word_1_510' title='bbox 1666 4506 1766 4547; x_wconf 90' lang='lat' dir='ltr'><strong>suo</strong></span> <span class='ocrx_word' id='word_1_511' title='bbox 1796 4490 2144 4545; x_wconf 85' lang='lat' dir='ltr'><strong>anathemate</strong></span> <span class='ocrx_word' id='word_1_512' title='bbox 2173 4504 2306 4545; x_wconf 87' lang='lat' dir='ltr'><strong>con-</strong></span> 
     </span>
    </p>
   </div>
   <div class='ocr_carea' id='block_1_75' title="bbox 2400 3292 3961 3363">
    <p class='ocr_par' dir='ltr' id='par_1_75' title="bbox 2400 3292 3961 3363">
     <span class='ocr_line' id='line_1_75' title="bbox 2400 3292 3961 3363; baseline 0.001 -17"><span class='ocrx_word' id='word_1_513' title='bbox 2400 3295 2497 3346; x_wconf 79' lang='grc' dir='ltr'>σὺν</span> <span class='ocrx_word' id='word_1_514' title='bbox 2522 3292 2599 3361; x_wconf 83' lang='grc' dir='ltr'>τῷ</span> <span class='ocrx_word' id='word_1_515' title='bbox 2628 3295 2934 3362; x_wconf 82' lang='grc' dir='ltr'>φρονήματι</span> <span class='ocrx_word' id='word_1_516' title='bbox 2975 3293 3064 3343; x_wconf 81' lang='grc' dir='ltr'>καὶ</span> <span class='ocrx_word' id='word_1_517' title='bbox 3095 3292 3388 3360; x_wconf 82' lang='grc' dir='ltr'>Νεστόριον</span> <span class='ocrx_word' id='word_1_518' title='bbox 3436 3294 3961 3363; x_wconf 81' lang='grc' dir='ltr'>άναθεματίοαντος,</span> 
     </span>
    </p>
   </div>
   <div class='ocr_carea' id='block_1_76' title="bbox 2402 3383 3963 3455">
    <p class='ocr_par' dir='ltr' id='par_1_76' title="bbox 2402 3383 3963 3455">
     <span class='ocr_line' id='line_1_76' title="bbox 2402 3383 3963 3455; baseline 0.001 -17"><span class='ocrx_word' id='word_1_519' title='bbox 2402 3385 2682 3455; x_wconf 75' lang='grc' dir='ltr'>μετέὃαινε</span> <span class='ocrx_word' id='word_1_520' title='bbox 2708 3386 2868 3438; x_wconf 81' lang='grc' dir='ltr'>πάλιν</span> <span class='ocrx_word' id='word_1_521' title='bbox 2895 3383 2952 3448; x_wconf 74' lang='grc' dir='ltr'>ἐξ</span> <span class='ocrx_word' id='word_1_522' title='bbox 2974 3385 3181 3437; x_wconf 74' lang='grc' dir='ltr'>ἐκείνου</span> <span class='ocrx_word' id='word_1_523' title='bbox 3204 3387 3292 3436; x_wconf 78' lang='grc' dir='ltr'><strong>ἐπὶ</strong></span> <span class='ocrx_word' id='word_1_524' title='bbox 3312 3386 3622 3454; x_wconf 83' lang='grc' dir='ltr'>Διόσκορον,</span> <span class='ocrx_word' id='word_1_525' title='bbox 3643 3389 3737 3439; x_wconf 77' lang='grc' dir='ltr'>καὶ</span> <span class='ocrx_word' id='word_1_526' title='bbox 3752 3389 3929 3440; x_wconf 63' lang='grc' dir='ltr'>Θεάδω</span> <span class='ocrx_word' id='word_1_527' title='bbox 3946 3418 3963 3430; x_wconf 85' lang='lat'><strong>-</strong></span> 
     </span>
    </p>
   </div>
   <div class='ocr_carea' id='block_1_77' title="bbox 2403 3471 3969 3545">
    <p class='ocr_par' dir='ltr' id='par_1_77' title="bbox 2403 3471 3969 3545">
     <span class='ocr_line' id='line_1_77' title="bbox 2403 3471 3969 3545; baseline 0.004 -22"><span class='ocrx_word' id='word_1_528' title='bbox 2403 3489 2517 3541; x_wconf 84' lang='lat' dir='ltr'><strong>pov,</strong></span> <span class='ocrx_word' id='word_1_529' title='bbox 2541 3471 2634 3523; x_wconf 81' lang='grc' dir='ltr'>καὶ</span> <span class='ocrx_word' id='word_1_530' title='bbox 2657 3472 3001 3542; x_wconf 81' lang='grc' dir='ltr'>Θεοδώρητον</span> <span class='ocrx_word' id='word_1_531' title='bbox 3027 3474 3120 3525; x_wconf 77' lang='grc' dir='ltr'>καὶ</span> <span class='ocrx_word' id='word_1_532' title='bbox 3139 3473 3311 3538; x_wconf 78' lang='grc' dir='ltr'>Ἰϐαν,</span> <span class='ocrx_word' id='word_1_533' title='bbox 3331 3476 3425 3527; x_wconf 74' lang='grc' dir='ltr'>καὶ</span> <span class='ocrx_word' id='word_1_534' title='bbox 3445 3476 3642 3545; x_wconf 78' lang='grc' dir='ltr'>Κῦρον,</span> <span class='ocrx_word' id='word_1_535' title='bbox 3670 3478 3763 3530; x_wconf 81' lang='grc' dir='ltr'>καὶ</span> <span class='ocrx_word' id='word_1_536' title='bbox 3780 3478 3969 3532; x_wconf 72' lang='grc' dir='ltr'>Ἐλευ-</span> 
     </span>
    </p>
   </div>
   <div class='ocr_carea' id='block_1_78' title="bbox 2402 3564 3964 3637">
    <p class='ocr_par' dir='ltr' id='par_1_78' title="bbox 2402 3564 3964 3637">
     <span class='ocr_line' id='line_1_78' title="bbox 2402 3564 3964 3637; baseline 0.004 -21"><span class='ocrx_word' id='word_1_537' title='bbox 2402 3564 2603 3628; x_wconf 81' lang='grc' dir='ltr'>θέριον,</span> <span class='ocrx_word' id='word_1_538' title='bbox 2629 3566 2724 3617; x_wconf 82' lang='grc' dir='ltr'>καὶ</span> <span class='ocrx_word' id='word_1_539' title='bbox 2739 3564 3015 3635; x_wconf 78' lang='grc' dir='ltr'>Ἰωάννην,</span> <span class='ocrx_word' id='word_1_540' title='bbox 3051 3567 3144 3618; x_wconf 81' lang='grc' dir='ltr'>καὶ</span> <span class='ocrx_word' id='word_1_541' title='bbox 3160 3566 3259 3619; x_wconf 84' lang='grc' dir='ltr'>οὐκ</span> <span class='ocrx_word' id='word_1_542' title='bbox 3287 3568 3444 3637; x_wconf 86' lang='grc' dir='ltr'>ίσμεν</span> <span class='ocrx_word' id='word_1_543' title='bbox 3461 3566 3712 3632; x_wconf 78' lang='grc' dir='ltr'>οὕστινας</span> <span class='ocrx_word' id='word_1_544' title='bbox 3727 3570 3822 3623; x_wconf 80' lang='grc' dir='ltr'>καὶ</span> <span class='ocrx_word' id='word_1_545' title='bbox 3839 3571 3964 3623; x_wconf 77' lang='grc' dir='ltr'>ὅθεν</span> 
     </span>
    </p>
   </div>
   <div class='ocr_carea' id='block_1_79' title="bbox 2403 3652 3968 3733">
    <p class='ocr_par' dir='ltr' id='par_1_79' title="bbox 2403 3652 3968 3733">
     <span class='ocr_line' id='line_1_79' title="bbox 2403 3652 3968 3733; baseline 0.004 -26"><span class='ocrx_word' id='word_1_546' title='bbox 2403 3654 2816 3725; x_wconf 78' lang='grc' dir='ltr'>συλλεξάμενος·</span> <span class='ocrx_word' id='word_1_547' title='bbox 2836 3652 2911 3711; x_wconf 76' lang='grc' dir='ltr'>ὧν</span> <span class='ocrx_word' id='word_1_548' title='bbox 2930 3659 2979 3710; x_wconf 74' lang='lat' dir='ltr'><strong>oi</strong></span> <span class='ocrx_word' id='word_1_549' title='bbox 3007 3658 3106 3726; x_wconf 81' lang='grc' dir='ltr'>μὲν</span> <span class='ocrx_word' id='word_1_550' title='bbox 3140 3658 3525 3730; x_wconf 83' lang='grc' dir='ltr'>τάΝεστορίου</span> <span class='ocrx_word' id='word_1_551' title='bbox 3559 3660 3773 3731; x_wconf 81' lang='grc' dir='ltr'>άληθῶς</span> <span class='ocrx_word' id='word_1_552' title='bbox 3806 3664 3968 3733; x_wconf 74' lang='grc' dir='ltr'>ἔπρι-</span> 
     </span>
    </p>
   </div>
   <div class='ocr_carea' id='block_1_80' title="bbox 2404 3748 3968 3826">
    <p class='ocr_par' dir='ltr' id='par_1_80' title="bbox 2404 3748 3968 3826">
     <span class='ocr_line' id='line_1_80' title="bbox 2404 3748 3968 3826; baseline 0.006 -29"><span class='ocrx_word' id='word_1_553' title='bbox 2404 3748 2657 3811; x_wconf 81' lang='grc' dir='ltr'>οϐευσαν,</span> <span class='ocrx_word' id='word_1_554' title='bbox 2676 3750 2723 3801; x_wconf 71' lang='lat' dir='ltr'><strong>el</strong></span> <span class='ocrx_word' id='word_1_555' title='bbox 2753 3748 2810 3801; x_wconf 79' lang='grc' dir='ltr'>δὲ</span> <span class='ocrx_word' id='word_1_556' title='bbox 2833 3748 3225 3818; x_wconf 79' lang='grc' dir='ltr'>ὑπονοηθέντες</span> <span class='ocrx_word' id='word_1_557' title='bbox 3244 3750 3664 3821; x_wconf 77' lang='grc' dir='ltr'>ἀνεθεμάτισαν,</span> <span class='ocrx_word' id='word_1_558' title='bbox 3694 3754 3789 3806; x_wconf 77' lang='grc' dir='ltr'>καὶ</span> <span class='ocrx_word' id='word_1_559' title='bbox 3819 3757 3876 3807; x_wconf 74' lang='grc' dir='ltr'>ὲν</span> <span class='ocrx_word' id='word_1_560' title='bbox 3898 3760 3968 3826; x_wconf 80' lang='grc' dir='ltr'>τῇ</span> 
     </span>
    </p>
   </div>
   <div class='ocr_carea' id='block_1_81' title="bbox 2404 3839 3969 3913">
    <p class='ocr_par' dir='ltr' id='par_1_81' title="bbox 2404 3839 3969 3913">
     <span class='ocr_line' id='line_1_81' title="bbox 2404 3839 3969 3913; baseline 0.004 -23"><span class='ocrx_word' id='word_1_561' title='bbox 2404 3839 2661 3909; x_wconf 70' lang='grc' dir='ltr'>κοινωνία</span> <span class='ocrx_word' id='word_1_562' title='bbox 2726 3842 2825 3906; x_wconf 80' lang='grc' dir='ltr'>τῆς</span> <span class='ocrx_word' id='word_1_563' title='bbox 2887 3840 3215 3911; x_wconf 81' lang='grc' dir='ltr'>Ἐκκλησίας</span> <span class='ocrx_word' id='word_1_564' title='bbox 3281 3843 3660 3913; x_wconf 83' lang='grc' dir='ltr'>κεκοίμηνται.</span> <span class='ocrx_word' id='word_1_565' title='bbox 3728 3845 3969 3910; x_wconf 84' lang='grc' dir='ltr'>Τούτους</span> 
     </span>
    </p>
   </div>
   <div class='ocr_carea' id='block_1_82' title="bbox 2407 3930 3970 4007">
    <p class='ocr_par' dir='ltr' id='par_1_82' title="bbox 2407 3930 3970 4007">
     <span class='ocr_line' id='line_1_82' title="bbox 2407 3930 3970 4007; baseline 0.005 -25"><span class='ocrx_word' id='word_1_566' title='bbox 2407 3930 2618 3994; x_wconf 83' lang='grc' dir='ltr'>πάντας</span> <span class='ocrx_word' id='word_1_567' title='bbox 2646 3932 2716 3985; x_wconf 81' lang='grc' dir='ltr'>τὰ</span> <span class='ocrx_word' id='word_1_568' title='bbox 2744 3932 3040 4001; x_wconf 82' lang='grc' dir='ltr'>Νεστορίου</span> <span class='ocrx_word' id='word_1_569' title='bbox 3069 3934 3205 4001; x_wconf 73' lang='grc' dir='ltr'>φησὶ</span> <span class='ocrx_word' id='word_1_570' title='bbox 3238 3935 3592 4001; x_wconf 75' lang='grc' dir='ltr'>νοσήσαντας,</span> <span class='ocrx_word' id='word_1_571' title='bbox 3633 3937 3682 3989; x_wconf 83' lang='grc' dir='ltr'><strong>εί</strong></span> <span class='ocrx_word' id='word_1_572' title='bbox 3718 3937 3792 4007; x_wconf 82' lang='grc' dir='ltr'>μὴ</span> <span class='ocrx_word' id='word_1_573' title='bbox 3836 3939 3970 3994; x_wconf 64' lang='grc' dir='ltr'>ἀνα-</span> 
     </span>
    </p>
   </div>
   <div class='ocr_carea' id='block_1_83' title="bbox 2408 4023 3972 4099">
    <p class='ocr_par' dir='ltr' id='par_1_83' title="bbox 2408 4023 3972 4099">
     <span class='ocr_line' id='line_1_83' title="bbox 2408 4023 3972 4099; baseline 0.001 -22"><span class='ocrx_word' id='word_1_574' title='bbox 2408 4024 2781 4093; x_wconf 85' lang='grc' dir='ltr'>θεματίσειας,</span> <span class='ocrx_word' id='word_1_575' title='bbox 2830 4023 2900 4077; x_wconf 81' lang='grc' dir='ltr'>τὰ</span> <span class='ocrx_word' id='word_1_576' title='bbox 2948 4024 3245 4094; x_wconf 88' lang='grc' dir='ltr'>Νεστορίου</span> <span class='ocrx_word' id='word_1_577' title='bbox 3292 4028 3535 4094; x_wconf 79' lang='grc' dir='ltr'>φρονεῖς,</span> <span class='ocrx_word' id='word_1_578' title='bbox 3576 4028 3678 4080; x_wconf 70' lang='grc' dir='ltr'><strong>κᾶν</strong></span> <span class='ocrx_word' id='word_1_579' title='bbox 3709 4032 3972 4099; x_wconf 69' lang='grc' dir='ltr'>μυριάκις</span> 
     </span>
    </p>
   </div>
   <div class='ocr_carea' id='block_1_84' title="bbox 2408 4116 3970 4190">
    <p class='ocr_par' dir='ltr' id='par_1_84' title="bbox 2408 4116 3970 4190">
     <span class='ocr_line' id='line_1_84' title="bbox 2408 4116 3970 4190; baseline 0.003 -19"><span class='ocrx_word' id='word_1_580' title='bbox 2408 4117 2569 4171; x_wconf 73' lang='grc' dir='ltr'>αὐτὸν</span> <span class='ocrx_word' id='word_1_581' title='bbox 2600 4117 2740 4184; x_wconf 71' lang='grc' dir='ltr'>μετὰ</span> <span class='ocrx_word' id='word_1_582' title='bbox 2764 4116 2857 4168; x_wconf 83' lang='grc' dir='ltr'>τοῦ</span> <span class='ocrx_word' id='word_1_583' title='bbox 2890 4116 3240 4186; x_wconf 84' lang='grc' dir='ltr'>φρονήματος</span> <span class='ocrx_word' id='word_1_584' title='bbox 3285 4118 3712 4190; x_wconf 76' lang='grc' dir='ltr'>ἀναθεματίζῃς.</span> <span class='ocrx_word' id='word_1_585' title='bbox 3762 4121 3970 4175; x_wconf 75' lang='grc' dir='ltr'>Ἀνεκίο</span> 
     </span>
    </p>
   </div>
   <div class='ocr_carea' id='block_1_85' title="bbox 2409 4207 3969 4283">
    <p class='ocr_par' dir='ltr' id='par_1_85' title="bbox 2409 4207 3969 4283">
     <span class='ocr_line' id='line_1_85' title="bbox 2409 4207 3969 4283; baseline 0.004 -22"><span class='ocrx_word' id='word_1_586' title='bbox 2409 4226 2490 4262; x_wconf 87' lang='grc' dir='ltr'><strong>νει</strong></span> <span class='ocrx_word' id='word_1_587' title='bbox 2519 4208 2575 4261; x_wconf 72' lang='grc' dir='ltr'>δι</span> <span class='ocrx_word' id='word_1_588' title='bbox 2597 4208 2686 4260; x_wconf 80' lang='grc' dir='ltr'>διὰ</span> <span class='ocrx_word' id='word_1_589' title='bbox 2731 4207 3077 4276; x_wconf 86' lang='grc' dir='ltr'>γραμμάτων</span> <span class='ocrx_word' id='word_1_590' title='bbox 3108 4209 3202 4262; x_wconf 77' lang='grc' dir='ltr'>καὶ</span> <span class='ocrx_word' id='word_1_591' title='bbox 3246 4210 3373 4273; x_wconf 83' lang='grc' dir='ltr'>τοὺς</span> <span class='ocrx_word' id='word_1_592' title='bbox 3405 4211 3513 4265; x_wconf 79' lang='grc' dir='ltr'><strong>ἀπὸ</strong></span> <span class='ocrx_word' id='word_1_593' title='bbox 3548 4213 3840 4283; x_wconf 86' lang='grc' dir='ltr'>Διοσκόρου</span> <span class='ocrx_word' id='word_1_594' title='bbox 3870 4216 3969 4268; x_wconf 72' lang='grc' dir='ltr'>καὶ</span> 
     </span>
    </p>
   </div>
   <div class='ocr_carea' id='block_1_86' title="bbox 2411 4298 3977 4378">
    <p class='ocr_par' dir='ltr' id='par_1_86' title="bbox 2411 4298 3977 4378">
     <span class='ocr_line' id='line_1_86' title="bbox 2411 4298 3977 4378; baseline 0.004 -26"><span class='ocrx_word' id='word_1_595' title='bbox 2411 4298 2683 4369; x_wconf 81' lang='grc' dir='ltr'>Εὐτυχοῦς</span> <span class='ocrx_word' id='word_1_596' title='bbox 2709 4301 3038 4369; x_wconf 84' lang='grc' dir='ltr'>συνηγόρους</span> <span class='ocrx_word' id='word_1_597' title='bbox 3062 4316 3074 4329; x_wconf 74' lang='grc'><strong><em>⁸</em></strong></span> <span class='ocrx_word' id='word_1_598' title='bbox 3104 4302 3307 4354; x_wconf 89' lang='grc' dir='ltr'>πείθων</span> <span class='ocrx_word' id='word_1_599' title='bbox 3340 4303 3673 4373; x_wconf 83' lang='grc' dir='ltr'>συνάρασθαι</span> <span class='ocrx_word' id='word_1_600' title='bbox 3701 4307 3801 4374; x_wconf 73' lang='grc' dir='ltr'>μὲν</span> <span class='ocrx_word' id='word_1_601' title='bbox 3821 4306 3977 4378; x_wconf 81' lang='grc' dir='ltr'>αὐτῷ</span> 
     </span>
    </p>
   </div>
   <div class='ocr_carea' id='block_1_87' title="bbox 2412 4389 3967 4465">
    <p class='ocr_par' dir='ltr' id='par_1_87' title="bbox 2412 4389 3967 4465">
     <span class='ocr_line' id='line_1_87' title="bbox 2412 4389 3967 4465; baseline 0.005 -24"><span class='ocrx_word' id='word_1_602' title='bbox 2412 4389 2557 4443; x_wconf 84' lang='grc' dir='ltr'>κατὰ</span> <span class='ocrx_word' id='word_1_603' title='bbox 2602 4389 2907 4442; x_wconf 78' lang='grc' dir='ltr'>Φλαὸιανοῦ</span> <span class='ocrx_word' id='word_1_604' title='bbox 2930 4405 2947 4419; x_wconf 79' lang='lat'><strong><em>°</em></strong></span> <span class='ocrx_word' id='word_1_605' title='bbox 2984 4389 3058 4459; x_wconf 85' lang='grc' dir='ltr'>μὴ</span> <span class='ocrx_word' id='word_1_606' title='bbox 3108 4392 3295 4460; x_wconf 78' lang='grc' dir='ltr'>μέντοι</span> <span class='ocrx_word' id='word_1_607' title='bbox 3323 4392 3768 4465; x_wconf 79' lang='grc' dir='ltr'>άναθεματισμὸν</span> <span class='ocrx_word' id='word_1_608' title='bbox 3798 4398 3967 4448; x_wconf 78' lang='grc' dir='ltr'>άπαι-</span> 
     </span>
    </p>
   </div>
   <div class='ocr_carea' id='block_1_88' title="bbox 2412 4480 3974 4557">
    <p class='ocr_par' dir='ltr' id='par_1_88' title="bbox 2412 4480 3974 4557">
     <span class='ocr_line' id='line_1_88' title="bbox 2412 4480 3974 4557; baseline 0.001 -24"><span class='ocrx_word' id='word_1_609' title='bbox 2412 4482 2525 4533; x_wconf 79' lang='grc' dir='ltr'><strong>τείν</strong></span> <span class='ocrx_word' id='word_1_610' title='bbox 2554 4480 2651 4549; x_wconf 82' lang='grc' dir='ltr'>τῆς</span> <span class='ocrx_word' id='word_1_611' title='bbox 2689 4480 2931 4545; x_wconf 85' lang='grc' dir='ltr'>συνόδου,</span> <span class='ocrx_word' id='word_1_612' title='bbox 2963 4481 3099 4535; x_wconf 72' lang='grc' dir='ltr'>ἀλλὰ</span> <span class='ocrx_word' id='word_1_613' title='bbox 3145 4480 3252 4534; x_wconf 81' lang='grc' dir='ltr'><strong>τῶν</strong></span> <span class='ocrx_word' id='word_1_614' title='bbox 3293 4485 3707 4555; x_wconf 78' lang='grc' dir='ltr'>προειρημένων</span> <span class='ocrx_word' id='word_1_615' title='bbox 3753 4490 3974 4557; x_wconf 78' lang='grc' dir='ltr'>προσώ.</span> 
     </span>
    </p>
   </div>
   <div class='ocr_carea' id='block_1_89' title="bbox 736 4572 2409 4650">
    <p class='ocr_par' dir='ltr' id='par_1_89' title="bbox 736 4580 2385 4650">
     <span class='ocr_line' id='line_1_89' title="bbox 736 4580 2385 4650; baseline -0.007 -7"><span class='ocrx_word' id='word_1_616' title='bbox 736 4580 946 4645; x_wconf 74' lang='lat' dir='ltr'><strong>fodias.</strong></span> <span class='ocrx_word' id='word_1_617' title='bbox 980 4582 1085 4637; x_wconf 77' lang='lat' dir='ltr'><strong>Per</strong></span> <span class='ocrx_word' id='word_1_618' title='bbox 1115 4583 1330 4636; x_wconf 74' lang='lat' dir='ltr'><strong>litteras</strong></span> <span class='ocrx_word' id='word_1_619' title='bbox 1364 4597 1583 4650; x_wconf 91' lang='lat' dir='ltr'><strong>quoque</strong></span> <span class='ocrx_word' id='word_1_620' title='bbox 1638 4581 2023 4636; x_wconf 81' lang='lat' dir='ltr'><strong>Dioscorianos</strong></span> <span class='ocrx_word' id='word_1_621' title='bbox 2048 4589 2102 4634; x_wconf 91' lang='lat' dir='ltr'><strong>et</strong></span> <span class='ocrx_word' id='word_1_622' title='bbox 2135 4580 2307 4650; x_wconf 80' lang='lat' dir='ltr'><strong>Euty-</strong></span> <span class='ocrx_word' id='word_1_623' title='bbox 2343 4583 2385 4638; x_wconf 88' lang='lat' dir='ltr'><strong>D</strong></span> 
     </span>
    </p>
   </div>
   <div class='ocr_carea' id='block_1_90' title="bbox 2298 4572 3971 4650">
    <p class='ocr_par' dir='ltr' id='par_1_90' title="bbox 2298 4572 3971 4641">
     <span class='ocr_line' id='line_1_90' title="bbox 2298 4572 3971 4641; baseline 0.008 -21"><span class='ocrx_word' id='word_1_624' title='bbox 2298 4607 2307 4620; x_wconf 88' lang='lat'><strong>.</strong></span> <span class='ocrx_word' id='word_1_625' title='bbox 2343 4583 2385 4638; x_wconf 77' lang='grc' dir='ltr'>υ</span> <span class='ocrx_word' id='word_1_626' title='bbox 2420 4591 2551 4627; x_wconf 89' lang='grc' dir='ltr'>πων.</span> <span class='ocrx_word' id='word_1_627' title='bbox 2590 4572 2696 4626; x_wconf 84' lang='grc' dir='ltr'><strong>Τοῦ</strong></span> <span class='ocrx_word' id='word_1_628' title='bbox 2730 4574 2787 4626; x_wconf 81' lang='grc' dir='ltr'>δὲ</span> <span class='ocrx_word' id='word_1_629' title='bbox 2810 4572 3111 4626; x_wconf 70' lang='grc' dir='ltr'>ἐπισκόπου</span> <span class='ocrx_word' id='word_1_630' title='bbox 3138 4572 3443 4627; x_wconf 79' lang='grc' dir='ltr'>Φλαδιανοῦ</span> <span class='ocrx_word' id='word_1_631' title='bbox 3487 4576 3702 4641; x_wconf 76' lang='grc' dir='ltr'>τούτοις</span> <span class='ocrx_word' id='word_1_632' title='bbox 3736 4580 3971 4634; x_wconf 65' lang='grc' dir='ltr'>ἐπιπολὺ</span> 
     </span>
    </p>
   </div>
   <div class='ocr_carea' id='block_1_91' title="bbox 745 4668 2309 4741">
    <p class='ocr_par' dir='ltr' id='par_1_91' title="bbox 745 4668 2309 4741">
     <span class='ocr_line' id='line_1_91' title="bbox 745 4668 2309 4741; baseline -0.004 -11"><span class='ocrx_word' id='word_1_633' title='bbox 745 4673 976 4730; x_wconf 88' lang='lat' dir='ltr'><strong>chianos</strong></span> <span class='ocrx_word' id='word_1_634' title='bbox 1011 4671 1302 4741; x_wconf 85' lang='lat' dir='ltr'><strong>permovit,</strong></span> <span class='ocrx_word' id='word_1_635' title='bbox 1352 4671 1521 4741; x_wconf 77' lang='lat'><strong>698</strong></span> <span class='ocrx_word' id='word_1_636' title='bbox 1568 4672 1758 4740; x_wconf 85' lang='lat' dir='ltr'><strong>eisque</strong></span> <span class='ocrx_word' id='word_1_637' title='bbox 1790 4671 2087 4736; x_wconf 84' lang='lat' dir='ltr'><strong>persuasit,</strong></span> <span class='ocrx_word' id='word_1_638' title='bbox 2114 4678 2177 4724; x_wconf 87' lang='lat' dir='ltr'><strong>ut</strong></span> <span class='ocrx_word' id='word_1_639' title='bbox 2204 4668 2309 4724; x_wconf 86' lang='lat' dir='ltr'><strong>sibi</strong></span> 
     </span>
    </p>
   </div>
   <div class='ocr_carea' id='block_1_92' title="bbox 755 4764 2307 4837">
    <p class='ocr_par' dir='ltr' id='par_1_92' title="bbox 755 4764 2307 4837">
     <span class='ocr_line' id='line_1_92' title="bbox 755 4764 2307 4837; baseline -0.003 -16"><span class='ocrx_word' id='word_1_640' title='bbox 755 4766 973 4837; x_wconf 83' lang='lat' dir='ltr'><strong>patroni</strong></span> <span class='ocrx_word' id='word_1_641' title='bbox 1030 4766 1298 4819; x_wconf 89' lang='lat' dir='ltr'><strong>adversus</strong></span> <span class='ocrx_word' id='word_1_642' title='bbox 1361 4765 1683 4819; x_wconf 78' lang='lat' dir='ltr'><strong>Flavianum</strong></span> <span class='ocrx_word' id='word_1_643' title='bbox 1737 4764 2001 4818; x_wconf 86' lang='lat' dir='ltr'><strong>adessent</strong></span> <span class='ocrx_word' id='word_1_644' title='bbox 2048 4781 2061 4818; x_wconf 91' lang='lat'><strong>:</strong></span> <span class='ocrx_word' id='word_1_645' title='bbox 2124 4777 2307 4817; x_wconf 87' lang='lat' dir='ltr'><strong>secum</strong></span> 
     </span>
    </p>
   </div>
   <div class='ocr_carea' id='block_1_93' title="bbox 752 4854 2313 4926">
    <p class='ocr_par' dir='ltr' id='par_1_93' title="bbox 752 4854 2313 4926">
     <span class='ocr_line' id='line_1_93' title="bbox 752 4854 2313 4926; baseline -0.001 -16"><span class='ocrx_word' id='word_1_646' title='bbox 752 4856 1002 4924; x_wconf 80' lang='lat' dir='ltr'><strong>petituri,</strong></span> <span class='ocrx_word' id='word_1_647' title='bbox 1044 4866 1101 4911; x_wconf 87' lang='lat' dir='ltr'><strong>ut</strong></span> <span class='ocrx_word' id='word_1_648' title='bbox 1148 4857 1237 4911; x_wconf 90' lang='lat' dir='ltr'><strong>ille</strong></span> <span class='ocrx_word' id='word_1_649' title='bbox 1268 4872 1377 4910; x_wconf 89' lang='lat' dir='ltr'><strong>non</strong></span> <span class='ocrx_word' id='word_1_650' title='bbox 1413 4855 1466 4909; x_wconf 93' lang='lat' dir='ltr'><strong>in</strong></span> <span class='ocrx_word' id='word_1_651' title='bbox 1496 4854 1790 4926; x_wconf 85' lang='lat' dir='ltr'><strong>synodum,</strong></span> <span class='ocrx_word' id='word_1_652' title='bbox 1818 4854 1915 4909; x_wconf 86' lang='lat' dir='ltr'><strong>sed</strong></span> <span class='ocrx_word' id='word_1_653' title='bbox 1948 4854 2002 4908; x_wconf 91' lang='lat' dir='ltr'><strong>in</strong></span> <span class='ocrx_word' id='word_1_654' title='bbox 2044 4869 2141 4909; x_wconf 88' lang='lat' dir='ltr'><strong>eos</strong></span> <span class='ocrx_word' id='word_1_655' title='bbox 2172 4868 2313 4924; x_wconf 87' lang='lat' dir='ltr'><strong>quos</strong></span> 
     </span>
    </p>
   </div>
   <div class='ocr_carea' id='block_1_94' title="bbox 754 4946 2312 5017">
    <p class='ocr_par' dir='ltr' id='par_1_94' title="bbox 754 4946 2312 5017">
     <span class='ocr_line' id='line_1_94' title="bbox 754 4946 2312 5017; baseline -0.002 -15"><span class='ocrx_word' id='word_1_656' title='bbox 754 4947 998 5002; x_wconf 79' lang='lat' dir='ltr'><strong>diximus</strong></span> <span class='ocrx_word' id='word_1_657' title='bbox 1050 4950 1199 5002; x_wconf 86' lang='lat' dir='ltr'><strong>viros</strong></span> <span class='ocrx_word' id='word_1_658' title='bbox 1260 4948 1555 5001; x_wconf 86' lang='lat' dir='ltr'><strong>anathema</strong></span> <span class='ocrx_word' id='word_1_659' title='bbox 1607 4947 1968 5017; x_wconf 84' lang='lat' dir='ltr'><strong>jacularetur.</strong></span> <span class='ocrx_word' id='word_1_660' title='bbox 2034 4946 2127 5000; x_wconf 84' lang='lat' dir='ltr'><strong>Eis</strong></span> <span class='ocrx_word' id='word_1_661' title='bbox 2180 4958 2312 4999; x_wconf 83' lang='lat' dir='ltr'><strong>vero</strong></span> 
     </span>
    </p>
   </div>
   <div class='ocr_carea' id='block_1_95' title="bbox 742 5037 2311 5109">
    <p class='ocr_par' dir='ltr' id='par_1_95' title="bbox 742 5037 2311 5109">
     <span class='ocr_line' id='line_1_95' title="bbox 742 5037 2311 5109; baseline -0.002 -15"><span class='ocrx_word' id='word_1_662' title='bbox 742 5041 1044 5098; x_wconf 67' lang='lat' dir='ltr'><strong>Flavianus</strong></span> <span class='ocrx_word' id='word_1_663' title='bbox 1116 5040 1412 5109; x_wconf 73' lang='lat' dir='ltr'><strong>episconus</strong></span> <span class='ocrx_word' id='word_1_664' title='bbox 1475 5040 1567 5093; x_wconf 89' lang='lat' dir='ltr'><strong>diu</strong></span> <span class='ocrx_word' id='word_1_665' title='bbox 1654 5038 2002 5107; x_wconf 89' lang='lat' dir='ltr'><strong>multumque</strong></span> <span class='ocrx_word' id='word_1_666' title='bbox 2082 5037 2311 5092; x_wconf 88' lang='lat' dir='ltr'><strong>restitit.</strong></span> 
     </span>
    </p>
   </div>
   <div class='ocr_carea' id='block_1_96' title="bbox 754 5129 2311 5197">
    <p class='ocr_par' dir='ltr' id='par_1_96' title="bbox 754 5129 2311 5197">
     <span class='ocr_line' id='line_1_96' title="bbox 754 5129 2311 5197; baseline -0.006 -8"><span class='ocrx_word' id='word_1_667' title='bbox 754 5130 1012 5189; x_wconf 80' lang='lat' dir='ltr'><strong>Sedenim</strong></span> <span class='ocrx_word' id='word_1_668' title='bbox 1069 5130 1162 5184; x_wconf 86' lang='lat' dir='ltr'><strong>ubi</strong></span> <span class='ocrx_word' id='word_1_669' title='bbox 1220 5130 1314 5182; x_wconf 89' lang='lat' dir='ltr'><strong>alii</strong></span> <span class='ocrx_word' id='word_1_670' title='bbox 1389 5144 1608 5197; x_wconf 89' lang='lat' dir='ltr'><strong>quoque</strong></span> <span class='ocrx_word' id='word_1_671' title='bbox 1683 5139 1873 5181; x_wconf 90' lang='lat' dir='ltr'><strong>contra</strong></span> <span class='ocrx_word' id='word_1_672' title='bbox 1940 5129 2117 5194; x_wconf 90' lang='lat' dir='ltr'><strong>ipsum</strong></span> <span class='ocrx_word' id='word_1_673' title='bbox 2187 5141 2311 5181; x_wconf 87' lang='lat' dir='ltr'><strong>cum</strong></span> 
     </span>
    </p>
   </div>
   <div class='ocr_carea' id='block_1_97' title="bbox 754 5218 2311 5291">
    <p class='ocr_par' dir='ltr' id='par_1_97' title="bbox 754 5218 2311 5291">
     <span class='ocr_line' id='line_1_97' title="bbox 754 5218 2311 5291; baseline -0.003 -14"><span class='ocrx_word' id='word_1_674' title='bbox 754 5219 961 5280; x_wconf 79' lang='lat' dir='ltr'><strong>Xenaia</strong></span> <span class='ocrx_word' id='word_1_675' title='bbox 994 5220 1272 5291; x_wconf 78' lang='lat' dir='ltr'><strong>conjuncti</strong></span> <span class='ocrx_word' id='word_1_676' title='bbox 1309 5230 1460 5284; x_wconf 90' lang='lat' dir='ltr'><strong>sunt,</strong></span> <span class='ocrx_word' id='word_1_677' title='bbox 1496 5220 1787 5274; x_wconf 63' lang='lat' dir='ltr'><strong>Eleusinus</strong></span> <span class='ocrx_word' id='word_1_678' title='bbox 1812 5219 2065 5274; x_wconf 79' lang='lat' dir='ltr'><strong>videlicet</strong></span> <span class='ocrx_word' id='word_1_679' title='bbox 2088 5218 2311 5288; x_wconf 85' lang='lat' dir='ltr'><strong>quidam</strong></span> 
     </span>
    </p>
   </div>
   <div class='ocr_carea' id='block_1_98' title="bbox 753 5312 2316 5382">
    <p class='ocr_par' dir='ltr' id='par_1_98' title="bbox 753 5312 2316 5382">
     <span class='ocr_line' id='line_1_98' title="bbox 753 5312 2316 5382; baseline -0.003 -13"><span class='ocrx_word' id='word_1_680' title='bbox 753 5316 1007 5372; x_wconf 70' lang='lat' dir='ltr'><strong>secunda</strong></span> <span class='ocrx_word' id='word_1_681' title='bbox 1037 5313 1420 5381; x_wconf 64' lang='lat' dir='ltr'><strong>Cappatluriar,</strong></span> <span class='ocrx_word' id='word_1_682' title='bbox 1455 5312 1637 5366; x_wconf 89' lang='lat' dir='ltr'><strong>Nicias</strong></span> <span class='ocrx_word' id='word_1_683' title='bbox 1692 5312 1974 5374; x_wconf 74' lang='lat' dir='ltr'><strong>Laodicea:</strong></span> <span class='ocrx_word' id='word_1_684' title='bbox 2027 5313 2316 5382; x_wconf 85' lang='lat' dir='ltr'><strong>Syrorum,</strong></span> 
     </span>
    </p>
   </div>
   <div class='ocr_carea' id='block_1_99' title="bbox 755 5403 2318 5474">
    <p class='ocr_par' dir='ltr' id='par_1_99' title="bbox 755 5403 2318 5474">
     <span class='ocr_line' id='line_1_99' title="bbox 755 5403 2318 5474; baseline -0.003 -13"><span class='ocrx_word' id='word_1_685' title='bbox 755 5409 921 5474; x_wconf 72' lang='lat' dir='ltr'><strong>atque</strong></span> <span class='ocrx_word' id='word_1_686' title='bbox 960 5404 1053 5456; x_wconf 86' lang='lat' dir='ltr'><strong>alii</strong></span> <span class='ocrx_word' id='word_1_687' title='bbox 1098 5404 1319 5457; x_wconf 88' lang='lat' dir='ltr'><strong>aliunde</strong></span> <span class='ocrx_word' id='word_1_688' title='bbox 1364 5404 1633 5473; x_wconf 83' lang='lat' dir='ltr'><strong>episcopi,</strong></span> <span class='ocrx_word' id='word_1_689' title='bbox 1664 5404 1901 5472; x_wconf 82' lang='lat' dir='ltr'><strong>quorum</strong></span> <span class='ocrx_word' id='word_1_690' title='bbox 1953 5403 2318 5472; x_wconf 86' lang='lat' dir='ltr'><strong>pusillanimi-</strong></span> 
     </span>
    </p>
   </div>
   <div class='ocr_carea' id='block_1_100' title="bbox 756 5486 2316 5563">
    <p class='ocr_par' dir='ltr' id='par_1_100' title="bbox 756 5486 2316 5563">
     <span class='ocr_line' id='line_1_100' title="bbox 756 5486 2316 5563; baseline -0.001 -14"><span class='ocrx_word' id='word_1_691' title='bbox 756 5499 884 5552; x_wconf 80' lang='lat' dir='ltr'><strong>tatis</strong></span> <span class='ocrx_word' id='word_1_692' title='bbox 940 5509 1069 5563; x_wconf 82' lang='lat' dir='ltr'><strong>erga</strong></span> <span class='ocrx_word' id='word_1_693' title='bbox 1118 5494 1434 5561; x_wconf 80' lang='lat' dir='ltr'><strong>Flavianum</strong></span> <span class='ocrx_word' id='word_1_694' title='bbox 1478 5510 1699 5549; x_wconf 83' lang='lat' dir='ltr'><strong>causam</strong></span> <span class='ocrx_word' id='word_1_695' title='bbox 1740 5509 1843 5548; x_wconf 88' lang='lat' dir='ltr'><strong>non</strong></span> <span class='ocrx_word' id='word_1_696' title='bbox 1883 5486 2157 5561; x_wconf 83' lang='lat' dir='ltr'><strong>nostrum,</strong></span> <span class='ocrx_word' id='word_1_697' title='bbox 2218 5492 2316 5548; x_wconf 82' lang='lat' dir='ltr'><strong>sed</strong></span> 
     </span>
    </p>
   </div>
   <div class='ocr_carea' id='block_1_101' title="bbox 756 5586 2316 5656">
    <p class='ocr_par' dir='ltr' id='par_1_101' title="bbox 756 5586 2316 5656">
     <span class='ocr_line' id='line_1_101' title="bbox 756 5586 2316 5656; baseline -0.002 -14"><span class='ocrx_word' id='word_1_698' title='bbox 756 5586 988 5643; x_wconf 82' lang='lat' dir='ltr'><strong>aliorum</strong></span> <span class='ocrx_word' id='word_1_699' title='bbox 1024 5586 1206 5653; x_wconf 90' lang='lat' dir='ltr'><strong>potius</strong></span> <span class='ocrx_word' id='word_1_700' title='bbox 1237 5597 1321 5640; x_wconf 85' lang='lat' dir='ltr'><strong>est</strong></span> <span class='ocrx_word' id='word_1_701' title='bbox 1347 5602 1667 5656; x_wconf 63' lang='lat' dir='ltr'><strong>esponere:</strong></span> <span class='ocrx_word' id='word_1_702' title='bbox 1705 5586 1927 5641; x_wconf 88' lang='lat' dir='ltr'><strong>tandem</strong></span> <span class='ocrx_word' id='word_1_703' title='bbox 1957 5603 2053 5656; x_wconf 87' lang='lat' dir='ltr'><strong>per</strong></span> <span class='ocrx_word' id='word_1_704' title='bbox 2095 5601 2192 5640; x_wconf 90' lang='lat' dir='ltr'><strong>eos</strong></span> <span class='ocrx_word' id='word_1_705' title='bbox 2231 5589 2316 5656; x_wconf 86' lang='lat' dir='ltr'><strong>ip-</strong></span> 
     </span>
    </p>
   </div>
   <div class='ocr_carea' id='block_1_102' title="bbox 753 5678 2316 5749">
    <p class='ocr_par' dir='ltr' id='par_1_102' title="bbox 753 5678 2316 5749">
     <span class='ocr_line' id='line_1_102' title="bbox 753 5678 2316 5749; baseline -0.001 -14"><span class='ocrx_word' id='word_1_706' title='bbox 753 5696 844 5735; x_wconf 80' lang='lat' dir='ltr'><strong>sos</strong></span> <span class='ocrx_word' id='word_1_707' title='bbox 872 5694 929 5734; x_wconf 88' lang='lat' dir='ltr'><strong>sc</strong></span> <span class='ocrx_word' id='word_1_708' title='bbox 968 5680 1091 5732; x_wconf 75' lang='lat' dir='ltr'><strong>illos</strong></span> <span class='ocrx_word' id='word_1_709' title='bbox 1116 5680 1181 5732; x_wconf 91' lang='lat' dir='ltr'><strong>ad</strong></span> <span class='ocrx_word' id='word_1_710' title='bbox 1217 5694 1404 5749; x_wconf 85' lang='lat' dir='ltr'><strong>pacem</strong></span> <span class='ocrx_word' id='word_1_711' title='bbox 1443 5680 1818 5734; x_wconf 76' lang='lat' dir='ltr'><strong>adducturum</strong></span> <span class='ocrx_word' id='word_1_712' title='bbox 1845 5694 1966 5733; x_wconf 87' lang='lat' dir='ltr'><strong>esse</strong></span> <span class='ocrx_word' id='word_1_713' title='bbox 1994 5678 2316 5745; x_wconf 86' lang='lat' dir='ltr'><strong>arbitratus,</strong></span> 
     </span>
    </p>
   </div>
   <div class='ocr_carea' id='block_1_103' title="bbox 827 5834 1651 5907">
    <p class='ocr_par' dir='ltr' id='par_1_103' title="bbox 827 5834 1651 5907">
     <span class='ocr_line' id='line_1_103' title="bbox 827 5834 1651 5907; baseline 0 -19"><span class='ocrx_word' id='word_1_714' title='bbox 827 5834 900 5904; x_wconf 77' lang='grc' dir='ltr'>(ί)</span> <span class='ocrx_word' id='word_1_715' title='bbox 965 5834 1101 5907; x_wconf 69' lang='lat' dir='ltr'><strong>Lege</strong></span> <span class='ocrx_word' id='word_1_716' title='bbox 1136 5834 1431 5888; x_wconf 82' lang='lat' dir='ltr'><strong>Diodorum</strong></span> <span class='ocrx_word' id='word_1_717' title='bbox 1503 5836 1651 5892; x_wconf 73' lang='lat' dir='ltr'><strong>Eutr.</strong></span> 
     </span>
    </p>
   </div>
   <div class='ocr_carea' id='block_1_104' title="bbox 2412 4665 3980 4742">
    <p class='ocr_par' dir='ltr' id='par_1_104' title="bbox 2412 4665 3980 4742">
     <span class='ocr_line' id='line_1_104' title="bbox 2412 4665 3980 4742; baseline 0.003 -22"><span class='ocrx_word' id='word_1_718' title='bbox 2412 4667 2823 4729; x_wconf 76' lang='grc' dir='ltr'>ἀντιτείνοντος,</span> <span class='ocrx_word' id='word_1_719' title='bbox 2855 4665 3059 4735; x_wconf 74' lang='grc' dir='ltr'>ἑτέρων</span> <span class='ocrx_word' id='word_1_720' title='bbox 3089 4682 3148 4719; x_wconf 86' lang='grc' dir='ltr'><strong>τε</strong></span> <span class='ocrx_word' id='word_1_721' title='bbox 3182 4668 3322 4735; x_wconf 79' lang='grc' dir='ltr'>μετὰ</span> <span class='ocrx_word' id='word_1_722' title='bbox 3358 4667 3557 4723; x_wconf 75' lang='grc' dir='ltr'>ΞεναῙα</span> <span class='ocrx_word' id='word_1_723' title='bbox 3591 4671 3980 4742; x_wconf 81' lang='grc' dir='ltr'>συμπλεκομέ-</span> 
     </span>
    </p>
   </div>
   <div class='ocr_carea' id='block_1_105' title="bbox 2414 4755 3979 4828">
    <p class='ocr_par' dir='ltr' id='par_1_105' title="bbox 2414 4755 3979 4828">
     <span class='ocr_line' id='line_1_105' title="bbox 2414 4755 3979 4828; baseline 0.004 -17"><span class='ocrx_word' id='word_1_724' title='bbox 2414 4775 2520 4811; x_wconf 88' lang='grc' dir='ltr'><strong>νων</strong></span> <span class='ocrx_word' id='word_1_725' title='bbox 2558 4756 2683 4810; x_wconf 83' lang='grc' dir='ltr'>κατ’</span> <span class='ocrx_word' id='word_1_726' title='bbox 2733 4755 2922 4823; x_wconf 80' lang='grc' dir='ltr'>αὐτοῦ,</span> <span class='ocrx_word' id='word_1_727' title='bbox 2966 4756 3276 4812; x_wconf 84' lang='grc' dir='ltr'>Ἐλευσίνου</span> <span class='ocrx_word' id='word_1_728' title='bbox 3335 4760 3438 4828; x_wconf 76' lang='grc' dir='ltr'>μὲν</span> <span class='ocrx_word' id='word_1_729' title='bbox 3471 4762 3780 4817; x_wconf 65' lang='grc' dir='ltr'>ἐπισκόπου</span> <span class='ocrx_word' id='word_1_730' title='bbox 3827 4766 3979 4828; x_wconf 72' lang='grc' dir='ltr'>τινος</span> 
     </span>
    </p>
   </div>
   <div class='ocr_carea' id='block_1_106' title="bbox 2415 4848 3979 4920">
    <p class='ocr_par' dir='ltr' id='par_1_106' title="bbox 2415 4848 3979 4920">
     <span class='ocr_line' id='line_1_106' title="bbox 2415 4848 3979 4920; baseline 0.004 -18"><span class='ocrx_word' id='word_1_731' title='bbox 2415 4851 2510 4920; x_wconf 80' lang='grc' dir='ltr'>τῆς</span> <span class='ocrx_word' id='word_1_732' title='bbox 2558 4848 2813 4918; x_wconf 83' lang='grc' dir='ltr'>δευτέρας</span> <span class='ocrx_word' id='word_1_733' title='bbox 2864 4849 3286 4915; x_wconf 77' lang='grc' dir='ltr'>Καππαδοκίας,</span> <span class='ocrx_word' id='word_1_734' title='bbox 3322 4851 3515 4905; x_wconf 86' lang='grc' dir='ltr'>Νικίου</span> <span class='ocrx_word' id='word_1_735' title='bbox 3543 4853 3601 4906; x_wconf 75' lang='grc' dir='ltr'>δὲ</span> <span class='ocrx_word' id='word_1_736' title='bbox 3655 4855 3979 4918; x_wconf 74' lang='grc' dir='ltr'>Λαοδικείας</span> 
     </span>
    </p>
   </div>
   <div class='ocr_carea' id='block_1_107' title="bbox 2415 4937 3985 5014">
    <p class='ocr_par' dir='ltr' id='par_1_107' title="bbox 2415 4937 3985 5014">
     <span class='ocr_line' id='line_1_107' title="bbox 2415 4937 3985 5014; baseline 0.004 -21"><span class='ocrx_word' id='word_1_737' title='bbox 2415 4942 2514 5009; x_wconf 77' lang='grc' dir='ltr'>τῆς</span> <span class='ocrx_word' id='word_1_738' title='bbox 2540 4941 2763 5011; x_wconf 90' lang='grc' dir='ltr'>Συρίας,</span> <span class='ocrx_word' id='word_1_739' title='bbox 2798 4940 2893 4995; x_wconf 77' lang='grc' dir='ltr'>καὶ</span> <span class='ocrx_word' id='word_1_740' title='bbox 2939 4941 3116 4995; x_wconf 76' lang='grc' dir='ltr'>ἄλλων</span> <span class='ocrx_word' id='word_1_741' title='bbox 3159 4942 3406 5008; x_wconf 80' lang='grc' dir='ltr'>ἄλλοθεν,</span> <span class='ocrx_word' id='word_1_742' title='bbox 3440 4937 3515 4998; x_wconf 82' lang='grc' dir='ltr'>ὧν</span> <span class='ocrx_word' id='word_1_743' title='bbox 3546 4946 3643 5008; x_wconf 78' lang='grc' dir='ltr'>τὰς</span> <span class='ocrx_word' id='word_1_744' title='bbox 3670 4945 3853 5009; x_wconf 79' lang='grc' dir='ltr'>αἰτίας</span> <span class='ocrx_word' id='word_1_745' title='bbox 3881 4949 3985 5014; x_wconf 84' lang='grc' dir='ltr'>τῆς</span> 
     </span>
    </p>
   </div>
   <div class='ocr_carea' id='block_1_108' title="bbox 2418 5032 3984 5108">
    <p class='ocr_par' dir='ltr' id='par_1_108' title="bbox 2418 5032 3984 5108">
     <span class='ocr_line' id='line_1_108' title="bbox 2418 5032 3984 5108; baseline 0.004 -24"><span class='ocrx_word' id='word_1_746' title='bbox 2418 5033 2550 5101; x_wconf 83' lang='grc' dir='ltr'>πρὸς</span> <span class='ocrx_word' id='word_1_747' title='bbox 2581 5032 2884 5087; x_wconf 77' lang='grc' dir='ltr'>Φλαόιανὸν</span> <span class='ocrx_word' id='word_1_748' title='bbox 2926 5033 3293 5105; x_wconf 75' lang='grc' dir='ltr'>μικροψυχίας</span> <span class='ocrx_word' id='word_1_749' title='bbox 3320 5037 3522 5108; x_wconf 72' lang='grc' dir='ltr'>ἑτέρων</span> <span class='ocrx_word' id='word_1_750' title='bbox 3545 5036 3662 5091; x_wconf 81' lang='grc' dir='ltr'>ἀλλ’</span> <span class='ocrx_word' id='word_1_751' title='bbox 3691 5038 3790 5107; x_wconf 79' lang='grc' dir='ltr'><strong>οὐχ</strong></span> <span class='ocrx_word' id='word_1_752' title='bbox 3823 5039 3984 5108; x_wconf 75' lang='grc' dir='ltr'>ἡμῶν</span> 
     </span>
    </p>
   </div>
   <div class='ocr_carea' id='block_1_109' title="bbox 2416 5124 3988 5199">
    <p class='ocr_par' dir='ltr' id='par_1_109' title="bbox 2416 5124 3988 5199">
     <span class='ocr_line' id='line_1_109' title="bbox 2416 5124 3988 5199; baseline 0.003 -23"><span class='ocrx_word' id='word_1_753' title='bbox 2416 5124 2807 5197; x_wconf 79' lang='grc' dir='ltr'>διηγήσασθαι.</span> <span class='ocrx_word' id='word_1_754' title='bbox 2840 5126 3002 5190; x_wconf 82' lang='grc' dir='ltr'>Τέλος</span> <span class='ocrx_word' id='word_1_755' title='bbox 3026 5127 3126 5180; x_wconf 83' lang='grc' dir='ltr'><strong>-διὰ</strong></span> <span class='ocrx_word' id='word_1_756' title='bbox 3160 5127 3386 5190; x_wconf 74' lang='grc' dir='ltr'>τούτους</span> <span class='ocrx_word' id='word_1_757' title='bbox 3412 5129 3642 5199; x_wconf 90' lang='grc' dir='ltr'>νομίσας</span> <span class='ocrx_word' id='word_1_758' title='bbox 3672 5130 3988 5199; x_wconf 68' lang='grc' dir='ltr'>εἰρηνεύειν</span> 
     </span>
    </p>
   </div>
   <div class='ocr_carea' id='block_1_110' title="bbox 2418 5212 3986 5290">
    <p class='ocr_par' dir='ltr' id='par_1_110' title="bbox 2418 5212 3986 5290">
     <span class='ocr_line' id='line_1_110' title="bbox 2418 5212 3986 5290; baseline 0.003 -21"><span class='ocrx_word' id='word_1_759' title='bbox 2418 5218 2637 5282; x_wconf 82' lang='grc' dir='ltr'>αὐτοὺς,</span> <span class='ocrx_word' id='word_1_760' title='bbox 2672 5212 2817 5283; x_wconf 78' lang='grc' dir='ltr'>εἶξεν</span> <span class='ocrx_word' id='word_1_761' title='bbox 2843 5217 3009 5271; x_wconf 78' lang='grc' dir='ltr'>αὑτοῦ</span> <span class='ocrx_word' id='word_1_762' title='bbox 3037 5222 3100 5289; x_wconf 79' lang='grc' dir='ltr'>τῇ</span> <span class='ocrx_word' id='word_1_763' title='bbox 3132 5219 3435 5289; x_wconf 63' lang='grc' dir='ltr'>φιλονεικίᾳ</span> <span class='ocrx_word' id='word_1_764' title='bbox 3460 5237 3474 5252; x_wconf 81' lang='grc' dir='ltr'><strong><em>ο</em></strong></span> <span class='ocrx_word' id='word_1_765' title='bbox 3504 5220 3600 5272; x_wconf 81' lang='grc' dir='ltr'>καὶ</span> <span class='ocrx_word' id='word_1_766' title='bbox 3627 5222 3896 5290; x_wconf 67' lang='grc' dir='ltr'>ἐγγράφῳ</span> <span class='ocrx_word' id='word_1_767' title='bbox 3916 5224 3986 5274; x_wconf 71' lang='grc' dir='ltr'><strong>τά</strong></span> 
     </span>
    </p>
   </div>
   <div class='ocr_carea' id='block_1_111' title="bbox 2422 5309 3984 5383">
    <p class='ocr_par' dir='ltr' id='par_1_111' title="bbox 2422 5309 3984 5383">
     <span class='ocr_line' id='line_1_111' title="bbox 2422 5309 3984 5383; baseline 0.002 -21"><span class='ocrx_word' id='word_1_768' title='bbox 2422 5311 2686 5383; x_wconf 76' lang='grc' dir='ltr'>πρόσωπα</span> <span class='ocrx_word' id='word_1_769' title='bbox 2722 5309 3149 5377; x_wconf 87' lang='grc' dir='ltr'>άναθεματίσας,</span> <span class='ocrx_word' id='word_1_770' title='bbox 3180 5312 3467 5365; x_wconf 78' lang='grc' dir='ltr'>ἀπέστειλε</span> <span class='ocrx_word' id='word_1_771' title='bbox 3495 5312 3573 5381; x_wconf 82' lang='grc' dir='ltr'>τῷ</span> <span class='ocrx_word' id='word_1_772' title='bbox 3609 5312 3839 5381; x_wconf 68' lang='grc' dir='ltr'>βαειλεῖ.</span> <span class='ocrx_word' id='word_1_773' title='bbox 3872 5316 3984 5366; x_wconf 71' lang='grc' dir='ltr'><strong>Καὶ</strong></span> 
     </span>
    </p>
   </div>
   <div class='ocr_carea' id='block_1_112' title="bbox 2420 5402 3985 5474">
    <p class='ocr_par' dir='ltr' id='par_1_112' title="bbox 2420 5402 3985 5474">
     <span class='ocr_line' id='line_1_112' title="bbox 2420 5402 3985 5474; baseline 0.003 -21"><span class='ocrx_word' id='word_1_774' title='bbox 2420 5402 2583 5454; x_wconf 74' lang='grc' dir='ltr'>αὑτὸν</span> <span class='ocrx_word' id='word_1_775' title='bbox 2609 5402 2716 5470; x_wconf 85' lang='grc' dir='ltr'><strong>γάρ</strong></span> <span class='ocrx_word' id='word_1_776' title='bbox 2743 5402 2867 5454; x_wconf 87' lang='grc' dir='ltr'>κατ’</span> <span class='ocrx_word' id='word_1_777' title='bbox 2899 5402 3063 5455; x_wconf 73' lang='grc' dir='ltr'>αὐτοῦ</span> <span class='ocrx_word' id='word_1_778' title='bbox 3094 5405 3449 5472; x_wconf 76' lang='grc' dir='ltr'>κεκινήκασιν</span> <span class='ocrx_word' id='word_1_779' title='bbox 3482 5404 3559 5468; x_wconf 86' lang='grc' dir='ltr'>ὡς</span> <span class='ocrx_word' id='word_1_780' title='bbox 3593 5404 3660 5457; x_wconf 78' lang='grc' dir='ltr'><strong>τά</strong></span> <span class='ocrx_word' id='word_1_781' title='bbox 3684 5404 3985 5474; x_wconf 80' lang='grc' dir='ltr'>Νεστορίου</span> 
     </span>
    </p>
   </div>
   <div class='ocr_carea' id='block_1_113' title="bbox 2423 5490 3987 5566">
    <p class='ocr_par' dir='ltr' id='par_1_113' title="bbox 2423 5490 3987 5566">
     <span class='ocr_line' id='line_1_113' title="bbox 2423 5490 3987 5566; baseline 0.004 -24"><span class='ocrx_word' id='word_1_782' title='bbox 2423 5493 2837 5561; x_wconf 76' lang='grc' dir='ltr'>πρεσῦεύοντος.</span> <span class='ocrx_word' id='word_1_783' title='bbox 2901 5494 3051 5562; x_wconf 78' lang='grc' dir='ltr'>Μηδὲ</span> <span class='ocrx_word' id='word_1_784' title='bbox 3085 5493 3295 5558; x_wconf 83' lang='grc' dir='ltr'>τούτοις</span> <span class='ocrx_word' id='word_1_785' title='bbox 3357 5490 3451 5548; x_wconf 79' lang='grc' dir='ltr'>οὖν</span> <span class='ocrx_word' id='word_1_786' title='bbox 3498 5497 3787 5566; x_wconf 73' lang='grc' dir='ltr'>ἀρκεσθεὶς</span> <span class='ocrx_word' id='word_1_787' title='bbox 3816 5501 3846 5550; x_wconf 88' lang='grc' dir='ltr'>ὁ</span> <span class='ocrx_word' id='word_1_788' title='bbox 3884 5497 3987 5549; x_wconf 78' lang='grc' dir='ltr'>Ξεο</span> 
     </span>
    </p>
   </div>
   <div class='ocr_carea' id='block_1_114' title="bbox 2425 5584 3992 5659">
    <p class='ocr_par' dir='ltr' id='par_1_114' title="bbox 2425 5584 3992 5659">
     <span class='ocr_line' id='line_1_114' title="bbox 2425 5584 3992 5659; baseline 0.003 -20"><span class='ocrx_word' id='word_1_789' title='bbox 2425 5587 2603 5649; x_wconf 74' lang='grc' dir='ltr'>ναΐας,</span> <span class='ocrx_word' id='word_1_790' title='bbox 2626 5584 2727 5653; x_wconf 80' lang='grc' dir='ltr'>τῆς</span> <span class='ocrx_word' id='word_1_791' title='bbox 2754 5585 2971 5638; x_wconf 81' lang='grc' dir='ltr'>συνόδου</span> <span class='ocrx_word' id='word_1_792' title='bbox 3007 5587 3178 5657; x_wconf 83' lang='grc' dir='ltr'>αὐτῆς</span> <span class='ocrx_word' id='word_1_793' title='bbox 3202 5589 3365 5643; x_wconf 85' lang='grc' dir='ltr'>πάλιν</span> <span class='ocrx_word' id='word_1_794' title='bbox 3388 5589 3879 5659; x_wconf 75' lang='grc' dir='ltr'>ἀναθεματισμὸν,“</span> <span class='ocrx_word' id='word_1_795' title='bbox 3895 5591 3992 5643; x_wconf 82' lang='grc' dir='ltr'>καὶ</span> 
     </span>
    </p>
   </div>
   <div class='ocr_carea' id='block_1_115' title="bbox 2420 5679 3990 5753">
    <p class='ocr_par' dir='ltr' id='par_1_115' title="bbox 2420 5679 3990 5753">
     <span class='ocr_line' id='line_1_115' title="bbox 2420 5679 3990 5753; baseline 0.002 -22"><span class='ocrx_word' id='word_1_796' title='bbox 2420 5679 2529 5731; x_wconf 80' lang='grc' dir='ltr'>τῶν</span> <span class='ocrx_word' id='word_1_797' title='bbox 2555 5680 2647 5732; x_wconf 71' lang='grc' dir='ltr'>δύο</span> <span class='ocrx_word' id='word_1_798' title='bbox 2679 5679 2871 5747; x_wconf 81' lang='grc' dir='ltr'>φύσεις</span> <span class='ocrx_word' id='word_1_799' title='bbox 2901 5682 2992 5733; x_wconf 73' lang='grc' dir='ltr'><strong>ἐπὶ</strong></span> <span class='ocrx_word' id='word_1_800' title='bbox 3038 5680 3132 5733; x_wconf 82' lang='grc' dir='ltr'>τοῦ</span> <span class='ocrx_word' id='word_1_801' title='bbox 3168 5682 3373 5752; x_wconf 81' lang='grc' dir='ltr'>Κυρίου</span> <span class='ocrx_word' id='word_1_802' title='bbox 3408 5683 3710 5753; x_wconf 80' lang='grc' dir='ltr'>εἰρηκότων</span> <span class='ocrx_word' id='word_1_803' title='bbox 3747 5683 3842 5736; x_wconf 70' lang='grc' dir='ltr'>καὶ</span> <span class='ocrx_word' id='word_1_804' title='bbox 3885 5683 3990 5752; x_wconf 80' lang='grc' dir='ltr'>τῆς</span> 
     </span>
    </p>
   </div>
  </div>
