4244 6438
707 411 816 482 1Ἷῦ

715 522 1033 582 ίὶυοιιοιιυιιι
1090 521 1412 578 conscendit
1471 521 1730 575 thronum
1785 538 1800 575 :

709 622 932 676 Pisidia:
957 632 1133 685 ortus,
1168 619 1346 689 Beryti
1376 619 1556 688 legum
1598 619 1845 673 scientia:
1873 629 1928 672 et
1966 620 2282 674 actionibus

715 716 1028 772 forensibus
1079 729 1305 782 Operam
1347 713 1519 767 dedit.
1554 716 1733 781 Atque
1766 713 1857 766 ubi
1907 712 2277 767 Christianam

714 804 984 867 addidicit
1040 807 1372 868 doctrinam,
1437 805 1726 859 confestim
1785 805 1972 858 animo
2033 815 2274 868 mutato,

716 901 972 968 baptismi
1004 902 1222 953 lavacro
1255 899 1502 952 initiatus
1528 908 1632 962 est,
1685 898 1738 951 in
1783 897 1997 952 Leontii
2049 899 2278 953 illustris

716 995 966 1064 martyris
1013 993 1238 1062 templo,
1290 993 1434 1061 quod
1479 991 1532 1045 in
1571 991 1845 1044 maritima
1886 992 2106 1060 regione
2154 991 2276 1045 Tri-

712 1087 851 1153 polis
891 1089 940 1137 in
996 1083 1281 1137 l‘hmnicia
1318 1083 1482 1138 situm
1528 1089 1634 1136 est.
1673 1083 1738 1136 Et
1772 1082 1972 1137 deinde
2008 1084 2273 1137 monasti-

706 1196 824 1231 cam
858 1180 1019 1232 vitam
1055 1179 1107 1230 in
1143 1177 1476 1230 monasterio
1505 1177 1748 1244 quodam
1801 1177 1946 1230 inter
1985 1176 2187 1230 Gazam
2221 1186 2276 1231 et

709 1270 998 1322 Aiaiumant
1032 1268 1294 1337 Oppidum
1324 1268 1496 1321 coluit
1524 1286 1538 1320 :
1592 1264 1685 1320 ubi
1734 1269 1930 1320 Petrus
1963 1267 2131 1320 etiam
2184 1269 2274 1323 ille

706 1378 769 1411 «ιχ
806 1362 1002 1424 lheria,
1027 1363 1119 1428 qni
1151 1361 1446 1428 episcopus
1475 1359 1632 1413 Gaza:
1656 1358 1982 1422 declaratus,
2012 1375 2116 1411 una
2149 1375 2272 1413 cum

705 1452 732 1504 't
755 1453 994 1504 nnotheo
1050 1451 1245 1504 A'lluro
1277 1452 1618 1520 proscriptus
1648 1461 1753 1516 est,
1784 1453 1979 1504 eodem
2028 1453 2150 1504 vita:
2185 1468 2275 1519 ge-

703 1561 835 1598 nere
871 1547 1044 1608 culto,
1082 1543 1357 1597 celebrem
1399 1543 1465 1596 de
1514 1560 1573 1596 se
1621 1542 1819 1595 famam
1872 1543 2109 1611 posteris
2146 1542 2269 1594 reli-

707 1639 852 1706 quit.
881 1640 1051 1691 l'orro
1074 1639 1310 1692 Severus
1333 1652 1645 1690 scrmonetn
1681 1637 1915 1705 primum
1938 1634 2271 1702 disputando

701 1746 826 1782 cum
862 1731 1128 1798 Nephalio
1156 1728 1415 1793 contulit,
1446 1729 1539 1797 qui
1576 1728 1823 1798 ejusdem
1871 1743 1998 1781 eum
2030 1729 2122 1780 illo
2154 1731 2270 1796 epi-

707 1825 888 1878 nionis
918 1835 1081 1878 antea
1124 1823 1250 1889 fuit,
1296 1829 1546 1877 naturam
1585 1838 1746 1877 unam
1790 1822 1845 1875 in
1870 1822 2092 1877 Christo
2143 1838 2268 1891 pro-

703 1919 877 1973 fessus
923 1935 937 1970 :
999 1928 1183 1986 postea
1236 1921 1419 1970 autem
1477 1926 1532 1969 et
1591 1917 1708 1985 ipse
1764 1915 2267 1972 Chalcedonensem

702 2012 993 2082 synodum,
1030 2010 1190 2079 700
1220 2020 1273 2062 et
1327 2024 1422 2063 eos
1476 2008 1572 2078 qui
1622 2009 1761 2062 duas
1805 2017 2032 2062 naturas
2081 2006 2268 2077 perhi-

704 2106 852 2166 bent,
886 2114 1098 2156 tutatus
1133 2111 1235 2155 est.
1292 2102 1359 2155 Et
1414 2116 1536 2154 cum
1587 2115 1646 2153 se
1700 2099 2073 2154 conﬁdentius
2123 2114 2272 2152 arro-

700 2198 1025 2264 gantiusque
1053 2193 1290 2246 Severus
1320 2192 1373 2245 in
1401 2191 1879 2260 disputationibus
1905 2200 2143 2261 gereret,
2163 2208 2268 2245 una

699 2304 820 2340 cum
892 2287 1252 2355 popularibus
1310 2284 1459 2348 suis,
1502 2285 1734 2352 aliisque
1783 2285 1947 2337 etiam
1995 2282 2268 2351 plurimis,

695 2379 939 2432 catndetn
1018 2377 1332 2445 opinionem
1405 2376 1895 2438 consectantibus,
1963 2376 2268 2428 monastieo

695 2468 971 2523 domicilio
1019 2484 1119 2522 suo
1168 2483 1196 2520 a
1238 2459 1505 2527 Nephatio
1567 2466 1778 2534 ejectus
1822 2474 1926 2518 cst.
1955 2464 2132 2533 Atque
2176 2465 2267 2518 ille

702 2559 826 2612 inde
866 2560 917 2611 in
974 2557 1321 2624 impcrialem
1386 2557 1659 2608 concessit
1702 2555 1916 2619 urbem,
1948 2556 2265 2623 imperatori

698 2653 1131 2722 supplicaturus,
1171 2662 1228 2701 ut
1253 2648 1357 2702 sibi
1392 2657 1555 2715 atque
1595 2649 1712 2701 suis
1736 2650 1830 2716 qui
1866 2663 1990 2700 cum
2025 2662 2090 2700 eo
2127 2663 2159 2714 p
2186 2648 2264 2700 Jsi

699 2752 933 2803 Inerant,
967 2740 1293 2793 tntmasteria
1328 2753 1424 2791 sua
1460 2741 1904 2792 restituerentur.
1934 2737 2011 2790 Ita
2033 2737 2263 2798 laetum,

699 2847 754 2889 ut
783 2837 836 2886 in
881 2833 1234 2901 imperatoris
1264 2831 1540 2883 Anastasii
1571 2839 1627 2882 et
1657 2835 1972 2882 senatorum
2006 2827 2260 2881 notitiam

697 2931 1014 2995 perveniret
1043 2946 1054 2978 :
1091 2924 1257 2979 sicuti
1287 2925 1388 2977 hoc
1418 2924 1512 2991 qui
1553 2923 1740 2975 Severi
1785 2921 1949 2974 vitam
1982 2920 2263 2988 conscrip-

694 3022 784 3083 sit,
846 3023 1034 3072 rcl'crt.
1096 3017 1337 3072 Joannes
1385 3029 1548 3082 porro
1597 3013 1689 3081 qui
1740 3029 1864 3066 cunt
1923 3012 2016 3064 illo
2051 3010 2260 3080 judicio

694 3111 981 3167 contendit
1011 3109 1108 3178 (1),
1155 3109 1420 3176 scriptum
1471 3105 1696 3174 reliquit
1736 3122 1748 3158 :
1800 3106 2086 3169 Severum,
2128 3119 2251 3156 cum

696 3202 938 3258 ordinari
970 3201 1218 3264 deberet,
1245 3180 1616 3268 juratneittutn
1649 3197 1704 3250 iit
1731 3196 1997 3264 scriptum
2027 3195 2254 3247 relatum
2287 3213 2324 3261 ι)

695 3296 1008 3368 imperatori
1063 3293 1354 3348 Anastasio
1388 3290 1681 3355 obtulisse,
1717 3305 1745 3341 a
1791 3304 1902 3358 quo
1933 3288 2019 3342 die
2059 3288 2261 3341 throno

695 3389 1037 3443 Antiocheam
1070 3385 1272 3454 potitus
1301 3392 1469 3448 esset,
1513 3381 1660 3436 haud
1693 3396 1966 3450 quaquam
2007 3396 2064 3434 se
2099 3395 2262 3450 syno-

695 3487 823 3536 dum
900 3479 1423 3532 Chalcedonensem'
1475 3473 1814 3527 anathemati
1880 3473 2258 3540 subjecturutn

691 3588 851 3633 esse;
906 3583 1142 3638 eumque
1192 3582 1258 3620 eo
1301 3567 1421 3633 ipso
1470 3579 1580 3632 quo
1619 3563 1907 3618 ordinatus
1951 3575 2037 3618 est
2073 3564 2184 3627 die,
2230 3579 2260 3615 a

691 3661 1059 3718 sectatoribus
1090 3661 1206 3713 suis
1236 3658 1581 3725 instigatum,
1610 3671 1709 3724 pro
1750 3659 2020 3710 concione
2049 3670 2112 3708 ex
2146 3671 2261 3707 am-

691 3763 832 3809 boue
879 3753 1168 3807 anathema
1201 3751 1256 3803 in
1297 3766 1420 3805 eam
1465 3748 1663 3818 iecisse
1693 3767 1706 3802 :
1743 3748 2002 3817 idemque
2033 3747 2257 3801 disertis

691 3849 895 3912 verbis,
929 3862 1052 3901 cum
1094 3843 1387 3914 synodales
1422 3843 1641 3896 litteras
1691 3841 1983 3907 scriberet,
2038 3841 2252 3894 fecisse.

687 3950 802 4010 Qua
837 3944 904 3996 de
932 3955 991 3994 re
1022 3939 1217 3992 litterae
1249 3937 1356 3990 illa:
1380 3950 1517 4006 quas
1550 3935 1812 3994 diximus.
1841 3935 1907 3989 ad
1939 3935 2251 3989 Alt-itionem

688 4039 924 4107 scriptae,
957 4033 1074 4087 haec
1105 4031 1352 4084 referunt
1383 4044 1396 4080 :

1241 4223 1465 4287 CAPUT
1510 4224 1678 4283 XXX.

684 4323 763 4381 Ex
809 4327 997 4380 litteris
1034 4325 1102 4378 ad
1151 4321 1445 4377 Alcisonem
1488 4320 1659 4373 missis
1716 4329 1962 4388 excerpta
1997 4319 2146 4372 verba
2186 4320 2249 4371 de

1260 4393 1420 4461 impio
1451 4391 1663 4444 Severo.

751 4535 766 4564 ε
784 4511 1083 4584 Synodales
1100 4505 1371 4562 Timothei
1390 4504 1976 4573 Constantinopolitani
1997 4504 2240 4572 episcopi
2278 4545 2320 4600 υ

679 4607 766 4660 hic
806 4606 860 4657 in
902 4603 1182 4656 l'ahestina
1220 4602 1453 4666 receptae
1484 4606 1614 4649 sunt
1647 4614 1660 4651 :
1705 4596 2014 4650 Macedonii
2051 4607 2233 4649 autem

675 4710 728 4751 et
770 4693 1011 4749 Flaviani
1060 4689 1340 4744 abdicatio
1375 4699 1597 4757 recepta
1633 4703 1740 4742 non
1790 4700 1896 4750 est,
1938 4689 2101 4742 sicuti
2139 4704 2239 4740 ne-

675 4804 780 4857 que
825 4785 1110 4855 synodalia
1146 4783 1351 4850 seripta
1396 4780 1606 4834 Severi.
1645 4781 1788 4845 Quin
1833 4781 1911 4833 illi
1944 4784 2107 4833 etiam
2144 4781 2237 4849 qui

673 4895 768 4932 cas
808 4879 917 4930 huc
953 4876 1216 4938 attulere,
1249 4871 1517 4926 conviciis
1541 4881 1704 4940 atque
1735 4873 2104 4932 contumeliis,
2140 4888 2239 4939 pro

673 4986 738 5025 co
796 4981 959 5038 atque
1016 4965 1310 5028 convenit,
1365 4964 1573 5028 affecti,
1634 4964 1769 5016 urbe
1825 4964 2232 5033 profugerunt:

676 5071 960 5130 propterea
996 5058 1141 5127 quod
1179 5057 1446 5110 adversus
1478 5071 1574 5109 eos
1607 5055 1840 5122 populus
1873 5065 1928 5108 et
1981 5055 2235 5108 monachi

672 5151 932 5207 commoti
967 5160 1176 5204 essent.
1207 5153 1284 5202 Ac
1329 5163 1417 5202 res
1457 5150 1512 5199 in
1564 5146 1850 5200 Palaestina
1898 5148 2119 5213 quidem
2155 5147 2235 5200 sic

673 5262 729 5299 se
761 5246 1025 5298 habuere.
1075 5240 1377 5294 Antiochia:
1421 5250 1602 5292 autem
1638 5239 1888 5291 nonnulli
1928 5240 1982 5292 in
2014 5248 2236 5294 senten-

674 5339 798 5392 tiam
825 5351 1014 5390 eorum
1049 5332 1268 5386 abducti
1295 5341 1444 5394 sunt,
1479 5333 1531 5384 in
1561 5331 1764 5399 quibus
1795 5333 2042 5384 etiamet
2070 5330 2232 5384 Mari-

671 5443 773 5480 nus
804 5426 988 5494 Beryti
1032 5425 1324 5491 epise0pus
1356 5439 1368 5474 :
1403 5422 1626 5489 quidam
1671 5431 1855 5474 autem
1889 5421 2225 5476 necessitate

667 5531 725 5573 et
771 5520 820 5572 vi
853 5518 1053 5579 adacti,
1107 5517 1317 5569 eisdem
1369 5514 1554 5568 Severi
1595 5514 1949 5585 synodalibus
1999 5515 2224 5578 litteris,

665 5613 959 5669 anathema
991 5611 1150 5662 simul
1187 5621 1241 5663 et
1281 5611 1334 5662 in
1365 5608 1629 5678 synodum
1666 5609 1802 5661 etin
1847 5608 2092 5677 reliquos
2132 5611 2224 5677 qui

666 5705 803 5762 duas
840 5713 1060 5757 naturas
1088 5713 1180 5754 aut
1213 5703 1575 5770 proprietates
1607 5702 1789 5754 carnis
1825 5709 1879 5754 et
1913 5702 2225 5756 divinitatis

1900 407 2317 471 NlCEPUORl
2365 386 2713 474 CALLtSTt

1859 523 1954 592 qui
2021 521 2277 592 Sozopoli
2310 538 2352 585 Α
2385 528 2481 577 καὶ
2535 527 2828 596 Διόσκορος
2874 527 2972 598 τὴν
3021 528 3316 582 ἀσὲσειαν·
3363 522 3420 593 ες
3480 532 3535 585 ἐκ

2310 538 2352 585 Α
2385 528 2481 577 καὶ
2535 527 2828 596 Διόσκορος
2874 527 2972 598 τὴν
3021 528 3316 582 ἀσὲσειαν·
3363 522 3420 593 ες
3480 532 3544 585 ἐκ
3599 533 3960 597 Σωζοπόλεω;

3855 422 3965 488 176

2383 615 2634 687 ῶρμητο,
2665 618 2698 686 ἢ
2735 620 2861 688 περὶ
2913 620 2981 671 τὸ
3044 621 3277 674 Πισίδων
3325 622 3475 686 ἔθνος
3527 626 3699 678 ἐστίν.
3748 628 3877 679 Ἀνά
3904 630 3960 681 δὲ

2381 710 2479 779 τὴν
2535 711 2818 781 Βηρυτίων
2876 713 3145 782 σχολάσας
3195 714 3377 780 πόλιν,
3407 716 3543 783 πρὸς
3575 718 3637 769 τὸ
3666 717 3959 772 δικανικώο

2381 818 2540 870 τερον
2604 803 2911 872 μετεχώρει
2966 806 3077 857 τῶν
3137 806 3334 874 λόγων.
3395 805 3675 878 ’Λσκήσας
3723 810 3780 862 δὲ
3830 814 3960 874 τοὺς

2380 889 2724 962 Χριστίανῶν
2768 900 2989 965 νόμους,
3039 898 3168 951 εύθϋ
3206 899 3530 968 μεταϐαλὼν
3562 902 3824 968 ἐμυεῖτο⁶
3865 909 3959 956 καὶ

2378 986 2483 1037 ἀνὰ
2521 985 2581 1052 re
2637 987 2864 1056 τέμενος
2919 989 3174 1040 Λεοντίου
3227 990 3322 1042 τοῦ
3384 990 3550 1043 καλὸν
3582 996 3683 1060 μὲν
3726 993 3954 1064 λρτυρσι

2379 1081 2686 1150 λάμποντα·
2730 1083 2996 1148 γεγονὼς,
3031 1083 3087 1146 ὃς
3135 1085 3225 1137 ἐπὶ
3257 1085 3356 1154 τῆς
3391 1087 3641 1154 παράλου
3669 1087 3778 1140 τῶν
3822 1087 3952 1159 Τρι-

2381 1173 2619 1225 πολιτῶν
2644 1174 2896 1242 Φοινίκης
2933 1176 3167 1244 ἵδρυται.
3214 1177 3305 1229 τὶν
3342 1177 3552 1246 μονήρη
3588 1179 3705 1247 βίον
3737 1180 3951 1248 μετῄει,

2378 1265 2435 1316 ἓν
2467 1283 2569 1317 τινι
2603 1268 3007 1337 φροντιστηρίῳ
3034 1270 3090 1319 ὲν
3127 1269 3435 1338 μεταιχμίῳ
3469 1273 3708 1340 κειμένῳ
3749 1271 3950 1338 1“ἁζη“,

2376 1356 2470 1408 καὶ
2499 1357 2592 1408 τοῦ
2647 1359 2918 1427 πολιχνίου
2949 1359 2978 1411 ὃ
3010 1359 3276 1429 Μιιουμᾶ,
3326 1363 3502 1428 ὄνομα
3553 1363 3909 1430 ἐκληρώσατο
3936 1382 3946 1392 ·

2374 1448 2506 1500 ὅπου
2540 1450 2604 1516 δὴ
2639 1453 2731 1503 καὶ
2781 1454 2982 1521 Πέτρος
3028 1457 3055 1507 ὀ
3099 1454 3247 1524 Ἰὁὴρ
3284 1456 3338 1518 ὃς
3394 1457 3487 1507 καὶ
3540 1457 3801 1523 πρᾰεδρος
3850 1459 3949 1523 της

2374 1543 2545 1611 αὐτῆς
2577 1543 2787 1606 πόλεως
2833 1545 3140 1615 ἀνεδείχθη,
3196 1546 3411 1617 σύναμα
3460 1547 3711 1618 Τιμοθέῳ
3743 1549 3820 1618 τῷ
3860 1551 3950 1601 Λί-

2373 1635 2548 1704 λούρῳ
2581 1635 2892 1703 πεφευγὼς,
2927 1637 3012 1689 διὰ
3071 1637 3182 1689 τῶν
3238 1638 3368 1691 ἰσων
3423 1638 3654 1707 ἀγώνων
3707 1641 3949 1707 ἐγένετο.

2373 1726 2528 1793 λόγον
2574 1728 2674 1780 οὐκ
2709 1729 2989 1798 ἐλάχιστον
3019 1731 3147 1799 περὶ
3179 1730 3346 1782 αὐτοῦ
3395 1733 3516 1793 τοῖς
3545 1730 3820 1799 ὀψιγόνοις
3851 1749 3950 1782 κα·

2374 1819 2640 1874 ταλιπών.
2675 1821 2892 1889 ’Λμέλει
2926 1839 3008 1874 τοι
3039 1823 3231 1888 πρῶτα
3275 1824 3375 1892 μὲν
3405 1825 3642 1894 Σευῆρος
3678 1823 3949 1893 Νηφαλίῳ

2373 1907 2507 1976 πρὸς
2559 1907 2734 1977 λόγων
2786 1909 3020 1978 ἅμιλλαν
3065 1912 3425 1977 διαλεκτικῶς
3478 1915 3834 1983 συνεπλάκηο
3885 1916 3944 1977 ὂς

2372 2001 2465 2051 καὶ
2492 2001 2652 2063 αὐτὸς
2678 2001 2776 2070 τῆς
2808 2004 2929 2070 ίσης
2960 2003 3116 2073 δόξης
3145 2006 3342 2074 ἐκείνῳ
3386 2005 3688 2074 ἐτύγχανεν
3717 2006 3814 2070 ῶν,
3846 2013 3946 2074 τὴν

2374 2092 2502 2160 μίαν
2531 2092 2694 2160 φύσιν
2720 2094 3040 2164 πρεσῦεύων
3062 2097 3328 2165 πρῦτερον
3349 2112 3362 2126 ⁸
3386 2098 3510 2149 ὖστε
3523 2115 3613 2167 ρον
3636 2099 3824 2167 μέντοι
3848 2101 3944 2151 καὶ

2371 2187 2530 2249 αὐτὸς
2572 2182 2658 2249 ἐἷς
2700 2188 2810 2239 τῶν
2844 2188 3180 2258 ὑπερμάχων
3206 2190 3304 2259 τῆς
3337 2192 3393 2242 ὲν
3435 2193 3740 2261 Χαλκηδόνι
3783 2195 3940 2245 συνό-

2368 2278 2461 2331 δου
2502 2280 2596 2331 καὶ
2640 2279 2749 2331 τῶν
2780 2281 2876 2338 τὰς
2908 2280 3002 2332 δύο
3039 2281 3230 2346 φύσεις
3260 2283 3668 2351 ὁμολογούντων
3700 2285 3937 2349 ἐγένετο.

2371 2368 2480 2420 Καὶ
2531 2367 2593 2440 δὴ
2645 2369 2981 2438 θρασύτερον
3031 2372 3230 2440 ἐκείνῳ
3277 2373 3583 2443 διαλεχθεὶς
3612 2375 3638 2425 ὁ
3674 2375 3936 2443 Σευῆρος,

2371 2461 2511 2527 μετὰ
2534 2461 2642 2513 τῶν
2673 2463 2774 2514 σὺν
2803 2463 2952 2530 αὐτῷ
2975 2464 3070 2516 τοῦ
3097 2465 3302 2516 οἰκείου
3337 2468 3766 2536 φροντιστηρίου
3801 2468 3940 2535 πρὸς

2369 2550 2647 2620 Νηφαλίου
2685 2552 3030 2616 ἐκϐάλλεται,
3078 2557 3170 2606 καὶ
3219 2555 3397 2608 ἄλλων
3431 2555 3704 2608 πλείστων
3760 2575 3939 2625 παρα-

2368 2643 2614 2712 πλησίων
2653 2645 2835 2712 μέντοι
2866 2647 3059 2713 ἐκείνῳ
3103 2649 3200 2710 τὰς
3247 2649 3427 2713 δόξας.
3464 2641 3772 2701 Ἐκεῖθενδ
3803 2650 3937 2700 ἁπε-

2365 2738 2569 2801 λαθεὶς,
2600 2738 2691 2790 ἐπὶ
2719 2739 2819 2804 τὴν
2849 2739 3099 2808 βασιλίδα
3131 2740 3240 2792 τῶν
3273 2741 3484 2794 πόλεων
3522 2741 3721 2804 ἄνεισι,
3747 2742 3934 2808 δεησό-

2370 2847 2549 2898 μενος,
2572 2830 2725 2900 ἀὐτῷ
2751 2849 2806 2882 τε
2834 2833 2929 2883 καὶ
2959 2833 3073 2894 τοῖς
3102 2831 3454 2885 ἀπελαθεῖσιν
3479 2833 3838 2885 ὲπανασῶσαι
3864 2836 3932 2884 τὰ

2365 2924 2760 2991 φροντιστήρια
2785 2938 2798 2952 ·
2833 2923 3129 2975 κάντεῦθεν
3159 2922 3369 2992 βασιλεί
3395 2941 3456 2976 τε
3479 2924 3818 2992 Ἀναστασέῳ
3843 2928 3939 2975 καὶ

2364 3019 2428 3083 τῇ
2458 3015 2722 3083 γερουσίᾳ
2755 3014 3084 3067 καθίσταται
3113 3016 3388 3084 γνώριμος
3416 3032 3430 3046 ⁸
3460 3017 3716 3083 καθάπερ
3748 3018 3823 3082 τῷ
3845 3018 3938 3067 τὶν

2370 3109 2482 3176 βίον
2512 3109 2754 3177 Σευήρου
2779 3108 3156 3176 συγγράψαντι
3190 3108 3610 3177 περιείληπται·
3648 3110 3852 3180 ἱστορεῖ
3872 3109 3932 3162 δὲ

2375 3204 2622 3271 Ἰωάννης
2669 3205 2695 3254 ό
2743 3203 2894 3272 αὐτῷ
2925 3203 3366 3270 διακρινόμενος,
3395 3204 3470 3267 ὼς
3503 3204 3713 3272 μέλλων
3746 3222 3929 3273 χειρο-

2363 3295 2636 3346 τονεῖσθαι
2688 3295 2947 3363 Σευῆρος,
3000 3297 3163 3364 ὅρκον
3196 3295 3475 3363 ἔγγραφον
3523 3296 3740 3366 βασιλεῖ
3772 3298 3932 3350 Ἀνα-

2365 3386 2576 3456 στασίῳ
2611 3385 2804 3450 ἐδίδου,
2837 3387 2912 3448 ῶς
3012 3387 3058 3438 δ’
3088 3387 3154 3440 ἂν
3186 3387 3371 3457 ἡμέρᾳ
3407 3387 3500 3440 τοῦ
3524 3388 3623 3456 τῆς
3654 3389 3932 3459 ’Λντιόχου

2362 3475 2553 3544 θρόνου
2607 3476 3032 3539 καταπολαύσοι,
3067 3477 3320 3546 οὐδαμῶς
3372 3477 3473 3544 τῆς
3508 3480 3566 3530 ἐν
3623 3477 3932 3547 Χαλκηδόνι

2363 3568 2581 3622 συνόδου
2607 3568 2676 3620 δι’
2698 3568 3042 3637 ἀναθέματος
3071 3570 3298 3638 ἅψηται.
3334 3569 3504 3630 Αὐτὸς
3531 3571 3576 3623 δ’
3614 3573 3670 3622 ἐν
3697 3575 3835 3641 αὐτῇ
3865 3578 3930 3642 τῇ

2358 3662 2541 3730 ἡμέρᾳ
2573 3660 2695 3714 καθ’
2720 3661 2788 3731 ἣν
2820 3661 3234 3731 κεχειροτόνητο
3272 3663 3374 3714 ὑπ’»
3404 3662 3512 3714 τῶν
3557 3663 3721 3716 αὐτοῦ
3759 3682 3924 3717 σπου-

2357 3753 2567 3806 δαστῶν
2607 3752 2989 3822 διερεθισθεὶς,
3033 3751 3123 3805 ἐπ’
3153 3753 3409 3820 ἄμὸωνος
3453 3754 3682 3819 ἀναϐὰς,
3730 3755 3925 3807 ἀναθέ-

2360 3860 2490 3912 ματι
2518 3845 2688 3913 αὐτὴν
2721 3844 3102 3897 καθυπέὸαλλε
3128 3861 3143 3878 ·
3179 3845 3275 3898 καὶ⁵
3305 3846 3588 3910 συνοδικάς
3611 3848 3667 3900 δὲ
3693 3847 3926 3916 γράφων

2355 3934 2643 3997 ἐπιστολὰς
2703 3934 2883 4004 ῥητῶς
2931 3934 3106 3998 οὕτως
3155 3936 3456 4004 ἁναθέματι
3520 3938 3620 4007 τὴν
3659 3941 3730 3990 -ὲν
3778 3939 3928 3991 Χαλα

2356 4027 2538 4094 κηδόνι
2593 4026 2812 4080 σύνοδον
2863 4026 3199 4096 περιέϐαλε·
3259 4030 3388 4096 περὶ
3441 4027 3501 4080 οὗ
3535 4029 3603 4080 τὰ
3653 4030 3926 4099 εἰρημένα

2354 4120 2490 4190 πρὸς
2529 4118 2828 4172 ’Δλκίσωνα
2863 4119 3166 4188 γράμματα
3196 4125 3291 4172 καὶ
3330 4118 3499 4172 ταῦτα
3529 4119 3752 4187 διέξεισι
3780 4138 3793 4150 ·

2949 4232 3200 4287 ΚΕΦΑΔ.
3239 4232 3317 4287 Λ’.

2363 4332 2463 4382 Ἐκ
2486 4328 2603 4381 τῶν
2629 4328 2779 4394 πρε-ς
2819 4328 3145 4379 Ἀλκίσωνα
3174 4327 3550 4394 γραμμάτων,
3611 4329 3786 4382 ὁποῖα
3819 4329 3920 4383 καί

2491 4400 2622 4467 περ)
2668 4397 2774 4450 τοῦ
2799 4396 3138 4462 δυσσεϐοῦς
3177 4400 3446 4464 Σευήρου
3473 4397 3795 4462 διεξίασιν.

2427 4512 2537 4564 «Τά
2561 4513 2660 4580 μὲν
2680 4511 2932 4562 συνοδικα
2952 4509 3216 4578 Τιμοθέου
3241 4509 3334 4560 τοῦ
3360 4509 3450 4561 νῦν
3475 4509 3921 4565 Κωνσταντινου-

2352 4608 2557 4668 πόλεως
2597 4603 2789 4671 ἐδέχθη
2843 4601 3076 4654 ἐνταῦθα
3129 4603 3186 4652 ὲν
3252 4603 3681 4673 Παλαιστίνῃ-ὴ
3730 4607 3784 4656 δὲ
3818 4625 3918 4657 κα-

2351 4697 2597 4766 θαίρεσις
2659 4692 2994 4746 Μακεδονίου
3048 4692 3138 4743 καὶ
3171 4691 3476 4744 Φλαόιανοῦ
3534 4695 3632 4746 οὐκ
3696 4695 3914 4764 ἐδέχθη,

2349 4791 2464 4843 ἀλλ’
2489 4789 2611 4842 οὐδὲ
2639 4790 2704 4841 τὰ
2737 4787 2990 4840 συνοδικὰ
3043 4788 3308 4856 Σῖυήρου.
3345 4787 3507 4840 Ἀλλά
3541 4792 3634 4841 καὶ
3681 4793 3726 4843 ot
3759 4795 3916 4860 κομί-

2344 4899 2536 4943 σαντες
2579 4880 2812 4933 ἐνταῦθα
2838 4878 3031 4942 ταῦτα,
3065 4879 3458 4947 ἀτιμασθέντες
3492 4884 3586 4933 καὶ
3623 4883 3918 4951 ὑϐρισθέν-

2342 4991 2433 5035 τες
2483 4973 2669 5038 ἀξίως,
2729 4973 2932 5040 ἔφυγον
2969 4971 3068 5041 τῆς
3131 4972 3361 5035 πόλεως,
3424 4974 3510 5026 ἐπ’
3567 4975 3763 5037 αὐτοὺς
3814 4978 3911 5029 τοῦ

2341 5066 2515 5133 δήμου
2543 5081 2600 5116 τε
2631 5064 2723 5115 καὶ
2755 5064 2862 5114 τῶν
2918 5061 3167 5131 μοναχῶν
3218 5064 3570 5130 κινηθέντων.
3604 5065 3712 5118 Καὶ
3741 5067 3772 5133 η
3811 5069 3915 5134 μὲν

2343 5155 2678 5222 Παλαιστίνη
2713 5157 2768 5206 ὲν
2803 5155 3011 5215 τούτοις
3045 5147 3135 5222 ἧν.
3184 5154 3304 5207 Τῶν
3335 5154 3380 5207 δ’
3427 5157 3483 5206 ὲν
3531 5157 3833 5228 Ἀντιοχείᾳ
3862 5161 3913 5210 ot

2343 5245 2443 5315 μὲν
2501 5244 2949 5312 συναρπαγέντες
2997 5244 3364 5313 ὑπήχθησαν,
3423 5245 3478 5310 ἐξ
3536 5239 3611 5298 ὧν
3642 5247 3756 5298 ἐστι
3819 5252 3914 5298 καὶ

2341 5337 2582 5404 Μαρίνος
2610 5337 2636 5386 ὁ
2665 5333 2906 5402 Βηρυτοῦ
2934 5333 3230 5394 ἐπίσκοπος
3252 5349 3265 5363 °
3292 5336 3340 5387 οί
3364 5335 3419 5387 δὲ
3451 5338 3541 5405 βίᾳ
3573 5337 3666 5388 καὶ
3692 5337 3912 5409 ἀνάγκη

2342 5429 2630 5479 συνέθεντο
2683 5428 2794 5486 τοῖς
2827 5425 3125 5486 συνοδικοίς
3160 5427 3424 5498 Σευήρου,
3459 5427 3911 5495 ἁναθεματισμὸν

2340 5523 2553 5587 ἔχουσιν
2579 5517 2701 5586 ἃμα
2744 5519 2838 5586 τῆς
2875 5517 3091 5567 συνόδου
3115 5517 3209 5572 καὶ
3236 5517 3344 5568 τῶν
3382 5519 3583 5570 λοιπῶν
3611 5518 3722 5571 τῶν
3756 5519 3911 5588 εἰρη-

2340 5615 2509 5663 κότων
2540 5611 2633 5684 δύο
2666 5609 2858 5677 φύσεις
2903 5609 2934 5677 ἢ
2974 5610 3241 5675 ἰδιότητας
3295 5612 3384 5662 ἐπὶ
3418 5612 3517 5680 τῆς
3572 5612 3774 5680 σαρκὸς
3809 5613 3904 5664 τοῦ

2337 5685 2669 5789 Κυρίου-ίξκαὶ
2699 5703 2794 5770 τῆς
2827 5701 3099 5770 θεότητος.
3134 5705 3195 5755 οἱ
3225 5703 3276 5756 δὲ
3322 5705 3457 5769 μετὰ
3489 5705 3547 5757 τὸ
3577 5707 3634 5768 ἐξ
3658 5705 3907 5774 ἀνάγκης

739 5865 813 5939 (1)
870 5868 1025 5922 Μετὰ
1083 5869 1324 5936 Σευήρου
1399 5869 1828 5937 διακρινόμενος,
1892 5866 2212 5922 Theodorus
2257 5865 2415 5921 Lecto

1011 5885 1025 5920 ι
1083 5869 1324 5936 Σευήρου
1399 5869 1828 5937 διακρινόμενος,
1892 5866 2212 5922 Theodorus
2257 5865 2447 5921 Lector
2479 5864 2687 5922 lib-."tt.
