4244 6438
763 390 865 453 187

1948 388 1993 446 Ν
2009 382 2370 447 ICEPIIORI
2406 378 2749 441 CALLISTI

3908 396 3994 461 188

760 510 1098 577 imperatore
1139 504 1291 558 missi
1326 503 1565 566 fuerant,
1603 500 2011 554 tumnltuantcr
2050 514 2114 552 ex
2147 496 2321 551 eccle—
2350 503 2395 560 Α
2426 510 2436 542 ε

2318 526 2321 534 ι
2350 503 2395 560 Α
2426 492 2684 561 φθέντας.
2722 494 2925 547 Πολλοῦ
2953 496 2999 547 δ’
3032 495 3230 550 ἔπειτα
3264 498 3358 550 καὶ
3391 499 3553 555 ἄλλου
3602 502 3845 576 πλήθους
3881 511 3994 580 συῤ-

757 598 837 650 sia
871 598 1176 666 ejecerunt.
1202 597 1381 662 Atque
1412 593 1506 647 ubi
1534 603 1721 662 postea
1751 593 1857 646 alia
1881 606 2103 662 quoque
2130 604 2323 643 eorum

755 689 1051 742 nmltitudo
1080 687 1367 750 conﬂuxit,
1412 687 1464 740 iu
1514 687 1730 740 illorum
1773 694 2092 755 conspectu,
2133 696 2325 750 magna

754 797 881 835 «οιιι
917 780 1135 840 fiducia,
1164 796 1259 833 eos
1292 780 1384 849 qui
1443 794 1568 833 cum
1612 779 1818 833 Severo
1877 775 2322 830 communionem

756 870 1052 933 hahebant,
1091 868 1427 923 anathemati
1464 869 1842 939 subjeceruut.
1879 867 2189 937 imperator
2231 881 2323 918 ve-

755 978 816 1014 ro
848 961 1060 1015 amoliri
1096 978 1123 1015 a
1156 977 1213 1015 se
1246 961 1349 1013 hoc
1381 968 1593 1015 tantum
1620 959 1863 1014 dedecus
1898 960 2088 1010 volens
2137 955 2323 1025 Olym-

755 1054 901 1120 pium
936 1052 1248 1123 quemdam,
1276 1054 1362 1107 cui
1413 1053 1678 1107 militares
1724 1052 1777 1104 in
1815 1050 2100 1106 Pahestiua
2138 1048 2322 1117 copias

752 1147 1025 1209 attribuit,
1066 1146 1333 1201 adversus
1374 1163 1468 1201 eos
1512 1148 1662 1201 misit
1695 1164 1705 1199 τ
1743 1146 1836 1214 qui
1887 1146 2152 1212 imperata
2219 1157 2319 1209 pro

751 1238 1020 1307 imperiali
1061 1248 1351 1307 potestate,
1382 1239 1773 1295 ecclesiasticis
1805 1236 2188 1291 sanctionibus
2224 1251 2320 1289 ne-

750 1330 965 1399 glectis,
992 1339 1406 1398 exsequeretur.
1448 1331 1546 1385 llic
1576 1331 1739 1385 simul
1777 1339 1945 1397 atque
1999 1326 2315 1397 Hierosoly-

752 1435 836 1472 ma
868 1419 1037 1481 venit,
1069 1419 1315 1473 divinum
1341 1419 1552 1473 lleliam
1577 1420 1707 1474 sede
1768 1419 2063 1489 episcopali
2129 1419 2314 1489 ejecit,

747 1521 909 1579 atque
937 1511 989 1563 in
1014 1511 1132 1580 ejus
1157 1512 1336 1566 locum
1372 1512 1638 1567 Joannem
1698 1512 1991 1580 quemdam
2050 1509 2314 1565 Marciani

749 1602 945 1667 lilium,
981 1618 1105 1657 cum
1137 1603 1339 1658 Severo
1372 1603 1592 1672 quidem
1633 1604 2316 1672 communicantem,'syn-

749 1694 918 1748 odum
968 1706 1151 1750 autem
1205 1696 1716 1752 Chalcedonensem
1750 1694 2087 1765 rejicieutem
2124 1697 2315 1751 subro-

745 1787 910 1854 gavit.
941 1786 1055 1853 Qua
1087 1786 1153 1841 de
1187 1803 1243 1841 re
1271 1790 1471 1842 certior
1497 1788 1672 1842 factus
1699 1787 1933 1851 Sabbas,
1957 1797 2013 1841 et
2037 1803 2158 1856 qua:
2187 1802 2310 1842 cum

2436 590 2755 657 ρεύσαντος,
2790 589 3141 660 θαρρούντως
3173 594 3261 644 ἐπ’
3294 593 3482 661 ὄψεσιν
3510 596 3737 652 ἐκείνων
3778 603 3903 665 τοὺς
3924 603 3992 672 τῷ

2433 680 2659 750 Σευήρῳ
2716 680 3113 745 κοινωνοῦντας
3170 684 3445 738 ὑπέϐαλον
3493 690 3821 759 ἀναθέματι.
3882 693 3993 748 Ἐπὶ

2430 770 2496 839 δὴ
2551 770 2728 842 τούτῳ
2789 772 2891 842 τὴν
2950 774 3221 845 τοσαύτην
3270 778 3538 848 αἰσχύνην
3592 782 3990 853 ἀποτρίψασθαι

2433 858 2723 930 βουληθεὶς
2748 861 2778 913 δ
2810 864 3055 929 κρατῶν,
3109 863 3396 937 Ὀλυμπίῳ
3434 871 3542 922 τινὶ
3573 872 3672 933 τὰς
3707 874 3765 925 ἐν
3806 874 3992 926 Παλαι-

2438 951 2597 1023 στίνῃ
2621 953 2902 1022 παραδοὺς
2928 954 3212 1024 δυνάμεις,
3259 952 3645 1014 κατ”ἐκείνων
3702 963 3989 1034 ἐξέπεμπε·

2427 1042 2722 1114 δυναστείᾳ
2747 1044 3025 1116 βασιλικῇ,
3072 1048 3134 1099 οὐ
3165 1046 3392 1117 θεσμοῖς
3438 1050 3771 1123 Ἐκκλησίας
3801 1057 3991 1123 πρᾶξαι

2426 1135 2489 1186 τὸ
2519 1134 2899 1205 κελευόμενον.
2946 1136 3001 1190 ’0
3032 1139 3090 1191 δέ
3123 1139 3239 1207 ἃμα
3273 1138 3665 1211 Ἰεροσολύμων
3690 1144 3885 1215 ἐπέϐη,
3908 1150 3991 1198 τὸν

2431 1227 2531 1296 μὲν
2561 1227 2705 1280 θεῖον
2742 1227 2933 1281 Ἥλίαν
2958 1233 3319 1293 κατασπάσας
3345 1232 3441 1284 τοῦ
3467 1234 3682 1306 θρόνου,
3710 1236 3992 1305 ὑπερόριον

2426 1320 2692 1389 ἔπεμπεν.
2731 1321 2987 1389 Ἰωάννην
3035 1322 3090 1375 δέ
3135 1341 3256 1375 τινα
3302 1324 3395 1376 τὸν
3441 1326 3765 1394 Μαρκιανοῦ
3811 1328 3991 1388 παῖδα,

2426 1413 2709 1466 κοινωνεῖν
2744 1413 2843 1482 μὲν
2868 1415 3093 1483 Σευήρσιι
3134 1414 3488 1485 συνθέμενον,
3538 1419 3638 1487 τὴν
3670 1420 3715 1471 δ’
3764 1421 3819 1472 ἐν
3854 1420 3995 1473 Χαλο

2425 1504 2612 1572 κηδόνι
2636 1505 2857 1558 σύνοδον
2877 1507 3281 1576 ἐκκηρύξχντα,
3305 1511 3380 1579 τῷ
3410 1510 3584 1582 θρόνῳ
3608 1512 3991 1583 άντιιαθίστη.

2428 1596 2495 1647 ὐ
2525 1595 2590 1667 δὴ
2620 1596 2814 1663 μαθὼν
2848 1598 3064 1662 Σάϐϐας
3095 1601 3190 1652 καὶ
3226 1604 3253 1654 ό
3288 1601 3417 1671 περὶ
3450 1602 3617 1655 αὐτὸν
3647 1604 3788 1675 ἱερὸς
3830 1621 3993 1674 στρα-

2422 1687 2533 1754 τὸς,
2561 1689 2838 1759 εἰστρέχει
2866 1691 2927 1742 τὸ
2959 1693 3174 1745 στάδιον
3209 1689 3386 1758 αὖθις.
3422 1696 3531 1748 Kal.
3560 1695 3860 1766 Ὀλύμπιος
3898 1699 3992 1760 μὲν

2422 1780 2715 1851 ἀνεχώρει,
2744 1781 2845 1852 ἠδη
2877 1782 3014 1852 πρὸς
3039 1784 3163 1835 νοῦν
3207 1785 3266 1836 τὸ
3321 1788 3553 1856 πρᾶγμα
3583 1787 3784 1857 βαλὼν
3838 1788 3915 1859 τῷ
3940 1791 3992 1843 δὲ

745 1894 811 1930 eo
840 1890 956 1931 erat
989 1894 1143 1933 sacra
1174 1880 1394 1945 cohors,
1429 1880 1480 1933 in
1515 1880 1749 1934 stadium
1787 1896 1982 1934 rursus
2012 1880 2312 1948 procurrit.
2350 1868 2392 1922 Β

2350 1868 2392 1922 Β
2421 1871 2525 1933 νέῳ
2552 1874 2872 1946 πατριάρχῃ
2898 1875 2975 1944 τῷ
3010 1876 3233 1949 Ἰωάννῃ
3272 1882 3607 1949 περιτυχὼν,
3659 1881 3843 1936 ἔπειθε
3893 1902 3991 1953 μη-

740 1970 1083 2041 Atquequod
1112 1973 1391 2042 Olympius
1428 1988 1541 2027 rem
1570 1974 1743 2042 ipsam
1781 1974 1997 2026 tandem
2050 1986 2235 2026 secum
2260 1972 2313 2026 in

741 2066 926 2117 animo
960 2066 1315 2119 considerans
1344 2074 1755 2128 retrocesserat,
1784 2081 1907 2118 cum
1955 2065 2167 2120 Joanne
2210 2081 2315 2119 no-

742 2173 810 2211 vo
836 2158 1143 2224 patriarcha
1173 2157 1386 2212 Sabbas
1429 2159 1752 2221 collocutus,
1793 2159 1844 2213 ei
1903 2160 2097 2221 suasit,
2137 2170 2195 2213 ut
2253 2176 2312 2215 se

738 2265 767 2302 a
798 2248 983 2304 Severi
1013 2252 1398 2305 enmntuniune
1425 2252 1750 2317 abstineret,
1805 2265 1862 2308 et
1895 2253 2312 2309 Chalcedonen-

737 2358 851 2395 sem
891 2345 1157 2412 synodum
1198 2345 1277 2397 vel
1302 2360 1428 2398 cum
1467 2345 1753 2414 sanguinis
1774 2345 2096 2400 eﬂ‘nndendi
2144 2348 2307 2416 peri-

736 2434 861 2490 culo
909 2445 1179 2491 tueretur.
1213 2437 1369 2504 Quod
1403 2439 1491 2493 ille
1521 2440 1687 2493 etiam
1726 2439 1948 2493 Patrum
1987 2444 2307 2509 persuasio-

737 2527 902 2581 nibus
969 2541 1287 2584 reverenter
1335 2533 1626 2600 susceptis,
1693 2541 1749 2587 et
1805 2534 1974 2601 pactis
2021 2536 2309 2591 conventis

735 2634 859 2671 rum
891 2620 1142 2688 Olympio
1201 2623 1352 2677 initis
1404 2625 1686 2694 neglectis,
1734 2625 1884 2678 fecit.
1939 2626 2012 2680 Ea
2072 2642 2203 2681 vero
2252 2645 2308 2683 re

734 2708 1035 2786 imperator
1069 2712 1337 2774 offensus,
1374 2714 1624 2785 Olympio
1657 2721 2033 2786 magistratum
2072 2720 2306 2787 ademit,

729 2812 787 2855 et
813 2804 865 2856 in
903 2803 1246 2859 Paltestinam
1280 2808 1475 2859 ducem
1512 2808 1863 2863 Anastasium
1904 2811 1954 2863 in
2024 2811 2172 2865 illius
2224 2814 2305 2867 lo-

729 2910 855 2949 cum
890 2896 1179 2951 suffectum
1220 2900 1391 2955 misit.
1411 2899 1512 2965 Qui
1552 2902 1641 2955 ubi
1674 2917 1740 2955 eo
1794 2904 2065 2971 pervenit,
2107 2916 2306 2972 praeter

731 2986 997 3041 rationem
1034 2992 1258 3057 exsequi
1294 3006 1357 3046 ea
1398 3008 1519 3061 qua:
1550 2992 1847 3064 imperator
1879 2997 2064 3060 vellet,
2106 2998 2158 3052 in
2185 3000 2305 3053 ani-

732 3092 821 3129 mo
875 3078 1107 3145 habens,
1145 3081 1412 3136 Joannem
1471 3086 1680 3150 statim,
1726 3102 1794 3141 ne
1858 3090 2027 3143 verbo
2074 3091 2300 3160 quidem

2424 1962 2612 2030 δαμῶς
2647 1966 2869 2037 Σευήρῳ
2898 1970 2975 2030 εἰς
3013 1972 3303 2023 κοινωνίαν
3332 1972 3509 2041 ἥκειν,
3545 1974 3642 2041 τῆς
3675 1974 3719 2025 δ’
3766 1977 3822 2026 ἐν
3854 1976 3991 2028 Χαλ-

2423 2055 2610 2124 κηδόνι
2642 2058 2863 2111 συνόδου
2896 2060 2993 2112 καὶ
3043 2064 3240 2131 μέχρις
3276 2064 3510 2131 αἵματος
3551 2065 3989 2120 διακινδυνεύειν.

2424 2147 2494 2203 ’0
2513 2149 2578 2219 δὴ
2606 2153 2699 2203 καὶ
2741 2153 2914 2204 ἐποίει
2946 2154 3041 2223 τὴν
3071 2155 3176 2206 τῶν
3218 2156 3476 2227 Πατέρων
3506 2160 3797 2226 είσήγησιν
3838 2161 3992 2212 εὐλα-

2418 2241 2708 2312 ϐούμενος,
2745 2246 2854 2297 τῶν
2888 2249 3026 2315 πρὸς
3048 2246 3350 2317 Ὀλύμπιον
3381 2251 3665 2321 συνθηκῶν
3696 2253 3989 2325 ἀλογήσας.

2416 2334 2535 2402 Ἐφ’
2557 2331 2638 2400 οἷς
2686 2330 3080 2408 ἀγανακτήσας
3137 2344 3164 2393 ό
3224 2341 3500 2409 βασιλεὺς,
3564 2346 3831 2415 παραλύει
3894 2349 3991 2417 μὲν

2430 2425 2732 2496 Ὀλύμπιον
2762 2430 2857 2496 τῆς
2891 2431 3068 2500 ἀρχῆς
3097 2449 3110 2463 ο
3150 2432 3483 2505 Παλαιστίνῃ
3526 2436 3580 2487 δὲ
3605 2437 3774 2490 δοῦκα
3809 2455 3989 2509 χειρο-

2414 2520 2648 2588 τονήσας
2687 2521 3042 2575 Ἀναστάσιον
3074 2523 3346 2594 ἔπεμπεν
3378 2526 3435 2589 ὃς
3463 2530 3643 2580 ἐκεῖσε
3674 2531 3989 2598 γενόμενος.

2415 2612 2508 2662 καὶ
2563 2612 2640 2679 τῷ
2691 2612 2903 2687 βασιλεῖ
2962 2615 3227 2681 πράττειν
3271 2617 3480 2684 ἀλόγως
3523 2618 3691 2673 θέλων
3738 2621 3807 2674 τὰ
3854 2624 3988 2691 πρὸς

2414 2702 2633 2772 βουλῆς,
2668 2705 2804 2772 μηδὲ
2850 2705 3009 2772 ψιλοῦ
3058 2708 3218 2775 λόγου
3245 2710 3336 2760 τὸν
3389 2712 3645 2782 Ἰωάννην
3701 2716 3987 2780 μεταδοὺς,

2411 2794 2610 2845 αὐτίκα
2641 2795 3007 2868 δεσμωτηρίῳ
3059 2799 3369 2869 καθείργειο
3425 2802 3548 2871 βίαν
3609 2804 3854 2871 ἐπάγων,
3891 2808 3989 2875 τῆς

2412 2886 2516 2953 μὲν
2546 2889 2602 2938 ἐν
2634 2876 2938 2959 Χαλκηδόνι
2968 2893 3189 2944 συνόδου
3239 2894 3536 2964 ὑπερορᾷν,
3584 2897 3683 2967 τὴν
3719 2898 3775 2950 δὲ
3814 2902 3987 2969 Σευή-

2412 2994 2505 3046 ρου
2539 2982 2827 3033 κοινωνίαν
2854 2983 3219 3045 ἀσπάζεσθαι.
3264 2986 3323 3039 '0
3376 2987 3431 3039 δὲ
3481 2987 3782 3058 λεληθότως
3812 2995 3989 3064 Ζαχα-

2412 3067 2503 3139 pla
2535 3068 2613 3134 τῷ
2665 3072 2916 3142 προέδρῳ
2980 3076 3322 3144 Καισαρείας
3382 3081 3757 3149 συγγεγονὼς,
3819 3085 3986 3154 ﬁxo-as

732 3183 859 3220 cum
919 3186 987 3223 eo
1052 3174 1487 3239 communicato,
1558 3177 1612 3230 iu
1665 3193 1945 3235 carcerem
2016 3179 2408 3267 conjecitzc'

2328 3209 2373 3267 Ο
2406 3162 2573 3232 τέχνῃ
2603 3164 2672 3215 τὰ
2707 3164 3013 3232 πράγματα
3049 3167 3331 3234 μετελθεῖν
3362 3169 3455 3222 τοῦ
3502 3174 3698 3242 καιροῦ
3732 3179 3988 3230 κατεπεί-

732 3259 896 3328 708
947 3277 1185 3329 eumque
1257 3265 1307 3316 vi
1353 3274 1410 3317 ut
1466 3267 1735 3336 synodum
1789 3269 2301 3328 Chalcedonensem

728 3351 1035 3419 despiceret
1064 3363 1231 3422 atque
1278 3354 1469 3411 Severi
1505 3363 1950 3415 communionem
2008 3366 2305 3433 amplecte-

728 3452 903 3509 retur,
938 3460 1135 3511 cogere
1195 3464 1487 3517 aggressus
1536 3462 1643 3505 cst.
1689 3453 1929 3509 Joannes
1984 3459 2129 3524 quod
2176 3474 2301 3511 cum

728 3532 902 3588 Zacha
914 3536 986 3587 ria
1012 3535 1223 3591 Caes-tre
1242 3558 1270 3590 l'
1306 3539 1606 3596 Palaestinae
1628 3544 1870 3597 antistite
1893 3555 2107 3600 secreto
2135 3549 2305 3603 collo-

726 3636 910 3688 cutus,
934 3629 1186 3683 audierat
1218 3641 1459 3700 tempore
1494 3632 1771 3703 flagitante
1813 3648 2121 3705 Opportuna
2156 3640 2301 3694 frau-

727 3718 792 3771 de
828 3734 914 3773 res
946 3724 1212 3787 gerendas
1243 3737 1361 3775 esse
1395 3740 1409 3777 :
1446 3722 1567 3776 duci
1593 3740 1650 3778 se
1682 3726 1825 3795 quod
1874 3728 1963 3781 ille
1986 3730 2176 3796 vellet,
2227 3731 2302 3785 fa-

728 3824 851 3862 cere
880 3821 1128 3877 paratum
1162 3827 1305 3873 esse,
1344 3814 1625 3882 pollicitus
1678 3826 1783 3882 est,
1843 3819 1887 3874 si
1960 3823 2123 3875 molo
2176 3832 2300 3892 post

724 3900 955 3954 duorum
979 3901 1190 3955 dierum
1223 3905 1560 3959 curriculum
1584 3923 1613 3960 e
1641 3909 1893 3964 custodia
1917 3911 2295 3967 emitteretur:

724 4006 791 4044 ne
822 3992 1273 4064 scilicet,inquit,
1308 3998 1591 4051 videamur
1638 3999 1711 4063 vi,
1773 4017 1880 4055 non
1934 4006 2297 4071 persuasione

721 4083 968 4149 adducti,
1007 4085 1059 4140 id
1092 4088 1238 4155 quod
1264 4087 1584 4158 imperatori
1629 4091 1890 4159 placitum
1927 4104 2037 4156 est.
2088 4095 2295 4152 facere.

720 4179 897 4243 Atque
922 4176 974 4228 id
1008 4175 1083 4230 ita
1113 4178 1340 4232 factum.
1380 4180 1444 4236 Et
1476 4183 1792 4250 patriarcha
1851 4187 2100 4239 custodia
2157 4188 2297 4243 libe-

723 4271 1325 4333 ratus,munachorum
1361 4273 1653 4327 cohortem
1710 4277 1762 4329 in
1812 4279 2077 4347 templum
2129 4282 2293 4350 primi

720 4359 936 4414 diaconi
970 4360 1256 4430 Stephani,
1302 4365 1733 4433 ntpra-fractam
1769 4367 2154 4424 haereticorum
2212 4382 2295 4427 te-

723 4450 1028 4505 Ineritatem
1092 4452 1358 4518 fienaret,
1439 4459 1818 4513 convocavit:
1891 4472 2059 4531 atque
2141 4465 2290 4519 aliud

2409 3272 2618 3322 γοντος,
2650 3256 2746 3306 καὶ
2778 3258 3212 3325 ἐπαγγείλασθαι
3244 3260 3322 3329 τῷ
3346 3261 3521 3329 δουκὶ,
3566 3269 3676 3319 πᾶν
3703 3270 3755 3322 εῐ
3776 3285 3823 3320 τι
3866 3269 3990 3338 βου-

2410 3348 2626 3419 λομένῳ
2655 3350 2765 3419 εἴη,
2797 3351 3079 3419 πρόθυμος
3109 3353 3262 3423 δρᾷν,
3311 3356 3359 3407 εί
3386 3356 3485 3425 τῆς
3530 3363 3778 3431 φρουρᾶς
3825 3364 3989 3430 μόνον

2407 3438 2754 3509 ἀπαλλαγείη
2807 3442 2945 3509 μετά
2979 3441 3073 3494 δύο
3114 3442 3284 3508 ἡλίων
3327 3447 3725 3518 παραδρομὴν·
3789 3453 3875 3505 ἵνα
3907 3458 3985 3523 μή

2405 3547 2541 3595 τισι,
2573 3535 2731 3601 φησὶ,
2762 3533 3005 3600 δόξωμεν
3036 3533 3126 3604 βίᾳ
3158 3535 3251 3585 καὶ
3276 3536 3335 3586 ού
3375 3539 3557 3590 πειθοῖ
3581 3541 3639 3591 τὸ
3674 3543 3751 3611 τῷ
3775 3543 3989 3612 βασιλεί

2403 3621 2594 3672 δοκοῦν
2626 3623 2887 3677 ἐκτελεῖν.
2927 3625 3034 3677 Kal.
3065 3624 3224 3676 τοῦτο
3262 3626 3363 3694 μὲν
3412 3630 3624 3694 ἐγίνετο
3650 3648 3661 3660 ·
3698 3637 3793 3686 καὶ
3824 3638 3851 3686 ὁ
3883 3654 3989 3688 1:7.-

2403 3712 2673 3783 τριάρχης
2695 3715 2879 3765 ἁνίετο
2906 3716 3004 3784 τῆς
3032 3717 3279 3787 εἱρκτῆς.
3304 3719 3726 3786 Συγκαλέσαςδὲ
3756 3730 3816 3779 τὸ
3847 3730 3985 3798 πλῆρ

2404 3804 2496 3866 θος
2541 3806 2655 3858 τῶν
2711 3807 2967 3874 μοναχῶν
3006 3807 3083 3875 τῷ
3135 3808 3229 3861 τοῦ
3283 3813 3502 3879 πρώτου
3558 3816 3669 3867 τῶν
3718 3819 3989 3875 διακόνων

2404 3900 2678 3967 Στεφάνου
2729 3899 2855 3970 νεῲ,
2902 3900 2979 3961 ὼς
3026 3900 3094 3952 ἂν
3150 3902 3211 3953 τὸ
3263 3904 3374 3956 τῶν
3409 3908 3704 3977 αἱρετικῶν
3750 3912 3988 3977 αῦθαδες

2401 3991 2717 4062 ἁναστείλη·
2758 3994 2851 4044 καὶ
2884 3990 3015 4044 ἄλλο
3043 3990 3099 4044 δὲ
3133 3992 3346 4046 οἴκοθεν
3396 3999 3539 4051 κατὰ
3570 4000 3700 4054 θέαν
3728 4003 3839 4056 τῶν
3880 4022 3986 4058 πεο

2402 4086 2737 4154 πραγμένων
2765 4088 3095 4157 προσέϐαλε.
3125 4094 3314 4161 Παρῆν
3349 4094 3407 4145 δὲ
3448 4094 3542 4147 καὶ
3573 4098 3601 4146 ὁ
3626 4095 3775 4159 δούξ’
3804 4097 3879 4158 ὡς
3914 4099 3988 4153 ἂν

2402 4176 2509 4228 ὑπὸ
2558 4176 2801 4246 μάρτυρι
2840 4180 3036 4248 ἐκείνῳ
3085 4181 3402 4251 ἀπόρρητος
3436 4183 3532 4234 καὶ
3571 4185 3918 4255 ἐκκήρυκτος
3946 4191 3984 4259 ἡ

2402 4269 2619 4331 σύνοδος
2648 4270 2898 4339 γένηται.
2931 4273 3038 4324 Kal.
3058 4272 3122 4339 δὴ
3153 4275 3182 4325 ὁ
3205 4274 3459 4341 Ἰωάννης
3478 4276 3689 4330 ἄνεισιν
3711 4279 3796 4329 ἐπ’
3826 4280 3988 4347 ὀκρί-

2401 4359 2624 4422 ϐαντος,
2655 4360 2995 4430 ἑκατέρωθεν
3056 4364 3462 4433 ὐπανεχόμενος
3523 4367 3765 4436 ἑκατέρᾳ
3830 4373 3985 4440 χειρὶ

2399 4451 2586 4504 Σάϐϐα
2616 4452 2713 4505 καὶ
2762 4454 3046 4507 Θεοδοσίου
3096 4456 3205 4508 τῶν
3246 4448 3529 4524 προϐὖλων
3579 4460 3680 4528 τῆς
3713 4463 3983 4525 πίστεως.

723 4541 992 4611 quoddam
1022 4542 1185 4599 domo
1207 4547 1524 4612 consilium,
1554 4564 1665 4616 quo
1702 4565 1887 4605 rerum
1920 4554 2286 4623 gerrndarum
2325 4565 2363 4618 ο
2393 4546 2399 4596 ¹

2325 4565 2363 4618 ο
2393 4546 2575 4614 Βραχὺ
2600 4544 2646 4598 δ’
2671 4543 2935 4614 ἐπισχὼν,
2974 4547 3099 4600 ἐπεὶ
3129 4549 3220 4600 καὶ
3252 4550 3313 4600 τὸ
3340 4549 3548 4618 πλῆθος
3573 4552 3984 4623 ύποψιθυρίζον

717 4634 1094 4697 spectaculum
1124 4638 1484 4705 conspicuum
1512 4628 1886 4708 magisfieret,
1914 4646 2117 4698 attulit.
2152 4646 2288 4701 Nam

716 4722 827 4777 dux
850 4726 968 4793 ipse
999 4724 1243 4788 advenit,
1279 4736 1337 4780 ut
1376 4728 1470 4781 illo
1494 4728 1753 4785 nimirum
1815 4740 1955 4788 teste
2019 4745 2290 4803 praesente

711 4816 959 4886 synodus
1005 4818 1318 4872 aboleretur
1388 4829 1554 4888 atque
1615 4821 1995 4879 damnaretur.
2050 4826 2292 4881 Joannes

714 4918 1027 4979 suggestum
1049 4910 1393 4974 conscendit,
1426 4926 1492 4966 ex
1527 4924 1757 4984 utraque
1788 4928 1941 4984 parte
1993 4916 2186 4971 Sabhae
2238 4929 2292 4973 ct

710 5000 1011 5057 Theodosii
1054 5016 1521 5071 propugnatorum
1560 5005 1681 5060 fidei
1717 5008 1971 5063 manibus
2043 5011 2289 5079 utriSque

710 5092 995 5147 suffultus.
1030 5092 1207 5163 Atque
1232 5094 1322 5147 ubi
1352 5110 1410 5150 se
1437 5097 1717 5164 paululum
1752 5101 2043 5164 continuit,
2063 5112 2116 5157 ct
2148 5104 2290 5157 mul-

712 5184 1006 5238 titudinem
1043 5187 1206 5239 etiam
1263 5188 1554 5243 mussitare
1583 5190 1816 5253 audivit,
1872 5192 2057 5248 minus
2096 5209 2285 5249 sanam

710 5275 874 5329 fidem
907 5275 1260 5330 anathemate
1284 5279 1640 5333 condemnari
1666 5280 1895 5347 debere,
1948 5281 2143 5339 fiducia
2177 5286 2289 5353 ple-

712 5381 816 5420 nus
848 5367 1184 5436 ejuscemodi
1213 5370 1441 5437 protulit
1467 5372 1691 5425 verbum
1728 5392 1738 5425 :
1774 5392 1792 5425 ι
1824 5375 1879 5429 Si
1929 5375 2056 5443 quis
2116 5376 2285 5446 Euty-

713 5456 936 5510 ehctiet
976 5456 1227 5511 Nestotio
1256 5470 1312 5514 et
1364 5461 1652 5515 Sotericho
1680 5464 1944 5541 βαθεῖ-ραι
1999 5465 2287 5534 Cappado-

709 5564 835 5602 cum
865 5549 1123 5617 episc0po
1144 5552 1459 5613 assentitur,
1484 5555 1796 5607 anathema.
1820 5554 1873 5609 Si
1898 5557 2020 5624 quis
2042 5568 2283 5626 quatuor

713 5640 1469 5711 uuivcrsaliumsynodorum
1530 5648 1782 5715 dogmata
1836 5662 1939 5699 non
2001 5650 2278 5717 sequitur,

712 5732 1057 5788 anathema.)
1095 5732 1205 5787 Dux
1238 5737 1328 5789 ubi
1355 5753 1474 5790 eam
1522 5737 1676 5806 quasi
1713 5738 1948 5791 fabulam
1978 5742 2277 5807 perspexit,

692 5822 1087 5900 rtuultitudiuis
1118 5825 1376 5894 impetum
1416 5834 1684 5889 metuens,
1715 5823 1854 5882 bene
1882 5845 2069 5883 secum
2094 5839 2279 5884 actum

2395 4640 2599 4709 ήκουεν
2629 4637 2706 4698 ὡς
2737 4642 2844 4708 χρὴ
2874 4640 2937 4691 τὸ
2980 4640 3056 4709 μὴ
3104 4641 3353 4706 ὑγιαῖνον
3386 4644 3485 4711 τῆς
3520 4643 3752 4708 πίστεως
3779 4651 3987 4702 ἀναθε-

2397 4726 2747 4796 ματίζεσθσι,
2778 4727 3013 4797 θάρσους
3061 4730 3255 4799 ὥσπερ
3305 4731 3590 4801 πλησθεὶς,
3618 4736 3825 4790 τοιάνδε
3864 4756 3984 4805 φω-

2393 4818 2490 4887 νὴν
2526 4820 2812 4888 ῥήγνυσιν·
2851 4837 2870 4871 ι
2900 4819 2969 4874 Εἰ
2994 4837 3078 4882 τις
3110 4822 3176 4873 τὰ
3199 4822 3471 4891 Εύτυχοῦς
3496 4828 3718 4897 φρονοίη
3743 4830 3835 4881 κέλ
3871 4832 3979 4884 Ns-

2394 4916 2637 4981 στορίου,
2665 4912 2911 4980 Σευηρου
2943 4929 2999 4963 τε
3030 4913 3122 4965 καὶ
3157 4914 3473 4985 Σωτηρίχου
3504 4920 3604 4987 τῆς
3637 4922 3983 4991 Καισαρείας

2394 5004 2815 5067 Καππαδοκίας,
2848 5005 3119 5073 ἀνάθεμα.
3154 5005 3263 5058 Καὶ
3294 5009 3344 5059 εί
3371 5025 3453 5070 τις
3480 5008 3553 5079 μὴ
3580 5012 3688 5073 τοῖς
3709 5013 3819 5065 τῶν
3849 5031 3981 5066 τεσ⁸

2392 5096 2574 5161 σάρων
2603 5097 2698 5148 καὶ
2742 5096 3142 5166 οἱκουμενικών
3184 5099 3416 5151 συνόδων
3444 5100 3631 5153 ἕποιτο
3673 5103 3978 5173 δόγμασιν,

2390 5186 2697 5254 ἀνάθεμα.»
2753 5185 2813 5239 Ὀ
2842 5186 2901 5238 δέ
2933 5186 3061 5250 δοῦξ
3107 5185 3169 5239 τὸ
3202 5188 3385 5257 δρᾶμα
3421 5193 3635 5255 συνεὶς,
3657 5192 3843 5256 δείσας
3871 5195 3980 5264 τὴν

2386 5279 2483 5331 τοῦ
2540 5278 2784 5349 πλήθους
2842 5278 3059 5348 ὁρμὴν,
3113 5279 3337 5347 φεύγειν
3392 5281 3583 5349 ήγάπα
3635 5286 3973 5354 σωζόμενος.

2386 5368 2456 5425 Οἵ
2488 5388 2549 5438 γε
2585 5372 2692 5441 μὴν
2745 5370 2991 5437 Πατέρες
3025 5370 3228 5433 εἰδότες
3283 5371 3359 5433 ὡς
3389 5373 3632 5438 ἀκούσας
3653 5376 3830 5429 ταῦτα
3864 5395 3977 5446 χαι

2386 5464 2613 5516 λεπανεῖ
2657 5463 2939 5532 βασιλεὺς,
2981 5464 3274 5533 ἐπιστολὴν
3319 5466 3634 5534 παρρησίας
3686 5469 3977 5537 γέμουσαν

2384 5550 2813 5618 διαπέμπονται,
2850 5550 3181 5620 ἐλέγχουσαν
3225 5554 3322 5621 μέν
3357 5555 3585 5617 ἐκεῖνον,
3625 5559 3718 5610 τοῦ
3758 5558 3974 5628 δόγμα.-

2384 5661 2473 5704 τος
2498 5643 2555 5695 δὲ
2590 5643 2689 5712 τὴν
2724 5643 3017 5711 ἀκρίϐειαν
3066 5645 3526 5712 παριστάνουσανο
3564 5650 3764 5701 ἄτοπον
3820 5648 3973 5705 εἶναι

2386 5738 2706 5802 φάσκουσαν
2762 5733 3205 5803 Ἱεροσολυμίτας
3243 5736 3425 5803 ὗντας,
3454 5738 3547 5806 ἀφ’
3597 5734 3660 5792 οὗ
3690 5743 3751 5794 τὸ
3780 5741 3971 5812 δόγμα

2387 5828 2640 5897 πηγάσαν
2666 5827 2948 5898 ἔρῤευσεν,
2977 5826 3269 5895 ὀψιμαθεῖς
3297 5827 3391 5885 νῦν
3414 5831 3507 5887 τοῦ
3525 5834 3835 5901 κρείττονος
3865 5853 3971 5890 κα-
