4244 6438
256 409 364 478 197

1227 409 1827 471 ΕΕΩΕΕΞΙΑΞἸἹΟΕ
1869 408 2256 474 ΗΙΒΤΟἎΙΕ
2291 409 2433 470 LIB.
2482 409 2639 468 XVI.

3431 401 3533 472 198

261 528 418 593 οὖσα,
450 526 544 579 τὸν
598 524 957 595 φρούραρχον
986 522 1080 576 τοῦ
1132 524 1362 586 κάλλους
1393 524 1598 577 ἁλῶναι
1643 525 1853 586 ἐποίει,
1889 526 1928 582 Α

1889 526 1928 582 Α
1963 538 2145 592 regem
2180 532 2454 576 crearunt.
2492 520 2721 577 Cabades
2744 520 2797 574 in
2824 534 3048 575 carcere
3083 534 3219 573 uxor
3250 518 3393 588 ejus,
3415 535 3533 588 quae

264 624 358 672 καὶ
393 621 471 688 τῷ
502 620 709 689 ταύτης
756 620 922 687 ἔρωτι
951 618 1225 671 δουλεύειν
1254 619 1280 668 ὃ
1308 636 1357 670 τι
1391 620 1457 672 ἂν
1486 618 1671 688 ἐκείνῃ
1699 617 1854 685 φίλον

262 714 346 780 εἴη
382 710 688 780 αἱρεῖσθαι.
744 710 807 762 Ἦ
852 710 909 760 δέ
963 710 1201 777 σώφρων
1232 708 1367 763 οὖτα
1410 712 1502 763 καὶ
1543 709 1852 779 φίλανδρος,

1963 614 2159 667 debuit
2189 614 2387 673 ollicia.
2423 616 2693 682 praestitit.
2739 614 2804 666 Et
2831 614 2975 681 quod
3009 628 3071 666 ea
3104 621 3329 666 venusta
3363 610 3536 664 forma

1964 696 2131 768 csSet,
2190 706 2429 759 carceris
2487 714 2673 759 custos
2716 704 3132 774 pulchritudine
3163 702 3284 771 ejus
3332 703 3535 764 victus,

261 805 455 873 τάνδρὶ
489 805 579 855 τὸν
609 804 787 873 ἔρωτα
813 802 1047 872 ἧγγελλε
1070 801 1164 853 τοῦ
1191 802 1432 871 φρουροῦ
1454 820 1466 833 ⁶
1521 804 1549 855 ό
1578 802 1622 855 δ’
1657 803 1855 855 ἐνδιδό-

1960 808 2014 851 et
2066 813 2253 851 amore
2306 808 2521 867 captus,
2583 798 2847 851 inservire
2892 798 2964 857 ei,
2995 804 3044 849 et
3075 796 3220 865 quod
3250 798 3341 850 illa
3371 795 3536 849 vellet

262 916 351 948 ναι
378 900 445 965 τῇ
481 896 700 963 θελήσει
750 893 1054 963 παρηγγύα
1089 894 1183 945 τοῦ
1229 894 1502 962 ἐραστοῦ..
1529 892 1636 945 Τοῦ
1667 894 1721 946 δὲ
1755 894 1858 963 μύ-

1964 890 2144 943 facere
2200 891 2510 945 constituit.
2549 891 2639 944 Illa
2693 900 2875 944 autem
2904 892 3163 959 quoniam
3208 901 3355 945 casta
3380 900 3520 951 erat,

266 1007 395 1050 σους
425 987 793 1055 πραχθέντος.
827 988 857 1054 ἡ
900 986 1037 1054 γυνὴ
1072 986 1391 1054 ἀδεέστερον
1426 987 1518 1039 ἐπὶ
1563 986 1653 1037 τὸν
1688 987 1859 1055 ἄνδρα

1857 1027 1859 1033 ,
1958 993 2016 1035 et
2074 982 2251 1035 virum
2311 984 2548 1048 amabat,
2584 983 2826 1038 custodis
2854 998 3094 1037 amorem
3152 983 3200 1035 ei
3246 980 3533 1035 indicavit.

262 1083 442 1147 εἰσῄει
472 1080 535 1130 τὸ
569 1079 711 1141 εἰκὸς
747 1079 945 1145 ἐκείνῳ
972 1080 1052 1139 είς
1095 1078 1392 1148 θεραπείαν
1434 1079 1851 1149 άποπληροῦσα.

275 1174 530 1241 Ἐταῖρος
570 1172 625 1224 δέ
653 1189 736 1232 τις
766 1170 991 1240 Καϐἀδῃ
1035 1172 1186 1237 φίλος
1221 1173 1277 1233 ἐς
1320 1172 1387 1223 τὰ
1434 1173 1669 1240 μάλιστα
1701 1171 1863 1225 καθε-

1987 1075 2081 1128 ille
2117 1090 2281 1145 porro
2315 1090 2433 1129 eam
2468 1077 2732 1129 voluntati
2769 1074 3035 1129 amatoris
3097 1074 3324 1144 obsequi
3347 1074 3535 1145 jussit.

1964 1168 2252 1237 Flagitium
2278 1168 2327 1222 id
2353 1168 2443 1222 ubi
2472 1177 2751 1237 peractum
2784 1179 2889 1233 est,
2916 1168 3146 1222 liberius
3169 1166 3234 1221 ad
3267 1169 3541 1221 maritum

264 1264 429 1326 στὼς,
462 1262 552 1315 διὰ
582 1262 681 1329 τῆς
715 1262 962 1329 γαμετῆς
1007 1264 1266 1330 ἐμήνυεν.
1310 1261 1367 1313 ἐν
1406 1279 1513 1314 τινι
1547 1263 1711 1331 χώρῳ
1764 1262 1859 1315 τπ-

1964 1261 2161 1316 deinde
2221 1263 2420 1316 mulier
2483 1262 3203 1323 accessit.convenientem
3261 1262 3309 1316 ei
3351 1277 3542 1317 curam

263 1372 404 1415 πους
440 1370 500 1404 τε
534 1354 627 1403 καὶ
662 1352 869 1421 ἄνδρας
915 1353 1376 1421 ἐμπαρασκεύους
1404 1355 1585 1423 ἔχειν’
1620 1354 1687 1406 δι’
1714 1349 1788 1407 ῶν
1810 1354 1865 1407 ετ

262 1445 315 1510 γ’
348 1446 563 1512 αίροίτο
599 1445 675 1496 ἀπ
709 1445 1045 1514 διδράσκειν,
1092 1445 1317 1515 εὐχερὲς
1367 1445 1721 1509 καθεστάναι,
1765 1448 1861 1499 καὶ

260 1539 366 1610 τὴν
391 1538 569 1608 ἀρχὴν
606 1534 761 1599 αὖθις
803 1538 1231 1606 ἀναλαμϐάνεινζ
1272 1539 1426 1591 Ἐπεὶ
1458 1538 1513 1590 δὲ
1544 1539 1641 1602 νὺξ
1672 1539 1865 1607 ἐπεγέ-

262 1648 413 1695 νετο,
463 1630 651 1683 ἔπειθε
689 1629 947 1698 Καϐἁδης
993 1633 1061 1698 τῇ
1116 1630 1216 1700 μὲν
1245 1632 1488 1698 γυναικὶ,
1524 1630 1591 1682 τὰ
1628 1630 1864 1699 σφέτερα

261 1723 377 1777 τῶν
428 1722 665 1791 ἱματίων
721 1720 1145 1784 ἀναϐάλλεσθαι,
1202 1721 1297 1773 καὶ
1356 1722 1449 1773 ἐπὶ
1493 1723 1591 1790 τῆς
1643 1722 1862 1792 είρκτῆς

1968 1365 2251 1423 praestans.
2277 1354 2441 1425 714
2475 1356 2601 1409 Erat
2627 1354 2855 1409 Cabadae
2891 1356 3100 1409 amicus
3130 1353 3351 1425 quidam
3377 1370 3539 1425 quam

1967 1446 2201 1498 maxime
2228 1448 2449 1509 eharus,
2482 1448 2573 1515 qui
2613 1462 2711 1516 per
2747 1459 2976 1499 uxorem
3002 1446 3050 1499 ei
3080 1446 3400 1511 insinuavit,
3447 1461 3543 1516 pa-

1967 1548 2116 1591 ratos
2140 1553 2198 1592 se
2228 1539 2280 1591 in
2315 1538 2435 1592 loco
2472 1550 2625 1592 certo
2653 1554 2826 1608 equos
2860 1548 2915 1593 et
2947 1537 3096 1591 viros
3154 1536 3382 1602 habere,
3417 1553 3542 1592 cum

1966 1632 2167 1698 quibus
2200 1632 2241 1683 si
2280 1632 2468 1700 fugere
2502 1631 2689 1695 vellet,
2739 1631 2894 1687 facile
2925 1647 3155 1701 regnum
3216 1646 3545 1701 recuperare

1971 1731 2180 1789 posset.
2221 1720 2321 1776 Ubi
2358 1738 2463 1775 nox
2497 1722 2744 1784 advenit,
2774 1722 3019 1779 Cabades
3050 1725 3271 1795 conjugi
3312 1739 3543 1794 persua-

266 1815 595 1884 καθῆσθαι·
627 1815 837 1867 ἐκεῖνον
870 1814 927 1867 δέ
952 1814 1019 1868 τὰ
1049 1813 1267 1881 ἐκείνης
1290 1813 1446 1875 αὖθις
1481 1815 1867 1882 μεταμφιασάο
1899 1879 1933 1887 _

1899 1879 1933 1887 _
1970 1812 2061 1871 sit.
2101 1823 2156 1866 ut
2193 1821 2406 1867 vestem
2448 1814 2536 1868 illa
2575 1830 2729 1867 suam
2766 1816 3040 1879 indueret,
3100 1826 3265 1887 atque
3330 1817 3390 1872 in
3420 1831 3546 1872 car-

268 1926 458 1979 μενον,
494 1906 713 1976 εὐφυῶς
741 1905 1100 1975 σοφιζόμενον
1121 1906 1181 1958 τὸ
1211 1903 1352 1959 εἶναι
1383 1907 1621 1974 ἐκείνην,
1650 1908 1863 1975 ἀναχω-

267 2005 411 2073 ρεῖν.
448 2002 563 2054 Καὶ
591 2001 652 2052 τὸ
684 2000 785 2071 μιν
807 2004 885 2062 εἰς
914 1999 1065 2061 τέλος
1095 1994 1194 2069 ἦν·
1238 2000 1336 2052 καὶ
1366 1998 1626 2069 Καϐάδης
1659 2000 1745 2051 διὰ
1771 1999 1864 2051 τοῦ

266 2096 405 2165 Σέη,
444 2094 603 2147 τοῦτο
625 2094 735 2163 γὰρ
763 2096 790 2146 ὁ
822 2094 1043 2165 ἑταῖρός
1074 2094 1124 2147 ot
1161 2094 1473 2163 ὠνόμαστο,
1509 2092 1565 2158 ἐς
1594 2093 1870 2161 Νεφθαλί-

264 2205 369 2248 τας
420 2186 495 2249 ὡς
538 2187 773 2253 τάχιστα
822 2183 1156 2248 διεσώζετο·
1210 2180 1255 2253 ᾧ
1286 2188 1377 2238 τόν
1410 2202 1469 2237 τε
1500 2188 1732 2256 στρατὸν
1776 2186 1869 2239 καί⁵

264 2281 371 2351 τὴν
406 2280 693 2350 θυγατέρα
729 2280 812 2338 είς
844 2279 1100 2349 γαμετὴν
1132 2279 1278 2342 δοὺς,
1313 2280 1406 2331 ἐπὶ
1443 2281 1660 2350 Πέρσας
1709 2297 1870 2348 στρα-

264 2374 456 2425 τεύειν
492 2373 738 2437 ἐκέλευε,
786 2374 881 2425 καὶ
931 2372 1031 2439 τῆς
1071 2371 1208 2433 ίδίας
1243 2373 1643 2426 ἀντιποιεῖσθαι
1672 2372 1867 2441 ἀρχῆς.

280 2463 346 2515 Ὀ
377 2463 435 2515 δὲ
478 2462 753 2515 εἰσϐαλὼν
798 2464 1056 2532 Πέρσαις,
1115 2463 1449 2526 ἐξαπιναίως
1503 2463 1650 2533 πόνῳ
1700 2464 1873 2518 οίιδενῒ⁹

268 2557 376 2627 τὴν
439 2555 618 2625 ἀρχὴν
667 2555 1014 2623 ἀνελάμϐανε
1043 2572 1055 2584 ·
1112 2560 1210 2609 καὶ
1258 2557 1349 2608 τὸν
1393 2556 1621 2624 ἀδελφὸν
1671 2557 1872 2609 Βλάσον

273 2646 521 2717 συσχὼν,
563 2646 879 2718 ἔμφρουρον
921 2650 1163 2701 ἐποιεῖτο
1216 2648 1312 2710 τὰς
1362 2650 1531 2717 κόρας
1580 2648 1869 2717 περιελών.

283 2740 581 2807 ’Δγχίνους
610 2740 669 2793 δὲ
715 2741 791 2793 ῶν
840 2742 935 2794 καὶ
972 2742 1117 2811 μάλα
1162 2742 1488 2811 δραστήριος
1529 2744 1556 2795 ό
1592 2742 1871 2810 Καϐᾱιδηε,

272 2832 670 2901 ἀσφαλέστατα
700 2831 779 2902 τῷ
813 2832 939 2901 ἐξῆς
969 2832 1252 2901 διαγέγονε
1295 2835 1394 2903 τὴν
1429 2834 1710 2903 βασιλείαν
1741 2849 1874 2901 κρα-

271 2926 388 2978 τῶν
411 2941 427 2955 ·
464 2925 563 2976 καὶ
602 2924 685 2985 είς
718 2924 813 2994 ἔτη
844 2924 1038 2978 ἕνδεκα
1087 2924 1182 2977 τοῦ
1216 2925 1407 2978 λοιποῦ
1439 2928 1503 2994 τῇ
1547 2925 1688 2994 ἀρχῇ
1734 2924 1879 2993 διαρ-

274 3019 477 3081 κέσας,
520 3016 592 3069 τὰ
641 3016 740 3086 μὶν
791 3016 985 3086 πρῶτα
1024 3016 1322 3087 Ῥωμαίοις
1362 3017 1653 3069 ἐσπένδετο
1684 3033 1698 3047 ⁸
1755 3020 1876 3070 ἐπεὶ

273 3109 332 3163 δέ
368 3107 727 3171 δανείζεσθαι
776 3110 1043 3178 χρήματα
1078 3110 1211 3178 παρ’
1250 3109 1605 3163 ’Λναστασίου
1658 3111 1874 3179 ᾐτεῖτο,

273 3198 631 3267 ἁπεκρίνατο
663 3199 1051 3267 γραμματεῖον
1094 3200 1270 3249 ποιεῖν
1300 3200 1347 3250 εί
1372 3198 1722 3261 δανείζεσθαι
1757 3199 1876 3266 βού-
1905 3212 1950 3272 c

272 3292 466 3344 λοιτο’
527 3289 579 3340 εἰ
614 3288 661 3340 δ’
716 3288 916 3352 ἄλλως,
949 3289 1059 3341 οὐδ’
1086 3289 1153 3342 ἂν
1197 3290 1293 3342 ἕνα
1336 3290 1623 3359 παρέξειεν
1666 3290 1873 3345 ὀϐολόν.

271 3384 379 3435 Διά
409 3399 498 3434 τοι
534 3380 697 3433 τοῦτο
730 3382 992 3449 Καϐἀδην
1022 3384 1122 3445 τὰς
1159 3383 1391 3444 σπονδὰς
1443 3384 1701 3447 λύσαντα,
1737 3386 1877 3439 κατὰ

283 3474 593 3544 Ῥωμαίων
615 3476 883 3542 ὁρμῆσαι.
919 3475 1090 3527 Ἀστυ
1120 3476 1175 3527 δέ
1201 3494 1254 3528 τι
1290 3476 1494 3545 μεταξὺ
1528 3478 1752 3547 Περσῶν
1787 3482 1880 3531 καὶ

286 3568 476 3622 Ἰνδῶν
512 3567 815 3637 ἐτύγχανεν
849 3566 930 3632 ὃν,
978 3568 1150 3635 δνομα
1197 3563 1264 3638 ἦν
1294 3569 1700 3639 Τζουνδαδάερο
1746 3571 1804 3623 ἐν
1835 3563 1880 3638 ᾧ

274 3662 550 3731 χρήματα
588 3659 819 3712 πλείστα
852 3660 945 3712 καὶ
990 3659 1171 3722 λίθους
1200 3660 1307 3714 τῶν
1334 3663 1621 3730 τιμαλφῶν
1650 3664 1741 3715 καὶ
1762 3662 1879 3715 δια-

275 3752 473 3821 φανῶν
509 3750 705 3821 μαθὼν
738 3751 999 3817 Καϐἀδης
1051 3751 1414 3817 κρύπτεσθαι,
1470 3753 1647 3806 πάντα
1699 3754 1881 3807 κάλων

276 3845 456 3898 ἐκίνει
513 3841 916 3913 χειρώσασθαι.
973 3843 1206 3912 Εῖργετο
1255 3844 1312 3897 δὲ
1343 3845 1595 3914 δαίμοσιν
1632 3846 1882 3913 ἐμποδὼν

276 3936 747 4005 καθισταμένοις,
782 3934 834 3989 οἳ
878 3935 1048 3988 ταῦτα
1078 3938 1348 4005 φρουρεῖν
1381 3936 1595 4005 ἔλαχον.
1643 3938 1793 3990 Ἐπεὶ
1826 3939 1881 3990 δέ

279 4033 472 4084 πᾶσαν
524 4030 631 4098 τὴν
681 4029 956 4099 σφετέραν
994 4030 1334 4097 μαγγανείαν
1373 4029 1683 4099 κεκινηκὼς
1732 4032 1882 4083 οὐδὲν

278 4125 473 4194 ἧνυεν.
506 4118 685 4190 ἁπρλξ
730 4120 840 4173 τῶν
891 4121 1190 4191 δαιμονίων
1242 4121 1521 4192 ἐχομένων
1549 4121 1643 4174 τοῦ
1685 4124 1880 4184 τόπου,

280 4215 372 4267 διὰ
429 4215 547 4267 τῶν
597 4212 877 4266 Ἰουδαίων
934 4213 1318 4283 ἀπεπειρᾶτο·
1357 4212 1612 4265 κάκεῖθεν
1669 4212 1725 4265 δὲ
1787 4211 1883 4265 τοῦ

284 4303 502 4359 σκοποῦ
564 4303 986 4375 διημαρτηκὼς,
1044 4305 1193 4371 εγνω
1235 4303 1323 4356 διὰ
1375 4304 1483 4356 τῶν
1537 4302 1885 4374 Χριστιανῶν

282 4400 496 4461 ἐλθεῖν,
533 4397 868 4450 δυναστείαν
918 4396 1207 4465 εἰληφέναι
1258 4398 1400 4465 σφᾶς
1439 4399 1579 4449 κατὰ
1614 4396 1886 4464 δαιμόνων

283 4488 634 4561 ἁναμαθών·
714 4488 808 4541 καὶ
869 4488 1259 4558 μετεστέλλετο
1281 4489 1371 4541 τὸν
1433 4488 1587 4557 παρὰ
1645 4489 1884 4556 Πέρσαις

1972 1921 2097 1959 cere
2159 1906 2477 1960 consident
2512 1925 2527 1959 :
2567 1908 2681 1978 ipse
2736 1924 2865 1963 vero
2896 1909 3086 1964 habitu
3117 1910 3266 1964 illius
3301 1918 3544 1979 sumpto,

1971 2014 2094 2053 eam
2164 2000 2337 2070 ipsam
2381 2016 2438 2053 se
2470 2018 2590 2055 esse
2619 2002 2787 2071 probe
2820 2003 3185 2067 assimulavit,
3216 2012 3269 2056 et
3296 2002 3545 2059 custodia

1971 2108 2226 2162 egressus
2285 2103 2395 2147 est.
2427 2094 2481 2147 ld
2518 2094 2609 2148 ubi
2679 2094 2903 2159 factum,
2954 2094 3200 2150 Cabades
3236 2094 3546 2151 Seaductu

1976 2186 2073 2256 (ita
2095 2187 2242 2240 enim
2269 2188 2479 2241 amicus
2507 2188 2598 2241 ille
2628 2188 3040 2258 nominabatur)
3062 2204 3226 2258 quam
3255 2189 3547 2243 celerrime

1975 2280 2159 2333 salvus
2194 2280 2260 2331 ad
2305 2280 2690 2347 Nephthalitas
2712 2281 2983 2349 pervenit.
3009 2281 3253 2348 Quorum
3294 2282 3549 2351 princeps

1974 2372 2050 2426 illi
2083 2382 2137 2425 et
2165 2370 2327 2425 filiam
2392 2373 2745 2425 matrimonio
2779 2374 3083 2443 conjunxit,
3132 2384 3186 2428 et
3242 2376 3546 2429 exercitum

1974 2463 2251 2525 attribuit,
2289 2479 2452 2533 quem
2481 2465 2534 2517 in
2596 2465 2812 2529 Persas,
2847 2482 3074 2534 regnum
3111 2480 3271 2519 suum
3323 2480 3551 2536 recupe-

1980 2568 2216 2618 raturus,
2250 2558 2497 2611 duceret.
2529 2559 2774 2613 Cabades
2817 2560 2907 2613 uhi
2965 2561 3156 2615 Persas
3190 2570 3393 2630 praeter
3452 2575 3550 2615 ex-

1980 2650 2384 2717 spectationem
2463 2650 2961 2719 subitoaggressus
3003 2660 3107 2716 est,
3139 2668 3369 2721 regnum
3398 2652 3553 2707 nullo

1980 2754 2149 2806 prope
2210 2740 2393 2793 labore
2455 2743 2696 2809 recepit:
2773 2742 2995 2796 fratrem
3101 2744 3318 2798 Blasum
3383 2746 3551 2813 cepit,

1977 2832 2293 2895 esca-cavit,
2323 2844 2378 2885 et
2432 2835 2637 2886 carceri
2674 2834 2893 2889 inclusit
2935 2854 2947 2899 ;
2986 2846 3041 2889 et
3090 2836 3235 2907 quod
3306 2836 3556 2892 Cabades

1978 2922 2066 2974 vir
2124 2937 2285 2992 sagax
2326 2933 2490 2992 atque
2544 2925 2851 2980 industrius
2886 2935 3052 2993 esset,
3102 2943 3329 2998 regnum
3362 2940 3552 2997 postea

1981 3033 2144 3087 quam
2208 3020 2479 3074 tutissime
2504 3019 2703 3074 tenuit.
2734 3020 2797 3074 Et
2862 3037 3009 3076 anno
3050 3022 3554 3077 administrationis

1982 3124 2094 3163 sua:
2128 3110 2422 3164 undecimo
2447 3114 2912 3181 pacem'primum
2948 3129 3075 3168 cum
3105 3115 3367 3169 Romanis
3404 3115 3553 3169 fecit:

1984 3198 2183 3254 deinde
2258 3217 2408 3266 vero,
2481 3202 2570 3255 ubi
2644 3214 2890 3257 mutuam
2954 3205 3022 3258 ab
3070 3206 3358 3260 Anastasio
3390 3221 3556 3274 pecu-

1986 3290 2131 3343 niam
2158 3290 2409 3360 accipere
2431 3292 2622 3355 voluit,
2655 3302 2816 3361 atque
2834 3294 3155 3349 Anastasius
3175 3297 3223 3349 ei
3245 3296 3554 3365 respondit,

1984 3382 2258 3437 cautionis
2328 3384 2693 3453 syngrapham
2726 3400 2874 3449 eum,
2904 3386 2949 3439 si
2979 3387 3269 3455 pecuniam
3298 3390 3550 3457 recipere

1985 3474 2169 3539 vellet,
2230 3474 2363 3528 dare
2427 3475 2645 3538 debere,
2674 3474 2882 3545 absque
2935 3493 2999 3531 ea
3030 3492 3097 3531 ne
3133 3494 3301 3532 unum
3330 3480 3551 3547 quidem

1985 3565 2211 3619 obolum
2270 3576 2626 3635 accepturum
2670 3581 2824 3621 esse:
2875 3582 2996 3622 eam
3032 3569 3105 3623 ob
3156 3585 3377 3625 causam
3407 3572 3560 3638 pacis

1988 3657 2166 3711 {cadus
2194 3660 2361 3725 rupit,
2384 3666 2440 3712 et
2466 3659 2731 3712 adversus
2761 3660 3038 3714 Romanos
3064 3660 3267 3715 bellum
3289 3663 3553 3731 suscepit.

1983 3752 2131 3805 inter
2154 3750 2430 3803 Persidem
2454 3762 2507 3803 et
2534 3750 2741 3804 Indiam
2762 3752 3021 3821 oppidum
3047 3752 3168 3815 fuit,
3195 3753 3559 3809 Tzundadaer

1985 3845 2232 3896 nomine.
2288 3842 2345 3895 ln
2382 3857 2447 3896 eo
2472 3842 2723 3897 Cabades
2774 3845 3065 3897 maximam
3122 3847 3368 3914 pecunia:
3422 3847 3555 3911 vim,

1988 3937 2368 4005 pretiososque
2407 3945 2461 3989 et
2495 3937 2801 4003 pellucidos
2840 3937 3056 4007 lapillos
3106 3938 3249 3992 clam
3282 3940 3557 3993 asservari

1984 4021 2274 4082 intellexit.
2310 4027 2401 4081 Eis
2433 4035 2491 4079 ut
2517 4042 2622 4078 una
2665 4043 2787 4081 cum
2827 4030 3031 4097 oppido
3092 4029 3385 4097 potiretur,
3421 4030 3559 4084 nihil

1987 4118 2321 4171 intentatum
2378 4117 2638 4186 reliquit:
2668 4122 2761 4172 sed
2798 4133 2909 4187 quo
2943 4118 3128 4173 minus
3167 4120 3315 4189 quod
3341 4120 3559 4174 volebat

1983 4207 2249 4275 efliceret,
2274 4207 2575 4269 daemones,
2606 4211 2699 4277 qui
2754 4208 3079 4262 thesaurum
3112 4225 3249 4275 eum
3277 4210 3559 4264 custodie-

1987 4298 2140 4365 bant,
2171 4299 2457 4354 obstitere.
2482 4299 2549 4352 Et
2579 4307 2876 4368 postquam
2901 4299 3152 4355 Persicas
3205 4302 3563 4354 evocationes

1985 4401 2041 4447 et
2071 4392 2411 4460 imposturas
2438 4401 2717 4459 expertus,
2741 4392 3083 4446 daemonibus
3106 4393 3358 4447 videlicet
3376 4393 3559 4448 locum

1986 4500 2111 4539 eum
2137 4483 2448 4537 ﬁrmissime
2466 4483 2862 4549 obtinentibus,
2883 4485 3017 4537 nihil
3074 4485 3203 4554 egit,
3226 4500 3323 4550 per
3345 4484 3567 4540 Iudaeos

286 4582 649 4656 Χριστιανῶν
676 4582 1015 4635 ἐπίσκοπονο
1061 4580 1119 4643 ὃς
1164 4582 1256 4634 ἐπὶ
1296 4580 1455 4635 τοῦτο
1503 4580 1721 4643 σύναξιν
1753 4584 1885 4650 ὁμο·
1919 4566 1961 4620 9

1919 4566 2101 4631 Drem
2155 4577 2414 4645 expedire
2464 4592 2757 4646 aggressus
2817 4586 2949 4643 est;
2983 4586 3145 4661 atque
3199 4577 3291 4631 ubi
3342 4594 3439 4648 per
3463 4596 3564 4633 eos

286 4679 481 4746 φύλων
511 4673 859 4743 πεποιηκὼς,
913 4674 1008 4727 καὶ
1042 4672 1332 4743 μετασχὼν
1377 4674 1486 4727 τῶν
1524 4674 1684 4725 θείων
1726 4675 1887 4740 ἁγια-

288 4772 545 4836 σμάτων,
589 4766 856 4836 μεταδούς
881 4783 940 4818 τε
967 4766 1174 4819 τούτων
1201 4767 1296 4819 καὶ
1323 4770 1437 4829 τοῖς
1473 4765 1714 4820 συνιοῦσι
1752 4768 1887 4835 Χρι-

287 4862 558 4923 στιανοῖς,
601 4856 683 4927 τῷ
724 4863 821 4910 τοῦ
861 4856 1101 4927 σταυροῦ
1153 4859 1371 4927 σημείῳ
1404 4859 1531 4919 τοὺς
1583 4857 1889 4926 ἐμφιλοχω-

1158 4952 1254 5003 καὶ
1284 4950 1463 5001 πόνων
1492 4949 1620 5001 ἄνευ
1660 4948 1889 5018 Καϐαδῃ

224 4960 241 4967 ’
283 4953 530 5022 ροῦντας
578 4949 787 5020 ἧλαυνε
818 4949 1082 5018 δαίμονας
1106 4964 1121 4979 ⁶

277 5041 345 5092 τὸ
370 5039 518 5092 ἄστυ
579 5036 750 5096 εὐθὺς
790 5035 1100 5105 παρεδίδου.
1150 5038 1215 5089 Ὀ
1264 5036 1403 5103 δῆτα
1454 5036 1827 5101 καταπλαγεὶς
1860 5040 1887 5087 ὁ

284 5133 539 5201 Πέρσης,
572 5128 770 5200 πρώτῃ
791 5128 1037 5199 καθέδρᾳ⁵
1068 5129 1160 5181 τὸν
1197 5129 1301 5179 τῶν
1336 5127 1682 5197 Χριστιανῶν
1722 5128 1886 5195 ἐτίμα

281 5226 644 5288 ἐπίσκοπον,
701 5221 833 5291 ἄχρι
886 5221 1010 5274 τότε
1084 5219 1356 5273 Ἰουδαίων
1411 5222 1503 5273 καὶ
1562 5220 1885 5289 Μανιχαίων

282 5314 778 5385 προηγουμένων
833 5313 989 5367 ἐνθεν
1020 5331 1102 5367 τοι
1150 5317 1246 5366 καὶ
1278 5314 1411 5365 πᾶσι
1438 5315 1545 5375 τοῖς
1577 5313 1889 5381 Χριστιανί-

278 5410 401 5473 ζειν
435 5409 704 5460 ἐθέλουσι
734 5405 830 5459 τοῦ
861 5406 1050 5460 λοιποῦ
1081 5407 1267 5460 ἄδειαν
1300 5410 1527 5475 παρεῖχε
1553 5422 1566 5435 θ
1621 5408 1889 5474 πρῧτερον

1989 4685 2211 4740 (ιιιοιιυε
2244 4671 2444 4737 optatis
2483 4671 2734 4736 votisque
2767 4670 2881 4723 sutis
2921 4671 3129 4739 potitus
3157 4686 3266 4724 non
3323 4682 3429 4737 est,
3459 4688 3562 4741 per

1988 4761 2338 4816 Christianos
2372 4764 2590 4817 tandem
2647 4779 2705 4817 se
2756 4764 2904 4831 quod
2958 4765 3263 4817 conabatur
3289 4764 3566 4818 facturum

1991 4868 2111 4908 esse
2137 4855 2435 4909 arbitratus
2458 4865 2562 4914 est.
2584 4870 2728 4924 quos
2748 4855 3018 4909 adversus
3065 4856 3346 4910 daemones
3374 4869 3560 4924 potes-

1996 4956 2162 5002 tatem
2196 4948 2472 5015 recepisse
2531 4948 2844 5002 audiverat.
2880 4948 3064 5017 ltaque
3092 4946 3575 5009 Christianorum,

1995 5042 2090 5110 qui
2158 5040 2302 5108 apud
2363 5040 2557 5093 Persas
2584 5050 2723 5104 erat,
2753 5041 3071 5108 episcopum
3113 5039 3179 5093 ad
3220 5055 3277 5093 se
3302 5039 3516 5092 vocavit
3546 5056 3567 5103 ;

1994 5130 2090 5197 qui
2146 5142 2209 5181 ea
2253 5128 2319 5181 de
2344 5144 2503 5181 causa
2537 5129 2723 5198 synaxi
2757 5139 2812 5182 et
2863 5139 3141 5182 conventu
3190 5129 3572 5183 ecclesiastico

1995 5220 2344 5288 popularium
2384 5238 2606 5273 suorum
2668 5233 2881 5284 coacto,
2932 5221 3215 5273 etdiviuis
3253 5220 3568 5273 sanctiﬁca-

1999 5312 2241 5364 tiouihus
2295 5313 2597 5381 perceptis,
2630 5312 2951 5380 eisdemque
2984 5311 3313 5366 Christianis
3361 5314 3451 5381 qui
3491 5314 3573 5366 ibi

1993 5415 2368 5457 convenerant
2423 5407 2584 5465 datis.
2645 5406 2801 5473 signo
2837 5406 3017 5459 erucis
3077 5406 3169 5474 qui
3224 5386 3406 5459 locuin
3439 5422 3571 5459 eum

280 5502 577 5566 κολάζων,
598 5498 676 5559 ὡς
722 5504 817 5551 καὶ
861 5499 1096 5562 πολλοὺς
1127 5500 1235 5550 τῶν
1268 5500 1596 5569 φωνητιλῶν
1640 5500 1893 5567 ἀιραιρεῖν

1996 5496 2310 5549 incolebant
2342 5497 2622 5550 daemones
2652 5499 2854 5566 exegit,
2891 5509 2946 5551 et
2968 5498 3203 5551 Cabadte
3233 5491 3418 5551 statim
3446 5499 3571 5552 sine

275 5596 585 5662 ὁργάνωνθ
623 5591 675 5643 οἶ
719 5592 925 5659 καίτερ
979 5591 1151 5653 οὕτως
1196 5590 1436 5660 ἔχοντες,
1477 5590 1732 5661 καθαρῶς
1776 5592 1900 5642 διω-

1899 5622 1900 5625 η
1998 5590 2185 5642 labore
2209 5590 2324 5642 ullo
2352 5592 2616 5659 oppidum
2659 5591 2902 5643 tradidit.
2934 5590 3049 5655 Qua
3089 5606 3147 5645 re
3176 5598 3575 5645 consternatus

280 5690 486 5757 μίλουν
519 5684 673 5739 καθὰ
708 5686 801 5735 καὶ
833 5684 1102 5753 πρότερον
1138 5684 1412 5750 λέγοντες.

2000 5682 2182 5743 Persa,
2223 5682 2382 5751 715
2424 5686 2602 5750 primo
2630 5683 2891 5737 subsellio
2945 5685 3267 5752 episcopum
3294 5681 3570 5737 Christia-

271 5799 491 5839 norum
524 5780 944 5844 cohonestavit,
986 5794 1112 5831 cum
1136 5776 1277 5831 adid
1306 5792 1479 5846 usque
1519 5787 1735 5845 tempus
1784 5774 1959 5830 Judaei
2024 5786 2077 5827 et
2141 5774 2417 5830 Manichaei
2495 5778 2653 5829 sedes
2686 5777 2976 5843 primarias
3018 5776 3404 5830 obtinuissent.
3468 5776 3569 5829 At-

272 5898 399 5954 que
432 5880 500 5935 ab
530 5894 601 5935 eo
620 5887 897 5947 tempore,
925 5887 984 5931 ut
1016 5877 1280 5937 deinceps
1301 5875 1621 5944 quicunque
1654 5873 1876 5939 vellent,
1919 5872 2358 5926 Christianorum
2432 5890 2583 5928 sacra
2614 5874 2889 5938 colerent,
2962 5881 3290 5939 potestatem
3329 5870 3569 5925 liberam
