4244 6438
279 450 383 532 201

876 571 1125 626 ΚΙΞΦΑΛ.
1159 573 1288 627 AII'.

284 689 425 754 Περὶ
453 688 560 752 τῆς
601 690 962 759 τυραννίδος
1014 692 1378 744 Βιταλιανοῦ
1407 711 1421 723 ο
1465 694 1559 744 καὶ
1598 695 1727 759 περὶ
1763 695 1878 748 τῶν

358 761 631 820 Θῦν-νων,
673 760 732 832 of
780 758 901 832 τῶν
956 762 1246 832 Κασπιῷν
1301 763 1514 814 πυλῶν
1548 758 1873 832 ὦρμίησαν·

357 832 455 880 καὶ
490 829 624 895 περὶ
663 829 771 895 τῆς
807 829 1007 894 νήσου
1054 831 1287 884 Ῥόδου.

359 963 471 1015 Καί
494 981 578 1025 τις
614 963 657 1014 δ’
691 963 878 1032 ἔτερος
901 966 999 1032 τῆς
1021 963 1242 1035 Θρᾴκης
1260 967 1606 1036 ὁρμώμενος.
1628 970 1878 1021 Βιταλια-

282 1057 369 1117 νὸς
391 1055 591 1123 ὄνομα,
638 1055 1002 1109 ἐπανίσταται
1032 1056 1109 1124 τῷ
1151 1059 1491 1129 Ἀναστασίῳ
1519 1078 1533 1091 ·
1576 1061 1636 1123 δς
1666 1061 1735 1114 τὰ
1771 1063 1878 1114 τῶν

282 1149 526 1217 Θρᾳκῶν
553 1149 934 1218 δῃωσὰμενος,
982 1150 1080 1202 ἀπ’
1123 1150 1384 1204 Ὀδυσσοῦ
1440 1155 1536 1205 καὶ⁸
1587 1155 1876 1222 Ἀγχιάλου

281 1241 635 1309 ἀρξάμενος.
688 1240 787 1310 τὴν
852 1240 1130 1308 βασίλειον
1171 1243 1329 1296 πόλιν
1388 1245 1530 1297 ἑλεῖν
1589 1246 1873 1313 ἠπείγετο,

283 1333 748 1422 ἁπτὰθμητὸνέτι
817 1333 1023 1398 πλῆθος
1081 1334 1303 1389 Οὗννων
1367 1338 1873 1407 προσεπαγόμενος.

285 1424 574 1491 Πεμφθεὶς
609 1423 651 1474 δ’
695 1423 957 1485 ’Υπάτιος
984 1429 1290 1497 στρατηγὸς
1323 1429 1423 1491 τὰς
1455 1430 1545 1481 ἐπὶ
1577 1433 1642 1482 τὰ
1686 1432 1878 1500 πρόσω

282 1515 481 1562 τούτου
537 1514 889 1565 ἀναστέλλειν
955 1517 1159 1585 ὁρμὰς,
1211 1519 1328 1586 ἦλω
1382 1521 1577 1589 τούτῳ,
1628 1523 1734 1574 ὑπὸ
1765 1525 1877 1575 τῶν

282 1604 516 1654 οἰκείων
550 1605 1001 1672 κατα-προδοθείς.
1048 1608 1208 1661 ’Λλλὰ
1242 1611 1454 1680 λύτροις
1491 1613 1750 1682 μεγάλοις
1775 1615 1876 1684 βα-

286 1696 474 1759 σιλεὺς
502 1698 693 1749 τοῦτον
738 1704 954 1753 ὠνεῖτο.
1008 1703 1278 1772 Κύριλλος
1304 1704 1361 1756 δὲ
1404 1705 1502 1774 τὴν
1536 1710 1874 1776 στρατηγίαν

285 1790 606 1858 ἐλάμϐανεν
630 1810 644 1824 ·
679 1796 1016 1863 ἀγχωμάλου
1056 1795 1111 1848 δὲ
1140 1799 1238 1865 τῆς
1268 1797 1447 1866 μάχης
1474 1800 1871 1870 γεγενημένης.

290 1882 391 1932 καὶ
424 1883 628 1946 πολλὰς
657 1890 755 1948 τὰς
786 1889 994 1956 τροπὰς
1025 1888 1119 1938 καὶ
1147 1888 1310 1939 πάλιν
1336 1888 1548 1952 διώξεις
1578 1891 1872 1959 λαὸοὐσης,

285 1976 354 2041 τῇ
393 1976 654 2047 ῥᾳστώνῃ
703 1981 814 2032 τῶν
849 1981 940 2033 ὑπ’
973 1981 1138 2032 αὑτὸν
1189 1981 1394 2050 καίπερ
1437 1982 1531 2034 τοῦ
1564 1983 1878 2052 στρατηγοῦ

283 2067 346 2118 τὸ
369 2068 536 2120 πλέον
562 2072 879 2139 ἐσχηκότος,
910 2073 1060 2138 ὅμως
1085 2076 1178 2125 καὶ
1199 2073 1372 2136 οὕτως
1394 2074 1509 2143 ἥλω
1533 2091 1545 2104 ·
1582 2075 1678 2126 καὶ
1706 2075 1880 2135 οὓτως

281 2163 311 2211 ὁ
374 2161 645 2230 τύραννος
733 2166 857 2232 ἄχρι
916 2169 1013 2217 καὶ
1098 2167 1206 2216 τῶν
1281 2167 1471 2218 Συκῶν
1534 2167 1634 2234 τὴν
1695 2167 1880 2219 ἔλασιν

281 2256 556 2320 ἐποιεῖτο,
618 2257 762 2326 δῃῶν
824 2257 1000 2311 πάντα
1069 2259 1164 2311 καὶ
1218 2259 1457 2328 ἀφανείᾳ
1509 2260 1873 2328 παραδιδούς·

283 2349 375 2400 ἐπ’
439 2349 625 2400 ἐλπίσι
649 2366 708 2401 τε
743 2350 1014 2417 μεγάλαις
1057 2349 1156 2415 ὢν,
1211 2352 1305 2402 καὶ
1347 2351 1445 2420 τὴν
1486 2351 1734 2420 βασιλίδα
1771 2352 1879 2404 τῶν

289 2440 508 2490 πόλεων
540 2442 1023 2510 παραστήσεσθαι,
1072 2444 1169 2496 καὶ
1200 2441 1298 2511 τὴν
1338 2445 1510 2512 ἀρχὴν
1553 2447 1871 2514 εί>.ηφέναι⁶

284 2525 350 2582 οὗ
395 2531 539 2599 δῆτα
575 2534 979 2601 ἐσκηνημένοι),
1012 2535 1260 2604 Μαρίνος
1289 2537 1316 2588 ὀ
1369 2537 1540 2604 Σύρος
1587 2538 1870 2590 ἐστέλλετο

289 2625 420 2677 κατ’
447 2625 617 2676 αὑτοῦ
645 2629 805 2695 νηΐτῃ
843 2628 1059 2695 στρατῷ
1110 2628 1410 2694 συμόαλεῖν
1460 2630 1634 2699 αὐτῷ.
1673 2631 1880 2699 ’Λμφω

285 2717 386 2769 οὖν
410 2717 488 2768 τὼ
522 2718 741 2785 στρατὼ
774 2720 1040 2781 συνιόντε,
1069 2719 1413 2789 ἀνεκώχευον
1437 2721 1670 2784 ἔκπλους
1696 2728 1880 2774 ποιού-

289 2827 449 2877 μενοι
472 2827 484 2839 '
519 2811 918 2880 ἀκροδολισμοί
952 2830 1010 2865 τε
1045 2814 1248 2879 μεταξὺ
1297 2819 1410 2867 τοῖν
1441 2816 1586 2867 δυοῖν
1619 2817 1876 2882 ἐγίνοντο.

290 2906 405 2956 Καὶ
456 2904 526 2973 δὴ
580 2908 711 2969 περὶ
764 2908 830 2958 τὰ
885 2906 1197 2975 καλούμενα
1262 2909 1503 2978 Βυοάρια
1571 2913 1878 2979 ναυμαχίας

290 2999 582 3065 καρτερᾶς
619 2999 917 3066 συστάσης,
943 3000 1260 3069 ἀνακράτος
1288 3001 1549 3070 πρύμναν
1573 3005 1881 3071 κρουσάμε-

291 3104 410 3148 νος,
475 3089 677 3152 ἔφευγε
732 3087 1070 3156 Ιῖιταλιανὸς,
1107 3092 1177 3143 τὰ
1223 3093 1396 3144 πολλὰ
1451 3096 1550 3160 τῆς
1599 3095 1879 3164 δυνάμεως

289 3179 647 3246 διαφθείρας.
700 3181 926 3250 Ἐπίοης
952 3182 1004 3233 δὲ
1045 3183 1139 3236 καὶ
1174 3184 1223 3236 οἱ
1255 3186 1394 3254 ἀμφ’
1423 3186 1586 3238 αὑτὸν
1614 3186 1876 3256 ἔφευγον·

1218 455 1816 515 ECCI.ESIASTIC.»'E
1851 454 2235 515 HISTORUE
2281 460 2420 522 LIB.
2467 462 2618 522 XVI.

1903 579 1950 630 Λ

3450 466 3559 533 202

2481 578 2707 632 CAPUT
2758 577 3043 635 XXXVIII.

1991 689 2061 740 De
2089 692 2370 765 tyrannide
2409 690 2688 747 Vilnliaui.
2717 692 2788 745 Dc
2816 697 3045 757 "armis,
3079 695 3168 763 qui
3200 711 3264 749 ea:
3298 699 3554 765 angustiis

2146 761 2347 828 Caspiis
2379 774 2758 831 proruperunt,
2787 775 2834 816 et
2879 768 2941 817 de
2985 761 3160 820 insula
3198 761 3396 820 Rhodo.

2059 959 2346 1028 Tyrannus
2402 960 2532 1016 item
2573 962 2734 1027 alius,
2796 965 3021 1018 natione
3079 965 3284 1030 Thrax,
3334 967 3558 1020 nomine

1985 1053 2313 1116 Vitalianus,
2375 1054 2577 1108 bellum
2603 1057 2888 1110 Anastasio
2918 1057 3141 1112 intulit:
3198 1060 3289 1126 qui
3322 1059 3555 1113 Thracia

1985 1144 2053 1196 ab
2119 1144 2419 1215 Ulyssopoli
2484 1157 2541 1200 et
2605 1147 2873 1202 Anchialo
2903 1159 3112 1204 vastata
3145 1192 3158 1215 ,
3193 1151 3551 1219 imperantem

1984 1248 2205 1303 quoque
2231 1236 2421 1290 urbem
2441 1253 2638 1307 capere
2669 1251 2754 1294 est
2791 1250 3045 1302 conatus,
3077 1257 3269 1312 vagam
3327 1242 3554 1297 Hunno-

1986 1341 2103 1377 rum
2138 1326 2543 1382 multitudinem
2570 1346 2761 1384 secum-
2788 1331 3014 1386 ducens.
3069 1333 3346 1388 Adversus
3392 1349 3553 1402 quem

1986 1413 2248 1483 Hypatius
2307 1417 2436 1482 dux,
2473 1429 2533 1472 ut
2585 1421 2877 1489 imperium
2930 1437 3390 1491 progressumque
3435 1425 3554 1492 ejus

1987 1517 2315 1570 moraretur,
2339 1511 2558 1574 missus,
2591 1527 2621 1564 a
2645 1512 2759 1565 suis
2806 1515 3080 1581 proditus,
3116 1527 3172 1569 et
3217 1517 3285 1568 ab
3317 1516 3410 1570 illo
3470 1533 3556 1570 ca-

1989 1606 2139 1665 ptus,
2174 1599 2488 1669 ingentique
2524 1603 2755 1671 pecunia
2783 1604 2852 1658 ab
2883 1606 3210 1674 imperatore
3242 1608 3558 1678 redemptus

1984 1702 2086 1744 est.
2131 1690 2370 1760 Cyrillus
2399 1694 2598 1748 deinde
2653 1696 2830 1763 copiis
2862 1697 3195 1752 militaribus
3222 1700 3456 1768 praefuit.
3488 1699 3555 1753 Et

1983 1797 2107 1835 cum
2157 1799 2316 1852 aequo
2373 1797 2546 1840 marte
2599 1799 2899 1857 pugnatum
2957 1801 3122 1851 esset.
3163 1802 3219 1845 et
3264 1793 3557 1860 aliquoties

1987 1888 2132 1927 nunc
2165 1876 2216 1927 hi
2269 1894 2414 1930 nunc
2447 1880 2825 1948 illifugissent,
2862 1892 2915 1934 et
2954 1883 3110 1938 alteri
3178 1886 3380 1940 alteros
3405 1887 3551 1941 inse-

1985 1969 2095 2018 cuti
2177 1968 2430 2031 fuissent,
2490 1985 2586 2038 per
2661 1975 2968 2028 socordiam
3016 1992 3266 2042 suorum,
3303 1980 3554 2047 quamvis

1985 2058 2099 2126 ipse
2159 2061 2265 2114 dux
2319 2063 2568 2117 hostibus
2602 2069 2857 2135 superior
2921 2079 3071 2123 esset
3104 2087 3116 2122 :
3145 2079 3327 2124 tamen
3368 2072 3555 2139 etipse

1985 2149 2038 2202 in
2068 2164 2391 2219 potestatem
2434 2157 2653 2211 illorum
2685 2163 2956 2227 pervenit,
3023 2173 3193 2231 atque
3219 2164 3292 2216 ita
3365 2172 3552 2233 tyran-

1983 2259 2088 2296 nus
2126 2260 2298 2312 usque
2351 2247 2415 2299 ad
2448 2247 2606 2302 Ficos
2643 2251 2809 2318 ipsas,
2845 2254 2981 2306 locis
3035 2254 3296 2307 omnibus
3330 2259 3556 2308 vastatis

1983 2345 2146 2404 atque
2173 2339 2401 2402 eversis,
2437 2345 2721 2408 pervenit:
2755 2345 2960 2412 ingenti
3010 2345 3096 2398 illa
3130 2361 3227 2415 spe
3265 2357 3551 2414 concepta,

1986 2427 2349 2496 imperantem
2424 2446 2643 2516 queque
2706 2436 2900 2488 urbem
2954 2452 3010 2490 se
3038 2449 3554 2509 capturum.atqnc

1984 2520 2271 2588 imperium
2303 2532 2648 2592 arrepturum
2678 2541 2821 2580 esse.
2845 2529 3007 2597 717
3030 2530 3127 2584 Ubi
3164 2531 3467 2586 Vitalianus
3491 2537 3554 2585 ad

1983 2611 2142 2664 Fieos
2171 2623 2347 2666 castra
2382 2616 2584 2683 posuit,
2614 2615 2879 2669 Marinum
2913 2619 3107 2689 Syrum
3136 2621 3404 2677 adversus
3432 2640 3554 2677 eum

1983 2704 2279 2771 imperator
2295 2721 2417 2760 cum
2445 2710 2619 2775 copiis
2652 2711 2941 2765 maritimis
2975 2715 3158 2768 misit:
3192 2724 3247 2769 et
3279 2733 3404 2772 cum
3456 2733 3556 2772 cx-

1983 2798 2190 2851 ercitus
2244 2800 2468 2868 utrique
2510 2817 2616 2854 non
2664 2803 2827 2871 longe
2876 2807 3019 2859 inter
3049 2822 3106 2861 se
3149 2810 3428 2875 abessent,
3487 2813 3539 2865 in

1985 2892 2158 2945 aciem
2222 2907 2331 2946 non
2367 2893 2797 2957 descenderunt,
2833 2898 2926 2952 sed
2968 2899 3108 2954 levia
3136 2904 3551 2972 tantumpraelia

1983 2986 2406 3038 commiserunt.
2460 2986 2704 3040 Tandem
2751 3005 2884 3044 vero
2915 2991 2982 3044 ad
3016 3008 3078 3045 ea
3113 3009 3235 3062 qua:
3287 3005 3556 3050 vocantur

1985 3074 2264 3144 Bytharia,
2296 3078 2473 3130 navali
2506 3095 2684 3146 pugna
2719 3081 2861 3134 inter
2883 3098 2942 3136 se
2968 3087 3248 3153 congressi
3276 3129 3290 3146 .
3328 3088 3556 3140 Vitalia-
3618 3128 3623 3136 .

1985 3181 2090 3220 nus
2120 3175 2270 3221 retro
2300 3177 2419 3222 acta
2451 3171 2598 3232 navi,
2633 3187 2796 3239 quam
2829 3176 3064 3228 maxima
3122 3178 3314 3243 potuit.
3357 3181 3556 3234 celeri-

286 3271 471 3332 οὕτως
505 3273 696 3337 ὀξέως,
723 3274 800 3336 ῶς
854 3278 920 3343 τῇ
957 3277 1192 3347 ἐπιούσῃ
1230 3277 1436 3346 μηδένα
1461 3278 1572 3330 τῶν
1600 3280 1877 3348 πολεμίων

1987 3267 2120 3321 tate,
2159 3260 2334 3328 c0piis
2358 3262 2471 3315 suis
2509 3278 2700 3331 magna
2763 3280 2829 3318 ex
2885 3277 3041 3334 parte
3098 3271 3337 3334 amissis,
3384 3272 3554 3340 fugit:

289 3365 435 3430 μήτε
469 3365 604 3432 περὶ
642 3365 739 3434 τὴν
784 3368 940 3418 πόλιν
975 3370 1117 3437 μήτε
1167 3369 1274 3439 μὴν
1309 3371 1439 3439 περὶ
1486 3372 1548 3421 τὸ
1605 3371 1877 3424 ἀνάπλουν

287 3457 478 3517 ποσῶς
534 3455 856 3524 εὑρεοῆνσιι.
887 3459 1205 3512 Βιταλιανδν
1235 3461 1278 3512 δ’
1307 3462 1362 3520 ὲς
1390 3461 1676 3528 ’Λγχίαλον
1699 3461 1877 3531 βραχὺ

282 3546 684 3614 διατρίψαντα,
713 3548 905 3600 ἔπειτα
928 3551 1283 3619 παυσάμενον
1307 3555 1616 3620 τυραννεῖν,
1647 3553 1879 3620 ἡσυχίαν

286 3641 452 3706 ἄγειν
482 3640 682 3690 ἐκεντα
716 3628 1015 3708 αίρεῖσοαί.
1051 3643 1161 3695 Καὶ
1182 3642 1311 3696 ἄλλο
1339 3644 1392 3695 δὲ
1427 3644 1581 3709 γένος
1622 3644 1879 3696 Οὑννικδν

288 3732 389 3798 τὴν
437 3732 738 3798 Ῥωμαίων
777 3734 1095 3802 ἐπέδραμεο
1131 3736 1592 3805 περαιωσάμενον
1640 3736 1749 3805 γὰρ
1781 3737 1878 3798 τὰς

285 3823 555 3882 Κασπίας
605 3823 806 3887 πύλας,
865 3825 963 3892 τὴν
997 3825 1070 3876 ἕω
1111 3825 1417 3895 διῆλθενοὴ
1454 3827 1508 3877 δὲ
1548 3825 1721 3887 Ῥόδος
1778 3828 1878 3880 ἀνὰ

279 3917 376 3964 τὸν
404 3915 575 3966 αὐτὸν
599 3917 790 3984 χρόνον
821 3918 1004 3984 τρίτον
1055 3917 1159 3987 ἤδη
1196 3919 1404 3986 σεισμῷ
1436 3917 1705 3970 πέπονθεν
1729 3919 1877 3983 ἐξαι-

284 4006 390 4076 σίῳ
423 4005 604 4068 πὰοος
637 4007 804 4059 ταὺτὸ
838 4009 1028 4070 νυκτὸς
1061 4011 1119 4060 ὲν
1138 4008 1216 4080 τῷ
1239 4010 1599 4081 ποῤῥωτὰτῳ.

890 4256 932 4306 Κ
946 4253 1146 4308 ΕΦΑΛ.
1176 4255 1304 4309 Λεγ.

283 4371 434 4438 Περὶ
479 4370 591 4422 τοῦ
625 4371 872 4436 Μακροῦ
899 4372 1233 4438 λεγομένου
1265 4371 1511 4440 τείχους
1533 4371 1565 4423 ὃ
1593 4371 1880 4424 Ἀναστά-

355 4458 499 4503 mor;
529 4440 778 4492 ἔκτισεν
834 4441 953 4492 ἀπὸ
983 4440 1089 4492 τοῦ
1129 4443 1425 4506 Εὐξείνου
1460 4446 1692 4494 Πόντου
1743 4441 1880 4509 ἄχρι

354 4509 475 4576 τῆς
508 4512 768 4576 Θρᾳκίας
794 4511 1138 4575 θαλάσσης.

1987 3367 2220 3419 eumque
2273 3354 2357 3405 sui
2415 3364 2560 3408 tanta
2634 3356 2920 3412 velocitate
2976 3369 3105 3412 sunt
3151 3367 3457 3428 consecuti,
3496 3372 3556 3417 ut

1989 3454 2208 3511 postero
2262 3444 2350 3500 die
2403 3447 2588 3502 nullus
2620 3464 2844 3516 prorsus
2900 3451 3078 3506 hostis
3114 3454 3196 3507 vel
3224 3459 3289 3508 ad
3337 3457 3553 3518 urbem,

1987 3536 2072 3588 vel
2125 3535 2192 3589 ad
2251 3539 2538 3592 transitum
2571 3550 2881 3609 appareret.
2939 3544 3245 3600 Vitalianus
3295 3548 3550 3603 Anchiali

1987 3627 2265 3696 paulisper
2289 3637 2553 3692 moratus,
2581 3633 2930 3699 tyrannidem
2963 3646 3155 3703 postea
3213 3638 3459 3707 reliquit,
3499 3650 3557 3693 et

1988 3733 2084 3771 sua
2117 3730 2310 3787 sponte
2343 3723 2565 3788 quietus
2611 3724 2734 3777 fuit.
2782 3726 2944 3780 Aliud
2973 3743 3195 3798 quoque
3226 3732 3549 3785 Hunnorum

1989 3826 2181 3880 genus.
2230 3812 2445 3881 Caspiis
2494 3816 2762 3883 angustiis
2831 3823 3128 3887 superatis,
3183 3823 3554 3878 Romanorum

1987 3905 2249 3957 ditionem
2311 3906 2378 3958 ad
2431 3906 2714 3962 Orientem
2766 3921 3091 3965 vastarunt:
3148 3923 3203 3966 ct
3234 3916 3460 3970 Rhodus
3487 3932 3554 3970 eo

1987 4007 2232 4067 tempore
2268 4001 2491 4052 tertimn
2556 4002 2721 4054 etiam
2783 4004 3108 4073 intempesta
3176 4020 3335 4063 nocte
3370 4021 3555 4064 terra:-

1989 4098 2140 4143 motu
2171 4089 2372 4160 ingenti
2389 4103 2641 4155 quassata
2669 4103 2775 4148 est.

2515 4249 2738 4306 CAPUT
2780 4252 3024 4309 XXXIX.

1989 4362 2064 4416 De
2095 4380 2245 4440 muro
2274 4366 2358 4440 cui
2399 4381 2583 4440 nomen
2612 4368 2832 4440 Longo,
2883 4389 3036 4440 quem
3076 4349 3393 4432 Andalusia:
3435 4399 3557 4434 con-

2055 4436 2269 4495 struxit,
2301 4437 2364 4487 ab
2389 4435 2558 4490 Ponto
2595 4435 2803 4493 Euxino
2824 4435 2903 4493 ad'
2922 4443 3196 4499 Thraciam
3229 4463 3389 4517 usque
3413 4469 3558 4505 mare

2052 4515 2372 4568 porrectum.

359 4648 578 4715 Ἔργον
602 4646 659 4698 δέ
689 4664 740 4698 τι
775 4649 1036 4713 μέγιστον
1069 4650 1164 4699 καὶ
1202 4649 1527 4716 περιφανὲς,
1562 4652 1789 4720 μνήμης
1819 4667 1877 4703 τε

2055 4646 2376 4698 Anastasius
2429 4645 2573 4700 idem
2625 4663 2764 4717 opus
2851 4650 3146 4704 maximum
3202 4663 3259 4706 et
3324 4656 3554 4721 illustre,

281 4740 442 4802 ἄξιον
483 4740 581 4790 καὶ
625 4739 842 4807 βασιλεῖ
872 4741 1087 4807 πρέπον
1130 4741 1466 4808 διεπράξατο
1504 4742 1877 4806 Ἀναστάσιος,

280 4833 308 4882 ὃ
352 4832 586 4900 Μακρὸν
636 4833 815 4898 τεῖχος
862 4832 1145 4897 ἐκάλεσεν,
1183 4833 1279 4886 ἐπὶ
1322 4833 1476 4902 καλῷ
1518 4835 1615 4902 τῆς
1657 4836 1880 4905 Θρᾴκης

282 4923 672 4991 γεγενημένον
698 4937 711 4950 ·
767 4923 905 4990 ὅπερ
937 4922 1106 4992 διέχει
1139 4922 1239 4991 τῆς
1284 4923 1701 4976 Κωνσταντίνου
1750 4942 1878 4978 στα-

282 5016 422 5078 δίοις
467 5017 544 5076 ώς
599 5013 838 5082 μάλιστα
889 5016 1227 5084 ὀγδοήκοντα
1271 5016 1366 5067 καὶ
1430 5018 1765 5079 διακοσίοις·
1821 5021 1876 5079 ἐς

283 5105 565 5173 ἑκατέραν
593 5105 637 5155 δ’
660 5105 1004 5175 ἀποτελευτᾷ
1022 5105 1320 5168 θάλατταν,
1345 5107 1608 5175 ὲκτρέχον
1629 5107 1876 5177 πορθμοῦ

283 5204 451 5269 δίκην
480 5201 577 5250 ἐπὶ
637 5199 890 5261 σταδίους
931 5199 1104 5252 εἴκοσι
1161 5200 1256 5251 καὶ
1296 5200 1687 5269 τετρακοσίους
1713 5218 1726 5232 ·
1783 5204 1879 5254 καὶ

285 5298 386 5362 τὴν
422 5294 582 5344 πάλιν
619 5292 972 5362 Χερρόνησον
1033 5286 1223 5354 οὖσαν,
1271 5291 1438 5358 νῆσον
1475 5292 1661 5358 σχεδόν
1693 5309 1744 5341 τι
1780 5309 1879 5343 πε-

285 5390 561 5454 ποιηκῦς’
628 5386 723 5436 καὶ
753 5383 1095 5452 καθοδηγοῦν
1146 5385 1323 5452 ῥᾷστα
1363 5379 1445 5444 οἷς
1487 5382 1738 5451 βούλησίς
1762 5387 1879 5434 ἑστι

287 5476 806 5546 διαπορθμεύεσθαι
871 5479 979 5528 ἀπὸ
1035 5477 1131 5529 τοῦ
1204 5477 1544 5544 καλουμένου
1602 5478 1878 5541 Στὸματος

291 5576 498 5625 ιὶὲντου
534 5574 592 5631 ἐς
623 5572 723 5638 τὴν
759 5571 1127 5632 Προποντίδα.
1155 5571 1248 5622 καὶ
1279 5570 1377 5637 τὴν
1400 5570 1648 5638 Θρᾳκίαν
1679 5569 1877 5618 Θάλατ-

289 5683 407 5716 ταν.
466 5659 666 5732 Ιίἷργόν
692 5677 758 5713 -τε
795 5664 921 5722 τοὺς
957 5661 1290 5729 βσρόἁρους.
1326 5659 1374 5710 οἳ
1405 5660 1618 5711 ὲκθέειν
1653 5660 1743 5710 καὶ
1781 5675 1875 5709 κα-

289 5755 578 5823 ταχεῖσθαι
610 5752 921 5820 βούλονται,
958 5753 1067 5803 dna
1115 5753 1224 5804 τῶν
1259 5751 1466 5804 ἄνωθεν
1497 5752 1588 5802 τοῦ
1625 5751 1875 5813 Εὑξεὶνιιυ

288 5847 495 5900 Hanno
532 5845 724 5914 μερῶν
752 5845 975 5911 Κόλχων
1007 5861 1086 5905 τε,
1113 5845 1206 5909 τῆς
1233 5861 1290 5893 τε
1329 5844 1521 5919 λίμνης
1555 5843 1739 5895 Μαιώτ
1766 5842 1872 5904 ὃος,

625 5985 896 6042 Parrum.
950 5984 1064 6043 UB.
1115 5982 1408 6041 (ῘΧΙΝΙΙ.

1987 4737 2365 4805 memoriaque
2428 4754 2661 4806 prorsus
2711 4750 2765 4795 ct
2820 4743 3091 4811 imperiali
3153 4747 3554 4814 magnificentia

1986 4827 2210 4896 dignum
2241 4830 2487 4897 perfecit,
2521 4834 2664 4900 quod
2710 4833 2957 4904 Longum
2995 4853 3210 4890 murum
3239 4842 3551 4908 appellavit,

1986 4920 2051 4971 ad
2094 4919 2382 4975 Thraciam
2433 4926 2807 4979 exornandam
2841 4938 3246 4983 constructum.
3283 4932 3552 4987 Constan-

1986 5013 2215 5080 tinopoli
2248 5014 2499 5068 ducentis
2522 5018 2799 5084 octOginta
2828 5019 3124 5085 plurimum
3159 5022 3352 5075 stadiis
3373 5025 3549 5086 abest,

1983 5113 2038 5156 et
2073 5104 2140 5156 ad
2196 5115 2490 5174 utrumque
2542 5109 2807 5175 pertingit
2847 5124 3019 5172 mare,
3069 5112 3239 5164 instar
3284 5114 3432 5178 freti,
3481 5116 3549 5167 ad

1984 5201 2384 5268 quadringenta
2432 5202 2622 5269 viginti
2660 5204 2833 5255 stadia
2887 5219 3212 5267 excurrens,
3255 5216 3308 5259 et
3359 5211 3548 5271 urbem

1984 5290 2329 5356 peninsulam
2389 5292 2444 5343 in
2500 5292 2696 5344 insula:
2746 5309 2913 5361 prope
2976 5294 3211 5349 formam
3267 5298 3544 5368 redigens.

1984 5381 2164 5435 Facile
2222 5383 2386 5434 etiam
2449 5387 2677 5451 quosvis
2735 5386 2986 5452 trajicere
3043 5389 3312 5454 volentes,
3367 5394 3434 5443 ah
3483 5409 3549 5444 oo

1982 5473 2127 5539 quod
2165 5471 2236 5526 Os
2279 5474 2436 5526 Ponti
2482 5475 2708 5533 dicitur.
2762 5478 2813 5527 in
2854 5477 3244 5546 Propontidem
3277 5491 3333 5534 et
3380 5480 3552 5533 Thra-

1982 5566 2126 5616 cium
2161 5580 2309 5618 mare
2337 5568 2560 5620 deducit
2596 5587 2608 5620 ε
2641 5581 2694 5620 et
2723 5569 3223 5625 BarlnaruS'eIIundi
3262 5583 3424 5642 atque
3449 5592 3547 5626 ex-

1980 5670 2204 5706 currere
2235 5671 2298 5707 ex
2334 5657 2580 5722 partibus
2616 5658 2716 5719 eis,
2752 5675 2872 5726 quae
2912 5678 3074 5728 supra
3109 5663 3381 5716 Euxinum
3408 5664 3549 5717 Pon-

1983 5756 2093 5796 tum
2138 5758 2285 5806 sunt,
2334 5757 2442 5799 tum
2501 5759 2684 5800 autem
2740 5766 2806 5802 ex
2855 5751 3136 5817 Colchide,
3173 5765 3226 5806 cl
3269 5772 3296 5806 a
3351 5755 3547 5822 palude

1979 5837 2247 5901 lilwotidc,
2297 5849 2556 5904 pia-terea
2591 5855 2653 5891 ex
2705 5841 2840 5894 locis
2890 5860 3009 5911 qua:
3042 5861 3203 5908 supra
3239 5846 3544 5901 Caucasum

3156 5987 3191 6042 7
