4244 6438
301 416 411 478 205

1229 417 1832 478 ECCLESIASTICAE
1871 415 2256 476 HISTORle
2287 414 2432 472 LIB.
2473 414 2628 473 XVl.

3445 413 3551 478 206

291 549 417 591 τας,
452 530 518 582 τὰ
549 530 637 582 ἴσα
667 529 770 581 τῶν
806 527 1120 580 καυθέντων
1153 531 1205 579 εἴ
1234 547 1338 581 που
1369 530 1765 598 περισώζοιντο
1795 529 1873 580 ἔτι

1985 528 2148 580 liarcs
2194 542 2347 586 suos.
2393 527 2660 595 pmnitcrc
2699 540 2757 578 se
2795 525 2946 587 facti,
2992 539 3169 594 neque
3205 526 3406 580 habere
3441 543 3551 594 quo

293 619 688 688 διερευνᾶσθαι
723 623 781 672 ἐν
810 621 924 681 cui;
970 619 1198 672 καθόλου
1245 624 1497 682 πυκτίοις
1540 620 1650 671 τῶν
1684 622 1874 685 εἰσφο-

295 711 439 777 ρῶν·
479 712 724 774 δαπάνας
755 711 799 764 δ’
829 711 1065 775 ἐπιθεὶς,
1103 712 1357 779 ἔπεμπεν
1397 710 1717 779 ἁπανταχοῦ
1753 709 1879 762 συλ-

293 803 465 873 λογὴν
490 805 598 856 τῶν
624 806 1040 874 εὑρισκομένων
1079 806 1356 857 ποιεῖσθαι
1382 823 1395 836 ·
1431 806 1567 857 ὅπου
1614 805 1659 856 δ’
1693 804 1759 857 ἄν
1794 821 1880 867 τις

296 896 560 965 εὑρεθείη
600 896 863 958 τοιοῦτος,
891 897 1023 966 παρ’
1058 898 1218 950 αὑτὸν
1253 896 1672 966 ἐσκομίζεσθαι⁸
1711 897 1785 958 ὡς
1815 896 1882 948 ἂν

295 990 385 1055 εῑη
422 989 615 1055 σκέψει
649 989 743 1040 καὶ
774 988 1033 1059 ἀκριϐείᾳ
1081 989 1249 1059 πολλῇ
1286 990 1384 1058 τὴν
1428 989 1646 1041 ἔκθεσιν
1683 1005 1881 1040 συντα-

258 1079 662 1147 ⁴γῆναι.Ἐπιὶ
709 1079 766 1131 δὲ
827 1080 1008 1149 χρόνῳ
1042 1080 1214 1148 ίκανῷ
1271 1081 1319 1131 οἱ
1377 1079 1522 1148 ἀμφὶ
1553 1081 1620 1132 τὰ
1649 1078 1877 1132 τοιαῦτα

294 1174 652 1238 πεμφθέντες
701 1166 838 1241 ἧκον
889 1175 1281 1240 ἐπιφερόμενοι
1335 1172 1440 1224 ὅσα
1501 1165 1682 1240 εὗρον,
1739 1173 1881 1240 μάλα

293 1264 508 1331 χαίρων
563 1266 592 1314 ὁ
631 1266 990 1324 ’Λναστάσιος
1043 1265 1296 1329 διετέλει,
1331 1265 1424 1316 τοῦ
1473 1265 1881 1317 κατεσπουδασ-

296 1356 466 1420 μένου
511 1357 718 1423 τυχών·
755 1356 852 1406 καὶ
886 1354 1244 1422 σοφιζόμενος
1288 1351 1468 1417 αὖθις,
1503 1358 1651 1416 ὅπως
1679 1373 1738 1407 τε
1785 1358 1882 1408 καὶ

292 1447 437 1495 ὃπου
483 1451 574 1496 καὶ
631 1447 784 1514 παρά
815 1448 962 1498 τίσιν
984 1448 1253 1515 εὓρηται·
1287 1449 1380 1498 καὶ
1421 1449 1472 1499 εἰ
1519 1452 1594 1514 μὴ
1633 1448 1728 1500 καὶ
1754 1449 1884 1501 ἄλλο

288 1538 540 1589 τοιοῦτον
573 1555 624 1589 τι
667 1537 1081 1600 ὑπολέλειπται,
1133 1539 1333 1590 ἐκεῖνοι
1388 1537 1591 1607 πολλὴν
1634 1554 1878 1589 συνεισε-

226 1663 235 1682 .
290 1635 518 1695 νεγκεῖν
547 1631 948 1700 διισχυρίζοντο
981 1630 1220 1698 σπουδήν
1241 1647 1255 1661 ο
1287 1631 1380 1683 καὶ
1433 1629 1728 1698 ἐπώμνυον
1779 1647 1886 1697 μη-

288 1721 421 1772 δένα
452 1720 643 1788 ἔτερόν
671 1737 774 1770 που
804 1720 1016 1789 χάρτην
1043 1719 1432 1788 ὑπολελεῖφθαι
1462 1719 1699 1789 διασπᾷν
1726 1721 1886 1772 δυνά-

293 1828 466 1878 μενον
516 1810 578 1861 τὸ
619 1809 944 1878 πολίτευμα.
985 1810 1045 1862 '0
1094 1811 1148 1862 δὲ
1203 1813 1298 1864 καὶ
1343 1806 1502 1871 αὖθις
1538 1809 1800 1878 λαμπρὰν
1829 1807 1886 1872 ἐξ

1982 630 2226 670 ert-orem
2252 617 2607 670 commissum
2643 616 2966 684 corrigeret,
3007 616 3451 685 quandoquidem
3487 619 3553 672 li-

1985 709 2070 762 bri
2109 709 2163 761 in
2194 708 2400 776 quibus
2424 706 2762 776 cjuseemodi
2792 708 3006 761 exactio
3031 708 3308 776 descripta
3337 710 3551 772 fuisset,

1987 801 2214 852 cremati
2262 809 2469 863 essent,
2522 815 2619 868 per
2673 799 3084 855 simulationem
3123 801 3310 870 ﬁnxit.
3351 800 3426 855 lbi
3477 802 3553 854 illi

1983 892 2052 944 ab
2077 905 2143 944 eo
2189 890 2258 942 ita
2301 890 2542 960 decepti,
2579 904 2684 943 nou
2718 892 2904 945 vultus
2934 891 3176 954 ﬁctione,
3206 893 3301 946 sed
3349 895 3556 960 reipsa,

1983 983 2050 1036 de
2084 982 2294 1036 tributo
2322 997 2390 1035 eo
2442 993 2492 1036 et
2547 982 2772 1037 nefandi
2807 983 2992 1050 flagitii
3042 985 3295 1039 mercede
3333 995 3554 1052 pertur-

1985 1074 2121 1139 bati,
2152 1075 2378 1128 doluere
2409 1093 2420 1126 :
2458 1090 2636 1143 neque
2669 1090 2728 1128 se
2763 1078 3080 1139 consilium,
3110 1092 3221 1146 quo
3245 1077 3468 1146 jactura:
3505 1077 3554 1129 ei

1987 1169 2363 1227 mederentur,
2407 1167 2632 1230 habere,
2691 1184 2800 1236 prro
2847 1183 2906 1223 se
2955 1171 3152 1222 tulere.
3200 1169 3293 1223 lllc
3340 1185 3438 1224 eos
3489 1168 3555 1222 ad

1985 1260 2104 1311 loca
2165 1259 2349 1311 omnia
2380 1260 2457 1312 ire
2509 1260 2691 1327 jussit,
2742 1270 2800 1313 ut
2848 1263 2892 1314 si
2935 1277 3041 1330 qua
3101 1263 3555 1316 cunuuentarium

1985 1349 2397 1403 combustorum
2428 1353 2676 1417 exempla
2708 1367 2772 1403 ex
2803 1353 3061 1405 omnibus
3108 1353 3416 1405 exactiottis
3475 1361 3558 1404 ta-

1987 1442 2131 1494 bulis
2175 1450 2474 1506 exstarcnt,
2508 1452 2928 1496 Scrutarenlur:
2985 1455 3040 1497 et
3090 1445 3406 1512 sumptibus
3439 1460 3556 1498 eam

1989 1533 2041 1585 in
2078 1550 2190 1587 rem
2227 1535 2513 1601 impensis,
2573 1535 2826 1590 homines
2885 1538 3087 1604 passim
3148 1538 3241 1605 qui
3306 1539 3556 1605 exempla

1987 1627 2256 1695 ejusmodi
2317 1638 2758 1694 comportarent,
2813 1629 3130 1698 disposuit:
3169 1630 3446 1692 videlicet,
3503 1642 3562 1684 ut

1989 1718 2036 1771 si
2068 1720 2195 1786 quis
2226 1719 2345 1772 talis
2378 1721 2720 1773 inveniretur
2756 1726 3206 1783 commentarius.
3260 1723 3326 1775 ad
3382 1726 3559 1791 ipsum

1991 1809 2312 1874 aiferretur,
2347 1827 2457 1880 quo
2487 1812 2737 1881 diligenti
2769 1824 2824 1869 et
2853 1827 3108 1869 accurata
3157 1816 3562 1870 deliberatimm

288 1902 532 1954 ἐκείνων
582 1903 795 1970 ἁνάᾲας
853 1904 951 1972 τὴν
998 1902 1176 1970 φλόγα
1241 1903 1350 1954 τῶν
1413 1902 1883 1970 εἰσκομισθέντων

1993 1915 2079 1955 res
2105 1900 2321 1970 disponi
2354 1912 2518 1969 atque
2547 1904 2793 1958 ordinari
2822 1915 3030 1974 posset.
3060 1907 3352 1976 Postquam
3378 1916 3560 1960 autem

289 1993 674 2062 χαρτῶν,τὴν
734 1994 948 2046 ἐκεῖθεν
1007 1994 1201 2046 σποδὸν
1274 1993 1428 2045 ὓδατι
1498 1993 1882 2063 περικλύσας,

290 2088 314 2136 ἐ
329 2102 525 2137 επεισε
541 2085 616 2154 τῷ
634 2086 782 2154 ἀέρι·
810 2086 994 2138 τέλεον
1018 2085 1304 2152 ἀφανίζειν
1330 2085 1605 2156 ᾑρημένος
1625 2085 1721 2154 τὴν
1746 2087 1887 2151 πρᾶ-

292 2178 406 2241 ξιν,
439 2177 581 2230 ὥστε
616 2178 754 2247 μηδέ
785 2177 934 2230 κόνιν
963 2180 1103 2246 μήτε
1135 2195 1187 2230 τι
1220 2177 1350 2229 ἄλλο
1377 2176 1633 2244 λείψανον
1665 2177 1886 2229 ἀπολειο

288 2271 505 2340 φθῆναι
545 2271 643 2338 τῆς
678 2271 957 2340 πράξεως,
1012 2271 1149 2341 μηδὲ
1189 2271 1328 2338 μετά
1379 2272 1479 2337 τὴν
1527 2270 1748 2334 καῦσιν,
1781 2270 1885 2324 κᾶν

293 2363 532 2424 σκιῶδές
559 2380 612 2415 τι
655 2364 896 2431 γράμμα
924 2361 1240 2431 διαφανείη.
1273 2360 1387 2413 Ἰνα
1421 2362 1476 2412 δὲ
1511 2361 1586 2429 μὴ
1611 2361 1705 2413 ἐπὶ
1727 2362 1882 2413 τόσον

291 2454 354 2506 τὸ
386 2455 628 2523 πρᾶγμα
654 2453 1004 2520 ὁγκώσαντες
1037 2451 1278 2522 δόξωμεν
1307 2451 1638 2521 ἠγνοηκέναι
1670 2452 1763 2504 καὶ
1792 2455 1890 2505 ὅσα

292 2547 566 2615 ἐμπαθῶς
597 2546 647 2598 oi.
674 2547 1027 2615 ἀρχαιότεροι
1067 2548 1196 2614 περὶ
1231 2546 1441 2614 ταύτης
1490 2548 1589 2612 τῆς
1635 2545 1889 2612 πράξεως

293 2635 742 2705 συνεγράψαντο,
770 2639 1169 2708 παραθήσομαι
1195 2638 1259 2705 δὴ
1279 2637 1564 2692 καὶταῦτα
1587 2653 1599 2667 ·
1624 2637 1887 2689 δεικνύων

291 2731 351 2793 ἐξ
381 2723 458 2783 ὧν
490 2729 732 2798 διῆλθον,
767 2731 842 2792 ὡς
877 2732 986 2799 ἄρα
1027 2729 1205 2800 ψευδῆ
1241 2731 1343 2782 ὅσα
1377 2731 1504 2796 περὶ
1554 2729 1760 2796 ταύτης
1786 2728 1885 2797 τῆς

291 2824 388 2874 ἀθε
401 2827 566 2894 ςιίτλιυ
601 2826 856 2893 πράξεως
891 2826 1239 2894 ἱστορήκασι.

1993 2010 2104 2048 non
2143 2010 2311 2062 parvo
2343 1996 2671 2065 interposito
2702 2007 2972 2067 tempore,
3007 1999 3085 2052 illi
3115 2015 3255 2067 quos
3290 2000 3355 2053 ad
3383 1999 3564 2067 inqui-

1995 2085 2160 2139 renda
2202 2089 2454 2155 exempla
2491 2089 2619 2142 talia
2660 2089 2908 2154 miserat,
2942 2091 3174 2156 reversi,
3218 2107 3282 2146 ea
3320 2107 3439 2160 qua:
3475 2093 3564 2144 iu-

1996 2185 2260 2228 venerant
2311 2176 2593 2232 attulere:
2645 2196 2976 2250 magnopere
3020 2182 3364 2249 Anastasius,
3417 2187 3560 2252 quod

1994 2275 2122 2320 voto
2175 2281 2277 2319 suo
2328 2267 2541 2335 potitus
2571 2277 2744 2334 esset,
2775 2271 2989 2326 laetatus
3040 2281 3144 2326 est.
3189 2273 3256 2326 Et
3289 2289 3387 2343 per
3418 2273 3568 2326 frau-

1993 2359 2116 2412 dem
2152 2359 2338 2422 aliam,
2392 2361 2696 2428 quomodo,
2746 2370 2803 2416 et
2857 2365 2969 2429 ubi,
3019 2375 3076 2419 et
3119 2366 3265 2435 apud
3315 2383 3452 2436 quos
3501 2385 3563 2420 eu

1995 2447 2363 2515 invenissent,
2393 2461 2448 2505 et
2479 2466 2548 2504 an
2574 2452 2722 2506 aliud
2757 2463 2850 2507 aut
2880 2455 3062 2509 simile
3097 2456 3359 2524 quiddam
3383 2458 3566 2512 adlmc

1991 2544 2194 2599 alicubi
2254 2545 2527 2612 reliquum
2590 2554 2780 2607 esset,
2852 2556 3253 2615 percunctatus
3309 2563 3416 2604 est.
3485 2551 3564 2603 llli

1992 2652 2191 2707 magno
2222 2638 2408 2691 studio
2439 2653 2496 2691 se
2529 2654 2592 2691 ea
2629 2648 3011 2707 comportasse
3047 2653 3438 2698 asseverarunt
3467 2663 3479 2696 :
3512 2659 3568 2698 et

1984 2732 2342 2799 juramento,
2402 2732 2608 2784 nullam
2675 2734 2946 2802 reliquam
3005 2737 3250 2789 chartam
3306 2738 3360 2790 in
3417 2738 3566 2790 omni

1988 2822 2204 2888 imperii
2237 2820 2469 2888 ditione,
2511 2837 2633 2890 quae
2660 2822 2904 2877 indicare
2932 2828 3232 2892 portorium
3281 2827 3333 2881 id
3387 2842 3572 2897 posSet
3633 2870 3638 2888 ι

288 2929 519 2972 exstare
568 2918 991 2972 cttnlirtnaruttt.
1046 2917 1236 2985 Itaque
1286 2915 1612 2970 Anastasius
1689 2927 1910 2967 rursum
1953 2914 2176 2969 chartas
2256 2915 2378 2969 illas
2425 2925 2710 2985 congestas
2759 2917 2814 2970 in
2861 2918 3130 2973 ﬂammam
3182 2921 3421 2990 conjecit
3451 2963 3464 2987 ,
3515 2930 3571 2975 et

291 3014 542 3064 cinerem
576 3025 766 3062 earum
804 3025 944 3078 aqua
994 3024 1357 3077 conspersum
1402 3009 1455 3060 in
1496 3021 1680 3061 aerem
1727 3006 1958 3076 sparsit,
1996 3015 2055 3061 ut
2097 3023 2186 3062 res
2216 3022 2278 3060 ea
2320 3010 2540 3076 penitus
2587 3009 2925 3075 aboleretur,
2969 3027 3146 3081 neque
3193 3022 3316 3082 post
3363 3013 3572 3068 ustula-

293 3104 510 3160 tionem
546 3121 669 3158 eam
697 3105 783 3156 vel
809 3103 1153 3172 pulvisculus
1186 3111 1242 3157 et
1269 3103 1630 3170 reliquiarum
1653 3100 1890 3168 aliquid,
1933 3109 2030 3153 aut
2105 3101 2298 3154 umbra
2363 3102 2526 3154 etiam
2560 3103 2759 3156 litterae
2794 3104 3045 3174 alicujus,
3089 3106 3156 3159 de
3185 3122 3243 3161 re
3280 3116 3386 3160 tam
3421 3107 3574 3160 nefa-

297 3202 382 3255 ria
430 3199 581 3268 apud
633 3207 884 3267 posteros
931 3207 1196 3251 exstaret.
1266 3196 1466 3250 Verum
1535 3194 1822 3249 enimvero
1866 3210 1956 3257 ne,
2002 3194 2132 3248 dum
2191 3195 2394 3249 factum
2462 3197 2562 3249 hoe
2623 3206 2913 3267 tantopere
2971 3199 3268 3264 efferimus,
3321 3202 3573 3271 ignorare

296 3297 620 3354 videamur,

295 3390 793 3441 demonstraturus
843 3397 910 3436 ex
967 3383 1216 3450 ipsorum
1284 3381 1468 3436 verbis

295 3489 452 3534 runt.

884 3592 1138 3644 ΚΕΦΔΛ.
1188 3587 1323 3642 MA'.

303 3691 630 3754 ’Λπότασις
681 3685 832 3752 πρὸς
880 3686 986 3736 τὸν
1035 3680 1384 3754 συγγραφέα
1437 3681 1746 3748 Ζὼσιμον·
1796 3676 1890 3754 oin

366 3762 524 3828 πρὸς
553 3751 664 3828 τόν
685 3751 1148 3828 ἐτι-,ϐασιλεῦσιν
1189 3753 1463 3828 ἀοίδιμον
1511 3751 1883 3803 Κίυνστιιντῖ-

366 3821 485 3884 νον
500 3821 854 3894 ’ἀπέσκωψε
872 3821 1366 3891 βλασφημήσας.

365 3945 629 4011 Ζώσιμος
661 3941 772 4011 γὰρ
814 3943 843 3993 ό
873 3942 976 4008 τὴν
1013 3936 1342 4008 Ἑλληνικὴν
1399 3936 1701 4005 Θρησκείιιιν
1748 3937 1894 4004 μάλα

296 4033 656 4105 πρεσϐεύων,
703 4033 1109 4100 Κωνσταντίνῳ
1160 4027 1238 4098 τῷ
1288 4028 1385 4096 τῆς
1423 4028 1707 4088 εὐσεϐείας
1755 4044 1894 4096 προ-

299 4131 464 4205 μάχςρ
499 4126 594 4180 καὶ
624 4124 857 4195 ἀρχηγῷ
882 4124 982 4192 τῆς
1007 4123 1243 4183 πίστεως
1273 4119 1488 4189 βασιλεῖ
1506 4118 1758 4187 μηνίσας,
1780 4120 1894 4170 ὅτι-

297 4237 410 4289 περ
437 4222 504 4270 ἐκ
536 4217 636 4285 τῆς
660 4217 771 4267 τῶν
801 4213 1041 4267 εἰδώλων
1073 4212 1326 4282 λατρείας
1385 4213 1468 4272 είς
1495 4214 1597 4277 τὴν
1632 4208 1899 4278 Χριστια-

296 4315 410 4366 νῶν
469 4308 848 4380 μεταϐάλλετο
908 4306 1116 4369 πίστιν,
1168 4305 1270 4374 τὴν
1326 4304 1552 4354 ἐκείνων
1609 4302 1898 4373 βδελυρίαν

298 4400 654 4462 καταλιπὼν,
690 4399 894 4466 ιστορεί
925 4392 1294 4465 βλασφημῶν,
1318 4391 1393 4454 ὠς
1419 4389 1584 4451 αὐτὸς
1621 4390 1833 4451 ἐκεῖνος
1866 4387 1894 4438 ὁ

301 4495 754 4553 Κωνσταντῖνος.
785 4489 1004 4559 πρῶτος
1038 4489 1142 4556 τὴν
1193 4484 1291 4538 τοῦ
1326 4481 1730 4554 Χρυσαργύρου
1782 4481 1898 4533 είσ-

295 4588 509 4657 πραξιν
552 4585 880 4652 ἐπινοήσας,
932 4583 1076 4634 κατὰ
1111 4577 1510 4649 τετραετηρίδα
1568 4573 1896 4640 είσὰγεσθαι

293 4684 360 4735 τὸ
392 4680 647 4734 τοιοῦτον
677 4678 965 4746 αἴσχιστον
1000 4674 1151 4734 τέλος
1173 4671 1509 4740 ἐνομοθέτει.
1541 4670 1617 4720 Οὐ
1654 4670 1811 4722 τοῦτο
1839 4670 1895 4721 δὲ

301 4778 471 4845 μόνον
517 4773 614 4824 τὸν
661 4769 866 4837 εὐσεὸἧ
912 4766 1007 4819 καὶ
1065 4764 1446 4834 μεγαλόδωρον
1494 4761 1894 4832 ἐϐλασφήμησε

299 4864 562 4936 βασιλέα,
599 4860 739 4913 ἁ).λά
775 4860 870 4911 καὶ
887 4856 1002 4912 ἀλλ’
1032 4857 1170 4911 ἄττα
1200 4852 1506 4907 ἀνύποιστα
1543 4851 1682 4905 κατὰ
1717 4852 1896 4918 πάσης

711 3306 835 3359 qua:
899 3301 1111 3343 veteres
1169 3291 1337 3342 etiam
1402 3289 1695 3342 affectibus
1747 3288 1925 3350 ducti,
1972 3289 2071 3341 hac
2130 3288 2198 3342 de
2260 3303 2319 3341 ro
2386 3289 2764 3356 scripserunt,
2818 3281 2882 3344 ea
2943 3292 3057 3359 ipsa
3111 3293 3220 3347 huc
3303 3295 3573 3359 afferam,

1569 3380 1702 3435 falsa
1739 3387 1886 3446 _'esse
1914 3420 1928 3442 ,
1969 3397 2090 3449 quae
2174 3381 2242 3436 de
2295 3383 2527 3436 nefanda
2567 3383 2668 3436 hac
2700 3386 2984 3438 exactione
3033 3387 3310 3440 memoria:
3343 3391 3575 3442 manda--

2487 3582 2649 3650 720
2682 3581 2906 3638 CAPUT
2944 3583 3078 3639 xu.

1999 3676 2266 3748 Digresaio
2292 3675 2362 3748 od
2391 3673 2703 3748 Zosimum_:
2734 3693 2851 3744 qua'
2885 3680 2928 3729 is
2964 3680 3016 3730 in
3051 3681 3433 3748 imperatorum
3465 3703 3574 3738 om-

2069 3747 2216 3820 nium
2238 3745 2629 3820 celeberrimum
2651 3745 3060 3820 Constantinum
3089 3745 3574 3820 perblasphemium

2068 3819 2250 3867 acerbe
2282 3823 2328 3866 et
2361 3814 2730 3866 amarulenter
2759 3818 3058 3872 deterserit.

2068 3929 2321 3982 Zositnus
2354 3929 2524 3994 enim,
2568 3930 2949 3997 superstitioni
2995 3933 3202 3988 Grzrea:
3254 3953 3417 4004 quam
3457 3957 3574 3992 rna-

2000 4023 2143 4075 xime
2164 4022 2436 4085 addictus,
2463 4023 2516 4074 in
2543 4021 2966 4077 Constantinum
2994 4025 3406 4095 imperatorem,
3433 4047 3575 4085 verte

1981 4114 2220 4192 .pietatis
2269 4125 2733 4181 propugnatorem
2799 4127 2857 4170 et
2909 4117 3034 4170 fidei
3083 4119 3299 4186 ducem,
3343 4124 3488 4191 quod
3528 4125 3574 4176 is

1998 4208 2068 4260 ab
2101 4208 2371 4261 idolorum
2403 4207 2555 4260 cultu
2586 4207 2655 4260 ad
2696 4209 3138 4266 Christianorum
3172 4213 3359 4279 tidem,
3411 4217 3572 4269 dete-

2001 4298 2196 4352 standa
2227 4314 2428 4354 eorum
2459 4300 2844 4355 exsecratione
2887 4302 3108 4369 relicta,
3156 4306 3400 4370 transiit,
3436 4309 3575 4362 male

1999 4391 2294 4454 animatus,
2317 4408 2414 4461 per
2435 4393 2828 4462 blasphemiam
2859 4395 3088 4464 scriptis
3107 4400 3409 4464 mandavit,
3445 4415 3571 4454 eum

1998 4481 2241 4550 primum
2271 4484 2617 4538 exactionem
2645 4485 2742 4537 τοῦ
2782 4487 3200 4557 χρυσαργύρον,
3230 4494 3578 4561 aurargentt-i

2003 4575 2194 4630 tributi
2231 4579 2528 4642 invenisse,
2567 4590 2624 4634 et
2654 4590 2716 4634 ut
2743 4591 2940 4649 quarto
2971 4597 3192 4653 quoque
3219 4599 3365 4638 anno
3391 4585 3579 4640 fmdis-

2000 4670 2200 4724 simum
2234 4671 2284 4724 id
2330 4672 2558 4741 vectigal
2588 4673 2921 4742 penderetur
2953 4677 3330 4732 constituisse.
3362 4676 3565 4732 Verum

2001 4777 2110 4816 non
2138 4764 2252 4818 haec
2281 4764 2369 4818 ille
2400 4776 2609 4818 tantum
2637 4766 2928 4821 maledicta
2962 4769 3015 4822 in
3043 4770 3193 4837 pium
3250 4771 3577 4841 magnisque

2003 4855 2230 4909 dotibus
2281 4866 2542 4910 ornatum
2604 4856 2911 4925 principem
2961 4860 3218 4929 conjecit,
3263 4861 3360 4914 sed
3412 4864 3576 4914 etiam

297 4961 504 5027 τέχνης
539 4955 745 5021 δρᾶσαι
793 4950 892 5004 καὶ
927 4950 1248 5019 ἐπιστήμης
1271 4961 1284 4976 ⁸
1329 4947 1424 4999 καὶ
1456 4946 1548 4998 τδν
1583 4944 1684 5013 μέν
1729 4944 1893 4998 παῖδα

2003 4946 2108 5000 alia
2144 4947 2379 5016 plurima
2417 4948 2787 5014 intoleranda,
2815 4949 3072 5005 eumdem
3101 4960 3296 5005 contra
3343 4960 3489 5006 artes
3520 4965 3578 5007 et

300 5053 586 5121 Κρίσπον,
602 5047 791 5116 φησιν,
810 5043 1195 5111 ἀπανθρώπως
1224 5039 1426 5093 ἀνεῖλε·
1449 5038 1696 5091 Φαύσταν
1721 5038 1776 5091 δὲ
1799 5037 1898 5106 τὴν

301 5144 446 5196 ἰδίαν
481 5136 760 5208 γαμετὴν,
794 5133 1066 5206 βαλανείῳ
1096 5133 1282 5200 ἄκρως
1317 5128 1697 5200 ἐκπυρωθέντι
1723 5130 1900 5197 ἀσφα-

297 5229 954 5302 λισάμενον,διαφθεῐραι
976 5245 988 5258 ·
1013 5225 1108 5279 τοῦ
1138 5226 1194 5278 δέ
1215 5241 1472 5277 τοσουτου
1501 5223 1667 5290 ἄγους
1693 5222 1901 5288 κάθαρο

303 5347 386 5382 σιν
417 5322 770 5392 ἐκζητοῦντα
806 5321 959 5390 παρά
992 5321 1106 5371 τῶν
1143 5317 1418 5384 Ἑλλήνων
1466 5315 1658 5384 ίερέων
1691 5315 1784 5367 καὶ
1821 5313 1894 5382 μὴ

301 5421 660 5490 εὑρίσκοντα,
717 5412 1008 5479 Αἰγυπτίῳ
1057 5409 1217 5478 ἀνδρὶ
1279 5409 1524 5477 ἐντυχεῖν
1573 5408 1633 5471 ἐξ
1667 5405 1897 5474 Ἰϐήρων

300 5515 495 5582 ἥκοντι
519 5525 535 5540 ο
569 5506 889 5558 ἀκούσαντα
917 5505 975 5554 δὲ
1030 5503 1160 5570 παρ’
1199 5501 1409 5553 ἐκείνου
1442 5499 1517 5560 ὡς
1553 5500 1585 5567 ή
1622 5498 1729 5550 τῶν
1763 5497 1901 5564 Χρι-

305 5599 550 5655 στιανῶν
590 5595 778 5657 πίστις
812 5593 1134 5663 ἀμαρτάδος
1169 5591 1351 5658 πάσης
1387 5590 1689 5656 εἰσηγεῖται
1745 5586 1897 5639 ἀναί-
1944 5594 1948 5596 ‘

2008 5038 2270 5093 scientias
2297 5054 2492 5094 onmes
2517 5039 2714 5093 fecisse
2745 5039 2844 5108 (l),
2882 5049 2938 5094 et
2970 5039 3224 5110 Crispum
3262 5041 3430 5095 [ilium
3454 5058 3580 5095 cru-

2010 5128 2208 5182 dcliter
2234 5129 2604 5183 interfecisse.
2642 5129 2897 5183 Faustam
2930 5132 3060 5185 item
3105 5133 3393 5201 coniugem
3420 5148 3576 5189 suam

2003 5221 2203 5275 balneo
2247 5221 2313 5274 ad
2359 5234 2634 5274 summum
2667 5221 2933 5276 calefacto
2974 5222 3237 5277 inclusam
3304 5239 3570 5278 enecasse

2005 5310 2157 5364 dicit.
2211 5311 2278 5365 Et
2327 5326 2452 5364 cum
2492 5313 2627 5366 tanti
2661 5310 2849 5382 ﬂagitii
2886 5314 3254 5381 expiationem
3301 5316 3446 5384 apud
3488 5331 3580 5369 sa-

2007 5401 2263 5455 cerdotes
2312 5403 2532 5456 Grteeos
2582 5404 2889 5472 qumsisset,
2940 5421 3119 5474 neque
3164 5407 3486 5473 invenisset,
3523 5408 3577 5460 iu

2004 5493 2319 5562 Egyptium
2353 5499 2647 5564 quemdam
2694 5499 2894 5561 virum,
2929 5514 2996 5552 ex
3034 5500 3207 5553 Iberia
3243 5500 3574 5558 venientem,

2009 5602 2134 5640 cum
2171 5587 2457 5650 incidisse,
2515 5602 2566 5641 ct
2598 5589 2664 5642 ab
2693 5605 2758 5643 co
2799 5594 2944 5659 quod
2973 5592 3413 5646 Christianorum
3447 5591 3578 5643 fides

381 5785 459 5850 (Ι)
492 5780 654 5834 Κατά
719 5777 898 5846 πάσης
930 5773 1171 5841 ἐξευρεῖν
1207 5769 1400 5843 τύχης,
1442 5765 1544 5818 hoc
1578 5776 1679 5830 est,
1738 5773 1893 5816 contr.

1997 5780 2171 5817 omnes
2262 5772 2491 5822 omnium
2586 5772 2827 5840 fortunas
2922 5771 3126 5837 aliquid
3221 5776 3564 5843 excogitasse.

313 5854 570 5922 tL't'agr.)
