4244 6438
714 423 819 484 207

1954 425 2372 489 NICEPHORI
2417 432 2759 496 CALLISTI

3888 444 4000 509 203

717 541 1073 600 peccatorum
1108 531 1356 584 omnium
1397 530 1759 586 abolitionem
1796 531 2108 601 induceret,
2138 536 2268 589 audi

2410 557 2581 607 ρεσιν,
2616 543 2946 610 μεταδαλεῖν
2992 543 3154 608 εὐθύς
3180 561 3194 575 ·
3238 545 3333 599 καὶ
3387 544 3489 615 τὴν
3523 548 3789 618 πατρῴαν
3843 550 4001 619 νόμι-

723 630 907 679 visse:
943 626 1287 695 proindeque
1318 626 1564 679 animum
1602 628 1788 680 statim
1834 629 2157 692 mutavisse,
2203 645 2300 699 pa-

723 718 885 771 triam
916 720 1235 786 opinionem
1267 729 1323 771 et
1372 720 1643 773 idolorum
1679 720 1761 789 (ut
1800 720 1891 774 ille
1942 721 2145 790 inquit)
2180 724 2299 775 cnl-

718 821 834 864 tum
900 812 1202 881 reiecisse.
1265 822 1320 866 et
1375 811 1820 868 Christianorum
1880 829 2035 869 sacra
2108 830 2299 869 susce-

713 903 898 971 pisse,
969 904 1161 959 refert.
1227 905 1499 960 Caeterum
1565 906 1707 961 falso
1776 906 1895 961 haec
1969 907 2297 971 Zosimum,

716 994 1001 1051 calumnia
1080 999 1472 1067 imperatorem
1553 1014 1813 1069 magnum
1874 1000 2136 1069 sugillare
2202 1014 2301 1052 vo-

716 1086 967 1154 lentem,
1035 1090 1366 1158 scripsisse,
1442 1106 1539 1160 per
1606 1092 2040 1145 confutationem
2112 1107 2296 1145 veram

712 1182 1021 1236 ostendam.
1063 1182 1169 1238 Sed
1221 1186 1289 1238 de
1333 1184 1719 1255 Attrargenteo
1748 1186 2000 1254 vectigali
2056 1187 2297 1254 primum

712 1274 920 1328 dicant.
979 1312 984 1319 .

1279 1370 1508 1427 CAPUT
1562 1369 1722 1424 XLII.

713 1458 981 1528 Refutatt'o
1044 1476 1225 1515 eorum
1289 1478 1407 1531 qum
1466 1463 1529 1515 de
1582 1462 1875 1529 apostolico
1949 1460 2297 1516 Constantino

1272 1533 1513 1585 Zosimus
1553 1534 1709 1586 dixit.

781 1642 839 1695 In
878 1642 1139 1704 historia,
1178 1642 1345 1696 homo
1377 1642 1633 1703 exitiose.
1682 1658 1975 1708 memoras,
2012 1645 2159 1713 quod
2200 1645 2294 1700 ille

710 1738 903 1793 urbem
956 1737 1116 1790 aliam
1170 1735 1435 1789 Romana:
1485 1736 1719 1790 similem
1778 1737 2020 1791 condere
2080 1740 2291 1800 volens,

708 1829 946 1893 primum
979 1828 1123 1881 inter
1143 1826 1413 1881 Troadem
1439 1837 1495 1881 et
1527 1826 1682 1879 Ilium
1712 1827 1918 1890 locum,
1941 1830 2109 1883 veluti
2137 1833 2291 1899 operi

708 1922 968 1977 instituto
1024 1920 1306 1984 idoneum,
1359 1920 1615 1987 cmperit,
1669 1918 2026 1975 fundamenta
2071 1923 2287 1992 jecerit,

703 2024 1003 2068 ctnturutn
1038 2027 1208 2081 supra
1236 2022 1440 2065 terram
1480 2012 1761 2066 extulerit.
1788 2013 2079 2080 Postquam
2104 2024 2288 2067 autem

708 2107 1031 2178 Byzantium
1062 2103 1411 2158 commodius
1437 2119 1560 2157 esse
1590 2106 1881 2173 comperit,
1912 2106 2143 2159 consilio
2173 2122 2290 2159 mu-

706 2208 842 2259 tato,
875 2196 1070 2251 urbem
1104 2210 1225 2248 eam
1264 2195 1523 2249 celeriter
1557 2195 1833 2249 moenibus
1884 2195 2288 2251 [irtuis'cinxe-

708 2290 799 2356 rit,
836 2290 1166 2359 magnisque
1202 2288 1450 2341 turribus
1479 2302 1645 2355 Opere
1690 2288 1853 2355 longe
1901 2292 2119 2357 lateque
2157 2304 2286 2357 pro-

704 2383 898 2445 ducto,
932 2391 987 2436 et
1020 2391 1129 2433 tam
1174 2380 1423 2449 pulchris
1457 2379 1785 2447 porticibus,
1834 2380 2068 2451 aliisque
2116 2381 2288 2435 rediti-

706 2475 810 2531 ciis
843 2475 914 2528 ita
946 2473 1252 2536 exornarit,
1277 2473 1434 2541 721
1466 2482 1525 2526 ut
1557 2472 1742 2525 Itonia:
1776 2489 1833 2526 re
1864 2474 2010 2527 nulla
2042 2475 2283 2539 cederet,

704 2583 827 2637 qua:
860 2578 1138 2620 tantorum
1173 2573 1627 2619 ornamentorum
1650 2574 1705 2617 et
1736 2566 2119 2619 amatuilatttm
2155 2583 2286 2636 pau-

702 2662 858 2715 latim
911 2662 1073 2713 annis
1132 2658 1389 2729 plurimis
1456 2656 1799 2710 incrementa
1866 2658 2035 2724 cepit.
2092 2660 2288 2715 ltelers

700 2752 897 2814 etiam,
948 2751 1170 2820 publice
1234 2764 1362 2804 eum
1420 2749 1682 2802 frumenti
1737 2758 1994 2813 tesseras,
2057 2760 2112 2804 et
2167 2752 2284 2805 auri

704 2844 963 2908 multum,
1004 2844 1085 2897 eis
1110 2844 1201 2911 qui
1233 2858 1292 2896 se
1318 2857 1385 2894 eo
1426 2841 1810 2902 contulissent,
1844 2841 1909 2893 atl
1947 2841 2282 2909 privatarum

704 2937 904 2991 aedium
935 2947 1273 2989 structuram
1305 2934 1561 2987 donasse.
1600 2932 1748 2986 luter
1783 2933 1890 2985 alia
1924 2934 2039 2986 haec
2066 2950 2284 3002 quoque

702 3030 784 3082 sic
834 3027 1074 3080 scribis:
1122 3047 1137 3077 t
1197 3024 1566 3079 Constantino
1615 3034 1855 3087 mortuo,
1908 3025 1974 3077 ad
2018 3024 2285 3079 Conslan-

704 3120 840 3173 tium
878 3119 1048 3173 tilium
1099 3121 1239 3189 ejus,
1293 3128 1417 3186 post
1473 3117 1706 3171 fratrum
1758 3119 2007 3187 ejusdem
2043 3120 2279 3181 obitum,

2407 649 2492 684 σιν
2552 634 2897 704 ἁθετὴσαντα
2957 637 3070 689 τῶν
3116 637 3388 716 εἰδώλων,
3437 638 3513 699 ὡς
3561 640 3771 699 ἐκεῖνός
3822 658 3997 710 φησιν

2406 727 2507 796 τὴν
2587 728 2937 796 Χριστιανῶν
3020 730 3323 800 θρησκείαν
3393 732 3636 786 ἑλέσθαι.
3709 732 3852 784 Ἀλλ’
3915 735 3997 785 ὅτι

2405 818 2580 869 ταῦτα
2616 818 2829 886 ψευδῶς
2884 822 3141 890 ἱστόρησε
3173 820 3489 873 διασάλλειν
3540 822 3631 873 τὸν
3668 821 3842 889 μέγαν
3870 838 3997 873 πει-

2408 912 2694 981 ρώμενος,
2756 914 2819 965 ὲκ
2875 914 2968 966 τοῦ
3035 915 3262 984 ἐλέγχου
3330 915 3639 985 κατάδηλον
3697 915 3990 977 ἀποδείξω.

2416 1005 2578 1057 Ἀλλὰ
2600 1009 2731 1077 περὶ
2764 1007 2859 1060 τοῦ
2906 1008 3318 1077 Χρυσαργύρου
3368 1008 3587 1077 πρῶτόν
3625 1025 3707 1061 σοι
3752 1008 3994 1071 διαλέξο-

2410 1119 2533 1168 μαι.

2939 1368 3193 1423 ΚΕΦΛΛ.
3244 1370 3381 1424 MB’.

2415 1456 2739 1526 Ἁνατροπὴ
2775 1458 2893 1512 τῶν
2929 1460 3261 1527 ειρημὲνων
3282 1461 3533 1526 Ζωσίμῳ
3582 1459 3682 1513 διὰ
3722 1462 3830 1515 τόν
3856 1464 3988 1515 10a-

2775 1532 3086 1585 πόστολον
3112 1531 3603 1585 Κωνσταντῖνον.

2471 1640 2542 1691 Συ
2565 1640 2690 1710 φῂς,
2713 1638 2989 1709 ἀλιτήριε,
3011 1640 3088 1709 τῷ
3110 1641 3528 1711 συγγράμματι,
3547 1640 3623 1706 ὡς
3641 1638 3797 1694 πόλιν
3814 1642 3985 1713 ἄλλην

2402 1734 2527 1802 ίσην
2552 1737 2618 1802 τῇ
2660 1731 2847 1805 Ῥώμῃ
2878 1735 3091 1801 ἐγεῖραι
3126 1733 3477 1803 βουλόμενος,
3513 1736 3735 1803 πρῶτον
3773 1736 3873 1805 μὲν
3906 1736 3982 1798 ὡς

2401 1826 2990 1894 ἑπιτήδειονόίὸμενος
3018 1827 3110 1877 τὸν
3142 1826 3347 1895 μεταξῦ
3384 1829 3641 1897 Τρῳάδος
3690 1828 3786 1881 καὶ
3819 1829 3979 1881 Ἰλίου

2398 1918 2559 1969 τόπον
2621 1917 2756 1986 πρὸς
2797 1919 2856 1970 τὸ
2918 1919 3175 1984 δέξασθαι
3231 1920 3323 1973 τὸν
3381 1921 3606 1984 σκοπὸν,
3653 1921 3883 1989 θεμέλιά
3917 1938 3980 1972 τε

2396 2010 2631 2076 ἑπὴγνυ,
2667 2012 2761 2065 καὶ
2796 2012 2855 2061 τὸ
2899 2014 3080 2080 τεῖχος
3126 2015 3226 2081 τῆς
3272 2014 3381 2082 γῆς
3420 2013 3655 2082 ἐξαίρων
3684 2014 3981 2082 ἔπραττεν.

2404 2098 2492 2163 Ὦς
2520 2101 2564 2153 δ’
2594 2104 3036 2172 ἐπιτηδειότερον
3063 2106 3128 2157 τὸ
3160 2103 3462 2167 Βυζάντιον
3491 2101 3641 2174 εὗρε,
3678 2107 3983 2175 μεταθέμεσ

2394 2209 2483 2256 νος
2507 2193 2605 2261 τὴν
2629 2195 2890 2262 σπουδὴν,
2926 2197 3121 2248 θᾶττον
3150 2197 3354 2266 τείχεσι
3380 2199 3632 2268 στεῤῥοῖς
3655 2198 3977 2267 περιέϐαλε,

2393 2288 2490 2340 καὶ
2538 2287 2798 2354 μεγάλοις
2835 2288 3071 2357 πύργοις
3114 2287 3359 2359 εὐρύνων
3409 2290 3490 2352 είς
3529 2291 3833 2360 μήκιστον⁹
3882 2294 3980 2345 καὶ

2389 2376 2633 2445 τοσούτῳ
2688 2378 2872 2431 κάλλει
2910 2378 3085 2431 στοῶν
3137 2381 3233 2433 καὶ
3275 2380 3734 2449 οἰκοδομημάτων
3767 2382 3979 2451 ταύτην

2391 2466 2735 2537 ἐφαίδρυνεν,
2764 2469 2840 2531 ὡς
2891 2472 2990 2539 τῆς
3030 2470 3254 2539 Ῥώμης
3294 2473 3421 2523 κατ’
3456 2471 3613 2524 οὐδὲν
3662 2471 3977 2536 λείπεσθαι,

2391 2558 2691 2621 τοσαύταις
2722 2561 2911 2630 χάρισι
2943 2564 3057 2623 τοῖς
3087 2564 3230 2615 κατά
3265 2561 3463 2631 μικρὸν
3492 2562 3672 2615 ἐτεσιν
3718 2564 3978 2633 αὐξηθεί-

2394 2668 2515 2719 σηέ.
2564 2653 2821 2721 Ὶστορεῖς
2847 2654 2889 2706 δ’
2923 2655 2997 2716 ὡς
3038 2655 3132 2707 καὶ
3168 2657 3369 2708 σίτισιν
3402 2659 3469 2725 τῇ
3518 2656 3672 2709 πόλει
3708 2657 3979 2725 δημοσίαν

2390 2742 2676 2812 ἀπένειμε,
2712 2746 2810 2796 καὶ
2838 2745 2974 2798 πολύ
3008 2762 3058 2797 τι
3096 2746 3302 2814 χρυσοῦ
3332 2750 3449 2809 τοῖς
3499 2748 3651 2817 αύτῷ
3678 2749 3725 2799 οί
3761 2748 3976 2815 ἑπομέ-

2388 2849 2499 2894 νοις
2531 2837 2589 2896 ὲς
2636 2834 2985 2902 κατασκευὴν
3024 2834 3171 2887 ίδίων
3205 2837 3375 2889 οίκων
3420 2836 3808 2906 ἁπεχαρὲζετο,
3850 2836 3974 2887 Ἐπὶ

2390 2924 2634 2992 ῥήματος
2664 2924 2721 2976 δὲ
2745 2924 2837 2976 καὶ
2853 2923 3027 2975 ταῦτα
3059 2926 3438 2993 προσγράφεις
3460 2940 3473 2954 ο
3500 2943 3521 2975 ε
3552 2924 3973 2977 Κωνσταντίνου

2386 3015 2837 3084 τελευτήσαντος,
2874 3017 2929 3078 ὲς
2963 3018 3351 3069 Κωνστάντιον
3379 3016 3473 3069 τὸν
3502 3015 3668 3069 αὐτοῦ
3704 3016 3873 3069 παῖδα
3902 3017 3974 3069 τὲ

2389 3109 2694 3179 πράγματα
2719 3108 3053 3177 περιελθεῖν,
3082 3111 3219 3177 μετὰ
3240 3110 3472 3163 θάνατον
3494 3114 3607 3163 τοῖν
3625 3107 3794 3163 αὑτοῦ
3817 3110 3976 3162 ἀδελ-

699 3228 889 3267 rerum
940 3228 1153 3266 summa
1190 3212 1462 3280 pervenit.
1498 3212 1677 3280 Atque
1712 3212 1801 3265 ubi
1847 3211 2192 3280 Magnentius
2226 3221 2278 3266 et

2405 3204 2510 3269 ροῖν
2531 3218 2545 3233 ’
2575 3202 2669 3253 καὶ
2714 3202 2787 3262 ὼς
2819 3201 3160 3269 Μαγνεντίου
3189 3202 3285 3252 καὶ
3326 3202 3731 3270 Βρεταννίωνος
3763 3218 3972 3270 τυραν-

700 3307 997 3362 Britannio
1037 3304 1385 3377 tyrannidem
1419 3307 1730 3372 arripuere,
1769 3306 2128 3373 persuasione
2145 3305 2282 3359 Cou-

701 3401 940 3454 stantius
975 3400 1389 3453 Britannionem
1418 3399 1471 3451 in
1503 3408 1827 3467 potestatem
1864 3414 2017 3451 suam
2050 3398 2278 3469 redegit.

701 3494 836 3548 Cum
881 3496 1025 3545 enim
1061 3507 1126 3545 ex
1178 3501 1409 3560 utraque
1446 3500 1598 3560 parte
1648 3491 1927 3543 exercitus
1984 3491 2162 3545 coacti
2198 3506 2286 3546 es-

701 3596 847 3647 sent,
893 3584 1251 3639 Constantius
1297 3599 1399 3653 pro
1442 3583 1737 3649 concione,
1794 3583 2061 3638 militibus
2104 3584 2282 3653 patris

699 3692 831 3746 erga
860 3692 958 3731 eos
988 3677 1074 3731 sui
1110 3676 1499 3730 liberalitatem
1530 3676 1586 3729 in
1620 3676 1939 3731 memoriam
1978 3678 2277 3741 revocavit,

701 3785 829 3823 eum
862 3784 971 3837 quo
1002 3769 1141 3823 bella
1168 3769 1336 3821 multa
1365 3768 1686 3836 gessissent.
1716 3769 1969 3822 maximis
1990 3770 2057 3823 ab
2086 3770 2279 3823 eodem

642 3906 645 3909 ς
701 3863 1050 3916 cohoneslati
1104 3862 1284 3914 donis.
1338 3860 1395 3913 Id
1442 3878 1574 3914 vero
1609 3861 1701 3915 ubi
1750 3849 1956 3916 milites
1996 3862 2278 3925 audivere,

702 3954 950 4007 detracta
1013 3952 1354 4004 liritannioni
1409 3967 1687 4019 purpurea
1743 3963 1917 4011 veste.
1978 3952 2031 4005 in
2082 3952 2278 4019 privati

704 4043 952 4096 hominis
1008 4041 1199 4094 habitu
1236 4056 1361 4094 eum
1417 4041 1483 4093 ad
1530 4040 1916 4095 Constantium
1977 4042 2277 4095 abduxere.

702 4136 881 4201 Atque
920 4134 967 4185 is
999 4132 1132 4185 nihil
1166 4148 1224 4185 se
1258 4133 1543 4200 indignum
1577 4149 1790 4201 passus,
1829 4137 1921 4188 sed
1953 4150 1982 4187 a
2010 4133 2280 4189 Constan-

702 4228 781 4281 tio
812 4235 1066 4280 servatus
1096 4236 1202 4287 est.
1234 4241 1358 4280 cum
1392 4226 1447 4279 in
1479 4227 1632 4280 illum
1678 4235 1735 4280 et
1780 4238 1989 4293 patrem
2014 4228 2136 4296 ejus
2168 4242 2277 4280 ma—

701 4318 904 4373 ledicta
935 4318 1103 4372 multa
1136 4319 1383 4386 iecisset.
1429 4336 1447 4369 ι
1495 4316 1687 4386 Itaque
1732 4329 1784 4371 te
1835 4334 1988 4387 rogo.
2018 4334 2183 4387 quem
2214 4318 2282 4372 li-

704 4410 936 4463 beralite
962 4420 1019 4463 et
1050 4409 1428 4463 muniﬁcentia
1456 4416 1604 4462 tanta
1631 4410 1879 4477 gavisum
1911 4424 2031 4462 esse
2063 4409 2274 4472 scribis,

702 4500 983 4570 quomodo
1028 4515 1223 4552 rursus
1268 4498 1525 4551 eumdem
1566 4506 1674 4552 tam
1718 4497 2006 4551 sordidum
2051 4508 2105 4551 et
2146 4512 2277 4550 ava-

2387 3294 2675 3360 νήσαντος,
2728 3293 2910 3345 πειθοῖ
2946 3294 3039 3346 τὸν
3097 3294 3476 3361 Πρεταννίωνα
3542 3294 3811 3362 ngf/.03“
3872 3296 3973 3347 καὶ

2387 3386 2593 3453 ἀμφοῖν
2651 3388 2764 3437 τοῖν
2808 3386 3201 3454 στρατοπέδων
3247 3388 3613 3446 ἁλισθέντοιν.
3672 3386 3895 3455 πρῶτος
3944 3389 3974 3441 ό

2387 3475 2771 3541 Κωνστάντιος
2793 3478 3209 3547 δημηγορήσας.
3230 3480 3331 3547 τῆς
3363 3479 3711 3549 τοῦπατρὸς
3772 3480 3973 3547 ἀνεμί-

2390 3585 2597 3638 μνησκε
2623 3571 2745 3632 τοὺς
2782 3570 3119 3638 στρατιώτας
3144 3570 3457 3639 φιλοτιμίας
3475 3586 3489 3600 ·
3525 3570 3644 3640 μεθ’
3663 3562 3722 3624 οὗ
3740 3570 3974 3634 nono-3c

2387 3659 2661 3728 πολέμους
2693 3661 3006 3727 διεπόνησε,
3031 3661 3127 3714 καὶ
3161 3661 3449 3730 μεγίσταις
3475 3662 3821 3731 ἐτιμήθησαν
3847 3663 3971 3725 ταῖς

2385 3751 2615 3820 δωρεαῖς
2641 3768 2654 3781 ο
2683 3753 2777 3804 καὶ
2804 3752 2877 3813 ὼς
2905 3752 3112 3804 τούτων
3138 3753 3379 3822 ηκουσαν
3410 3755 3461 3805 οἱ
3488 3752 3847 3821 στρατιῶται,
3869 3755 3965 3804 τὸν

2387 3841 2768 3909 Βρεταννίωνα
2796 3843 3227 3912 περιδυσάμενοι
3258 3842 3355 3912 τὴν
3386 3842 3614 3911 ἐσθῆτα,
3654 3844 3711 3894 ὲν
3751 3842 3967 3894 ίδιὼτου

2389 3936 2629 4003 σχήματι
2666 3936 3035 4003 Κωνσταντίῳ
3068 3936 3420 4004 παρήγαγον.
3463 3934 3523 3986 '0
3554 3935 3614 3986 δὲ
3652 3935 3817 4004 μηδὲν
3839 3936 3970 3987 ἆτο-

2386 4045 2488 4081 nov
2543 4026 2850 4089 πεπονθὼς,
2903 4026 3191 4090 διεσώζετο
3246 4028 3385 4097 πρὸς
3445 4028 3855 4083 Κωνσταντίου.
3906 4029 3970 4082 ὃν

2382 4118 2598 4171 τοσαῦτ’
2644 4119 3077 4189 ὲῦλασφήμησας
3110 4120 3250 4186 μετὰ
3296 4118 3392 4172 τοῦ
3430 4122 3660 4190 πατρός.
3704 4138 3724 4172 ι
3769 4120 3969 4174 Τοίνυν

2383 4211 2653 4280 ἐρήσομαί
2682 4227 2765 4275 σε,
2800 4212 2916 4273 πῶς
2944 4212 3003 4264 ὃν
3041 4213 3216 4275 ἀξιοῖς
3253 4212 3341 4266 τὸν
3371 4210 3519 4264 οὕτω
3548 4211 3839 4283 φιλοτιμίᾳ
3869 4218 3970 4267 καὶ

2386 4306 2771 4374 μεγαλοδωρεᾷ
2806 4306 3089 4373 χαίροντα,
3139 4306 3304 4359 πάλιν
3351 4306 3441 4360 τὸν
3472 4306 3638 4359 αὐτὴν
3660 4307 3806 4360 οὕτω
3836 4325 3969 4376 σμι-

2383 4399 2644 4467 κρολόγον
2677 4394 2817 4451 είναι
2851 4398 2946 4449 καὶ
2991 4398 3415 4465 φειδωλότατον,
3447 4398 3523 4462 ὡς
3571 4398 3669 4452 καὶ
3714 4398 3968 4455 τοιοῦτον

2382 4489 2611 4558 θεομισῆ
2643 4490 2810 4559 πόρον
2844 4491 2934 4541 καὶ
2967 4490 3135 4561 ἐναγῆ
3181 4493 3246 4560 τῇ
3292 4491 3591 4560 Ῥωμαίων
3625 4494 3966 4562 καινουργῆ-

702 4608 826 4645 rum
883 4592 1051 4646 fuisse
1102 4592 1275 4653 dicis.
1327 4600 1387 4645 ut
1444 4600 1551 4643 tam
1602 4592 1988 4645 detestandum
2053 4590 2275 4660 Deoque

2405 4597 2471 4632 rat
2531 4580 2814 4649 πολιτείας
2873 4582 3197 4634 Παντάπασι
3246 4582 3506 4650 συνάγειν
3562 4582 3622 4634 ού
3679 4583 3962 4651 δύναμαι·

701 4686 942 4738 invisum
1000 4684 1351 4752 portorium,
1416 4683 1641 4736 insolito
1697 4698 1956 4751 novoque
2013 4681 2174 4734 modo
2223 4681 2275 4733 in

703 4778 935 4831 Romani
968 4776 1185 4845 imperii
1228 4776 1772 4830 administrationem
1806 4774 2117 4829 invexerit?
2164 4773 2278 4841 Ego

701 4880 850 4923 certe
881 4870 1106 4938 quidem
1153 4870 1412 4938 colligere
1444 4870 1497 4921 id
1537 4884 1647 4922 non
1686 4883 1932 4937 possum.
1962 4866 2277 4922 Clarissitne

704 4963 866 5016 etiam
900 4962 996 5015 tibi
1024 4961 1346 5027 ostendam,
1375 4976 1560 5031 neque
1585 4960 1839 5029 CriSputn
1874 4961 2067 5024 tilium,
2099 4973 2278 5027 neque

699 5053 988 5121 conjugcm
1049 5054 1323 5127 Faustam,
1374 5054 1443 5107 ab
1474 5068 1541 5107 eo
1589 5053 1661 5107 ita
1698 5052 1998 5107 crudeliter
2053 5060 2279 5105 necatos

698 5162 823 5199 esse
852 5164 867 5199 :
903 5162 1084 5216 neque
1115 5148 1280 5201 etiam
1333 5146 1588 5200 eumdem
1622 5146 1705 5200 vel
1734 5160 1860 5199 cum
1908 5144 2164 5215 Egyptio
2211 5159 2277 5198 eo

700 5239 896 5297 fuisse.
934 5240 1017 5292 vel
1056 5240 1383 5309 religionem
1421 5250 1693 5302 nostram,
1719 5247 2011 5308 postquam
2044 5253 2164 5291 eam
2192 5244 2278 5291 est

698 5333 1043 5400 complexus,
1082 5332 1150 5384 ab
1184 5347 1250 5383 eo
1304 5331 1610 5400 accepisse.
1654 5331 1954 5385 Eusebium
2008 5331 2275 5400 Pamphili

698 5424 852 5486 audi,
892 5425 984 5491 qtti
1025 5424 1245 5477 illorum
1288 5434 1533 5492 tempore
1568 5422 1777 5485 ﬂoruit,
1809 5431 1865 5476 et
1897 5436 2020 5475 cum
2049 5422 2130 5476 eis
2156 5423 2276 5490 plu-

700 5520 903 5569 rimum
943 5516 1065 5579 fuit,
1116 5518 1524 5570 consuetudine
1561 5525 1617 5570 et
1656 5516 1899 5569 amicitia
1943 5530 2135 5569 eorum
2174 5517 2273 5567 ad-

702 5608 924 5663 modum
959 5625 1110 5661 usus.
1149 5608 1226 5662 Tu
1264 5625 1500 5677 namque
1532 5610 1707 5662 solum
1737 5622 2015 5660 rumorem
2049 5607 2271 5658 mutila-

702 5712 819 5753 tum
873 5683 1101 5755 tnandas
1152 5702 1377 5760 litteris.
1421 5718 1529 5754 non
1569 5704 1857 5754 veritatem
1908 5700 2127 5767 ipsam:
2179 5697 2273 5764 qui

698 5796 862 5862 longe
892 5803 1017 5861 post
1050 5804 1319 5862 tempore,
1353 5794 1456 5845 sub
1489 5792 1734 5847 llonorio
1765 5802 1817 5845 et
1853 5790 2107 5848 Arcadio.
2145 5790 2275 5857 qui-

701 5883 806 5939 bus
860 5884 1145 5939 historiam
1197 5894 1347 5939 tuatn
1406 5886 1698 5948 dcdicasti,
1747 5894 1801 5937 et
1854 5886 2089 5937 fortasse
2151 5892 2272 5950 post

2380 4674 2649 4739 ἀποδείξω
2669 4673 2723 4725 δέ
2758 4690 2842 4725 σοι
2890 4674 3228 4741 σαφέστατα,
3264 4676 3340 4737 ὡς
3368 4676 3490 4729 οὐδὲ
3524 4677 3617 4728 τὸν
3672 4677 3787 4729 υίὸν
3826 4679 3970 4747 Κρί-

2386 4784 2541 4831 σπον,
2576 4764 2692 4818 ἀλλ’
2718 4765 2840 4819 οὐδὲ
2868 4765 2966 4837 τὴν
2991 4767 3236 4836 γαμετὴν
3266 4768 3539 4827 Φαύσταν.
3572 4770 3797 4840 ἀπηνῶς
3820 4769 3968 4823 οὕτω

2380 4857 2745 4927 διεχειρίσατο
2766 4874 2778 4887 ο
2815 4858 2925 4910 οὐδ’
2970 4860 3063 4909 ἐπὶ
3088 4858 3159 4909 τὰ
3184 4860 3433 4927 ἡμέτερα
3468 4855 3633 4927 ἢλθεν
3664 4862 3960 4932 Αἰγυπτίῳ

2378 4954 2486 5004 τινὶ
2538 4954 2958 5021 συγγενόμενος,
3014 4954 3107 5019 ἀφ’
3156 4947 3217 5003 οὗ
3268 4954 3379 5003 τῶν
3434 4955 3847 5020 νενομισμένων
3891 4959 3961 5022 τῇ

2381 5045 2649 5115 θρησκείᾳ.
2677 5046 2930 5114 μετέσχε.
2965 5046 3075 5097 Καὶ
3110 5046 3171 5114 δὴ
3198 5047 3361 5098 ἄκουε
3405 5046 3652 5099 ῐύσεόίου
3684 5048 3778 5100 τοῦ
3806 5049 3967 5119 Παμ-

2380 5136 2557 5203 φίλου,
2587 5136 2646 5198 ὃς
2673 5138 2786 5197 τοῖς
2818 5136 3043 5189 ἐκείνων
3085 5138 3299 5207 χρόνοις
3330 5138 3675 5208 συνήκμασε,
3708 5144 3802 5192 καὶ
3831 5157 3964 5193 συν-

2378 5229 2597 5297 εγένετο
2638 5228 2911 5292 πλεῖστον,
2942 5230 3161 5295 ὁμιλίας
3212 5230 3307 5281 καὶ
3356 5230 3537 5297 φιλίας
3598 5232 3827 5283 ἐκείνων
3877 5234 3961 5295 εἰς

2378 5323 2543 5391 κόρον
2566 5322 3009 5384 καταπολαύσας.
3032 5322 3103 5375 Σὺ
3127 5324 3236 5391 γὰρ
3264 5322 3327 5391 δὴ
3357 5323 3508 5390 μόλις
3533 5322 3703 5392 ἀκοὴν
3726 5326 3961 5393 γράφεις

2378 5417 2932 5484 ὴκρωτηριασμένην,
2967 5418 3125 5483 μήτοι
3159 5432 3220 5481 γε
3252 5417 3315 5483 δὴ
3339 5417 3600 5484 ἀλήθειαν
3629 5432 3643 5445 ο
3674 5418 3768 5469 ἐπὶ
3817 5423 3958 5470 πολὺ

2379 5506 2788 5574 καθυστερίςων
2824 5506 2918 5557 τοῦ
2952 5508 3169 5575 χρόνου,
3197 5509 3291 5559 ἐπὶ
3322 5507 3588 5577 Ὀνωρίου
3618 5513 3715 5563 καὶ
3752 5512 3961 5582 Ἀρκει·

2377 5598 2491 5649 δίου
2520 5600 2832 5664 γενόμενος,
2869 5592 2950 5657 οἷς
3007 5601 3098 5648 καὶ
3129 5599 3230 5669 τὴν
3281 5600 3613 5668 συγγραφὴν
3679 5600 3955 5669 εστησας·

2382 5691 2507 5739 ίσω·
2545 5690 2599 5740 δὲ
2641 5691 2729 5739 καί
2763 5688 2943 5757 πολλῴ
2978 5690 3268 5758 γενόμενος
3296 5690 3543 5761 ὕστερον.
3572 5687 3673 5745 υἷα
3702 5690 3747 5745 δ’
3781 5694 3957 5746 Εὐσέ-

2380 5783 2495 5843 ϐιος
2530 5784 2555 5832 ὁ
2605 5782 3003 5850 Κωνσταντένῳ
3039 5784 3133 5835 καὶ
3166 5785 3400 5855 Κρίσπῳ
3454 5789 3817 5855 συνακμάσας
3863 5792 3960 5843 καὶ

2380 5874 2772 5943 συγγενόμενος
2805 5878 2860 5925 ἑν
2894 5874 2969 5941 τῴ
3003 5874 3175 5946 ὀγδόῳ
3210 5878 3363 5947 τόμῳ
3406 5878 3502 5948 τῆς
3535 5881 3955 5952 συγγραφείσης
