4244 6438
307 432 420 498 209

1246 423 1847 484 ECCLESIASTICJE
1886 423 2274 484 lllSTOllIzE
2314 424 2456 485 LIB.
2500 425 2652 485 XVI.

3469 421 3579 488 210

309 545 462 613 αὐτῷ
510 535 1066 606 Ἐκκλησιαστικῆς
1094 537 1366 604 ιστορίιις
1387 553 1450 588 πε
1462 537 1514 604 p‘t
1536 535 1714 586 αὐτῶν
1747 534 1909 601 ἐγρα-

2014 549 2203 586 eorum
2237 535 2403 590 etiam
2440 543 2708 602 tempora,
2741 533 2957 602 longius
2993 532 3215 587 vixeris.
3261 533 3392 601 Qum
3441 546 3575 590 vero

314 655 442 703 φεν,
467 636 654 688 ἄκουε.
695 651 712 683 ι
741 632 947 700 Χρόνου
979 631 1034 682 δὲ
1067 631 1318 683 πλείστου
1353 629 1555 697 μεταξὺ
1587 629 1900 695 γενομένου.

315 726 576 796 βασιλεὺς
611 725 1021 784 Κωνσταντίνος
1042 725 1136 774 τὸν
1163 723 1341 774 πάντα
1367 721 1480 790 βίον
1513 723 1792 789 πραότατα
1812 721 1904 772 καὶ

312 822 435 880 τοῖς
468 819 731 884 ὑπηκόοις
759 815 1158 872 εὐνοϊκώτατα,
1193 813 1271 882 τῷ
1305 831 1362 866 τε
1390 814 1519 883 Θείῳ
1559 814 1702 880 λόγῳ
1734 828 1906 880 προσ-

317 909 620 974 φιλέστατα
655 907 999 974 διαθέμενος.
1046 905 1214 956 παῖδα
1259 905 1485 973 γνήσιον
1532 904 1904 956 Κωνστάντιον

297 1055 299 1057 ,
329 1000 718 1067 ιὺτοκράτορα
753 997 1019 1049 σεϐαστδν
1049 995 1165 1048 ἀνθ’
1195 996 1390 1048 ἑαυτοῦ
1417 995 1760 1059 καταλιπὼν,
1788 1013 1903 1048 κοι-

328 1088 390 1155 ρῷ
422 1090 639 1154 φύσεως
657 1089 806 1155 νόμῳ
832 1085 1066 1154 τελευτᾷ
1099 1084 1199 1140 τὸν,
1225 1082 1393 1151 βίον.)
1422 1084 1530 1135 Καὶ
1561 1081 1680 1150 μεθ’
1701 1083 1866 1148 ἕτερα
1889 1097 1901 1109 ’

318 1197 337 1229 ι
365 1181 570 1231 Τούτου
590 1181 718 1240 παῖς
738 1179 1117 1236 Κωνστάντιος
1139 1175 1300 1236 εὐθὺς
1325 1176 1458 1242 ἀρχό
1467 1172 1905 1241 μενος,βασιλεὺς

309 1267 652 1329 τελεώτατος
686 1269 784 1320 καὶ
837 1266 1104 1325 σεϐαστὸς
1141 1265 1274 1332 πρὸς
1329 1265 1436 1316 τῶν
1489 1263 1900 1337 στρατοπέδων,

315 1358 416 1409 καὶ
454 1356 536 1408 ἔτι
594 1356 729 1409 πολὺ
786 1356 996 1407 τούτων
1053 1355 1320 1423 πρότερον
1380 1353 1517 1422 πρὸς
1580 1354 1748 1406 αὐτοῦ
1799 1352 1896 1404 τοῦ

309 1448 712 1515 παμϐασιλέως
754 1445 888 1498 Θεοῦ
946 1445 1368 1512 ἀναγορευθεὶς,
1406 1446 1657 1514 ζηλωτὴν
1705 1447 1899 1498 ἑαυτὸν

309 1538 415 1603 τῆς
435 1537 711 1605 πατρικῆς
743 1538 870 1605 περὶ
892 1534 984 1587 τὸν
1004 1535 1275 1604 ἡμέτερον
1299 1535 1454 1602 λόγον
1475 1535 1753 1596 εὐσεϐείας
1771 1552 1904 1586 κατ-

307 1631 607 1698 εστήσατο.
651 1647 670 1680 ι
706 1631 813 1680 Καὶ
860 1629 993 1697 πρὸς
1040 1628 1114 1696 τῷ
1142 1628 1285 1679 τέλει
1327 1629 1383 1680 δὲ
1413 1628 1510 1695 τῆς
1539 1627 1706 1696 αὐτῆς
1763 1630 1904 1679 ἱστο-

312 1723 442 1787 ρὲας
477 1722 571 1772 καὶ
605 1720 752 1772 ταῦτ’
787 1721 1031 1787 ἐπιλέγει
1053 1739 1064 1752 ·
1107 1737 1124 1768 ι
1176 1721 1236 1771 '0
1261 1720 1317 1772 δὶ
1349 1721 1516 1788 ἀρετῇ
1554 1721 1700 1787 πάσῃ
1722 1718 1907 1770 Θεσσε-

305 1812 469 1873 ϐείας
514 1814 816 1880 ἐμπρέπων
876 1814 1134 1880 μέγιστος
1199 1811 1423 1880 νικητὴς
1485 1812 1903 1872 Κωνσταντῖνος

310 1905 418 1954 σὺν
455 1904 610 1955 παιδὶ
644 1905 879 1973 Κρίσπῳ
915 1903 1129 1971 βασιλεῖ
1179 1904 1584 1971 θεοφιλεστάτῳ
1615 1906 1710 1956 καί
1759 1903 1900 1956 κατὰ

315 1999 508 2048 πάντα
533 1995 628 2047 τοῦ
687 1997 894 2060 πατρὸς
929 1997 1123 2064 ὁμοίῳ,
1153 1996 1250 2064 τὴν
1285 1996 1493 2047 οἰκείαν
1531 1995 1706 2064 Ἐῲαν
1765 1999 1899 2048 ἀπε-

303 2086 646 2154 λάμϐανεν.)
696 2088 818 2148 Πῶς
847 2084 892 2137 δ’
924 2088 987 2138 ἂν
1017 2088 1044 2138 ὁ
1078 2085 1335 2146 Εὐσέϐιος
1366 2086 1511 2136 οὕτω
1534 2087 1621 2137 τὸν
1653 2087 1900 2153 Κρίσπον

308 2177 534 2244 ἐπῄνει,
573 2178 621 2227 εί
651 2178 788 2243 πρὸς
817 2176 912 2226 τοῦ
951 2176 1158 2242 πατρὸς
1191 2176 1464 2246 ἀνῄρητο;
1501 2177 1621 2236 Πῶς
1676 2177 1719 2228 δ’
1754 2179 1902 2228 ἀναι-

313 2270 502 2334 ρεθεὶς
533 2271 560 2318 ὀ
584 2270 717 2328 παῖς
747 2268 950 2317 ἐπεϐίω
986 2267 1060 2334 τῷ
1095 2269 1513 2336 Κωνσταντίνῳ,
1539 2270 1673 2319 ὅπου
1704 2284 1766 2332 γε
1805 2270 1898 2318 καὶ

309 2362 338 2410 ὀ
379 2361 523 2426 μετά
558 2358 820 2410 Εὑσέϐιον
852 2359 919 2410 τὰ
946 2360 1382 2422 ὲκκλησιαστικά
1435 2360 1899 2427 συγγραψάμενος

309 2452 666 2518 Θεοεὼρητ-νς
726 2452 861 2519 πρὸς
903 2453 980 2520 τῷ
1009 2451 1241 2518 τέρματι
1270 2452 1355 2503 τοῦ
1384 2452 1496 2520 βίον
1524 2455 1724 2519 ἱστνρὶῖ
1753 2453 1902 2504 Κων-

312 2547 600 2595 σταντῑνον
629 2546 684 2594 ἐν
708 2545 1070 2613 Νικομηδείᾳ,
1092 2547 1188 2609 τῆς
1243 2544 1666 2611 παλιγγενεσίας
1722 2547 1901 2612 τυχεῖν

310 2635 767 2701 ἀναϐαλλόμενον
819 2635 1026 2699 utier;
1078 2637 1495 2689 καταπολαῦσαι
1554 2639 1611 2689 ἐν
1655 2637 1900 2708 Ἰορδάνῃ

305 2727 390 2796 τῷ
428 2726 686 2793 ποταμῷ,
707 2726 893 2786 αὑταῖς
918 2726 1130 2788 λέξεσιν
1165 2727 1307 2780 οὔτω
1341 2729 1564 2794 φάσκων
1586 2745 1597 2756 '
1626 2749 1642 2780 ι
1668 2729 1903 2796 Τριακο-

311 2818 445 2870 στὸν
476 2819 535 2870 ὄὲ
572 2813 640 2887 ἦν
699 2818 849 2888 αὐτῷ
878 2818 977 2885 τῆς
1032 2817 1310 2884 βασιλείας
1349 2819 1470 2881 ἔτος
1496 2835 1509 2850 '
1562 2820 1811 2872 ἐνιαυτοῦ
1845 2820 1900 2872 δὲ

309 2912 415 2962 καὶ
452 2909 635 2961 ἄλλων
669 2909 854 2977 μηνῶν
879 2910 1276 2978 διεληλυθότων
1305 2911 1525 2971 ὀλίγων,
1564 2910 1620 2961 ὲν
1652 2910 1901 2980 Νικομη-

306 3002 435 3070 διίςι
464 3002 572 3068 τῆς
631 3001 884 3062 Βιθυνίας
932 3002 1137 3067 διάγων
1189 3001 1543 3072 ἡρῤώστησε.
1581 3003 1652 3054 Τὸ
1698 3003 1751 3054 δὲ
1805 3003 1899 3070 τῆς

311 3093 674 3160 ἀνθρωπίνης
705 3091 888 3160 βιοτῆς
915 3093 1110 3159 ἄδηλον
1137 3093 1518 3161 ἐπιστάμενος,
1544 3093 1602 3145 τὸ
1627 3093 1721 3144 τοῦ
1751 3094 1897 3146 Οεὶου

2012 625 2304 692 Eusebius,
2338 627 2582 696 quicum
2612 624 2978 679 Constantino
3011 634 3066 680 et
3091 623 3286 694 Crispo
3322 627 3480 692 vixit,
3515 628 3570 682 in

2007 732 2202 772 octavo
2249 719 2632 772 Ecclesiastica:
2691 717 2963 770 Historiae
3017 734 3129 771 sure
3194 718 3338 772 libro
3373 717 3440 774 de
3492 720 3574 774 eis

2009 811 2236 871 scribat,
2268 810 2418 864 audi.
2459 829 2477 861 ι
2514 811 2818 864 Plurimum
2850 809 3173 864 intercessit
3200 811 3489 878 temporis.
3517 820 3575 865 et

2011 903 2308 971 imperator
2343 903 2759 963 Constantinus.
2814 919 2939 956 cum
2997 903 3159 956 vitam
3198 919 3416 958 omnem
3476 920 3574 972 per
3643 973 3646 976 ἢ

2008 1011 2277 1048 summam
2314 1011 2441 1064 erga
2473 996 2624 1050 cives
2667 1005 2720 1047 ct
2765 996 3020 1048 subditos
3070 1011 3201 1049 suos
3243 1007 3571 1050 mansuetu-

2008 1086 2188 1138 dinem
2240 1095 2297 1138 et
2354 1086 2814 1146 benevolentiam.
2858 1087 3018 1155 722
3053 1097 3104 1140 et
3130 1086 3570 1154 acceptissimam

2011 1178 2121 1232 Deo
2154 1179 2412 1245 pietatem
2449 1181 2826 1248 transcgisset,
2878 1179 3082 1233 dilecto
3116 1179 3228 1233 lilio
3278 1194 3381 1233 suo
3425 1177 3576 1233 Cou-

2012 1271 2207 1334 tantio,
2257 1271 2594 1338 imperatore
2630 1273 2897 1340 Augusto,
2932 1271 2987 1324 iu
3037 1271 3217 1324 locum
3251 1286 3413 1324 suum
3445 1271 3575 1324 sub-

2009 1363 2224 1426 stituto,
2270 1361 2424 1430 juxta
2458 1377 2803 1415 communem
2837 1361 3098 1414 omnibus
3135 1372 3347 1414 natura:
3394 1361 3570 1430 legem

2008 1450 2268 1505 decessit.
2304 1470 2322 1501 ι
2361 1451 2422 1503 Ει
2450 1460 2570 1520 post
2600 1451 2700 1506 alia
2727 1456 2783 1516 εξ(
2811 1453 2981 1519 llujus
3012 1451 3154 1505 lilius
3183 1451 3561 1516 Constantius,

2005 1544 2418 1612 quamprimum
2452 1545 2622 1604 venit,
2661 1545 2962 1612 imperator
2992 1560 3240 1598 summus
3281 1553 3337 1599 et
3385 1546 3572 1613 Augu-

2009 1644 2125 1688 stus
2156 1636 2224 1689 ah
2250 1635 2521 1699 exercitu,
2573 1645 2627 1691 et
2662 1637 2834 1690 multo
2885 1645 3047 1690 antea
3079 1637 3145 1690 ab
3190 1636 3307 1705 ipso
3335 1637 3576 1706 impera-

2011 1735 2127 1780 tore
2163 1729 2410 1782 onmium
2441 1728 2550 1781 Deo
2581 1728 2953 1788 renuntiatus.
2986 1728 3362 1781 simulatorem
3410 1743 3467 1781 se
3516 1729 3571 1781 in

2011 1816 2262 1871 doctrina
2312 1828 2370 1872 et
2422 1818 3002 1887 professionenostra
3058 1829 3297 1890 paterna:
3354 1821 3575 1888 pietatis

2005 1910 2280 1976 praestitit.
2325 1929 2342 1960 ι
2385 1911 2450 1963 Et
2481 1911 2547 1963 ad
2577 1913 2738 1965 linem
2767 1912 3010 1965 historiae
3064 1915 3185 1981 ejus
3208 1913 3321 1965 haec
3354 1928 3572 1980 quoque

2003 2001 2180 2056 dicit:
2223 2021 2240 2054 ι
2295 2002 2399 2068 Qui
2450 2020 2576 2058 vero
2627 2004 2774 2057 omni
2826 2022 2968 2058 vera:
3010 2007 3063 2059 in
3125 2006 3294 2059 Deum
3348 2005 3572 2074 pietatis

2004 2092 2210 2145 virtute
2275 2093 2505 2154 enituit.
2575 2095 2846 2148 maximus
2906 2095 3086 2149 victor
3143 2096 3569 2156 Constantinus.

2005 2198 2129 2237 cum
2168 2184 2260 2237 Dei
2302 2186 2677 2239 amantissimo
2710 2198 2766 2240 et
2801 2189 2964 2241 rebus
3006 2188 3266 2242 omnibus
3311 2188 3453 2256 patri
3491 2189 3571 2242 si-

2006 2277 2234 2330 millimo
2265 2278 2374 2331 ﬁlio
2402 2278 2597 2347 Crispo
2631 2278 2864 2345 Caesare,
2898 2279 3180 2334 Orientem
3218 2297 3378 2335 suum
3413 2296 3568 2335 rece-

2007 2372 2103 2438 pit.
2141 2388 2157 2420 ι
2197 2369 2483 2436 Quomodo
2520 2372 2816 2434 Eusebius.
2853 2374 2944 2440 qui
2982 2385 3105 2439 post
3144 2373 3570 2429 Constantinum

2002 2476 2288 2534 superstes
2339 2467 2462 2527 fuit.
2496 2467 2752 2536 Cripsum
2801 2478 3086 2538 tantopere
3121 2471 3417 2535 laudasset.
3456 2471 3499 2525 si
3538 2486 3568 2525 α

2005 2566 2159 2623 patre
2194 2557 2237 2609 is
2264 2558 2632 2626 interemptus
2662 2559 2896 2614 luisset?
2939 2561 3000 2612 Et
3051 2561 3442 2627 Theodoritus,
3474 2563 3566 2630 qui

2005 2656 2126 2714 post
2162 2648 2455 2701 Eusebium
2491 2665 2577 2702 res
2609 2651 3014 2704 ecclesiasticas
3041 2653 3394 2720 conscripsit,
3416 2654 3562 2706 circa

2003 2739 2126 2792 vitae
2171 2740 2360 2804 linem.
2403 2740 2825 2794 Constantinum
2867 2741 3200 2795 Nicomedia:
3235 2757 3570 2796 commemo-

2001 2844 2085 2883 rat
2126 2831 2594 2898 regenerationem
2620 2833 2930 2900 suscepisse
2964 2832 3076 2899 (l):
3116 2847 3279 2900 quant
3313 2841 3567 2900 prepter-

2002 2937 2068 2975 ea
2121 2922 2430 2988 distulerat,
2480 2935 2538 2976 ut
2578 2939 2641 2976 ea
2693 2923 2749 2976 in
2794 2924 3034 2978 Jordaue
3067 2939 3227 2977 amne
3270 2924 3562 2993 potiretur.

2001 3011 2167 3080 Cujus
2204 3013 2319 3066 haec
2350 3013 2514 3066 verba
2547 3023 2709 3067 sunt:
2750 3033 2766 3065 ι
2806 3014 3144 3068 Tricesimus
3177 3015 3393 3083 imperii
3446 3015 3567 3082 cjus

2005 3103 2342 3169 prieterierat
2377 3119 2592 3157 annus:
2632 3113 2687 3157 et
2732 3120 2876 3157 anno
2920 3106 3148 3171 insuper
3175 3114 3230 3159 et
3281 3105 3569 3159 mensibus

311 3186 710 3253 βαπτίσματος
759 3186 932 3254 δῶρον
975 3184 1216 3246 ἐδέξατο.
1264 3184 1616 3236 Ἀνεϐάλλετο
1645 3184 1701 3236 δὲ
1739 3185 1897 3254 μέχρι

2011 3195 2191 3259 paucis
2244 3197 2484 3258 exactis,
2546 3196 2874 3250 Nicomedim
2938 3197 3310 3267 Bithynorum
3360 3211 3566 3265 agens,

309 3275 471 3327 τοῦδε
509 3275 603 3326 τοῦ
633 3275 851 3343 χρόνου,
881 3276 938 3324 ὲν
969 3274 1210 3343 Ἰορδάνῃ
1243 3276 1478 3342 ποταμῷ
1499 3275 1693 3327 τούτου
1717 3279 1898 3343 τυχεῖν

312 3365 726 3433 ίμειρόμενος.»
771 3365 956 3416 Ταῦτα
983 3365 1082 3433 μὲν
1115 3368 1207 3416 καὶ
1239 3364 1605 3433 Θεοδώρητος.
1659 3367 1798 3433 Πρὸς
1834 3366 1896 3433 δὴ

311 3457 558 3518 τούτοις,
588 3450 633 3507 ὦ
691 3456 967 3524 κατάρατε
1029 3455 1091 3506 σὺ
1171 3456 1266 3506 καὶ
1313 3455 1566 3519 ὲξάγιστε
1606 3457 1700 3507 καὶ
1733 3455 1908 3524 μιαρὲ’

309 3547 407 3599 καὶ
438 3548 736 3614 παμμίαρε
793 3549 886 3599 καὶ
920 3547 1255 3616 μιαρώτατε,
1289 3547 1415 3615 φῂς,
1436 3547 1508 3607 ὡς
1540 3549 1631 3598 καὶ
1660 3548 1726 3599 τὰ
1766 3547 1899 3599 Ῥω-

311 3637 500 3707 μαίων
539 3641 866 3707 πράγματα,
915 3638 1010 3706 ἀφ’
1043 3633 1105 3691 οὗ
1152 3641 1219 3690 τὰ
1270 3639 1617 3706 Χριστιανῶν
1668 3640 1891 3709 ἤνθησε,

309 3729 642 3782 παντάπασι
673 3731 926 3799 διέφθορε
963 3731 1058 3781 καὶ
1107 3728 1381 3781 ἀπώλετο.
1419 3731 1526 3781 Καὶ
1564 3733 1738 3782 τοίνυν
1771 3733 1894 3798 ἐμοὶ

305 3821 520 3880 δοκεῖς.
570 3820 602 3885 ἢ
644 3821 812 3888 μηδὲν
845 3821 1215 3887 ἀνεγνωκέναι
1262 3820 1370 3871 τῶν
1407 3822 1822 3890 ίττορηθέντων,
1857 3825 1890 3894 ἦ

307 3909 494 3971 οὕτως
521 3910 663 3961 ἑκὼν
689 3911 1028 3976 τυφλώττειν
1054 3912 1188 3978 πρὸς
1209 3914 1306 3981 τὴν
1326 3912 1582 3980 ἀλήθειαν
1607 3930 1621 3945 ο
1658 3915 1895 3981 μάλιστα

310 4004 425 4069 γὰρ
461 4002 528 4054 ἄν
552 4019 634 4064 τις
658 4004 974 4056 τούναντίον
997 4004 1225 4073 εὑρήσει
1257 4008 1321 4074 τῇ
1349 4006 1691 4074 Χριστιανῶν
1712 4007 1892 4060 πίστει

308 4098 369 4156 ἐς
408 4096 470 4145 τὸ
528 4093 934 4149 πολλαπλάσιον
992 4096 1272 4149 ἐπιδοῦναι
1337 4101 1428 4150 καὶ
1477 4097 1772 4167 Ῥωμαίοις
1825 4102 1891 4153 τά

310 4188 651 4253 πράγματα.

1999 3294 2264 3354 aegrotare
2295 3287 2482 3354 erepit.
2518 3287 2670 3351 Quod
2714 3303 2842 3339 vero
2897 3289 3091 3355 probe.
3140 3301 3303 3356 quam
3353 3287 3564 3340 incerta

2002 3377 2241 3430 humana
2299 3378 2404 3430 vita
2445 3387 2591 3432 esset
2638 3379 2829 3441 sciret,
2862 3380 3003 3432 sacri
3044 3378 3303 3448 baptismi
3355 3375 3564 3431 donum

2001 3469 2208 3535 recepit
2235 3486 2248 3520 :
2274 3483 2434 3536 quem
2457 3469 2526 3523 ad
2555 3469 2608 3521 id
2642 3485 2814 3538 usque
2842 3478 3053 3536 tempus
3084 3479 3367 3537 propterea
3391 3467 3566 3521 distu-

2001 3560 2161 3623 lerat,
2198 3562 2341 3628 quod
2377 3577 2502 3615 eum
2549 3562 2603 3614 in
2638 3563 2878 3616 Iordane
2923 3561 3090 3616 ﬂuvio
3124 3562 3404 3630 suscipere
3437 3576 3565 3614 con-

2002 3652 2306 3721 cupiverat.
2348 3670 2365 3702 i
2408 3653 2534 3707 Haec
2565 3653 2957 3708 Theodoritus.
2987 3654 3070 3707 Ad
3107 3656 3241 3716 haec,
3276 3653 3560 3707 hominum

2003 3743 2251 3795 omnium
2301 3744 2533 3796 maxime
2574 3744 2931 3809 exsecrande,
2981 3743 3327 3810 detestande,
3358 3756 3566 3796 nocen-

2001 3835 2241 3892 tissime.
2311 3834 2722 3902 impurissime,
2779 3833 3208 3888 sceleratissime
3254 3874 3269 3898 ,
3332 3832 3557 3899 adjicis,

1999 3922 2292 3989 imperium
2325 3925 2628 3975 Romanum
2656 3922 2724 3975 ab
2751 3938 2818 3976 eo
2847 3933 3094 3990 tempore
3118 3937 3227 3991 quo
3247 3921 3559 3977 Christiana

2001 4013 2191 4081 religio
2241 4013 2447 4078 ﬂoruit,
2507 4027 2734 4081 prorsus
2792 4013 3140 4067 intercidisse
3195 4023 3360 4082 atque
3417 4015 3560 4066 inte-

1996 4105 2173 4157 riisse.
2209 4104 2288 4157 Tu
2323 4119 2452 4158 vero
2496 4109 2582 4159 vel
2621 4106 2761 4161 nihil
2798 4121 3028 4176 prorsus
3073 4121 3270 4160 eorum
3316 4122 3436 4175 qua:
3466 4121 3563 4174 per

1995 4197 2258 4251 historias
2310 4199 2589 4252 memoriae
2641 4198 2900 4254 mandata
2971 4210 3124 4265 sunt,
3174 4200 3413 4269 legisse,
3472 4201 3558 4252 vel

311 4283 411 4335 tua
452 4293 653 4346 sponte
686 4299 992 4338 excecasse
1045 4294 1099 4339 te
1165 4284 1364 4354 ipsum,
1431 4289 1834 4361 adjveritatem
1898 4294 2378 4362 perspiciendam,
2434 4295 2664 4350 videris.
2714 4295 2870 4362 Quod
2916 4312 3157 4368 namque
3207 4297 3392 4350 verbis
3450 4295 3558 4349 tuis

312 4376 572 4448 maxime
598 4384 684 4430 est
756 4378 1118 4440 contrarium,
1193 4393 1291 4446 per
1359 4379 1798 4436 Christianorum
1875 4385 2130 4440 videlicet
2199 4388 2358 4442 lidcm
2420 4389 2650 4443 Romani
2721 4391 2936 4459 imperii
2994 4406 3083 4447 res
3139 4391 3328 4446 multis
3379 4388 3555 4445 modis

309 4468 556 4518 maxima
614 4469 825 4536 cepisse
890 4471 1268 4535 incrementa,
1325 4470 1484 4525 facile
1550 4474 1674 4541 quis
1726 4475 2026 4532 invenerit.

910 4613 1160 4667 ΚΕΦᾹΔ.
1199 4613 1329 4669 ΜΓ’.

310 4733 620 4797 Ἔλεγχος
651 4727 803 4801 πρὸς
846 4728 954 4801 {or
981 4729 1168 4801 αὐτρν
1219 4729 1512 4801 Ζώσιμον,
1549 4731 1630 4797 ὡς
1658 4733 1732 4801 τῇ
1763 4735 1891 4788 ἐπι..

383 4801 570 4867 δημιςι
592 4797 836 4872 μᾶλζιθν
862 4798 1120 4872 Χρισςζοῦ
1168 4799 1240 4851 τὰ
1267 4797 1559 4870 Ῥωμαίων
1579 4797 1893 4872 πράγματα

380 4875 480 4924 ἐπὶ
521 4873 582 4919 τὸ
615 4867 880 4935 κρεῖττον
902 4868 1184 4924 ἐπέδωκε.

383 4981 623 5031 Σκοπεῖν
667 4994 726 5028 σε
761 4976 941 5028 τοίνυν
991 4978 1190 5046 χρεὼν,
1236 4979 1309 5041 ὡς
1342 4980 1457 5049 ἅμα
1507 4985 1568 5051 τῇ
1629 4985 1890 5054 ἐπιδημίᾳ

307 5073 407 5124 τοῦ
475 5071 733 5139 Σωτῆρος
785 5070 942 5139 ἡμῶν
989 5071 1164 5137 Ἰησοῦ
1209 5072 1443 5140 Χριστοῦ
1477 5076 1507 5142 ὴ
1547 5074 1654 5124 τῶν
1702 5077 1888 5126 Μακε-

305 5165 480 5214 δόνων
533 5160 782 5229 βασιλεία
831 5161 1015 5214 τέλεον
1071 5163 1174 5215 ὑπὸ
1214 5164 1498 5231 Ῥωμαίων
1553 5166 1884 5237 καθῄρηται.

315 5255 386 5308 ἸΙ
439 5255 485 5306 δ’
533 5251 812 5317 ’Λλϐανία,
862 5253 944 5304 ἔτι
989 5254 1045 5306 δὲ
1094 5255 1189 5306 καὶ
1231 5256 1461 5324 Ἰϐηρία.
1513 5257 1646 5325 πρὸς
1698 5259 1751 5309 δὲ
1792 5259 1885 5310 καὶ

313 5347 520 5414 Κόλχοι
569 5345 664 5397 καὶ
694 5344 951 5409 Ἄραϐες,
993 5345 1284 5414 Ῥωμαίοις
1327 5348 1601 5400 δουλεύειν
1631 5349 1882 5419 ᾑροῦντο.

311 5442 539 5506 Καῖσαρ
569 5439 628 5491 δὲ
660 5439 822 5500 Γάϊος
856 5440 994 5506 μετὰ
1033 5439 1132 5508 τὴν
1162 5440 1354 5508 τρίτην
1385 5441 1481 5492 καί
1525 5442 1773 5508 εἰκοστὴν
1799 5442 1892 5493 καὶ

307 5529 620 5597 ἑκατοστὴν
665 5529 1000 5598 Ὀλυμπιάδα
1062 5531 1292 5593 Γάλλους
1339 5532 1650 5600 Γερμανούς
1694 5549 1751 5582 τε
1793 5535 1888 5582 καὶ

389 5687 469 5755 (l)
497 5686 898 5741 Constantinus
917 5689 969 5741 in
997 5699 1246 5742 extremo
1273 5690 1397 5740 vitae
1425 5703 1534 5740 sua:
1581 5699 1702 5739 actu
1739 5689 1879 5754 apud

311 5755 697 5811 Nicomediam
727 5759 1036 5824 baptizatus
1078 5767 1181 5820 est,
1214 5773 1319 5809 non
1356 5758 1528 5810 solum
1561 5758 1733 5809 tribus
1794 5773 1880 5809 cc-

311 5825 646 5882 clesiasticis
678 5828 1060 5896 scriptoribus,
1125 5826 1477 5892 Thcodorito,
1540 5829 1761 5880 Socrate
1824 5837 1873 5878 et

1920 4633 1969 4690 D

2447 4629 2605 4699 723
2643 4628 2868 4687 CAPUT
2906 4629 3088 4686 mu.

1992 4738 2414 4815 Zosimusidem
2454 4742 2792 4815 redarguitur
2828 4757 2848 4798 :
2880 4752 2954 4815 et_
2977 4744 3248 4811 probatur,
3276 4746 3416 4815 quod
3459 4746 3553 4800 ad.

2064 4820 2215 4861 ventu
2243 4811 2295 4862 in
2339 4819 2504 4863 terras
2561 4812 2752 4867 Christi
2793 4830 2874 4868 res
2925 4811 3168 4868 Romana
3201 4811 3436 4869 mabima
3473 4818 3553 4869 in-

2061 4890 2324 4933 crementa
2358 4881 2571 4950 ceperit.

2063 4991 2195 5045 illud
2225 5003 2275 5046 te
2316 4993 2664 5048 considerare
2694 4996 2957 5063 oportuit.
2993 5011 3101 5050 una
3140 5011 3268 5051 cum
3313 4997 3548 5052 adventu

1991 5082 2298 5138 Servatoris
2321 5085 2493 5138 nostri
2518 5086 2646 5140 Jesu
2673 5085 2906 5151 Christi,
2940 5087 3294 5142 Macedonum
3322 5103 3545 5159 regnum

1991 5187 2020 5225 a
2072 5175 2327 5231 Romanis
2363 5177 2587 5231 omnino
2639 5179 2912 5233 sublatum
2957 5195 3115 5234 esse:
3170 5190 3225 5234 et
3261 5181 3545 5234 Albaniam

1991 5275 2272 5333 pra'terea,
2305 5277 2359 5322 et
2388 5268 2646 5334 lberiam.
2666 5271 2898 5326 Colchos
2927 5273 3091 5326 etiam
3125 5281 3180 5326 et
3209 5272 3417 5326 Arabes
3433 5287 3548 5326 ser—

1991 5357 2182 5412 vitutis
2228 5358 2575 5418 conditiones
2613 5377 2643 5416 a
2677 5363 2940 5418 Romanis
2977 5364 3300 5432 accepisse:
3353 5361 3542 5417 Caium

1991 5450 2214 5517 insuper
2253 5451 2542 5517 Caesarem,
2600 5463 2722 5521 post
2766 5455 3120 5510 centesimam
3160 5458 3543 5525 octogesimam

1988 5542 2203 5595 tertiam
2241 5541 2640 5613 Olympiadem,
2669 5544 2876 5611 Gallos,
2907 5545 3209 5602 Germanos
3242 5554 3298 5601 et
3329 5547 3544 5603 Britan-

1985 5695 2524 5820 8:)20lllle:t0,t_vlt3l'lllll
2561 5703 2724 5758 etiam
2771 5703 3104 5777 Hieronymo
3125 5716 3180 5762 et
3230 5707 3538 5772 Ambrosio,

1985 5780 2008 5816 c
2040 5781 2086 5817 c.
2152 5783 2206 5818 cs
2239 5783 2301 5820 an
2338 5785 2476 5820 nus.

1981 5780 2086 5817 CIC.
2133 5780 2476 5826 le’l'JllllDllS.
