4244 6438
676 461 775 525 221

1912 446 1954 504 Ν
1969 444 2039 502 1C
2051 440 2332 499 Ei'llORl
2370 441 2454 498 CA
2468 437 2708 498 LLISTI

3830 418 3934 482 212

683 589 786 630 nos
824 573 1143 643 ingentibus
1184 571 1342 625 bellis
1367 582 1678 638 superasse,
1703 574 1758 619 et
1780 564 1968 632 iugum
1998 559 2107 614 illis
2136 571 2249 612 ser-
2278 573 2326 633 Α

2278 573 2326 633 Α
2360 553 2694 624 Βρεταννοὺς
2738 553 2915 620 ἀγῶσι
2970 549 3230 622 μεγάλοις
3263 543 3548 608 ὑπέζευξε,
3598 539 3764 607 ζυγὸν
3812 537 3935 590 δου-

685 664 876 719 vitutis
920 665 1270 734 imposuisse,
1307 661 1677 728 eumdcmque
1717 655 1984 710 Romanae
2032 651 2254 712 ditioni,

687 757 752 811 ad
781 772 873 810 eas
915 771 1052 824 quas
1095 756 1251 824 prius
1299 755 1558 819 habebat,
1604 753 1930 821 quingentas
1964 745 2260 818 populosas

688 848 854 903 urbes
885 847 1188 918 adiecisse:
1235 845 1696 916 quemadmodum
1736 843 1815 897 illi
1844 842 1936 911 qui
1982 841 2098 894 [nec
2130 852 2260 892 con-

687 938 1054 1007 scripserunt,
1094 938 1158 991 ad
1185 936 1508 991 memoriam
1531 933 1867 1002 posteritatis
1884 930 2259 986 transmisere.

687 1031 790 1096 Qui
854 1029 1034 1085 Ctesar
1082 1029 1317 1100 primus,
1365 1037 1489 1098 post
1528 1026 1807 1088 consules,
1861 1023 2158 1078 monarcha
2208 1029 2266 1076 et

689 1123 948 1192 princeps
985 1138 1128 1176 unus
1154 1122 1464 1176 declaratus
1486 1129 1569 1173 est
1598 1139 1609 1172 :
1640 1135 1701 1172 ea
1738 1132 1798 1172 re
1823 1117 1993 1172 veluti
2028 1113 2267 1185 pruriens

689 1225 744 1268 et
775 1215 914 1268 viam
949 1224 1224 1277 sternens,
1266 1222 1324 1267 ut
1355 1213 1585 1267 Romani
1618 1211 1840 1280 imperii
1873 1211 2021 1263 cives
2052 1215 2108 1260 et
2139 1205 2265 1260 sub-

691 1305 792 1358 diti
823 1320 890 1357 cx
918 1305 1159 1374 plurium
1194 1304 1426 1357 deorum
1451 1304 1627 1365 cultu,
1654 1311 1709 1355 et
1733 1300 2053 1353 turbulento
2082 1296 2267 1365 reipu-

695 1398 850 1450 blica:
888 1405 1056 1459 statu,
1098 1396 1165 1449 ad
1209 1411 1397 1460 unam,
1427 1411 1549 1464 quae
1580 1395 1694 1448 sola
1729 1392 2028 1458 obtineret,
2055 1390 2270 1460 religio-

695 1504 858 1550 nem,
909 1504 1004 1555 per
1057 1487 1589 1556 appmpinquantem
1640 1482 1845 1539 Christi
1893 1480 2269 1537 monarchiam

695 1581 1124 1635 adducerentur.
1157 1577 1324 1649 Cujus
1363 1577 1440 1632 rei
1472 1577 1645 1644 gratia
1690 1585 1747 1631 et
1777 1575 1963 1631 Iudaea
1987 1575 2187 1637 omnis,
2217 1579 2272 1627 et

698 1674 890 1726 vicinas
936 1674 1372 1740 circumquaque
1427 1669 1704 1739 regiones,
1749 1670 1998 1723 Romano
2042 1665 2274 1736 imperio

700 1768 774 1821 ita
802 1767 1033 1820 subdita:
1060 1776 1210 1829 sunt,
1249 1776 1307 1817 ut
1352 1776 1468 1817 tum
1497 1763 1735 1833 primum
1775 1777 1973 1816 census
2035 1770 2192 1814 actus
2219 1769 2277 1814 et

699 1859 1000 1927 descriptio
1024 1857 1167 1911 facta
1207 1858 1300 1921 sit,
1333 1857 1389 1910 in
1423 1872 1527 1926 qua
1559 1867 1610 1910 et
1646 1854 1900 1911 Christus
1943 1855 2060 1924 ipse
2105 1853 2276 1907 ascri-

2361 647 2509 709 λείας
2565 645 2907 712 ἐπαγαγών·
2965 645 3058 697 καὶ
3099 641 3467 713 προσεποίησε
3528 637 3592 705 τῇ
3649 631 3938 700 Ῥωμαίων

2362 740 2506 809 ἀρχῇ
2556 738 2692 807 πρὸς
2740 732 2827 798 αἷς
2873 731 3018 803 εἶχεν
3088 735 3281 803 ἑτέρας
3336 731 3520 790 πόλεις
3572 722 3939 782 πεντακοσίας

2362 831 2708 900 οἰκουμένας,
2743 830 2818 891 ὡς
2850 830 2900 882 οἱ
2927 828 2998 880 τὰ
3023 824 3246 880 τοιαῦτα
3282 820 3735 890 συγγραψάμενοι
3785 813 3942 867 καθι-

2367 925 2662 994 στόρησσν.
2697 923 2792 984 Ὃς
2822 920 2888 991 δὴ
2918 921 3076 982 Γάϊος
3105 919 3199 972 καὶ
3229 915 3446 986 πρῶτος
3479 913 3751 982 μόναρχος
3803 905 3942 976 μετὰ

2365 1016 2489 1078 τοὺς
2521 1014 2762 1075 ὑπάτους
2813 1009 3160 1082 ἀνηγορεύθη
3180 1023 3194 1038 '
3227 1007 3430 1060 ὡσανεὶ
3474 999 3847 1074 προοδοι.οιῶν
3879 999 3944 1049 ὲκ

2369 1107 2663 1169 πολυθεῒας
2696 1106 2758 1158 τὸ
2789 1106 3033 1174 ὑπήκοον
3066 1103 3162 1156 καὶ
3201 1097 3589 1171 ὀχλοκρατείας
3621 1095 3714 1147 ἐπὶ
3756 1093 3816 1146 τὸ
3849 1091 3946 1160 μόο

2369 1217 2570 1270 ναρλον
2627 1198 2792 1260 σέϐας
2823 1197 2911 1249 διὰ
2941 1196 3038 1264 τὴν
3065 1196 3188 1248 ὅσον
3223 1191 3375 1245 οῦπω
3411 1189 3678 1258 ἐσομένην
3703 1181 3945 1254 Χριστοῦ

2373 1290 2696 1364 μοναρχίαν.
2741 1281 2815 1342 υῦ
2870 1288 3030 1356 χάριν
3077 1285 3112 1355 ἦ
3144 1300 3201 1336 τε
3248 1283 3477 1337 Ἰουδαία
3523 1280 3676 1330 πᾶσα
3732 1275 3831 1328 καὶ
3877 1275 3947 1326 τὰ

2373 1383 2693 1454 περικύκλῳ
2727 1382 2905 1434 πάντα
2935 1382 3000 1450 τῇ
3043 1378 3323 1446 Ῥωμαϊκῇ
3358 1375 3500 1444 ἀρχῇ
3551 1370 3944 1440 προσεγένετο*

2372 1480 2469 1532 καὶ
2499 1479 2591 1530 ἐπὶ
2632 1477 2810 1540 τόσον,
2842 1475 2916 1536 ὠς
2958 1473 3053 1525 καὶ
3096 1471 3322 1542 πρώτην
3353 1469 3473 1522 τότε
3502 1463 3829 1534 ἀπογραφὴν
3858 1476 3952 1527 γε-

2374 1571 2582 1634 νέσθαι,
2616 1570 2675 1622 ὲν
2729 1562 2890 1641 ﬁmi.
2935 1565 3172 1634 Χριστὸς
3227 1560 3637 1629 ἀπογράφεται,
3668 1555 3768 1623 τῆς
3819 1553 3954 1621 περὶ

2375 1665 2472 1734 τῆς
2504 1661 2754 1732 Βηθλεὲμ
2803 1659 3144 1730 προφητείας
3190 1655 3251 1708 τδ
3303 1654 3478 1724 πέρας
3525 1649 3752 1717 ἔκδηλον
3793 1646 3956 1699 καθι-

2379 1757 2544 1818 στῶν,
2575 1749 2676 1808 ὧδέ
2706 1771 2819 1814 πως
2860 1750 2937 1818 τῷ
2973 1748 3309 1817 πολυδάκρυῖ
3353 1744 3591 1815 Ἰερεμία
3621 1741 3748 1810 περὶ
3781 1739 3956 1805 αὐτῆς

2379 1844 2803 1918 προφοιὸάξοντι
2823 1861 2838 1876 ·
2870 1844 2977 1896 Kal
3001 1841 3106 1903 σὺ,
3137 1840 3404 1907 Βηθλεὲμ
3424 1837 3500 1906 γῆ
3532 1835 3754 1895 Ἰούδα,
3783 1831 3959 1886 οὐδα-

701 1957 828 2018 ptus
868 1923 968 2012 est,
1005 1957 1060 2002 ut
1098 1949 1385 2018 prophetia
1411 1923 1477 2002 d—e
1505 1948 1726 2003 civitate
1754 1923 2034 2002 Bethleem
2089 1954 2276 2014 aperte
2309 1933 2377 2009 Β,

2309 1933 2348 1988 Β
2374 1938 2503 2010 μὼς
2544 1938 2839 2006 ἐλαχίστη
2875 1931 2934 1988 εἴ
2973 1935 3042 1986 ἐν
3089 1931 3214 1998 τοῖς
3258 1933 3552 1999 ἡγεμόσιν
3600 1925 3802 1981 ’Ῑούὸα
3826 1941 3840 1955 ⁸
3888 1923 3959 1976 ἐκ

700 2041 905 2095 exitum
943 2057 1102 2095 suum
1143 2042 1390 2104 haberet,
1419 2055 1584 2109 quam
1620 2040 1686 2093 de
1721 2054 1781 2093 ea
1812 2039 2096 2091 luctuosus
2125 2036 2275 2090 Jere-

705 2135 842 2187 mias
871 2134 1020 2187 hisce
1064 2134 1248 2187 verbis
1291 2133 1577 2201 prmdixit:
1617 2133 1686 2185 Et
1728 2141 1805 2192 tu,
1834 2131 2097 2184 Bethleem
2137 2141 2276 2183 terra

703 2226 865 2286 Jttda,
894 2227 1307 2295 haudquaquam
1348 2227 1567 2276 minima
1597 2241 1647 2275 es
1677 2225 1731 2274 in
1759 2223 2082 2292 principbus
2112 2221 2278 2274 Juda.

709 2319 790 2371 Ea:
836 2328 886 2370 te
925 2320 1062 2371 enim
1113 2319 1478 2387 progrediatur
1518 2318 1647 2377 dum,
1685 2317 1774 2383 qui
1810 2326 1983 2384 pascet
2029 2316 2278 2384 populum

710 2425 882 2459 meum
931 2408 1159 2460 lsrael‘.
1216 2406 1347 2459 Post
1393 2406 1727 2460 int-(Tabilcm
1765 2422 1896 2459 vero
1942 2406 2143 2458 Cl.risti
2189 2405 2280 2457 Ilei

709 2499 878 2552 nostri
912 2499 1273 2563 nativitatem,
1306 2497 1571 2567 [Egyptus
1609 2513 1828 2566 quoque
1875 2499 1926 2551 in
1965 2505 2281 2564 potestatem

712 2591 1084 2645 Ilotttanorum
1138 2591 1410 2659 pervenit,
1462 2593 1705 2642 Antonio
1760 2600 1815 2643 et
1862 2590 2175 2656 CIeOpatra,
2229 2590 2283 2640 in

711 2698 878 2751 quam
900 2693 1231 2751 postremam
1264 2684 1684 2737 Ptolemaeorum
1713 2699 1938 2752 regnum
1970 2683 2182 2744 incidit,
2219 2680 2286 2733 ab

711 2780 957 2844 Augusto
986 2776 1199 2829 Cwsare
1243 2791 1472 2844 prorsus
1510 2777 1779 2830 devictis:
1824 2776 1925 2830 sub
1955 2793 2065 2844 quo
2091 2784 2143 2828 ct
2185 2775 2287 2826 Do-

715 2870 896 2922 minus
939 2882 1126 2922 noster
1168 2869 1331 2923 Jcsus
1385 2870 1639 2923 Christus
1691 2879 1850 2923 natus
1906 2878 2009 2922 est.
2051 2867 2289 2921 Antonio

713 2961 1002 3015 Cornelius
1044 2961 1231 3016 Gallus
1275 2962 1342 3014 ab
1388 2962 1634 3029 Angusto
1682 2962 1734 3014 in
1765 2963 2029 3029 regiones
2071 2958 2289 3029 Egypti

721 3055 920 3108 missus
956 3055 1245 3118 success‘t,
1268 3065 1323 3108 et
1365 3055 1576 3122 primus
1622 3063 1744 3123 post
1779 3054 2100 3108 Ptolemaeus
2133 3050 2284 3122 Egy-

721 3156 872 3214 ptum
904 3149 1243 3216 provinciam
1288 3147 1714 3210 administravit,
1756 3147 1917 3201 sicuti
1968 3146 2072 3199 hoc
2122 3147 2291 3197 histo-

2380 2029 2497 2082 σοῦ
2529 2029 2638 2096 γάρ
2671 2045 2779 2095 ,μοι
2828 2025 3217 2087 ἐξελεύσεται
3247 2021 3606 2088 ἡγούμενος,
3636 2015 3803 2079 ὅστις
3832 2029 3962 2066 ποι-

2375 2120 2555 2191 μανεῖ
2602 2119 2710 2171 τὸν
2761 2118 2915 2170 λαόν
2959 2133 3078 2184 μου
3109 2114 3216 2167 τὸν
3249 2110 3520 2179 Ἰσραήλ.
3553 2108 3710 2163 Μετὰ
3753 2107 3810 2159 δὲ
3860 2105 3961 2174 τὴν

2383 2219 2622 2286 ἄρρητον
2659 2212 2910 2280 γέννησιν
2943 2206 3180 2278 Χριστοῦ
3207 2205 3302 2258 τοῦ
3353 2201 3491 2257 Θεοῦ
3522 2201 3681 2272 ἡμῶν
3706 2202 3800 2253 καὶ
3823 2200 3960 2269 αὑτὴ

2389 2311 2665 2374 Αἴγυπτος
2723 2304 3031 2358 ὑποκύπτει
3106 2299 3437 2369 Ῥωμαίοις,
3521 2296 3794 2362 Ἀντωνίῳ
3869 2292 3964 2344 καὶ

2388 2401 2737 2468 Κλεοπάτρᾳ,
2771 2399 2849 2459 είς
2882 2399 2947 2466 ἢν
2979 2397 3217 2464 ὲσχὲτην
3246 2396 3277 2462 ἡ
3304 2391 3411 2444 τῶν
3438 2388 3788 2458 Πτολεμαίων
3821 2384 3964 2454 ἁρχὴ

2388 2495 2722 2560 κατήντησε,
2774 2491 2958 2541 τέλεον
3014 2483 3505 2552 καταγωνισοεῖσιν
3555 2479 3851 2546 Αὐγούστῳ
3890 2474 3968 2544 τῷ

2391 2586 2670 2653 Καίσαρι*
2716 2581 2803 2647 ἐφ’
2849 2573 2910 2632 οῦ
2953 2581 3046 2631 καὶ
3079 2581 3104 2630 ὁ
3151 2576 3357 2647 Κύριος
3393 2575 3551 2644 ἡμῶν
3592 2571 3798 2639 Ἰησοῦς
3834 2569 3970 2637 Χρι-

2395 2679 2517 2739 στὸς
2545 2675 2831 2742 ἐγεννήθη.
2876 2671 3164 2724 ’Λντώνιον
3193 2668 3248 2720 δὲ
3295 2665 3590 2735 Κορνήλιος
3629 2661 3831 2721 Γάλλος
3861 2659 3970 2710 τῶν

2393 2772 2449 2822 ὲν
2480 2768 2744 2834 Αἰγύπτῳ
2766 2764 2961 2833 χωρῶν
2986 2763 3255 2830 διεδέχετο
3286 2759 3600 2825 Αὐγούστου
3628 2753 3968 2822 πέμψαντος,

2395 2860 2610 2927 πρῶτος
2663 2857 2804 2928 μετὰ
2854 2855 2980 2917 τοὺς
3031 2851 3401 2922 Πτολεμαίους
3455 2848 3738 2917 Αἰγύπτου
3774 2846 3968 2914 ἄρξας,

2392 2952 2466 3012 ὡς
2499 2951 2588 3004 καὶ
2643 2952 2754 3010 τοῖ;
2808 2948 3130 3015 ίστορήσασι
3181 2945 3310 3011 περὶ
3357 2941 3564 2994 τούτων
3620 2940 3970 3007 ἀνείληπται.

2405 3044 2541 3096 Ὑπὸ
2588 3044 2641 3094 δὲ
2672 3041 2953 3094 Βεντιδίου
3005 3037 3430 3104 Κοιρϐούλωνός
3478 3051 3540 3087 τε
3575 3035 3668 3086 καὶ
3716 3033 3974 3102 Νέρωνος

2398 3133 2831 3205 στρατηγοῦντος
2908 3133 3050 3182 πόεα
3115 3131 3326 3199 Πέρσαι
3372 3125 3744 3190 πεπόνθασιν;
3782 3124 3862 3175 ἐτι
3918 3122 3974 3174 δὲ

722 3241 820 3295 rici
848 3250 1135 3294 testantur.
1161 3240 1308 3306 Quas
1329 3255 1459 3294 vero
1489 3239 1675 3294 clades
1704 3238 1883 3294 Persae
1916 3239 2228 3306 acceperint
2259 3252 2289 3290 a
2319 3266 2364 3323 ο
2397 3248 2398 3253 ‘

2319 3266 2364 3323 ϐ
2397 3227 2492 3279 καὶ
2523 3226 2627 3278 ὑπὸ
2657 3225 2924 3294 Σευὴρου,
2955 3220 3229 3290 Τραϊανοῦ
3265 3236 3324 3270 τε
3355 3220 3449 3271 καὶ
3487 3216 3696 3286 Κάρου,
3727 3211 3975 3266 Κασσίου

2626 3317 2710 3323 -η-
2823 3313 2868 3323 ,Α
3055 3312 3076 3321 ο
3118 3314 3126 3323 ι
3226 3311 3268 3323 η
3312 3309 3328 3323 ς
3467 3309 3478 3323 Ι
3617 3307 3659 3323 In
3733 3301 3974 3323 ,\\_,._l--.

723 3333 997 3395 Ventidio,
1046 3333 1363 3387 Corbulone
1408 3342 1458 3386 et
1518 3332 1752 3387 Neronis
1804 3331 2070 3390 ducibus.
2129 3339 2293 3397 atque

721 3426 851 3478 item
884 3439 914 3477 a
959 3425 1185 3491 Severo,
1237 3425 1493 3494 Trajano,
1536 3423 1698 3487 Caro,
1750 3423 1958 3488 Cassio,
2007 3420 2294 3476 Odenatlto

724 3516 1068 3584 Palmyreuo,
1095 3516 1406 3586 Apollonio,
1441 3525 1497 3570 et
1525 3516 1673 3580 aliis,
1714 3527 1768 3568 et
1801 3516 2020 3584 quoties
2049 3513 2296 3568 Seleucia

725 3608 1126 3678 etCtesiphon,
1181 3620 1347 3677 atque
1390 3610 1556 3662 etiam
1600 3609 1824 3674 Nisibis,
1855 3625 1977 3678 qua:
2016 3621 2162 3660 nunc
2191 3608 2298 3660 huc

722 3716 869 3755 nunc
894 3701 1021 3755 illuc
1047 3702 1286 3764 transiit,
1308 3710 1465 3770 capta
1483 3703 1575 3766 sit,
1600 3710 1657 3755 et
1676 3702 1952 3770 quomodo
1971 3701 2228 3753 Armenia
2245 3709 2300 3754 et

724 3793 843 3846 alia:
869 3792 1063 3846 vicinae
1107 3793 1402 3862 provincia:
1436 3793 1490 3846 in
1527 3792 1902 3847 Romanorum
1951 3791 2302 3862 pervenerint

728 3883 1015 3949 ditionem,
1040 3900 1146 3937 una
1179 3899 1303 3938 cum
1354 3885 1476 3939 aliis
1506 3885 1668 3956 724
1708 3896 1764 3940 tu
1795 3901 2012 3955 quoque
2049 3887 2099 3938 in
2130 3885 2301 3939 histo-

727 3977 824 4030 riis
854 3977 965 4029 tuis
996 3978 1248 4045 exponis.
1282 3975 1568 4042 Quomodo
1600 3987 1781 4032 autem
1817 3978 1921 4033 alia
1951 3978 2154 4042 dicam,
2181 3993 2304 4046 qum

729 4079 783 4122 tu
831 4069 1030 4123 scribis
1075 4069 1507 4123 sacratissimum
1559 4068 1982 4124 Constantinum
2045 4071 2306 4139 praeclare

727 4161 1021 4230 gessisse:
1077 4176 1199 4214 cum
1264 4161 1309 4214 is
1365 4161 1624 4230 pietatem
1686 4171 1931 4215 nostram
2001 4161 2302 4230 professus,

730 4252 1124 4322 rempublicam
1187 4253 1560 4308 Romanorum
1615 4253 2068 4308 administraret?
2125 4255 2303 4324 Atque

727 4347 895 4399 etiam
960 4360 1096 4415 quas
1173 4354 1519 4414 quantasque
1585 4345 1770 4399 clades
1822 4345 2111 4412 Julianus,
2179 4355 2307 4400 tuus

733 4434 969 4486 maxime
1012 4433 1235 4486 choreis
1291 4433 1564 4487 ducendis
1609 4433 1834 4493 sodalis.
1884 4443 1939 4489 et
1985 4437 2305 4489 earumdem

733 4538 913 4577 tecum
972 4526 1252 4593 orgiorum
1294 4526 1600 4593 particeps,
1648 4526 1980 4594 pertulerit?
2036 4523 2128 4594 qui
2177 4543 2307 4580 sane

2397 3335 2456 3370 τε
2490 3322 2580 3369 καὶ
2626 3313 2939 3368 Ὸδαινὰοου
2988 3312 3081 3364 τοῦ
3113 3314 3175 3363 ἐκ
3226 3309 3568 3379 Παλμυρίας,
3617 3301 3976 3358 ’Λπολλωνίου

2398 3428 2456 3463 τε
2490 3412 2586 3463 καὶ
2619 3409 2820 3479 ἐτέρων
2850 3425 2864 3472 ;
2899 3406 3121 3467 Ὁσάκις
3148 3421 3206 3456 τε
3239 3402 3530 3454 Σελεύκεια
3561 3399 3653 3452 καὶ
3679 3395 3979 3464 Κτησιφῶν

2399 3504 2535 3576 ἥλω,
2572 3502 2788 3564 Νίσιὸίς
2815 3518 2874 3552 τε
2907 3499 2994 3552 ἐπ’
3030 3498 3320 3568 ἀμφότερα
3355 3494 3722 3565 στρεφομένη,
3770 3490 3978 3558 Ἀρμε-

2401 3600 2492 3652 νία
2525 3615 2582 3649 τε
2621 3597 2715 3648 καὶ
2746 3596 2814 3647 τὰ
2844 3592 3220 3662 πλησιάζοντα
3250 3589 3378 3656 ἔθνη
3416 3587 3719 3655 Ῥωμαίοις
3745 3584 3984 3654 προσερ-

2406 3689 2533 3759 ῥύη,
2566 3687 2756 3756 ὥσπερ
2788 3688 2882 3738 καὶ
2915 3685 2977 3737 σὺ
3013 3683 3267 3753 ἱστορεῖς.
3305 3680 3431 3742 Πῶς
3459 3679 3506 3732 δ’
3537 3676 3605 3732 ἂν
3644 3677 3858 3744 εἴποιμι
3886 3675 3984 3728 καὶ

2400 3780 2437 3835 ἃ
2472 3780 2813 3849 συγγράφεις
2858 3777 3020 3843 ἕτερα
3069 3772 3335 3842 γεννικῶς
3379 3766 3846 3838 καταπράξασθαι
3890 3765 3986 3817 τὸν

2406 3877 2686 3929 θειότατον
2715 3870 3127 3925 Κωνσταντῖνον
3158 3868 3258 3936 τῆς
3303 3863 3590 3932 Ῥωμαίων
3632 3861 3988 3932 ἡγησάμενον

2411 3951 2548 4041 μετὰ
2563 3967 2663 4035 τῆς
2688 3965 2959 4036 ἡμετέρας
2989 3959 3287 4032 (θρησκείας
3313 3977 3328 4023 ;
3355 3957 3498 4029 Πρὸς
3529 3955 3591 4008 δὴ
3615 3954 3850 4016 τούτοις,
3885 3951 3989 4004 ὅσα.

2406 4075 2464 4112 τε
2497 4057 2596 4110 καὶ
2626 4051 2716 4109 οἷα
2748 4052 3017 4106 πέπονθεν
3062 4049 3373 4114 Ἰουλιανὸς,
3407 4049 3435 4101 δ
3466 4046 3556 4110 σὸς
3601 4044 3839 4116 μάλιστα
3869 4043 3991 4096 θια-

2411 4149 2609 4219 σώτης,
2639 4147 2734 4200 καὶ
2762 4147 2869 4198 τῶν
2900 4143 3082 4198 αὐτῶν
3124 4159 3206 4196 σοι
3236 4141 3439 4212 ὀργίων
3502 4137 3862 4208 μετεσχηκώς
3889 4176 3904 4199 ,
3961 4135 3991 4187 δ

2414 4241 2584 4310 μυρία
2614 4239 2709 4290 καὶ
2747 4234 3048 4289 ἀνύποιστα
3077 4229 3370 4301 θραύματα
3403 4229 3469 4298 τῇ
3515 4223 3806 4296 Ῥωμαίων
3835 4222 3997 4276 πολι-

2408 4332 2533 4401 τείᾳ
2560 4325 2996 4390 καταλελοιπὼς;
3025 4325 3089 4377 Ει
3112 4323 3158 4375 δ’
3187 4321 3317 4384 ἴσως
3347 4318 3475 4390 περὶ
3505 4317 3611 4370 τῶν
3640 4313 3994 4386 προρρηθέν-

2412 4442 2518 4479 των
2544 4426 2611 4494 τῇ
2639 4421 2734 4474 τοῦ
2761 4419 2961 4480 παντὸς
2997 4417 3219 4486 τελευτῇ
3249 4415 3282 4486 ἢ
3335 4413 3624 4481 προοίμιον
3680 4409 3927 4478 εἴληφεν,
3957 4408 3992 4476 ἢ

2414 4521 2509 4572 καὶ
2559 4517 2620 4568 τὺ
2653 4517 2827 4582 πέρας
2878 4513 3013 4576 ἕξει,
3061 4509 3222 4563 τοῦτο
3274 4506 3459 4576 μεῖζον
3503 4506 3536 4576 ἢ
3573 4503 3716 4557 κατά
3759 4503 3861 4572 τὴν
3895 4501 3997 4570 σὴν

733 4619 1017 4668 innumera
1053 4629 1217 4683 atque
1271 4617 1614 4671 intoleranda
1650 4618 1900 4671 Romano
1932 4619 2163 4687 imperio
2192 4619 2308 4671 vul-
2343 4597 2384 4652 θ

2343 4597 2384 4652 Ῑ)
2414 4608 2620 4677 κρίσιν.
2653 4605 2789 4671 Φέρε
2816 4603 2895 4666 δὲ,
2929 4601 2982 4653 et
3032 4617 3115 4652 σοι
3146 4599 3312 4662 δοκεῖ,
3339 4595 3569 4649 τοιαῦτα
3603 4594 3837 4662 λέγοντι,
3877 4592 3996 4644 ἴδω-

734 4723 863 4761 uera
911 4709 1132 4771 inﬂixit,
1185 4716 1348 4776 atque
1399 4723 1461 4761 ea
1509 4711 1755 4761 incurata
1809 4719 1932 4778 post
1961 4725 2018 4762 se
2063 4709 2310 4778 reliquit.

735 4799 874 4852 Num
919 4814 1050 4852 vero
1095 4799 1393 4866 quidquam
1436 4814 1625 4852 torum
1665 4813 1786 4867 qum
1819 4800 1885 4853 de
1935 4798 2311 4853 universitatis

737 4893 904 4960 hujus
939 4892 1166 4952 interitu
1203 4893 1463 4960 praedicta
1496 4905 1646 4957 sunt,
1692 4893 1774 4945 vel
1813 4892 2029 4945 initium
2063 4893 2311 4959 emperit,

737 4986 819 5038 vel
877 4985 1036 5039 linem
1093 4985 1408 5039 habiturum
1459 4988 1554 5047 sit,
1604 4987 1781 5054 majus
1827 4987 1878 5039 izl
1918 4986 2163 5055 profeao
2203 4994 2308 5052 est,

736 5092 899 5144 quam
939 5084 997 5131 ut
1027 5088 1083 5130 tu
1109 5078 1178 5131 de
1209 5093 1275 5131 eo
1306 5077 1541 5146 judices.
1575 5078 1777 5132 Verum
1806 5093 1925 5147 age,
1957 5079 2003 5132 si
2032 5077 2129 5131 tibi
2160 5077 2311 5131 vide-

739 5181 849 5234 tur,
875 5170 970 5238 qui
1004 5171 1120 5223 hare
1150 5170 1312 5236 dicis,
1342 5170 1781 5238 consideremus,
1822 5172 2101 5240 quomodo
2129 5180 2184 5224 et
2215 5171 2309 5239 qui

735 5263 978 5316 Grecam
1041 5263 1493 5330 superstitionem
1553 5275 1684 5318 sunt
1753 5265 2025 5333 professi,
2091 5275 2150 5318 et
2212 5263 2312 5333 qui

740 5354 1184 5409 Christianorum
1237 5371 1391 5413 sacra
1431 5357 1654 5412 coluere
1689 5358 2050 5426 imperatores
2080 5357 2314 5426 quisque

743 5445 907 5497 vitam
963 5456 1060 5499 aut
1116 5447 1410 5517 imperium
1466 5449 1738 5504 amiserit.
1793 5451 1873 5503 An
1937 5466 2045 5502 non
2106 5449 2319 5517 primus

748 5538 1081 5603 monarcba,
1141 5541 1233 5609 qui
1292 5557 1434 5596 unus
1495 5542 1600 5597 sibi
1661 5543 1952 5610 imperium
2012 5543 2318 5610 usurpavit,

744 5633 804 5685 C.
845 5633 1022 5688 Julius
1070 5635 1252 5689 Caesar
1287 5637 1415 5689 dolo
1451 5652 1623 5690 cursus
1664 5636 1791 5689 est?
1834 5637 1914 5688 An
1970 5649 2078 5688 non
2127 5633 2321 5687 Caium

746 5730 979 5783 alterum
1009 5728 1218 5783 Tiberii
1247 5742 1499 5798 nepotem
1543 5731 1744 5783 milites
1792 5731 2012 5798 quidam
2050 5729 2196 5781 ferro
2229 5742 2323 5781 ne-

826 5910 1023 5963 ¹ζιίι‹ᾕ.
1064 5929 1111 5972 \‘,
1160 5909 1231 5976 ‘2,
1268 5907 1454 5961 Matth.
1497 5921 1554 5968 tt,
1602 5906 1657 5958 6.

2422 4718 2520 4769 μεν
2554 4701 2701 4760 ὅπως
2732 4698 2779 4749 oi
2819 4696 2886 4747 τὰ
2931 4693 3202 4763 Ἑλλήνων
3257 4688 3695 4756 πρεσϐεύσαντες
3726 4683 3996 4755 βασιλεῖς,

2417 4797 2512 4846 καὶ
2543 4793 2590 4844 oi
2617 4789 2838 4859 Χριστῷ
2870 4786 3311 4859 βασιλεύσαντες,
3344 4783 3491 4842 ὅπως
3529 4779 3752 4830 ἕκαστοι
3785 4774 3998 4829 τούτων

2415 4886 2508 4938 τὸν
2545 4885 2659 4953 βίον
2691 4879 3013 4948 ἀπέθεντο-ἤ
3057 4877 3154 4946 τὴν
3180 4877 3378 4945 ἀρχὴν.
3404 4875 3479 4927 Ού
3511 4875 3691 4926 τοίνυν
3720 4873 3748 4923 ὁ
3779 4869 3997 4939 πρῶτος

2422 4977 2694 5047 μόναρχος
2729 4974 2891 5035 Γάϊος
2934 4970 3153 5031 Ἰούλιος
3205 4970 3444 5036 Καῖσαρ,
3465 4966 3625 5036 δολίῳ
3678 4967 3824 5034 φόνῳ
3856 4981 3999 5016 κατ-

2424 5068 2732 5139 spy/13052;,
2789 5066 2881 5116 τὸν
2955 5063 3070 5131 βίον
3117 5060 3429 5124 ἀπείπατο;
3475 5058 3551 5110 Οὐ
3603 5057 3693 5109 τὸν
3742 5056 4000 5123 δεύτερον

2418 5162 2512 5215 τὸν
2553 5161 2776 5226 ἔκγονον
2817 5156 3075 5222 Τιϐερίου
3116 5154 3277 5206 Γάῖον
3310 5150 3417 5206 τῶν
3451 5168 3598 5211 τινες
3644 5150 4000 5219 στρατιωτῶν

2427 5256 2730 5325 μαχαίραις
2777 5249 3216 5319 διεχειρίσαντο;
3265 5245 3331 5298 Τί
3382 5245 3439 5296 δὲ
3489 5243 3586 5295 καὶ
3636 5243 3861 5311 Νέρων;
3921 5241 3998 5290 υἱ»

2431 5349 2582 5416 παρά
2621 5362 2767 5406 τινος
2816 5344 2919 5394 τῶν
2952 5341 3169 5394 οίκείων
3217 5338 3528 5409 amputat;
3567 5334 3779 5395 Γάλϐας
3810 5349 3870 5384 τε
3907 5332 4002 5383 καὶ

2437 5440 2618 5493 ὈΟων
2665 5444 2756 5489 καὶ
2796 5436 3104 5495 Ούῖτέλλιος
3148 5433 3347 5499 ἐπίσης
3377 5429 3737 5489 πεπόνθασιν,
3779 5427 3827 5477 οξ
3856 5426 4004 5494 τρεῖς

2429 5536 2562 5588 δέκα
2602 5533 2780 5601 μῆνας
2804 5530 2939 5599 πρὸς
2966 5528 3044 5598 τῷ
3068 5529 3148 5580 ἑνὶ
3177 5523 3632 5595 βασιλεύσαντεςς
3665 5522 3770 5572 Τόν
3797 5535 3863 5586 γε
3897 5515 4004 5587 μὴν

2432 5631 2591 5681 ’[ἰτον
2646 5628 2707 5678 οὐ
2755 5623 3079 5692 Δομετιανὸς
3126 5619 3336 5672 ἀνεῖλεν
3381 5617 3610 5683 ἀδελφὸς
3659 5612 3944 5679 τυγχάνων
3979 5613 4006 5663 ὁ

2436 5721 2850 5790 γνησιώτατος;
2908 5716 2973 5770 Τί
3006 5715 3049 5767 δ’
3106 5717 3312 5775 ἐκεῖνος
3348 5710 3547 5773 nihil;
3609 5709 3708 5759 οὐκ
3753 5703 4005 5766 suam;
