4244 6438
306 437 414 499 213

308 552 449 615 πρὸς
506 549 598 600 τοῦ
632 549 907 615 Στεφάνου
955 550 1046 601 τὸν
1098 550 1211 618 βίον
1241 549 1654 618 κατέστρεψενς

311 641 607 707 Κόμμοδος
664 644 831 711 φαίης
872 642 939 695 ἂν
992 641 1065 704 ὡς
1116 642 1213 709 οὐχ
1267 643 1372 693 ὑπὸ
1410 642 1722 709 Ναρκίσσου
1777 640 1883 690 διέο

308 733 565 801 φθαρτο;
608 731 667 784 ’0
719 733 777 785 δὲ
824 731 1115 802 Περτίναξ,
1160 734 1189 783 6
1241 733 1297 784 δὲ
1341 733 1623 794 Ἰουλιανὸς
1678 732 1738 782 οὑ
1778 731 1885 781 τῶν

310 823 448 875 ἴσων
484 824 792 893 μετέσχον;
848 824 907 877 '0
929 825 985 876 δὲ
1007 826 1249 895 Σευήρου
1288 826 1609 884 ’Δντωνῖνος
1641 823 1757 891 οὐχι
1796 822 1887 874 τὸν

308 914 543 982 ἀδελφὴν
594 916 924 986 διεχρήσατο
975 918 1150 969 Γέταν
1180 934 1195 983 ;
1228 918 1310 970 Τὰ
1358 918 1448 968 [σα
1502 916 1558 969 δὲ
1592 916 1685 968 καὶ
1721 914 1885 977 αὐτὸς

310 1002 606 1053 ἐπεπόνθει
638 1003 743 1055 ὑπὸ
774 1005 1153 1073 Μαρτιαλίου;
1196 1006 1255 1058 '0
1283 1006 1339 1058 δὲ
1368 1006 1649 1075 Μακρῖνος
1671 1005 1728 1058 οὐ
1760 1005 1888 1073 περὶ

314 1093 615 1155 Βυζάντιον
662 1096 857 1164 ὥσπερ
889 1096 1223 1167 ἀνδράποδον
1255 1100 1440 1167 ἀχθεὶς
1478 1098 1583 1151 ὑπὸ
1627 1097 1720 1150 τοῦ
1755 1096 1886 1150 ίδιόυ

307 1183 556 1251 ἀνῃρέθη
592 1185 1043 1252 στρατεύματοςς
1092 1188 1149 1239 '0
1178 1186 1222 1239 δ’
1247 1188 1307 1251 ἐξ
1354 1187 1587 1255 Ἐμέσης
1617 1185 1888 1255 Αὐρήλιος

322 1273 649 1336 Ἀντωνῖνος
692 1275 915 1343 σύναμα
949 1279 1017 1347 τῇ
1067 1278 1239 1347 μητρὶ
1284 1277 1643 1345 κατεσφάγη;
1668 1276 1756 1329 Τὰ
1784 1291 1891 1329 πα-

313 1366 598 1432 ραπλήσια
648 1367 704 1419 δὲ
762 1371 859 1419 καὶ
894 1372 922 1420 6
957 1369 1075 1437 μετ’
1132 1371 1340 1423 ἐκεῖνον
1376 1368 1725 1437 Ἀλέξανδρος
1780 1366 1891 1419 τῶν

312 1454 448 1504 ἱσων
481 1456 777 1523 δραμάτων
806 1459 962 1528 ἔτυχε
995 1460 1136 1525 μετά
1163 1462 1262 1525 τῆς
1306 1461 1513 1530 μητρὸς
1560 1460 1888 1529 Μαμμαίας.

308 1543 378 1593 Τί
414 1543 460 1594 δ’
491 1544 558 1595 ἂν
595 1544 812 1614 λέγοιμι
850 1552 977 1617 περὶ
1008 1548 1342 1616 Μαξιμίνου,
1364 1549 1422 1612 ὃς
1450 1550 1561 1611 τοῖς
1609 1550 1893 1618 σφετέροις

308 1635 344 1683 ἀ
382 1634 556 1703 ῃρὲοη
598 1637 1036 1705 στρατιὺμασινς
1067 1639 1100 1708 ἢ
1134 1640 1424 1709 Γορδιανοῦ
1454 1680 1469 1705 ,
1501 1642 1621 1702 ταῖς
1678 1640 1891 1709 βουλαῖς

307 1723 586 1776 Φιλίππου
622 1727 683 1779 τὸ
726 1727 905 1779 κοινὸν
962 1729 1308 1797 καταγώγιον
1344 1729 1705 1794 ὑπελθόντοςς
1737 1732 1808 1784 Σὺ
1845 1730 1893 1782 δ’

312 1816 525 1881 ἱστόρει
574 1816 642 1868 τὰ
690 1820 831 1871 κατά
875 1820 1141 1873 Φίλιππόν
1180 1837 1238 1873 τι
1290 1822 1382 1874 καὶ
1422 1822 1629 1886 Δέκιον,
1666 1823 1741 1883 ὡς
1788 1823 1890 1875 ὑπὸ

307 1905 425 1956 τιῐιν
462 1907 743 1974 πολεμίων
790 1911 1107 1980 ἐφθάρησαν
1133 1929 1148 1945 ·
1185 1914 1263 1966 ἔτι
1312 1912 1367 1965 δὲ
1398 1915 1466 1965 τὰ
1512 1916 1651 1966 κατὰ
1690 1915 1889 1967 Γάλλον

307 1994 410 2044 καὶ
453 1991 835 2060 Βολοσσιανὸν,
864 1998 938 2059 ὡς
974 1999 1079 2050 ὑπό
1110 1999 1216 2052 τῶν
1242 1998 1461 2051 οἰκείων
1487 2000 1769 2070 δυνάμεων
1795 2002 1890 2055 τοῦ

310 2084 469 2151 βιοῦν
504 2086 923 2157 ἀπηλλάγησαν.
972 2090 1030 2144 '0
1065 2090 1109 2144 δ’
1160 2091 1490 2159 Αίμυλιανὸς
1521 2094 1581 2145 οὐ
1616 2096 1726 2156 τοίς
1758 2096 1893 2157 [σοις

310 2179 659 2248 περιηνέχθη
685 2198 700 2245 ;
738 2182 1132 2249 Οὑαλλεριανὸς
1156 2184 1211 2235 δὲ
1243 2184 1367 2253 οὐχὶ
1398 2185 1637 2253 Πέρσαις
1668 2187 1894 2255 ληφθεὶς

308 2270 670 2337 αἰχμάλωτος
699 2275 1003 2343 περιήγετο
1035 2275 1329 2345 ςΓαλιηνὸς
1355 2276 1569 2348 nam?
1591 2280 1891 2348 φονευθεὶς,

312 2365 416 2412 και
448 2366 476 2414 6
519 2364 641 2431 μετ’
664 2364 827 2417 αὐτὸν
854 2367 1088 2436 Καρῖνος
1112 2370 1366 2436 σφαγεὶς,
1404 2372 1772 2443 Διοκλητιανῷ
1804 2375 1895 2426 καὶ

312 2454 649 2520 Μαξιμιανῷ
681 2457 778 2526 τὴν
808 2460 982 2530 ἀρχὴν
1007 2462 1399 2517 καταλέλοιπεν
1423 2482 1435 2494 ·
1470 2466 1561 2529 οὓς
1591 2468 1749 2530 αὐτὸς
1769 2487 1894 2522 συν-

312 2544 512 2612 άρχειν
564 2547 740 2615 ἑαυτρ
792 2549 984 2601 εἵλετο.
1038 2551 1128 2615 Ἐξ
1174 2547 1250 2606 ὧν
1306 2557 1332 2606 ὃ
1382 2573 1438 2607 τε
1479 2558 1820 2626 Μαξιμιανὺς
1864 2563 1891 2614 6

329 2633 705 2701 Ἐρκούλλιος,
739 2640 1038 2703 Μαξέντιός
1065 2658 1123 2693 τε
1163 2648 1290 2707 παῖς
1340 2649 1578 2711 ἐκείνου,
1616 2650 1708 2701 καὶ
1739 2651 1895 2703 Λικί-

314 2744 432 2785 uo,-
476 2732 702 2783 πάντων
731 2733 980 2801 ἔσχατος,
1024 2737 1289 2805 αἰσχίστῳ
1327 2741 1481 2808 μόρῳ
1512 2740 1606 2793 τοῦ
1642 2743 1756 2811 βίου
1784 2745 1899 2809 ἐξέ-

317 2836 557 2889 στησαν.
620 2823 740 2891 Ἀφ’
785 2818 846 2877 οὗ
877 2826 931 2877 δὲ
968 2830 994 2879 ὁ
1023 2828 1125 2895 τῆς
1152 2830 1388 2897 Χρστοῦ
1438 2833 1671 2903 ποίμνης
1703 2837 1901 2903 ἡγεμο-

320 2917 527 2978 ·.εύσα;
560 2920 971 2984 Κωνσταντίνος
1002 2927 1030 2976 6
1057 2926 1301 2993 ἀοίδιμος
1336 2926 1591 2993 βασιλεὺς
1620 2925 1777 2999 ἦρξε,
1810 2932 1901 2983 καὶ

316 3012 423 3077 τὴν
456 3012 607 3080 αὐτῷ
638 3013 927 3082 ἐπώνυμον
962 3018 1400 3085 μεγαλοπρεπῶς
1430 3020 1718 3089 ἀνεγείρας
1749 3024 1903 3075 πόλιν

320 3104 552 3171 Χριστῴ
592 3106 686 3156 καὶ
736 3109 798 3174 τῇ
856 3109 1067 3161 ἐκείνου
1114 3112 1283 3180 μητρὶ
1325 3111 1567 3179 ἀνέθετο,
1618 3114 1808 3166 σκόπει
1835 3115 1899 3183 δὴ

1277 434 1871 496 E(ICLES|AS’1‘!C.‘E
1916 435 2295 493 HISTORle
2339 438 2483 493 Llli.
2534 438 2683 496 XVI.

1715 548 1773 599 '0
1828 547 1882 598 δὲ
1917 550 1956 602 Α
1985 548 2222 600 carunt?
2271 548 2408 610 Quid
2467 546 2645 599 Nero?
2681 548 2820 602 Num
2861 547 2950 599 ille
2980 562 3007 599 a
3035 546 3286 600 familiari
3318 548 3557 616 quodam

3448 437 3558 500 ἓίι

1990 656 2098 692 non
2132 640 2414 709 iugulatus
2444 650 2525 691 est
2552 642 2570 689 ’ἐ
2600 639 2769 693 Galba
2798 654 2928 693 sane
2961 650 3016 693 et
3046 638 3191 693 Otho
3215 648 3271 693 et
3304 639 3561 696 Vitellius

1985 730 2173 782 eadem
2206 740 2335 784 sunt
2360 731 2503 799 passi
2536 748 2547 783 :
2579 732 2669 799 qui
2708 740 2817 783 tres
2864 730 3119 784 undecim
3156 739 3369 783 tantum
3410 746 3561 785 men-

1986 836 2075 874 ses
2105 821 2463 889 imperarunt.
2497 823 2677 875 'l‘itum
2714 837 2843 876 nmn
2900 822 3066 875 frater
3116 825 3164 877 ei
3197 822 3557 877 charissimus

1991 913 2328 968 Domitianus
2359 915 2562 969 occidit
2584 915 2703 969 iAu
2734 931 2838 968 non
2863 915 2954 970 ille
2974 930 3191 968 rursum
3217 931 3246 969 a
3274 915 3557 984 Stephano

1990 1004 2362 1060 miserandum
2427 1008 2478 1059 in
2544 1005 2764 1060 modum
2827 1006 3135 1062 trucidatus
3193 1007 3321 1059 est?
3376 1006 3560 1070 Quid?

1987 1097 2349 1151 Commodum
2380 1113 2409 1151 a
2445 1098 2700 1153 Narcisso
2731 1109 3078 1166 peremptum
3126 1112 3248 1153 esse
3296 1095 3557 1165 negabis?

1989 1188 2264 1242 Pertinaci
2297 1204 2426 1241 vero
2457 1198 2511 1241 et
2553 1189 2770 1244 Juliano
2801 1201 2933 1242 non‘
2952 1187 3093 1241 idem
3123 1186 3365 1241 accidit?
3394 1187 3562 1238 Anto-

1991 1278 2157 1332 ninus
2195 1281 2383 1334 Severi
2422 1280 2591 1344 tilius,
2638 1294 2708 1333 an
2749 1280 2975 1335 fratrem
3028 1278 3220 1334 Getam
3256 1294 3363 1331 non
3402 1292 3561 1330 neca-

1992 1370 2106 1425 vit?
2130 1371 2246 1425 Non
2280 1373 2371 1427 ille
2405 1389 2433 1426 a
2477 1372 2709 1427 Martiali
2742 1372 2883 1427 idem
2909 1380 2992 1426 est
3027 1371 3263 1441 passus?
3291 1369 3563 1422 Hacrinus

1993 1476 2177 1516 nonne
2204 1464 2271 1517 ad
2306 1462 2624 1534 Byzantium
2655 1464 2827 1519 veluti
2878 1464 3209 1533 mancipium
3253 1475 3465 1531 raptus,
3494 1461 3562 1514 ab

1990 1556 2236 1609 exercitu
2288 1571 2392 1610 suo
2438 1557 2809 1626 interemptus
2854 1555 2978 1611 est?
3026 1555 3284 1610 Aurelius
3334 1555 3566 1609 Antoni-

1992 1658 2093 1697 nus
2125 1643 2359 1699 Emessa:
2391 1645 2467 1715 (l)
2516 1644 2663 1699 illius
2729 1661 2837 1699 una
2885 1659 3010 1701 cum
3066 1654 3241 1699 matre
3286 1644 3566 1713 iugulatus

1992 1742 2098 1787 est.
2144 1732 2348 1789 Eadem
2385 1735 2603 1789 fortuna
2658 1734 2761 1789 fuit
2794 1735 3135 1790 successoris
3168 1735 3291 1803 ejus
3332 1734 3565 1788 Alexan—

1993 1824 2103 1888 dri,
2148 1827 2237 1893 qui
2293 1828 2484 1880 itidem
2536 1844 2659 1882 eum
2695 1836 2871 1881 matre
2917 1827 3193 1881 Mammata
3249 1833 3567 1893 peremptus

1992 1924 2096 1968 est.
2147 1916 2289 1981 Quid
2349 1917 2417 1971 de
2468 1918 2763 1972 Maximino
2815 1918 3017 1982 dicam,
3064 1932 3228 1987 quem
3279 1918 3563 1971 exercitus

1993 2025 2126 2063 suus
2179 2010 2499 2065 interemit?
2540 2022 2635 2065 aut
2677 2011 2997 2076 Gordiano,
3034 2010 3131 2081 qui
3171 2010 3391 2065 insidiis
3440 2010 3567 2063 Phi-

1992 2104 2126 2173 lippi
2168 2104 2441 2169 sublatus,
2492 2105 2546 2158 in
2581 2119 2871 2159 commune
2900 2104 3243 2159 domicilium
3281 2103 3455 2158 abiit?
3487 2103 3568 2156 Tu

1994 2207 2128 2247 vero
2163 2192 2280 2263 ipse
2312 2194 2380 2247 de
2414 2194 2667 2262 Philippo
2698 2203 2754 2247 et
2774 2194 2936 2248 Decio
2966 2209 3232 2256 memora.
3257 2202 3316 2247 ut
3361 2194 3427 2246 ab
3474 2195 3567 2247 ho-

1992 2285 2175 2341 stibus
2207 2287 2464 2341 trucidati
2489 2291 2601 2341 sint
2627 2308 2638 2341 :
2661 2298 2824 2357 atque
2861 2287 3029 2342 etiam
3058 2290 3125 2341 de
3146 2286 3303 2342 Gallo
3328 2297 3385 2341 et
3407 2287 3567 2343 Volu-

1995 2379 2174 2443 siano,
2225 2380 2429 2448 quibus
2473 2380 2678 2434 milites
2723 2381 2807 2434 sui
2836 2381 3002 2434 vitam
3035 2381 3381 2435 ademerunt.
3426 2380 3564 2434 Num

1996 2470 2322 2524 AZmiliauus
2349 2471 2600 2525 eumdem
2652 2473 2857 2525 exitum
2892 2472 3123 2525 habuit?
3159 2472 3320 2542 725
3370 2472 3565 2527 Nonne

1998 2561 2337 2625 Valerianus,
2378 2579 2502 2617 cum
2541 2564 2592 2617 in
2622 2564 2911 2618 Persarum
2936 2575 3259 2633 potestatem
3287 2568 3569 2633 pervenis-

1998 2655 2370 2722 set,:captivus
2392 2656 2459 2707 ab
2476 2656 2555 2708 eis
2583 2655 2781 2709 ductus
2798 2655 2915 2709 est?
2944 2657 3138 2709 Annon
3160 2655 3419 2709 Galienus
3440 2657 3566 2709 dolo

1999 2762 2208 2801 casus:
2242 2755 2295 2799 et
2328 2757 2450 2815 post
2480 2746 2628 2800 hunc
2652 2749 2886 2801 Carinus
2916 2762 3139 2817 quoque
3181 2748 3567 2813 interemptus,

2002 2836 2339 2888 Diocletiano
2364 2836 2653 2904 imperium
2688 2838 2934 2903 reliquit,
2975 2837 3069 2905 qui
3102 2838 3314 2906 imperii
3346 2838 3449 2891 sibi
3480 2853 3569 2892 so.

1999 2926 2143 2979 cium
2174 2927 2559 2981 Maximianum
2592 2929 2825 2982 ascivit?
2848 2928 2923 2981 Ex
2966 2929 3167 2997 quibus
3198 2929 3565 2983 Maximianus

2003 3018 2309 3083 Herculius,
2331 3036 2394 3073 ac
2416 3020 2616 3074 deinde
2643 3022 2784 3073 [ilius
2806 3020 2925 3090 ejus
2944 3020 3269 3086 Maxentius,
3289 3031 3343 3074 et
3362 3031 3573 3087 postre-

2006 3126 2125 3164 mus
2155 3113 2396 3163 οιιιηίιιηι
2432 3112 2675 3167 Licinius
2710 3114 3067 3168 lmdissimam
3103 3115 3290 3168 obiere
3318 3124 3570 3168 mortem.

320 3198 373 3245 εἰ
403 3213 488 3257 τις
523 3198 635 3249 τῶν
662 3202 719 3249 ἐν
762 3202 896 3269 αὐτῇ
927 3201 1023 3254 τοῦ
1067 3201 1341 3269 βασιλείου
1379 3206 1554 3274 γέρως
1590 3207 1901 3277 μετειληχό-
1932 3211 1974 3267 C

1892 3238 1901 3247 -
1932 3211 1974 3267 c
2009 3203 2082 3255 Ex
2107 3213 2473 3271 quotempore
2493 3205 2804 3272 autem,qui
2830 3205 2972 3272 gregi
2997 3205 3197 3260 Christi
3225 3206 3461 3273 prmfuit,
3483 3219 3568 3257 ce-

318 3304 433 3338 των
460 3289 593 3358 ἄχρι
626 3291 774 3342 τοῦδε
803 3292 834 3360 ἦ
872 3296 1006 3364 πρὸς
1034 3294 1140 3345 τῶν
1168 3295 1385 3347 οἰκείων
1414 3296 1446 3365 ἢ
1490 3300 1582 3348 καὶ
1609 3298 1905 3366 ἀλλοτρίων

321 3380 629 3451 διέφθαρτο
656 3397 668 3411 ·
710 3384 741 3453 ἦ
777 3384 911 3448 ὅλως
962 3388 1216 3455 τυραννὶς
1249 3389 1411 3441 πλέον
1456 3391 1582 3459 ἔσχε
1620 3392 1717 3460 τῆς
1758 3393 1907 3445 ἐννό-

326 3491 433 3538 μου
463 3475 667 3543 ἀρχῆς,
701 3477 843 3540 πλὴν
870 3479 1163 3533 Ἰουλιανοῦ
1195 3480 1290 3534 rufi
1334 3481 1428 3534 σοῦ
1462 3483 1779 3554 ἱεροφάντου
1815 3492 1905 3538 καὶ

323 3567 495 3618 θύτου
532 3569 626 3619 καὶ
685 3571 1001 3639 κανηῷόρου
1036 3574 1129 3625 καὶ
1178 3574 1468 3643 βασιλέως,
1523 3578 1617 3630 καὶ
1667 3578 1761 3630 τοῦ
1813 3580 1905 3631 σοῦ

323 3656 663 3717 Οὐάλεντος.
700 3657 967 3726 Πείθομαι
1001 3661 1108 3729 γάρ
1140 3677 1222 3713 σοι
1258 3663 1495 3731 ἀρίστως
1528 3663 1777 3728 διεξιόντι
1810 3670 1907 3720 ὅσα

326 3750 480 3800 κακὰ
514 3750 867 3817 Χριστιανοῖς
900 3752 1320 3822 κατειργάσατο,
1342 3754 1408 3805 δι’
1438 3754 1472 3808 ἃ
1502 3757 1589 3808 καὶ
1620 3757 1786 3827 ἄμφω
1812 3761 1908 3827 τὴν

326 3844 490 3905 ἀξίαν
520 3843 713 3896 ἔδοσαν
742 3844 918 3913 δίκην.
957 3846 1091 3917 Περὶ
1119 3848 1227 3917 γὰρ
1283 3848 1470 3917 ἐτέρου
1521 3851 1627 3901 οὐδ’
1657 3854 1819 3915 αὐτὸς
1845 3856 1908 3907 σὺ

325 3934 491 4004 οἶμαι
522 3938 694 4004 ἐρεῖς.
733 3936 874 4004 Ἐγὼ
905 3939 959 3990 δὲ
990 3938 1285 4009 προσθήσω
1323 3942 1414 3992 καὶ
1456 3942 1778 3997 Βασιὶίσκον
1809 3948 1908 4016 Ζή-

327 4049 463 4081 νωνι
494 4030 971 4083 ἁντικαταστάντα
990 4044 1004 4059 ’
1032 4032 1162 4102 παρ’
1192 4025 1253 4083 οὗ
1279 4036 1360 4101 ’μὴ
1398 4036 1559 4102 μόνον
1584 4037 1681 4105 τὴν
1709 4054 1909 4109 τυραν-

328 4122 476 4184 νίδα,
503 4121 644 4172 ἀλλὰ
672 4120 766 4174 καὶ
799 4121 889 4173 τὸν
931 4121 1043 4187 βίον
1086 4123 1340 4185 δειλαίως
1372 4126 1629 4179 ἀπέλιπε.
1663 4126 1827 4179 Ταῦτ’
1863 4132 1910 4179 εἱ

330 4214 431 4266 καὶ
488 4213 751 4280 πάρεργὰ
799 4231 875 4281 τῳ
919 4213 1048 4273 ἴσως
1106 4215 1246 4278 δόξει
1303 4216 1396 4282 τῆς
1448 4218 1912 4288 ἐκκλησιαστικῆς

335 4309 695 4375 συγγραφῆς,
742 4306 867 4376 ἐμοὶ
899 4306 956 4359 δὲ
986 4308 1095 4377 ἄρα
1139 4309 1233 4360 καὶ
1268 4310 1405 4363 πάνυ
1440 4326 1520 4361 τοι
1557 4311 1787 4380 χρειώδη
1820 4312 1912 4363 καὶ

333 4400 649 4453 συστατικὰ
707 4399 843 4467 πρὸς
892 4398 952 4450 τὸ
1005 4401 1369 4469 προκείμενον
1415 4396 1555 4453 εἶναι
1605 4401 1782 4454 δοκεῖ’
1832 4398 1912 4465 οἷς

330 4492 789 4553 ὲϐελοκακοῦντες
839 4493 887 4543 οι
942 4490 1051 4543 τῶν
1102 4491 1372 4561 Ἑλλήνων
1428 4496 1800 4563 συγγραφεῖς,
1850 4494 1910 4547 οὐ

334 4591 475 4657 πρδς
520 4586 807 4654 ἀλήθειαν,
867 4585 1325 4653 δυσμεναίνοντες
1368 4585 1516 4655 δὲτῇ
1574 4586 1915 4656 Χριστιανῶν

334 4682 614 4753 ὑρησκεῐᾳ
661 4677 1099 4747 καθιστοροῦσιν.
1146 4676 1339 4746 Ἦμεῐς
1384 4676 1440 4730 δὲ
1484 4678 1575 4731 ἐπὶ
1622 4677 1684 4730 τὸ
1731 4678 1918 4731 λοιπὸν

329 4777 432 4843 τῆς
465 4774 711 4842 ίστιρίας
755 4769 1108 4824 ’Δναστασίου
1144 4770 1474 4840 βαδίσωμεν.

2011 3295 2336 3349 leberrimus
2375 3293 2767 3349 Constantinus
2794 3296 3083 3363 imperium
3111 3297 3374 3365 suscepit,
3404 3306 3459 3349 et
3490 3310 3576 3347 co-

2008 3385 2318 3452 gnominem
2353 3385 2453 3436 sibi
2486 3386 2674 3438 urbem
2713 3385 3253 3452 magniﬁcentissime
3307 3398 3567 3440 constru-

2009 3491 2150 3528 Ctam
2179 3475 2395 3530 Christo
2424 3488 2472 3530 et
2500 3478 2657 3530 matri
2682 3478 2799 3545 ejus
2824 3478 3042 3541 dicavit,
3073 3478 3573 3547 ipsv'dispiceutum

2011 3570 2130 3637 quis
2170 3570 2424 3637 princeps
2472 3569 2808 3636 imperialem
2856 3570 3178 3639 dignitatem
3220 3581 3574 3633 consecutus,

2010 3662 2328 3730 longissimo
2347 3672 2592 3731 tempore
2613 3663 2691 3716 vel
2723 3679 2751 3715 ιι
2778 3662 3138 3717 familiaribus
3161 3673 3215 3716 et
3242 3666 3577 3726 domesticis,

2014 3754 2091 3805 vel
2126 3756 2191 3806 ab
2222 3755 2464 3808 externis
2490 3755 2559 3806 sit
2593 3756 2977 3824 interemptus,
3009 3765 3101 3808 aut
3130 3771 3196 3808 an
3226 3773 3467 3825 unquam
3498 3766 3573 3827 ty-

2016 3846 2217 3904 rannis.
2239 3862 2399 3913 quam
2427 3845 2730 3913 legitimum
2755 3846 3070 3914 imperium,
3093 3847 3367 3912 potentior
3390 3846 3578 3899 fuerit.

2012 3936 2287 3989 lulianum
2317 3938 2644 4004 excipimus,
2692 3949 2846 3990 tuum
2882 3948 3083 4000 vatem,
3127 3938 3458 4002 saerifieum,
3490 3955 3580 3991 ca-

2015 4028 2347 4096 nephoium,
2380 4036 2434 4080 et
2471 4030 2895 4096 imperatorem:
2924 4040 2981 4084 et
3009 4041 3159 4083 tuum
3191 4032 3359 4085 etiam
3390 4031 3583 4086 Valen-

2019 4132 2144 4173 tem.
2202 4118 2384 4171 Fidem
2432 4121 2580 4171 enim
2618 4120 2711 4172 tibi
2748 4119 2947 4185 habeo,
2990 4124 3080 4188 qui
3126 4124 3332 4191 optime
3366 4138 3429 4176 ea
3457 4138 3581 4175 ora-

2018 4214 2164 4266 tione
2193 4224 2485 4265 exsecutus
2526 4227 2608 4273 es,
2645 4228 2767 4280 qua:
2800 4212 2875 4265 illi
2908 4212 3241 4267 Christianis
3276 4214 3583 4269 intulerunt

2020 4305 2178 4358 mala.
2253 4303 2600 4372 Quapropter
2646 4304 2812 4358 etiam
2868 4316 3097 4376 uterque
3142 4307 3444 4376 condignas
3486 4308 3585 4360 im-

2020 4398 2239 4469 pietatis
2285 4398 2411 4452 tulit
2456 4412 2666 4467 pnenas.
2701 4397 2776 4451 De
2824 4398 2935 4451 alio
2968 4413 3097 4451 vero
3150 4412 3219 4451 ne
3266 4408 3323 4458 tu
3361 4397 3584 4467 quidem

2022 4492 2140 4562 ipse
2170 4491 2347 4545 simile
2377 4489 2674 4558 quidquam
2721 4488 2949 4544 dixeris.
2998 4490 3107 4558 Ego
3156 4500 3341 4543 autem
3392 4488 3586 4543 Basili-

2022 4599 2176 4639 scum
2215 4583 2376 4637 etiam
2409 4581 2737 4651 addam,qui
2772 4592 2981 4637 motum
3014 4583 3282 4639 adversus
3309 4582 3583 4638 Zenonem

2025 4674 2355 4731 concitavit:
2402 4675 2487 4727 cui
2542 4674 2629 4727 ille
2686 4690 2795 4727 non
2849 4675 3193 4745 tyrannidem
3251 4675 3436 4742 modo,
3490 4675 3587 4729 sed

2026 4769 2195 4821 vitam
2242 4767 2405 4820 etiam
2439 4766 2662 4819 ademit.
2693 4765 2815 4820 llrec
2860 4767 3112 4835 quamvis
3147 4766 3379 4821 fortasse
3410 4766 3591 4819 minus

332 4870 402 4925 ad
469 4866 766 4922 Historiam
814 4864 1246 4919 ecclesiasticam
1293 4864 1571 4934 pertinere
1630 4862 1908 4929 videntur,
1951 4863 2105 4918 utilia
2148 4872 2326 4915 tamen
2393 4860 2716 4924 admodum,
2779 4870 2835 4913 ct
2869 4860 3123 4913 instituto
3151 4860 3303 4928 operi
3339 4873 3591 4914 commo-

334 4968 405 5023 da
461 4980 610 5030 esse,
658 4971 718 5017 et
762 4961 886 5016 loco
937 4960 1064 5014 huic
1118 4959 1351 5013 maxime
1392 4960 1686 5013 convenire
1734 4970 1909 5028 puto:
1960 4965 2254 5029 prepterca
2324 4954 2469 5022 quod
2501 4953 2752 5007 historici
2777 4953 2979 5007 Gnecat
3035 4952 3446 5021 superstitionis
3469 4954 3592 5008 cul-

337 5076 515 5125 tores,
542 5057 801 5113 consulto
822 5064 876 5109 et
903 5054 1174 5108 malitiose
1196 5053 1483 5107 veritatem
1514 5062 1912 5121 oppugnantes,
1956 5058 2181 5120 propter
2250 5049 2575 5103 Christianae
2646 5045 2929 5114 religionis
2968 5045 3183 5110 odium,
3220 5062 3507 5116 perperam
3538 5059 3593 5103 et

337 5140 481 5210 l'also
507 5152 774 5223 pleraque
814 5149 1090 5203 scribunt.
1128 5149 1195 5201 At
1228 5162 1326 5200 nos
1354 5145 1419 5198 ad
1447 5147 1542 5199 reli
1569 5161 1711 5215 luam
1743 5147 2013 5201 Anastasii
2043 5147 2331 5200 historiam
2368 5155 2678 5213 pergamus.

934 5263 1187 5317 ΚΕΦΑΛ.
1237 5259 1367 5315 MA'.

341 5365 485 5433 Hirpi
514 5362 626 5430 τῆς
653 5362 1086 5433 χρυσοτελείας
1102 5356 1183 5424 ἣν
1205 5357 1658 5433 όῗᾊναᾳτάσιας
1679 5356 1928 5422 ἐπενόη-

452 5452 547 5497 σε,
573 5425 781 5500 ζλύίἷην
808 5430 1091 5483 ἐντεῦθεν
1131 5427 1375 5492 πολλὴν
1402 5425 1829 5495 ἐργασάμενος.

414 5549 504 5601 Τὰ
548 5547 652 5615 μὲν
681 5544 746 5615 δὴ
794 5542 889 5596 τοῦ
936 5544 1320 5611 χρυσαργύρου
1369 5539 1555 5590 τοῦτον
1585 5541 1673 5590 τὸν
1724 5539 1924 5606 τρόπον

344 5642 626 5711 περιεῖλεν
656 5639 685 5690 6
729 5637 1110 5700 Ἀναστάσιος,
1147 5634 1239 5684 καὶ
1279 5630 1571 5701 βασιλικῶς
1610 5633 1787 5683 ἐκεῖνο
1828 5648 1925 5681 κα-

425 5802 500 5863 (l)
534 5799 637 5852 Alii
675 5798 819 5849 hanc
838 5794 1114 5849 Snenidem
1156 5793 1245 5863 alii
1306 5792 1680 5845 Scmiamiram
1710 5800 1922 5863 meant.

526 5868 850 5923 Anastasius
882 5868 933 5918 in
956 5866 1183 5934 imperio
1215 5862 1455 5915 linmauo
1501 5861 1921 5915 at'istocratiam.

2592 5258 2816 5315 CAPUT
2845 5258 3027 5311 XLIV.

2036 5357 2109 5411 De
2136 5373 2301 5412 aureo
2324 5356 2585 5425 vectigali,
2614 5354 2751 5423 quod
2776 5369 2965 5405 novum
2994 5352 3309 5425 Anastasius
3342 5353 3593 5419 instituit,

2238 5428 2373 5479 unde
2416 5423 2595 5479 multa:
2636 5438 2883 5477 Garumna:
2916 5432 3036 5475 sunt
3064 5423 3374 5475 subsecutaz.

2102 5539 2412 5592 Pcrtorium
2450 5537 2847 5606 χρυσάργυρον,
2896 5544 3343 5603 aurargenteum,
3376 5536 3441 5589 ad
3468 5550 3593 5587 eum

2031 5645 2195 5698 quem
2224 5629 2461 5681 diximus
2498 5625 2741 5691 modum,
2779 5625 3093 5679 Anastasius
3128 5625 3365 5680 abolevit
3407 5625 3506 5693 (2),
3540 5633 3597 5679 et

2035 5788 2137 5838 huc
2181 5793 2281 5837 est.
2364 5785 2688 5851 optizratnm
2740 5782 3271 5835 administrationem
3338 5783 3595 5847 instituit,

2042 5856 2385 5923 magistratus
2419 5868 2471 5908 et
2510 5856 2745 5906 honores
2768 5851 3031 5915 vendidit,
3087 5854 3305 5914 iniustis
3364 5852 3601 5907 homini-
