4244 6438
679 410 782 473 215

1904 405 2317 482 NICEPHORI
2360 424 2702 487 CALLISTI

3822 427 3924 491 216

682 528 952 596 imperiali
992 544 1218 597 prorsus
1244 532 1425 587 animo
1454 536 1697 591 sustulit.
1734 537 1848 591 Alia
1884 550 2072 592 contra
2101 547 2253 593 ‘vero
2287 540 2322 593 Α
2357 563 2358 567 η

2287 540 2322 593 Α
2357 537 2676 607 τὼρθωσεν.
2718 541 2935 605 Ἀνάξια
2963 541 3018 593 δὲ
3049 541 3213 596 πάλιν
3241 542 3530 611 ἔπραττεν,
3562 537 3643 605 οἷς
3673 543 3773 611 τὴν
3798 561 3929 612 χρυ-

675 633 731 671 se
759 618 981 688 indigna
1018 620 1293 675 instituit:
1330 626 1710 693 χρυσοτέλειαν
1740 630 2010 693 videlicet,
2046 631 2095 682 itl
2134 640 2242 689 est.

677 709 997 777 pensionem
1030 712 1184 765 auri:
1217 723 1270 767 et
1296 719 1525 784 populos
1555 734 1685 774 suos
1710 722 2001 790 vectigales
2033 722 2246 775 bellicis

679 804 940 873 impensis
963 820 1061 874 per
1085 807 1538 865 nundinationem
1566 813 1802 869 venditis
1830 830 1993 885 supra
2027 815 2245 868 modum

676 898 959 963 gravavit,
1024 902 1476 971 exactionemque
1566 906 1894 960 tributurum
1957 908 2245 961 curialium

677 986 1012 1055 abrogando,
1044 991 1205 1059 726
1240 992 1293 1043 in
1338 993 1647 1063 quibusque
1682 996 1998 1051 civitatibus
2027 1013 2120 1051 eos
2153 998 2247 1066 qui

677 1091 947 1133 vocantur
987 1080 1233 1136 vindices
1280 1085 1602 1139 constituit:
1650 1086 1844 1141 Marini
1893 1088 2034 1156 Syri,
2086 1088 2247 1143 sicuti

679 1172 893 1237 dicunt,
928 1174 1416 1244 suggestionemui
1454 1177 1767 1245 primariam
1803 1181 1942 1248 apud
1971 1194 2097 1233 eum
2125 1196 2250 1249 ges-

679 1263 749 1316 sit
785 1263 1128 1331 dignitatcm,
1172 1281 1332 1332 quam
1386 1267 1765 1335 praefecturam
1816 1270 2059 1339 praatorii
2104 1272 2249 1324 anti-

679 1356 865 1422 quitus
906 1357 1283 1410 nominarunt.
1321 1358 1666 1429 Quapropter
1708 1360 1932 1426 factum,
1984 1373 2044 1417 ttt
2085 1364 2252 1416 vecti-

680 1446 820 1515 galia
882 1464 1072 1516 magna
1127 1465 1189 1502 ex
1248 1462 1402 1519 parte
1456 1454 1858 1518 intercitlerint,
1914 1463 1970 1508 et
2005 1456 2252 1508 civitates

681 1542 862 1595 minus
889 1540 1197 1597 ﬂoruerint.
1242 1544 1559 1611 Antiquitus
1604 1562 1861 1614 namque.
1897 1548 1990 1615 qui
2039 1546 2253 1600 nobiles

680 1641 735 1685 ct
768 1633 914 1687 claro
937 1634 1056 1688 loco
1083 1636 1192 1688 nati
1223 1645 1395 1698 erant,
1424 1636 1475 1688 in
1505 1651 1694 1690 earum
1726 1639 1908 1693 album
1941 1637 2257 1693 refereban-

680 1732 792 1785 tur,
834 1740 1037 1793 eosquo
1070 1727 1201 1778 urbs
1232 1726 1491 1793 quaelibet
1520 1727 1570 1779 in
1602 1730 1749 1782 curis
1783 1739 2098 1784 senatorum
2135 1734 2255 1785 loco

682 1815 913 1869 habebat
945 1830 1105 1885 atque
1141 1818 1530 1873 constituebat.

1255 1934 1481 1989 CAPUT
1518 1934 1677 1989 XLV.

688 2021 1121 2098 Utunttastasio.
1174 2038 1252 2081 ter
1297 2038 1479 2081 sancto
1528 2028 1722 2097 hymno
1772 2032 2002 2098 adjicere
2056 2033 2257 2087 volente

751 2094 886 2148 illud
917 2113 935 2149 .'
971 2114 988 2147 t
1019 2096 1118 2160 Qui
1156 2101 1439 2165 cruciﬁxus
1470 2115 1523 2152 es
1552 2094 1648 2165 pro
1675 2094 1847 2163 nobis,
1886 2120 1904 2152 ι
1938 2103 2193 2157 tumultus
2223 2123 2257 2157 α

753 2165 946 2233 populo
993 2169 1059 2219 sit
1108 2171 1405 2223 concitatus
1432 2186 1449 2223 :
1481 2184 1643 2232 usque
1685 2169 1837 2234 adeo,
1880 2183 1935 2225 ut
1981 2175 2026 2226 is
2068 2176 2259 2226 timore

753 2237 1042 2312 perculsus,
1078 2238 1359 2312 imperium
1386 2236 1707 2309 deposuerit.
1746 2238 1813 2292 Et
1839 2254 1893 2295 ut
1940 2245 2100 2312 paulo
2142 2254 2257 2312 past

755 2308 1071 2359 Anastasius
1110 2310 1269 2362 vitam
1311 2308 1532 2375 ﬁnierit.

755 2420 1009 2475 Omnium
1054 2433 1233 2477 autem
1288 2426 1581 2492 malorum,
1635 2445 1866 2498 quorum
1906 2432 2018 2498 ipse
2065 2440 2259 2484 auctor

684 2514 808 2572 fuit.
843 2515 975 2568 illud
1013 2530 1318 2572 extremum
1362 2529 1499 2586 erat,
1538 2522 1682 2591 quod
1726 2530 1951 2591 propter
1985 2523 2259 2577 accessio-

685 2621 807 2659 ncttt
841 2607 1008 2671 illaut,
1043 2608 1145 2671 Qui
1179 2612 1463 2678 cruciﬁxus
1498 2630 1550 2668 es
1580 2631 1675 2684 pro
1703 2616 1846 2668 nobis
1890 2616 1986 2682 (l).
2012 2632 2171 2685 quant
2204 2625 2261 2670 ct

688 2690 802 2763 ipse
833 2708 914 2752 ter
946 2709 1135 2754 sancto
1156 2702 1271 2770 ipse
1315 2703 1518 2773 hymno
1564 2705 1803 2759 additam
1843 2706 2033 2769 voluit,
2070 2708 2259 2776 ingens

685 2800 875 2843 exorta
902 2799 989 2844 est
1012 2792 1211 2846 seditio
1235 2830 1253 2859 ,
1284 2796 1512 2874 perinde
1543 2806 1707 2865 atque
1747 2796 2063 2863 religionem
2092 2797 2261 2865 gChri—

693 2881 928 2935 stianam
975 2891 1223 2938 evertere
1285 2885 1534 2940 homines
1579 2888 1801 2943 vellent.
1829 2889 1959 2958 Ejus
1993 2889 2263 2960 dogmatis

688 2974 882 3028 Petrus
936 2974 1233 3044 Cnaphcus
1272 2988 1459 3031 auctor
1503 2978 1626 3045 fuit,
1670 2980 1832 3035 sicuti
1891 2982 2096 3035 dictum
2156 2993 2260 3035 est.

687 3063 923 3119 Severus
952 3074 1132 3120 autem
1154 3067 1205 3121 in
1236 3067 1638 3134 Macedonium,
1669 3072 1764 3139 qui
1793 3072 1953 3140 paulo
1987 3080 2114 3126 ante
2142 3072 2261 3126 hie-

689 3157 881 3210 rarclta
912 3157 1384 3227 Constantinopoli
1414 3159 1536 3225 fuit,
1573 3162 1703 3215 etin
1741 3164 1947 3217 clerum
1989 3166 2110 3235 ejus
2147 3179 2258 3217 rem

2360 632 2639 687 σοτέλειαν
2708 636 2969 687 ἐπενὸεμ
3030 635 3124 702 τὴν
3202 633 3603 704 στρατιωτικὴν
3674 633 3929 702 δαπάνην

2356 723 2758 790 ἀπεμπολήσας
2790 724 2933 777 κατὰ
2955 724 3063 776 τῶν
3100 724 3369 777 συντελῶν
3398 725 3477 786 εἰς
3504 724 3565 775 τὸ
3600 722 3927 793 βαρύτατον.

2356 813 2479 865 Τῶν
2499 815 2555 867 δὲ
2582 814 2983 886 βουλευτηρίων
3012 817 3196 886 φόρων
3213 819 3311 888 τὴν
3337 816 3624 887 εἴσπραξιν
3664 818 3928 885 περιεῖλε,

2360 906 2485 968 τοὺς
2528 908 2897 976 καλουμένους
2922 908 3162 978 βίνδικας
3196 909 3299 962 ἀνὰ
3330 910 3568 979 εκάστην
3619 908 3772 961 πόλιν
3801 926 3936 977 προ-

2359 998 2714 1067 ϐεϐλημένος,
2741 1001 3012 1069 Μαρίνου,
3043 1000 3119 1057 ῶς
3162 1018 3349 1069 φασιν,
3382 1001 3667 1070 είσηγήσει
3708 1002 3801 1053 τοῦ
3829 1000 3935 1052 Σύ-

2361 1110 2477 1162 ρου,
2490 1093 2589 1162 τὴν
2606 1096 2907 1165 κορυφαίαν
2922 1094 3200 1158 διέποντος
3215 1096 3323 1148 τῶν
3340 1095 3545 1165 ἀρχῶν,
3562 1095 3808 1165 ὕπαρχον
3837 1094 3936 1161 τῆς

2359 1185 2528 1253 αὐλῆς
2561 1186 2663 1254 τὴν
2714 1186 2976 1255 τοιαύτην
3006 1186 3261 1251 ἐξουσίαν
3297 1188 3347 1239 οι
3401 1187 3572 1239 πάλαι
3609 1186 3893 1257 ὠνόμαζον
3917 1201 3932 1216 ⁶

2359 1275 2482 1327 ὅθεν
2512 1276 2651 1329 οἵτε
2686 1277 2843 1344 φόροι
2890 1278 3171 1331 καταπολὺ
3210 1279 3562 1350 διερρύησαν,
3603 1279 3694 1330 καὶ
3734 1279 3802 1330 τὰ
3827 1277 3939 1329 τῶν

2360 1367 2573 1420 πόλεων
2616 1368 2752 1437 ἄνθη
2781 1370 3125 1439 διέρῤευσαν.
3158 1370 3232 1425 Τὸ
3270 1371 3379 1440 γὰρ
3411 1370 3652 1445 ἀρχαῖον.
3681 1369 3797 1421 ὅσοι
3828 1367 3938 1420 τῶν

2362 1459 2421 1512 εὖ
2448 1459 2752 1528 γεγονότων
2794 1464 2886 1514 καὶ
2913 1463 3236 1533 εὐπατρίδαι
3259 1458 3418 1533 ἦσαν,
3464 1466 3520 1514 ἐν
3560 1463 3671 1523 τοῖς
3696 1460 3805 1513 τῶν
3832 1458 3935 1510 πὸο

2362 1548 2498 1601 λεων
2557 1548 2904 1618 λευκώμασιν
2962 1552 3362 1621 ἐνεγράφοντο,
3424 1553 3661 1620 ἑκάστης
3726 1548 3932 1609 πόλεως

2363 1639 2489 1701 τοὺς
2531 1642 2588 1692 ἐν
2618 1642 2729 1704 τοῖς
2775 1641 3179 1712 βουλευτηρίοις
3248 1645 3370 1696 ἀντὶ
3430 1642 3737 1712 συγκλήτου
3791 1640 3938 1700 τινὸς

2364 1732 2607 1796 ἐκείνους
2635 1732 2825 1804 ὥσπερ
2856 1735 3091 1806 ἐχούσης
3123 1735 3215 1788 καὶ
3249 1736 3597 1806 ὁριζομένης.

2942 1936 3190 1991 ΚΕΦΔΛ.
3223 1934 3352 1991 ME'.

2367 2030 2489 2084 Ὅτι
2541 2028 2934 2104 ’ᾼνιισταοςιόυ
2973 2029 3390 2104 ,βουληθέντος
3428 2026 3800 2104 ⁸πρασιθεξνιιε
3855 2026 3937 2091 τῷ

2435 2102 2720 2168 τρισαγίῳ
2775 2099 2863 2157 τὸ.
2920 2118 2937 2149 ι
2991 2100 3054 2151 ’0
3113 2098 3480 2162 στιιυρωθείς
3541 2097 3633 2168 δι’,
3676 2096 3857 2168 ἡμᾶς,
3910 2116 3929 2146 ι

2435 2165 2655 2234 στάσιζι
2684 2168 2763 2232 τῷ
2785 2168 2952 2233 δήμῳ
2977 2170 3231 2237 ἐγένετο,
3264 2169 3344 2232 ὡς
3374 2168 3472 2221 καί
3498 2167 3686 2219 αὑτὸν
3703 2165 3941 2237 ἐκεῖνον

2435 2239 2740 2302 δείσαντα,
2803 2239 2915 2302 τὴν
2957 2235 3157 2304 ἀρχὴν
3210 2240 3635 2291 ἁποτι’οεσοαι’
3701 2235 3798 2288 καὶ
3858 2236 3940 2301 ὡς

2433 2310 2580 2377 μετὰ
2606 2308 2825 2377 μικρὸν
2857 2309 3141 2360 ἐτελεύτα
3180 2310 3287 2359 τὸν
3310 2308 3475 2368 βίον.

2439 2422 2512 2474 Τὸ
2543 2423 2758 2474 πάντων
2791 2422 2839 2474 δ’
2885 2421 3115 2491 ἔσχατον
3156 2422 3252 2472 καὶ
3284 2420 3603 2473 τελευταῖον
3646 2419 3794 2489 αύτῷ
3831 2419 3942 2471 τῶν

2367 2516 2554 2570 κακῶν
2613 2515 2941 2584 διεπράχθη,
2983 2515 3176 2582 ὅτιπερ
3204 2515 3262 2566 ἐν
3301 2516 3366 2583 τῇ
3399 2512 3815 2565 Κωνσταντίνου
3844 2512 3944 2579 τὴν

2367 2609 2687 2677 προσθήκην
2742 2607 2836 2659 καὶ
2905 2606 3071 2658 αὑτὸν
3128 2608 3186 2658 ἓν
3232 2606 3310 2675 τῷ
3344 2604 3613 2674 τρισαγίῳ
3662 2603 3943 2673 ᾑρημένον

2369 2698 2699 2768 ποιήσασθαι
2765 2697 2857 2763 τὸ,
2906 2696 2971 2750 '0
2995 2698 3366 2764 σταυρωθείς
3395 2697 3472 2751 δι’
3512 2696 3695 2765 ἡμᾶς,
3751 2697 3943 2757 στάσις

2370 2792 2608 2862 μεγίστη
2648 2789 3038 2861 ἀνερῤιπίσθη,
3071 2790 3275 2845 ὡσανεὶ
3308 2794 3405 2859 τῆς
3436 2788 3779 2857 Χριστιανῶν
3806 2787 3945 2855 θρη-

2370 2880 2558 2942 σκείας
2593 2879 3073 2950 ἁνατρεπομένης.
3106 2880 3425 2949 Προστάτης
3456 2879 3555 2947 μὲν
3592 2876 3685 2931 οὖν
3710 2876 3805 2929 τοῦ
3834 2894 3945 2928 τοι-

2368 2972 2529 3024 ούτου
2598 2971 2867 3040 δόγματος
2923 2970 3125 3039 Πέτρος
3177 2973 3205 3023 ό
3249 2971 3507 3037 Κναφεὺς
3562 2970 3831 3037 ἐγεγόνει,
3866 2968 3944 3029 ὡς

2369 3068 2610 3138 εἴρηται.
2666 3064 2904 3133 Σευῆρος
2954 3062 3011 3115 δὲ
3042 3063 3378 3116 Μακεδόνων
3436 3065 3528 3115 τὸν
3584 3063 3690 3133 πρὸ
3744 3062 3945 3132 μικροῦ

2371 3160 2636 3230 ίεράρχην
2663 3157 2765 3225 τῆς
2794 3155 3214 3210 Κωνσταντίνου
3244 3156 3449 3224 ίστοριῖ
3473 3154 3829 3223 γεγενῆσθαι,
3852 3154 3948 3205 aut

687 3264 807 3301 eam
839 3249 1067 3313 confert,
1088 3250 1155 3304 ad
1190 3250 1539 3306 Soterichnm
1571 3254 1844 3319 scribens,
1873 3270 1996 3310 cum
2018 3255 2261 3311 nondum
2288 3239 2333 3298 (ἶ

2288 3239 2333 3298 C
2364 3250 2458 3303 τὸν
2489 3248 2581 3301 ὑπ’
2635 3246 2798 3301 αὐτὸν
2850 3244 3074 3315 κλῆρον,
3118 3243 3254 3312 πρὸς
3299 3243 3612 3313 Σωτήριχον
3678 3242 3943 3309 γράφων·

690 3344 744 3395 in
793 3342 1171 3411 episcoporum
1224 3345 1476 3399 ordinem
1524 3356 1811 3416 cooptatus
1853 3359 2019 3412 esset,
2067 3349 2161 3404 sed
2207 3350 2262 3403 in

689 3435 812 3488 aula
840 3435 1109 3504 imperiali
1140 3451 1207 3490 eo
1240 3445 1484 3505 tempore
1518 3450 1850 3505 versaretur,
1881 3456 1990 3508 quo
2027 3456 2152 3496 cum
2183 3443 2266 3496 eis

690 3543 830 3596 quos
871 3539 1033 3582 antea
1067 3528 1326 3590 diximus.
1365 3532 1701 3585 monasterio
1744 3548 1846 3586 suo
1895 3543 1981 3587 est
2023 3543 2265 3587 exactus.

691 3618 1013 3687 Conjcctura
1068 3628 1392 3680 autemest.
1445 3622 1633 3674 talium
1683 3622 2030 3692 aliarumque
2065 3626 2272 3679 calum-

690 3713 908 3766 niarunt
942 3712 1135 3781 gratia,
1168 3711 1541 3766 Macedonium
1574 3730 1604 3769 e
1640 3714 1838 3769 throno
1864 3731 1965 3770 suo
1990 3716 2262 3785 dcjectum

693 3819 835 3857 esse.
882 3803 1039 3869 Quod
1090 3820 1221 3857 vero
1276 3814 1474 3872 prretcr
1525 3821 1748 3860 causam
1808 3807 1861 3859 in
1917 3808 2095 3862 virum
2144 3824 2271 3864 eum

696 3897 928 3966 injectus
976 3896 1296 3961 mentiatur,
1348 3897 1481 3951 satis
1524 3913 1588 3951 ea
1628 3914 1749 3967 qua:
1793 3899 2048 3954 dicentur
2092 3911 2278 3956 osten-

695 3991 847 4043 tlcnt.
891 3989 1179 4057 Postquam
1232 3989 1378 4042 enim
1432 3988 1785 4044 Macedonius
1830 3990 1898 4044 ab
1942 3992 2276 4061 imperatore

694 4083 992 4136 dissentire
1024 4082 1210 4149 coepit,
1239 4082 1575 4151 permultum
1620 4083 1923 4153 imperator
1954 4085 2005 4139 ei
2051 4085 2277 4142 insidia-

698 4185 786 4229 tus
820 4182 923 4227 cst.
953 4171 1189 4228 Proinde
1228 4173 1395 4227 etiam
1432 4188 1528 4227 eos
1557 4174 1649 4242 qui
1696 4188 1726 4227 a
1757 4173 2078 4230 Macedonio
2106 4177 2281 4232 desci-

701 4274 928 4330 verant,
987 4264 1335 4319 turbulenter
1382 4274 1782 4335 congregatos,
1845 4267 1897 4320 in
1948 4267 2279 4339 Archangeli

700 4359 908 4427 templo
954 4365 1036 4410 ter
1086 4366 1334 4412 sanctum
1386 4373 1606 4411 carmen
1638 4374 1765 4429 cum
1820 4359 2130 4427 adjectione
2167 4361 2281 4432 ipsa

700 4466 902 4506 canere
929 4449 1114 4519 jussit.
1156 4449 1302 4503 Idem
1341 4465 1465 4504 mox
1496 4452 1749 4520 proximo
1782 4450 2070 4507 Dominico
2107 4454 2196 4509 die
2228 4454 2283 4509 itt

705 4542 911 4610 templo
941 4554 1136 4610 magno
1168 4539 1238 4594 ab
1260 4540 1344 4594 eis
1385 4539 1614 4602 factum,
1661 4556 1784 4594 cum
1818 4540 1895 4595 illi
1928 4542 2091 4597 etiam
2122 4542 2288 4598 bacu-

702 4635 788 4689 lus
816 4649 882 4688 eo
914 4633 1247 4691 intulerunt.
1302 4632 1465 4702 727
1524 4633 1766 4703 Populus
1808 4643 1991 4689 autem
2030 4634 2278 4704 ﬂagranti

704 4728 901 4783 ardore
928 4726 1162 4792 excitus,
1212 4725 1446 4795 turpiter
1486 4724 1613 4780 illos
1645 4725 1879 4780 ecclesia
1911 4726 2143 4795 expulit.
2173 4728 2278 4781 lm-

702 4830 926 4891 perator
986 4829 1175 4888 postea
1223 4826 1411 4886 aperte
1465 4817 1748 4871 monachis
1797 4819 2178 4873 desertoribus
2227 4827 2284 4873 et

704 4910 1022 4981 transfugis,
1057 4918 1113 4965 et
1152 4909 1497 4979 principibus
1541 4911 1705 4963 etiam
1738 4910 1890 4969 viris,
1937 4919 1996 4965 ut
2030 4911 2284 4981 indignas

706 5001 1073 5057 contumelias
1104 4999 1159 5053 in
1188 4999 1510 5069 episcopum
1542 4999 1894 5068 impudenter
1916 5002 2280 5072 conjicerent,

710 5094 994 5162 praecpit.
1026 5090 1270 5156 Quorum
1306 5107 1448 5144 unus
1480 5100 1601 5145 erat
1637 5092 1887 5146 Julianus
1916 5093 2283 5149 Halicarttassi

710 5195 767 5244 itt
786 5186 948 5243 Caria
964 5186 1348 5257 episc0pus,et
1367 5183 1603 5238 Severus
1627 5185 1793 5237 etiam
1815 5193 1927 5238 tum
1948 5186 2283 5242 monachus:

714 5282 879 5339 simul
905 5288 959 5334 et
990 5278 1137 5342 tidei,
1185 5284 1241 5331 et
1280 5274 1604 5341 Macedonii,
1642 5288 1947 5345 eorumque
1979 5276 2075 5346 qui
2093 5292 2283 5333 secum

715 5387 891 5439 erant,
919 5376 1124 5429 hostes.
1148 5372 1437 5438 Quomodo
1459 5372 1623 5439 igitur
1640 5386 1767 5425 eum
1799 5387 1963 5440 quem
2004 5374 2288 5442 tyrattnico

717 5482 870 5523 more
914 5464 1247 5521 accessionis
1280 5465 1399 5532 ejus
1443 5463 1615 5534 gratia
1666 5462 1880 5532 injuriis
1913 5464 2290 5518 contumeliis-

718 5612 822 5665 bus
849 5603 1114 5677 pepercit.
1152 5602 1220 5657 Et
1252 5601 1316 5654 ad
1359 5598 1719 5677 insatiabilem
1757 5597 1999 5677 pecunia:
2022 5598 2288 5677 cupidita-

722 5692 828 5734 tem
849 5667 1188 5737 'co'nversus,
1218 5671 1527 5739 provincias
1543 5668 1815 5735 extrilavit.
1844 5668 1921 5739 Ad
1949 5667 2285 5739 insolentem

722 5759 1042 5813 novumque
1089 5737 1322 5813 morem,
1353 5755 1514 5802 quem
1571 5738 1800 5813 induxit,
1842 5737 1960 5813 _viri
2001 5737 2124 5813 Itoni
2161 5748 2288 5790 sunt

724 5806 1088 5873 consternati.
1116 5809 1382 5864 Barbaros
1411 5806 1891 5875 uatnqnciutperio
1915 5807 2286 5870 itttntinentcs,

725 5904 834 5942 non
866 5884 1034 5939 armis
1066 5879 1327 5952 pmpulit,
1387 5877 1479 5933 sed
1526 5892 1710 5946 pacem
1739 5892 1871 5931 auro
1907 5877 2133 5930 mercari
2168 5879 2291 5931 soli-

2367 3339 2521 3393 οὔπω
2573 3339 2674 3409 μὲν
2724 3336 3061 3404 τεταγμένος
3105 3336 3164 3387 ἐν
3215 3334 3562 3397 ἐπισκόποις,
3605 3331 3686 3385 ἔτι
3736 3332 3791 3385 δὲ
3832 3333 3947 3393 τοῖς

2369 3433 2691 3501 ἀνακτόροις
2734 3430 3154 3497 ἐνδιαιτώμενος
3204 3428 3325 3481 κατ’
3357 3429 3534 3480 ἐκεῖνο
3564 3424 3783 3496 καιροῦ,
3814 3428 3948 3491 ὀπη-

2370 3528 2499 3579 νίκα
2532 3522 2627 3578 τοῦ
2665 3522 2788 3577 κατ’
2812 3522 2976 3575 αὐτὸν
3010 3519 3267 3591 ἀπηλάθη
3307 3519 3669 3589 μοναστηρίου
3699 3520 3795 3570 σὺν
3834 3520 3950 3578 τοίς

2372 3619 2708 3689 ιίρημένοις.
2735 3615 3040 3682 Συνάγεται
3068 3614 3115 3666 δ’
3140 3612 3233 3666 οὖν
3261 3613 3370 3665 τῶν
3393 3610 3611 3664 τοιῶνδε
3648 3611 3741 3663 καὶ
3771 3609 3949 3662 ἄλλων

2376 3712 2536 3781 χάριν
2591 3709 2855 3762 διαϐολῶν
2902 3707 2995 3759 τὸν
3052 3705 3390 3759 Μακεδόνιον
3434 3701 3801 3773 ἐκϐεϐλῆσθαι
3852 3700 3949 3753 τοῦ

2378 3802 2593 3870 θρόνου.
2623 3802 2749 3852 Ὀτι
2770 3800 2827 3852 δὲ
2856 3797 3117 3868 ψεύδεται
3150 3798 3329 3867 μάτην
3362 3795 3817 3865 καταφερόμενος
3852 3791 3950 3846 τοῦ

2379 3895 2587 3964 ἀνδρὸς,
2620 3891 2771 3962 παρὰ
2797 3892 2964 3953 πόδας
2997 3890 3164 3954 δείξει
3200 3891 3268 3943 τά
3315 3889 3608 3959 είρημένα.
3663 3887 3815 3940 Ἐπεὶ
3842 3888 3952 3956 γὰρ

2381 3987 2462 4050 εἰς
2510 3985 2775 4054 διαφορὰν
2824 3983 3123 4039 καθίστατο
3179 3981 3409 4051 βασιλεῖ,
3456 3979 3658 4041 πολλὰς
3709 3980 3953 4039 ἐπινοίας

2383 4079 2506 4130 κατ’
2537 4077 2748 4130 ἐκείνου
2783 4075 3066 4144 ἐτύρευεν.
3108 4074 3278 4127 ὐθεν
3308 4073 3555 4137 καὶτοὺς
3582 4070 3795 4125 ἐκείνου
3828 4071 3959 4137 ἀφι-

2386 4169 2691 4240 σταμένους
2741 4169 2839 4222 σὺν
2869 4167 3010 4238 ὄχλῳ
3063 4167 3314 4221 ἐκέλευεν
3364 4164 3751 4237 ἀθροισθέντας
3786 4163 3844 4215 ἐν
3880 4163 3957 4231 τῷ

2385 4258 2502 4331 ναῷ
2552 4259 2647 4312 τοῦ
2682 4257 3074 4328 Ἀρχαγγέλου,
3116 4256 3209 4310 τὸν
3262 4256 3549 4326 τρισάγιον
3596 4251 3765 4322 ὕμνον
3816 4252 3960 4321 μετὰ

2386 4356 2488 4421 τῆς
2523 4350 2842 4423 προσθήκης
2869 4349 3115 4419 ψάλλειν.
3151 4347 3231 4419 Τῇ
3264 4348 3310 4401 δ’
3341 4347 3577 4419 ἐπιούσῃ
3606 4345 3859 4415 Κυριακῇ
3892 4344 3961 4396 τὰ

2389 4445 2554 4512 ὃμοια
2586 4443 2678 4495 καὶ
2707 4442 2766 4493 ἐν
2794 4443 2858 4511 τῇ
2890 4439 3121 4511 Μεγάλῃ
3152 4439 3420 4510 ἐκκλησίᾳ
3469 4438 3709 4500 ἐποίουν,
3737 4437 3833 4488 καὶ
3866 4435 3963 4503 βά-

2393 4535 2498 4589 κλα
2527 4535 2939 4601 ἐπιφερόμενοι.
2998 4532 3057 4585 Ὀ
3086 4530 3143 4583 δέ
3178 4530 3305 4593 λαὸς
3347 4530 3496 4600 ζήλῳ
3535 4526 3963 4597 διαθερμανοεὶς

2385 4626 2627 4697 αἰσχρῶς
2668 4624 2911 4689 ἐκείνους
2945 4624 3044 4693 τῆς
3077 4622 3374 4694 ἐκκλησίας
3412 4622 3747 4692 ἀπήλαυνον.
3790 4621 3967 4673 ’Δπαο

2390 4719 2748 4791 ρακαλύπτως
2796 4718 2841 4770 δ’
2873 4720 3062 4771 ἔπειτα
3088 4719 3116 4770 ὁ
3165 4715 3389 4785 κρατῶν
3416 4716 3511 4768 καὶ
3560 4715 3828 4783 μοναχοῦς
3854 4711 3965 4764 τῶν

2386 4813 2826 4885 άπερῤηγμὲνων
2884 4813 2978 4864 καὶ
3045 4812 3313 4880 ἄρχοντας
3372 4809 3605 4876 ἁναίδην
3703 4806 3966 4874 άσέμνοις

2390 4908 2583 4976 ὕϐρεσι
2639 4906 2858 4977 βάλλειν
2907 4904 3094 4957 ἔπειθε
3147 4902 3240 4956 τὸν
3270 4903 3611 4955 ἐπίσκοπονο
3642 4893 3717 4952 ὧν
3756 4892 3835 4959 εἷς
3872 4897 3969 4949 καὶ

2399 5001 2685 5063 Ἰουλιανὸς
2735 5003 2763 5053 ό
2810 4998 3205 5071 Ἀλικαρνασσιῖ
3254 4998 3354 5067 τῆς
3403 4995 3616 5066 Καρίας
3664 4994 3967 5055 ἐπίσκοπος

2387 5092 2475 5168 ἦν,
2508 5096 2602 5148 καὶ
2629 5095 2867 5163 Σευῆρος
2892 5095 2920 5145 ὀ
2951 5095 3185 5163 μοναχδς
3213 5130 3229 5154 ,
3258 5093 3309 5143 οἱ
3344 5092 3440 5143 καὶ
3472 5089 3571 5159 τῆς
3608 5088 3842 5149 πίστεως
3871 5087 3969 5139 καὶ

2388 5188 2568 5242 αὐτῶν
2596 5186 2961 5257 γεγενημένοι
2994 5185 3269 5254 πολέμιοι.
3311 5183 3437 5246 Πῶς
3459 5182 3555 5236 οὖν
3591 5181 3650 5234 δν
3677 5179 3968 5248 τυραννεῖν

2390 5276 2488 5331 καὶ
2539 5272 2787 5346 ὑϐρίζειν
2838 5273 2937 5325 καὶ
2985 5272 3074 5325 διὰ
3114 5272 3213 5341 τῆς
3266 5270 3585 5340 προσθήκης
3650 5265 3969 5337 ⁴ῇϐούλοντο,

2391 5368 2599 5421 ἐκείνου
2631 5368 2870 5437 φαίημεν
2896 5361 3035 5417 εἶναι
3061 5364 3287 5435 ταύτην,
3309 5362 3403 5414 καὶ
3442 5359 3683 5430 ἀρχηγὸν
3726 5359 3829 5425 τῆς
3862 5374 3975 5410 τει-

2391 5461 2560 5527 αύτης
2625 5459 2935 5529 συγχύσεως
2956 5460 3020 5528 τῇ
3066 5455 3361 5525 Ἐκκλησία
3397 5453 3647 5523 γενέσθαι
3669 5450 3970 5519 δεξόμεθας

2394 5610 2483 5673 tus
2509 5609 2613 5673 est.
2650 5598 3042 5673 Deluttctorum
3079 5597 3220 5673 bona
3252 5594 3519 5673 curiosem
3543 5591 3850 5673 inquisivit,
3913 5602 3974 5644 et

2393 5670 2666 5739 publicam
2732 5668 2933 5739 passim
2999 5666 3259 5721 omnibus
3326 5663 3642 5721 conciliavit
3698 5663 3965 5732 inopiam.

2397 5740 2659 5809 (Suitlas.)

2466 5810 2541 5881 (Ι)
2566 5810 2740 5880 Supra
2766 5824 2888 5881 cap.
2920 5806 3007 5862 55.
