4244 6438
296 426 402 489 ευ

1271 444 1868 508 ECtZLESlASTICd'I
1907 451 2294 514 lllSTORlIE
2327 457 2452 514 LIB
2505 460 2658 519 XVI.

3476 474 3579 539 218

293 541 406 591 Τοῦ
442 543 499 593 δὲ
535 543 804 612 βασιλέως
829 548 928 616 τὴν
959 551 1283 621 προσθήκην
1307 557 1515 627 ταύτην
1547 560 1719 612 Θεῖναι
1747 564 1885 630 παρο
1913 569 1955 620 Α

1913 569 1955 620 Α
1987 578 2092 629 que
2121 565 2336 621 allicere
2370 569 2992 630 voluerunt.auctorem
3021 577 3145 646 ejus
3177 593 3300 634 esse
3326 581 3575 640 dicemus

296 635 468 704 ῤηίᾳ
512 635 871 706 θελήσαντος,
911 643 939 694 6
983 643 1153 712 δῆμος
1192 648 1513 711 ἀκαοέκτως
1565 648 1701 720 εἶχε,
1743 671 1884 722 σφα-

287 724 472 786 δάζων
501 731 569 779 τά
613 729 856 799 ἔσχαταο
903 737 999 788 καὶ
1033 739 1221 792 πολλοὶ
1257 743 1362 811 μὲν
1404 747 1514 798 τῶν
1548 750 1605 800 ἐν
1645 752 1789 803 τέλει
1824 755 1882 805 ὲν

285 819 409 886 χρῷ
437 822 688 875 κινδύνου
734 826 827 892 ὲγέ
840 845 1014 893 νοντο,
1052 833 1234 886 πολλοὶ
1265 836 1320 889 δὲ
1345 839 1455 891 τῶν
1481 842 1769 912 ἐπισήμων
1793 849 1880 897 τό·

286 927 412 962 πων
463 915 644 984 ’πυρὸς
699 919 948 985 ἐγένοντο
1007 927 1413 996 παρανάλωμα.
1486 933 1612 986 ’Λνὰ
1666 937 1722 989 δὲ
1752 938 1878 1000 τοὺς

284 1005 477 1066 οἴκους
526 1009 775 1079 Μσρίνου
811 1014 905 1066 τοῦ
941 1015 1120 1085 Σύρου
1176 1023 1417 1092 χωρίτην
1465 1027 1719 1095 εὑρόντες
1757 1032 1875 1084 τινὰ

281 1096 380 1146 τὸν
417 1100 633 1169 μονήρη
667 1101 941 1168 διαξῶντα
979 1108 1114 1176 βίον,
1163 1114 1262 1181 τὴν
1292 1117 1534 1187 κεφαλὴν
1571 1120 1870 1188 ἀφείλοντο,

279 1186 543 1255 λέγοντες
572 1194 646 1256 ὡς
677 1197 891 1252 ἐκείνου
934 1207 1058 1263 ταῖς
1110 1206 1434 1276 εἰσηγήσεσι
1488 1212 1588 1278 τὴν
1616 1215 1873 1285 τοιαύτην

278 1283 612 1354 προσθήκην
667 1290 947 1350 γενέσθαι.
1007 1295 1247 1348 Καίτινι
1309 1302 1482 1368 κοντῷ
1535 1303 1743 1374 ταύτην
1780 1325 1874 1375 με·

275 1377 677 1443 τεωρίσαντες,
722 1383 960 1455 δημοσίᾳ
1008 1389 1318 1458 ἀνέκραγον
1363 1396 1564 1468 σφόδρα
1605 1398 1871 1453 διατωθά-

275 1465 497 1530 ζιιντες,
541 1470 614 1532 ὡς
638 1466 792 1536 οὗτος
829 1477 937 1544 ἆρα
971 1480 1057 1547 εἴη
1092 1482 1190 1550 τῆς
1234 1484 1463 1553 Τριάδες
1493 1489 1708 1558 ἐχθρός.
1743 1492 1866 1546 Ἐπὶ

274 1557 443 1609 τίσον
491 1563 547 1613 δὲ
594 1564 661 1616 τὰ
707 1568 807 1632 τῆς
842 1573 1090 1635 στάσεως
1149 1577 1229 1640 είς
1264 1578 1408 1646 μέγα
1469 1557 1632 1652 ἤρθη.
1689 1587 1868 1639 πᾶσαν

273 1651 481 1722 τέχνην
512 1656 570 1708 ἐν
611 1657 855 1730 δευτέρῳ
885 1663 1154 1737 τιθείσης,
1178 1671 1254 1733 ὠς
1282 1673 1376 1725 καὶ
1418 1675 1581 1727 αὑτὸν
1604 1677 1694 1729 τὸν
1723 1697 1862 1746 κρα-

276 1742 486 1797 τοῦντά
535 1749 590 1798 ὲν
623 1749 785 1820 δεινῷ
833 1757 1158 1826 ποιούμενον
1203 1763 1263 1816 τὸ
1301 1767 1572 1835 πραχθὲν,
1605 1771 1732 1824 ἄνευ
1768 1773 1860 1826 τοῦ

279 1834 554 1901 συνήθους
584 1843 851 1908 στεφάνου
882 1849 1024 1901 κατὰ
1046 1851 1138 1903 τὸν
1172 1853 1535 1928 Ἱππόδρομον
1557 1864 1816 1933 παριέναι
1843 1883 1858 1896 ·

273 1925 618 1995 ἐπικηρύξαι
652 1951 708 1985 τε
737 1936 816 2006 τῷ
839 1938 998 2008 δήμῳ
1024 1943 1111 1995 διὰ
1143 1947 1251 1998 τῶν
1276 1951 1551 2019 κηρύκων,
1581 1957 1637 2007 ὲν
1659 1957 1859 2026 ἑτοίμῳ

271 2011 426 2079 ἔχειν
456 2017 549 2068 καὶ
576 2019 673 2088 τῆς
699 2021 980 2089 βασιλείας
1011 2011 1361 2094 ἐξίστασθαινί
1397 2011 1593 2093 ειδέναι
1624 2043 1724 2111 μέν
1750 2011 1853 2107 {ad

269 2104 349 2173 μὴ
393 2106 618 2172 ἐφικτόν
646 2131 709 2180 γε
741 2113 800 2167 ὃν
837 2119 1050 2184 πάντας
1078 2124 1167 2175 ἐπὶ
1207 2125 1306 2196 τὴν
1340 2133 1599 2200 τοιαύτην
1624 2104 1857 2188 *ἀναϐαί-

263 2213 314 2246 νε
329 2214 384 2248 ιν
411 2200 608 2272 ἀρχὴν,
655 2208 922 2278 μηδαμῶς
957 2214 1230 2270 πλείστων
1283 2223 1641 2294 άνεχομένην.
1682 2227 1780 2292 Εἷς
1811 2232 1854 2284 δ’

259 2289 477 2343 incitat
515 2297 757 2363 πάντως,
794 2302 851 2365 ὃς
902 2307 1020 2372 μετ’
1052 2309 1213 2362 αὑτὸν
1243 2314 1337 2365 ἐπὶ
1382 2316 1491 2368 τῶν
1522 2320 1728 2374 οἰάκων
1755 2324 1854 2391 τῆς

258 2381 573 2449 ἡγεμονίας
629 2389 846 2456 ὰροε“ις,
899 2397 1071 2464 αὐτὴν
1111 2399 1615 2475 διακυϐερνήσειεν.
1670 2413 1736 2464 ’Δ

260 2474 580 2538 πυῢὸμενος
607 2479 634 2530 ό
665 2481 763 2547 τῆς
793 2483 1211 2542 Κωνσταντίνου
1248 2492 1404 2559 λεὼς,
1438 2497 1636 2566 ἁθρόον
1660 2501 1850 2574 ὥσπερ

259 2563 326 2614 ἐκ
355 2581 508 2628 τινος
535 2568 688 2634 θείας
733 2575 910 2644 ῥοπῆς
939 2582 1317 2646 μετετίθεντο·
1352 2588 1446 2638 καὶ
1485 2591 1669 2662 ἱκέτης
1695 2593 1849 2658 αὖθις

256 2657 566 2713 καθίστατο
597 2663 830 2732 βασιλεῖ,
863 2671 1184 2738 περιθέσθαι
1236 2676 1327 2728 τὸν
1360 2682 1626 2747 στέφανον
1654 2700 1666 2712 ·
1689 2686 1849 2738 ὑπισ-

251 2750 556 2819 χνούμενος
611 2756 852 2812 διαλύειν
912 2763 1009 2833 τὴν
1062 2769 1296 2836 στάσιν,
1336 2771 1430 2824 καὶ
1505 2775 1597 2827 τοῦ
1659 2777 1846 2832 λοιποῦ

250 2844 564 2913 ἡσυχάζειν
613 2852 909 2919 αἱρεῖσθαι.
944 2858 1066 2911 Ἐπ’
1107 2861 1388 2932 ἐλάχιστον
1417 2867 1474 2919 δὲ
1523 2870 1616 2922 τοῦ
1654 2872 1843 2926 λοιποῦ

253 2933 467 3000 βάσις
510 2939 703 3007 χρόνον
737 2947 764 2995 ὀ
796 2945 1173 3017 ’Δναστασιοςῃ
1219 2957 1310 3008 ἐπὶ
1339 2959 1436 3026 τὴν
1471 2961 1668 3031 ἑτέραν
1710 2964 1844 3032 μεθ-

250 3026 443 3078 ίστατο
502 3030 898 3102 βιοτήϊὲπτὰ
965 3042 1056 3092 καὶ
1096 3044 1270 3096 εἴκοσι
1325 3048 1458 3116 πρὸς
1516 3051 1650 3120 μησὶ
1694 3056 1843 3123 τρισὶ

245 3120 345 3172 καὶ
403 3121 552 3182 ἴσαις
616 3127 851 3196 ἡμέραις
903 3131 1104 3196 ἀθλίως
1173 3139 1269 3189 καὶ
1325 3138 1413 3191 ἐπ’
1471 3141 1681 3213 ὀλέθρῳ
1729 3120 1840 3214 ’τῆς

246 3211 392 3273 ιδίας
425 3213 610 3284 ψυχῆς
652 3219 752 3290 τὴν
783 3225 892 3276 τῶν
939 3224 1235 3296 Ῥωμαίων
1268 3231 1444 3303 ἀρχὴν
1478 3211 1838 3308 διακυϐερνη-
1867 3246 1911 3307 C

242 3318 370 3365 σας.
414 3307 676 3378 Περιέχει
715 3312 774 3364 δὲ
814 3318 907 3368 καί
939 3319 970 3386 ἡ
1006 3320 1256 3389 παροῦσα
1321 3325 1689 3396 ἐκκαιδεκάτη
1743 3307 1834 3399 μοι

236 3395 351 3445 τῶν
385 3399 653 3468 ίστοριῶν
705 3407 899 3474 χρόνον
928 3411 1068 3461 ἑτῶν
1116 3417 1400 3485 τεσσάρων
1440 3421 1535 3474 καὶ
1565 3395 1833 3491 τεσσαρά-

238 3501 414 3540 κοντα
451 3491 551 3542 σὺν
596 3495 733 3562 μησὶ
786 3501 970 3565 τρισίν
1002 3517 1016 3530 ·
1052 3503 1287 3574 ὁπηνίκα
1344 3509 1553 3578 κόσμου
1586 3514 1685 3582 μὲν
1712 3515 1832 3578 ἔτος

235 3578 715 3649 ἑξακισχιλιοστὺν
761 3589 868 3652 τῖ’,
903 3591 1012 3645 ἀπὸ
1065 3594 1122 3646 δὲ
1158 3596 1256 3662 τῆς
1297 3601 1448 3663 Θείας
1497 3578 1600 3654 τοῦ.
1623 3604 1828 3676 Κυρίου

233 3672 555 3741 γεννήσεως
609 3685 1072 3738 πεντακοσιοστὸν
1125 3687 1373 3742 εἰκοστὸν
1451 3692 1643 3747 ἔνατον
1704 3698 1828 3749 ἐπε-

228 3763 390 3830 ραίνε
401 3781 474 3818 το.

305 4010 389 4084 (1)
426 4010 602 4068 Sicuti
644 4021 981 4076 recentiores
1009 4024 1218 4092 volunt,
1258 4026 1416 4084 L596.

1991 667 2048 708 et
2074 656 2266 711 ducem
2294 662 2636 716 confusionis
2664 673 2823 719 tanta:
2846 667 2898 719 in
2927 668 3171 728 Ecclesia
3202 674 3574 742 recipiemus?

1985 746 2156 800 l‘orro
2183 765 2308 802 cum
2351 752 2646 820 imperator
2687 757 3058 814 accessionem
3108 778 3231 816 eam
3284 767 3563 834 propalam

1983 842 2188 909 hymno
2227 843 2426 898 addere
2477 848 2662 908 vellet.
2704 852 2938 918 populus
2989 855 3342 924 impatienter
3389 860 3440 912 id
3489 861 3568 914 fe-

1983 948 2130 996 rens,
2174 948 2527 1003 summopere
2566 939 2736 993 animi
2769 941 3234 1003 discruciabatur.
3292 953 3356 1005 Et
3395 955 3553 1007 multi

1981 1025 2328 1090 magistratus
2379 1027 2433 1080 in
2493 1032 2796 1097 periculum
2869 1040 3162 1092 maximum
3217 1042 3554 1108 inciderunt,

1979 1115 2262 1184 multaque
2295 1119 2530 1188 insignia
2568 1124 2795 1178 a-diﬁcia
2839 1128 3059 1181 incensa
3095 1142 3245 1186 sunt.
3278 1135 3456 1202 Atque
3500 1137 3556 1190 iu

1977 1204 2171 1259 Marini
2215 1210 2334 1279 Syri
2379 1212 2590 1265 aedibus
2644 1218 2914 1272 monacho
2960 1221 3173 1274 cuidam
3209 1226 3558 1293 deprehenso

1975 1298 2227 1353 homines
2259 1306 2508 1358 nonnulli
2551 1319 2719 1374 caput
2758 1322 3140 1379 aniputarnnt.
3183 1331 3418 1386 eumque
3460 1320 3557 1371 ad—

1966 1388 2225 1456 jecdouis
2272 1392 2394 1460 ejus
2450 1410 2736 1450 suasorem
2773 1415 2891 1453 esse
2924 1403 3226 1456 dixerunt:
3277 1418 3332 1459 et
3376 1411 3554 1476 capite

1969 1489 2132 1530 conto
2169 1479 2222 1532 in
2255 1481 2490 1536 sublime
2539 1487 2778 1552 sublato,
2836 1490 3051 1557 publice
3106 1511 3203 1562 per
3246 1496 3548 1552 ludibrium

1970 1569 2394 1638 exclannaruuth
2424 1575 2574 1629 illum
2630 1579 2806 1646 ipsum
2859 1582 3146 1640 Trinitatis
3184 1588 3394 1642 hostem
3428 1606 3549 1645 esse

1967 1677 2362 1723 asseverantes.
2435 1671 2509 1723 lio
2571 1688 2697 1725 vero
2751 1676 2948 1730 seditio
3005 1680 3102 1732 ista
3155 1685 3549 1751 magnitudinis

1968 1754 2251 1820 processit,
2280 1759 2513 1812 ιιοιιεὶιίο
2549 1763 2903 1832 remedioque
2933 1770 3081 1822 omni
3110 1774 3449 1838 proculcato,
3483 1786 3541 1828 ut

1965 1854 2020 1897 et
2063 1845 2355 1914 imperator
2405 1850 2520 1918 ipse
2571 1866 2678 1906 tam
2732 1860 2881 1924 gravi
2945 1861 3188 1926 periculo
3239 1876 3543 1933 permotus,

1963 1939 2169 2007 absque
2221 1956 2420 1995 corona
2469 1954 2525 1996 et
2577 1961 2843 2003 consueto
2894 1953 3160 2017 imperiali
3217 1958 3433 2020 habitu.
3486 1963 3540 2015 in

1961 2025 2391 2096 llippodromum
2423 2038 2788 2101 procurrerit,
2811 2050 2866 2092 et
2903 2058 3002 2109 per
3034 2060 3314 2112 praecones
3339 2053 3542 2118 populo

1957 2121 2316 2186 denuntiarit,
2351 2134 2598 2190 paratum
2629 2143 2685 2180 se
2720 2146 2839 2185 esse
2875 2134 3106 2203 imperio
3138 2140 3352 2194 cedere.
3393 2142 3540 2197 Satis

1961 2222 2086 2261 vero
2115 2223 2173 2262 se
2212 2211 2374 2274 scire,
2421 2213 2536 2270 ﬁeri
2560 2219 2782 2273 omnino
2834 2238 2940 2276 non
2967 2241 3149 2291 posse,
3200 2238 3259 2283 ut
3289 2233 3536 2288 universi

1954 2298 2278 2368 dignitatem
2343 2321 2497 2370 eam,
2554 2325 2675 2376 qua:
2732 2313 2999 2378 plurimos
3057 2320 3281 2376 minime
3345 2323 3534 2388 [eri-et,

1953 2404 2323 2458 capesserent.
2366 2395 2540 2451 Unum
2583 2413 2769 2454 autem
2823 2420 3054 2473 prorsus
3094 2424 3351 2478 oportere
3389 2433 3532 2479 esse,

1952 2482 2043 2549 qui
2076 2484 2181 2537 sibi
2209 2488 2532 2552 succedens,
2573 2502 2628 2542 et
2659 2495 3155 2556 adiuinistrationis
3180 2503 3424 2559 habenas
3453 2517 3534 2560 te-

1955 2589 2105 2639 nens,
2167 2575 2454 2642 imperium
2511 2581 2870 2648 gubernaret.
2937 2589 3094 2653 Quod
3147 2593 3237 2645 ubi
3300 2597 3537 2664 populus

1949 2662 2596 2735 CoustanIinopolitanus
2631 2675 2866 2740 audivit,
2910 2682 3094 2734 subito
3127 2662 3314 2737 Velutr
3344 2662 3534 2740 dit‘inn

1949 2755 2183 2820 quodam
2222 2769 2503 2812 momento
2538 2763 2785 2817 animum
2825 2771 3090 2825 mutavit:
3127 2785 3180 2826 et
3216 2777 3534 2845 in'iperatori

1948 2845 2151 2909 statim,
2191 2856 2247 2900 ut
2280 2862 2538 2904 coronam
2571 2854 2899 2924 imponeret,
2932 2862 3267 2920 seditionem
3300 2884 3357 2923 se
3382 2871 3530 2925 solu-

1947 2945 2150 3001 turum,
2207 2950 2264 2992 et
2319 2941 2581 3012 deinceps
2651 2950 2977 3016 quieturum
3043 2971 3165 3010 esse
3236 2960 3533 3027 pollicitus,

1945 3030 2294 3095 supplicavit.
2355 3033 2618 3091 Perbrevi
2683 3049 2866 3096 autem
2940 3046 3140 3103 deinde
3203 3053 3532 3108 Anastasius

1947 3128 2190 3189 lempore
2240 3127 2394 3189 vixit,
2446 3133 2609 3198 paulo
2659 3143 2782 3201 post
2823 3138 3138 3206 defunctus,
3175 3157 3300 3198 cum
3338 3149 3528 3216 viginti

1943 3222 2153 3280 septem
2194 3231 2391 3281 annos,
2428 3237 2641 3279 mensvs
2671 3237 2800 3292 tres,
2834 3240 2890 3284 et
2919 3233 3146 3288 totidem
3196 3236 3316 3291 dies
3345 3239 3524 3293 infeliv

1941 3307 2102 3369 citer,
2128 3316 2182 3360 et
2211 3325 2334 3363 cum
2366 3314 2566 3370 anima:
2606 3334 2717 3372 suae
2745 3323 2940 3388 exitio,
2982 3325 3276 3394 imperium
3320 3331 3524 3387 Roma-

1942 3413 2073 3451 num
2120 3402 2586 3461 administrasset.
2617 3409 2881 3466 Continet
2937 3418 3251 3474 sedecinius
3285 3421 3390 3475 iste
3435 3423 3521 3476 bi-

1943 3493 2129 3547 storia:
2151 3495 2289 3550 liber
2311 3514 2486 3554 anuos
2523 3508 2886 3574 quadraginta
2944 3520 3181 3578 quatuor
3215 3520 3270 3565 et
3303 3527 3521 3568 menses

1943 3593 2054 3638 tres
2085 3603 2098 3637 ι
2128 3587 2296 3657 728
2330 3605 2454 3644 cum
2496 3608 2527 3646 a
2573 3597 2797 3650 condito
2832 3603 3035 3654 mundo
3071 3605 3249 3658 sexies
3282 3606 3516 3660 millesi-

1939 3691 2059 3730 mus
2087 3680 2402 3737 tricesimus
2425 3695 2654 3754 quartus
2680 3691 2782 3758 (I),
2814 3707 2842 3742 a
2867 3693 3051 3746 divina
3081 3706 3266 3751 autem
3295 3695 3513 3754 Domini

1941 3768 2222 3825 nativitate
2253 3775 2730 3845 quingentesimns
2757 3784 3058 3842 vicesimus
3093 3804 3275 3842 nonus
3314 3806 3513 3859 agere-

1939 3871 2025 3914 ιω·
2049 3877 2246 3919 anuus.
