4244 6438
739 407 841 467 223

1942 412 2362 471 NlCEPIlOiiI
2402 414 2744 472 CALLISTI

3858 423 3972 488 224

744 522 807 574 rit
846 521 942 589 (l).
975 519 1105 572 Novi
1130 535 1229 589 ego
1259 522 1521 588 quosdam
1546 523 1639 591 qui
1666 524 1933 586 scrilmnt,
1967 544 1994 580 a
2033 529 2300 581 Vitaliano
2332 539 2372 592 Α
2403 548 2420 582 ιι

2297 553 2300 571 ν
2332 539 2372 592 Α
2403 548 2557 591 τινας
2589 532 2959 600 ἱστοροῦντας,
2991 533 3064 590 ὠς
3095 533 3202 602 ἄρα
3265 533 3581 598 Βιταλιανδς
3634 536 3732 606 τὴν
3783 539 3973 610 ποινὴν

745 629 900 680 parua
955 612 1056 665 hac
1107 613 1370 666 Severum
1417 632 1539 668 esse
1589 616 1866 680 alfcctum,
1918 635 2042 672 cum
2096 623 2300 686 primas

740 703 922 756 adhuc
952 704 1094 771 apud
1124 705 1402 758 Justinum
1432 709 1633 772 ferens,
1667 709 1904 778 linguam
1939 713 2084 764 illius
2117 714 2185 766 ab
2233 729 2300 767 eo

741 797 1033 861 petiissct:
1077 797 1220 862 quod
1271 799 1563 852 scilicetin
1619 804 1837 870 scriptis
1896 804 2010 856 suis
2065 805 2301 859 Severus

744 887 1010 938 conviciis
1037 904 1180 954 saepe
1216 890 1364 941 illum
1405 890 1749 958 impetiissel.
1805 895 2000 948 Verum
2040 897 2296 950 thronum

743 976 1140 1030 Antiochenuttl
1219 982 1459 1034 deseruit
1531 983 1781 1051 Gorpizeo
1858 1003 2063 1059 mense,
2138 1005 2297 1057 quem

743 1065 1117 1132 Septembrem
1171 1069 1400 1122 Romani
1474 1084 1686 1124 vocant.
1749 1072 1874 1143 Ejus
1937 1076 2178 1129 discasw
2243 1078 2297 1130 in

741 1158 925 1209 sedem
961 1175 1078 1209 eam
1110 1159 1310 1212 Paulus
1360 1164 1702 1221 conscendit,
1743 1167 1835 1232 qui
1878 1166 2103 1234 perinde
2133 1177 2298 1237 atque

743 1249 830 1300 ille
891 1249 1158 1303 adversus
1222 1263 1473 1320 quartam
1548 1257 1814 1324 synodum
1910 1259 2126 1312 occulte
2204 1276 2301 1327 per

745 1337 948 1389 rabiem
979 1340 1217 1391 latravit.
1245 1342 1320 1394 Ac
1356 1351 1470 1394 tum
1510 1345 1726 1412 quidem
1761 1346 1852 1398 ille
1881 1348 2149 1416 synodum
2177 1365 2298 1403 cam

744 1429 961 1494 publice
992 1444 1074 1483 est
1106 1432 1391 1498 professus
1427 1453 1438 1486 :
1474 1438 1634 1504 paulo
1660 1447 1784 1504 post
1822 1454 1948 1492 vero
1971 1457 2067 1492 sua
2101 1451 2298 1507 sponte

742 1534 798 1570 se
831 1522 899 1572 ab
932 1523 1178 1577 ecclesiis
1212 1526 1492 1585 subduxit.
1535 1537 1588 1580 et
1617 1530 1681 1581 ad
1723 1544 2068 1584 communem
2099 1533 2300 1587 deinde

740 1611 919 1664 locutu
954 1615 1061 1667 vita
1095 1617 1241 1668 linila
1271 1619 1426 1671 abiit.
1458 1619 1524 1672 Et
1557 1632 1677 1687 post
1706 1621 1852 1675 hunc
1907 1622 2302 1694 Hierosolymis

743 1705 968 1754 veniens
1023 1705 1396 1773 Euphrasius,
1453 1711 1828 1780 episc0patum
1897 1713 2301 1770 Antiochenqu

743 1798 981 1866 suscepit

1231 1942 1392 2012 735
1451 1943 1673 1998 CAPUT
1722 1941 1813 1998 ιιι.

747 2025 815 2078 Ut
868 2031 1065 2105 iter-nni
1101 2034 1371 2105 Anium/ua
1417 2052 1447 2085 a
1501 2044 1652 2084 (errr?
1682 2043 1822 2085 motu
1853 2036 1922 2086 sit
1965 2036 2176 2105 amicta,
2211 2037 2298 2090 ubi

815 2100 972 2149 etiam
1023 2101 1346 2171 lu‘upln'uaius
1397 2105 1664 2171 cpiscolms
1713 2106 1876 2156 ruinis
1926 2100 2138 2158 obrutus
2174 2117 2247 2160 est
2282 2122 2300 2159 :

814 2171 1180 2242 cuiaucrcssit
1231 2170 1644 2239 [inp/tramitis:
1693 2184 1742 2224 et
1787 2174 1847 2224 de
1897 2175 2017 2227 aliis
2065 2178 2297 2242 urbibus,

813 2239 997 2297 quibus
1024 2240 1278 2292 damnant
1311 2260 1341 2294 ιι
1377 2252 1531 2294 tcrrw
1568 2251 1707 2294 motu
1743 2251 1816 2295 est
1857 2244 2088 2300 illatum.

814 2354 930 2416 Quo
979 2365 1220 2423 tempore
1255 2358 1425 2411 multa
1462 2359 1629 2413 simul
1658 2369 1712 2413 et
1761 2360 2064 2428 frequentia
2109 2362 2300 2416 Antio-

743 2447 879 2499 chiae
922 2448 1175 2502 incendia
1223 2453 1388 2506 veluti
1426 2458 1649 2521 praticre
1679 2454 1918 2506 motibus
1976 2455 2194 2519 futuris,
2249 2464 2304 2507 et

746 2540 1008 2605 prommia
1038 2540 1189 2594 fuere
1233 2558 1423 2596 eorum
1464 2559 1585 2611 qum
1640 2545 1784 2598 illaut
1838 2546 2301 2613 comprehensum

745 2643 902 2688 crant
940 2635 1228 2686 malorum.
1281 2635 1521 2702 Tempus
1584 2640 1729 2689 enim
1788 2654 1894 2689 non
1945 2640 2015 2690 ita
2071 2639 2302 2690 multum

744 2726 1078 2786 intercessit,
1113 2741 1236 2779 cum
1270 2727 1534 2793 sepzimus
1565 2727 1763 2781 Justini
1805 2729 2019 2795 imperii
2049 2739 2305 2795 ageretur

745 2833 941 2881 annus,
975 2819 1178 2870 mensis
1205 2821 1472 2881 decimus,
1500 2820 1792 2873 Artemisio
1818 2836 2024 2881 mense,
2047 2822 2133 2874 cui
2161 2821 2304 2889 apud

748 2910 1022 2963 liomano:
1085 2910 1207 2963 Maii
1269 2927 1466 2964 nomen
1507 2923 1613 2976 est,
1677 2914 1941 2982 vigesimo
1996 2930 2140 2967 nono
2193 2916 2303 2977 die,

751 3003 978 3053 meridie
1037 3004 1269 3055 maxime
1322 3004 1571 3072 vigente,
1610 3017 1788 3057 motus
1833 3016 1989 3058 terrae
2035 3022 2140 3059 una
2185 3022 2308 3060 cum

751 3096 1206 3162 conqua>satione
1241 3097 1358 3148 urbi
1409 3097 1748 3159 incumbens,
1782 3099 2140 3168 eamdemque
2191 3100 2311 3152 lun-

2406 626 2696 691 προύξένει
2752 627 3002 694 Σευήριρ,
3058 625 3272 695 βασιλεῖ
3316 630 3415 694 τὴν
3469 628 3681 681 ἐκείνου
3722 631 3975 698 γλῶσσαν

2403 716 2654 783 αἰτήσας,
2693 716 2770 767 ἔτι
2797 719 2862 768 τά
2895 719 3087 786 πρῶτα
3127 721 3274 788 παρὰ
3328 719 3600 790 Ὶουστίνῳ
3655 723 3856 791 φέρων,
3891 722 3974 788 οἷς

2403 809 2659 869 πολλάκις
2712 809 2918 860 ἐκεῖνον
2970 812 3198 879 γράφων
3259 811 3556 880 σκώμμασι
3622 816 3972 882 περιέϐαλεν.

2417 901 2574 953 Ἀλλὰ
2611 901 2912 967 φεύγειτδν
2945 901 3136 970 θρόνον
3164 902 3444 972 Γορπιαίῳ
3479 905 3610 972 μηνί
3642 921 3657 936 ·
3687 906 3904 958 καλοῖτο
3929 909 3976 959 δ’

2406 992 2471 1044 ἂν
2508 986 2662 1055 οὗτος
2696 995 2846 1060 παρὰ
2900 993 3189 1060 Ῥωμαίοις
3228 995 3868 1064 Σεπτέμϐριος.Ἐκείνου
3929 999 3975 1051 δ’

2404 1084 2649 1136 ἐκποδὼν
2670 1085 2986 1152 γενομένου,
3017 1084 3226 1146 Παῦλος
3257 1085 3346 1137 τὸν
3376 1087 3473 1153 τῆς
3499 1087 3774 1156 Ἀντιόχου
3825 1089 3974 1140 ἄνει-

2405 1192 2457 1228 σι
2489 1173 2699 1241 θρόνον,
2723 1176 2921 1244 ἐπίσης
2953 1177 3146 1245 ἐκείνῳ
3174 1177 3316 1228 κατὰ
3347 1179 3446 1245 τῆς
3489 1178 3760 1245 τετάρτης
3820 1179 3977 1230 συνό-

2403 1268 2493 1319 δου
2529 1267 2712 1334 κρύφα
2739 1268 2966 1322 λυττῶν.
2997 1268 3146 1328 Τέως
3179 1268 3224 1319 δ’
3245 1263 3341 1320 οὖν
3389 1268 3695 1336 τηνικαῦτα
3741 1269 3973 1338 διαρρή-

2402 1357 2498 1417 δην
2545 1357 2752 1426 ταύτην
2801 1357 3194 1425 άνακηρύξας·
3258 1357 3398 1424 μετὰ
3449 1356 3504 1409 δὲ
3559 1358 3778 1428 μικρὸν,
3833 1356 3976 1409 ἑκὼν

2404 1449 2596 1501 ἑαυτὸν
2616 1453 2735 1511 ταῖς
2759 1449 3076 1518 ἐκκλησίαις
3105 1450 3429 1515 ἀπαγαγὼν,
3468 1449 3568 1518 τὴν
3612 1450 3799 1517 κοινὴν
3832 1449 3978 1501 όδοι-

2405 1541 2604 1610 πορίαν
2639 1541 2921 1592 ἐστέλλετο
2952 1541 3012 1592 τὸ
3067 1540 3216 1609 βιοῦν
3274 1543 3642 1611 ὲκμετρήσας.
3690 1541 3800 1592 Καὶ
3856 1539 3976 1608 μετ’

2405 1631 2567 1684 αὐτὸν
2620 1631 2679 1694 ἐξ
2723 1631 3116 1700 Ἱεροσολύμων
3146 1631 3293 1700 ἥκων
3354 1631 3683 1701 Εὑφράαιος,
3723 1630 3824 1700 τὴν
3875 1632 3977 1700 τῆς

2419 1723 2691 1792 Ἀντιόχου
2726 1723 3026 1794 ἱερωσύνην
3075 1723 3405 1792 ἐλάμϐανεν.

2995 1951 3036 2000 K
3049 1949 3219 2002 ΕΦΑΛ
3233 1991 3244 2002 .
3311 1950 3382 2003 Γ¹.

2414 2041 2506 2102 Ὠς
2536 2033 2710 2102 αὖθις
2769 2041 2806 2104 ἡ
2861 2041 3160 2108 Ἀντιόχου
3196 2043 3316 2094 ὑπὸ
3353 2043 3623 2106 σεισμῶν
3672 2043 3936 2099 πέπονοε
3959 2062 3977 2078 ⁸

2473 2109 2834 2181 συιεεχώσθη
2854 2110 3076 2181 δὲντοῖς
3115 2113 3386 2176 πτώμασι
3426 2114 3523 2165 καί
3569 2114 3913 2181 Είιφράσιος
3947 2118 3982 2167 ὁ

2472 2179 2827 2240 ἐπίσκοπος.
2854 2180 2952 2231 καί
2992 2181 3354 2246 Ιέὺφραίμιος
3381 2182 3639 2248 ἐγεγόνει
3698 2179 3806 2234 ίκιιὶ
3843 2186 3978 2249 περὶ

2471 2249 2682 2300 ἄλλων
2702 2250 2940 2300 πόλεων
2957 2249 3153 2313 κακῶς
3170 2251 3496 2304 παθουσῶν
3523 2253 3647 2313 τοῖς
3676 2253 3980 2320 σεισμοῖς.

2481 2363 2750 2431 Ὀπηνὶκα
2785 2363 2967 2414 πολλοί
3005 2380 3065 2415 τε
3095 2363 3229 2431 ὁμοῦ
3275 2365 3367 2416 καὶ
3417 2367 3616 2417 πυκνοὶ
3659 2365 3984 2434 ἐμπρησμοὶ

2405 2456 2543 2506 κατὰ
2576 2457 2675 2522 τὴν
2701 2454 2978 2522 Ἀντιόχου
3029 2456 3278 2520 ἐγένοντο
3311 2497 3325 2518 ,
3365 2455 3548 2522 όδηγοί
3601 2473 3748 2515 τινες
3793 2455 3986 2523 ῶσπερ

2405 2547 2512 2596 τῶν
2541 2546 2816 2614 ὲσομόνων
2850 2548 3057 2598 κλόνων
3095 2549 3191 2598 καὶ
3226 2548 3486 2616 προοίμια
3516 2548 3989 2616 καταϐεϐλημένοι

2405 2638 2513 2688 τῶν
2547 2638 3017 2706 καταληψομένων
3034 2641 3238 2707 ταύτην
3265 2639 3476 2691 δεινῶν.
3514 2641 3620 2690 Καὶ
3642 2643 3748 2706 γὰρ
3783 2639 3982 2706 χρόνου

2406 2729 2704 2790 διελθόντος
2735 2731 2795 2780 οὐ
2827 2731 2968 2781 πάνυ
2997 2731 3221 2794 πολλοῦ,
3257 2731 3374 2793 ἔτος
3399 2731 3629 2798 ἕϐδομον
3658 2727 3726 2800 ἦν
3761 2731 3990 2782 Ἰουστί-

2408 2838 2481 2888 νῳ
2509 2822 2565 2870 ὲν
2597 2823 2660 2889 τῇ
2700 2823 2863 2889 ἀρχῇ.
2898 2821 2978 2889 τῷ
3026 2822 3239 2890 δεκάτῳ
3287 2823 3439 2890 μηνὶ,
3477 2823 3578 2873 ἀνά
3612 2823 3703 2872 τὸν
3738 2821 3995 2889 Ἀρτεμί-

2411 2928 2524 2962 σιον
2552 2911 2717 2978 μῆνα,
2744 2913 2924 2964 Μάῖον
2971 2912 3091 2974 ἔθος
3133 2913 3426 2980 Ῥωμαίοις
3459 2914 3662 2976 καλεῖν,
3703 2914 3865 2982 ἐνάτῃ
3898 2913 3994 2964 καὶ

2411 3004 2581 3056 εἰκάδι
2615 3005 2804 3066 αὑτοῦ,
2831 3005 2952 3057 κατ’
2986 3007 3115 3056 αὐτὸ
3135 3007 3236 3072 τῆς
3285 3006 3636 3074 μεσημϐρίας
3679 3007 3739 3056 τὸ
3791 3005 3992 3056 σταθε-

2417 3098 2679 3166 ρὼτατον,
2734 3098 2951 3163 σύναμα
3006 3097 3236 3165 βρασμῷ
3312 3098 3404 3148 καὶ
3471 3098 3693 3163 σεισμὸς
3755 3096 3994 3158 ἐξαίσιος

749 3186 897 3236 ditus
932 3202 1217 3253 quassans,
1254 3187 1550 3239 deformem
1583 3199 1636 3240 et
1670 3189 1997 3242 horrendam
2032 3192 2305 3245 reddidit:
2341 3194 2385 3252 C
2420 3211 2425 3223 ί

2341 3194 2385 3252 C
2420 3189 2743 3258 προσϐαλὼν
2768 3191 2833 3258 τῇ
2881 3190 3056 3252 πόλει,
3111 3191 3292 3241 πᾶσαν
3348 3189 3518 3258 ἄρδην
3575 3189 3993 3263 συντρίψαντες,

747 3289 802 3328 ct
835 3278 1096 3345 quidquid
1135 3279 1186 3329 in
1215 3294 1276 3331 ea
1310 3281 1569 3332 eximium
1601 3281 1724 3343 fuit,
1756 3281 1807 3333 in
1834 3282 2010 3335 solum
2049 3285 2308 3352 eonjccit.

749 3369 827 3421 Ad
870 3385 1028 3436 quam
1056 3371 1261 3422 cladem
1303 3370 1501 3423 fulmen
1527 3387 1742 3440 quoque
1774 3375 2024 3437 accessit,
2063 3375 2132 3428 ila
2165 3385 2220 3427 ut
2249 3391 2312 3428 ea

751 3462 891 3513 mala
922 3462 1284 3514 calamitatem
1348 3465 1494 3515 inter
1546 3480 1605 3517 se
1669 3466 1920 3519 divisisse
1971 3467 2310 3521 viderentur.

751 3551 952 3604 Bonam
1011 3553 1154 3605 enim
1205 3553 1444 3606 civitatis
1500 3561 1708 3622 partem
1774 3567 1932 3609 terra:
2009 3568 2192 3612 motus
2259 3569 2316 3612 et

749 3644 1038 3696 concussio
1096 3645 1211 3697 solo
1257 3649 1514 3714 :rquavit.
1561 3646 1617 3700 Si
1665 3647 1795 3715 quid
1852 3663 1980 3702 vero
2026 3651 2207 3704 clades
2235 3667 2314 3705 ere

752 3737 1014 3786 intactum
1042 3734 1412 3802 reliquissent,
1444 3738 1580 3806 ignis
1610 3739 1903 3793 imminens
1954 3745 2312 3811 consumpsit,

749 3838 912 3893 atque
944 3828 995 3879 in
1033 3828 1271 3881 cinerem
1324 3837 1379 3880 et
1411 3833 1685 3895 pulverem
1720 3830 2039 3884 admirando
2090 3849 2317 3900 prorsus

754 3920 915 3970 modo
979 3920 1211 3988 redegit.
1278 3918 1451 3974 Porro
1515 3921 1793 3989 quomodo
1839 3931 1896 3977 et
1939 3935 2138 3990 quanta
2179 3927 2318 3978 mala

754 4013 949 4064 civitas
980 4028 1041 4064 ea
1090 4013 1163 4063 sit
1203 4027 1484 4080 perpessa,
1521 4029 1727 4080 quasve
1776 4014 1921 4068 aedes
1971 4025 2026 4068 et
2072 4016 2320 4083 publicas

753 4103 1015 4170 portions,
1075 4103 1288 4170 aliaque
1349 4103 1580 4156 illustria
1647 4105 1765 4174 ejus
1817 4120 2004 4173 Opera,
2062 4106 2317 4161 inccndio

751 4194 909 4246 simul
939 4206 992 4247 ct
1027 4196 1356 4248 terrannotui
1393 4197 1546 4264 quasi
1579 4196 1911 4250 succisivum
1960 4213 2097 4266 opus
2123 4215 2321 4252 consu-

753 4287 944 4338 nicnzla
998 4285 1288 4352 przebucrit
1331 4301 1350 4338 :
1410 4289 1634 4354 iusUper
1687 4303 1850 4356 quam
1899 4288 2234 4344 admiranda
2264 4299 2317 4342 et

755 4378 1061 4430 orationem
1093 4393 1314 4430 onmem
1356 4379 1690 4432 excellentes
1747 4397 2006 4432 terunina:
2056 4381 2320 4436 divinitus

757 4472 821 4522 ad
878 4487 1037 4524 casus
1078 4471 1412 4539 cjuscemodi
1455 4473 1812 4534 accesserint,
1843 4471 2082 4525 Joannes
2133 4474 2319 4526 rhetor

2412 3281 2620 3348 ἀκαλλῆ
2657 3281 2748 3330 καὶ
2778 3281 3025 3348 ἄμορφον
3052 3280 3426 3331 ἐπεδείκνυντο
3450 3319 3464 3340 ,
3507 3281 3607 3329 πᾶν
3630 3281 3681 3330 εἴ
3707 3297 3757 3330 τι
3790 3281 3996 3346 ταύτης

2413 3373 2688 3440 ἐξαίρετον
2712 3373 2790 3433 είς
2823 3373 2925 3440 γῆν
2954 3371 3411 3441 καταρρίψαντες.
3438 3371 3729 3438 Ἐφείπετο
3756 3371 3801 3422 δ’
3839 3375 3991 3422 ἐκεί-

2414 3479 2521 3520 νοις
2540 3463 2631 3514 καὶ
2661 3463 2922 3530 κεραυνὸς
2975 3463 3162 3534 ὥσπερ
3211 3464 3271 3514 τὸ
3319 3464 3488 3525 πάθος
3543 3465 3991 3530 διανειμάμενος.

2416 3555 2488 3605 Τὸ
2519 3555 2619 3622 μὲν
2650 3555 2756 3622 γὰρ
2783 3556 2881 3622 τῆς
2921 3555 3130 3616 πόλεως
3191 3557 3390 3607 ἐκεῖνοι
3446 3555 3785 3626 κατέρριψαν
3818 3572 3831 3586 ·
3852 3558 3901 3608 εί
3935 3558 3995 3610 δέ

2415 3662 2466 3696 τι
2505 3647 2736 3707 ἐκείνοις
2765 3645 2925 3700 λαθὸν
2951 3646 3245 3715 παρώφθη,
3288 3647 3444 3699 ἑπιὺν
3479 3647 3539 3698 τὸ
3589 3645 3699 3714 πῦρ
3758 3649 4002 3714 ἀμφενέ-

2420 3739 2802 3806 μετο,τέφραν
2846 3738 2942 3790 καὶ
3005 3739 3151 3790 κόνιν
3193 3739 3344 3805 παρὰ
3394 3737 3552 3800 δόξαν
3603 3737 3793 3791 ποιῶν.
3833 3738 3990 3790 Ἀλλ’

2416 3831 2564 3891 ὅπως
2600 3831 2698 3897 μὲν
2723 3830 2816 3881 καὶ
2840 3829 3066 3899 όπόσαή
3100 3830 3256 3891 πόλις
3287 3829 3548 3893 πέπονθε,
3584 3831 3740 3882 πόσοι
3765 3847 3824 3882 τε
3853 3827 4000 3884 οἶκοι

2421 3921 2515 3971 καὶ
2535 3921 2687 3972 στοαὶ
2708 3920 2995 3988 δημόσιαι,
3033 3924 3127 3973 καὶ
3150 3922 3286 3974 ἄλλα
3318 3921 3430 3973 τῶν
3491 3923 3806 3992 περιφανῶν
3855 3924 3998 3992 αὐτῇ

2421 4010 2601 4079 ἔργων
2626 4013 2904 4081 πάρεργον
2923 4012 3001 4082 τῷ
3030 4013 3166 4082 πυρί
3213 4029 3274 4064 τε
3333 4013 3452 4081 ἅμα
3507 4015 3600 4066 καὶ
3646 4013 3722 4082 τῷ
3783 4015 4000 4084 σεισμῷ

2422 4101 2712 4168 γεγόνασιν
2735 4118 2749 4132 ·
2777 4105 2857 4154 ἔτι
2888 4103 2945 4154 δὲ
2971 4104 3060 4155 καὶ
3093 4105 3192 4155 ὅσα
3217 4103 3497 4170 παράδοξα
3521 4107 3609 4154 καὶ
3626 4105 3787 4170 λόγου
3815 4108 4003 4174 κρείτ-

2420 4208 2499 4244 τω
2560 4195 2670 4253 τοίς
2737 4192 3002 4255 τοιούτοις
3075 4195 3451 4262 συμπτώμασι
3521 4192 3707 4245 θεόθεν
3757 4196 4002 4260 ἐγένετο,

2421 4283 2674 4351 Ἰωάννης
2705 4285 2734 4335 ό
2773 4285 2965 4354 ῥήτωρ
2993 4285 3316 4352 περιπαθῶς
3347 4286 3489 4354 άγαν
3524 4285 3619 4338 καὶ
3663 4287 4005 4356 κεχαρισμέ-

2425 4395 2500 4445 νῳ
2525 4376 2668 4446 λόγῳ
2701 4376 2954 4441 διέξεισιν
2980 4378 3036 4428 ὲν
3057 4378 3236 4447 τούτῳ
3274 4379 3365 4430 καὶ
3395 4379 3455 4431 τὸ
3513 4379 3854 4448 σύγγραμμα
3901 4395 4006 4433 πε-

2428 4468 2631 4536 ρατῶν.
2684 4469 2809 4530 Τοῖς
2851 4469 2909 4520 δὲ
2957 4467 3174 4532 πολλοῖς
3219 4470 3410 4532 δεινοῖς
3475 4470 3568 4523 καὶ
3629 4471 3935 4540 Εὑφράσιος
3969 4469 4006 4534 ,ό

759 4562 1023 4629 singulari
1079 4579 1200 4614 cum
1252 4563 1449 4616 aﬂcctu
1496 4564 1748 4616 oratione
1801 4573 2029 4615 venusta
2072 4564 2319 4631 esponit,
2359 4547 2435 4606 υς

2359 4547 2399 4601 ι)
2432 4559 2728 4621 ἐπίσκοπος
2786 4561 2899 4621 τοῖς
2961 4557 3226 4628 πτώμασι
3285 4561 3644 4630 συγχωσθεὶς,
3685 4562 3956 4631 διεφθάρη
3989 4579 4004 4592 ·

759 4654 1001 4706 historia:
1041 4670 1152 4707 suas
1182 4655 1488 4707 calamitate
1539 4655 1627 4708 tali
1689 4655 1849 4708 ﬁnem
1899 4655 2203 4722 imponens.
2261 4655 2318 4706 In

755 4745 942 4798 multis
972 4747 1122 4798 hisce
1154 4747 1401 4800 cladibus
1450 4747 1791 4814 Euphrasius
1846 4762 2062 4814 quoque
2106 4746 2320 4814 episco-

757 4852 859 4905 pus
919 4837 1270 4890 anLiiciorum
1302 4839 1474 4890 ruinis
1505 4853 1800 4906 oppressus
1833 4838 2037 4890 interiit
2072 4851 2085 4889 :
2129 4837 2321 4890 videli-

763 4937 850 4982 cet
902 4943 968 4980 nc
1022 4929 1146 4996 quis
1214 4928 1350 4982 forte
1409 4930 1501 4997 qui
1565 4945 1648 4982 I'-S
1711 4929 2024 4996 provideret
2087 4929 2164 4982 illi
2198 4929 2320 4981 urbi

763 5021 1120 5083 necessarias,
1156 5023 1591 5089 relinqueretur.
1628 5023 1732 5076 Sed
1780 5023 1924 5074 enim
1981 5039 2100 5089 qua:
2139 5010 2323 5074 omnia

764 5113 983 5178 inspicit
1026 5113 1206 5166 divina
1238 5113 1607 5176 Providentia,
1653 5130 1882 5183 qua-quc
1914 5114 2168 5166 vindictae
2211 5113 2326 5182 gla-

763 5205 881 5258 dio.»
915 5206 1283 5258 miserationis
1311 5207 1432 5260 oleo
1463 5208 1755 5269 demulcet,
1789 5219 1952 5274 atque
1984 5216 2108 5258 ante
2138 5205 2325 5274 plagas

770 5297 917 5363 ipsas
949 5297 1188 5349 remedia
1225 5298 1470 5358 instruit,
1506 5309 1670 5365 atque
1727 5297 1862 5349 adeo
1896 5297 1963 5349 ab
1998 5298 2110 5364 ipsa
2142 5297 2323 5349 statim

774 5400 854 5446 (ut
896 5390 962 5439 ita
1001 5390 1204 5455 dicam)
1262 5390 1641 5456 (lt-speratione
1673 5389 2064 5456 benignitatem
2101 5389 2328 5453 profert,

771 5464 1128 5534 Οιὲιοιιιιιίιιιιιι
1165 5482 1447 5547 copiarum
1483 5481 1826 5548 imperatoris
1859 5483 2110 5531 mandato
2139 5481 2328 5545 praele-

771 5579 918 5624 ctnu.
953 5571 1318 5638 l'lplirteinium
1347 5573 1625 5632 exeitavit,
1661 5572 2200 5640 sollicitudiueinque
2234 5588 2328 5640 pro

773 5665 994 5717 civimte
1039 5668 1185 5716 omni
1222 5681 1373 5717 suam
1410 5666 1480 5717 ila
1516 5665 1832 5729 declaravit,
1863 5673 1921 5718 ut
1973 5665 2106 5719 nihil
2141 5681 2330 5718 eorum

850 5821 923 5888 tl)
958 5818 1148 5886 Eiagt'.
1178 5818 1269 5870 lib.
1313 5833 1382 5878 Iv,
1424 5834 1537 5885 cap.
1577 5820 1627 5870 ί.

2436 4651 2522 4703 ἵνα
2560 4653 2722 4721 μήτις
2769 4653 2876 4704 τῶν
2933 4652 3258 4721 ιπιτηδείων
3297 4652 3688 4723 καταλειφθείη
3750 4653 4008 4722 πρόνοιαν

2433 4744 2636 4806 ταύτης
2692 4744 3034 4813 ποιούμενος.
3069 4746 3142 4797 Ἥ
3201 4762 3263 4812 γε
3318 4745 3424 4815 μὴν
3465 4745 3584 4798 θεία
3641 4747 3734 4798 κα)⁵
3786 4747 4010 4799 πάντων

2437 4836 2630 4905 ἔφορος
2665 4836 2915 4906 πρόνοια,
2951 4838 2985 4905 ἠ
3058 4836 3475 4907 φιλανθρωπίας
3532 4837 3702 4906 ιλαίῳ
3757 4837 3826 4890 τὰ
3873 4837 4008 4906 ξίφη

2434 4932 2532 4996 τῆς
2559 4928 2830 4996 τιμωρίας
2896 4928 3163 4997 θήγουσα,
3220 4930 3315 4981 καὶ
3355 4930 3464 4998 πρὸ
3517 4929 3628 4981 τῶν
3671 4929 3896 4998 πληγῶν
3940 4932 4008 4983 τὰ

2439 5021 2705 5087 φάρμακα
2727 5019 3059 5084 πλάττουσα,
3089 5020 3182 5070 καὶ
3209 5018 3340 5087 παρ’
3371 5021 3538 5088 αὐτὴν
3567 5019 3642 5080 ὠς
3699 5019 3876 5071 εἰπεῖν
3904 5021 4007 5090 τὴν

2438 5114 2752 5178 ἀπόγνωσιν
2773 5113 2975 5174 εὐθέως
3039 5113 3332 5180 ἀνοίγουσα
3366 5114 3465 5181 τὴν
3505 5113 3872 5182 χρηστότητα,
3911 5116 4008 5165 τὸν

2439 5206 2547 5257 τῶν
2578 5203 2727 5272 ἑῴων
2753 5209 3055 5272 ταγμάτων
3104 5205 3203 5274 τὴν
3264 5204 3567 5274 ἐπιτροπὴν
3614 5205 3677 5257 ix
3740 5203 4008 5273 βασιλέως

2442 5296 2850 5366 ὲγχειρισθέντα
2887 5295 3212 5364 Ἐφραίμιον
3238 5295 3557 5364 διανίστησε
3592 5309 3606 5319 ·
3639 5295 3734 5345 καὶ
3789 5312 3955 5363 φροντ
3969 5299 4009 5346 ί-

2441 5390 2505 5441 δα
2540 5393 2715 5442 πᾶσαν
2750 5389 2887 5457 ὑπὲρ
2945 5393 3040 5458 τῆς
3074 5389 3280 5450 πόλεως
3338 5387 3666 5452 ιπεδεξξατο,
3715 5385 3854 5438 ῶστε
3898 5388 4009 5440 τῶν

2441 5485 2540 5534 ὅσα
2572 5483 2838 5550 προσῆκε,
2869 5480 3298 5548 παραλελεῖφθαι
3337 5481 3523 5547 μηδέν.
3566 5481 3660 5530 ’³ον
3686 5480 4008 5548 Ἀντιοχέων

2448 5575 2630 5638 παῖδες
2661 5575 2756 5643 τῆς
2815 5573 3081 5643 τοσαύτης
3131 5573 3458 5641 κηδεμονίας
3517 5573 3806 5640 ἀγάμενοι,
3857 5574 4007 5639 σφῶν

2445 5670 2593 5738 ίερὲα
2643 5667 2990 5736 ψηφίζονται.
3043 5667 3100 5719 '0
3147 5667 3203 5718 δὲ
3277 5667 3366 5718 τὸν
3418 5664 3606 5733 θρόνον
3673 5664 4004 5726 ἐλάμϐανεν,
