4244 6438
280 477 387 538 Ξῖδ

1209 471 1813 532 ECCLESIASTIC/Is
1854 470 2244 530 HISTORls’E
2287 469 2427 526 LIB.
2474 468 2666 526 XVII.

3440 467 3548 531 226

279 595 473 660 ὥσπερ
511 589 632 643 τινὰ
655 587 890 655 ἀμοιϐὴν
918 588 1010 639 καὶ
1041 587 1208 654 γέρας
1255 589 1354 647 τῆς
1412 586 1682 652 τοσαύτης
1739 601 1872 652 προ-

1991 598 2096 648 pia:
2131 598 2268 648 opus
2298 589 2504 644 essent,
2543 596 2638 647 per
2677 579 3042 648 prrmmium
3070 593 3296 647 prorsus
3327 591 3549 648 pra-ter-

279 685 434 744 νοίας
461 681 697 748 εἰληφὼς
720 683 782 731 ὲκ
809 678 970 731 Θεοῦ.
1012 678 1163 729 Μετά
1200 677 1254 728 δὲ
1293 678 1466 744 μῆνας
1527 671 1681 734 αὖθις
1725 675 1880 741 τριά-

277 792 448 828 κοντα
485 775 590 824 ὑπὸ
627 770 868 840 σεισμῶν
934 769 1098 819 πάλιν
1129 769 1325 833 πάσχει
1357 767 1422 815 τὰ
1455 765 1818 832 χαλεπώτατα
1859 777 1872 791 ’

278 870 370 921 ὅτε
403 867 467 936 δὴ
503 866 599 918 καὶ
630 867 728 932 τῆς
766 862 1074 929 ἁνηκοὸστζς
1108 859 1244 928 πρὸς
1268 855 1654 910 Ἰουστινιανοῦ
1682 855 1873 922 τυχοῦ-

284 979 355 1013 σα
392 959 678 1027 προνοίας,
724 955 820 1007 καὶ
853 951 1156 1012 θεουπολις
1217 949 1553 1016 ὠνόμασται.
1611 945 1876 1000 Ἕκαστος

278 1055 392 1119 γὰρ
424 1052 532 1102 τῶν
562 1047 868 1114 οἰκητόρων
919 1044 1016 1110 τὴν
1065 1040 1304 1108 Χριστοῦ
1371 1036 1566 1103 κλῆσιν
1608 1036 1715 1105 πρὸ
1767 1035 1875 1086 τῶν

279 1144 466 1211 θυρῶν
495 1141 744 1208 γράφων,
773 1135 917 1188 οὕτω
951 1134 1040 1185 τὸν
1068 1134 1165 1201 τῆς
1197 1132 1298 1199 γῆς
1327 1131 1606 1197 ἀπέτρεπε
1645 1127 1832 1178 κλόνον
1855 1141 1870 1155 ο

277 1233 420 1284 Θεοῦ
450 1249 558 1282 τινι
585 1228 692 1280 τῶν
716 1225 965 1278 εὐλαϐῶν
991 1222 1134 1274 οὕτω
1163 1223 1469 1290 χρήσαντος
1501 1220 1736 1284 γράφειν
1770 1212 1875 1281 πρὸ

279 1327 392 1375 τιῑιν
425 1321 633 1390 θυρῶν,
673 1320 929 1385 Χριστὸς
975 1313 1104 1383 μεθ’
1157 1312 1326 1381 ἡμῶν
1352 1328 1365 1341 ⁸
1408 1311 1612 1376 στῆτε.
1654 1309 1774 1360 Ἔτι
1818 1307 1876 1358 δὲ

279 1415 577 1466 Ὶουστίνου
610 1414 676 1481 τῇ
729 1413 870 1478 ἀρχῇ
927 1407 1347 1474 διαπρέποντος,
1397 1403 1491 1469 καὶ
1546 1400 1876 1466 Ἐπίδαμνος

281 1508 620 1576 (Δυρράχιον
676 1503 772 1554 νῦν
820 1502 1172 1569 ὀνομάζεται)
1227 1499 1458 1548 πλεῖστα
1512 1495 1614 1546 ὑπὸ
1665 1495 1876 1560 ἀγρίων

281 1599 532 1666 σεισμῶν
562 1596 796 1650 πέπονθε
826 1612 838 1624 ·
881 1594 978 1647 καὶ
1010 1591 1274 1661 Κόρινθος
1305 1591 1338 1659 ἢ
1372 1588 1474 1642 ἀνά
1504 1587 1602 1655 τὴν
1638 1587 1741 1652 γῆν
1777 1584 1875 1650 τῆς

293 1689 556 1749 Ἑλλάδος
589 1687 821 1754 ἵδρυται.
851 1685 932 1736 Τὰ
961 1686 1048 1737 [σα
1083 1684 1138 1735 δὲ
1198 1683 1292 1734 καὶ
1353 1677 1689 1747 ’Λνάζαρϐος
1749 1677 1876 1725 ἐπε-

280 1783 499 1841 πόνθει,
533 1783 565 1848 ἣ
598 1778 694 1831 τοῦ
719 1777 975 1845 δευτέρου
1010 1778 1117 1827 τῶν
1147 1774 1387 1826 Κιλίκων
1408 1771 1594 1832 ἔθνους
1614 1771 1827 1836 ἡγεῖται
1856 1781 1871 1797 ⁸

278 1875 347 1936 ἃς
382 1873 670 1932 Ίουστίνος
716 1871 978 1940 μεγάλοις
1009 1869 1354 1934 ἀνεκτήσατο
1417 1865 1716 1933 χρήμασιν.
1750 1860 1873 1910 Ἐπὶ

278 1967 337 2016 δὲ
375 1963 475 2031 τῆς
503 1964 674 2028 αὐτῆς
720 1960 1022 2029 ἡγεμονίας
1057 1958 1152 2010 καὶ
1207 1960 1238 2025 ἡ
1280 1956 1388 2008 τῶν
1415 1952 1748 2020 Ἐδεσσηνῶν
1784 1952 1873 2003 εὑ-

278 2059 501 2123 δαίμων
532 2057 688 2117 πόλις
710 2056 809 2122 τῆς
845 2051 1152 2123 Ὀσροηνῶν
1199 2049 1491 2118 ἐπαρχίας,
1539 2048 1770 2115 μεγίστη
1814 2061 1872 2098 τε

282 2145 405 2212 ἅμα
451 2144 548 2195 καὶ
597 2143 1048 2212 πολυάνθρωπος,
1104 2140 1182 2207 τῷ
1226 2137 1594 2206 παραρρέοντι
1645 2132 1874 2201 ποταμῷ

282 2238 506 2305 Σκίρτῳ
551 2236 846 2302 ὑπερφυῶς
893 2231 1245 2297 κατεκλύσθη
1282 2247 1294 2260 ο
1330 2229 1425 2281 καὶ
1461 2227 1552 2280 ἐπὶ
1593 2226 1770 2288 τόσον,
1802 2225 1875 2285 ὡς

281 2331 589 2383 καὶπολλά
618 2330 727 2380 τῶν
785 2326 1246 2394 οἰκοδομημάτων
1308 2319 1728 2388 συνεφιλκύσαι,
1782 2319 1878 2370 καὶ

284 2426 502 2493 πλῆθος
531 2425 766 2489 ἄπειρον
792 2418 1097 2487 ἀνθρώπων
1126 2413 1446 2482 παρασύραι
1475 2410 1571 2463 καὶ
1595 2407 1876 2476 ὲγκολπώ-

282 2519 491 2569 σασθαι
525 2530 541 2545 °
570 2513 664 2574 οῦς
695 2513 756 2563 τὸ
789 2511 937 2579 ὕδωρ
970 2509 1245 2576 ἁρπάσαν,
1278 2505 1472 2558 θᾶττον
1495 2499 1840 2572 ᾧχετοάπιόν
1860 2514 1874 2529 ο

279 2612 358 2671 ὣς
389 2627 464 2669 τις
498 2607 804 2678 χείμαρρος
835 2603 923 2654 διὰ
958 2603 1125 2670 μέσου
1164 2600 1306 2670 ρέων
1352 2598 1451 2664 τῆς
1499 2595 1724 2655 πόλεως.
1757 2595 1877 2645 Λω-

282 2708 570 2772 φήσαντος
599 2698 656 2749 δὲ
690 2696 784 2748 τοῦ
819 2693 1018 2757 δεινοῦ,
1047 2693 1188 2756 πλὰξ
1212 2694 1274 2744 ὲκ
1307 2690 1598 2758 μαρμάρου
1631 2687 1880 2754 ἐφαίνετο

283 2794 702 2864 ἱερογλυφικοῖς
752 2790 1048 2857 γράμμασι
1091 2785 1217 2837 τάδε
1271 2783 1506 2851 δηλοῦσα
1545 2795 1560 2810 ⁸
1605 2798 1623 2830 t
1655 2781 1880 2847 Σκίρτος

284 2887 584 2955 σκιρτήσει
627 2884 772 2936 κακά
811 2881 1168 2950 σκιρτήματα
1194 2875 1459 2936 πολίταις.
1523 2893 1540 2924 ι
1587 2875 1766 2939 Ὠφθη
1825 2870 1881 2921 δὲ

284 2987 383 3032 και
407 2979 551 3046 γυνὴ
584 2993 671 3039 τις
695 2974 816 3027 κατ’
843 2974 1020 3025 ἐκεῖνο
1046 2969 1242 3037 καιροῦ
1297 2966 1707 3035 γιγαντογενὴς,
1742 2961 1882 3027 ὑπὲρ

289 3074 498 3140 μέτρον
536 3071 716 3122 πάντα
749 3068 1036 3132 ἄνθρωπον
1075 3064 1420 3131 ὑπερέχουσα
1454 3075 1467 3090 ·
1506 3058 1770 3122 ἀνάλογον
1825 3054 1882 3105 δὲ

284 3165 364 3230 τῷ
400 3163 531 3228 ὕψει
559 3163 658 3212 καὶ
691 3160 752 3210 τὸ
788 3159 989 3217 πλάτος
1049 3154 1336 3220 ἐκέκτητο.
1410 3151 1471 3202 '0
1519 3149 1575 3200 δὲ
1633 3144 1883 3215 βασιλεὺς

1983 675 2247 727 mitteret.
2295 673 2451 726 llnnc
2478 673 2806 726 Antiocheni
2841 689 2985 726 cura:
3014 682 3067 726 et
3118 671 3551 724 administratio-

1981 765 2066 817 nis
2109 766 2226 832 ejus
2269 765 2632 817 admiratione
2679 765 2996 830 episcopum
3052 763 3320 831 deligunt.
3374 765 3550 818 Amne

1981 854 2070 908 ille
2101 857 2280 907 sedem
2321 871 2463 917 eam,
2521 856 2752 924 perinde
2804 864 2969 922 atque
3004 857 3285 923 prtemium
3329 857 3546 924 aliquod

1979 957 2141 1013 atque
2170 949 2673 1000 remunerationem
2712 955 2872 999 tante
2918 962 3029 998 sua:
3059 948 3482 1013 procurationis,
3519 962 3547 998 a

1981 1039 2090 1090 Deo
2124 1041 2414 1107 reciperet,
2457 1055 2561 1090 non
2597 1039 2929 1106 repudiavit.
2980 1037 3140 1107 735
3179 1039 3306 1092 Post
3336 1054 3549 1093 menses

1976 1141 2158 1184 autem
2216 1132 2460 1200 triginta,
2511 1131 2858 1198 gravissimas
2909 1146 3102 1182 rursus
3147 1146 3176 1182 a
3237 1140 3546 1183 terraeinqu

1977 1223 2421 1292 pertuliteatlem
2461 1223 2654 1276 civitas
2705 1239 2975 1277 :erumnas
3026 1242 3037 1276 :
3089 1239 3212 1276 cum
3268 1221 3466 1275 deinde
3519 1240 3546 1275 a

1976 1315 2286 1368 Justiniano
2313 1316 2550 1367 debitam
2588 1324 2883 1367 Consecuta
2917 1324 2996 1368 est
3027 1329 3214 1368 curam
3247 1330 3341 1368 seu
3367 1317 3551 1384 provi-

1979 1409 2208 1468 sionem,
2239 1417 2293 1459 et
2315 1406 2629 1474 TheOpolis,
2658 1409 2759 1462 hoc
2781 1417 2884 1468 est,
2913 1409 3004 1460 Dei
3030 1411 3220 1462 civitas
3247 1408 3544 1462 nominata.

1979 1501 2364 1569 Unusquisque
2390 1502 2534 1553 enim
2579 1503 2782 1556 civium
2806 1501 3016 1556 Christi
3052 1520 3250 1557 nomen
3281 1521 3380 1573 pro
3415 1505 3549 1557 l'ori-

1978 1593 2080 1646 bus
2131 1593 2468 1665 inscribens,
2517 1607 2583 1646 eo
2640 1594 2803 1647 modo
2867 1604 3238 1648 terrannotum
3297 1595 3546 1664 dispulit,

1979 1700 2100 1738 cuni
2143 1686 2285 1740 Deus
2329 1686 2585 1754 religioso
2623 1687 2837 1741 cuidam
2895 1687 3102 1742 homini
3157 1689 3376 1742 oraculo
3434 1690 3547 1741 ha'c

1980 1778 2144 1830 verba
2198 1777 2406 1832 foribus
2463 1779 2764 1832 inscribere
2838 1781 3188 1848 praecepisset
3243 1793 3258 1832 :
3312 1780 3546 1832 Christus

1982 1870 2246 1922 nobiscum
2275 1887 2292 1923 :
2326 1879 2484 1924 state.
2525 1871 2779 1938 Ejusdem
2812 1871 3010 1924 Justini
3053 1872 3267 1939 imperii
3302 1881 3545 1940 tempore

1976 1960 2315 2027 Epidamnus
2337 1962 2524 2025 etiam,
2563 1979 2683 2031 qua:
2717 1978 2864 2016 nunc
2893 1963 3290 2032 Dyrrhachium
3317 1964 3540 2022 dicitur,

1977 2051 2211 2118 plurima
2253 2067 2279 2102 a
2315 2053 2472 2104 s:evis
2504 2054 2905 2107 terrremotibus
2932 2054 3194 2107 sustinuit
3221 2053 3441 2107 damna.
3478 2054 3540 2105 Et

1977 2143 2107 2196 item
2135 2142 2449 2209 Corinthus,
2479 2160 2598 2212 qua:
2629 2146 2679 2197 in
2715 2155 2855 2199 terra
2887 2145 3105 2200 Graecia:
3137 2147 3237 2200 sita
3263 2155 3364 2201 est.
3397 2146 3542 2199 Idem

1979 2249 2108 2287 vero
2174 2245 2226 2288 et
2282 2237 2623 2299 Anazarbus,
2679 2253 2796 2306 qu:e
2828 2238 3081 2291 secunde
3114 2239 3345 2292 Cilicum
3398 2239 3544 2307 genti

1980 2334 2194 2393 praaest,
2233 2327 2477 2394 pertulit.
2512 2327 2659 2390 Quas
2693 2328 2854 2380 urbes
2882 2343 3069 2396 magna
3104 2329 3332 2395 pecunia
3368 2328 3542 2382 Justi-

1980 2433 2083 2470 nus
2109 2420 2459 2472 restauravit.
2496 2418 2610 2471 Sub
2657 2421 2847 2472 eodem
2881 2421 3108 2488 imperio
3147 2421 3542 2474 Edessenorum

1979 2524 2197 2577 quoque
2257 2509 2380 2562 felix
2417 2511 2628 2572 civitas,
2662 2525 2783 2578 qua:
2814 2512 3044 2562 maxima
3094 2511 3254 2564 simul
3287 2522 3342 2564 et
3370 2527 3544 2580 pepu-

1981 2600 2249 2654 losissima
2298 2604 2349 2653 in
2409 2603 2684 2670 provincia
2747 2603 3112 2656 Osroenorum
3163 2615 3266 2664 est,
3318 2605 3548 2657 mirifica

1983 2690 2170 2756 Scirti,
2211 2693 2303 2759 qui
2342 2708 2461 2744 eam
2493 2694 2830 2762 prmterﬂuit,
2863 2695 3039 2747 amnis
3077 2695 3446 2748 exundatio'ue
3495 2695 3548 2748 in

1984 2793 2194 2836 tantum
2226 2797 2310 2837 est
2342 2787 2559 2842 alllicta,
2592 2795 2647 2837 ut
2686 2802 2806 2838 cum
2863 2785 3027 2838 multa
3087 2785 3312 2839 mdiﬁcia
3360 2801 3548 2840 secum

1983 2877 2241 2931 convulsa
2270 2879 2359 2930 ille
2400 2879 2748 2935 alistraxerit.
2796 2889 2908 2930 tum
2962 2878 3228 2931 inﬁnitam
3269 2879 3550 2933 hominum

1985 2969 2391 3021 multitudinem
2430 2971 2720 3022 abstulerit
2774 2983 2933 3037 atque
2983 2972 3366 3024 submerserit.
3404 2971 3552 3034 Quos

1984 3065 2268 3124 postquam
2302 3060 2441 3110 umla
2495 3060 2692 3125 rapuit,
2722 3061 3008 3113 confestim
3074 3061 3246 3112 instar
3294 3063 3551 3116 torrentis

1988 3163 2082 3216 per
2111 3149 2344 3200 mediam
2401 3150 2591 3202 urbem
2636 3151 2915 3217 proﬂuens
2954 3152 3196 3204 evanuit.
3252 3151 3407 3216 Quod
3458 3153 3549 3205 ubi

285 3255 405 3313 τοῖς
426 3251 575 3302 κατά
609 3250 710 3317 τὴν
743 3247 1020 3314 Ἀντιόχου
1044 3243 1238 3304 δεινοῖς
1267 3240 1363 3293 καὶ
1395 3239 1508 3299 τοῖς
1557 3236 1736 3292 ἄλλοις
1787 3251 1880 3286 ιτε-

1991 3242 2187 3294 malum
2218 3243 2551 3310 conquievit,
2594 3243 2775 3296 tabula
2803 3259 3108 3297 marmorea
3135 3247 3408 3312 apparuit,
3439 3246 3556 3300 bie‘

290 3343 529 3414 μαλγὴς
566 3339 827 3408 γεγονὼς,
858 3334 1128 3406 περιελὼν
1160 3337 1260 3402 τῆς
1295 3331 1539 3400 κεφαλῆς
1588 3331 1649 3382 τὸ
1701 3328 1883 3398 διάδη-

293 3454 396 3505 μα,
435 3435 729 3503 πορφυρᾶν
762 3430 1012 3500 χλαμύδα
1041 3426 1426 3496 περιεὸἁλετο,
1462 3424 1555 3476 καὶ
1587 3424 1644 3474 ὲν
1697 3422 1884 3473 πένθει

287 3526 382 3599 ἦν.
419 3528 536 3580 Καὶ
592 3528 746 3578 πᾶσα
807 3523 853 3576 δ’
906 3524 938 3592 ἠ
986 3520 1142 3581 πόλις
1198 3520 1473 3586 πενθήρης
1529 3511 1618 3584 ἦν,
1679 3516 1884 3583 μέλανα

291 3617 662 3688 ὴμιριεσμένη
690 3617 801 3677 τοίς
824 3614 916 3666 ἐπὶ
948 3611 1425 3682 συμϐᾶσιδεινοῖς.
1463 3608 1522 3659 '0
1553 3608 1607 3659 δὲ
1632 3605 1882 3674 βασιλεὺς

293 3715 357 3764 οὑ
395 3713 565 3766 μόνον
603 3707 961 3775 Ἀντιόχειαν,
984 3704 1122 3757 ἁλλά
1168 3704 1265 3755 καὶ
1289 3703 1386 3768 τὴν
1409 3701 1747 3766 Ἐδεσσῃνὼν
1793 3697 1885 3750 καὶ

293 3798 665 3867 ’Λνὰζαρῆον
682 3795 978 3865 βασιλικῶς
1005 3792 1368 3861 ἀνεκτήσατο.
1389 3791 1450 3843 Ἡ
1475 3790 1529 3842 δὲ
1556 3788 1886 3858 Ἀνάξαρὸος

293 3899 394 3948 καί
419 3895 665 3946 Ἔδεσσα
724 3889 898 3951 οὕτως
927 3891 1014 3943 hct
1052 3887 1270 3955 βάθρων
1310 3885 1402 3938 καὶ
1444 3881 1886 3952 μεγαλαπρεπῶς

294 3986 626 4055 ἠγέρθησαν
659 3982 735 4044 ὼς
759 3983 1026 4049 ἑκατέρας
1057 3980 1149 4030 καὶ
1173 3981 1238 4048 τῇ
1262 3974 1356 4028 τοῦ
1400 3974 1662 4044 βασιλέως
1718 3989 1887 4042 προσ-

298 4079 512 4149 ηγορίᾳ
575 4073 1092 4144 κατακοσμηθῆναι.
1145 4071 1302 4124 Ἐπεὶ
1367 4069 1424 4120 δὲ
1473 4066 1574 4136 τῆς
1634 4066 1890 4137 ’τοιαύτης

297 4171 749 4242 ἐπεμνήσθημεν
804 4167 1100 4237 συμφορᾶς
1121 4164 1265 4219 κατὰ
1308 4163 1406 4232 τῆς
1437 4163 1645 4223 πόλεως
1689 4160 1890 4213 Ἀντιό-

296 4285 423 4338 χου,
455 4265 560 4332 ἄγε
584 4264 649 4334 δὴ
681 4265 778 4316 καὶ⁸
799 4261 935 4314 ἄλλα
966 4259 1094 4324 ἀξια
1135 4257 1297 4323 λόγου
1325 4253 1628 4327 τηνικαῦτα
1663 4254 1888 4323 γενόμε-

299 4379 367 4414 να
427 4362 501 4429 τῇ
541 4356 795 4426 παρούσῃ
847 4352 1058 4424 ἱστορίᾳ
1104 4347 1500 4419 ἑντάξωμεν,ἃ
1549 4348 1614 4418 δὴ
1670 4350 1734 4401 ὲκ
1783 4347 1893 4400 τῶν

302 4451 729 4521 ἱπορησάντων
771 4446 925 4500 ἀνελε
935 4446 1166 4513 ξάμεθα.
1767 4435 1769 4437 ’

1989 3333 2320 3402 roglyphieis
2347 3334 2550 3388 litteris
2587 3336 2702 3387 ha-c.
2728 3337 3044 3404 signiﬁcans
3079 3356 3091 3389 :

2197 3485 2424 3541 Saltabit
2454 3490 2554 3541 civi
2585 3489 2783 3542 saltum
2816 3489 3042 3542 saltator
3080 3491 3344 3544 acerbum.

1991 3624 2114 3679 Visa
2158 3639 2286 3678 vero
2315 3625 2506 3680 eadem
2566 3636 2887 3694 tempestate
2939 3635 3022 3680 est
3051 3627 3296 3694 gigantazi
3340 3630 3557 3698 generis
3645 3621 3659 3634 ⁸

1989 3717 2187 3770 mulier
2215 3717 2484 3786 quaedam.
2515 3718 2754 3787 cuju5vis
2782 3718 3019 3773 hominis
3050 3722 3261 3785 proceri
3293 3729 3555 3774 staturam

1988 3808 2263 3863 excellens
2332 3824 2346 3860 :
2401 3809 2728 3876 longitudini
2797 3809 2846 3862 ei
2903 3808 3258 3876 proportione
3326 3810 3559 3864 latitudo

1990 3901 2155 3954 etiam
2188 3900 2576 3968 respondebat.
2605 3900 2778 3954 Porro
2810 3899 3134 3968 ,imperator
3195 3903 3560 3957 Antiochenis

1992 4005 2156 4062 atque
2184 3995 2306 4047 aliis
2355 3995 2759 4048 calamitatibus
2814 3995 2868 4069 in
2917 4009 3210 4049 mteroretn
3252 3999 3553 4067 coniectus,

1992 4084 2185 4152 capitis
2219 4084 2526 4139 diademate
2577 4086 2775 4155 posito,
2808 4096 2863 4141 et
2916 4087 3060 4155 pulla
3115 4099 3268 4142 veste
3318 4100 3558 4157 sumpta,

1993 4174 2162 4228 luctui
2196 4190 2253 4229 se
2291 4175 2441 4229 dedit
2477 4193 2489 4230 :
2519 4184 2575 4230 et
2599 4176 2729 4229 urbs
2759 4177 3010 4230 universa
3065 4195 3190 4232 cum
3236 4194 3303 4233 eo
3354 4181 3557 4247 pullata

1995 4279 2051 4322 et
2091 4268 2206 4336 ipsa
2254 4283 2443 4322 eorum
2507 4283 2629 4337 quae
2691 4268 3006 4323 aeciderant
3064 4271 3328 4324 malorum
3393 4287 3556 4326 causa

1995 4361 2154 4414 luxit.
2185 4360 2488 4430 Imperator
2518 4376 2652 4415 vero
2681 4377 2784 4413 non
2828 4361 3001 4414 solum
3051 4361 3426 4430 Antiochiam,
3463 4366 3558 4418 sed

1999 4462 2052 4506 et
2087 4451 2485 4506 Edessenorum
2522 4454 2818 4514 civitatem,
2856 4462 3018 4521 atque
3059 4454 3428 4520 Anazarbum,
3460 4456 3561 4508 im-

303 4550 498 4620 pensis
526 4544 902 4615 imperatoriis
938 4541 1230 4611 splendide
1280 4541 1548 4597 restituit.
1610 4542 1928 4599 Anazarbus
1966 4557 2023 4602 et
2053 4548 2253 4603 Edessa
2290 4564 2354 4602 ex
2426 4547 2789 4603 fundamentis
2824 4549 2958 4618 ipsis
2993 4559 3136 4602 tanta
3163 4551 3561 4618 magnificentia

302 4653 437 4696 sunt
500 4648 850 4695 restaurata.
910 4647 970 4688 ut
1029 4644 1264 4687 utraoue
1316 4636 1484 4687 etiam
1539 4633 1891 4704 imperatoris
1932 4639 2104 4710 ipsius
2171 4641 2534 4709 appellatione
2601 4643 2673 4696 sit
2710 4641 3084 4694 colioncstata.
3110 4642 3561 4713 Quandoquidem

305 4753 441 4789 vero
507 4743 676 4784 tanta:
733 4729 928 4792 cladis,
977 4743 1100 4796 qua:
1149 4715 1456 4780 Kntlocbia:
1510 4736 1731 4793 accepta
1788 4739 1891 4790 est,
1937 4733 2291 4786 menimimus
2326 4771 2339 4795 ,
2401 4747 2499 4785 cur
2556 4749 2664 4785 non
2696 4733 2800 4786 alia
2823 4747 3040 4802 quoque
3071 4732 3231 4802 digna
3262 4749 3564 4790 memoratu

304 4849 427 4901 qui:
460 4841 578 4883 tum
641 4826 920 4887 accidere,
965 4821 1222 4892 praesenti
1274 4820 1569 4874 inserimus
1633 4821 1892 4890 historiae,
1935 4842 1999 4879 ex
2036 4841 2215 4880 rerum
2251 4836 2524 4896 gestarum
2557 4828 2924 4896 scriptoribus
2961 4828 3248 4898 excerpta?

908 4943 1158 4993 ΚΕΦΑΛ.
1216 4944 1292 4994 Δ’.

2516 4945 2678 5015 733
2705 4944 2930 4999 CAPUT
2964 4942 3046 4996 IV.

314 5041 448 5109 Περὶ
484 5039 592 5091 τοῦ
629 5037 806 5109 ἁγίου
837 5038 1103 5109 *Ζωσιμᾶ
1119 5038 1239 5109 *τοῦ
1269 5033 1770 5109 Δθαυματουργοῦ,
1802 5049 1875 5086 κα

2006 5036 2080 5090 ορ
2110 5048 2291 5091 εαηειο
2322 5038 2532 5092 Zosima
2584 5037 2966 5109 miraculorum
3014 5035 3235 5102 editore,
3280 5046 3328 5090 et
3361 5037 3569 5091 Joanne

727 5106 1002 5159 Ἰωάννου
1041 5105 1147 5158 τοῦ
1176 5104 1508 5164 Χοζεείτου.
1599 5104 1604 5105 ί

2631 5108 2936 5161 Chozcbita.

383 5224 496 5278 Ἶιν
533 5241 624 5282 τις
674 5222 796 5274 κατ’
854 5224 1035 5272 ἐκεῖνο
1069 5219 1267 5288 καιροῦ
1303 5221 1560 5287 Ζωσιμᾶς
1613 5221 1807 5288 ὄνομα,
1841 5221 1905 5272 ὲκ

311 5324 407 5387 τῆς
452 5315 737 5385 παραλίου
797 5313 1102 5382 λεγομένης
1134 5313 1388 5382 Φοινίκης
1416 5313 1761 5382 ὁρμώμενος·
1800 5331 1906 5364 πα-

2075 5222 2207 5274 Erat
2238 5232 2350 5275 tum
2388 5223 2647 5291 temporis
2679 5221 2754 5289 (I)
2781 5221 3027 5275 Zosimas
3057 5220 3278 5288 quidam
3320 5223 3564 5286 nomine,

2004 5329 2070 5367 ex
2120 5313 2395 5368 Phoenicia
2425 5355 2440 5378 ,
2498 5330 2618 5382 qua:
2666 5314 2940 5367 maritima
2987 5313 3226 5376 ducitur,
3279 5314 3569 5378 oriundus,

2010 5407 2193 5460 Sidam
2229 5408 2460 5474 patriam
2513 5407 2768 5468 sortitus,
2824 5421 2943 5473 qua:
3000 5421 3109 5457 non
3168 5406 3350 5457 minus
3409 5421 3571 5472 quam

2010 5496 2198 5563 viginti
2232 5496 2422 5550 stadiis
2453 5497 2520 5549 ab
2567 5497 2852 5565 Tyriorum
2906 5497 3039 5550 urbe
3070 5499 3236 5550 distat
3268 5515 3279 5545 :
3313 5498 3404 5564 qui
3461 5513 3573 5548 ma-

2010 5590 2133 5657 gnis
2190 5588 2588 5642 certaminibus
2641 5589 2919 5641 cmlcstem
2975 5589 3342 5642 meditabatur
3378 5590 3568 5641 vitam.

2014 5679 2111 5733 llic
2177 5681 2439 5734 diuturno
2510 5681 2720 5750 jejunio
2799 5682 3029 5749 aliisque
3092 5681 3310 5745 studiis,
3373 5681 3574 5748 quibus

2014 5773 2185 5827 Deum
2223 5774 2478 5829 delectari
2514 5789 2608 5842 par
2649 5783 2749 5836 est,
2805 5784 2914 5828 toto
2972 5775 3123 5826 illum
3161 5784 3380 5841 pectore
3428 5787 3576 5826 com-

317 5419 474 5486 τρὶδα
531 5415 700 5478 Σίδην
754 5410 1218 5479 κεκληρωμένος,
1256 5409 1356 5460 οὐκ
1407 5407 1628 5457 ἔλαττον
1687 5407 1717 5474 ἢ
1774 5422 1903 5456 στα-

310 5514 460 5573 δίους
500 5510 684 5560 εἴκοσι
738 5507 834 5573 τῆς
884 5503 1100 5570 Τυρίων
1134 5501 1556 5568 ἀπῳκισμένην,
1591 5498 1775 5558 ἄθλοις
1809 5513 1901 5564 με·

317 5602 512 5668 γαλοις
545 5599 651 5665 τὴν
693 5596 836 5647 κατά
876 5593 1012 5644 Θεὸν
1055 5590 1256 5660 μετιὼν
1292 5590 1497 5658 βιοτήν.
1529 5584 1692 5646 Οὗτος
1724 5588 1902 5637 τοίνυν

317 5696 550 5763 νηστείᾳ
603 5691 818 5759 μακρᾷ,
886 5687 983 5738 καὶ
1026 5688 1138 5744 τοῖς
1199 5684 1404 5745 ἄλλοις,
1464 5677 1543 5742 οἷς
1593 5682 1726 5732 Θεὸν
1756 5681 1902 5740 εἰκὸς

309 5791 407 5861 ήόε
422 5790 572 5850 σθαι,
601 5785 794 5836 τοῦτον
816 5780 1329 5850 ἐνστερνισάμενος,
1351 5779 1413 5830 οὑ
1449 5777 1607 5846 μόνον
1635 5772 1904 5836 ἀπαθείας

396 5904 471 5972 (1)
497 5903 693 5968 Evagr.
727 5898 822 5950 lib.
868 5912 942 5960 tv,
989 5908 1107 5962 cap.
1143 5894 1194 5946 7.
