4244 6438
291 423 398 485 933

1220 411 1816 474 ECLLESIASTIC/E
1853 407 2243 469 HISTORIA?
2287 405 2424 467 LIB.
2473 403 2657 463 XVII.

3441 408 3542 468 23$

284 541 414 590 τίκα
463 535 524 587 τὸ
584 534 928 603 προσωπεῖον
989 533 1082 584 καὶ
1115 529 1213 598 τὴν
1270 527 1476 596 σκηνὴν
1502 527 1860 593 ἀποθέμενος,

1971 536 2031 574 se
2080 519 2210 572 mali
2258 527 2352 571 aut
2403 517 2792 586 cogitaturum,
2828 525 2922 569 aut
2958 515 3250 572 facturum.
3293 519 3372 574 Illi
3415 537 3535 576 τοι(

279 631 450 696 ὁμόσε
484 629 600 689 τοῖς
631 625 867 695 Χριστοῦ
899 625 1194 693 προϐάτοις
1248 625 1275 674 ὁ
1303 620 1464 682 λύκος
1478 619 1708 714 Δἐχώρει.
1761 617 1869 714 καὶ

283 722 408 772 ἐπεὶ
453 716 814 788 μεταπείθειν
870 713 1168 783 ἐπιχειρῶν
1227 708 1564 779 ἀποσχέσθαι
1601 708 1865 777 Χριστοῦ,

282 811 380 864 τοῦ
447 809 656 863 σκοποῦ
711 807 1070 876 διημάρτανε,
1124 803 1248 860 τοὺς
1297 802 1396 871 μὲν
1446 800 1612 868 ξίφει,
1658 800 1782 858 τοὺς
1813 797 1870 848 δὲ

293 904 432 971 πυρὶ
485 901 580 953 καὶ
629 899 819 960 ἀλλαις
877 897 1156 966 βασάνοις,
1190 893 1548 962 δλοκαύτωμα
1588 893 1686 962 τὴν
1715 892 1869 943 πόλιν

293 995 482 1044 πᾶσαν
508 991 753 1060 προσῆγε
783 987 903 1056 Θεῷ
924 1004 936 1016 ·
979 989 1037 1040 ἐν
1072 983 1153 1049 οἷς
1183 985 1413 1054 Ἀρέθας
1441 987 1469 1036 δ
1493 983 1871 1050 γενναιότατος

286 1085 382 1135 τὸν
428 1083 771 1151 μαρτυρικδν
802 1079 1098 1147 ἀνεδήσατο
1131 1079 1418 1145 στέφανον.
1452 1076 1787 1145 ’Λνδρίζεται
1828 1071 1872 1124 δ’

283 1176 526 1230 ἐνταῦθα
563 1176 660 1228 καὶ
689 1174 848 1237 ἄλλος
880 1176 1003 1234 παῖς
1057 1175 1189 1243 μιᾶς
1239 1172 1345 1224 τῶν
1381 1171 1486 1224 ὑπὸ
1521 1171 1699 1235 πυρὰν
1729 1170 1873 1222 ἀπαο

285 1268 542 1336 γομένων
567 1266 864 1332 γυναικῶν.
901 1265 1104 1318 Τοῦτον
1154 1265 1264 1332 γάρ
1295 1263 1486 1332 νήπιον
1531 1261 1667 1341 ὄντα,
1690 1279 1872 1328 παρα-

286 1353 542 1420 κατέχων
567 1353 595 1404 δ
630 1351 913 1419 τύραννος,
936 1351 1194 1419 ἀποσπᾷν
1229 1350 1512 1416 ἐπειρᾶτο,
1548 1349 1747 1400 σαίνων
1781 1352 1875 1399 καὶ

289 1445 406 1494 πᾶν
430 1442 484 1493 εί
504 1458 558 1492 τι
588 1441 774 1508 θέλγον
802 1440 1001 1507 νηπίου
1029 1441 1207 1508 ψυχὴν
1233 1441 1576 1508 προϊέμενος.
1605 1440 1676 1489 Τὸ
1702 1440 1756 1490 δὲ
1778 1438 1875 1507 τὴν

288 1533 509 1600 μητέρα
541 1532 704 1599 ὁρῶν,
741 1533 878 1599 πρὸς
908 1531 1077 1599 αὐτὴν
1107 1531 1358 1599 ἐκτρέχει
1398 1530 1538 1582 κατὰ
1571 1528 1665 1582 τοῦ
1699 1529 1875 1599 μηροῦ

283 1624 380 1674 τὸν
412 1623 681 1694 τύραννον,
711 1622 937 1675 ἐνδακόν
957 1641 971 1654 ·
1002 1623 1094 1673 καὶ
1131 1621 1274 1675 οὔτω
1307 1624 1402 1674 σὺν
1429 1625 1494 1691 τῇ
1529 1622 1696 1691 μητρὶ
1729 1622 1877 1690 θῦμα

284 1715 494 1776 εὐῶδες
549 1715 976 1784 κεκαλλιέρηται
1033 1713 1110 1782 τῷ
1152 1713 1293 1781 Θεῷ.
1341 1711 1540 1781 ’Δλλ’ή
1596 1714 1692 1780 μὲν
1726 1713 1879 1773 πόλις

282 1807 436 1858 οῦτω
467 1812 560 1859 καὶ
591 1807 728 1875 πυρὶ
757 1809 849 1858 καὶ
884 1807 1026 1874 ξίφει
1049 1805 1261 1874 ἀνήχθη
1303 1805 1451 1874 Θεῷ⁸
1487 1807 1582 1876 ὅλη
1610 1806 1749 1874 καλὴ
1785 1806 1880 1856 καὶ

1970 619 2102 664 sunt
2141 608 2376 662 assensi.
2427 608 2496 661 At
2537 606 2627 659 ubi
2673 615 2938 677 tyrannus
2984 609 3126 662 intra
3164 626 3351 666 muros
3382 628 3544 670 accc-
3601 619 3610 629 '

1974 713 2102 772 ptus
2144 709 2251 764 cst,
2291 716 2398 754 non
2450 701 2546 754 diu
2602 710 2870 763 moratus,
2912 717 3146 768 persona
3197 714 3253 758 et
3300 706 3545 775 figmenti

1975 808 2138 848 scena
2187 793 2388 861 posita,
2429 807 2554 846 cum
2591 790 2798 846 Christi
2848 793 3047 847 ovibus
3093 797 3258 862 lupus
3291 807 3376 852 est
3412 813 3549 852 con-

1975 901 2218 956 gressus.
2259 885 2326 939 Et
2374 895 2658 953 postquam
2708 886 3014 954 periculum
3063 887 3212 942 cives
3255 905 3282 942 a
3324 889 3548 946 Christo

1976 976 2262 1030 avertendi
2296 973 2449 1039 fecit,
2486 985 2649 1044 atque
2689 991 2716 1028 a
2755 992 2920 1044 scopo
2953 979 3172 1032 consilii
3207 981 3291 1032 sui
3323 982 3550 1035 aberra-

1977 1070 2074 1130 vit,
2125 1069 2262 1122 alios
2299 1068 2520 1121 tandem
2572 1071 2737 1130 ferro,
2775 1071 2912 1124 alios
2962 1082 3146 1125 autem
3199 1073 3308 1142 igni
3348 1085 3403 1128 et
3443 1085 3553 1128 tor-

1979 1161 2176 1213 mentis
2219 1160 2410 1225 variis,
2449 1159 2731 1213 civitatein
2774 1162 3033 1217 videlicet
3084 1165 3398 1219 universam
3451 1166 3554 1220 ho-

1978 1248 2285 1302 locaustum
2342 1250 2450 1302 Deo
2491 1250 2712 1303 obtulit.
2751 1250 2901 1302 lnler
2946 1267 3086 1320 quos
3126 1253 3359 1309 Arcthas
3392 1271 3554 1324 gene-

1983 1339 2298 1393 rosissimus
2358 1341 2608 1410 martyrii
2667 1341 2879 1410 recepit
2928 1357 3211 1397 coronam.
3263 1346 3551 1416 Egregium

1981 1448 2203 1500 quoque
2237 1433 2310 1486 ibi
2344 1433 2522 1487 virilis
2550 1435 2716 1487 animi
2748 1438 3026 1504 specimen
3059 1438 3234 1491 edidit
3266 1439 3406 1493 alius
3433 1441 3558 1508 qui-

1983 1524 2134 1588 dam,
2172 1524 2511 1578 muliercultc
2537 1527 2721 1587 unius,
2754 1543 2818 1580 ex
2868 1530 2950 1582 eis
2982 1545 3103 1597 qum
3137 1532 3201 1582 ad
3246 1546 3432 1601 pyram
3468 1548 3557 1586 ac-

1981 1631 2201 1670 censam
2242 1617 2619 1684 rapiebantur.
2657 1617 2822 1672 filius.
2867 1619 3022 1674 IIune
3053 1623 3256 1674 etenim
3307 1635 3555 1679 tenerum

1983 1708 2184 1772 adhuc,
2225 1719 2488 1778 tyrannus
2526 1710 2790 1772 retinens,
2833 1711 3141 1767 distrahere
3185 1729 3214 1768 a
3259 1726 3431 1769 matre
3465 1732 3559 1770 co-

1985 1795 2242 1858 nabatur,
2273 1798 2597 1852 deinulcens
2628 1799 2805 1864 illum,
2835 1810 2888 1854 et
2916 1803 3182 1871 quidquid
3214 1804 3280 1857 ad
3312 1807 3556 1859 animum

283 1893 379 1953 οἷά
399 1916 506 1966 περ
533 1900 762 1966 ἄμωμος
783 1898 969 1965 νύμφη
995 1897 1072 1966 τῷ
1098 1898 1353 1965 ἀθανάτῳ
1377 1897 1622 1966 συνήφθη
1645 1898 1879 1964 νυμφίῳ.

1989 1888 2386 1942 adolescentuli
2436 1889 2790 1943 alliciendum
2845 1892 3086 1959 faceret,
3139 1895 3426 1964 objiciens.
3481 1899 3557 1952 lbi

285 1993 368 2043 υύ
406 1990 514 2059 μὴν
543 1990 588 2041 δ’
610 1989 782 2050 οὕτως
811 1989 988 2058 ἠπίως
1017 1991 1163 2055 μάλα
1189 1990 1248 2041 τὸ
1280 1984 1424 2056 αἷμα
1452 1988 1674 2040 ἐκείνων
1705 2004 1877 2056 προσ·

284 2083 574 2151 ηκάμενος
602 2085 630 2133 ὁ
660 2082 770 2134 τῶν
830 2083 970 2134 ὅλων
1014 2082 1164 2144 Θεὸς,
1207 2083 1465 2150 ἠνέσχετο
1497 2082 1571 2149 μὴ
1608 2082 1699 2132 καὶ
1725 2081 1881 2147 δίκην

283 2176 452 2238 ἀξίαν
481 2175 672 2226 λαὸεῖν
691 2175 790 2242 τῆς
816 2175 1033 2226 ἀνοσίου
1054 2173 1528 2241 δραματουργίας.
1555 2173 1695 2224 Ἀλλ’
1725 2175 1753 2225 ὁ
1784 2173 1881 2242 μὲν

286 2266 560 2329 Δουναάν,
600 2265 701 2334 τὴν
731 2265 889 2317 πόλιν
944 2264 1102 2330 ἐλὼν,
1138 2265 1295 2317 ἔλαθε
1356 2267 1448 2317 καὶ
1483 2267 1634 2320 ἀκων
1667 2265 1883 2334 ἐκείνην

287 2358 680 2427 παραπέμψας
709 2359 777 2426 τῇ
821 2356 1078 2426 ἀθανάτῳ
1113 2357 1226 2427 ζωῇ
1252 2374 1263 2386 ·
1319 2357 1511 2408 ἑαυτὸν
1557 2357 1613 2408 δὲ
1661 2360 1751 2409 καὶ
1783 2359 1880 2424 τῆς

287 2451 644 2518 προσκαίρου
678 2450 800 2517 μετ’
827 2450 1090 2518 αἰσχύνης
1122 2449 1460 2514 ἀπαλλάξας,
1495 2451 1587 2502 καὶ
1616 2452 1727 2511 τοῖς
1751 2450 1884 2502 ἀθα-

287 2542 480 2600 νάτοις
520 2541 902 2609 κολαστηρίοις
934 2539 1313 2610 παραπέμψας
1345 2540 1564 2602 ἀθλίως.
1585 2540 1738 2592 Ἐπεὶ
1775 2544 1882 2612 γὰρ

301 2635 596 2695 ἰουστῖνος
620 2635 796 2688 ταῦτα
830 2637 1071 2700 πύθοιτο,
1105 2638 1203 2688 ὃσα
1236 2653 1295 2688 τε
1330 2638 1357 2688 δ
1401 2637 1701 2706 Ὀμηρίτης
1744 2639 1886 2689 κατά

289 2733 392 2796 τῆς
447 2728 661 2789 πόλεως
709 2729 1064 2797 ἑτεχνάσατο,
1124 2731 1221 2781 καὶ
1252 2731 1351 2781 ὅσα
1383 2729 1524 2781 κατὰ
1571 2730 1680 2781 τῶν
1711 2730 1886 2796 άγίων

291 2821 474 2890 ᾤχετο
507 2819 730 2888 δράσας,
758 2819 963 2890 σφόδρα
989 2821 1304 2890 χαλεπήνας
1323 2824 1432 2885 τοῖς
1453 2822 1880 2890 πεπραγμένοις,

293 2911 482 2980 θυμοῦ
515 2912 830 2980 πίμπλαται
856 2928 872 2944 ο
908 2916 998 2964 καὶ
1031 2913 1325 2965 Ἐλεσεαάν
1369 2913 1443 2981 τῷ
1471 2913 1578 2967 τῶν
1607 2914 1883 2966 Αἰθιόπων

292 3005 596 3076 ἡγουμένῳ
620 3005 687 3058 τὰ
709 3005 1051 3073 Χριστιανῶν
1086 3006 1232 3074 μάλα
1264 3004 1623 3075 πρεσϐεύοντι
1661 3007 1881 3074 γράφει,

293 3099 441 3166 πρὸς
474 3098 685 3150 ἔνδικον
716 3097 877 3164 ζῆλον
897 3097 1214 3167 διερεθίζων
1237 3097 1330 3150 τοῦ
1364 3099 1623 3166 ὲπιόρκου
1648 3098 1742 3148 καὶ
1760 3097 1882 3148 δυσ-

293 3190 522 3254 σεϐοῦς,
548 3189 624 3251 ὡς
661 3189 728 3240 ἂν
757 3189 946 3257 ἁπάσῃ
980 3189 1144 3258 τέχνῃ
1194 3191 1289 3241 καὶ
1323 3189 1628 3257 στρατηγίᾳ
1674 3186 1883 3284 βασ-ιλεί
1908 3223 1954 3284 C

289 3281 617 3351 πρεπούσῃ,
669 3280 904 3349 ἐκτρέψῃ
960 3282 1059 3347 μὲν
1121 3282 1352 3344 ἐκεῖνον,
1392 3280 1586 3345 ποινὴν
1635 3278 1688 3330 δὲ
1724 3275 1884 3340 ἀξίαν

290 3375 538 3444 λήψαιτο
562 3375 670 3425 τῶν
696 3371 935 3440 Χριστοῦ
964 3373 1322 3442 θρεμμάτων.
1372 3373 1427 3423 Ὀ
1459 3371 1513 3423 δὲ
1547 3373 1639 3423 καὶ
1672 3372 1887 3424 οίκοθεν

290 3469 483 3537 ὁρμῆς
522 3466 662 3535 ἔχων
698 3445 777 3534 τῷ
822 3464 912 3518 διά
940 3465 1178 3533 Χριστὸν
1211 3465 1396 3529 ἔρωτι,
1437 3466 1530 3516 καὶ
1567 3466 1890 3534 συμμαχίαν

291 3560 338 3610 δ’
372 3559 480 3610 οὐκ
512 3557 809 3627 ἐλαχίστην
839 3559 903 3608 ἐκ
945 3557 1214 3626 βασιλέως
1255 3555 1460 3618 λαὸὼν,
1505 3558 1613 3608 τῶν
1657 3557 1760 3608 ἀνὰ
1791 3557 1891 3624 τὴν

295 3652 419 3702 Ἕω
455 3651 551 3701 καὶ
592 3650 868 3715 Αἴγυπτον
901 3649 1313 3718 στρατιωτικῶν
1343 3648 1663 3716 ταγμάτων,
1700 3652 1791 3700 καὶ
1822 3650 1887 3717 τῇ

293 3744 579 3810 σταυρεκῇ
603 3740 878 3809 πανοπλίᾳ
907 3739 1290 3808 θωρακισθεὶς,
1316 3739 1494 3790 ἔπεισι
1517 3737 1595 3806 τῷ
1629 3739 1887 3805 Ἑϐραίῳ·

297 3837 398 3888 καὶ
428 3837 494 3901 δὴ
529 3833 625 3884 καὶ
660 3833 811 3900 πεξῴ
839 3834 928 3884 καὶ
962 3833 1117 3902 νηῗτῃ
1143 3831 1358 3900 στρατῷ
1379 3832 1700 3899 προσϐαλὼν
1741 3833 1890 3900 αὐτῷ

297 3924 603 3995 (παράλιον
668 3924 778 3991 γὰρ
843 3923 1035 3989 ἐκείνῳ
1088 3923 1150 3973 τὸ
1217 3922 1464 3974 πλεῖστον
1495 3921 1592 3990 τῆς
1645 3923 1891 3990 ὑπηκόου

299 4019 611 4084 ἐτύγχανεν
637 4013 720 4080 ὃν)
742 4052 756 4075 ,
791 4014 1055 4080 γενναίως
1081 4013 1225 4078 μάλα
1253 4014 1447 4080 ὲκείνῳ
1481 4014 1856 4081 συρρήγνυται
1875 4030 1888 4044 ·

297 4108 399 4158 καὶ
434 4105 733 4169 δυνασιείᾳ
766 4101 1044 4168 κρείττονι
1073 4102 1583 4170 καθυπερτερήσας.
1648 4102 1891 4170 ζωγρίαν

303 4196 411 4265 μὲν
438 4195 653 4245 ἐκεῖνον
688 4191 782 4242 καὶ
805 4189 1029 4250 πολλοὺς
1060 4189 1168 4241 τῶν
1187 4191 1327 4242 κατά
1342 4191 1498 4256 γένος
1521 4191 1568 4240 oi
1592 4191 1894 4259 προσηκόν-

296 4304 412 4339 των
448 4281 562 4336 εἷλε
585 4300 599 4313 ·
643 4282 735 4334 καὶ
772 4281 936 4350 ἔργον
997 4281 1278 4350 μαχαίρας
1310 4280 1557 4342 ἅπαντας
1586 4285 1895 4352 ποιησάμε-

299 4395 417 4440 νος,
456 4377 542 4427 ἔτι
571 4375 626 4426 δὲ
667 4376 764 4425 καὶ
804 4371 904 4436 τὰς
951 4374 1138 4434 πόλεις
1195 4375 1290 4423 καὶ
1319 4373 1417 4441 τὴν
1445 4374 1629 4443 χώραν
1672 4377 1890 4429 ἃπασαν

301 4471 619 4523 ἀνάστατον
649 4465 1027 4534 ἐργασάμενον
1059 4465 1153 4515 καὶ
1180 4464 1259 4524 είς
1301 4463 1452 4526 τέλος
1497 4466 1893 4537 πολιορκήσας.

1984 1996 2117 2034 vero
2160 1996 2296 2049 puer
2335 1989 2568 2034 matrem
2613 1984 2907 2051 aspiciens,
2951 1986 3130 2040 femur
3178 1992 3393 2058 tyranni
3441 2008 3560 2044 mo-

1984 2074 2190 2126 mordit
2235 2085 2294 2128 et
2339 2075 2405 2126 ad
2449 2076 2597 2128 illam
2643 2078 2948 2144 procurrit,
2980 2088 3144 2148 atque
3180 2082 3252 2135 ita
3292 2099 3396 2136 una
3432 2099 3558 2139 cum

1985 2175 2161 2218 matre
2208 2166 2540 2219 sacrificium
2597 2168 2923 2224 suaveolens
2979 2187 3076 2240 per
3130 2173 3436 2230 litationem
3489 2178 3558 2231 ad

1986 2257 2155 2311 Deum
2188 2267 2276 2312 est
2303 2259 2683 2314 transmissus.
2712 2263 2791 2315 Ac
2821 2264 3014 2318 civitas
3045 2267 3267 2334 quidem
3303 2271 3561 2325 universa

1984 2347 2050 2400 ad
2099 2348 2247 2401 hunc
2285 2349 2508 2403 modum
2545 2349 2694 2405 ferro
2728 2364 2783 2408 et
2831 2355 2939 2424 igni
2977 2358 3087 2412 Deo
3125 2370 3213 2414 est
3248 2363 3455 2425 oblata,
3506 2374 3562 2418 ct

1985 2441 2154 2495 veluti
2191 2443 2423 2510 pulchra
2464 2453 2518 2496 et
2561 2445 3069 2514 irreprehensibilis
3101 2466 3298 2519 sponsa
3337 2455 3565 2508 immor-

1989 2533 2083 2586 tali
2135 2535 2431 2603 conjuncta
2485 2535 2719 2603 Sponso.
2780 2539 2984 2593 Verum
3037 2545 3184 2596 enim
3246 2561 3376 2600 vero
3437 2564 3560 2602 cum

1991 2623 2374 2678 universitatis
2401 2625 2563 2694 hujus
2585 2627 2728 2681 Deus
2758 2628 2996 2686 libenter
3019 2633 3312 2688 admodum
3343 2641 3565 2706 sangui-

1989 2731 2112 2768 nem
2154 2718 2374 2770 illorum
2410 2719 2701 2793 reciperet,
2736 2737 2846 2776 non
2886 2731 3066 2778 tamen
3107 2730 3395 2794 sustinuit,
3428 2735 3564 2801 quin

1986 2807 2200 2861 debitas
2241 2817 2346 2861 tam
2403 2809 2580 2877 impite
2619 2819 2676 2864 et
2718 2811 2996 2881 flagitiosa:
3055 2821 3399 2876 crudelitatis
3453 2841 3567 2892 νω-

1986 2913 2083 2951 nas
2139 2908 2401 2953 sumeret.
2444 2900 2614 2954 Porro
2667 2903 2894 2958 Dunaan
2953 2907 3070 2975 ipse
3117 2910 3246 2976 (hoc
3294 2915 3440 2967 enim
3489 2927 3568 2986 ty-

1988 2989 2145 3042 ranni
2189 3005 2390 3045 nomen
2424 2994 2566 3062 erat)
2600 2995 2824 3050 civitate
2863 2999 2934 3051 ita
2964 3011 3148 3067 capta,
3180 3018 3288 3056 non
3320 3006 3567 3059 animad-

1987 3083 2174 3145 vertit,
2208 3100 2268 3138 se
2315 3086 2550 3139 invitum
2597 3097 2818 3156 quoque
2867 3091 3014 3145 illam
3058 3096 3124 3148 ad
3169 3099 3563 3166 sempiternam

1988 3175 2389 3242 transmittere,
2428 3179 2532 3232 sibi
2584 3181 2686 3248 ipsi
2732 3191 2916 3237 autem
2951 3199 3074 3238 cum
3111 3189 3319 3255 probro
3360 3201 3570 3261 tempo.

1990 3284 2214 3324 raneam
2261 3272 2408 3326 hanc
2454 3275 2699 3328 adimere
2750 3276 2944 3337 vitam,
2980 3281 3466 3353 miserandumque
3513 3289 3567 3341 in

1996 3361 2219 3416 modum
2265 3377 2324 3418 se
2371 3364 2438 3417 ad
2487 3375 2750 3434 perpetua
2798 3367 3039 3437 dejicere
3084 3375 3376 3442 supplicia.
3413 3379 3567 3432 Post-

1995 3466 2158 3520 quam
2189 3454 2337 3507 cnim
2369 3455 2619 3510 Justinus
2651 3473 2999 3529 quaecunque
3033 3463 3342 3522 llomerites
3373 3471 3570 3524 adver-

1997 3560 2090 3599 sus
2121 3546 2310 3600 urbem
2339 3563 2458 3601 eam
2493 3549 2877 3606 fraudulenter
2910 3554 3259 3616 institu.’sset.
3291 3569 3347 3613 et
3375 3571 3568 3616 contra

1997 3646 2220 3691 sanctos
2250 3639 2429 3692 faecre
2461 3643 2815 3707 perrexisset.
2855 3645 3144 3712 intellexit,
3172 3651 3244 3703 ob
3271 3650 3472 3706 factum
3516 3659 3568 3707 id

1997 3729 2350 3784 vehementer
2399 3743 2731 3798 commotus,
2764 3748 2817 3790 et
2865 3754 2944 3793 Ira
2983 3745 3227 3809 percitus
3259 3755 3365 3799 est.
3409 3748 3565 3819 741

1995 3821 2168 3873 Illicet
2204 3823 2269 3873 ad
2306 3822 2573 3877 Elesbaan
2622 3826 2944 3896 Etmopum
2987 3832 3184 3886 ducem
3219 3835 3569 3892 Christiano-

1999 3928 2118 3964 rum
2149 3929 2301 3967 sacra
2334 3918 2581 3983 apprime
2612 3921 2882 3974 colentem
2920 3923 3134 3986 scribit,
3164 3927 3231 3980 ad
3269 3930 3567 3998 legitimam

1997 4000 2149 4054 illum
2185 4004 2482 4058 vindictam
2527 4007 2596 4060 de
2643 4010 2866 4077 perjuro
2909 4013 3002 4066 illo
3051 4026 3106 4069 et
3150 4019 3317 4086 impio
3352 4024 3542 4074 amula

1997 4096 2148 4148 tione
2197 4107 2388 4150 sancta
2440 4103 2766 4154 sumendam
2811 4107 3099 4160 concitans
3135 4125 3148 4161 :
3190 4118 3250 4162 ut
3303 4127 3568 4181 apparatu

2000 4183 2126 4238 belli
2161 4187 2308 4238 omni
2341 4198 2398 4241 et
2426 4191 2782 4257 expeditione
2815 4195 3060 4261 militari,
3095 4214 3215 4267 quae
3249 4218 3430 4270 regem
3472 4207 3573 4258 de-

1994 4288 2179 4342 ceret,
2235 4279 2388 4333 illum
2441 4282 2661 4349 quidem
2713 4297 3060 4354 contereret,
3113 4307 3328 4359 pcenam
3383 4308 3566 4352 autent

2000 4370 2328 4439 condignam
2377 4387 2478 4440 pro
2509 4377 2666 4430 cassis
2699 4377 2904 4432 Christi
2946 4383 3146 4437 ovibus
3178 4387 3440 4454 exigeret.
3476 4390 3570 4444 Illc

2001 4475 2168 4529 porro
2213 4476 2310 4516 sua
2364 4479 2583 4534 quoque
2634 4478 2852 4536 sponte,
2891 4488 2987 4540 pro
3031 4491 3130 4527 suo
3183 4477 3236 4529 in
3285 4479 3569 4534 Christum

301 4561 468 4620 κλέος
499 4557 831 4624 ἀείμνηστον
887 4557 914 4607 ὁ
961 4554 1212 4624 ἀοίδιμος
1259 4556 1630 4623 ἐκληρώσατο.
1680 4559 1790 4610 Καὶ
1828 4559 1892 4629 δὴ

1999 4567 2188 4607 amore
2229 4554 2296 4607 ad
2346 4555 2396 4608 id
2460 4572 2805 4625 propensus,
2860 4564 3082 4618 auxiliis
3130 4568 3196 4620 ab
3241 4568 3572 4638 imperatore

299 4652 454 4705 οὕτω
492 4647 724 4700 συνιδὼν
759 4645 1048 4714 σύμμαχον
1071 4646 1325 4715 ἐσχηκὼς
1350 4646 1442 4698 τὸν
1471 4649 1581 4698 τῶν
1597 4648 1733 4701 ὅλων
1764 4647 1896 4700 Θεὸν

314 4740 631 4795 Ἐλεσϐαιν
686 4739 714 4789 ὁ
753 4737 1048 4806 μακάριος,
1078 4737 1153 4798 ὼς
1197 4738 1544 4808 πανωλεθρίᾳ
1589 4740 1897 4806 ὑπαγαγεῖν

304 4836 400 4888 τὸν
421 4833 504 4903 τῷ
533 4828 756 4898 σταυρῷ
786 4829 1312 4895 ἀπικαθιστάμενον
1352 4830 1622 4895 Ἰουδαῖον,
1665 4833 1898 4902 ’ἰσόρρο-

310 4941 418 4976 πον
487 4920 614 4989 μὲν,
667 4920 863 4987 ἔφησε.
903 4919 1275 4985 παμϐασιλεῦ,
1338 4919 1436 4970 οὐκ
1481 4919 1546 4971 ἂν
1596 4921 1777 4989 ἔχοιμί
1816 4939 1899 4974 σοι

304 5012 616 5068 ἀποδοῦναι
647 5011 743 5078 τῆς
779 5009 1044 5077 τοσαύτης
1070 5008 1236 5061 ἕνεκα
1274 5011 1590 5080 συμμαχίας
1613 5025 1626 5040 ·
1659 5012 1693 5082 ὴ
1720 5014 1777 5065 δέ
1811 5031 1901 5081 μοι

303 5109 579 5174 πρόσεστι
633 5101 902 5170 βασιλεία,
930 5101 989 5151 τὸ
1046 5101 1182 5152 πᾶσί
1214 5118 1277 5167 γε
1320 5102 1510 5155 δοκοῦν
1556 5103 1899 5174 ἀξιέραστον,

307 5201 410 5265 σὴν
474 5198 664 5266 χάριν,
702 5195 948 5262 σήμερον
979 5193 1333 5261 ἀποτίθεμαι.
1368 5214 1388 5246 ι
1436 5196 1546 5247 Καὶ
1575 5195 1691 5265 ἅμα
1716 5196 1793 5264 τῷ
1818 5197 1903 5249 λόο

307 5307 392 5357 γῳ
416 5287 521 5356 τὴν
547 5283 842 5350 ἁλουργίδα
861 5281 1033 5332 καὶτὸ
1063 5281 1302 5348 διάδημα
1332 5281 1691 5350 ἀποθέμενος,
1724 5300 1901 5351 προσ-

311 5381 400 5451 gs;
431 5377 512 5443 τῷ
542 5375 679 5442 ίερῷ
700 5391 714 5404 ·
745 5374 962 5433 καὶτὰς
993 5371 1185 5442 τρίχας
1217 5371 1505 5439 περιελὼν,
1559 5373 1740 5424 καὶτὸ
1773 5391 1906 5442 τρα-

309 5475 380 5542 χὺ
416 5470 530 5521 τῶν
567 5464 821 5534 μοναχῶν
850 5462 1141 5532 τριϐώνιον
1208 5463 1426 5526 ὑποδὺς,
1456 5465 1626 5533 στενῷ
1653 5480 1758 5519 τινι
1787 5468 1906 5518 κελ-

310 5568 414 5634 λίῳ
452 5562 757 5630 ἀπρόσιτον
803 5558 890 5609 διὰ
945 5557 1059 5625 βίου
1111 5558 1305 5608 ἑαυτὸν
1365 5559 1536 5610 ἐποίει
1577 5558 1904 5628 καθείρξας,

313 5660 466 5727 ἄρτῳ
507 5655 661 5723 μόνῳ
695 5649 787 5703 καί
823 5666 932 5701 τισι
965 5649 1219 5716 λαχάνοις
1248 5650 1327 5709 είς
1355 5651 1553 5700 σίτισιν
1600 5649 1905 5720 χρώμενος.

317 5751 565 5802 Κάκείσε
588 5743 756 5803 ὁσίως
787 5743 877 5792 τὸν
900 5741 1027 5809 τῇδε
1063 5740 1178 5807 βίον
1210 5739 1404 5801 λιπὼν,
1430 5744 1564 5810 πρὸς
1596 5742 1693 5812 τὴν
1718 5745 1910 5812 ἀγήρω

329 5842 422 5894 καὶ
455 5835 740 5908 μακαρίαν
772 5832 1060 5897 μετεϐαινε
1100 5831 1306 5900 βιοτήν.
1344 5831 1589 5886 ’Δλλ“ῐνα
1623 5835 1699 5905 μὴ
1734 5836 1912 5887 eam)-

661 5929 936 5988 ΡΑτιιυι.
971 5927 1090 5987 GR.
1135 5925 1412 5983 "XLVII.

2004 4658 2112 4696 non
2147 4646 2504 4712 pmnitendis,
2546 4663 2614 4702 ex
2665 4652 3001 4708 militaribus
3027 4672 3147 4722 qua:
3181 4659 3233 4710 in
3265 4659 3488 4716 Oriente
3519 4673 3576 4716 ct

2002 4731 2236 4802 Egypto
2270 4747 2429 4789 erant
2468 4739 2661 4806 c0piis,
2694 4744 2958 4810 acceptis,
2994 4756 3270 4800 armatura
3302 4751 3482 4804 crucis
3513 4769 3573 4804 se

2009 4825 2338 4880 instructum
2390 4831 2598 4894 munit,
2645 4841 2700 4886 et
2750 4834 3015 4890 adversus
3061 4838 3346 4894 Hebraeum
3399 4844 3572 4899 ducit.

2007 4916 2184 4983 Atque
2229 4929 2371 4971 terra
2422 4923 2671 4989 marique
2713 4939 2836 4976 cum
2871 4929 3113 4980 exercitu
3150 4932 3382 4996 hostem,
3417 4937 3574 5001 cujus

2008 5009 2143 5060 ditio
2191 5009 2423 5077 plurima
2471 5027 2536 5065 ex
2591 5024 2746 5081 parte
2803 5018 3076 5071 maritima
3132 5033 3273 5085 erat,
3324 5023 3572 5088 adortus,

2011 5100 2225 5152 fortiter
2256 5101 2548 5155 admodum
2576 5119 2700 5157 cum
2727 5120 2794 5159 eo
2826 5109 2979 5174 signa
3012 5110 3246 5174 confert,
3279 5123 3336 5168 et
3374 5117 3578 5169 virtute

2012 5193 2219 5262 majore
2264 5193 2318 5245 in
2367 5195 2555 5261 praelio
2603 5196 2782 5250 victor
2825 5199 3418 5277 evadit,_hostemque
3469 5223 3577 5260 una

2013 5300 2136 5338 cum
2163 5285 2348 5339 multis
2373 5287 2496 5340 aliis
2514 5303 2714 5356 genere
2738 5291 2842 5344 sibi
2868 5293 3177 5362 conjunctis
3202 5296 3385 5349 vivum
3410 5299 3578 5366 capit,

2012 5387 2066 5429 et
2097 5392 2289 5430 omnes
2330 5393 2427 5431 eos
2468 5380 2616 5433 ferro
2642 5383 2825 5435 caedit.
2857 5383 2920 5435 Et
2953 5395 3218 5452 praeterea
3246 5390 3431 5456 Oppidi
3460 5393 3581 5460 ejus

2017 5469 2239 5538 regione
2271 5469 2421 5522 omni
2452 5481 2778 5537 expugnata,
2814 5482 2980 5541 atque
3015 5491 3241 5542 prorsus
3278 5479 3579 5541 devastata.

2015 5561 2239 5628 gloriam
2273 5560 2374 5613 sibi
2419 5564 2675 5629 princeps
2714 5562 2950 5631 inclytus
2982 5568 3121 5633 parit
3163 5570 3578 5637 sempiternam.

2016 5653 2287 5706 Caeterum
2320 5668 2443 5707 cum
2474 5654 2664 5707 beatus
2698 5656 2786 5709 ille
2819 5658 3081 5711 Elesbaan
3116 5661 3282 5727 probe
3313 5661 3418 5715 sibi
3453 5677 3587 5715 eon-

2019 5746 2166 5798 scius
2212 5755 2377 5804 esset,
2413 5747 2537 5798 belli
2590 5762 2647 5801 se
2694 5750 2901 5801 socium
2950 5752 3440 5822 auxiliatoremque
3495 5755 3588 5805 ha-

2022 5838 2205 5891 buisse
2256 5853 2436 5891 rerum
2476 5839 2718 5893 omnium
2762 5841 2954 5903 Deum,
2997 5846 3156 5914 cujus
3201 5859 3303 5913 0pc
3345 5847 3589 5900 interne-

3148 5941 3184 5996 8
