4244 6438
679 423 782 486 947

1913 413 2332 476 NICEPHCRI
2373 413 2722 475 CALLISTI

3825 406 3928 472 248

682 538 775 600 sit,
806 535 1000 594 mortis
1029 534 1362 605 supplicium
1397 532 1656 592 minatus.
1683 532 1726 586 si
1755 530 1874 600 quis
1925 529 2249 584 feminrum
2284 533 2322 584 Λ
2356 553 2358 571 ι

2227 543 2249 579 rt
2284 533 2322 584 Λ
2356 528 2501 592 σθαι,
2527 529 2580 580 εί
2607 545 2690 590 τις
2741 528 2835 580 ἐπὶ
2885 525 2943 578 τὸ
2997 525 3105 579 τῶν
3165 497 3443 592 γυναικῶν
3481 521 3791 594 χαράκωμα
3832 527 3903 578 τοι

680 630 883 683 vallum
954 629 1232 698 ingressus
1283 635 1451 680 esset.
1494 622 1608 677 Sub
1647 623 1764 676 lure
1809 619 2254 689 exploratoribus

683 719 1071 790 Carthaginem
1103 718 1287 772 missis
1312 714 1614 779 mandavit,
1637 714 1725 769 ubi
1761 711 1987 766 Vandali
2021 713 2073 764 in
2097 724 2255 778 espe-

682 812 891 865 ditioue
931 810 1158 864 militari
1193 810 1245 862 in
1275 807 1536 877 templum
1555 804 1992 861 Christianorum
2025 799 2248 869 aliquod

683 916 784 968 per
814 899 1072 967 iniuriam
1106 897 1504 951 contumeliose
1555 894 1857 966 quidquam
1898 893 2164 953 facerent,
2196 899 2257 943 ut

682 988 782 1056 ipsi
809 988 1052 1056 quidem,
1084 1003 1146 1041 ea
1177 1002 1297 1056 qua:
1346 989 1560 1046 ﬁerent,
1595 992 1908 1053 spectarem
1931 1000 1944 1034 :
1970 989 2254 1049 postquam

683 1089 866 1132 autem
900 1078 1124 1133 Vandali
1149 1093 1214 1132 ex
1250 1095 1315 1132 eo
1352 1079 1472 1131 loco
1505 1077 1898 1136 decessissent,
1942 1073 2162 1126 diversa
2200 1079 2257 1125 et

683 1173 960 1225 contraria
1015 1171 1201 1224 omnia
1263 1171 1314 1223 in
1349 1170 1640 1224 delubrum
1698 1169 1774 1231 id,
1807 1165 1971 1236 750
2005 1165 2149 1218 unde
2179 1163 2256 1217 illi

683 1265 972 1324 abiisseut,
1001 1263 1265 1318 facerent.
1300 1261 1440 1316 Illud
1461 1263 1629 1316 etiam
1660 1275 1784 1313 eum
1817 1258 2023 1312 dixisse
2049 1258 2254 1320 ferunt,

686 1369 746 1408 se
773 1354 998 1422 quidem
1029 1354 1196 1408 Deum
1251 1367 1413 1420 quem
1473 1349 1767 1406 Christiani
1803 1348 2069 1410 colerent,
2103 1345 2258 1413 igno-

679 1460 842 1511 rare;
904 1456 1329 1500 consentaneum
1381 1458 1509 1496 vero
1548 1451 1602 1494 et
1632 1457 1729 1508 par
1763 1455 1910 1501 esse,
1962 1438 2258 1504 siquidem,

685 1535 834 1603 quod
865 1535 1164 1599 diceretur,
1193 1535 1349 1587 fortis
1377 1542 1683 1600 potensque
1705 1540 1868 1591 esset,
1896 1537 1956 1582 ut
1975 1543 2098 1581 cum
2125 1542 2259 1580 cou-

683 1637 982 1695 temptores
1007 1628 1251 1680 numinis
1304 1627 1388 1678 sui
1421 1624 1804 1685 ulcisceretur,
1862 1632 1977 1675 tum
2017 1621 2259 1673 culteres

684 1726 956 1772 tueretur.
983 1718 1169 1786 Itaque
1195 1717 1588 1785 speculatores,
1622 1724 1912 1784 postquam
1975 1710 2262 1780 Carthagi-

683 1825 810 1864 nem
852 1819 1138 1873 venerunt,
1173 1825 1269 1877 per
1293 1809 1464 1862 otium
1511 1807 1584 1860 ibi
1643 1807 1925 1874 quievere,
1995 1802 2263 1860 Vandale-

2358 621 2513 673 Μετὰ
2543 619 2598 671 δὲ
2636 618 2858 687 πέμψας
2912 621 2990 679 είς
3029 617 3354 687 Καρχηδόνα
3391 616 3772 678 κατασκόπους
3801 616 3931 667 έπέ-

2357 727 2519 762 ταττε
2547 710 2693 763 τάδε.
2727 709 2983 762 Ἐπειδὰν
3015 710 3061 760 οί
3092 707 3337 760 Βανδίλοι
3376 707 3468 758 ἐπὶ
3499 705 3602 775 τὴν
3638 707 3930 774 στρατείαν

2361 798 2669 869 βαδίζοντες
2700 798 2756 858 ἐς
2789 815 2912 850 τινα
2939 797 3075 850 νεὼν
3108 797 3405 866 ὑϐρίσωτιν
3434 796 3492 848 δν
3524 796 3570 847 οἱ
3605 793 3931 863 Χριστιανοὶ

2362 892 2631 955 σέϐονται,
2671 893 2869 950 αὐτοὺς
2917 891 3015 958 μὲν
3072 891 3277 958 έφορᾷν
3310 889 3378 941 τὰ
3411 889 3678 956 γινόμενα
3705 901 3718 915 ’
3747 885 3842 939 ἐὰν
3871 885 3928 937 δὲ

2359 988 2408 1038 οί
2444 985 2684 1038 Βανδίλοι
2722 985 2781 1036 τὸ
2810 983 3010 1052 χωρίον
3049 979 3351 1048 ἀμείψωσι,
3399 979 3577 1031 πάντα
3615 978 3792 1029 ποέῖν
3839 977 3932 1027 τᾶ-

2361 1079 2550 1129 ναντία
2583 1078 2662 1137 είς
2691 1076 2751 1128 τὸ
2787 1075 2953 1142 ἱερὸν,
2977 1073 3039 1135 ἐξ
3071 1071 3130 1124 οὗ
3161 1072 3205 1124 δ’
3249 1070 3316 1122 ἂν
3349 1071 3549 1123 ἐκεῖνοι
3611 1066 3932 1138 βαδίσαντες

2360 1171 2638 1239 οίχωνται.
2687 1170 2965 1220 Ἐπειπεῖν
2997 1165 3054 1218 δὲ
3090 1164 3256 1218 αὐτὸν
3282 1165 3379 1216 καὶ
3414 1161 3575 1216 τοῦτό
3619 1177 3786 1229 φασιν
3813 1198 3830 1223 ,
3857 1159 3934 1220 ώς

2360 1264 2550 1330 ἀγνοοῖ
2597 1262 2696 1329 μὲν
2736 1260 2831 1312 τὸν
2865 1257 2998 1310 Θεὸν
3049 1258 3108 1310 ὃν
3158 1255 3206 1307 oi
3261 1254 3585 1324 Χριστιανοὶ
3633 1251 3882 1304 σέϐονται
3914 1265 3931 1280 ·

2362 1355 2508 1416 είκὸς
2537 1355 2593 1406 δὲ
2621 1351 2784 1404 αὐτόν
2837 1368 3023 1422 φησιν,
3055 1349 3108 1402 εί
3135 1365 3242 1416 περ
3279 1346 3504 1416 ῖσχυρός
3537 1347 3710 1410 ἐστιν,
3743 1342 3818 1404 ὡς
3847 1341 3935 1393 λέ-

2361 1465 2540 1516 γεται,
2569 1446 2828 1498 τίσασθαι
2863 1447 2959 1510 μὲν
2979 1442 3106 1503 τοὺς
3130 1439 3479 1507 ὑϐρίζοντας,
3503 1432 3710 1506 ἀμῦναι
3730 1435 3786 1488 δὲ
3817 1435 3934 1497 τοῖς

2363 1536 2780 1606 θεραπεύουσιν.
2819 1537 2880 1589 Οἱ
2922 1533 3023 1603 μὶν
3057 1532 3152 1586 οὖν
3207 1532 3543 1585 κατάσκοποι
3595 1530 3651 1589 ἐς
3709 1528 3936 1595 Καρχη-

2361 1631 2484 1683 δόνα
2513 1630 2760 1690 ἐλθόντες
2807 1627 3125 1697 έσχόλαζον,
3151 1625 3253 1693 τὴν
3285 1620 3645 1693 παρασκευὴν
3668 1618 3775 1671 τῶν
3797 1618 3935 1669 Bav-

2361 1721 2520 1774 δίλων
2555 1719 2845 1787 θεώμενοι.
2886 1719 3104 1786 Ἐπειδὴ
3133 1716 3190 1768 δὲ
3217 1715 3277 1766 τδ
3309 1712 3627 1783 στράτευμα
3664 1709 3763 1779 τὴν
3805 1706 3936 1775 Τρί-

2364 1815 2520 1866 πολιν
2553 1813 2743 1884 ᾕεσαν,
2773 1812 3034 1880 σχήματα
3079 1805 3542 1879 περιϐεϐλημένοι
3587 1800 3822 1856 ταπεινὰ
3854 1799 3936 1852 εἴ·

687 1919 808 1955 rum
829 1913 1148 1972 apparatum
1182 1902 1312 1956 belli
1339 1911 1673 1971 spectantes.
1705 1900 1809 1955 Ubi
1832 1914 1962 1952 vero
1983 1898 2263 1951 exercitus
2298 1904 2337 1958 Β

2298 1904 2337 1958 Β
2365 1920 2549 1957 ποντο.
2575 1903 2637 1954 Oi
2658 1901 2717 1953 δὲ
2746 1898 2992 1952 Βανδίλοι
3018 1897 3093 1959 ώς
3125 1896 3309 1965 ἡμέρᾳ
3331 1896 3397 1963 τῇ
3419 1891 3612 1961 πρώτῃ
3639 1887 3940 1959 ηὐλίσαντο

686 2010 880 2048 eorum
913 1994 1180 2064 Tripolim
1206 2009 1400 2048 versus
1425 2000 1556 2057 iret,
1586 1993 1765 2045 viliori
1797 1991 1988 2044 habitu
2016 1997 2256 2056 sumpto,

689 2086 972 2140 subsecuti
1011 2097 1160 2141 sunt.
1197 2087 1368 2138 l'orro
1403 2085 1629 2140 Vandali
1661 2083 1747 2137 die
1785 2082 1962 2153 primo
1985 2083 2038 2135 in
2073 2079 2263 2136 Chris-

684 2181 960 2234 tianorum
1015 2180 1228 2248 templis
1293 2187 1653 2239 manserunt,
1699 2185 1755 2229 ct
1815 2174 2053 2228 inductis
2109 2174 2163 2227 in
2197 2188 2260 2227 ea

681 2273 912 2339 equiset
936 2272 1201 2341 iumentis
1221 2271 1365 2334 aliis,
1392 2269 1528 2322 nihil
1558 2269 1626 2322 de
1669 2269 1870 2338 injuria
1896 2267 2262 2320 contumelia-

683 2381 792 2435 que
851 2367 1033 2434 aliqua
1091 2365 1283 2434 reliqui
1319 2363 1617 2433 quidquam
1678 2364 1877 2416 fecere.
1915 2361 1980 2415 Et
2039 2360 2260 2414 lascivia

685 2460 1023 2528 libidineque
1043 2474 1140 2512 sua
1163 2457 1269 2520 usi,
1299 2457 1686 2511 Sacerdotibus
1702 2470 1844 2525 quos
1870 2457 2258 2523 arripuissent,

683 2550 940 2616 colaphOs
973 2550 1337 2618 impegerunt,
1373 2556 1427 2600 et
1457 2547 1631 2617 plagis
1662 2546 1849 2600 multis
1869 2547 1922 2600 in
1955 2557 2106 2615 tergo
2131 2545 2263 2600 all‘e-

683 2653 897 2705 eerunt,
923 2642 1343 2708 subservireque
1374 2653 1469 2692 eos
1487 2639 1590 2694 sibi
1625 2649 1941 2705 coegerunt.
1963 2635 2262 2704 Postquam

685 2750 816 2789 vero
837 2735 1125 2789 celerrime
1163 2735 1290 2789 inde
1327 2735 1722 2791 discesserunt,
1758 2731 2030 2784 Cabaouis
2069 2729 2262 2797 expldo

686 2835 919 2888 ratores,
945 2841 1067 2895 qua:
1094 2827 1232 2895 ipsis
1263 2826 1517 2878 mandata
1555 2833 1732 2886 erant,
1783 2821 1984 2876 fecere.
2038 2818 2262 2887 Templa

687 2935 922 2988 namque
992 2918 1282 2973 confestim
1355 2924 1745 2987 repurgat-unt,
1801 2923 1857 2967 et
1890 2909 2264 2982 purgamentis

685 3015 921 3081 aliisque
951 3014 1139 3076 rebus,
1160 3027 1283 3080 qua:
1317 3011 1391 3063 ibi
1431 3011 1612 3062 minus
1639 3016 1826 3060 sancte
1865 3007 2060 3074 positae
2081 3011 2259 3063 erant,

689 3121 814 3159 eum
851 3120 985 3159 cura
1026 3113 1080 3158 et
1123 3103 1405 3172 diligentia
1458 3101 1672 3168 ejectis,
1728 3102 1830 3152 rite
1865 3099 2048 3150 omnia
2081 3095 2266 3163 dispo-

2362 2000 2418 2059 ές
2446 1997 2572 2057 τοὺς
2603 1992 2740 2055 νεὼς
2773 1991 2884 2046 τῶν
2914 1986 3281 2059 Χριστιανῶν,
3308 1985 3438 2047 τούς
3465 2001 3525 2037 τε
3553 1983 3754 2042 ἵππους
3784 1978 3853 2032 τά
3875 1993 3936 2029 τε

2363 2089 2497 2143 ἄλλα
2533 2085 2646 2150 ζῶα
2700 2083 3092 2151 ἐσαγαγόντες,
3137 2077 3353 2149 ὕϐρεώς
3383 2095 3442 2131 τε
3491 2073 3754 2144 οὐδεμιᾶς
3801 2072 3938 2125 άπε-

2365 2183 2638 2245 λείποντο,
2657 2181 2752 2232 καὶ
2773 2178 2928 2231 αὐτοὶ
2949 2175 3218 2245 ἀκολασίᾳ
3247 2175 3314 2243 τῇ
3343 2171 3585 2240 σφετέρα
3610 2168 3934 2238 ιχρήσαντο.

2364 2273 2502 2336 Τούς
2533 2291 2589 2325 τε
2623 2273 2790 2341 ίερεῖς
2823 2269 2917 2331 οὓς
2947 2269 3190 2331 λάϐοιεν,
3222 2263 3527 2334 έρράπιζὸν
3556 2279 3640 2325 τε,
3685 2259 3784 2313 καὶ
3824 2256 3941 2322 ξαί-

2365 2383 2546 2427 νοντες
2607 2364 2748 2417 κατὰ
2800 2362 2896 2414 τοῦ
2949 2359 3124 2414 νώτου
3154 2359 3380 2420 πολλὰς,
3415 2355 3713 2423 ὑπηρετεῖν
3747 2351 3938 2419 σφίσιν

2364 2455 2697 2526 ἠνάγκαζον.
2742 2451 2965 2519 Ἐπειδὴ
2998 2452 3055 2502 δέ
3087 2449 3320 2518 τάχιστα
3356 2445 3565 2499 ένθὲνδε
3615 2441 3942 2512 ἀπηλλάγη-

2366 2568 2488 2613 σαν,
2516 2548 2733 2600 ἐποίουν
2776 2545 2824 2596 οἱ
2854 2542 2946 2596 τοῦ
2980 2539 3286 2594 Καϐαώνου
3320 2536 3682 2597 κατάσκοποι,
3710 2532 3811 2585 ὅσα
3843 2529 3944 2581 αὑ-

2363 2641 2472 2699 τοῖς
2501 2636 2854 2689 ἐπετέτακτο.
2879 2631 2964 2685 Τά
3009 2646 3070 2682 τε
3105 2631 3210 2698 γὰρ
3244 2629 3365 2696 ἱερα
3397 2623 3671 2694 καθῄρουν
3702 2621 3900 2674 αὐτίκα
3924 2634 3940 2652 ·

2365 2734 2464 2798 τήν
2501 2745 2560 2780 τε
2593 2728 2800 2795 κόπρον
2844 2725 2942 2777 καὶ
2969 2723 3024 2775 εῐ
3052 2739 3105 2773 τι
3153 2719 3286 2774 ἄλλο
3323 2719 3421 2787 οὐχ
3469 2717 3633 2778 ὁσίως
3688 2712 3943 2765 έπέκειτο

2368 2821 2466 2873 σὺν
2495 2817 2786 2888 ἐπιμελείᾳ
2831 2815 3186 2884 ἀφελόμενοι,
3216 2811 3401 2873 καλῶς
3429 2809 3724 2862 διετίθεντο
3743 2821 3760 2838 ⁸
3786 2803 3856 2857 τά
3881 2819 3943 2856 τε

2365 2913 2537 2982 λύχνα
2565 2910 2754 2964 ἔκαιον
2777 2910 3018 2970 ᾶπαντα,
3043 2905 3285 2967 καὶτοὺς
3307 2905 3490 2974 ἱερέας
3511 2901 3650 2953 αίδοῖ
3677 2900 3742 2969 τῇ
3772 2894 3944 2964 πολλῇ

2367 3004 2813 3075 προσεκύνησαν,
2843 2999 2940 3052 καὶ
2963 3002 3031 3070 τῇ
3052 2997 3188 3068 άλλη
3207 2993 3580 3065 φιλοφροσύνῃ
3602 2989 3943 3060 ἠσπάσαντο·

2367 3096 2610 3166 ἀργύριά
2637 3112 2698 3146 τε
2747 3095 2864 3156 τοῖς
2912 3092 3152 3160 πτωχοῖς
3201 3089 3407 3148 δόντες,
3437 3085 3488 3138 οῖ
3521 3086 3666 3155 ἀμφὶ
3698 3083 3769 3135 τὰ
3817 3081 3943 3150 ἱερὰ

688 3214 872 3262 suere,
907 3199 1162 3252 lucernas
1179 3213 1375 3250 omnes
1405 3194 1721 3256 incendere,
1755 3191 2070 3246 sacerdotes
2099 3202 2268 3242 vene-
2293 3233 2337 3290 ϐ

2293 3233 2337 3290 c
2369 3192 2543 3245 ταῦτα
2573 3189 2867 3255 ἐκάθηντο.
2890 3184 3053 3240 Οὕτω
3075 3183 3131 3238 δὲ
3159 3185 3228 3252 τῇ
3256 3180 3547 3249 Βανδήλων
3594 3175 3825 3246 στρατιᾷ
3868 3175 3946 3227 εῖ-

688 3291 900 3342 ratione
955 3288 1162 3358 ingenti
1205 3289 1544 3350 coluere,et
1599 3282 1940 3337 humanitate
1984 3281 2091 3333 alia
2117 3277 2265 3332 omni

689 3385 966 3450 prosecuti
1032 3392 1183 3434 sunt.
1237 3381 1540 3449 Argentum
1599 3391 1822 3445 quoque
1853 3371 2263 3446 mendicis,qui

689 3478 894 3530 circum
945 3489 1128 3528 sacras
1177 3473 1323 3527 aedes
1383 3467 1766 3529 considebant,
1795 3466 2090 3520 dederunt.
2156 3465 2272 3517 Hoc

691 3579 849 3638 pacto
883 3567 957 3620 illi
992 3566 1361 3621 Vaudalorum
1389 3565 1575 3630 copias
1609 3568 1737 3614 sunt
1780 3558 1977 3613 secuei.
2011 3559 2071 3608 Et
2096 3555 2162 3608 ab
2203 3571 2270 3607 eo

693 3677 940 3731 tempore
965 3662 1018 3714 iu
1045 3659 1385 3729 profectione
1421 3666 1476 3710 et
1510 3655 1708 3706 itinere
1773 3661 1885 3705 toto
1926 3649 2149 3703 Vandali
2203 3647 2268 3699 ad

694 3760 838 3808 hunc
889 3756 1066 3821 ipsum
1104 3751 1324 3804 modum
1378 3756 1691 3816 peccaruut.
1727 3744 2108 3812 Speculatores
2147 3755 2273 3793 vero

695 3856 981 3914 peccatum
1003 3858 1196 3898 eorum
1220 3848 1604 3894 correxerunt.
1656 3825 1916 3891 Sede'nim
1980 3833 2275 3887 cusuVan-

695 3941 804 3993 dali
838 3940 949 4008 jam
980 3953 1089 3990 non
1112 3936 1274 4002 longe
1303 3933 1370 3986 ab
1404 3947 1472 3986 eo
1500 3945 1663 4000 quem
1694 3929 1953 3997 petebant
1979 3928 2097 3979 loco
2121 3925 2275 3979 abes-

694 4041 837 4096 sent,
866 4038 1252 4100 praeverteutes
1280 4040 1374 4079 eos
1391 4023 1791 4091 exploratores,
1821 4019 2061 4074 Cabaoni
2088 4018 2273 4072 omnia

693 4140 758 4176 ea
801 4138 923 4192 qua:
957 4130 1010 4175 et
1037 4118 1262 4174 Vandali
1300 4127 1355 4170 et
1386 4115 1487 4184 ipsi
1548 4114 1599 4167 in
1636 4113 2076 4168 Christianorum
2139 4119 2275 4164 tem-

697 4214 805 4282 plis
860 4208 1493 4275 fovissent,retulerunt,
1535 4216 1703 4274 atque
1739 4205 2057 4270 hostesjam
2098 4217 2273 4273 prope

695 4307 887 4359 adesse
956 4302 1361 4356 renuntiarunt.
1417 4299 1627 4366 Quibus
1662 4298 1752 4352 ille
1787 4296 1953 4351 rebus
2015 4296 2270 4363 cognitis,

701 4413 876 4468 pugna
930 4410 1056 4450 eum
1112 4394 1221 4447 illis
1266 4402 1350 4445 est
1390 4403 1740 4460 «ortgressus.
1793 4386 1937 4440 luco
1967 4384 2271 4438 eertamine

702 4490 852 4543 multi
885 4485 1301 4549 Vandali,sieut
1348 4485 1462 4551 ipse
1517 4481 1718 4551 inquit,
1774 4479 2046 4533 interfecti
2095 4487 2271 4540 sunt,

2375 3299 2535 3334 ποντο
2561 3295 2574 3309 ⁸
2613 3281 2709 3331 καὶ
2741 3276 2849 3329 ἀπὸ
2895 3275 3088 3328 τούτου
3139 3271 3282 3325 κατὰ
3339 3273 3440 3337 τὴν
3473 3269 3593 3320 ὁδὸν
3648 3267 3946 3336 σύμπασαν

2373 3377 2422 3427 οἱ
2474 3370 2722 3423 Βανδίλοι
2777 3368 2918 3422 κατά
2972 3365 3148 3419 ταῦτα
3204 3364 3545 3433 ἡμάρτανον,
3573 3362 3668 3414 καὶ
3700 3359 3753 3412 οἱ
3782 3356 3952 3412 κατά-

2376 3481 2568 3517 σκοποι
2598 3461 2954 3530 ἐθεράπευον.
2991 3457 3212 3526 Ἐπειδὴ
3242 3456 3299 3508 δὶ
3328 3452 3504 3524 ἀγχοῦ
3537 3451 3762 3505 ἔσεσθαι
3786 3449 3954 3520 ἱμαλ-

2375 3559 2486 3619 λον,
2513 3553 2965 3624 προτερήσαντες
2990 3550 3041 3624 οἱ
3073 3549 3440 3612 κατάσκοποι,
3492 3544 3823 3612 ἀγγέλλουσι
3869 3539 3952 3610 τῷ

2378 3646 2654 3717 Καϐαώνη
2703 3647 2804 3697 ὅσα
2838 3641 3119 3702 Βανδίλοις
3147 3656 3208 3692 τε
3248 3639 3346 3692 καὶ
3379 3637 3565 3706 σφίσιν
3601 3637 3657 3698 ις
3692 3635 3766 3688 τὰ
3813 3635 3953 3703 Χρι-

2377 3735 2610 3788 στιανῶν
2643 3733 2763 3802 ιερὰ
2795 3731 3076 3800 εἴργαστο,
3127 3727 3223 3781 καὶ
3269 3727 3439 3794 έγγύς
3484 3743 3588 3779 που
3619 3725 3671 3777 οι
3699 3724 3952 3794 πολέμιοι

2379 3829 2489 3883 εἷεν
2514 3844 2527 3858 ·
2559 3829 2587 3880 ὀ
2619 3826 2677 3879 δὲ
2703 3825 2966 3886 ἀκούσας,
3001 3823 3058 3883 ὲς
3086 3821 3188 3890 τὴν
3213 3819 3489 3891 ξυμϐολὴν
3520 3819 3840 3875 καθίστατο.
3886 3818 3954 3870 Ol

2379 3924 2478 3992 μὲν
2528 3915 2623 3973 οὖν
2673 3917 2883 3979 πολλοὶ,
2918 3915 2991 3976 ὦς
3037 3931 3193 3984 φησι,
3239 3912 3511 3964 Βανδίλων
3541 3910 3952 3980 διεφθάρησαν

2377 4015 2485 4067 εἰσὶ
2517 4013 2572 4066 δὲ
2601 4010 2651 4063 οἳ
2681 4011 2774 4064 καὶ
2817 4007 2921 4061 ὑπὸ
2952 4009 3066 4070 τοῖς
3109 4007 3391 4074 πολεμίοις
3431 4006 3693 4071 ’ἐγένοντο
3721 4019 3740 4036 ⁸
3774 4001 3954 4068 ὀλίγοι

2377 4123 2435 4156 τε
2462 4103 2660 4171 κομιδῇ
2697 4102 2761 4152 ἐκ
2796 4097 2890 4150 τοῦ
2926 4096 3159 4168 στρατοῦ
3211 4095 3405 4148 τούτου
3440 4095 3528 4147 ἔπ’
3569 4095 3721 4147 οἴκου
3754 4094 3959 4146 ἀπεκο-

2380 4196 2678 4268 μίσθησαν.
2704 4191 2890 4244 Ταῦτα
2922 4189 3024 4260 μὲν
3051 4186 3468 4259 Τρασαμοὺνδῳ
3497 4187 3690 4239 παθεῖν
3719 4185 3797 4252 τῷ
3817 4183 3960 4238 Βαν-

2376 4289 2504 4357 δίλῳ
2534 4286 2637 4337 om
2669 4281 3026 4350 Μαυρουσίων
3061 4280 3277 4347 ἐγένετο
3295 4293 3310 4307 ⁸
3342 4278 3403 4329 οὐ
3438 4275 3618 4346 πολλῷ
3637 4275 3696 4329 δὲ
3723 4274 3955 4346 ὕστερον

2378 4379 2634 4433 ἐτελεύτα
2668 4377 2762 4429 τὸν
2794 4376 2933 4444 βίον,
2978 4372 3122 4426 ἑπτὰ
3179 4371 3274 4424 καὶ
3306 4371 3516 4423 εἴκοσιν
3546 4371 3818 4431 ἐνιαυτοῖς
3854 4367 3956 4421 τοῦ

2379 4470 2651 4524 Βανδίλων
2674 4468 2861 4529 ἔθνους
2891 4464 3296 4536 ἡγεμονεύσας.
3329 4463 3443 4532 Πρὸ
3463 4463 3522 4515 δὲ
3550 4464 3768 4526 τούτου,
3789 4459 3960 4514 Γούν-

700 4581 858 4636 multi
892 4581 961 4634 ab
1016 4577 1270 4631 hostibus
1300 4575 1467 4643 capti,
1498 4575 1653 4642 pauci
1688 4587 1816 4625 sane
1845 4587 1908 4623 ex
1930 4585 1995 4623 eo
2021 4569 2271 4624 exercitu
2305 4565 2355 4626 D

2305 4565 2355 4626 D
2379 4561 2550 4631 δαμος
2593 4557 2892 4628 Ὀνωρίχου
2947 4557 3097 4617 παῖς,
3135 4553 3362 4622 ἔκγονος
3395 4553 3454 4606 δι
3491 4553 3781 4624 Γιζερίχου
3806 4567 3821 4583 ο
3875 4545 3952 4603 ὧν

701 4674 925 4726 domum
954 4669 1160 4725 reversi
1178 4677 1323 4722 sunt.
1355 4666 1477 4720 llaec
1495 4663 1874 4719 Trasamundo
1905 4661 1982 4732 (l)
2029 4659 2272 4716 Vandalo

701 4763 1047 4821 aMaurusiis
1070 4760 1424 4816 acciderunt:
1461 4759 1554 4829 qui
1591 4772 1700 4810 non
1720 4756 1892 4808 multo
1925 4762 2048 4822 post
2099 4752 2264 4804 vitam

701 4858 862 4919 (iniit,
881 4870 1005 4908 cum
1025 4853 1214 4921 viginti
1237 4861 1293 4906 et
1314 4861 1523 4919 septem
1545 4850 1706 4903 annis
1728 4845 2096 4902 Vandalorum
2121 4842 2272 4913 genti

653 5006 657 5010 ν
703 4931 1012 5016 praefuisset
1059 4961 1072 4996 :
1116 4953 1242 4997 ante
1293 4943 1437 4994 hunc
1487 4951 1667 4993 autem
1699 4936 2018 4991 Gundamus
2063 4933 2140 5000 (‘2)
2172 4931 2277 4984 llo-

703 5035 917 5092 noricbi
953 5036 1122 5100 tilius,
1143 5030 1470 5088 Genzerielti
1497 5043 1680 5083 autem
1710 5041 1901 5096 nepos,
1942 5023 2264 5083 duodecim,

708 5129 1053 5183 llonoricbus
1081 5141 1210 5180 vero
1230 5137 1351 5179 octo
1377 5137 1551 5177 annos
1584 5135 1809 5190 regnum
1843 5113 2272 5172 administravit.

707 5221 863 5291 751
889 5218 1302 5275 Trasamuudus
1351 5217 1428 5285 (5)
1479 5218 1580 5268 iste
1617 5213 1816 5268 eximia
1850 5211 2045 5274 forma,
2074 5208 2274 5264 animi-

707 5328 814 5384 que
844 5312 1023 5384 magni
1043 5312 1146 5376 vir,
1170 5311 1235 5364 ad
1256 5307 1705 5362 Tlteudcrlchum
1725 5305 2057 5360 Gollhoruut
2086 5316 2271 5370 regem

783 5452 860 5521 (Ι)
883 5446 1302 5521 Trasamundus
1332 5443 1609 5521 Vandalus
1631 5442 2067 5521 orthodoaoryn
2093 5437 2284 5521 .lio'stis

710 5508 1034 5582 acerrimus,
1074 5518 1130 5572 in
1181 5515 1364 5574 Africa
1402 5514 1509 5566 220
1560 5512 1847 5582 episcopos
1894 5513 1947 5564 in
1972 5508 2280 5582 Sardiniain

712 5592 996 5659 relegavit,
1023 5578 1224 5659 quibus
1276 5578 1851 5659 Symrnaelnisﬂom.
1886 5580 2116 5659 antistes
2136 5578 2281 5631 elee-

713 5649 993 5730 mosSmani
1018 5649 1411 5730 quotidianam
1447 5652 1703 5730 submisit
1725 5649 2001 5722 (Diaeon.)

788 5716 1218 5799 (‘2')Gaudamutn
1254 5725 1346 5777 alii
1371 5716 1797 5791 Gandabyndum
1825 5716 2041 5783 vocant,
2085 5716 2281 5772 erude-

716 5797 853 5854 lem'
891 5797 1300 5852 Catholicorunt
1361 5802 1796 5862 persecutorem.

791 5872 866 5933 βό)
903 5865 1313 5922 'l‘rasaniundus
1333 5861 1656 5917 decessurus
1690 5861 2090 5926 llildericltum,
2118 5873 2280 5924 quem

2379 4657 2408 4707 δ
2439 4652 2542 4710 μὶν
2574 4650 2783 4704 δώδεκα
2812 4647 2932 4718 ετη.
2960 4647 3106 4700 ὀκτὼ
3131 4646 3190 4700 δὲ
3223 4646 3517 4717 Ὀνώριχος
3543 4640 3706 4716 ἦρξε*
3729 4645 3962 4715 Τρασα-

2386 4744 2612 4814 μοῦνδος
2641 4743 2700 4796 δὲ
2746 4742 2888 4812 ἀνὴρ
2939 4739 3114 4802 εῖδους
3146 4735 3204 4792 εὖ
3235 4737 3380 4809 ἔχων
3429 4740 3523 4791 καὶ
3548 4737 3958 4808 μεγαλόψυχος,

2383 4837 2520 4908 πρὸς
2547 4834 2870 4905 Θευδέριχον
2899 4835 3115 4903 ἔπεμπε
3143 4831 3372 4902 βασιλέα
3391 4833 3502 4888 τῶν
3523 4830 3760 4896 Γότθων,
3781 4828 3961 4898 Ἀμα-

2384 4927 2687 4982 λασούνθαν
2716 4926 2958 4996 ἀδελφὴν
2986 4925 3152 4978 αὑτοῦ
3186 4926 3323 4993 πρὸς
3352 4925 3533 4994 γάμον
3554 4923 3762 4976 λαϐεῖν.
3806 4921 3871 4975 ’0
3899 4920 3962 4972 δὶ

2382 5021 2566 5076 δίδωσι
2597 5021 2690 5073 καλ⁵
2717 5018 2922 5088 χιλίους
2980 5016 3198 5070 Γότθων
3229 5016 3604 5077 ὑπασπιστὰς,
3641 5014 3738 5067 καὶ
3763 5014 3961 5081 ἑτέρας

2388 5112 2549 5165 πέντε
2576 5109 2820 5180 χιλιάδας
2868 5106 3185 5176 δορυφόρων
3218 5106 3373 5171 τάξιν
3405 5103 3774 5174 πληροῦντας.
3815 5098 3962 5153 Τού-

2385 5220 2479 5256 του
2514 5201 2573 5255 δὲ
2601 5197 3049 5266 τελευτήσαντος,
3104 5195 3394 5266 ἰλδέριχος
3433 5195 3462 5246 δ
3496 5193 3796 5263 Ὀνωρίχου
3857 5191 3958 5244 τοῦ

2387 5295 2673 5364 Γιζερίχου
2726 5292 2938 5354 παιδὸς,
2997 5288 3401 5352 ἐϐασίλευσεν,
3454 5287 3593 5356 ἀνὴρ
3642 5287 3818 5355 πρᾶος
3861 5284 3962 5336 καὶ

2390 5433 2481 5486 alii
2514 5428 2926 5484 Cltilderichum
2967 5423 3266 5492 appellant,
3333 5418 3966 5492 sacramentojurisju-

2384 5501 2539 5555 randi
2571 5500 2885 5558 obstrinxit,
2966 5490 3372 5546 ne'Catholicis
3405 5505 3647 5558 unquam
3700 5490 3912 5543 faveret
3939 5505 3956 5542 :

2395 5587 2518 5624 llum
2549 5581 2878 5638 propensum
2911 5578 3052 5638 eum
3069 5561 3136 5615 ad
3173 5563 3294 5614 illos
3322 5561 3772 5638 complectendos
3836 5572 3965 5612 esse

2394 5629 2879 5694 animadverterat.
2939 5634 3008 5684 At
3040 5632 3154 5699 ipse
3193 5645 3360 5698 regno
3387 5631 3616 5698 potitus,
3673 5629 3968 5699 episcopos

2393 5710 2729 5762 ortltodoxos
2765 5705 2832 5757 ab
2888 5697 3082 5756 exsilio
3121 5701 3425 5759 revocavit,
3478 5700 3668 5767 eisque
3697 5697 3968 5767 eccleanas

2396 5779 2772 5831 rul'ormandas
2806 5771 3180 5827 demandavit.
3210 5770 3342 5834 Quae
3376 5783 3464 5824 res
3487 5768 3541 5824 ei
3565 5764 3710 5838 apud
3746 5764 3963 5821 Vanda-

2395 5851 2473 5904 lus
2501 5849 2729 5901 Arianos
2766 5844 2945 5898 lraudi
2970 5841 3094 5895 iuit.
3117 5841 3315 5912 (Diac.)
