4244 6438
738 419 848 483 255

1941 387 2358 485 Nicermut
2409 429 2763 489 CALLISTI

3877 438 3983 502 256

740 532 1071 585 Gotthorum
1103 531 1346 585 redierit.
1368 532 1596 598 Deinde,
1629 541 1691 586 ut.
1719 532 2016 588 Belisarius
2060 536 2305 589 secundo
2337 542 2380 597 Α
2410 557 2416 568 ·

2337 542 2380 597 Α
2410 538 2559 602 τιλας
2610 539 2709 608 τὴν
2743 539 2841 607 τῆς
2899 539 3119 609 Ῥώμης
3165 539 3341 610 ἀρχὴν
3399 543 3721 612 περιέθετοο
3765 549 3860 602 καὶ
3908 551 3986 614 ὡς

743 622 796 672 in
854 621 1059 673 Italiam
1117 622 1418 688 profectus,
1457 623 1680 677 Romam
1717 641 1935 680 rursum
1993 629 2308 695 receperit:

741 718 906 778 atque
942 711 1087 769 inde.
1119 712 1338 766 Persico
1368 715 1507 766 bello
1541 714 1593 767 in
1617 714 1844 768 Oriente
1876 727 2021 782 orto,
2051 718 2117 771 ab
2141 719 2314 787 impe-

742 811 922 855 ratore
978 813 1266 857 revocatus
1316 807 1405 859 sit.
1466 803 1733 861 Recenset
1780 824 2027 876 quoque,
2070 810 2312 879 Ahasgos

744 905 857 946 tum
906 894 1385 950 Christianismum
1439 900 1755 965 complexos
1804 917 1953 964 esse,
2013 917 2187 971 seque.
2244 903 2310 956 ad

744 988 1126 1041 humaniorem
1155 990 1370 1042 vivendi
1401 1006 1608 1044 morem
1639 994 2039 1060 composuisse.
2100 996 2167 1048 Et
2217 996 2312 1048 Ju-

744 1077 1044 1132 Stinianum
1094 1081 1478 1147 imperatorem
1534 1085 1853 1138 eunuchum
1915 1085 2090 1154 gentis
2120 1101 2312 1140 eorum

743 1171 1043 1239 Ephratam
1087 1174 1311 1226 nomine
1343 1179 1408 1227 ad
1454 1189 1549 1229 eos
1583 1176 1814 1240 misisse,
1852 1177 1945 1246 qui
1995 1178 2314 1246 prohiberet

743 1262 810 1315 de
854 1274 1054 1317 cauere
1084 1281 1412 1334 quemquam
1458 1282 1519 1320 ea
1555 1278 1708 1336 parte
1755 1271 2004 1334 corporis
2050 1287 2157 1339 qua
2213 1273 2313 1326 viri

744 1368 958 1414 smnus,
994 1355 1133 1421 apud
1171 1371 1265 1408 eos
1307 1355 1453 1410 ferro
1502 1368 1711 1411 natura:
1755 1359 2011 1426 iujuriam
2047 1360 2314 1414 infereute

745 1447 968 1514 privari.
1005 1447 1285 1509 Siquidem
1330 1450 1548 1517 plurimi
1581 1453 1672 1519 qui
1705 1452 1758 1504 iu
1800 1454 2108 1520 principum
2156 1455 2316 1508 cubi-

747 1539 888 1590 culis
917 1551 1205 1593 versantur
1241 1542 1495 1608 ministri,
1531 1559 1669 1612 quos
1706 1545 1990 1598 eunuchos
2022 1546 2135 1598 sive
2166 1545 2319 1598 culi-

752 1628 990 1685 culartcs
1031 1645 1224 1684 vocare
1279 1632 1516 1686 solemus
1538 1675 1552 1696 ,
1584 1648 1648 1686 ex
1683 1643 1840 1700 gente
1869 1648 1931 1686 ea
1965 1642 2139 1686 erant.
2177 1632 2313 1686 Tum

754 1737 887 1773 vero
921 1724 1083 1776 etiam
1115 1724 1455 1777 Justinianus
1503 1725 1596 1778 Dei
1636 1723 1906 1779 Genitrici
1943 1725 2201 1794 templum
2261 1723 2317 1778 iu

752 1813 1087 1880 Abasgorum
1122 1815 1346 1882 regione
1398 1815 1494 1883 (l),
1540 1815 1953 1883 pulchritudine
2001 1826 2163 1885 atque
2205 1832 2319 1869 am-
2350 1847 2391 1904 Β

750 1905 1016 1972 ιιΙὶιιιιΙὶιιο
1043 1919 1306 1975 praestans
1334 1909 1660 1975 mdificavit,
1709 1911 2020 1963 sacerdotes
2066 1910 2115 1962 ei
2164 1909 2319 1961 attri-

751 1998 887 2062 buit,
915 2007 968 2050 et
1001 1999 1102 2051 alia
1143 2015 1263 2066 qua:
1306 2004 1370 2052 ad
1413 2001 1619 2052 cultum
1664 2001 1906 2052 diviuttm
1944 2001 2171 2062 faciunt,
2219 2000 2319 2054 rite

751 2092 1062 2145 constituit.
1092 2090 1247 2145 Unde
1284 2093 1484 2162 populo
1504 2093 1553 2146 ei
1579 2093 1801 2156 accidit,
1827 2104 1885 2145 ut
1906 2094 2320 2147 accuratissime

753 2185 1193 2264 Christianorum
1223 2186 1476 2254 dogmate
1520 2195 1923 2241 excerceretur.
1957 2185 2159 2240 Scribit
2190 2188 2317 2242 item

751 2262 1032 2344 quoinodo
1074 2279 1264 2346 populi
1313 2279 1538 2332 Tanaim
1593 2295 1810 2332 amnem
1865 2280 2174 2333 accolentes
2207 2281 2322 2346 (vo-

754 2378 883 2421 cant
930 2378 1114 2421 autem
1153 2371 1253 2423 Ιοιοί
1305 2371 1423 2437 ejus
1471 2371 1718 2424 homines
1763 2370 2014 2434 Tanaim,
2073 2373 2320 2425 maxima:

759 2475 984 2528 quoque
1021 2463 1239 2529 paludis
1269 2463 1529 2516 Maeotidis
1567 2479 1740 2531 usque
1787 2463 1855 2517 ad
1885 2463 2156 2517 Euxinum
2188 2481 2322 2533 pon-

757 2563 870 2604 tum
913 2554 966 2606 in
995 2555 1214 2623 longqu
1252 2565 1636 2609 cxcurreutem
1669 2555 1926 2623 tractum)
1959 2555 2021 2608 ad
2064 2555 2322 2610 Justinia-

755 2662 885 2698 uttnt
929 2649 1135 2714 legatos
1177 2649 1468 2710 miserunt,
1523 2657 1583 2700 ut
1627 2649 1943 2716 episcopum
2003 2648 2111 2700 illis
2145 2648 2320 2710 daret,

753 2740 1160 2807 Supplieantt-s:
1207 2756 1442 2808 quorum
1491 2743 1582 2794 ille
1619 2741 1874 2809 precibus
1909 2741 2086 2808 reipsa
2116 2755 2322 2792 annue-

756 2833 847 2895 rit,
879 2842 933 2884 et
981 2834 1293 2900 episcopum
1329 2832 1437 2886 illis
1476 2832 1708 2886 libenter
1755 2832 1986 2885 miserit.
2017 2831 2322 2883 Admodum

756 2941 886 2977 vero
934 2933 1077 2978 terse
1135 2925 1267 2978 illud
1307 2926 1470 2978 etiam
1532 2925 1674 2978 idem
1735 2934 2006 2986 recenset,
2052 2925 2324 2990 quomodo

753 3017 940 3070 Gotthi
996 3016 1261 3070 Maeotidis
1291 3018 1509 3075 accolae.
1539 3014 1850 3069 Justiniano
1896 3015 2184 3082 imperium
2226 3014 2323 3066 ad-

758 3109 1130 3171 ministrante,
1163 3109 1429 3176 plurimas
1456 3109 1813 3161 excursiones
1841 3109 1893 3160 in
1934 3107 2218 3160 Thraciam
2247 3105 2326 3158 fe-

2416 632 2517 684 ὑπ).
2551 632 2770 692 Γότθοις
2816 630 2972 694 αὖθις
3008 633 3249 698 ἐγεγόνει
3295 635 3327 701 ὴ
3388 632 3611 703 Ῥώμηο
3644 636 3834 691 ἔπειτα
3890 644 3988 694 καὶ

2415 721 2490 783 ὡς
2521 722 2600 784 δὶς
2629 723 2685 784 ὲς
2719 722 2957 775 Ἰταλίαν
2983 724 3277 789 γενόμενος
3312 724 3686 794 Βελισσάριος,
3715 729 3814 798 τὴν
3854 729 3983 782 Ῥώ-

2420 831 2528 882 μην
2579 813 2734 877 αὖθις
2785 817 2969 882 αἱρεῖ·
3019 818 3112 868 καὶ
3149 815 3225 877 ὡς
3280 817 3372 870 τοῦ
3418 821 3688 887 Περσικοῦ
3740 822 3982 889 πολέμου

2417 906 2518 956 ἀνα
2579 906 2676 975 τὴν
2709 908 2827 960 Ἕω
2855 909 3249 976 συνισταμένου
3273 949 3287 972 ,
3329 911 3715 977 μετεστέλλετο
3773 916 3987 967 ἐκεῖθεν

2419 997 2554 1064 πρὸς
2584 995 2848 1064 βασιλέως
2876 1001 2903 1050 ό
2929 999 3307 1064 Βελισσάριος.
3359 1001 3590 1072 Ἱστορεῖ
3617 1003 3671 1054 δὲ
3703 1004 3796 1054 καὶ
3825 1004 3988 1057 Ἀδα-

2420 1089 2582 1154 σγοὺς
2612 1091 2918 1158 τηνικαῦτα
2964 1091 3030 1144 τὰ
3060 1092 3405 1162 Χριστιανῶν
3444 1093 3682 1155 ἑλέσθαι,
3719 1095 3814 1148 καὶ
3849 1096 3985 1164 πρὸς

2417 1179 2476 1231 τὸ
2525 1181 2880 1251 ἡμερώτερον
2927 1185 3024 1253 τὴν
3075 1185 3287 1236 δίαιταν
3342 1184 3832 1253 μεθαρμόσασθαι·
3889 1187 3983 1240 καί

2417 1288 2536 1322 τινα
2566 1272 2610 1323 δ’
2640 1273 2915 1342 εὐνοῦχον,
2978 1276 3270 1342 Εὐφρατᾶν
3315 1276 3501 1343 ὄνομα,
3551 1280 3612 1329 ἐκ
3667 1278 3758 1328 τοῦ
3791 1279 3986 1344 γένους

2419 1365 2640 1416 ἐκείνων
2693 1367 2842 1432 σφίσι
2892 1365 3226 1434 διαπέμψαι·
3310 1367 3722 1437 ἀπαγορεύοντα
3781 1369 3988 1438 μηδένα

2420 1456 2509 1506 τοῦ
2546 1455 2734 1507 λοιποῦ
2800 1460 2898 1526 τῆς
2942 1459 3292 1528 ἀρῥενωπίας
3353 1461 3701 1527 στερεῖσθαι,
3761 1463 3984 1529 σιδήρου

2421 1547 2900 1610 καταδικάζοντος.
2951 1551 3062 1604 Καὶ
3093 1552 3203 1620 γὰρ
3252 1552 3300 1603 οί
3348 1551 3592 1604 πλεῖστοι
3618 1553 3729 1604 τῶν
3759 1555 3817 1604 ἐν
3871 1555 3987 1614 τοῖς

2423 1640 2722 1709 βκσιλικυῖς
2774 1641 3219 1709 διαπονουμένων
3261 1645 3536 1709 κοιτῶσιν,
3577 1644 3670 1706 οὓς
3698 1644 3990 1714 εὐνούχους

2423 1732 2575 1801 θέμις
2641 1732 2845 1795 καλεῖν,
2898 1733 2963 1786 ὲκ
3008 1733 3105 1786 τοῦ
3155 1734 3346 1798 ἔθνους
3388 1736 3583 1788 τούτου
3646 1737 3990 1797 καθεστῶτες

2422 1819 2585 1890 ἦσαν.
2639 1823 2776 1874 Τότε
2807 1824 2864 1875 δὲ
2916 1825 3014 1876 καὶ
3043 1825 3424 1888 Ἰουστινιανὸς
3470 1827 3614 1893 ἱερὸν
3640 1830 3704 1896 τῇ
3742 1827 3990 1894 Θεοτὸκῳ

2423 1913 2480 1962 ἐν
2511 1914 2573 1981 τῇ
2608 1911 2894 1979 Ἀσασγῶν
2925 1913 3281 1982 δειμάμενος,
3325 1915 3514 1967 κάλλει
3550 1932 3607 1966 τε
3645 1919 3735 1967 καὶ
3769 1914 3993 1980 μεγέθει

2423 2004 2627 2074 ἐξεῖχον,
2678 2007 2860 2074 ίερέας
2887 2023 2946 2057 τε
2975 2007 3071 2058 καὶ
3101 2007 3273 2060 τᾶλλα
3324 2007 3425 2075 τῆς
3466 2008 3762 2077 θρησκείας
3809 2005 3993 2067 καλῶς

2424 2099 2801 2166 κατεστήσατο
2825 2113 2838 2128 ·
2878 2097 2937 2162 ἐξ
2963 2093 3022 2150 οὖ
3059 2100 3259 2166 συνέϐη
3308 2099 3579 2159 κάκείνοις
3609 2099 3664 2159 ἐς
3703 2098 3993 2166 ἀκρίϐειαν

2423 2187 2491 2238 τὰ
2522 2186 2631 2238 τῶν
2662 2187 3010 2255 Χριστιανῶν
3043 2187 3291 2256 δόγματα
3321 2188 3648 2257 ἐξασκῆσαι.
3697 2187 3903 2257 Γράφει
3935 2187 3993 2238 δὲ

2423 2282 2515 2331 καὶ
2538 2279 2612 2339 ὡς
2639 2280 2687 2330 οξ
2719 2279 2809 2331 τὸν
2833 2279 3038 2331 Τάναϊν
3065 2279 3485 2349 πρισοικοῦντες
3547 2279 3772 2347 (Τάναϊν
3805 2280 3861 2330 δὲ
3891 2296 3993 2330 κα-

2424 2367 2606 2421 λοῦσιν
2657 2371 2704 2421 οἱ
2739 2369 3023 2439 ἐπιχώριοι
3078 2370 3177 2438 την
3218 2371 3283 2422 ἐκ
3331 2371 3433 2438 τῆς
3494 2370 3738 2440 μεγάλης
3792 2371 3992 2440 λίμνης

2423 2462 2727 2524 Μαιώτιδος
2757 2463 2884 2530 ἄχρι
2913 2462 2976 2530 δὴ
3018 2464 3111 2513 ἐπὶ
3155 2463 3247 2514 τὸν
3287 2460 3540 2527 Εὔξεινον
3581 2464 3778 2514 πόντον
3806 2464 3861 2521 ἐς
3893 2478 3993 2513 τα-

2425 2554 2551 2603 ναὸν
2597 2553 2891 2621 διήκουσαν
2927 2553 3179 2622 ἐκῦολὴν)
3209 2571 3222 2586 ·
3258 2554 3576 2622 πέμψαντες
3607 2552 3994 2606 Ὶουστινιανδν

2427 2643 2793 2706 ὀυσωποῦσιν,
2825 2648 3125 2697 ἐπίσκοπον
3151 2647 3334 2714 σφίσιν
3366 2647 3647 2716 ἐκπέμψαι
3675 2663 3688 2675 ⁸
3714 2650 3804 2697 καὶ.
3829 2646 3994 2708 εὐθὺς

2425 2736 2518 2786 τὸν
2566 2736 2947 2789 Ἰουστινιανὺν
2975 2737 3200 2806 ἐπιτελῆ
3231 2739 3331 2806 τὴν
3354 2739 3540 2808 δέησιν
3567 2737 3992 2807 ἐξεργάσασθαι,

2427 2829 2520 2878 καὶ
2557 2829 2707 2894 ἱερέα
2747 2829 2918 2898 ἡδέως
2953 2831 3142 2892 αὐτοῖς
3181 2831 3513 2900 ἐπιπέμψαι.
3564 2831 3726 2884 Μάλα
3766 2831 3821 2881 δὲ
3859 2847 3997 2898 κομ-

2427 2918 2542 2986 ψ’ὒς
2573 2924 2668 2974 καὶ
2708 2923 2867 2973 τοῦτο
2913 2923 2941 2973 ὀ
2988 2924 3152 2985 αὐτὸς
3201 2925 3618 2991 ἀναγράφεταιο
3652 2922 3725 2985 ὡς
3780 2922 3996 2973 Γότθων

2425 3010 2534 3063 τῶν
2570 3013 2634 3064 ἐκ
2664 3011 2764 3080 τῆς
2817 3013 3128 3074 Μαιώτιδος
3178 3015 3497 3082 περιοίκων,
3532 3014 3797 3082 ἐκδρομαὶ
3843 3014 3998 3064 πλεῖ-

2430 3122 2548 3158 σται
2570 3106 2674 3158 ἀνὰ
2698 3107 2794 3175 τὴν
2817 3105 3039 3176 Θρᾴκην
3056 3108 3325 3174 ἐγένοντο,
3350 3107 3734 3161 Ἰουστινιανοῦ
3782 3107 3997 3158 διέπον-

756 3199 954 3251 ierint.
1008 3201 1296 3261 Prazterca,
1355 3207 1414 3252 ut
1445 3201 1572 3253 saevi
1619 3207 1956 3252 terrtemotus
2009 3199 2062 3250 in
2110 3197 2316 3248 Graecia
2347 3188 2432 3243 C-

2347 3188 2388 3243 C
2425 3215 2514 3259 τος
2547 3199 2646 3266 τὴν
2690 3198 2900 3266 ἀρχήν·
2937 3198 3198 3266 σεισμούς
3245 3215 3303 3251 τε
3339 3199 3568 3268 ἀγρίους
3597 3200 3700 3252 ἀνὰ
3733 3199 3829 3268 τὴν
3868 3197 3993 3250 Ἐλ-

757 3292 980 3353 fucrint,
1015 3301 1070 3344 et
1107 3292 1336 3354 Boeotia,
1381 3300 1546 3359 atque
1580 3291 1802 3355 Achaia,
1850 3306 1969 3358 quae
2010 3298 2137 3342 sunt
2161 3291 2312 3357 juxta

756 3382 936 3434 sinum
971 3382 1263 3436 Crissmum
1301 3399 1408 3437 orte
1432 3397 1712 3435 eoncussa:
1735 3381 1959 3444 fuerint,
1994 3382 2110 3433 loca
2142 3380 2313 3448 pluri-

760 3489 843 3526 ma
873 3476 976 3527 sub
1005 3490 1291 3527 numerum
1325 3475 1552 3528 minime
1575 3474 1849 3537 cadentia,
1881 3482 1934 3525 et
1961 3472 2124 3525 urbes
2166 3471 2317 3525 simi-

759 3564 884 3618 liter
923 3564 978 3616 in
1009 3581 1251 3635 prmccps
1283 3567 1464 3628 ierint,
1499 3575 1554 3619 ct
1603 3567 1718 3618 solo
1764 3573 1987 3633 :equaue
2040 3565 2170 3626 siut,
2205 3563 2314 3630 ple-

763 3657 946 3726 risque
980 3658 1032 3710 in
1069 3659 1204 3712 locis
1236 3668 1378 3712 terra
1411 3661 1692 3712 submersa
1722 3672 1936 3725 pessum
1978 3658 2125 3718 ierit,
2155 3666 2316 3723 atque

761 3748 960 3801 alicubi
997 3750 1217 3816 quidem
1242 3750 1519 3802 chasmata
1546 3765 1763 3803 rursum
1805 3749 2058 3810 coierint,
2117 3747 2316 3799 alicubi

759 3853 894 3890 vero
929 3839 1111 3893 hiatus
1139 3842 1388 3908 perpetui
1417 3843 1481 3894 ad
1513 3841 1616 3894 hoc
1644 3856 1813 3909 usque
1843 3852 2055 3908 tempus
2077 3853 2323 3907 perman-

762 3930 952 3981 serint.
985 3930 1157 3993 Quale
1187 3930 1445 3998 quiddam
1477 3931 1640 3983 etiam
1676 3930 1882 3984 civitati
1927 3929 2091 3998 756
2121 3928 2322 3981 Ciliciae

765 4019 1134 4088 l’ompejopoli
1171 4021 1458 4074 acciderit.
1490 4021 1622 4075 Cum
1654 4021 1801 4074 enim
1842 4030 1984 4074 terra
2027 4020 2199 4073 divisa
2229 4035 2323 4072 ur-

767 4110 887 4162 bem
921 4127 1038 4163 eam
1091 4127 1213 4164 cum
1262 4113 1454 4166 incolis
1493 4112 1749 4166 omnibus
1778 4113 2088 4165 universam
2136 4111 2323 4163 absor-

766 4203 992 4268 bnisset,
1023 4219 1123 4256 vox
1157 4220 1222 4256 ex
1253 4205 1435 4258 intima
1475 4206 1735 4274 voragine
1780 4204 2038 4258 exaudita
2083 4203 2322 4268 est,aho-

769 4293 974 4344 minum
1008 4294 1089 4345 eis
1136 4293 1228 4361 qui
1278 4297 1599 4361 superstites
1645 4295 1854 4347 circqu
1891 4308 1953 4345 ea
1995 4292 2110 4345 loca
2149 4292 2323 4344 relicti

766 4395 970 4446 essent,
1008 4386 1450 4453 supplicantium,
1483 4397 1541 4439 ut
1566 4400 1623 4439 sc
1644 4401 1885 4439 mrutnna
1911 4399 1973 4438 ea
2000 4384 2321 4436 liberarent.

2425 3288 2558 3340 λάδα
2587 3290 2876 3353 γενέσθαιο
2909 3291 2988 3351 είς
3019 3290 3246 3357 ἔσχατον
3276 3290 3332 3341 δὲ
3361 3295 3458 3358 τήν
3498 3307 3556 3342 τε
3590 3291 3862 3342 Βοιωτίαν
3895 3290 3996 3341 καὶ

2437 3379 2656 3448 Ἀχαΐαν
2689 3381 2784 3432 καὶ
2826 3381 2893 3432 τὰ
2941 3383 3043 3433 ἀνὰ
3075 3382 3166 3432 τὸν
3210 3382 3510 3451 Κρισσαῖον
3559 3383 3760 3433 κόλπον
3794 3383 3997 3433 διασει-

2433 3473 2647 3539 σθῆναι.
2686 3473 2875 3541 Χωρία
2920 3490 2979 3525 τε
3028 3475 3255 3525 πλεῖστα
3277 3473 3462 3543 ἥκιστ’
3524 3472 3742 3542 ἀριθμῷ
3777 3475 3999 3525 ὑποκεῖ-

2432 3565 2555 3616 σθαι
2593 3562 2887 3630 δυνάμενα,
2939 3565 3032 3616 καὶ
3095 3564 3280 3626 πόλεις
3320 3565 3587 3625 ὡσαύτως
3635 3566 3867 3632 πρηνεῖς
3915 3566 3999 3625 είς

2429 3638 2623 3723 ἔδαφος
2677 3655 3007 3725 ἐνεχθῆναι·
3047 3655 3369 3723 βυθισθῆναί
3419 3673 3477 3708 τε
3529 3656 3833 3724 πολλαχόσε
3895 3657 3998 3726 τὴν

2432 3752 2555 3816 γῆν,
2591 3750 2684 3800 καὶ
2717 3748 2933 3817 ἐνιαχοῦ
2962 3748 3060 3817 μὲν
3091 3747 3368 3800 συνελθεῖν
3401 3749 3564 3801 πάλιν
3605 3752 3673 3801 τὰ
3704 3752 3997 3819 χάσματαο

2433 3841 2618 3891 ἔστιδ’
2650 3841 2784 3891 ὅπου
2821 3841 2916 3891 καὶ
2961 3839 3135 3902 οὕτως
3165 3843 3224 3901 ἐς
3269 3841 3399 3909 χάος
3447 3841 3675 3910 ἄπειρον
3720 3843 3852 3909 ἄχρι
3901 3844 3998 3895 τοῦ

2433 3931 2594 4000 δεῦρο
2647 3930 3120 3998 διαμεμενήκασιν
3147 3948 3160 3961 ·
3198 3927 3310 3983 οἶόν
3342 3949 3398 3984 τι
3459 3933 3555 3985 καὶ
3593 3935 3720 4004 περὶ
3768 3935 3866 4003 τὴν
3900 3937 3999 4004 τῆς

2436 4023 2689 4085 Κιλικίας
2735 4023 3183 4092 Πομπηῖούπολιν
3231 4025 3457 4093 συνέϐη.
3509 4028 3847 4097 Διασχοὺσης
3888 4031 3998 4100 γὰρ

2434 4118 2530 4183 τῆς
2552 4116 2655 4182 γῆς
2681 4114 2774 4166 καὶ
2801 4113 3100 4183 αὔτανδρον
3119 4116 3220 4184 τὴν
3239 4116 3392 4168 πόλιν
3421 4117 3819 4186 καταπιούσης,
3847 4121 4001 4184 φωνὴ

2435 4207 2681 4260 κάτωθεν
2716 4208 2980 4275 ὲξηχεῖτο,
3017 4207 3126 4258 τῶν
3156 4207 3460 4275 ἀνθρώπων
3492 4209 3848 4262 ἱκετευόντων
3874 4211 4002 4273 τοὺς

2436 4295 2883 4362 ὑπολειφθέντας,
2909 4295 3274 4348 ἀπαλλάττειν
3306 4297 3405 4364 τῆς
3431 4299 3741 4366 συμφορᾶς.
3782 4302 4002 4368 Διηγετ-

2437 4407 2526 4442 ται
2557 4389 2652 4440 καὶ
2683 4388 2757 4448 ὡς
2788 4388 3007 4456 Ναρσῆς
3053 4390 3081 4439 ὁ
3103 4387 3353 4459 εὐνοῦχος
3390 4391 3470 4450 είς
3503 4391 3602 4460 τὴν
3645 4389 3860 4442 Ἰταλῶν
3888 4395 4000 4443 είσ-

766 4477 1169 4532 Commemorat
1215 4478 1401 4541 etiam,
1441 4487 1499 4531 ut
1541 4477 1741 4532 Narses
1780 4476 2066 4530 eunuchus
2105 4491 2132 4528 a
2161 4477 2329 4530 lustio
2359 4493 2442 4568 οι

2327 4505 2329 4510 ι
2359 4516 2403 4568 ο
2432 4481 2592 4533 έδαλε
2651 4480 2860 4548 χώραν,
2896 4479 3206 4548 στρατηγὸς
3237 4479 3374 4548 πρὸς
3405 4478 3790 4533 Ἰουστινιανοῦ
3825 4500 4003 4552 χειρο-

768 4570 933 4622 niauo
982 4572 1263 4637 copiarum
1319 4570 1639 4623 militarium
1673 4569 1778 4622 dttx
1829 4569 2060 4628 electus.
2104 4566 2328 4634 expedi-

771 4661 974 4714 tionem
1017 4662 1070 4715 iu
1124 4662 1331 4715 Italiam
1383 4661 1703 4728 susceperit,
1742 4675 1805 4714 ac
1850 4659 2081 4713 Totilatu
2117 4661 2328 4725 vicerit,

769 4753 966 4808 deinde
999 4770 1126 4808 vero
1157 4764 1212 4808 et
1246 4753 1456 4818 Teiam,
1502 4752 1714 4808 eturbs
1758 4753 1928 4805 ltoma
1959 4751 2207 4818 quintum
2243 4765 2334 4803 ca~

769 4858 860 4914 pta
911 4848 1004 4901 sit.
1060 4847 1132 4899 De
1178 4845 1369 4908 Narse,
1413 4847 1505 4913 qui
1550 4845 1890 4899 familiariter
1935 4859 2057 4898 cum
2091 4859 2156 4897 co
2189 4843 2337 4895 vixe-

772 4954 852 4997 re,
888 4936 1024 4991 illud
1073 4938 1402 5005 perhibent:
1457 4937 1528 4988 ita
1569 4937 1742 5004 ipsum
1779 4950 1845 4987 ex
1879 4934 2064 4987 divino
2113 4933 2335 4986 nomine

776 5029 1122 5096 pependisse,
1173 5037 1334 5096 atque
1392 5028 1443 5081 id
1506 5027 1686 5080 omnis
1743 5026 1958 5094 generis
2009 5025 2208 5093 pietate
2247 5040 2338 5078 ce-

772 5120 959 5181 lasse,
1016 5128 1071 5171 et
1117 5119 1390 5188 Virginem
1448 5118 1805 5184 eamdemque
1863 5117 1954 5169 Dei
1991 5115 2332 5169 Genitriceut

775 5212 846 5262 ita
905 5220 1218 5262 veneratum
1275 5223 1417 5272 esse,
1480 5221 1540 5260 ut
1596 5209 1686 5262 illa
1723 5207 2011 5268 manifesto
2060 5208 2110 5260 ei
2174 5221 2336 5274 appa-

777 5315 921 5360 rens.
954 5301 1173 5367 quando
1210 5300 1452 5367 pra-lium
1503 5299 1950 5352 committendum
1995 5307 2161 5360 esset,
2198 5312 2337 5365 pra:-

776 5391 1025 5459 ciperet:
1087 5406 1266 5458 neque
1300 5392 1452 5443 illum
1505 5391 1665 5442 facile
1712 5392 1864 5456 prius
1923 5389 1977 5440 iit
2010 5389 2178 5440 aciem
2240 5388 2334 5439 dc-

778 5480 1060 5538 scendisse
1084 5523 1098 5544 ,
1135 5487 1299 5552 quam
1360 5494 1571 5549 tempus
1609 5491 1976 5551 opportunum
2033 5480 2100 5531 ab
2156 5493 2218 5531 ea
2248 5493 2339 5532 co-

781 5623 1154 5675 habitaculum
1179 5634 1262 5678 est
1291 5624 1453 5689 facta,
1478 5625 1628 5694 juxta
1654 5620 2071 5690 prtedictionem
2095 5617 2335 5683 Domini,

785 5697 952 5759 Apoc.
985 5709 1136 5745 xvut.

857 5765 933 5828 (l)
971 5763 1267 5830 l'ronpius
1301 5763 1373 5815 De
1418 5762 1551 5816 bello
1607 5763 1822 5816 Persico
1880 5761 2020 5814 libro
2073 5757 2333 5830 secundo,

792 5832 879 5884 ubi
915 5848 980 5884 «ιο
1023 5833 1231 5885 lL—crum
1269 5835 1466 5886 linibus
1493 5844 1546 5886 et
1581 5846 1762 5888 monte
1813 5833 2053 5886 Caucaso
2079 5838 2206 5891 agit,
2239 5829 2334 5880 llic

2431 4571 2680 4640 τονηθείς
2707 4586 2720 4600 ·
2756 4570 2850 4622 καὶ
2888 4571 2964 4630 ὡς
3001 4570 3420 4639 κατηγωνίσατο
3463 4570 3743 4639 Τὼτιλαν,
3780 4568 3902 4625 εἶτα
3948 4576 4004 4626 δὲ

2442 4664 2536 4716 καὶ
2571 4661 2769 4714 Τεῖαν·
2809 4663 2902 4714 καὶ
2956 4662 3030 4724 ὡς
3068 4662 3254 4732 Ῥώμη
3309 4662 3371 4713 τὸ
3404 4663 3654 4730 πέμπτον
3693 4664 3793 4733 ήδη
3835 4665 4006 4717 ἑάλω.

2433 4753 2568 4802 Φασὶ
2601 4751 2779 4802 τοίνυν
2827 4751 2875 4801 οῖ
2917 4752 3315 4818 συγγενόμενοι
3361 4752 3440 4816 τῷ
3467 4751 3683 4821 Ναρσῇ,
3730 4752 3873 4804 οὕτω
3905 4755 4006 4805 τοῦ

2435 4840 2593 4892 Θείου
2616 4837 2929 4908 ὲξέχεσθαι,
2958 4841 3054 4890 καὶ
3080 4843 3197 4902 ταῖς
3227 4840 3412 4901 ἄλλαις
3440 4842 3745 4905 εὐσεϐείαις
3767 4842 4006 4906 ἑξοσιοῦ-

2439 4931 2597 4995 σθαι,
2645 4932 2740 4982 καὶ
2772 4929 2869 4999 τὴν
2905 4930 3185 4998 Παρθένον
3229 4935 3325 4984 καὶ
3355 4933 3619 4984 Θεοτόκον
3654 4932 3798 4986 οὕτω
3819 4937 4008 5004 γεραί-

2439 5038 2578 5090 ρειν,
2607 5020 2680 5083 ὡς
2722 5021 2818 5073 καὶ
2847 5022 3152 5088 ἀναφανδὸν
3195 5023 3413 5092 ἐκείνην
3453 5023 3877 5094 διαφαινομένην
3918 5029 4010 5080 ὅτε

2438 5109 2695 5178 πολεμεῖν
2738 5107 2848 5160 δέοι
2880 5109 3379 5178 παρακελεύεσθαι,
3420 5115 3515 5165 καὶ
3569 5114 3645 5183 μὴ
3691 5115 4008 5186 προχείρως

2439 5202 2755 5257 ἐπιϐάλλειν
2799 5207 2920 5265 ταῖς
2961 5204 3190 5272 μάχαις,
3237 5208 3365 5273 πρὶν
3413 5207 3626 5259 ἐκεῖθεν
3669 5209 3761 5260 τὸν
3809 5213 4011 5278 καιρὸν

2438 5295 2705 5365 διαγνοίη.
2741 5297 2915 5349 Πολλὰ
2942 5298 2999 5349 δὲ
3039 5300 3274 5366 μέγιστα
3297 5300 3392 5352 καὶ
3413 5300 3549 5353 ἄλλα
3574 5300 3650 5370 τῷ
3677 5301 3870 5372 Ναρσῇ
3899 5303 4010 5355 διε-

2440 5387 2682 5456 πράχθη,
2733 5389 3048 5440 Βουσελῖνον
3084 5401 3177 5441 και
3219 5391 3570 5443 Σιλδούανδον
3615 5394 4011 5460 καταπολεμή-

2443 5494 2596 5531 σαντι
2620 5497 2632 5510 ’
2653 5483 2744 5530 καὶ
2772 5480 2841 5532 τὰ
2865 5480 3058 5550 μέχρις
3101 5483 3354 5534 Ὠκεανοῦ
3369 5487 3435 5552 τῇ
3467 5483 3751 5552 Ῥωμαίων
3784 5487 4011 5556 ὑπήκοα

2440 5626 2647 5694 gentes,
2669 5617 2864 5694 inquit,
2885 5619 3146 5694 comante
3163 5621 3370 5694 multat,
3392 5628 3504 5674 tum
3529 5621 3683 5694 Alani
3709 5629 3765 5694 et
3795 5622 4001 5694 Abasgi

2442 5687 2969 5761 haliitant._lnsttper
3003 5688 3177 5761 Zethi
3207 5699 3262 5741 et
3295 5701 3414 5758 post
3441 5705 3538 5744 eos
3571 5691 3773 5761 Hunni,
3815 5696 3911 5761 qui
3948 5687 4013 5749 Et

2442 5757 2642 5830 _S_aberi_
2677 5756 2951 5810 dicuntur.
2993 5759 3096 5820 Qui
3144 5756 3328 5825 postea
3356 5761 3542 5829 populi
3580 5756 3920 5830 llungariatn
3951 5777 4009 5820 et

2443 5824 2736 5879 Boiemiatn
2757 5836 3113 5884 occuparunt.
