4244 6438
274 431 383 495 257

1171 427 1788 486 ECCLESEASTiC/E
1831 427 2233 488 HlSTORl.’E
2276 428 2425 490 ΠΒ.
2475 427 2664 488 XVII.

3437 430 3545 495 258

273 542 640 612 ποιησαμένῳ
670 543 837 611 ἀρχῇ.
878 541 944 592 Ἀ
970 541 1032 610 δὴ
1061 541 1297 608 μάλιστα
1327 543 1354 593 ὁ
1387 543 1524 609 μετά
1557 544 1863 611 Προκόπιον
1893 547 1938 610 Α

1893 547 1938 610 Α
1967 543 2267 612 gunvissct.
2328 541 2518 594 Plures
2572 541 2798 607 insuper
2843 539 2980 594 alias
3019 548 3074 594 et
3103 541 3368 595 maximas
3418 544 3544 596 Nar-

286 637 553 704 Ἀγαθίας
591 636 620 686 ὀ
660 637 848 703 ῥήτωρ
880 635 1159 702 ἱστόρησε.

1972 651 2060 689 ses
2091 650 2179 687 res
2199 633 2387 698 gessit,
2431 634 2523 700 qui
2547 632 2860 684 Buscliuum
2887 633 2964 700 ll)
2985 644 3040 687 et
3061 632 3542 702 Silduandumﬂ),

273 729 423 784 bello
452 729 667 789 vicerit,
703 739 759 781 ct
815 728 1071 797 regiones
1118 744 1290 797 usque
1325 728 1392 782 ad
1443 729 1723 784 Oceanum
1807 744 2000 783 omnes
2066 728 2315 782 Romano
2384 726 2616 794 itnpcrio
2656 723 3001 780 subdiderit:
3035 742 3171 797 quas
3204 743 3288 782 res
3319 729 3542 797 potissi-

273 840 425 878 mum
473 832 598 894 post
645 824 975 891 Procopiqu
1030 823 1293 892 Agathias
1345 824 1537 880 rhetor
1586 825 1640 878 in
1701 824 1913 878 litteras
1953 822 2164 877 retulit.

883 965 1134 1018 ΚΕΦΑΛ.
1173 963 1266 1016 ΙΔ’.

289 1059 390 1120 Ὠς
445 1057 740 1120 Χοσρόης.
777 1056 983 1123 φθόνῳ
1049 1053 1374 1117 διατιικεὶς,
1446 1059 1551 1119 τὰς
1584 1053 1857 1118 σπονδὰς

343 1129 552 1189 λύσας
581 1125 655 1192 τῇ
692 1128 996 1192 Ῥωμαίων
1016 1125 1216 1177 ἔπεισι
1241 1140 1254 1153 ·
1289 1126 1383 1176 καὶ
1414 1128 1546 1192 περὶ
1573 1124 1682 1192 τῆς
1711 1125 1859 1178 ἀλώ-

345 1214 504 1262 σεως
537 1197 907 1264 Ἀντιοχείας
945 1196 1042 1247 καὶ
1074 1193 1189 1246 τῶν
1223 1195 1448 1247 ἄλλων.

346 1311 427 1378 Τῇ
464 1311 520 1362 δὲ
553 1309 767 1379 ἱστορία
793 1308 1108 1376 ῐιροκοπίου
1139 1308 1234 1359 καὶ
1258 1308 1385 1359 τάδε
1424 1307 1749 1374 ἐμφέρεται,
1788 1309 1861 1370 ὡς

272 1403 527 1470 Χοσρὸης
567 1402 818 1468 διαγνοὺς
851 1401 919 1452 τά
955 1417 1009 1452 τε
1043 1401 1100 1451 ἐν
1144 1399 1319 1469 Λιὸὖῃ
1351 1392 1444 1451 καί
1486 1399 1687 1470 Ἰταλίᾳ
1723 1416 1852 1450 συν-

271 1494 567 1562 ενεχἿέντα
622 1495 686 1561 τῇ
745 1491 1033 1560 Ῥωμαίων
1088 1495 1418 1562 στρατηγίᾳ,
1477 1495 1612 1561 πρὶς
1667 1493 1861 1560 φθόνον

268 1584 513 1649 ἐξαίσιον
543 1584 688 1654 ήρθη
713 1600 725 1612 ·
759 1586 853 1636 καὶ
887 1585 1190 1654 προφάσεις
1216 1586 1361 1636 κατά
1396 1585 1686 1652 Ῥωμαίων
1720 1602 1858 1652 συμ-

267 1675 550 1734 πλάττων,
586 1675 1076 1743 παρεσπονδῆσθσι
1117 1676 1296 1743 ἔλεγε,
1336 1678 1427 1728 καὶ
1484 1675 1583 1745 τὴν
1639 1693 1858 1742 συγκει-

2547 961 2771 1017 CAPUT
2800 960 2934 1014 XIV.

1972 1055 2034 1109 L't
2093 1054 2343 1108 Cltosrocs
2395 1072 2486 1122 per
2542 1057 2798 1110 invidiam
2835 1071 2963 1123 pace
3015 1055 3208 1122 fracta,
3245 1053 3540 1108 Romanum

2039 1126 2293 1179 inrascrit
2333 1125 2636 1189 imperium.
2675 1125 2742 1178 Et
2768 1125 2829 1177 de
2863 1126 3154 1178 Antiochia?
3205 1124 3542 1194 aliarumque

2043 1197 2251 1249 urbium
2285 1195 2461 1249 hostili
2489 1199 2849 1264 occupatione.

2039 1309 2094 1362 lu
2145 1311 2372 1364 historia
2435 1311 2690 1379 Proc0pii
2739 1312 2827 1365 illa
2875 1328 3095 1382 quoque
3149 1322 3278 1365 sunt
3317 1329 3330 1364 :
3365 1311 3542 1364 Chos-

1966 1416 2120 1463 roen,
2158 1401 2246 1454 tibi
2278 1403 2653 1456 Romanorum
2715 1402 2768 1456 in
2801 1402 2969 1473 Libya
3003 1415 3053 1457 ct
3079 1403 3227 1457 Italia
3266 1419 3357 1457 res
3397 1404 3540 1457 bello

1961 1504 2142 1561 gestas
2191 1495 2574 1562 cognovisset,
2623 1495 2689 1548 ad
2747 1497 3022 1566 ingentem
3078 1496 3337 1550 invidiam
3388 1511 3542 1550 com-

1964 1597 2170 1639 motum
2215 1603 2383 1642 csse:
2423 1596 2477 1641 et
2534 1597 2829 1652 pra-textus
2884 1601 3076 1642 contra
3127 1590 3404 1643 Romanos
3438 1592 3541 1643 lin-

1959 1691 2178 1750 gentem
2242 1681 2389 1750 quod
2439 1681 2644 1735 fmdcra
2725 1681 2927 1736 violata
2983 1691 3038 1736 et
3112 1698 3216 1751 pax
3271 1693 3538 1752 perpetua

269 1769 445 1837 μένην
477 1769 707 1837 εἰρήνην
732 1767 959 1820 λύεσθαι
983 1783 996 1796 ·
1033 1771 1127 1821 καὶ
1171 1770 1238 1821 τὰ
1274 1771 1370 1838 μὲν
1403 1769 1596 1836 πρῶτα
1632 1770 1858 1821 Ἰουστι-
1893 1751 1927 1803 Π

1893 1751 1927 1803 Β
1963 1773 2143 1828 soluta
2187 1784 2354 1835 esset,
2392 1772 2616 1827 dixisse.
2654 1773 2731 1826 Ac
2766 1773 3000 1840 primum
3025 1773 3247 1843 quidem
3275 1773 3538 1827 Justinia-

266 1860 475 1922 νιανδν,
506 1859 770 1927 πρέσϐεις
789 1858 1248 1928 διαπεμψάμενον
1267 1862 1321 1922 ἐς
1347 1861 1618 1928 Χοσρόην,
1638 1860 1854 1928 δηλοῦν,

265 1953 337 2014 ὡς
378 1950 460 2020 μὴ
496 1952 680 2004 αἰτίαν
729 1951 855 2005 τινὰ
889 1953 1320 2021 παρασχόμενον
1349 1953 1449 2020 τὴν
1499 1955 1579 2013 εἰς
1614 1953 1856 2022 ἀπέρανο

263 2064 358 2098 τον
385 2045 696 2113 γενομένην
731 2045 961 2114 εἰρήνην
1019 2043 1286 2108 διαλύειν,
1346 2043 1482 2113 μηδὲ
1518 2059 1643 2095 τινα
1677 2043 1856 2112 λύμην

261 2144 377 2201 τοῖς
415 2137 872 2209 συμςωνηθείσιν
923 2140 1263 2206 ἐπαγαγείνο
1299 2141 1388 2190 καί
1424 2138 1542 2208 ᾔτει
1599 2138 1694 2189 ἐπὶ
1742 2140 1854 2199 τοῖς

263 2233 606 2303 ἀμφιλόγως
639 2233 927 2298 ἐξέτασιν,
961 2232 1056 2284 καὶ
1088 2232 1274 2301 τρόπῳ
1303 2235 1407 2283 τινὶ
1455 2229 1655 2298 φιλικῷ
1694 2232 1762 2282 τὰ
1797 2231 1856 2281 ἐν

268 2328 426 2395 μέσῳ
462 2327 646 2394 ἐζήτει
683 2325 1024 2394 διατεθῆναιο
1063 2325 1154 2376 τὸν
1176 2325 1231 2377 δὲ
1279 2324 1401 2376 λίαν
1436 2323 1743 2394 ἀχθόμενον
1779 2324 1856 2392 τῷ

262 2419 485 2473 ἔνδοθεν
535 2417 916 2486 ὑποσμύχοντι
965 2415 1167 2485 φθόνῳ,
1220 2416 1359 2483 πρὸς
1404 2416 1570 2484 μηδὲν
1631 2413 1856 2482 εὔλογον

261 2512 676 2579 ἀποκρίνασθαι
701 2527 717 2541 ⁶
764 2511 1102 2578 ἀθροίσαντα
1135 2510 1189 2562 δὲ
1231 2509 1329 2574 τὴν
1366 2508 1458 2560 ὑπ’
1494 2509 1659 2561 αὐτὸν
1691 2525 1857 2576 στρα-

259 2607 382 2660 τιὰν
408 2607 680 2673 πλείστην
703 2600 893 2666 οὖσαν,
927 2606 994 2672 τῇ
1038 2602 1333 2670 Ῥωμαίων
1364 2601 1662 2664 εἰσῦαλείν,
1687 2602 1856 2670 τρίτῳ

259 2699 354 2752 ἐπὶ
380 2699 604 2766 δεκάτῳ
630 2697 742 2748 ἔτει
779 2694 1168 2749 Ἰουστινιανοῦ
1225 2694 1324 2761 τὴν
1360 2693 1650 2759 Ῥωμαίων
1683 2692 1856 2762 ἀρχὴν

257 2791 622 2851 διιθύνοντος.
685 2789 1002 2857 Συγγράφει
1059 2786 1263 2846 τοίνυν,
1325 2787 1476 2846 ὅπως
1530 2786 1557 2836 ὁ
1605 2785 1855 2851 Χοσρὸης

257 2882 470 2951 Σκαῦρον
501 2882 601 2950 τὴν
631 2880 790 2932 πόλιν
826 2879 962 2946 πρὸς
997 2878 1291 2946 Εὐφράτην
1319 2878 1584 2946 κειμένην
1636 2876 1855 2944 πολιορ-

256 2973 441 3040 κήσας
474 2964 623 3021 εἶλεν
651 3010 665 3034 ,
701 2968 867 3036 ’ἑτερα
901 2966 1002 3034 μὲν
1052 2965 1404 3033 συνθέμενος,
1438 2963 1602 3032 ἕτερα
1651 2964 1707 3015 δὲ
1757 2980 1856 3014 πε-

1959 1879 2089 1916 unm
2153 1873 2398 1918 oratores
2453 1863 2529 1932 (l)
2587 1863 2650 1915 ad
2700 1862 2982 1917 Chosroeu
3031 1865 3268 1929 misisse,
3337 1866 3431 1934 qtti
3467 1867 3541 1919 si-

1958 1952 2302 2022 gnificarent,
2345 1954 2551 2007 nullam
2578 1969 2633 2007 se
2663 1969 2886 2009 causam
2949 1957 3273 2024 praebuisse,
3322 1969 3382 2011 ut
3414 1975 3537 2028 qua:

1961 2057 2118 2114 pacta
2168 2057 2312 2100 esset
2361 2061 2460 2115 pax
2520 2055 2807 2115 perpetua,
2872 2047 3220 2118 frangeretur
3278 2067 3290 2103 :
3355 2067 3537 2118 neque

1959 2135 2258 2205 quidquam
2322 2136 2636 2190 detrimenti
2698 2140 2985 2192 conventis
3031 2139 3308 2205 intulisse,
3350 2143 3538 2209 proin-

1967 2229 2144 2296 deque
2213 2227 2435 2296 petiisse
2490 2239 2548 2282 ut
2611 2229 2676 2283 de
2718 2234 2883 2285 rebus
2925 2234 3299 2288 controversis
3330 2235 3542 2306 disqui-

1961 2323 2088 2376 sitio
2128 2323 2281 2375 ﬁeret
2334 2340 2346 2375 :
2379 2331 2432 2376 et
2467 2336 2648 2376 causa:
2674 2339 2794 2392 qum
2838 2323 2891 2376 in
2925 2325 3165 2378 medium
3195 2329 3420 2394 prolata:
3453 2343 3541 2383 es-

1959 2423 2103 2475 scut,
2150 2414 2358 2482 pacatis
2379 2415 2625 2468 consiliis
2654 2415 2827 2468 amice
2860 2427 3341 2485 componerentur.
3368 2418 3542 2474 Chos-

1962 2522 2086 2559 rocs
2137 2523 2293 2570 vero,
2342 2507 2485 2575 quod
2539 2522 2757 2572 gravem
2818 2524 2923 2575 qua
2963 2509 3230 2563 inanimo
3439 2527 3542 2565 suo

1961 2599 2244 2668 llagrabat,
2303 2598 2564 2652 invidiam
2612 2613 2717 2650 non
2770 2597 2959 2662 ferret,
2997 2601 3133 2652 nihil
3169 2602 3314 2669 quod
3342 2604 3541 2656 rationi-

1961 2693 2303 2756 couveuiret,
2341 2691 2697 2760 respondisse
2728 2708 2739 2742 :
2774 2707 2964 2744 verum
3013 2695 3263 2747 exercitu
3302 2696 3542 2747 maximo

1959 2805 2022 2841 ex
2082 2785 2297 2854 populis
2351 2786 2465 2839 suis
2517 2793 2744 2843 coacto,
2822 2784 3192 2838 Romanorum
3271 2786 3537 2840 ditionem

1959 2880 2209 2932 adortum
2262 2893 2404 2942 esse,
2465 2877 2683 2930 decimo
2755 2878 2918 2932 tertio
2981 2878 3199 2946 imperii
3237 2878 3536 2932 Justiuiani

1960 2987 2123 3024 anno.
2189 2971 2463 3025 Describit
2521 2971 2707 3039 igitur,
2733 2971 3009 3039 quomodo
3037 2969 3310 3024 Chosroes
3335 2971 3535 3025 Surum

255 3063 496 3133 πραχώς
522 3078 536 3090 °
567 3061 800 3120 ἀνοσίως
843 3057 1132 3119 διατεθεὶς,
1163 3058 1240 3112 ὡς
1285 3057 1562 3126 ἀλογήσας
1615 3055 1850 3124 μάλιστα
1882 3057 1923 3116 C

1882 3057 1923 3116 C
1957 3064 2022 3117 ad
2085 3063 2414 3132 Euphratem
2467 3063 2624 3116 sitam
2653 3063 2867 3123 urbem,
2897 3072 3264 3130 expugnatam
3304 3065 3533 3130 ceperit,

253 3156 354 3216 τὰς
424 3153 725 3221 συνθήκας,
772 3152 865 3202 καὶ
901 3149 1040 3218 δόλῳ
1107 3149 1308 3217 μᾶλλον
1346 3147 1376 3216 ἢ
1433 3148 1583 3215 νόμῳ
1612 3147 1854 3215 πολέμου

248 3247 470 3314 ταύτην
504 3245 644 3297 ἐλὼν
666 3261 680 3274 ·
711 3247 806 3295 καὶ
831 3244 978 3305 ὅπως
999 3241 1096 3310 τήν
1115 3257 1172 3293 τε
1204 3240 1472 3309 Βέρῤοιαν
1503 3238 1676 3290 ἐποίει
1699 3235 1858 3302 πυρί-

250 3355 509 3390 καυστον
538 3353 552 3367 ·
589 3336 683 3388 καὶ
705 3336 780 3396 ὡς
820 3334 1032 3385 ἐκεῖθεν
1064 3336 1143 3394 εἰς
1184 3333 1521 3398 Ἀντιόχειαν
1565 3326 1719 3400 ἧκεν,
1757 3328 1858 3380 Εὐ-

249 3412 539 3499 φραιμίου
569 3429 648 3495 τῷ
698 3427 874 3495 θρόνῳ
903 3425 1112 3495 ταύτης
1170 3425 1554 3492 ἐμπρέποντος
1578 3438 1589 3451 ·
1623 3421 1857 3474 καταλε-

247 3524 517 3585 λοιπότος
550 3521 608 3573 δὲ
634 3521 732 3591 τὴν
761 3519 1082 3586 ἐκκλησίαν,
1112 3518 1346 3587 μηδενὸς
1388 3516 1536 3586 αὑτῴ
1573 3514 1683 3567 τῶν
1715 3514 1856 3566 κατά

248 3618 468 3670 σκοπὸν
515 3614 803 3682 προϊόντος
832 3630 845 3642 ·
878 3612 936 3674 ὃς
974 3613 1074 3682 τὴν
1116 3610 1443 3679 ἐκκλησίαν,
1485 3611 1579 3660 καὶ
1618 3608 1685 3660 τὰ
1715 3607 1853 3675 ἀμφ’

247 3707 433 3776 αὐτὴν
488 3705 676 3756 πάντα
729 3703 1035 3774 περισῶσαι
1096 3700 1362 3768 λέγεται,
1419 3699 1856 3768 κατακοσμήσεις

243 3800 361 3859 τοῖς
401 3798 584 3867 ἱεροῖς
637 3793 1015 3863 ἀναθήμασιν,
1066 3791 1151 3844 ἴνα
1198 3791 1367 3859 λύτρα
1399 3789 1576 3860 ταύτῃ
1604 3792 1854 3856 γένηται.

247 3888 602 3960 Περιπαθῶς
660 3885 706 3939 δ’
748 3885 891 3952 ἄγαν
938 3885 1031 3936 καὶ
1088 3884 1187 3952 τῆς
1249 3882 1526 3952 Ἀντιόχου
1573 3882 1669 3951 τήν
1712 3883 1855 3934 ἀλω-

242 4002 335 4036 σιν
403 3980 796 4050 ἁναγράφεται
830 3977 966 4045 πρὸς
1017 3975 1256 4046 Χοσρόου
1311 3975 1690 4044 γεγενημένην
1715 3989 1727 4003 ο
1761 3974 1856 4025 καὶ

239 4078 315 4138 ὡς
389 4077 587 4128 πάντα
653 4070 924 4139 διέψθειρε
987 4068 1217 4122 κτείνων
1284 4068 1380 4122 καὶ
1436 4067 1852 4136 διαπυρπολῶν.

244 4172 500 4223 Ἔπειτα
549 4167 648 4219 καὶ
692 4166 844 4225 ὅπως
900 4166 956 4226 ὲς
989 4163 1088 4232 τὴν
1139 4162 1497 4228 ἀστυγείτονα
1529 4160 1855 4211 Σελεύκειαν

236 4261 405 4334 ἧκεν,
463 4261 530 4314 ἔν
563 4277 624 4312 τε
680 4258 760 4327 τῷ
807 4257 1123 4326 προαστείῳ
1176 4255 1274 4326 τῆς
1323 4256 1561 4323 Δάφνης.
1623 4254 1730 4306 Καὶ
1778 4253 1854 4316 ὡς

236 4357 385 4409 κατὰ
459 4355 571 4422 τὴν
640 4349 938 4418 ’Λπαμέων
1000 4349 1244 4414 ἐγένετο,
1312 4347 1485 4415 Θωμᾶ
1549 4343 1852 4410 τηνικαῦτα

234 4446 724 4505 ἑπισκοποῦντος.
748 4443 933 4510 λόγοις
967 4442 1062 4494 καὶ
1102 4441 1285 4510 ἔργοις
1325 4439 1471 4508 μάλα
1514 4435 1849 4502 διαφανοῦς⁹

230 4545 292 4598 ὄν
317 4545 384 4614 δή
423 4557 577 4612 φησι
612 4538 830 4606 σύναμα.
860 4535 1076 4604 Χοσρὸη
1107 4535 1204 4603 τὴν
1248 4532 1357 4583 τῶν
1394 4532 1578 4584 ἵππων
1618 4529 1851 4598 ἅμιλλαν

230 4640 288 4689 ἐν
322 4638 406 4703 τῷ
481 4630 824 4700 ἱπποδρόμῳ
868 4629 1046 4696 σοφῶς
1079 4626 1382 4692 ὑποστῆναι
1431 4624 1582 4692 παρά
1610 4624 1667 4673 τὸ
1705 4639 1853 4674 νενο-

231 4725 531 4796 μισμένον
568 4716 876 4771 θεάσασθαι
899 4733 912 4745 ο
947 4716 1022 4776 ὡς
1049 4715 1255 4768 ὲπίπαν
1285 4713 1611 4782 θεραπεύειν
1639 4713 1850 4764 ἐκεῖνον

229 4819 326 4870 καὶ
345 4817 537 4884 ὲξημε
551 4811 685 4881 ροῦν
711 4810 1011 4880 ᾑρημένον.
1041 4808 1138 4858 Ὃν
1169 4807 1403 4867 ἀστείως
1431 4804 1574 4872 μάλα
1604 4804 1852 4874 Χοσρόης

229 4911 423 4981 ἣρετο,
499 4902 565 4955 εἴ
601 4919 668 4969 γε
733 4901 920 4969 ᾑρεῖτο
954 4898 1118 4949 αὑτὸν
1153 4896 1260 4948 ἀνα
1307 4894 1406 4964 τὴν
1453 4894 1660 4948 οἰκείαν
1697 4895 1852 4946 πόλιν

226 5001 376 5054 οὕτω
407 4993 741 5053 θεάσασθαι
762 5009 776 5021 ·
811 4992 901 5043 τὸν
931 4991 972 5042 δ’
1000 4988 1264 5058 ἀλήθειαν
1294 4989 1386 5039 τοῦ
1415 4986 1616 5047 παντὸς
1648 4983 1853 5053 τιμῶν-

226 5112 319 5153 τα,
362 5092 556 5160 φάναι
619 5085 867 5150 λέγεται,
901 5081 976 5141 ὡς
1030 5081 1129 5146 οὐχ
1168 5081 1336 5149 ήδέως
1375 5077 1523 5148 ὁρῴη
1558 5079 1797 5129 ἐκεῖνον’
1828 5075 1855 5127 ὃ

228 5191 327 5241 καὶ
383 5186 485 5238 διὰ.
527 5179 739 5232 πολλοῦ
769 5177 858 5228 τὸν
892 5175 1144 5242 Χοσρόην
1190 5173 1564 5240 ποιησάμενον
1591 5170 1687 5238 τῆς
1722 5171 1857 5238 ἀλη·

228 5283 412 5344 θείας,
455 5278 565 5329 τὸν
616 5272 768 5342 ἱερέα
805 5269 1106 5338 ὑπερψυῶς
1143 5266 1408 5334 ἄγασθαι.

228 5376 424 5429 videre
491 5367 701 5428 vellet.

1886 4392 1926 4445 D

1961 3156 2171 3208 Civibus
2198 3157 2391 3223 partim
2445 3171 2540 3222 per
2567 3166 2721 3223 pacta
2743 3163 3013 3208 conventa
3052 3154 3296 3217 allectis,
3342 3166 3540 3223 partim

1960 3265 2056 3317 per
2120 3264 2272 3300 arma
2319 3247 2574 3310 devictis,
2643 3246 2845 3315 quippe
2875 3248 2968 3315 qui
3002 3247 3249 3314 improbe
3271 3263 3328 3300 se
3358 3264 3527 3317 gesse-

1961 3341 2050 3400 rit,
2110 3351 2166 3392 et
2245 3349 2397 3407 pacta
2447 3340 2672 3392 minimc
2734 3339 2986 3402 scrvarit,
3015 3338 3139 3391 dolo
3170 3341 3340 3407 magis
3374 3355 3539 3406 quam

1958 3431 2085 3485 belli
2139 3430 2262 3501 jure
2317 3431 2543 3484 civitate
2587 3446 2652 3483 ea
2706 3431 2940 3496 potitus.
3016 3430 3300 3495 Quomodo
3369 3433 3542 3485 etiam

1960 3523 2277 3578 Bcrrltmam
2307 3524 2585 3577 incensam
2617 3524 2725 3591 igni
2758 3523 3015 3575 vastarit.
3094 3523 3225 3576 Item
3259 3522 3544 3592 quomodo.

1960 3615 2086 3668 inde
2116 3616 2466 3668 Antioehiam
2514 3614 2850 3682 pervenerit,
2912 3613 2965 3665 in
3003 3613 3160 3681 cujus
3191 3623 3302 3664 tum
3336 3615 3541 3667 throno

1960 3705 2344 3774 Eupltrzcmius
2394 3705 2593 3759 enituit
2630 3722 2644 3759 ε
2685 3705 2800 3772 qui,
2866 3719 2990 3756 cum
3047 3704 3097 3756 ei
3131 3704 3272 3770 quod
3322 3704 3533 3773 agebat,

1958 3799 2095 3852 nihil
2148 3814 2210 3851 cx
2275 3798 2550 3851 sententia
2578 3795 2923 3865 procederet,
2967 3797 3255 3849 ecclesiam
3293 3797 3534 3866 reliquit,

1958 3907 2188 3960 eamque
2247 3890 2565 3959 profugiens
2623 3904 2728 3942 una
2758 3903 2883 3942 cum
2919 3888 3116 3942 vicinis
3141 3887 3390 3943 adiﬁciis
3425 3905 3513 3943 scr

1960 3984 2126 4048 vavit,
2174 3985 2346 4036 sacris
2376 3983 2623 4036 donariis
2656 3982 2849 4035 ordine
2882 3980 3182 4049 publicitus
3217 3982 3533 4048 propositis,

1960 4083 2020 4127 ut
2057 4073 2452 4141 redemptionis
2482 4081 2667 4124 essent
2695 4071 2943 4124 ecclesia:
2971 4070 3233 4137 pretium.
3266 4070 3535 4124 Praeterea

1958 4180 2219 4234 perquam
2280 4164 2665 4216 miserabiliter
2726 4172 3141 4227 commemorat,
3195 4165 3535 4230 quomodoa

1957 4258 2201 4311 Cnosroe
2231 4255 2522 4308 Antiochia
2561 4254 2632 4307 sit
2683 4265 2864 4323 Capta,
2914 4255 3005 4322 qui
3057 4255 3240 4307 omnia
3279 4255 3352 4308 ibi
3389 4255 3539 4308 ferro

1959 4347 2201 4403 concidit
2276 4358 2328 4400 et
2394 4347 2651 4401 incendio
2718 4347 2972 4400 vastavit.
3025 4346 3233 4400 Deinde
3259 4347 3539 4414 quomodo

1961 4444 2014 4495 in
2073 4441 2454 4495 suburbanum
2519 4439 2761 4508 Dapltnze
2827 4440 3037 4497 lucum,
3097 4447 3152 4493 ct
3201 4440 3253 4491 in
3296 4439 3535 4491 vicinam

1962 4534 2266 4588 Seleuciam
2321 4532 2536 4585 venerit
2603 4549 2617 4584 :
2667 4540 2722 4584 et
2781 4539 2838 4583 ut
2889 4531 2954 4584 ad
2984 4533 3279 4599 Apameam
3312 4545 3536 4598 quoque

1961 4624 2306 4694 applicuerit,
2345 4623 2554 4678 Thoma
2593 4631 2706 4678 tum
2771 4623 2845 4676 ibi
2891 4623 3267 4691 episcopatum
3297 4621 3533 4673 admini-

1961 4726 2194 4781 strante,
2244 4725 2300 4768 et
2357 4716 2468 4768 vita
2517 4722 2572 4768 et
2625 4714 2876 4767 doctrina
2944 4714 3147 4766 illustri
3184 4713 3323 4767 viro.
3362 4712 3534 4777 Quem

1960 4824 2068 4861 uua
2115 4823 2239 4862 cum
2286 4807 2529 4860 Chrosoe
2587 4805 2728 4872 apud
2783 4819 2946 4872 quem
2983 4809 3192 4873 legatus
3227 4812 3365 4864 erat,
3398 4803 3534 4855 dicit

1959 4915 2225 4970 equorum
2283 4908 2560 4952 certamen
2617 4899 2668 4948 in
2705 4896 3100 4963 llippodromo,
3126 4906 3323 4963 praeter
3351 4911 3534 4962 recep-

1964 5002 2076 5044 tum
2105 5007 2337 5052 morem,
2391 4991 2671 5058 sapienter
2727 4997 3005 5057 spectasse
3051 5004 3064 5039 :
3102 4997 3160 5039 ut
3195 4987 3347 5039 illum
3373 4987 3534 5040 scili-

1962 5095 2050 5139 cct
2108 5085 2197 5137 tali
2252 5083 2430 5135 ollicio
2457 5083 2642 5134 mitem
2673 5081 3058 5148 placatumque
3091 5094 3312 5146 prorsus
3343 5079 3534 5130 redde-

1967 5185 2070 5230 ret.
2128 5175 2268 5231 Eum
2327 5189 2451 5226 cum
2489 5175 2661 5226 laet-te
2714 5172 3010 5225 admodum
3061 5170 3335 5224 Chrosoes
3367 5169 3534 5222 inter-

1969 5275 2235 5333 rogasset,
2272 5280 2337 5316 an
2374 5264 2463 5316 ille
2508 5278 2564 5315 se
2602 5263 2668 5315 ad
2718 5262 2864 5315 hunc
2897 5260 3119 5313 modum
3182 5259 3235 5311 in
3272 5260 3406 5311 urbe
3440 5273 3535 5310 sua

815 5363 1107 5416 veritatem
1161 5362 1330 5415 rebus
1398 5358 1657 5412 oumibus
1723 5369 2129 5428 ptrponeutem
2199 5356 2548 5425 restiondisse
2582 5354 2738 5419 dicit,
2790 5353 2934 5422 quod
2995 5367 3104 5404 non
3153 5351 3535 5404 libentereum

230 5473 468 5524 visurus
518 5471 706 5519 esset.
761 5459 917 5526 Quod
948 5458 1156 5512 dietum
1217 5473 1343 5511 cum
1369 5456 1644 5510 Cbrosues
1711 5462 1933 5524 propter
1971 5454 2257 5507 veritatem
2306 5452 2530 5522 plurimi
2586 5451 2736 5514 fecit,
2805 5458 2916 5502 tum
2938 5447 3240 5500 antistitem
3274 5458 3397 5496 eum
3433 5440 3535 5494 mi-

232 5570 388 5623 ritice
421 5572 516 5621 est
557 5557 901 5614 admiratus.

307 5751 383 5816 (Ι)
443 5737 627 5812 Apud
693 5732 980 5804 Agathiam
1041 5730 1076 5784 ii
1142 5729 1405 5783 dicuntur
1470 5727 1716 5779 Bullinus
1799 5735 1856 5777 et

236 5816 502 5874 Sindual.
779 5873 825 5879 -_
945 5873 955 5879 ,
983 5873 990 5879 ,
1254 5869 1264 5879 .

304 5891 384 5960 (2)
423 5883 543 5942 Alii
580 5880 739 5932 hunc
768 5873 1084 5928 Sisualdum
1119 5873 1422 5926 nominant,

2044 5723 2122 5791 (5)
2171 5719 2387 5788 Vittigis
2433 5717 2498 5769 ad
2544 5717 2763 5791 Persam
2791 5715 2995 5791 legatos
3027 5712 3294 5791 _ntisitLatl
3325 5712 3535 5791 bellum

1966 5781 2124 5845 lloiu'.
2159 5806 2283 5845 eum
2307 5781 2574 5843 Excitans.
2602 5787 2779 5856 (Pruc.
2803 5781 2900 5839 lib.
2955 5801 2989 5840 ll
3017 5782 3152 5838 Belli
3185 5781 3431 5852 Persici.)
