4244 6438
796 444 902 508 963

2020 437 2441 497 NlCEPHORl
2488 431 2832 492 CALUSTI

3923 431 4037 494 26$

796 561 1052 612 virtutem
1117 558 1356 610 divinam
1421 553 1711 610 contrariis
1758 553 1952 622 ccrptis
1975 553 2216 606 cundum
2267 550 2369 603 sibi
2404 566 2444 620 Α

2362 550 2444 620 ῘΑ
2480 547 2756 601 σϐεννύειν
2795 546 2998 616 ταύτην
3051 544 3430 612 πειρώμενος·
3497 546 3526 613 ἡ
3580 544 3622 597 δ’
3677 544 3768 596 ἐπὶ
3831 545 4038 613 μᾶλλον

795 665 915 703 esse
938 648 1298 707 existimaret,
1332 661 1451 713 qua:
1499 644 1687 697 urbem
1740 641 2062 710 prtetcrlluit
2088 683 2100 698 .
2138 653 2357 706 aquam,

795 753 983 796 contra
1022 758 1204 812 pyram
1242 739 1552 802 ardentem,
1585 735 1940 804 exstinguere
1987 747 2102 785 eam
2150 732 2359 792 volens,

797 834 1044 887 immisit.
1103 833 1170 885 At
1227 832 1314 884 illa
1376 831 1544 898 magis
1595 827 1874 895 magisque
1937 822 2359 883 accendebatur,

797 940 1058 991 aquarum
1116 923 1222 974 vim
1286 935 1502 974 omnem
1535 916 1761 986 perinde
1801 925 1959 983 alque
1983 915 2236 982 sulphur,
2269 921 2363 965 aut

794 1016 996 1074 oleum,
1035 1025 1126 1066 aut
1171 1014 1432 1080 liquorem
1474 1010 1640 1062 alium
1695 1008 1758 1060 ad
1787 1006 2219 1059 inflammandam
2252 1020 2363 1056 ma-

795 1109 988 1160 teriam
1051 1107 1303 1159 idoneum
1355 1103 1656 1171 excipiens,
1693 1102 1742 1154 in
1799 1099 2036 1152 sublime
2064 1112 2128 1150 eo
2190 1113 2363 1166 usque

795 1200 1096 1258 ferebatur.
1132 1198 1306 1250 donec
1339 1212 1498 1265 agger
1544 1193 1721 1246 omnis
1777 1193 1832 1246 in
1884 1207 2124 1262 ageStam
2175 1192 2360 1244 consi-

796 1292 952 1354 dens,
994 1292 1045 1341 in
1075 1290 1289 1342 cineres
1323 1298 1406 1341 est
1435 1285 1705 1339 redactus.
1743 1284 1928 1352 Itaque
1979 1283 2254 1335 Cliosroes
2277 1296 2362 1334 re—

797 1385 900 1437 hus
935 1382 1065 1450 ipsis
1092 1381 1158 1434 ad
1191 1380 1625 1448 desperationem
1681 1377 1969 1439 abductus,
2005 1375 2221 1428 tandem
2253 1375 2358 1428 vim

793 1491 914 1528 eam
964 1489 1084 1542 qua:
1120 1473 1308 1525 urbem
1350 1471 1664 1524 defenderet
1711 1467 1964 1537 cognovit
1999 1483 2013 1519 :
2059 1477 2114 1520 et
2155 1468 2360 1536 pudore

799 1568 1097 1642 perculsus.
1128 1565 1180 1616 in
1223 1577 1448 1630 regnum
1482 1577 1638 1614 suum
1685 1560 1868 1621 rediit,
1899 1561 2221 1628 potniteutia
2254 1561 2357 1612 du-

795 1679 936 1729 ctus,
973 1658 1115 1734 quod
1155 1666 1334 1716 tantos
1391 1653 1588 1707 frustra
1630 1653 1844 1705 labores
1895 1652 2172 1711 subiisset,
2198 1650 2352 1718 761

797 1776 894 1828 per
921 1773 1058 1826 quos
1087 1758 1158 1808 ita
1187 1769 1379 1806 manus
1413 1759 1604 1803 contra
1638 1745 1805 1799 Deum
1845 1743 2034 1796 tollere
2069 1741 2356 1794 voluisset.

2471 642 2746 709 ἀνήπτετο
2798 638 2922 699 τοὺς
2978 637 3168 700 ὁλκοὺς
3215 636 3507 705 δεδεγμένη
3567 636 3657 689 τοῦ
3718 636 3928 700 ὓδατος,
3959 636 4038 699 ὥς

2467 733 2572 802 πέρ
2601 748 2651 783 τι
2687 730 2888 798 θεῖονῆ
2922 729 3120 790 ἔλαιον,
3154 729 3187 797 ἦ
3222 745 3275 780 τι
3297 728 3425 780 ἀλλο
3454 728 3564 779 τῶν
3608 727 3864 790 ἐξάπτειν
3900 727 4038 796 ὓλην

2466 824 2790 891 ἐπιτηδείων
2817 838 2830 852 ο
2865 824 2959 874 καὶ
2983 822 3062 882 είς
3100 820 3232 887 ὕψος
3266 821 3557 889 ἀνέτρεχεν
3593 821 3696 880 ἕως
3727 819 3787 873 οῦ
3815 821 3876 872 τὸ
3923 820 4035 873 πᾶν

2465 916 2561 969 τοῦ
2591 918 2845 985 χώματος
2902 913 3042 966 κατά
3083 915 3182 980 τὴν
3240 913 3481 980 ἀγέσταν
3527 912 3807 981 χωρῆσαν,
3862 912 4035 979 αὑτὴν

2463 1007 2869 1073 ἀπετέφρωτεν.
2903 1005 3125 1074 Ἔργοις
3151 1003 3195 1057 δ’
3221 1003 3314 1055 οὖν
3335 1005 3362 1056 ὁ
3398 1004 3645 1073 Χοσρόης
3671 1003 4034 1071 ἀπεγνωκὼς.

2465 1100 2560 1151 καὶ
2610 1097 2706 1167 τὴν
2733 1096 3061 1166 ὲγκειμένην
3116 1099 3182 1166 τῇ
3241 1097 3395 1149 πόλει
3457 1097 3691 1163 δύναμιν
3743 1097 4032 1164 ἐννοήσας,

2463 1188 2723 1259 αἰσχύνης
2787 1188 3002 1258 πλήρης
3063 1189 3156 1239 ἐπὶ
3215 1189 3286 1241 τά
3329 1190 3567 1258 σφέτερα
3601 1189 3707 1258 ἤθη
3741 1188 3902 1240 πάλιν
3934 1205 4032 1240 που

2465 1282 2652 1352 ρευτδς
2687 1277 2811 1350 ἧκε,
2853 1281 3146 1352 μεταμέλῳ
3189 1283 3495 1352 χρώμενος,
3526 1283 3603 1351 τῷ
3659 1283 3896 1352 διακένῳ
3924 1284 4036 1335 τῶν

2467 1377 2652 1427 κόπων
2689 1371 2768 1436 οἷς
2815 1376 3004 1443 χεῖρας
3033 1374 3178 1426 οὕτω
3207 1375 3325 1441 Θεῴ
3376 1375 3656 1445 ἀνταίρειν
3684 1374 4032 1443 βεϐούλευτο.

2465 1465 2634 1518 Τοῦτο
2691 1467 2790 1534 μὲν
2844 1466 2907 1535 δὴ
2963 1467 3225 1520 τοιοῦτον.
3275 1467 3429 1530 Λέξω
3465 1467 3520 1518 δὲ
3552 1467 3647 1520 καὶ
3692 1466 3721 1518 ὃ
3754 1468 3894 1520 κατά
3933 1467 4035 1532 τὴν

2463 1558 2853 1627 Σεργιούπολιν
2905 1558 3090 1612 ἄλλοτε
3141 1559 3352 1629 Χοσρόῃ
3408 1559 3652 1626 ἐγένετο·
3710 1559 3792 1611 ὅτι
3841 1575 3904 1625 γε
3940 1558 4035 1608 καὶ

2460 1650 2568 1704 τῶν
2603 1651 2749 1718 μάλα
2778 1649 3072 1713 ἀξιολόγων
3104 1653 3219 1702 ἐστὶ
3243 1652 3300 1702 τὸ
3323 1651 3507 1719 ἔργον,
3538 1650 3631 1702 καὶ
3657 1651 3847 1722 μνήμῃ
3866 1665 4035 1718 προσο

2463 1743 2584 1810 ήκει
2633 1743 2782 1794 ὲσαεὶ
2821 1741 3207 1803 διασώζεσθαι.

799 1859 977 1924 Atque
1041 1851 1290 1920 equidem
1374 1849 1487 1900 hcce
1553 1845 1632 1898 sic
1698 1844 1960 1895 habuere.
1995 1835 2176 1889 Dicam
2231 1850 2363 1888 vero
2425 1836 2635 1899 itidem,
2709 1837 2851 1905 quod
2910 1837 3040 1890 alibi
3067 1837 3326 1891 Chosroa:
3352 1836 3493 1906 apud
3527 1833 4036 1905 Sergiopolimeve-

799 1951 900 2014 uit,
950 1959 1063 1999 rem
1111 1958 1231 2011 qua:
1278 1945 1571 2001 referatur,
1605 1937 1670 1989 ad
1705 1935 1979 1988 memoriae
2023 1929 2361 2000 posteritatis
2402 1931 2748 1998 sempiterna:
2783 1928 3050 1987 tradatur.
3088 1929 3377 1983 admodum
3399 1930 3640 1999 digua’m.

1340 2051 1565 2106 CAPUT
1651 2048 1813 2101 XVII.

802 2154 877 2206 Dc
943 2163 1091 2203 crure
1156 2145 1404 2212 pretiosa,
1469 2135 2012 2212 qitnttt_Jtts_liitimtus
2070 2128 2362 2212 Sergiopol'i

869 2197 1167 2274 ᾱεᾶἰέάέει]
1209 2214 1275 2267 Et
1327 2197 1404 2263 de.
1439 2197 1696 2262 miraculo
1749 2206 1818 2256 ibi
1860 2218 2019 2272 prope
2073 2197 2362 2253 incredibili

869 2293 1032 2343 edito.

873 2425 1073 2478 lustitit
1101 2430 1156 2474 et
1184 2420 1310 2472 huic
1356 2417 1549 2485 jngum
1596 2409 1879 2464 servitutis
1915 2409 2196 2475 imponere
2228 2419 2364 2458 con-

803 2518 1052 2572 tendens.
1119 2513 1182 2566 Et
1227 2519 1514 2579 postquam
1576 2505 1773 2557 [omnia
1832 2512 1914 2553 est
1944 2514 2262 2566 aggressus,
2309 2505 2365 2548 et

801 2610 992 2661 urbem
1020 2615 1330 2670 expugnare
1353 2608 1574 2651 coactus
1603 2611 1618 2649 :
1643 2594 1710 2645 de
1739 2593 1909 2645 salute
1964 2590 2162 2641 ιΙι-Ιιίιιο
2191 2587 2360 2648 urbis,

803 2709 950 2752 utea
1002 2700 1333 2753 servaretur,
1387 2687 1641 2754 utrinque
1677 2684 1744 2736 ah
1797 2680 2176 2734 obsidentibus
2203 2679 2362 2730 simul

799 2800 858 2845 ct
890 2787 1146 2846 obsessis,
1185 2784 1313 2836 hinc
1344 2780 1469 2833 inde
1505 2777 1668 2830 verba
1723 2783 1849 2827 sunt
1899 2771 2060 2824 facta.
2089 2771 2365 2823 Postremo

805 2881 948 2933 inter
979 2887 1238 2942 utrosque
1268 2875 1546 2932 convenit,
1589 2877 1648 2920 ut
1697 2865 1869 2918 sacris
1917 2866 2238 2928 templorum
2270 2861 2366 2912 do-

805 2971 974 3024 nariis
1025 2967 1216 3021 civitas
1244 2962 1628 3015 redimeretur.
1669 2958 1878 3022 Quibus
1911 2965 1967 3010 et
1999 2970 2158 3016 crux,
2200 2967 2364 3021 quam

805 3058 1141 3116 Justinianus
1177 3064 1233 3108 et
1259 3052 1544 3105 Theodora
1584 3064 1649 3102 eo
1680 3049 1962 3108 miserant,
1990 3055 2072 3099 est
2102 3045 2366 3097 adnume-

807 3161 941 3205 rata.
984 3150 1047 3201 Et
1087 3149 1196 3217 jam
1240 3144 1308 3196 ab
1349 3144 1500 3195 urbis
1539 3142 1658 3207 ejus
1705 3139 1970 3196 antistite,
2007 3136 2237 3203 aliisque
2274 3134 2367 3202 qui

809 3258 933 3296 cum
980 3255 1045 3292 eo
1090 3237 1238 3292 missi
1270 3237 1508 3293 fuerant.
1534 3232 1596 3284 ad
1641 3231 1922 3285 Chosrueu
1951 3230 2131 3281 omnia
2171 3226 2363 3294 depor-

812 3343 919 3387 tata
962 3331 1197 3384 fuerant.
1244 3328 1418 3393 Atque
1459 3325 1574 3385 ille,
1641 3338 1769 3374 num
1820 3331 2083 3388 praue-rea
2138 3319 2190 3371 in
2237 3319 2369 3370 urbe

3066 2025 3312 2096 κειιιΑΛ.
3344 2047 3438 2097 lZ'.

2471 2134 2608 2201 Περὶ
2664 2135 2770 2188 τοῦ
2827 2137 3018 2203 τιμίου
3067 2137 3334 2202 σταυροῦ
3383 2137 3455 2190 ὃν
3490 2139 3910 2202 Ἰουστινιανὸς
3964 2139 4036 2192 ἐν

2544 2208 2964 2276 Σεργιουπύλει
3017 2207 3261 2259 ἀνέθετο
3286 2222 3299 2235 ⁶
3353 2207 3448 2258 καί
3492 2210 3621 2272 περὶ
3659 2208 3764 2261 τοῦ
3794 2210 4037 2276 γεγονό-

2543 2290 2648 2337 τος
2677 2275 2875 2327 ἐκεῖσε
2905 2276 3254 2343 παραδόξου
3287 2279 3609 2344 θαύματος.

2553 2387 2866 2452 Ἐφίσταται
2922 2389 3012 2440 καὶ
3067 2387 3240 2461 ταύτῃ
3291 2390 3459 2456 ζυγὸν
3488 2390 3732 2453 δουλείας
3762 2391 4038 2444 ἐπιθεῖναι

2474 2477 2811 2539 σπουδάζων.
2853 2480 3006 2533 Ἐπεὶ
3056 2480 3187 2546 γοῦν
3231 2481 3304 2548 τῷ
3355 2484 3523 2549 τείχει
3578 2484 3906 2549 προσέϐαλε,
3943 2487 4040 2536 καὶ

2473 2569 2790 2638 πολιορκεῖν
2821 2571 3105 2638 ἐπειρᾶτο,
3140 2573 3206 2624 τὰ
3244 2575 3374 2642 περὶ
3404 2576 3674 2644 σωτηρίας
3701 2577 3797 2641 τῆς
3829 2578 4039 2637 πόλεως

2473 2663 2619 2723 ὅπως
2651 2662 2874 2730 σωθείη,
2930 2663 3060 2732 παρ’
3094 2665 3378 2732 ἑκατέροις
3433 2668 3544 2725 τοῖς
3580 2683 3639 2716 τε
3683 2665 4039 2733 πολιορκοῦσι

2478 2755 2569 2804 καὶ
2632 2754 3107 2822 πολιορκουμένοις
3140 2756 3450 2808 διελαλεῖτο.
3506 2757 3668 2818 Τέλος
3726 2756 4042 2809 συνὲὁαινον

2475 2847 2607 2913 πρὸς
2635 2846 2920 2915 ἀλλήλους,
2953 2847 3094 2899 ὥστε
3127 2850 3192 2898 τά
3223 2849 3338 2900 Osi:
3365 2850 3624 2917 κειμήλια
3667 2851 3836 2917 λύτρα
3867 2852 4040 2919 ταύτῃ

2473 2938 2727 3002 γενέσθαι
2752 2952 2765 2966 ·
2792 2933 2872 2999 οἷς
2903 2940 3332 3004 συγκατείλεκτο
3367 2942 3460 2992 καὶ
3492 2941 3722 3008 σταυρὸς
3767 2943 3872 2994 ὑπὸ
3911 2940 4042 2993 Ἰου-

2478 3027 2748 3080 στινιανοῦ
2772 3028 2864 3078 καὶ
2898 3028 3179 3095 Θεοδώρας
3225 3029 3516 3096 πεμφθείς.
3554 3031 3638 3092 Ὠς
3673 3032 3716 3083 δ’
3747 3027 3841 3083 οὖν
3883 3034 4039 3095 παρὰ

2475 3118 2565 3170 τοῦ
2598 3120 2695 3186 τῆς
2733 3118 2938 3179 πόλεως
2970 3120 3158 3186 ἱερέως
3187 3122 3279 3171 καὶ
3311 3120 3418 3172 τῶν
3460 3123 3556 3172 σὺν
3586 3122 3734 3190 σὺτῴ
3765 3121 4043 3189 πεμφθέν-

2475 3227 2582 3262 των
2611 3211 2669 3271 ὲς
2693 3211 2941 3279 Χοσρόην
2977 3211 3192 3263 ἅπαντα
3224 3211 3534 3274 διεσώζετο,
3573 3216 3782 3275 ἐκεῖνος
3809 3217 4046 3265 ἀνεπυνο

2482 3304 2690 3368 θάνετο,
2721 3306 2768 3355 εί
2804 3307 2878 3372 μὴ
2919 3307 3013 3356 καὶ
3054 3306 3219 3371 ἕτερα
3254 3306 3555 3375 ὑπελείφθη
3584 3309 3648 3375 τῇ
3681 3309 3854 3360 πόλει.
3897 3309 4046 3375 Harp-

810 3423 1107 3491 quidquam
1138 3391 1408 3485 reliquum
1465 3422 1628 3476 esset,
1680 3412 2052 3480 interrogavit.
2087 3409 2254 3465 Alfuit
2295 3408 2370 3461 ibi
2401 3395 2442 3450 (ἶ

2367 3395 2442 3461 L(1
2476 3391 2550 3443 ὼν
2599 3393 2655 3444 δέ
2710 3409 2794 3454 τις
2839 3393 2947 3445 τῶν
3022 3395 3376 3463 ἀληθίζεσθαι
3435 3397 3740 3459 είωθότων,
3826 3399 4043 3468 Χοσρὸῃ

812 3512 1056 3581 quidam,
1114 3522 1304 3562 verum
1356 3506 1538 3559 dicere
1585 3502 1780 3556 solitus
1809 3544 1823 3566 ,
1868 3512 1924 3555 et
1970 3501 2246 3563 Chosroze,
2272 3499 2374 3551 alia

811 3602 1055 3671 quaedam
1101 3614 1268 3667 pauca
1300 3596 1593 3650 admodum
1619 3595 1671 3646 in
1695 3593 1832 3646 urbe
1865 3608 1892 3645 a
1917 3592 2132 3645 civibus
2163 3591 2375 3644 occulte

814 3692 1080 3747 asservari
1119 3690 1475 3744 renuntiavit.
1515 3688 1592 3740 Ac
1641 3686 1760 3738 auri
1792 3684 2013 3752 quidem
2046 3683 2128 3736 vel
2165 3681 2374 3751 argenti

814 3785 1010 3851 reliqui
1043 3782 1177 3834 nihil
1215 3795 1355 3842 esse.
1389 3779 1481 3833 sed
1514 3779 1740 3832 alterius
1788 3777 1946 3846 longe
1978 3773 2374 3844 praestantioris

813 3886 868 3929 et
899 3877 1008 3929 Deo
1037 3873 1228 3927 dicatae
1260 3873 1521 3932 materie.
1555 3873 1609 3924 in
1639 3886 1743 3938 qua
1765 3884 1886 3923 ossa
1922 3868 2097 3936 Sergii
2119 3869 2376 3936 martyris

815 3973 1242 4024 asservarcntur,
1269 3976 1458 4013 urnam
1492 3961 1813 4030 sublongam
1844 3975 1909 4013 ex
1937 3967 2164 4028 argento
2194 3959 2372 4012 fabre-

815 4054 1009 4110 fartam
1056 4063 1286 4106 restare.
1339 4051 1453 4105 Hoc
1485 4051 1575 4105 ubi
1624 4051 1898 4105 Chosroes
1944 4051 2177 4112 audivit,
2229 4051 2376 4103 illico

815 4144 1114 4198 exercitum
1152 4157 1369 4196 onmem
1402 4145 1467 4195 ad
1509 4141 1929 4196 ex-scindendam
1959 4141 2147 4194 urbem
2188 4155 2253 4194 ex
2287 4155 2377 4193 ca-

818 4249 1051 4289 strorum
1091 4234 1444 4288 munimentis
1475 4234 1682 4287 eduxit.
1705 4231 2001 4286 Confestim
2042 4247 2173 4285 vero
2210 4232 2375 4285 innu-

819 4327 1109 4379 merabiles
1149 4332 1579 4392 propugnatores
1635 4339 1800 4392 supra
1851 4323 2040 4376 urbem
2089 4338 2374 4391 apparere,

819 4434 984 4486 seque
1014 4417 1077 4470 ad
1110 4416 1356 4469 eamdem
1397 4413 1792 4467 defendendam
1828 4428 2040 4482 parare,
2089 4422 2251 4480 atque
2281 4428 2376 4479 per

821 4523 1003 4562 muros
1037 4507 1237 4575 ubique
1288 4505 1596 4558 discurrere
1627 4505 1726 4558 visi
1759 4515 1908 4558 sunt.
1948 4505 2114 4557 Porro
2143 4514 2201 4557 ut
2251 4503 2376 4566 hoc,

819 4598 912 4667 qui
963 4599 1029 4650 ad
1075 4596 1496 4666 Oppuguandum
1549 4597 1700 4650 missi
1753 4597 1989 4654 fuerant,
2023 4595 2298 4656 viderunt,
2347 4609 2378 4645 e

818 4687 1045 4755 vestigio
1099 4688 1164 4738 ad
1216 4686 1492 4738 Chosroen
1549 4686 1775 4748 reversi,
1847 4700 1968 4738 cum
2027 4684 2374 4738 defensorum
2409 4722 2455 4776 ο

820 4777 1054 4832 civitatis
1075 4777 1505 4836 multitudinem.
1540 4786 1652 4828 tum
1687 4777 1935 4828 timorem
1964 4791 2148 4838 suum,
2169 4778 2376 4845 quieos

820 4880 1172 4932 cxarniasset,
1212 4866 1500 4936 stupefacti
1551 4878 2069 4922 commemorarunt.
2108 4867 2381 4922 Chosroes

823 4971 1025 5017 autem.
1058 4959 1148 5011 ubi
1174 4959 1388 5011 curiose
1427 4961 1607 5011 omnia
1665 4969 1960 5017 scrutatus,
1996 4959 2148 5012 valde
2178 4976 2378 5027 paucos

820 5051 904 5102 vel
938 5049 1238 5101 immatura:
1267 5049 1352 5100 vel
1397 5049 1620 5101 exoletze
1662 5048 1836 5100 relatis
1880 5047 2129 5101 homines
2157 5051 2209 5101 in
2244 5050 2381 5102 urbe

822 5156 960 5201 esse,
993 5140 1230 5192 robustis
1261 5139 1513 5191 omnibus
1548 5153 1577 5191 e
1598 5137 1778 5191 medio
1814 5137 2065 5202 sublatis,
2095 5141 2378 5207 comperit,

823 5248 934 5282 rem
973 5244 1091 5282 eam
1135 5229 1468 5282 sublimioris
1507 5228 1737 5296 alicujus
1786 5228 2092 5295 potestatis,
2144 5237 2198 5281 ct
2242 5246 2381 5281 mar-

825 5322 960 5390 tyris
989 5320 1260 5388 principue
1287 5334 1406 5373 esse
1437 5319 1744 5386 suSpicatus
1785 5329 1887 5372 est.
1921 5316 1997 5370 Ac
2033 5319 2226 5373 timore
2260 5336 2372 5374 cor-

826 5421 1033 5480 reptus,
1060 5411 1538 5479 Christianamque
1582 5410 1895 5479 religionem
1933 5427 2259 5481 magnopere
2291 5412 2383 5464 ad-

825 5503 1098 5563 miratus,
1155 5501 1362 5563 statim,
1412 5501 1748 5554 obsidionem
1827 5503 2035 5568 solvit,
2095 5515 2260 5572 atque
2326 5504 2377 5555 iu

823 5593 1083 5645 ditionem
1115 5605 1265 5643 suam
1300 5606 1548 5644 reversus
1574 5603 1676 5648 est.
1713 5594 1871 5662 762
1897 5594 2056 5647 Fama
2091 5609 2219 5647 vero
2243 5595 2385 5646 obti-

824 5691 937 5740 net,
992 5682 1270 5734 Chosroen
1334 5681 1518 5742 istutn,
1556 5684 1716 5750 paulo
1771 5698 1896 5736 ante
1939 5685 2173 5747 obitum,
2211 5685 2382 5737 sacris

828 5769 1030 5822 nostris
1061 5769 1331 5822 initiatum
1385 5778 1547 5838 atque
1595 5771 1660 5822 ad
1705 5771 1948 5824 divinum
1981 5773 2252 5826 lavacrum
2289 5772 2384 5824 ad-

827 5864 1054 5918 missum
1091 5875 1230 5915 esse.
1269 5859 1522 5914 Scdcnim
1570 5871 1622 5915 et
1673 5872 1876 5930 pestem
1925 5880 2041 5918 eam
2094 5881 2212 5933 quae
2268 5873 2378 5918 tum

2478 3484 2804 3554 ἐπήγγελλε,
2844 3486 2936 3564 καὶ
2986 3485 3150 3555 ἕτερα
3190 3480 3332 3538 εἶναι
3371 3488 3722 3557 εὑαρίομητα.
3753 3489 3875 3542 λίαν
3898 3475 4044 3559 θηρὸς

2478 3576 2587 3626 τῶν
2635 3575 2873 3627 πολιτῶν
2908 3577 3378 3647 ὲναποκρυὸέντα,
3413 3579 3575 3647 μηδὲν
3605 3581 3736 3632 δέτι
3773 3580 3977 3649 χρυσοῦ

2479 3665 2722 3734 ἀργύρου
2751 3664 3142 3732 ἀπολελεῖφθαι
3164 3684 3178 3698 ·
3211 3668 3378 3735 ἄλλης
3411 3669 3468 3720 δὲ
3504 3669 3635 3738 ὓλης
3658 3672 4046 3740 προύργιαιτέ-

2483 3774 2581 3826 ρας
2604 3756 2722 3826 Θεῷ
2750 3755 3060 3826 ἀνειμένης,
3096 3761 3161 3810 τὰ
3190 3757 3284 3811 τοῦ
3315 3760 3590 3829 μάρτυρος
3627 3763 3788 3814 ὀστέα
3815 3763 4044 3832 Σεργίου

2480 3851 2992 3918 περιφρουρούσηςο
3030 3847 3173 3901 εἶναι
3227 3849 3273 3901 δ’
3326 3853 3547 3920 ἐκείνην
3582 3855 3741 3923 σορὸν
3794 3857 4046 3926 ἐπιμήκη

2479 3940 2722 4009 ἀργύρου
2771 3940 3167 4010 πεποιημένην.
3207 3942 3296 4004 Ὠς
3348 3943 3404 3995 δὲ
3450 3944 3604 3997 ταῦτ’
3633 3949 3859 4015 ἠκηκόει
3907 3951 4048 4003 Χοσ-

2481 4034 2612 4102 ρόης
2637 4074 2650 4097 ,
2691 4033 2852 4094 εὐθὺς
2907 4032 2994 4085 τὸν
3024 4034 3146 4085 ὅλον
3197 4035 3452 4102 ἐπαφῆκε
3496 4037 3726 4105 στρατὸν
3757 4039 3854 4107 τὴν
3891 4041 4049 4091 πόλιν

2481 4125 2723 4192 πορθεῖν.
2755 4125 3042 4192 Ἐξαπίνης
3081 4125 3125 4176 δ’
3154 4126 3323 4187 ἀσπὶς
3356 4127 3525 4195 μυρία
3551 4129 3924 4198 ὑπερφανεῖσα
3951 4136 4050 4200 τῆς

2481 4218 2682 4277 πόλεως
2715 4210 2886 4280 ὧπτο,
2932 4217 3136 4284 ταύτης
3193 4219 3541 4288 ὑπερμαχεῖν
3586 4222 4044 4292 διεσκευασμένη,

2481 4307 2757 4376 πανταχοῦ
2786 4309 2878 4360 τὸν
2929 4307 3216 4376 περίϐολον
3248 4308 3564 4364 διαθέουσα.
3603 4312 3693 4374 Ὠς
3727 4312 3784 4366 δὲ
3811 4314 3964 4366 ταῦθ’
3999 4317 4048 4365 ot

2482 4401 2823 4468 πεμφθέντες
2854 4401 3130 4464 τεθέαντο,
3193 4401 3359 4463 εὐθὺς
3406 4403 3546 4471 πρὸς
3603 4405 3859 4474 Χοσρόην
3913 4407 4050 4459 ὑπέ-

2483 4508 2732 4560 στρεφον,
2784 4493 2844 4545 τό
2883 4509 2941 4544 τε
2980 4492 3184 4562 πλῆθος
3228 4493 3337 4546 τῶν
3398 4495 3888 4564 ὑπερασπιζόντων
3951 4503 4050 4568 τῆς

2484 4585 2689 4646 πόλεως
2724 4585 3047 4650 τεθηπότες.
3083 4587 3177 4637 καὶ
3207 4587 3306 4653 τὴν
3336 4587 3636 4657 ἀφόπλισιν
3670 4590 4048 4660 διηγούμενοι.

2493 4677 2581 4738 Ὠς
2613 4677 2668 4728 δὲ
2701 4679 3200 4747 περιεργαζόμενος
3229 4680 3256 4730 ὁ
3283 4679 3528 4749 Χοσρόης
3559 4683 3822 4748 ἐγνώριζε
3853 4685 4052 4756 κομιδῇ

2485 4769 2705 4839 βραχεῖς
2749 4771 3106 4838 ἑναπομεῖναι
3136 4773 3204 4839 τῇ
3233 4772 3389 4824 πόλει
3441 4774 3678 4843 ἐξώρους
3707 4792 3765 4828 τε
3810 4781 3906 4827 καὶ
3943 4779 4052 4829 ἀώ-

2484 4879 2631 4932 ρους,
2660 4863 2758 4928 τῆς
2814 4863 3095 4931 σφιγώσης
3147 4864 3365 4931 ἡλικίας
3426 4866 3670 4919 ἐκποδὼν
3726 4869 4051 4940 γενομένης,

2484 4955 2862 5022 ἀνελάμϐανεν
2913 4955 3226 5024 ὑπερτέρας
3265 4956 3547 5025 δυνάμεως
3579 4955 3720 5010 εἶναι
3773 4961 3832 5011 τὸ
3863 4961 4052 5028 ἔργον,

2485 5048 2578 5098 καὶ
2613 5045 2810 5114 μᾶλλον
2841 5046 2932 5098 τοῦ
2993 5049 3292 5116 μάρτυρος.
3344 5051 3538 5111 Δείσας
3570 5051 3623 5102 δὲ
3661 5052 3750 5103 καὶ
3793 5054 3892 5118 τὴν
3922 5055 4056 5122 Χρι-

2490 5139 2719 5189 στιανῶν
2752 5139 2932 5189 πίστιν
2981 5141 3072 5192 ἐπὶ
3118 5140 3259 5208 μέγα
3289 5140 3583 5208 ἀγάμενος,
3623 5143 3784 5204 εὐθὺς
3821 5145 3922 5211 τὴν
3954 5166 4053 5198 πι-

2490 5225 2740 5294 λιορκίαν
2774 5227 2964 5290 λύσας,
3007 5229 3140 5296 πρὸς
3174 5231 3240 5280 τὰ
3268 5232 3442 5281 οἰκεῖα
3487 5232 3877 5301 μετεχώρησεν
3903 5237 4055 5302 ὅρια.

2489 5319 2658 5384 Λόγος
2680 5317 2725 5370 δ’
2757 5319 2868 5387 ἔχει
2907 5321 3123 5371 τουτονί
3153 5320 3399 5388 Χοσρόην
3429 5322 3574 5372 τέλει
3628 5323 3720 5374 τοῦ
3747 5322 3865 5389 βίου
3909 5327 4056 5394 χρώ-

2495 5427 2677 5478 μενον,
2723 5411 3006 5480 μυηθῆναί
3063 5429 3120 5464 τε
3173 5415 3240 5466 τὰ
3302 5415 3576 5484 ἡμέτερα,
3630 5418 3726 5468 καὶ
3769 5417 3859 5468 τοῦ
3902 5419 4056 5470 θείου

2484 5499 2746 5567 ἠξιῶσθαι
2775 5502 3020 5570 λουτροῦ.
3055 5502 3162 5555 Ναὶ
3181 5506 3288 5574 μὴν
3314 5507 3406 5557 καὶ
3435 5506 3502 5558 τά
3528 5507 3624 5575 τῆς
3663 5507 4056 5577 ὲπισκηψάσης

2489 5594 2646 5642 νόσου
2679 5593 2985 5660 τηνικαῦτα
3024 5594 3096 5654 ὡς
3149 5597 3270 5648 ἐνὸν
3303 5598 3673 5667 διηγήσομαι,
3709 5600 3829 5668 ἥτις
3859 5600 3923 5670 δὴ
3960 5605 4057 5655 καὶ

2487 5684 2547 5734 τὸ
2579 5683 2800 5750 σύμπαν
2828 5687 2900 5747 ώς
2952 5689 3125 5738 εἰπεῖν
3183 5691 3283 5755 τῆς
3333 5692 3660 5760 οἰκουμένης
3695 5695 4054 5764 ἐπενεμήθηο

2486 5775 2621 5844 ὅπερ
2671 5777 2736 5827 ἄν
2770 5777 2888 5828 ποτ’
2922 5774 3086 5847 ἦλθεν
3119 5781 3197 5839 είς
3247 5781 3417 5848 ἀκοὴν
3442 5819 3458 5843 ,
3491 5781 3747 5854 δεύτερον
3785 5785 3880 5837 καὶ
3921 5803 4055 5840 πεν-

2486 5868 2746 5935 τηκοστὸν
2781 5869 2897 5932 ἔτος
2931 5870 3189 5933 ἐπιούσης
3225 5872 3322 5928 τὴν
3353 5873 3475 5933 γῆν.
