4244 6438
311 438 426 502 369

911 552 1162 605 ΚΕΦΑΛ.
1219 554 1300 604 Κ’.

316 645 654 714 Ἕκρρασις
682 645 787 699 τοῦ
826 643 1097 712 μεγάλου
1135 641 1420 708 τεμένους
1459 641 1568 714 τῆς
1597 640 1701 693 τοῦ
1735 638 1883 714 Θεοῦ

380 711 574 787 eam
613 711 874 787 Σοφίαρ·
918 713 1064 787 ὅπερ
1122 713 1542 787 Ἰουστινιανύς
1592 714 1740 763 Θεὸν
1767 711 1887 761 δια-

380 782 899 856 φερὀτωςὶιμῶν
931 782 1322 849 ἀνιδρύσατο.

395 904 455 956 ὐ
479 905 537 956 δὲ
575 901 952 963 Ίουστινιανὸς
1006 899 1237 963 πολλοὺς
1284 899 1382 968 μὲν
1407 900 1539 962 νεὼς
1571 899 1886 967 ἁπανταχοῦ

303 999 404 1062 τῆς
427 994 758 1064 οἰκουμένης
787 995 1089 1060 ἀνέστησεν
1121 994 1202 1053 εις
1231 992 1426 1054 κάλλος
1449 992 1884 1060 ἐξησκημένους,

311 1090 552 1156 tta-list:
584 1086 628 1138 δ’
658 1089 716 1138 ὲν
747 1085 1322 1139 Κωνσταντινουπόὶει
1351 1087 1665 1153 περιφανεῖς
1692 1084 1888 1152 ἐδομή-

308 1195 441 1228 uno
476 1178 556 1237 si;
582 1175 780 1236 κὰλὶος
815 1177 930 1241 ἃμα
973 1175 1063 1226 καὶ
1096 1173 1325 1242 μέγεθος
1358 1177 1666 1242 προῖόντας.
1725 1171 1892 1226 Ἐδεί-

305 1286 450 1334 pato
484 1268 563 1330 δὲ,
628 1269 772 1336 μέγα
807 1283 859 1318 τι
916 1267 1108 1334 χρῆμα
1166 1267 1261 1318 καὶ
1310 1265 1698 1336 ἁπαράϐλητᾳν
1755 1267 1887 1333 μηδὲ

304 1364 530 1413 πώποτε
596 1360 904 1430 ἱστορηθὲν.
959 1362 1046 1410 τὸν
1077 1360 1252 1427 μέγαν
1281 1359 1376 1428 τῆς
1403 1358 1495 1410 τοῦ
1528 1359 1661 1410 Θεοῦ
1705 1360 1884 1425 Λόγου

302 1455 507 1522 quue;
536 1454 696 1512 νεὼν.
740 1452 1001 1522 μέγιστόν
1032 1468 1089 1502 τε
1126 1451 1250 1502 λίαν
1291 1453 1384 1504 καὶ
1417 1452 1885 1518 εὐπρεπέστατον,

300 1553 398 1598 καὶ
432 1547 590 1608 λόγου
616 1546 848 1612 δύναμιν
877 1542 1302 1612 ὑτ-ερόιίνοντα.
1350 1541 1492 1608 Ἐγὼ
1517 1541 1561 1593 δ’
1585 1541 1658 1603 ὡς
1684 1538 1797 1595 οἷόν
1828 1562 1884 1596 τε

301 1637 647 1704 πειράσομαι
689 1634 845 1685 τοῦτο
885 1631 1213 1698 ἐπιδραμεῖν
1269 1628 1362 1680 καὶ
1408 1628 1714 1698 διαγράψαι
1750 1631 1889 1698 λόγῳ

298 1731 368 1778 τὸ
403 1727 656 1794 τέμενος.

1189 434 1782 496 ECCLESIASTiC/E
1826 431 2211 493 HISTORIA:
2255 430 2397 489 LIB.
2441 428 2623 488 XV".

3455 433 3561 494 210

2582 539 2803 598 CAPUT
2848 540 2961 594 XX.

1997 641 2287 710 Descriptio
2350 641 2560 710 augusti
2618 636 2797 710 templi
2872 637 2960 690 Dei
3025 633 3175 710 i'erbt'
3241 632 3561 710 Sapienti‘rr,

2065 707 2202 781 quod
2248 707 2585 765 Justiniunus
2639 707 2803 759 Deum
2863 707 3193 760 sanctissime
3250 708 3426 758 colem
3483 707 3566 757 iu-

2066 785 2346 835 stauravit.

2064 890 2402 945 Justinianus
2460 907 2623 960 porro
2700 886 2868 943 multa
2934 887 3158 941 delubra
3222 904 3422 956 passim
3503 888 3556 940 in

1994 983 2128 1035 orbe
2163 991 2430 1034 terrarum
2474 983 2843 1050 pulcherrima
2877 980 3140 1034 excitavit
3171 996 3186 1032 :
3220 979 3562 1046 potissimum

1995 1088 2176 1128 autem
2197 1073 2676 1142 Constantinopoli
2713 1073 3129 1143 przeclarissima
3171 1071 3389 1138 templa,
3429 1086 3563 1138 pra--

1996 1167 2156 1218 stanti
2192 1168 2360 1218 forma
2385 1177 2438 1218 et
2483 1167 2854 1236 magnitudine
2902 1164 3232 1218 construxit.
3265 1164 3319 1215 lu
3363 1163 3564 1230 quibus

1999 1261 2184 1325 ingens
2220 1260 2307 1311 illa
2345 1269 2399 1312 et
2435 1259 2892 1326 incomparabilis.
2916 1274 3093 1327 neque
3131 1272 3372 1325 unquam
3401 1263 3557 1306 antea

1994 1341 2108 1404 visa
2159 1351 2377 1404 basilica
2407 1361 2511 1415 est,
2553 1362 2844 1420 augustum
2879 1350 3167 1419 Sapientia:
3399 1346 3560 1399 Verbi

1998 1443 2090 1496 Dei
2136 1446 2392 1512 templum
2432 1445 2728 1496 maximum
2771 1459 2901 1497 sane
2953 1441 3108 1504 illud,
3141 1452 3306 1509 atque
3366 1438 3565 1492 decen-

1997 1536 2290 1599 tissimum,
2323 1545 2378 1588 et
2411 1536 2554 1604 quod
2585 1538 2850 1589 orationis
2896 1536 3000 1588 vim
3031 1550 3248 1588 omnem
3286 1534 3443 1600 longe
3476 1546 3566 1582 su-

1998 1629 2396 1697 pergrediatur.
2459 1630 2591 1698 Ejus
2630 1641 2959 1683 structuram
3014 1645 3077 1681 ex
3137 1612 3398 1693 i’rot'opio
3465 1623 3567 1677 hoc

1997 1721 2116 1773 loco
2144 1722 2389 1774 inserere
2417 1723 2595 1775 visunt
2637 1732 2720 1775 est
2748 1740 2759 1773 :
2790 1724 2945 1791 cujus
2993 1723 3157 1774 verba
3198 1721 3311 1773 haec
3345 1727 3492 1771 sunt.

559 1889 734 1948 Deest
779 1891 890 1948 hoc
935 1887 1068 1949 loco
1117 1889 1456 1966 descriptio
1498 1895 1827 1946 structurae
1875 1883 2087 1960 templi
2121 1885 2387 1966 ,ςορὶιὶφΔ
2419 1883 2607 1943 Verbi
2645 1883 2779 1953 Dei,
2821 1880 3370 1958 Constantinopoli

1452 1987 1489 2026 α
1524 1967 1886 2027 Iustiniano
1937 1966 2282 2024 restourati
2317 1962 2423 2042 (1).

379 2145 399 2177 ε
437 2124 703 2178 llomiues
757 2121 1053 2190 aliquando
1108 2120 1343 2190 gregarii
1402 2128 1458 2172 et
1515 2119 1634 2173 leve
1689 2120 1884 2185 vulgus
1918 2123 1956 2176 lt
1986 2117 2163 2168 cturis
2193 2116 2482 2170 venustior
2512 2125 2676 2182 atque
2701 2115 3007 2169 decentior.
3051 2114 3285 2167 Lumine
3335 2127 3466 2165 vero
3511 2122 3565 2166 et

298 2219 753 2272 Christianorum
814 2213 1129 2290 ecclesiam,
1183 2211 1476 2265 incendere
1553 2209 1670 2264 ausi
1738 2216 1887 2284 sunt.

296 2310 572 2374 Supbiam
633 2307 881 2376 Byzantii
955 2304 1220 2372 templum
1288 2302 1364 2366 id,
1439 2299 1886 2355 commodissime

295 2416 612 2471 eugnomen
649 2401 753 2453 hoc
791 2400 899 2451 Deo
949 2397 1274 2459 tribuentes,
1345 2405 1564 2449 vocant.
1631 2393 1889 2447 Permisit

297 2496 356 2548 id
394 2493 714 2546 hominibus
740 2490 990 2548 nefariis,
1027 2499 1088 2542 ut
1117 2489 1455 2556 impietatem
1523 2496 1728 2541 tantam
1791 2501 1886 2553 pa-

296 2593 537 2642 trarent.
565 2583 708 2652 quod
746 2583 1059 2650 praeviderit
1086 2581 1150 2632 ad
1182 2591 1444 2647 quantam
1505 2576 1888 2646 pulchritudi-

295 2693 433 2731 nem
464 2677 651 2728 fanum
687 2675 736 2726 id
764 2673 1062 2741 aliquando
1091 2674 1440 2733 restitutum,
1478 2680 1878 2738 perventurum

295 2779 477 2822 esset.
530 2769 721 2835 Itaque
771 2766 1006 2820 ecclesia
1067 2773 1260 2817 exusta
1327 2773 1438 2815 tota
1485 2775 1602 2814 tum
1645 2761 1884 2828 jacebat.

291 2861 656 2914 Justinianus
692 2869 885 2910 autem
923 2858 994 2910 ita
1027 2871 1148 2908 eam
1183 2854 1477 2923 aliquando
1501 2863 1622 2922 post
1677 2852 1888 2920 expoli-

294 2959 402 3011 vit.
434 2964 496 3006 ut
537 2952 583 3005 si
638 2961 796 3004 antea
822 2949 1093 3017 quisliiam
1134 2947 1507 3014 cognovisset.
1561 2953 1617 2996 et
1674 2944 1888 2997 descri-

293 3047 550 3114 ptionem
585 3041 803 3094 aedilicii
837 3055 982 3092 nunc
1003 3038 1275 3092 exstantis
1296 3036 1652 3101 ostendisset,
1683 3036 1736 3088 in
1794 3050 1890 3087 vo-

296 3139 376 3190 tis
413 3135 709 3188 babiturus
735 3132 970 3201 quilibet
1001 3130 1187 3191 fuerit,
1243 3136 1304 3182 ut
1358 3127 1594 3181 ecclesia
1659 3141 1889 3195 prorsus

291 3231 624 3298 disperit-ct,
659 3242 768 3295 quo
814 3240 876 3278 ea
930 3224 1124 3284 forma,
1156 3224 1211 3275 in
1239 3237 1402 3290 quam
1425 3229 1509 3274 est
1565 3222 1619 3273 in
1649 3234 1888 3288 ιιι-ωεξη-

295 3326 376 3376 tia
409 3321 667 3378 redacta.
696 3317 1130 3382 constticeretur.
1152 3313 1406 3368 Artiﬁces
1427 3328 1664 3381 namque
1717 3313 1890 3380 impe-

295 3423 459 3465 rator
491 3427 557 3464 ex
582 3406 887 3478 provinciis
911 3407 1168 3458 omnibus
1205 3418 1399 3458 omnes
1415 3404 1687 3465 evocavit,
1721 3413 1884 3470 atque

1993 2207 2123 2260 solis
2147 2207 2436 2276 splendore
2471 2208 2700 2262 miriﬁce
2727 2209 2988 2261 abundat.
3051 2209 3168 2261 Non
3219 2209 3567 2261 extrinsecus

1993 2301 2168 2355 locum
2202 2316 2326 2356 eum
2354 2302 2468 2356 sole
2502 2301 2791 2362 illustrari,
2828 2319 3018 2356 verum
3085 2303 3234 2354 intus
3292 2300 3426 2353 oriri
3481 2301 3569 2352 lu-

1989 2410 2108 2446 cem
2141 2395 2310 2448 dicas.
2343 2395 2515 2448 Tanta
2549 2397 2631 2449 vis
2663 2397 2804 2449 lucis
2829 2396 2880 2448 in
2919 2397 3182 2464 templum
3213 2395 3318 2448 hoc
3359 2394 3566 2447 ditl‘un-

1990 2483 2158 2537 ditur.
2193 2485 2382 2538 Facies
2415 2486 2559 2554 ejus,
2610 2501 2734 2554 pars
2796 2486 3006 2539 scilicet
3057 2488 3328 2538 orientem
3390 2484 3562 2537 solem

1992 2576 2311 2642 restiiciens,
2348 2577 2438 2630 ubi
2462 2579 2717 2645 mysteria
2752 2585 2806 2630 et
2827 2593 3026 2631 arcana
3088 2580 3195 2630 Deo
3223 2594 3374 2630 sacra
3405 2577 3563 2638 fiunt,

1993 2669 2054 2718 ad
2087 2668 2234 2721 hunc
2263 2668 2483 2722 modum
2502 2681 2586 2724 est
2618 2681 2916 2724 exstructa.
2944 2669 3256 2723 Edim-ium
3284 2670 3561 2736 quoddam

1991 2758 2216 2810 dimidia
2253 2773 2318 2811 ex
2379 2767 2532 2826 parte
2569 2761 2866 2814 rotundum
2900 2772 2957 2815 et
3001 2764 3368 2824 turbinatum,
3417 2762 3565 2830 quod

1989 2857 2124 2908 artis
2155 2856 2318 2924 hujus
2344 2857 2506 2925 periti
2559 2855 3018 2927 hemicyliudrum
3046 2856 3356 2917 nominant,
3389 2855 3441 2906 in
3473 2870 3566 2907 su-

1994 2947 2318 3001 blimitatem
2353 2949 2680 3002 immensam
2714 2950 2978 3001 excurrit.
3021 2948 3218 3016 Operis
3250 2948 3414 3016 hujus
3446 2948 3568 2999 alti-

1995 3039 2149 3100 tudo,
2180 3041 2233 3092 in
2271 3050 2519 3107 quartam
2577 3041 2906 3094 orbicularis
2955 3041 3138 3109 ligurzn
3179 3051 3387 3108 partem
3441 3056 3566 3093 eva-

1990 3133 2092 3186 dit.
2119 3133 2361 3198 Desuper
2395 3143 2676 3186 structura
2712 3135 2817 3187 alia
2855 3136 3043 3188 lunata
3099 3135 3299 3192 l‘ortna.
3335 3136 3402 3187 ab
3436 3134 3570 3185 mdi-

1995 3223 2100 3278 ticii
2125 3224 2432 3278 artificibus
2460 3226 2511 3278 ei
2545 3226 2799 3294 imposita
2837 3229 3065 3289 eminet,
3096 3228 3313 3280 decenti
3341 3228 3562 3295 quidem

1994 3315 2404 3383 pulchritudine
2429 3316 2750 3370 admiranda
2793 3318 2908 3371 illa.
2935 3318 3027 3369 sed
3066 3334 3186 3386 qua!
3246 3319 3564 3386 periculosa

1993 3408 2416 3476 compositionis
2442 3412 2922 3479 coagmentatione
2945 3413 3283 3466 horrendum
3304 3414 3565 3480 quiddam

296 3461 447 3465 __--.
499 3461 600 3478 -,,,
660 3461 669 3462 κ
1677 3461 1684 3465 ,
1797 3461 1810 3470 _
2123 3461 2214 3476 ,η
2256 3461 2310 3462 η
2376 3461 2409 3462 νγ
2450 3461 2788 3479 μηονηνηη-
2823 3461 3562 3480 ,η,--.ν.-----.----

294 3504 353 3555 in
402 3503 598 3570 primis
632 3497 992 3552 Anthemium
1026 3493 1363 3547 Trallianum
1418 3494 1802 3548 architectum:
1829 3500 1885 3544 et
1915 3461 1958 3519 ϐ
1997 3517 2228 3570 prorsus
2259 3517 2382 3557 esse
2413 3503 2691 3556 videatur,
2749 3503 2979 3557 Videtur
3042 3520 3280 3574 namque
3335 3506 3386 3558 in
3450 3521 3562 3558 rem

295 3597 444 3648 artis
517 3593 1024 3659 mechanicagqua:
1076 3588 1294 3657 ingenio
1327 3597 1384 3642 et
1435 3604 1599 3641 manu
1653 3588 1730 3650 fit,
1778 3601 1888 3640 non

297 3697 524 3742 tantum
556 3686 705 3738 inter
735 3699 832 3737 eos
861 3684 955 3752 qui
988 3698 1086 3736 sua
1119 3692 1301 3745 aetate,
1331 3680 1425 3735 sed
1453 3680 1621 3733 etiam
1652 3679 1747 3748 qui
1796 3693 1891 3732 su-

295 3781 629 3848 perioribus
658 3778 1001 3846 temporibus
1016 3775 1266 3829 :ediliciis
1294 3783 1552 3828 accurate
1568 3784 1622 3826 et
1647 3787 1890 3827 c0uimo—

295 3875 369 3926 de
428 3869 790 3926 exstruendis
847 3867 1096 3936 prmelari
1192 3866 1370 3928 fuere,
1423 3877 1682 3933 pra-terea
1758 3879 1888 3918 vero

290 3981 495 4019 eorum
531 3965 626 4030 qui
661 3960 832 4013 luturi
889 3969 1073 4016 erant.
1130 3968 1534 4011 structurarum
1592 3955 1794 4008 formas
1832 3961 1890 4007 et

289 4056 510 4124 etligies
543 4051 936 4123 praescribendi
997 4051 1440 4118 peritissimum:
1499 4057 1554 4101 et
1609 4046 1887 4100 Isidorum

291 4151 602 4205 Milesium.
639 4145 923 4214 egregium
986 4143 1227 4196 fabrum.
1288 4139 1673 4200 Spectaculum
1721 4138 1889 4208 igitur

288 4239 542 4295 ecclesia
591 4236 768 4291 multo
815 4235 1247 4303 pulcherrimum
1299 4234 1441 4286 facta
1505 4248 1607 4288 ρετ.
1668 4229 1889 4298 conspi-

291 4332 584 4388 cientibus
646 4329 869 4398 quidem
911 4325 1232 4386 miriticum,
1306 4324 1661 4376 audientibus
1754 4339 1889 4376 vero

292 4423 636 4479 incredibile
665 4434 918 4489 Prorsus.
946 4418 1080 4472 Nam
1112 4418 1408 4471 altitudine
1461 4416 1662 4470 cmlum
1716 4431 1887 4484 prope

291 4515 526 4585 attingit
560 4512 848 4566 :etveluti
887 4513 954 4563 ab
990 4509 1240 4563 aediliciis
1272 4509 1396 4562 aliis
1440 4509 1699 4573 abducta,
1763 4509 1886 4562 urbi

291 4612 532 4677 reliqua:
565 4606 819 4659 imminet
848 4613 1014 4672 atque
1069 4602 1369 4664 incumbit,
1431 4617 1710 4656 exornans
1760 4603 1885 4669 qui-

289 4705 422 4757 dem
462 4697 809 4765 illam,quod
867 4695 1081 4748 scilicet
1145 4693 1293 4746 illius
1364 4692 1479 4746 sit:
1530 4693 1883 4760 spectandam

1993 3601 2321 3661 praesentem
2354 3593 2734 3656 venientibus,
2760 3610 2866 3647 non
2891 3595 3026 3649 satis
3053 3594 3210 3648 firmo
3243 3596 3365 3650 loco
3395 3598 3568 3650 collo-

1992 3693 2138 3748 cata,
2171 3695 2339 3754 atque
2364 3702 2473 3740 non
2511 3687 2628 3740 sine
2655 3686 3052 3742 discriminein
3087 3688 3323 3743 sublime
3353 3691 3566 3744 sublata

1989 3792 2133 3830 esse.
2166 3776 2258 3831 Illa
2289 3774 2417 3860 ηψπ-ο
2443 3789 2596 3833 certa
2620 3789 2677 3834 et
2697 3779 2911 3832 stabilis
2939 3781 3177 3835 maxime
3207 3793 3444 3836 constat.
3506 3785 3564 3836 In

1992 3865 2156 3929 huius
2189 3867 2378 3935 templi
2414 3877 2565 3935 parte
2597 3877 2849 3936 utraque,
2879 3867 3150 3921 columnae
3186 3869 3238 3920 in
3267 3869 3383 3921 solo
3415 3883 3566 3931 sunt,

1989 3965 2044 4010 et
2091 3958 2278 4017 apices
2303 3973 2492 4011 earum
2552 3975 2618 4013 ex
2678 3959 2995 4026 ingentibus
3043 3959 3192 4012 saxis
3238 3965 3565 4025 constructi,

1989 4051 2204 4117 ritequc
2245 4052 2636 4118 coagmentati.
2680 4050 2811 4116 Qua:
2843 4055 3114 4105 columna:
3169 4052 3392 4107 aliunde
3445 4055 3568 4107 aliis

1987 4140 2281 4195 artiﬁciose
2304 4141 2437 4195 inter
2471 4157 2528 4196 se
2553 4147 2661 4196 situ
2699 4145 2818 4212 ipso
2844 4143 3007 4213 766
3038 4148 3434 4213 respondentes
3461 4185 3476 4209 ,
3509 4148 3563 4200 in

1989 4246 2240 4289 maenam
2273 4233 2667 4288 sublimitatem
2702 4236 3026 4304 pertiogunt
3061 4252 3074 4287 :
3139 4237 3382 4304 scopulis
3449 4253 3569 4304 eas,

1987 4325 2031 4378 si
2073 4340 2292 4389 cernas,
2350 4328 2641 4395 prteruptis
2706 4343 3015 4398 compares.
3079 4329 3326 4394 Quatuor
3387 4331 3442 4384 in
3500 4332 3567 4384 iis

1988 4432 2152 4470 arcus
2181 4420 2549 4489 quadranguli
2613 4420 2787 4474 forma
2820 4431 3057 4476 exstant.
3116 4423 3286 4477 Porro
3337 4441 3565 4478 arcuum

1990 4509 2228 4562 istorum
2260 4510 2394 4574 duo,
2422 4511 2516 4578 qui
2560 4512 2623 4564 ad
2652 4514 2919 4567 orientem
2970 4525 3023 4566 et
3071 4515 3415 4570 occidentem
3481 4533 3569 4570 so-

1988 4602 2092 4654 lem
2130 4603 2429 4669 pertinent,
2460 4604 2514 4657 iu
2549 4621 2780 4659 vacuum
2835 4621 3016 4660 aerem
3080 4611 3377 4671 pertinent.
3420 4610 3571 4663 [teli-

1987 4695 2080 4763 qui
2113 4707 2294 4749 autem
2321 4696 2431 4750 duo
2463 4712 2530 4751 ex
2568 4697 2818 4753 inferiori
2869 4703 3150 4767 paululum
3209 4714 3364 4770 parte
3401 4705 3570 4756 :ediii-

289 4805 484 4849 autem
565 4792 803 4859 seipsam
870 4791 1119 4857 praebens
1176 4785 1322 4856 quod
1388 4786 1537 4838 illius
1599 4801 1724 4840 cum
1787 4788 1880 4846 sit.
1921 4789 1963 4843 D
1993 4790 2139 4842 cium
2160 4792 2435 4860 quoddam
2469 4805 2527 4846 et
2562 4793 2827 4860 quasdam
2861 4797 3148 4850 columnas
3180 4799 3403 4851 habent.
3449 4799 3570 4852 Eis-

291 4890 570 4954 illamque
602 4882 1098 4951 supergrediatur,
1138 4889 1348 4932 tantum
1380 4880 1604 4942 eminet,
1638 4889 1694 4932 ut
1733 4894 1799 4931 ex
1823 4894 1887 4932 ea

289 4983 528 5054 perinde
558 4988 726 5047 atque
757 4991 787 5030 e
817 4976 1042 5044 specula
1073 4977 1205 5027 urbs
1246 4985 1358 5028 tota
1387 4975 1779 5042 perlustretur.
1811 4975 1886 5028 Ea

290 5089 481 5130 autem
518 5072 812 5126 latitudine
838 5079 1003 5137 atque
1035 5069 1383 5136 longitudine
1415 5085 1579 5136 quam
1635 5069 1886 5122 rectissi-

293 5185 380 5224 me
411 5177 500 5222 est
537 5173 825 5225 exornata,
865 5173 924 5214 ut
974 5176 1082 5212 non
1121 5162 1408 5214 immerito
1468 5163 1622 5229 longa
1663 5169 1719 5213 et
1777 5161 1886 5214 lata

294 5262 540 5314 dicatur.
577 5255 715 5308 Tum
742 5264 926 5306 autem
975 5253 1285 5306 incredibili
1339 5252 1752 5320 pulchritudine
1792 5262 1878 5306 cst

293 5352 555 5420 insignis.
587 5348 759 5400 Moles
787 5361 1008 5416 quoque
1037 5346 1155 5414 ipsa
1182 5355 1510 5399 ornamento
1535 5346 1614 5398 illi
1672 5353 1776 5404 est.
1829 5353 1886 5398 et

292 5441 702 5513 magnitudinis
733 5439 1076 5493 conveniens
1105 5447 1160 5491 et
1189 5447 1316 5513 apta
1378 5438 1519 5490 ratio
1553 5447 1608 5489 et
1653 5453 1885 5506 propor-

294 5510 411 5594 tio:
432 5549 618 5603 neque
650 5531 714 5582 ad
753 5530 981 5584 nimiam
1011 5510 1434 5597 amplitudinem
1467 5528 1762 5590 excedens,
1793 5544 1888 5580 ne-

293 5644 401 5694 que
439 5642 496 5679 se
524 5625 592 5677 ad
626 5625 880 5680 viliorem
910 5619 1284 5672 humilitatem
1316 5619 1637 5673 demittens.
1666 5619 1798 5673 Nam
1831 5630 1888 5673 et

291 5722 473 5778 Snltlis‘
496 5719 754 5772 aedificiis
775 5713 1039 5787 grandior
1072 5719 1178 5769 est.
1219 5721 1269 5763 et
1301 5711 1678 5766 immoderatis
1726 5725 1884 5766 stru-

1996 4883 2120 4936 dem
2146 4900 2277 4938 Vero
2306 4901 2370 4938 cx
2407 4887 2697 4953 superiore
2725 4904 2947 4957 quoque
2974 4900 3126 4959 parte
3157 4892 3392 4944 rotunda
3425 4903 3568 4946 stru-

1994 4990 2146 5033 ctura
2188 4979 2254 5032 ad
2317 4983 2647 5035 turbinatam
2719 4984 2951 5036 formam
3013 5001 3244 5055 vergens
3295 4987 3566 5047 imminet,

1996 5072 2139 5124 unde
2169 5088 2386 5140 semper
2418 5073 2534 5126 dies
2561 5077 2793 5142 primum
2828 5076 3157 5131 illucescens
3199 5088 3450 5148 apparet.
3501 5082 3566 5134 Et

1993 5181 2116 5218 cum
2153 5165 2438 5220 :ediiicatio
2465 5167 2534 5219 ita
2571 5168 2742 5221 divisa
2768 5169 2860 5231 sit,
2894 5172 3169 5224 commodi
3199 5173 3328 5224 illud
3382 5174 3566 5236 habet,

1992 5258 2140 5326 quod
2173 5258 2380 5311 aﬂ'atim
2408 5259 2586 5312 lucem
2622 5261 2829 5327 templo
2851 5262 3069 5316 suilieit.
3109 5263 3232 5317 szc
3265 5281 3392 5318 vero
3451 5269 3566 5336 ipsa

1996 5353 2079 5410 (ut
2103 5348 2325 5417 Opinor)
2362 5349 2477 5402 fieri
2511 5366 2618 5403 non
2651 5362 2852 5420 potest,
2876 5364 2934 5406 ut
2964 5355 3145 5424 lingua
3169 5357 3485 5412 balbutiens
3511 5370 3566 5413 et

1996 5454 2185 5507 parum
2213 5440 2421 5494 vocalis
2456 5452 2711 5509 exponat.
2763 5443 3009 5512 Namque
3043 5457 3266 5514 propter
3323 5461 3571 5504 structu-

1995 5547 2110 5581 ram
2146 5530 2461 5594 infractam,
2491 5550 2600 5586 non
2634 5533 2686 5587 in
2721 5543 2864 5588 terra
2894 5541 3217 5604 consistere,
3276 5543 3370 5595 sed
3412 5545 3568 5597 caeli-

1998 5631 2087 5674 tus
2117 5634 2306 5676 catena
2339 5641 2508 5677 aurea
2541 5641 2801 5694 suspensa
2830 5645 2950 5682 esse
3008 5631 3285 5687 videntur.
3359 5635 3421 5687 Et
3471 5640 3564 5700 qui

1997 5715 2110 5768 baac
2146 5719 2628 5785 comtetnplantur,
2657 5720 2922 5789 quidnam
2949 5723 3291 5788 potissimum
3319 5742 3426 5797 pra:
3448 5729 3569 5785 aliis

370 5884 442 5947 tl)
474 5877 632 5932 Edita
688 5885 775 5930 est
828 5891 857 5930 a
899 5873 1226 5929 nobismtcr
1278 5888 1442 5941 opt-ra
1479 5861 1751 5940 Pracopii.
1787 5871 1918 5924 Vide
1966 5882 2097 5924 tom.
2134 5873 2436 5929 LXXXVII.
2464 5877 2609 5932 Enn".
