4244 6438
686 417 787 479 9⁸71

1881 377 2309 464 ’Νῐοιιῐιιιοιιι
2351 395 2696 461 CALLlSTI

3825 397 3933 462 2³12

687 530 1051 593 admirentur,
1084 525 1267 581 dicere
1297 529 1598 592 nequeunt.
1638 521 1839 576 Verum
1895 536 2018 575 eum
2067 519 2250 586 animo
2283 524 2324 578 Α
2357 519 2429 572 Ex
2468 517 2722 581 arcubus,
2779 529 2917 584 quos
2952 510 3100 566 loros
3163 508 3466 567 mechanici
3514 518 3734 578 vocant,
3791 523 3936 568 unus

684 621 864 677 omnia
891 613 1400 683 circumspexerint.
1429 622 1484 667 et
1511 611 1798 682 supercilia
1849 625 2017 679 super
2073 608 2252 662 omni-

687 715 788 768 bus
819 707 1212 770 contraxerint,
1279 715 1574 759 structurae
1627 713 1799 757 artem
1863 701 2076 772 assequi
2140 717 2249 754 non

684 810 909 873 possunt
940 815 953 851 :
988 796 1080 851 sed
1102 795 1246 866 quod
1276 795 1453 849 oculis
1483 794 1798 864 perspicere
1827 809 1943 846 eam
1998 807 2104 844 non
2156 792 2247 851 sit.

685 890 1022 946 consternati
1078 887 1203 942 inde
1256 885 1564 942 discedunt.
1606 885 1748 938 l‘uro
1792 883 2059 952 siquidem
2121 897 2254 935 auro

688 981 904 1036 testudo
935 993 1151 1034 summa
1194 987 1334 1032 tecta
1355 986 1458 1042 est,
1489 976 1771 1045 elegantia:
1828 975 2030 1028 fastum
2073 972 2250 1025 adrni-

684 1088 865 1129 scens.
903 1070 1039 1125 Tum
1081 1079 1263 1125 autem
1289 1069 1532 1137 lapidum
1569 1066 1827 1134 Splendor
1846 1080 1968 1118 cum
2004 1067 2120 1116 auri
2151 1064 2256 1116 ful-

682 1183 812 1236 gore
831 1174 1176 1228 concertans,
1211 1161 1453 1217 excellit.
1479 1161 1556 1214 Ex
1585 1169 1816 1228 utraque
1840 1170 1992 1228 parte
2011 1157 2256 1226 porticus

683 1257 805 1311 dua:
830 1265 956 1310 sunt
986 1272 1002 1309 :
1032 1255 1320 1324 utriusque
1378 1252 1619 1312 culmen.
1671 1251 1874 1311 tliulus,
1921 1258 1977 1302 et
2031 1262 2250 1311 aurum,

685 1348 975 1403 tectorium
994 1357 1098 1401 est.
1125 1346 1328 1402 Harum
1358 1345 1528 1399 altera
1571 1344 1794 1413 quidem
1849 1342 1982 1394 viris
2047 1340 2253 1394 oranti-

685 1443 811 1507 bus,
837 1441 1008 1495 altera
1032 1449 1214 1494 autem
1245 1436 1582 1491 mulieribus
1609 1437 1750 1488 idem
1777 1431 2106 1487 facientibus
2135 1445 2254 1484 ces-

686 1536 795 1590 sit:
833 1550 1013 1604 neque
1047 1547 1272 1603 prorsus
1298 1529 1595 1600 quidquam
1634 1529 1776 1581 inter
1799 1542 1856 1580 se
1892 1527 2125 1587 variant,
2158 1531 2255 1577 aut

682 1630 964 1684 differunt.
998 1627 1276 1693 Quisvero
1305 1622 1659 1676 sublimiores
1709 1620 1813 1673 loci
1861 1619 1916 1672 iu
1963 1633 2073 1686 quo
2127 1632 2254 1670 ver-

685 1732 879 1776 santur
909 1720 1166 1774 mulieres
1187 1719 1449 1771 stationes
1478 1712 1752 1782 exponat?
1780 1719 1876 1764 aut
1915 1711 2096 1764 varias
2121 1725 2258 1762 entt-

688 1823 860 1868 meret
892 1811 1136 1882 porticus
1184 1821 1239 1863 et
1284 1805 1552 1862 columnis
1597 1803 1980 1872 frequentibus
2032 1800 2250 1869 conspi-

2355 612 2553 666 orienti
2612 610 2712 663 soli
2760 607 3055 667 obversus,
3091 607 3449 668 nondumque
3479 604 3776 675 perfectus,
3823 620 3936 658 ma-

2355 702 2642 773 gnitudine
2697 715 2794 754 sua
2852 699 3012 754 bases
3077 698 3456 752 columnarum
3513 695 3738 765 pressit,
3812 708 3937 764 qua

2354 794 2568 865 pondus
2600 800 2807 845 tantum
2847 805 2953 844 non
2993 789 3251 850 ferentes.
3305 788 3604 855 derepente
3661 785 3938 855 qundam-

2355 886 2519 940 modo
2555 885 2814 951 diruptis.
2848 898 2956 936 non
2989 883 3061 935 ita
3095 882 3268 935 multo
3309 887 3434 949 post
3495 893 3717 948 pessum
3778 878 3937 933 iturae

2362 978 2714 1032 videbantur.
2753 976 2814 1028 Et
2854 974 3184 1030 Anthemius
3240 984 3406 1041 atque
3462 971 3706 1027 Isidorts
3762 986 3826 1026 ea
3872 985 3935 1026 re

2359 1070 2670 1139 perterriti,
2706 1069 2771 1122 ad
2806 1068 3195 1136 imperatorem
3245 1082 3363 1134 eam
3425 1066 3785 1119 retulerunt:
3847 1080 3940 1118 ne-

2359 1182 2468 1235 que
2497 1165 2793 1235 quidquam
2824 1179 2887 1216 ex
2909 1172 3025 1216 arte
3056 1161 3169 1231 spei
3203 1161 3399 1229 reliqui
3434 1159 3770 1212 habuerunt.
3829 1155 3939 1210 lm-

2359 1267 2578 1328 perator
2602 1266 2782 1311 autem
2814 1256 3079 1310 divinitus
3102 1254 3354 1314 edoctus,
3399 1252 3584 1304 statim
3615 1252 3698 1302 eis
3744 1263 3934 1301 arcum

2348 1351 2668 1408 absolutum
2705 1349 2770 1402 iri
2801 1348 3079 1418 pollicitust
3123 1355 3226 1400 est.
3269 1346 3392 1412 Ipse
3442 1342 3673 1401 etenim.
3731 1339 3938 1408 inquit,

2360 1444 2410 1496 in
2438 1445 2616 1510 seipso
2647 1455 2965 1510 assurgens,
2994 1437 3350 1492 inferioribus
3374 1435 3757 1489 columnarum
3789 1430 3939 1484 basi-

2358 1533 2463 1587 bus
2490 1549 2599 1586 non
2628 1533 2828 1601 egebit.
2864 1532 2938 1585 Ita
2965 1545 3126 1584 arcus
3151 1537 3301 1583 certa
3329 1526 3588 1580 firmitate
3632 1525 3685 1578 in
3710 1522 3937 1579 sublimi

2359 1637 2683 1691 suspensus,
2716 1621 3053 1689 experientia
3101 1620 3214 1688 ipsa
3271 1619 3561 1672 veritatem
3599 1614 3944 1671 inventionis

2361 1714 2658 1768 Iustiniani
2689 1714 3054 1766 confirmavit.
3085 1713 3261 1781 Atque
3293 1713 3395 1764 hoc
3431 1711 3655 1778 quidem
3694 1710 3775 1763 sic
3836 1708 3943 1760 hac

2363 1803 2414 1855 in
2461 1815 2617 1872 parte
2672 1804 3011 1856 elaboratum
3059 1810 3166 1857 est.
3226 1801 3284 1854 ln
3334 1800 3460 1854 aliis
3504 1814 3638 1853 vero
3701 1798 3942 1853 arcubus

685 1922 816 1960 cuas
852 1905 1026 1959 aulas.
1050 1903 1248 1972 quibus
1278 1899 1537 1968 templum
1575 1898 1676 1951 hoc
1709 1894 2114 1949 circumdatum
2135 1892 2256 1945 est?
2289 1872 2331 1926 Β
2359 1897 2647 1950 meridiem
2699 1904 2754 1949 et
2803 1896 3022 1949 boream
3076 1901 3302 1948 ventum
3363 1891 3765 1962 spectantibus,
3834 1891 3942 1945 tale

688 1999 810 2067 quis
839 1997 1219 2050 columnarum
1247 2001 1302 2045 et
1327 1990 1569 2058 lapidum
1618 1996 1908 2042 enunieret
1963 1994 2142 2053 aptam
2199 1993 2255 2038 et

689 2088 1108 2142 convenientem
1138 2083 1399 2151 speciem,
1419 2080 1622 2148 quibus
1651 2092 1805 2132 sacra
1827 2077 1970 2131 aedes
1990 2085 2255 2131 exornata

689 2180 814 2234 est?
841 2182 893 2231 in
933 2186 1146 2246 pratum
1183 2190 1240 2227 se
1270 2173 1541 2240 quispiam
1575 2170 1804 2224 ﬂoribus
1839 2183 2074 2222 vernans
2122 2168 2256 2220 inci-

692 2273 838 2326 disse
871 2269 1164 2324 existimet.
1202 2265 1515 2319 Admiretur
1573 2277 1807 2328 namque
1842 2262 2057 2318 merito.
2121 2260 2255 2314 alio-

689 2379 812 2416 rum
853 2361 1074 2430 quidem
1139 2356 1376 2410 colorem
1433 2369 1794 2424 purpureum,
1849 2351 2080 2405 aliorum
2122 2365 2255 2405 vero

690 2447 1118 2511 viridantemgin
1147 2443 1472 2515 quibusdam
1503 2453 1685 2497 autem
1708 2441 2000 2510 puniceum
2019 2439 2253 2504 florere;

692 2547 747 2597 iu
773 2541 1052 2597 nonnullis
1075 2537 1372 2594 candidum
1413 2536 1624 2606 fulgere
1651 2534 1862 2589 videat.
1882 2533 2110 2603 Insuper
2128 2547 2256 2586 vero

691 2635 747 2690 in
774 2631 1106 2703 quibusdam
1127 2631 1496 2699 Obstupescat,
1527 2641 1664 2697 quos
1695 2625 2128 2680 adversantibus
2175 2625 2259 2677 in-

695 2739 776 2780 ter
807 2742 866 2780 se
896 2724 1194 2787 coloribus,
1233 2723 1287 2775 in
1321 2720 1542 2775 modum
1593 2718 1842 2789 pictoris,
1882 2728 2076 2770 natura
2139 2719 2258 2785 ipsa

695 2818 844 2871 varie
900 2814 1301 2870 cohonestarit.
1353 2813 1522 2866 Porro
1579 2810 1768 2880 templi
1832 2810 1953 2879 ejus
2030 2809 2258 2862 donaria

697 2913 907 2975 omnia,
948 2925 1068 2978 qua:
1109 2907 1192 2962 vel
1214 2908 1278 2960 ad
1299 2921 1458 2960 usum
1486 2919 1768 2959 sacrorum
1807 2912 2015 2972 parata,
2047 2903 2132 2955 vel
2191 2917 2259 2955 ex

694 3013 919 3070 argento
946 3011 1002 3055 et
1055 2999 1253 3068 lapillis
1295 2998 1472 3067 magni
1534 2996 1695 3065 pretii
1745 2993 2048 3049 fabrefacta
2107 3003 2257 3056 sunt,

693 3094 1005 3150 accuratius
1040 3090 1414 3162 persequenti,
1467 3088 1651 3157 eloqui
1695 3088 1924 3140 omnino
1971 3103 2078 3140 non
2131 3095 2255 3140 est:

693 3207 812 3260 quae
842 3190 1140 3256 imperator
1169 3185 1432 3238 duntaxat
1457 3185 1556 3236 iste
1579 3182 1872 3237 dedicavit.
1893 3182 1971 3235 Ex
2023 3196 2130 3234 una
2162 3197 2260 3234 au-

696 3295 802 3339 tent
839 3298 899 3336 re
922 3291 1159 3341 tantum,
1194 3280 1536 3347 conjectura,
1569 3278 1664 3346 qui
1705 3277 1818 3330 haec
1865 3276 2068 3344 legent.
2129 3289 2258 3342 opes

692 3375 1096 3429 ecclesiasticas
1125 3372 1377 3438 colligere
1418 3377 1732 3438 potuerunt.
1770 3366 2023 3422 Sanctius
2055 3369 2256 3419 etenim

696 3464 881 3533 templi
954 3463 1119 3532 hujus
1174 3459 1515 3522 sacrarium,
1569 3459 1714 3529 quod
1780 3459 1880 3513 soli
1949 3457 2257 3512 sacerdotes

695 3556 918 3618 adeunt,
979 3549 1310 3622 quadragies
1344 3549 1490 3603 mille
1519 3548 1728 3618 argenti
1775 3547 1945 3602 libras
1990 3545 2252 3601 continet.

1253 3663 1479 3721 CAPUT
1565 3663 1704 3716 XXl.

701 3764 775 3818 De
803 3761 1139 3833 imperatoris
1161 3759 1394 3828 ejusdem
1427 3757 1639 3833 furore,‘
1663 3759 1833 3824 potius
1860 3772 2020 3825 quam
2053 3772 2259 3818 amore,

925 3848 1050 3900 erga
1082 3826 1337 3898 cyaiteum
1361 3844 1451 3880 seu
1477 3826 1757 3891 canticum
1781 3833 2028 3881 colorem.

771 3948 943 4013 Atque
977 3945 1092 3997 haec
1121 3942 1342 4012 quidem
1374 3939 1657 4009 praeclara,
1683 3948 1844 4007 atque
1871 3938 2256 4006 praeclarorum

700 4039 856 4107 longe
876 4034 1307 4106 praclarissima,
1334 4040 1462 4085 sunt
1489 4029 1779 4085 Iustiniani
1825 4029 2262 4098 imperatoris“)

700 4144 886 4198 cpera.
937 4127 1138 4182 Verum
1172 4126 1225 4179 in
1284 4138 1372 4190 eo,
1431 4122 1579 4192 quod
1635 4121 1932 4176 belluinam
1988 4121 2260 4174 feritatem

703 4236 922 4275 omnem
956 4218 1199 4281 excedit,
1232 4217 1347 4270 sive
1371 4230 1579 4277 errore,
1610 4229 1705 4269 seu
1738 4214 1941 4281 ingenii
1973 4212 2262 4266 timiditate

703 4315 909 4382 (dicere
949 4311 1001 4364 id
1030 4311 1176 4363 enim
1211 4305 1444 4377 nequeo)
1483 4307 1622 4359 fuit:
1656 4305 1877 4357 initium
1899 4320 1966 4358 ex
1992 4304 2263 4357 seditione

702 4421 765 4459 ea
788 4419 906 4472 qua:
929 4403 1098 4464 Νίκα,
1131 4401 1183 4454 id
1210 4409 1311 4463 est,
1340 4399 1515 4462 Vince,
1538 4397 1681 4452 dicta
1708 4407 1844 4459 erat,
1896 4397 2112 4449 initium
2163 4397 2266 4450 du-

701 4513 853 4552 Crns.
887 4495 1112 4549 Mirifice
1139 4490 1379 4562 namque
1427 4492 1583 4545 alteri
1631 4490 1816 4559 populi
1854 4490 2097 4552 facticiii,
2129 4490 2268 4561 Cya-

701 4605 819 4644 neae
845 4589 1089 4656 inquam,
1117 4587 1369 4640 addictus
1400 4586 1567 4638 fuisse
1587 4583 1741 4637 visus
1772 4590 1856 4636 est
1889 4599 1901 4632 :
1935 4583 2075 4637 adeo
2108 4598 2262 4647 sane,

705 4691 762 4733 ut
788 4695 895 4734 non
922 4678 1098 4732 solum
1127 4691 1223 4731 eos
1291 4674 1532 4730 interdiu
1587 4675 1640 4726 in
1693 4673 1872 4727 media
1914 4675 2051 4729 urbe
2089 4676 2267 4730 caades

703 4770 1148 4826 adversariorum
1179 4765 1644 4835 facientes,767
1673 4765 1912 4833 legitima
1937 4779 2095 4834 paena
2132 4766 2266 4819 faci-

703 4863 854 4918 noris
890 4862 1153 4932 exigenda
1195 4876 1304 4914 non
1339 4859 1672 4920 cohibuerit,
1700 4859 1792 4912 sed
1833 4858 2073 4926 prauniis
2102 4861 2266 4912 etiam

703 4964 1030 5025 prosecutus
1071 4955 1163 5008 sit.
1210 4953 1446 5007 Proinde
1499 4951 1790 5004 homicidae
1858 4951 2048 5019 plures
2113 4955 2268 5016 lacti,

703 5061 759 5102 et
785 5047 1083 5116 impunitas
1122 5045 1350 5098 cat-dium
1401 5055 1577 5097 aucta.
1630 5044 1921 5097 Audebant
1970 5045 2045 5098 illi
2102 5055 2267 5099 etzam

714 5142 906 5194 domos
932 5139 1178 5192 adversae
1233 5139 1406 5206 partis
1441 5137 1673 5207 ingredi,
1700 5145 1768 5190 'et
1805 5137 2070 5205 pretiosas
2107 5153 2267 5208 sepoo

704 5238 951 5299 sitasque
977 5231 1179 5285 civium
1226 5245 1313 5283 res
1368 5228 1632 5296 diripere,
1691 5228 1762 5280 ita
1810 5237 1862 5280 ut
1911 5228 1986 5280 illi
2037 5229 2268 5282 salutem

706 5341 860 5380 suam
889 5339 1025 5378 auro
1057 5325 1326 5378 redimere
1359 5331 1706 5390 cogerentur.
1745 5321 1799 5375 Si
1835 5322 1957 5391 quis
2022 5337 2151 5378 vero
2203 5339 2270 5376 ex

710 5417 1126 5487 magistratibus
1159 5432 1265 5469 non
1294 5416 1418 5469 dico
1446 5429 1723 5473 coercere,
1759 5414 1853 5467 sed
1876 5414 2128 5468 inhibere
2152 5427 2270 5468 tau-

713 5516 826 5559 tutn
866 5506 1106 5560 facinora
1137 5504 1408 5573 ejusmodi
1439 5505 1725 5564 voluisset,
1759 5505 1823 5557 de
1857 5504 1965 5556 vita
2019 5505 2065 5559 is
2122 5507 2270 5572 peri-

707 5599 1019 5653 clitabatur.
1049 5597 1392 5666 Quapropter
1417 5597 1636 5665 quidam
1663 5597 1907 5652 Orientis
1953 5599 2266 5665 prmfectus,

706 5696 966 5759 quoniam
1010 5692 1304 5746 nonnullos
1334 5691 1539 5745 scelere
1578 5691 1666 5744 tali
1697 5705 1784 5745 res
1815 5706 1984 5746 novas
2044 5694 2266 5746 molien-

2358 1989 2621 2059 quiddam
2653 1988 2873 2042 accidit.
2909 1988 3034 2041 Lori
3063 1987 3156 2055 qui
3208 1996 3498 2048 vocantur,
3545 2000 3644 2054 per
3697 1981 3934 2038 aedifica-

2363 2082 2570 2135 tionem
2607 2095 2805 2136 noram
2837 2079 2980 2133 mole
3006 2093 3195 2149 magna
3226 2078 3280 2131 in
3310 2077 3549 2132 sublime
3579 2076 3936 2130 tollebantur.

2358 2170 2452 2228 Eis
2481 2187 2612 2226 vero
2652 2171 2914 2224 inferiora
2942 2170 3177 2224 aedificia
3230 2184 3421 2240 pressa
3483 2168 3836 2232 laborabant,
3879 2178 3933 2221 et

2356 2267 2628 2321 columnas
2655 2280 2776 2333 qua:
2799 2280 2866 2318 eo
2893 2265 3000 2317 loci
3038 2272 3219 2325 erant,
3255 2263 3467 2331 lapides
3517 2277 3718 2331 parvos
3748 2263 3940 2330 perin-

2357 2359 3024 2428 deatqueexpolirentur,
3071 2371 3136 2410 ex
3195 2371 3316 2410 sese
3367 2355 3548 2426 jactos
3605 2353 3941 2410 reddebant.

2358 2449 2602 2504 Rursum
2650 2449 2822 2518 igitur
2871 2450 3087 2504 animos
3139 2447 3545 2515 despondentes
3605 2446 3939 2507 mechanici,

2360 2549 2584 2609 propter
2613 2553 2801 2593 casum
2825 2554 2952 2594 eum
2978 2539 3299 2608 imperatori
3328 2537 3634 2608 periculum
3692 2537 3799 2592 tale
3849 2553 3939 2592 re-

2362 2631 2712 2686 nuntiarunt.
2739 2630 2880 2685 Tum
2925 2630 3018 2685 ille
3073 2629 3205 2684 huic
3251 2629 3394 2684 malo
3442 2629 3750 2685 remedium
3802 2630 3937 2684 illud

2360 2721 2709 2789 excogitavit.
2737 2718 3130 2775 Laborantium
3163 2720 3309 2774 enim
3347 2720 3708 2774 adificiorum
3751 2730 3940 2788 partes

2362 2828 2628 2879 summas,
2659 2822 2716 2867 et
2772 2827 2934 2868 arcus
2968 2813 3116 2883 ipsos
3180 2813 3446 2878 adimere,
3484 2822 3650 2882 atque
3701 2813 3754 2865 in
3803 2827 3946 2881 pra:-

2363 2920 2489 2961 sens
2535 2906 2758 2974 quidem
2806 2919 3093 2974 seponere,
3128 2914 3316 2971 postea
3349 2920 3480 2958 vero
3516 2919 3732 2957 rursum
3763 2903 3945 2972 impoo

2363 3012 2519 3063 nere,
2559 3011 2684 3051 cum
2719 3005 3012 3050 structurae
3046 2995 3249 3049 humor
3273 2995 3566 3049 induratus
3595 2995 3936 3059 evanuisset,

2361 3089 2639 3157 praecepit.
2667 3088 2746 3142 Illi
2777 3089 3040 3156 imperata
3066 3087 3269 3141 fecere.
3304 3085 3621 3142 Edilicatio
3654 3104 3788 3143 vero
3817 3089 3939 3158 ipsa

2365 3181 2628 3244 deinceps
2681 3179 2837 3234 firma
2889 3180 3217 3248 stabilisque
3264 3180 3535 3234 constitit.
3587 3180 3944 3235 Itestauravit

2365 3289 2586 3343 quoque
2612 3271 2954 3328 Justinianus
2984 3273 3312 3330 Sanctorum
3368 3277 3761 3344 Apostolorum
3797 3285 3944 3329 tem-

2368 3366 2542 3431 plum,
2580 3364 2726 3432 quod
2759 3364 2897 3417 nulli
2925 3363 3130 3433 primas
3159 3365 3276 3419 vult
3299 3366 3624 3420 concedere.
3653 3366 3710 3419 In
3735 3380 3802 3419 eo
3835 3369 3940 3417 im-

2365 3466 2647 3524 peratores
2706 3464 2760 3511 et
2805 3457 3080 3512 antistites
3145 3467 3367 3528 recepto
3431 3473 3582 3513 more
3656 3458 3942 3527 sepeliun-

2368 3560 2479 3602 tur.
2520 3566 2538 3598 ι

2939 3674 3189 3728 ΚΕΦΑΛ.
3222 3672 3352 3727 KA'.

2371 3765 2505 3831 Περὶ
2546 3765 2647 3832 τῆς
2709 3769 2777 3817 ἐν
2809 3766 2886 3829 τῷ
2919 3767 3150 3837 κυανέῳ
3198 3766 3456 3834 χρώματι
3490 3767 3601 3822 τοῦ
3628 3770 3946 3837 ,βασιλέως

2746 3840 2966 3905 μανίας
2987 3836 3230 3904 μᾶλλον
3259 3839 3296 3903 ἢ
3323 3842 3549 3907 φιλίας.

2443 3951 2598 4003 Καλὰ
2643 3953 2741 4019 μὲν
2775 3952 2839 4020 δὴ
2870 3953 2961 4005 καὶ
2994 3953 3174 4005 καλῶν
3206 3954 3470 4008 κάλλιστα
3498 3956 3670 4008 ταῦτα
3715 3959 3944 4010 ’Ῑουστι-

2368 4045 2536 4112 νιανῷ
2584 4045 2797 4112 βασιλεῖ
2843 4046 3155 4114 εἴργασται.
3215 4048 3313 4099 Ἓν
3356 4048 3412 4100 δέ
3445 4066 3495 4100 τι
3553 4050 3762 4119 προσῆν
3788 4051 3941 4118 αὖτῷ

2370 4135 2551 4186 πᾶσαν
2603 4134 2848 4203 Θηριώδη
2903 4135 3129 4202 γνώμην
3183 4137 3466 4190 ἐκϐαῖνον·
3503 4139 3612 4192 εἴτε
3644 4141 3699 4192 δὲ
3755 4143 3946 4212 ἀμαρ-

2371 4226 2481 4295 τίᾳ,
2515 4227 2625 4278 ιῐτε
2665 4227 2728 4295 δὴ
2763 4229 2853 4278 καὶ
2894 4227 3066 4298 δειλίᾳ
3116 4228 3352 4295 φύσεως,
3409 4230 3590 4297 λέγειν
3645 4233 3745 4285 οὐκ
3796 4235 3944 4303 ἔχω’

2372 4319 2438 4368 ὲκ
2475 4319 2571 4387 τῆς
2627 4318 2769 4370 Νίκα
2797 4319 3099 4387 λεγομένης
3161 4320 3402 4383 στάσεως
3457 4326 3553 4392 τὴν
3588 4324 3761 4392 ἀρχὴν
3788 4329 3942 4394 εἰλη-

2378 4408 2509 4474 φάς’
2573 4409 2864 4479 ὑπερφυῶς
2925 4411 3035 4479 γὰρ
3088 4411 3263 4464 ἐδόκει
3310 4413 3519 4484 θατέρῳ
3565 4416 3675 4466 τῶν
3720 4416 3814 4468 τοῦ
3845 4418 3948 4486 δή·

2303 4501 2343 4554 D
2376 4519 2480 4570 μ·.υ
2527 4502 2731 4572 μερῶν,
2788 4502 2864 4571 τῷ
2908 4504 3138 4571 Κυανέῳ
3191 4507 3357 4576 φημὶ,
3394 4509 3792 4577 προσκ;ῖσθαι·
3847 4514 3946 4563 καὶ

2369 4593 2462 4644 ἐπὶ
2484 4594 2660 4660 τόσον,
2699 4594 2772 4657 ὡς
2825 4598 2918 4648 καὶ
2960 4598 3155 4664 φόνους
3182 4600 3238 4650 ὲν
3269 4600 3452 4670 ἡμέρᾳ
3483 4601 3575 4653 καὶ
3607 4603 3663 4652 ὲν
3699 4603 3844 4672 μέσῃ
3872 4607 3943 4672 τῇ

2370 4687 2523 4738 πόλει
2575 4688 2817 4757 δρῶντας
2857 4690 2967 4741 τῶν
3014 4691 3080 4743 δι’
3123 4694 3392 4756 ἐναντίας,
3446 4694 3521 4763 μὴ
3549 4695 3708 4764 μόνον
3735 4695 3946 4747 κωλύε-

2371 4774 2492 4826 σθαι
2532 4777 2626 4827 καὶ
2647 4777 2835 4845 ποινὴν
2863 4778 2958 4845 τῆς
3005 4778 3216 4842 ἀδικίας
3257 4782 3511 4846 ἐκτίνειν,
3548 4783 3684 4835 ἀλλὰ
3719 4786 3808 4835 καὶ
3852 4801 3916 4851 γε

2372 4867 2481 4933 ρῶν
2510 4865 2826 4928 ἀξιοῦσθαι·
2863 4868 2939 4930 ὡς
2965 4871 3214 4922 ἐντεῦθεν
3241 4875 3338 4925 καὶ
3368 4877 3445 4936 εἰς
3477 4875 3637 4943 ἔργον
3667 4877 3946 4944 προϐῆναι

2373 4957 2738 5025 ἁνδροφονεῖν.
2784 4958 3084 5030 Ἐθάρῤουν
3117 4960 3173 5012 δὲ
3204 4964 3299 5013 καὶ
3345 4965 3459 5025 τοῖς
3500 4963 3669 5023 οῐκοις
3702 4965 3942 5024 ὲπιὲνα.

2373 5054 2465 5102 καὶ
2498 5053 2679 5120 ἡρέμα
2711 5051 2779 5103 τὰ
2805 5053 3076 5122 προσόντα
3105 5055 3337 5118 ἐκείνοις
3371 5058 3476 5108 τὼν
3496 5058 3800 5126 κειμηλίων
3826 5061 3948 5128 ληΐ-

2373 5141 2584 5206 ζεσθαι,
2632 5143 2724 5196 καὶ
2783 5145 2991 5212 χρυσίῳ
3038 5142 3193 5207 αὖθις
3250 5147 3489 5209 ἐκείνους
3533 5155 3629 5210 τὰς
3664 5139 3946 5217 σωτηρίὶς

2374 5234 2651 5288 ὠνεῖσθαι.
2690 5235 2790 5289 Ἢν
2846 5237 2902 5287 δέ
2957 5255 3061 5288 που
3098 5238 3189 5289 καί
3231 5255 3315 5301 τις
3370 5239 3482 5291 τῶν
3534 5239 3620 5292 ἐπ’
3666 5241 3949 5304 ἐξουσίαις

2377 5325 2534 5395 μήτοι
2567 5343 2628 5393 γε
2667 5326 2938 5391 κολάζειν,
2965 5328 3169 5396 εἴργειν
3193 5327 3249 5380 ὁὶ
3293 5331 3452 5399 μόνον
3476 5330 3788 5399 ἐδοκίμαζε,
3811 5337 3948 5401 περὶ

2373 5418 2440 5469 τὰ
2479 5420 2668 5486 καίρια
2692 5419 2787 5486 τῆς
2818 5418 2961 5487 ζωῆς
2996 5419 3340 5471 ἐκινδύνευεν
3363 5436 3377 5450 ο
3430 5421 3551 5472 ὀυεν
3578 5420 3671 5473 καί
3719 5438 3801 5485 τις
3829 5424 3948 5476 τῶν

2373 5509 2471 5580 τὴν
2515 5511 2687 5579 Ἐᾡαν
2722 5513 3212 5580 ἑπιτετραμμένων
3243 5513 3439 5581 ἀρχὴν,
3474 5513 3594 5564 ἐπεὶ
3625 5516 3774 5576 τινὰς
3813 5515 3955 5582 περὶ

2372 5608 2440 5654 τὰ
2474 5605 2737 5672 εἰρημένα
2765 5602 3188 5670 νεωτερίζοντας
3218 5604 3430 5673 συσχὼν
3450 5604 3666 5672 νεύροις
3690 5605 3779 5656 τὸν
3807 5608 3951 5657 axe.

2375 5694 2571 5745 λαστον
2633 5694 2963 5762 ἐσωφρόνιζε
3011 5695 3211 5761 τρόπον
3241 5736 3256 5761 ,
3310 5697 3490 5764 ἀτίμῳ
3532 5698 3726 5765 πομπῇ
3778 5697 3947 5758 αὐτὸς

779 5811 854 5875 (ι)
902 5807 1055 5877 Apud
1109 5807 1327 5882 Suidam
1344 5818 1428 5862 est
1457 5807 1822 5862 Justiuiannm
1853 5807 2231 5876 imperatorem
2275 5808 2488 5864 litteras
2521 5812 2678 5878 plane
2699 5810 2996 5878 ignorasse,
3026 5810 3430 5879 dva).:pi6qtov,
3462 5809 3568 5864 hoc
3607 5819 3716 5876 est,
3747 5813 3947 5882 alpha-

711 5883 817 5936 heu
854 5882 1161 5948 imperitum
1198 5880 1384 5932 fuisse.
