4244 6438
269 451 377 508 ΞΠ
1163 448 1767 508 ECCLESIASTICXE
1815 448 2198 507 HISTORIA?
2244 453 2384 511 LIB.
2434 452 2619 510 XVII.
3427 446 3534 514 274

270 562 478 617 ἐκεῖνος
516 558 727 627 νεύροις
762 560 964 631 ᾐκίσθη
993 563 1133 613 κατά
1170 562 1343 630 μέσην
1386 564 1482 631 τὴν
1514 562 1669 612 πόλιν
1698 578 1854 627 περι.
1886 568 1928 618 Α

1886 568 1928 618 Α
1963 572 2042 614 tes
2062 562 2598 632 comprehendisset,
2620 570 2672 614 et
2702 561 2885 615 nervis
2912 558 3327 628 protervitatem
3346 573 3540 613 eorum

271 651 535 718 ενεχθείς.
574 652 681 704 Καί
716 668 797 714 τις
829 652 874 705 δ’
903 652 1125 722 ἕτερος..
1161 654 1481 716 Καλλίνικος
1532 653 1725 721 ονομα,
1760 652 1857 721 τὴν

1965 653 2305 721 castigasset,
2339 652 2739 708 contumeliosa
2770 666 2965 720 pompa
3010 666 3105 717 per
3156 648 3391 702 mediam
3444 666 3541 702 ur-

268 746 378 795 τὼν
410 745 655 796 Κιλίκων
688 745 990 813 ἡγεμονίαν
1017 745 1423 812 ἐπιτροπεύων,
1455 744 1549 798 δύο
1577 746 1727 806 τινὰς
1751 744 1859 795 τῶν

1966 746 2089 799 bem
2120 755 2348 809 tractus,
2387 746 2573 800 nervis
2608 753 2690 798 est
2728 744 3008 797 concisus.
3046 741 3107 795 Et
3134 742 3303 795 alium
3344 756 3544 809 quem--

267 836 617 904 ἀνδροφόνων
640 838 848 890 τούτων
882 838 1077 907 ὅτιπερ
1111 837 1406 890 ἐκολάσατο
1458 836 1858 907 διαχρήσασθαι

1966 838 2089 892 dam
2111 837 2431 893 Callinicum
2468 838 2721 899 nomine,
2752 835 2960 890 Cilicia:
3010 835 3298 902 prasidem
3332 873 3347 894 .
3391 832 3538 902 quod

267 930 462 981 τοῦτον
511 929 972 1000 ἐπιχειροῦντας,
1028 929 1240 992 Παῦλος
1306 931 1363 984 δέ
1422 932 1516 982 καὶ
1568 931 1858 991 Φαυστῐνος

1968 931 2024 983 in
2056 930 2196 984 duos
2227 945 2612 1000 percussorum
2642 930 2896 993 istorum,
2931 927 3160 982 Paulum
3219 936 3275 979 et
3321 924 3541 978 Fausti-

268 1016 415 1088 ᾗσιν
449 1023 683 1087 ἐκείνοις
713 1024 771 1076 αἱ
816 1024 1061 1093 κλήσεις,
1123 1024 1260 1094 πρὸς
1315 1023 1409 1075 τοῦ
1444 1023 1707 1093 βασιλέως
1740 1025 1861 1075 ἀνε--

1968 1038 2122 1084 num,
2149 1024 2240 1090 qui
2276 1022 2588 1078 interﬁcere
2616 1036 2743 1076 eum
2780 1020 2963 1075 conati
3009 1020 3245 1082 fuerant,
3293 1018 3542 1072 animad-

269 1113 623 1177 σκολόπιστο,
684 1114 879 1184 ⁴ιιοινὴν
936 1116 1075 1187 ὑπὲρ
1110 1115 1277 1184 ὀρθῆς
1328 1116 1597 1178 συνέσεως
1632 1115 1862 1168 καὶτῶν

1980 1116 2262 1177 vertisset,
2297 1115 2348 1167 in
2379 1130 2599 1167 crucem
2627 1114 2759 1182 egit,
2800 1128 2989 1182 paznas
3019 1113 3086 1166 ab
3107 1128 3196 1177 eo,
3224 1122 3373 1166 recte
3415 1127 3544 1179 pru-

266 1204 455 1269 νόμων
495 1208 707 1275 ταύτην
746 1206 1090 1260 καταθαλών.
1156 1207 1321 1260 Ταῦτ’
1372 1207 1480 1278 ἀρα
1530 1210 1577 1259 οἰ
1631 1207 1861 1275 θατέρου

1969 1208 2273 1275 denterque
2301 1205 2452 1269 facti,
2485 1214 2539 1258 et
2567 1206 2748 1273 legum
2782 1214 3261 1265 conservatarum,
3291 1216 3542 1256 sumens.

270 1296 480 1364 μέρους
537 1297 606 1346 τά
664 1298 847 1348 οἰκεία
880 1300 1243 1365 πεφευγότες,
1301 1300 1392 1351 καὶ
1434 1301 1586 1366 παρά
1634 1298 1861 1368 μηδενὸς

1970 1300 2156 1369 Itaque
2186 1300 2277 1367 qui
2318 1298 2549 1352 diversae
2574 1298 2827 1350 factionis
2855 1305 3033 1359 erant,
3058 1295 3207 1365 quod
3233 1293 3540 1360 possessio-

265 1388 379 1438 τῶν
416 1388 679 1441 ἁπάντων
741 1389 1007 1457 ἀναὼχῆς
1068 1390 1404 1458 ἀξιούμενοι,
1435 1390 1583 1440 ’ἀλλ’
1617 1390 1691 1452 ὥς
1737 1406 1862 1443 τινα

1971 1407 2069 1445 nes
2104 1406 2232 1444 suas
2262 1390 2576 1455 relinquere
2636 1389 2811 1443 coacti
2862 1399 3072 1452 essent,
3137 1398 3192 1440 et
3246 1402 3276 1439 a
3322 1386 3538 1440 neruiue

268 1478 384 1546 ἀτη
410 1495 469 1529 τε
502 1479 596 1531 καὶ
632 1479 923 1547 μιάσματα
967 1481 1069 1549 τῆς
1099 1482 1306 1544 πόλεως
1361 1484 1735 1551 ἐλαυνόμενοι,
1757 1482 1863 1535 λω-

1862 1514 1863 1521 η
1972 1498 2200 1551 prorsus
2234 1481 2637 1549 reciperentur,
2708 1479 2801 1533 scd
2840 1479 3008 1533 veluti
3061 1478 3310 1547 quaedam
3357 1478 3538 1530 detes-

272 1564 640 1628 ποδυτοῦντες
694 1564 873 1636 ἦσαν’
934 1570 1171 1633 καὶτοῖς
1202 1570 1511 1639 ὁδοιπόροις
1564 1570 1863 1640 ἐφήδρευον

1971 1572 2133 1625 tanda
2166 1573 2379 1641 piacula
2422 1572 2557 1625 urbe.
2631 1571 2846 1640 expulsi
2906 1580 3116 1634 essent,
3176 1569 3542 1639 prredonicam

272 1658 722 1725 μιαιφονοῦντας,
775 1659 851 1722 ὡς
884 1660 1056 1729 μηδὲν
1101 1660 1318 1713 ἀπεῖναι
1364 1662 1472 1713 τῶν
1505 1662 1694 1713 δεινῶν
1724 1659 1751 1713 ὃ
1790 1661 1865 1732 μὴ

1972 1665 2295 1719 exercebant
2332 1674 2425 1719 :et
2458 1664 2753 1717 itineribus
2785 1663 3048 1728 obsessis,
3081 1678 3148 1716 ex
3185 1663 3397 1715 insidiis
3430 1661 3546 1714 via-

269 1751 608 1819 ἐπράττετο,
658 1750 958 1804 κάντεῦθεν
998 1752 1265 1814 θανάτους
1315 1754 1407 1804 καὶ
1442 1752 1735 1821 λεηλασίας
1772 1755 1865 1807 καὶ

1974 1766 2123 1811 tores
2179 1757 2571 1811 adoriebantur
2630 1766 2685 1810 et
2758 1756 3065 1820 caedebant,
3112 1756 3363 1825 nihilque
3408 1758 3545 1807 adeo

268 1840 343 1894 τά
377 1841 545 1894 λοιπά
580 1840 690 1893 τῶν
739 1844 965 1895 ἀτόπων
1027 1844 1306 1913 ὁσημέραι
1361 1846 1863 1916 παρρησιάζεσθαι.

1975 1848 2120 1917 quod
2172 1865 2279 1903 non
2302 1852 2717 1902 committerent
2750 1848 3019 1901 malorum
3087 1846 3439 1911 omittebant,
3492 1855 3546 1899 et

268 1934 552 1995 Πολλάκις
582 1934 639 1985 δὲ
671 1935 1011 2003 μεταχωρῶν
1043 1938 1137 1989 καὶ
1178 1938 1313 2006 πρὸς
1358 1937 1583 2007 θάτερα,
1617 1942 1711 1992 καὶ
1761 1942 1862 1991 αὑ·
1899 1923 1939 1979 Β

1899 1923 1939 1979 Β
1971 1942 2221 2011 quotidie
2263 1944 2329 1996 ad
2364 1944 2615 1998 homines
2671 1942 3084 1996 interficiendos
3137 1950 3303 2009 atque
3359 1942 3547 2007 dispo—

266 2026 401 2085 τοὺς
431 2024 654 2092 θανάτῳ
686 2026 888 2094 ὑπῆγε,
926 2031 1039 2090 τοῖς
1073 2028 1258 2095 νόμοις
1292 2030 1489 2095 ἐφιεὶς,
1522 2029 1615 2092 οὓς
1667 2034 1865 2099 πρότε-

1972 2034 2229 2108 liandos,
2289 2035 2602 2104 ﬂagitiaque
2657 2035 2762 2086 alia
2828 2034 3157 2103 peragenda,
3224 2030 3545 2084 audaciores

267 2136 369 2186 ρον
414 2118 609 2172 ἀνόσια
670 2122 933 2189 πράττειν
991 2120 1198 2190 ἀνῆκεν
1257 2122 1599 2191 ἁπανταχοῦ,
1654 2126 1747 2176 καὶ
1781 2125 1872 2177 ῐσα

1867 2146 1872 2176 ι
1974 2125 2195 2179 hebant.
2230 2125 2623 2197 Saepenumero
2650 2138 2832 2179 autem
2860 2124 2927 2178 ad
2952 2125 3245 2178 factionem
3312 2124 3543 2176 alteram

269 2208 581 2279 βαρῦάροις
607 2211 675 2263 τά
701 2211 962 2265 πάνδεινα
1010 2214 1258 2282 ἐνεργεῖν
1286 2229 1299 2243 ·
1341 2213 1480 2266 ἀλλὰ
1512 2214 1572 2265 τὸ
1607 2215 1706 2283 μὲν
1743 2216 1873 2283 περὶ

1968 2234 2290 2285 conversus,
2329 2204 2387 2272 et
2419 2208 2501 2271 'in
2538 2219 2685 2286 ipsos
2730 2219 2848 2286 lege
2901 2216 3059 2285 agere
3110 2215 3297 2283 jussit,
3341 2214 3549 2281 suppli-

264 2303 483 2353 τούτων
516 2304 571 2363 ἐς
606 2304 805 2356 λεπτὸν
868 2304 1050 2371 λέγειν
1097 2308 1349 2372 κρεῖττον
1387 2302 1543 2375 οἶμαι
1582 2307 1675 2359 καὶ
1706 2308 1869 2374 λόγου

1972 2312 2184 2380 ciisque
2226 2327 2322 2367 eos
2350 2296 2640 2371 subdidit,
2674 2325 2814 2378 quos
2867 2322 3027 2362 antea
3062 2308 3266 2376 ubique
3301 2308 3545 2359 facinora

267 2395 369 2446 καὶ
403 2395 625 2463 χρόνου.
675 2397 916 2465 ’Δπόχρη
951 2414 1013 2465 γε
1039 2399 1148 2467 μὴν
1176 2398 1272 2450 καὶ
1329 2397 1500 2451 ταῦτα
1550 2400 1870 2468 τεκμηριῶ-

1865 2431 1870 2443 ι
1974 2403 2138 2471 impia
2173 2404 2623 2464 committere,et
2678 2401 3001 2471 gravrssima
3052 2415 3285 2469 quaeque
3342 2398 3541 2467 flagitia

268 2503 367 2539 σαι
404 2494 499 2538 καὶ
530 2491 597 2540 τὰ
633 2490 897 2543 λείποντα
932 2493 1027 2558 τῆς
1065 2490 1261 2560 ἀρχῆς.

1976 2495 2048 2549 de
2081 2496 2444 2548 barbarorum
2483 2510 2630 2547 more
2660 2504 2876 2563 patrare
2899 2492 3244 2562 permiserat.
3274 2489 3544 2545 Caterum

264 2591 470 2633 exacte
538 2581 656 2636 haec
714 2598 1183 2649 commemorare,
1219 2600 1398 2653 neque
1450 2585 1713 2654 temporis
1746 2586 1905 2657 hujus
1944 2597 2050 2653 est,
2083 2603 2260 2657 neque
2301 2587 2566 2640 orationis
2616 2598 2839 2650 nostrae,
2881 2600 3003 2655 quae
3054 2584 3270 2653 assequi
3316 2598 3379 2636 ea
3438 2596 3548 2636 non

264 2687 478 2745 potest.
536 2677 603 2733 Et
638 2682 755 2735 hcc
816 2682 933 2751 ipsa
957 2684 1091 2738 satis
1146 2698 1267 2738 esse
1303 2692 1531 2753 possunt
1562 2686 1627 2737 ad
1678 2684 1917 2754 reliquas
1957 2687 2171 2757 imperii
2202 2686 2384 2754 hujus,
2420 2671 2541 2754 quze
2572 2686 2657 2739 hic
2698 2700 2807 2738 non
2853 2691 3247 2749 recensentur,
3277 2697 3365 2736 res
3412 2694 3549 2734 con-

259 2774 483 2842 jectura
508 2777 877 2845 colligendas.

852 2895 1104 2948 KEQAA.
1139 2896 1266 2949 κεν.
2434 2900 2528 2968 τε

2434 2898 2599 2968 763
2638 2896 2861 2953 CAPUT
2921 2897 3090 2951 χχιι.

263 2988 413 3056 Περί
446 2990 925 3056 Βαρσανουφίου
948 2988 1056 3041 τοῦ
1088 2988 1385 3054 ἀσκητοῦ,
1417 2990 1513 3045 καί
1554 2990 1861 3055 Ἰωάννου,

1977 2989 2053 3043 De
2073 2990 2440 3056 Barsanuphio
2465 2991 2716 3043 monacho
2738 2998 2785 3041 et
2802 2989 3042 3042 Joanne:
3064 2990 3189 3042 item
3211 2990 3273 3043 de
3294 2988 3547 3060 Syracosio

490 3059 597 3130 καί
630 3059 880 3127 Συμεὼν
901 3060 1008 3113 τοῦ
1046 3060 1143 3112 διὰ
1176 3061 1437 3125 Χριστὸν
1465 3060 1687 3115 Σαλοῦ.

1465 3060 1687 3115 Σαλοῦ.
2192 3120 2195 3123 η
2353 3088 2360 3095 ο
2392 3075 2608 3130 propter
2660 3061 2929 3113 Christum
2966 3060 3134 3122 fatuo.

353 3176 412 3230 ἐ
428 3177 485 3227 πὶ
508 3175 565 3228 δέ
599 3176 701 3239 τῆς
722 3175 917 3227 τούτου
942 3174 1243 3243 ἡγεμονίας
1267 3175 1359 3226 καὶ
1380 3173 1651 3241 θεοφιλεῖς
1678 3176 1867 3243 ἀνδρες
1893 3217 1939 3281 C

1893 3217 1939 3281 Ο
2049 3176 2163 3231 Sub
2209 3176 2523 3231 Justiniano
2566 3176 2721 3227 multi
2775 3176 2829 3227 in
2864 3176 3053 3227 multis
3090 3175 3240 3229 orbis
3299 3174 3547 3243 partibus

261 3269 560 3336 ἐφάνησαν
587 3267 856 3336 πολλαχοῦ
885 3267 980 3335 τῆς
1006 3268 1110 3334 γῆς
1136 3266 1547 3335 διαλάμψαντες
1574 3268 1652 3337 τῷ
1677 3286 1733 3320 τε
1768 3269 1867 3338 βίῳ
1897 3266 1937 3281 “

1897 3266 1939 3281 ν
1975 3269 2237 3338 religiosi,
2264 3280 2321 3323 et
2354 3270 2461 3321 vita
2501 3280 2555 3321 et
2581 3269 2863 3321 llill‘ﬂCUIIs
2897 3269 2965 3321 ab
2997 3270 3078 3322 eis
3142 3269 3314 3338 gestis
3368 3268 3546 3321 admi-

260 3361 364 3411 xai
392 3361 511 3418 τοῖς
562 3359 696 3426 παρ’
754 3358 937 3411 αὐτῶν
983 3359 1283 3427 ὑπερφυῶς
1344 3361 1737 3429 εἰργασμένοις
1761 3362 1867 3413 τῶν

1973 3362 2131 3415 randi
2160 3362 2257 3413 viri
2282 3361 2541 3423 floruere,
2571 3360 2622 3411 in
2658 3360 2861 3427 quibus
2892 3374 3037 3413 unus
3066 3361 3232 3413 etiam
3269 3360 3546 3414 Barsanu-

259 3450 600 3520 παραδόξων
622 3467 634 3481 ·
660 3442 737 3503 ὧν
759 3444 837 3513 εἷς
872 3446 940 3519 ἦν
971 3453 1068 3503 καὶ
1101 3451 1533 3520 Βαρσανούφιος,
1578 3455 1735 3520 γένος
1774 3454 1867 3505 Αἰ-

1973 3456 2136 3524 phius
2166 3454 2455 3524 Egyptins
2488 3469 2690 3523 genere
2717 3453 2843 3516 fuit,
2880 3456 2975 3523 qui
3040 3454 3094 3508 in
3147 3469 3315 3509 carne
3362 3458 3545 3509 carnis

259 3544 547 3609 γύπτιος·
579 3546 636 3595 ἐν
670 3546 838 3613 σαρκὶ
880 3545 936 3625 δέ
994 3545 1096 3613 τὴν
1122 3546 1371 3615 ἀααρκον
1409 3545 1643 3614 μετῆλθε
1698 3548 1867 3615 ζωὴν,

1971 3562 2249 3621 expertem
2281 3550 2392 3619 egit
2429 3550 2591 3602 vitam
2621 3588 2636 3612 ,
2676 3550 2729 3603 in
2764 3548 3097 3603 monasterio
3128 3549 3363 3618 quodau:
3394 3551 3543 3618 quod

267 3638 413 3705 περὶ
460 3636 558 3687 τὸν
609 3636 773 3704 νομὸν
831 3635 1012 3703 Γάζης
1062 3640 1468 3708 φροντιστηρίῳ
1506 3640 1641 3690 τινί*
1678 3640 1735 3691 ὃν
1777 3640 1869 3690 καὶ

1868 3678 1869 3683 η
1956 3644 2025 3697 ‘in
2058 3645 2387 3712 praefectura
2422 3641 2580 3697 Gazae
2627 3643 2791 3694 situm
2817 3650 2955 3695 erat.
2990 3642 3086 3695 llic
3124 3657 3248 3695 cum
3296 3643 3544 3711 prodigia

258 3725 446 3777 πολλά
478 3725 591 3776 τῶν
618 3725 940 3793 παραδόξων
968 3727 1463 3796 θαυματουργῆσαι
1489 3727 1673 3795 φασὶν.
1714 3728 1869 3780 Ἐπιε-

1867 3758 1869 3766 τ
1974 3735 2143 3787 multa
2172 3732 2413 3787 edidisse
2449 3732 2676 3792 dicitur,
2714 3742 2827 3784 tum
2866 3732 2918 3785 In
2967 3731 3245 3797 tuguriolo
3300 3733 3543 3799 seipsum

255 3818 504 3869 στεύετο
539 3816 621 3880 δὲ,
672 3817 748 3878 ὡς
800 3817 913 3881 ζῶν
947 3819 1177 3886 οἰκίσκῳ
1228 3820 1337 3871 τινὶ
1368 3820 1561 3871 ἐαυτὸν
1588 3819 1866 3887 καθεῖρξε,

1974 3828 2154 3881 vivum
2210 3826 2519 3895 inclusisse,
2575 3836 2740 3892 atque
2798 3824 2871 3877 ibi
2934 3824 3078 3877 ultra
3146 3825 3544 3893 quinquaginta

253 3912 625 3979 πεντήκοντα
677 3910 734 3960 δὲ
789 3910 886 3961 καὶ
922 3911 1059 3978 πρὸς
1112 3912 1252 3963 ἐτῶν
1290 3911 1705 3979 διεληλυθότων,
1741 3910 1866 3963 οὔτε

1865 3952 1866 3957 η
1972 3934 2146 3973 annos
2176 3919 2250 3971 ita
2280 3918 2485 3970 vixisse
2548 3917 2821 3979 creditur,
2872 3924 2935 3969 ut
2977 3929 3152 3982 neque
3203 3931 3232 3967 a
3283 3916 3541 3984 quopiam

247 4005 366 4055 τινὶ
399 4002 669 4071 ὀφθῆναι,
700 4006 840 4072 μήτε
873 4004 983 4072 μὴν
1008 4004 1117 4056 τοῖιν
1144 4005 1291 4067 τινὸς
1322 4003 1585 4071 ἐπιγείων
1612 4005 1865 4073 μετειλη-

1971 4012 2142 4071 visus,
2165 4026 2340 4079 neque
2371 4024 2427 4063 re
2450 4010 2704 4078 quapiam
2741 4018 2958 4061 terrena
2980 4022 3107 4062 usus
3140 4012 3233 4062 sit.
3262 4006 3394 4072 Quae
3419 4022 3542 4061 cum

249 4097 451 4163 φέναι.
488 4088 584 4156 Οἷς
613 4094 677 4164 δὴ
710 4095 803 4145 καὶ
821 4094 1258 4164 θρυλλουμιίνοις
1308 4096 1517 4164 σφόδρα
1561 4096 1866 4147 διαπιστῶν

1865 4114 1866 4124 ‘
1970 4105 2037 4156 de
2078 4120 2144 4157 eo
2176 4102 2315 4155 fama
2348 4103 2562 4170 vulgata
2598 4111 2807 4165 essent,
2840 4103 3032 4169 eisque
3095 4099 3397 4162 Salustius,
3458 4102 3541 4168 (1)

250 4186 603 4247 Σαλούστιος
658 4187 687 4237 ό
739 4186 851 4238 τῶν
908 4185 1300 4257 Ἰεροσολύμων
1350 4188 1639 4256 πρόεδρος,
1672 4187 1865 4249 ἐπειδὴ

1972 4194 2472 4265 hierosolymorum
2529 4194 2841 4261 episcopus,
2916 4192 3078 4246 fidem
3126 4209 3235 4245 non
3290 4192 3541 4249 haberet.

245 4278 580 4346 διορύττειν
613 4278 837 4329 ἐκέλευε
869 4277 957 4329 τὸν
988 4280 1237 4330 οἰκίσκον
1260 4319 1274 4342 ,
1314 4280 1449 4331 ὅπου
1483 4278 1546 4347 δὴ
1582 4278 1865 4331 συνέϐαινε

1864 4318 1865 4323 ι
1971 4297 2254 4356 postQuatn
2282 4286 2571 4355 perfodere
2607 4286 3021 4352 domunculam,
3069 4286 3161 4339 ubi
3231 4286 3396 4339 homo
3449 4285 3540 4337 Dei

242 4372 341 4423 τὸν
374 4372 683 4438 ἄνθρωπον
706 4369 802 4421 τοῦ
832 4369 969 4421 Θεοῦ
1001 4373 1300 4433 κατοικεῖν,
1324 4371 1436 4440 πῦρ
1460 4373 1667 4423 ἐκεῖθεν
1691 4373 1866 4440 ἐκπη-

1972 4380 2277 4440 habitabat,
2307 4379 2497 4448 jussit,
2554 4379 2694 4447 ignis
2753 4379 3009 4432 alicunde
3075 4387 3303 4430 exortus
3352 4391 3544 4430 omnes

239 4466 428 4532 δῆσάν
484 4462 692 4523 ποθεν,
737 4460 1081 4531 παραδραχὺ
1134 4461 1347 4523 πάντας
1382 4464 1659 4531 ἐπίμπρα,
1698 4464 1745 4514 εἰ
1790 4463 1867 4531 μὴ

1970 4472 2428 4539 consumpsisset,
2458 4472 2559 4525 nisi
2596 4470 2697 4523 sibi
2734 4470 2855 4539 fuga
2903 4470 3336 4525 consuluissent.
3392 4469 3545 4520 Alius

236 4554 501 4627 δρασμῷ
530 4555 630 4625 τὴν
674 4554 955 4623 σωτηρίαν
998 4554 1514 4623 ἐπραγματεύοντο.
1563 4555 1673 4607 Καί
1711 4572 1792 4614 τις
1824 4553 1869 4605 δ’
1903 4563 1912 4616 1

1866 4556 2195 4631 ’unidem
2256 4565 2341 4619 vir
2384 4563 2686 4630 Symeones
2747 4562 2987 4624 nomine,
3047 4562 3189 4630 apud
3264 4562 3542 4622 Emesam,

239 4651 448 4717 ἕτερος
491 4648 648 4729 ἀνὴρ
696 4646 998 4715 Συμεὼνης
1055 4646 1251 4715 θνομα,
1284 4646 1427 4699 κατά
1458 4646 1555 4714 τὴν
1590 4647 1857 4714 Ἐμεσαν,

1972 4671 2164 4707 novam
2222 4656 2512 4723 quamdam
2568 4664 2624 4709 et
2666 4655 2939 4707 insolitam
3002 4655 3168 4706 vitam
3233 4655 3363 4722 egit.
3410 4654 3540 4704 Cum

240 4743 419 4811 ξένην
449 4738 586 4791 τινὰ
618 4739 717 4790 καὶ
747 4738 923 4807 ἀληθη
966 4738 1247 4789 πολιτείαν
1273 4737 1461 4807 μετῄει
1488 4754 1502 4767 ⁸
1535 4740 1732 4805 μεστὸς
1754 4741 1861 4809 γὰρ

1971 4747 2117 4800 enim
2142 4755 2198 4800 et
2230 4747 2497 4815 sapientia
2527 4750 2677 4800 omni
2703 4757 2756 4799 et
2785 4746 2953 4813 gratia
2984 4746 3179 4814 plenus
3229 4755 3395 4806 esset,
3452 4746 3546 4798 dc-

237 4836 316 4887 ὢν
360 4833 576 4902 σοφίας
634 4833 818 4899 πάσης
874 4831 971 4883 καὶ
1024 4832 1271 4901 χάριτος,
1306 4832 1633 4902 παράφορον
1672 4834 1861 4886 ἑαυτὸν

1972 4848 2210 4892 mentem
2242 4854 2298 4893 se
2329 4852 2446 4891 esse
2479 4838 2839 4900 assimulavit,
2870 4846 2926 4890 et
2954 4851 3145 4889 vanam
3195 4836 3423 4904 gloriam
3450 4876 3460 4889 .
3487 4845 3542 4886 ut

238 4929 468 4981 ἐποίειο
505 4928 614 4993 τὴν
653 4926 815 4992 κενὴν
846 4924 1024 4989 δόξαν,
1056 4924 1131 4984 ὡς
1163 4922 1382 4986 ἀδοξίαν
1420 4927 1538 4985 ταῖς
1580 4924 1858 4992 ἀληθείαις

1972 4948 2093 5000 quze
2124 4948 2313 4988 revera
2345 4932 2643 5001 ignominia
2679 4934 2770 4994 sit,
2820 4930 3029 4999 rejecit.
3083 4928 3318 4983 Sanctus
3378 4930 3542 4997 igitur

236 5021 448 5083 οὖσαν,
497 5017 946 5085 ἀποδυσάμενος.
971 5016 1141 5076 Οὗτος
1167 5016 1349 5067 τοῐνυν
1367 5018 1393 5068 ό
1418 5016 1564 5079 ὅσιος
1596 5017 1661 5068 τά
1692 5018 1862 5069 πολλὰ

1972 5024 2055 5075 vir
2086 5024 2187 5077 iste
2212 5024 2304 5077 diu
2336 5023 2616 5077 solitarius
2648 5024 2799 5083 vixit,
2833 5024 3008 5075 latens
3045 5034 3273 5087 prorsus
3298 5035 3313 5046 ·
3362 5035 3539 5086 neque.

250 5116 380 5168 καθ’
418 5111 634 5166 ἑαυτὸν
666 5108 1021 5179 διαιτώμενος
1070 5103 1158 5177 ἦν,
1208 5107 1485 5159 λανθάνων
1542 5109 1859 5160 παντάπασι

1971 5115 2233 5184 cuipiam,
2269 5124 2325 5166 ut
2373 5124 2753 5183 cognosceret,
2814 5112 3059 5180 quando,
3112 5118 3206 5163 aut
3270 5113 3540 5177 quomodo

241 5211 339 5262 καὶ
382 5210 469 5277 μή
514 5222 636 5258 τινι
665 5204 846 5266 διδοὺς
878 5202 1119 5271 πάροδον
1150 5200 1470 5267 διαγνῶναι,
1504 5202 1632 5253 πότε
1681 5200 1713 5269 ἢ
1746 5201 1862 5261 πῶς

1972 5222 2159 5275 preces
2191 5207 2256 5259 ad
2294 5208 2465 5261 Deum
2532 5206 2805 5269 fumlcrct,
2860 5214 2954 5257 aut
3002 5218 3110 5271 quo
3170 5213 3437 5269 tempore,
3485 5210 3538 5250 et

250 5304 313 5355 τὸ
342 5301 505 5353 θεῖον
552 5298 871 5351 ίλάσκεται·
911 5297 943 5364 ἢ
986 5296 1117 5347 πότε
1145 5296 1241 5347 καὶ
1271 5293 1382 5346 τίσι
1415 5294 1604 5355 σιτίοις
1637 5296 1859 5361 πρόσει·

1973 5300 2177 5367 quibus
2241 5301 2377 5353 cibis
2424 5302 2505 5352 vel
2545 5308 2795 5351 uteretur
2824 5297 2907 5349 ch
2958 5296 3279 5357 absﬁneret,
3332 5292 3535 5344 aditum

250 5412 338 5445 σιν
368 5393 405 5463 ἢ
441 5390 750 5458 ἀπέχεται.
778 5388 1046 5450 Πολλάκις
1066 5388 1121 5440 δὲ
1142 5386 1433 5453 ἀγοράζων
1462 5387 1564 5437 ἀνὰ
1598 5386 1694 5447 τὰς
1722 5386 1860 5437 πλα-

1859 5416 1860 5421 η
1970 5391 2035 5443 ad
2075 5407 2132 5444 se
2171 5391 2511 5459 permittens.
2552 5391 2798 5457 Persa-pe
2834 5402 2964 5441 vero
3015 5388 3178 5439 etiam
3236 5385 3290 5436 in
3339 5383 3535 5452 plateis

239 5489 423 5550 τείας.
502 5482 889 5550 ἐκτετράφθαι
946 5481 1042 5533 τοῦ
1099 5478 1499 5548 καθεστηκότος
1554 5477 1738 5548 ἐῴκει,
1770 5482 1862 5530 καὶ

1973 5499 2194 5537 versans
2218 5525 2230 5548 ,
2266 5494 2445 5536 mente
2506 5482 2799 5546 excidisse,
2829 5495 3008 5550 neque
3048 5478 3347 5547 quidquam
3410 5490 3538 5528 cen-

249 5583 431 5650 μηδὲν
468 5595 532 5630 τι
569 5575 909 5635 συνεστῶτος
945 5574 1037 5625 νοῦ
1072 5573 1240 5641 ἐχειν,
1279 5572 1313 5640 ἡ
1350 5587 1400 5622 τι
1450 5571 1724 5639 φρενῆρες
1766 5571 1861 5622 καὶ

1858 5606 1861 5619 ›
1970 5578 2213 5630 sistentis
2253 5577 2514 5644 pectoris,
2552 5576 2811 5639 solertiae,
2863 5588 2917 5627 et
2973 5570 3287 5641 sagacitatis
3333 5568 3534 5621 habere

243 5674 516 5744 ἀγχινοίᾳ
545 5666 861 5736 προσῆκον.
923 5664 1261 5733 Καπηλείοις
1288 5662 1332 5715 δ’
1364 5663 1616 5723 ἀτάκτως
1644 5664 1862 5729 ἐπιπη-

1859 5691 1862 5699 ι
1971 5670 2118 5722 visus
2146 5677 2249 5723 est.
2273 5668 2579 5736 Aliquando
2616 5666 2975 5736 incomposite
3017 5668 3067 5718 in
3098 5678 3373 5731 cauponas
3404 5660 3535 5712 insi-

244 5768 376 5830 δῴν,
402 5765 528 5817 τῶν
569 5758 1021 5829 παρευρημένων
1072 5756 1262 5808 σιτίων
1293 5756 1604 5824 ἐνεφορεῖτο
1633 5754 1720 5807 ὅτε
1746 5770 1861 5805 πει·

1857 5782 1861 5791 π
1972 5761 2130 5823 liens,
2158 5761 2297 5816 cibis
2331 5776 2388 5815 se
2412 5774 2550 5829 quos
2581 5758 2879 5828 reperisset
2916 5757 3203 5813 famelicus
3255 5752 3533 5824 implebat.

320 5888 401 5953 "1)
450 5884 671 5947 EVagr.
711 5878 877 5932 habet
915 5877 1254 5930 Eustathius.
