4244 6438
671 398 676 404 ’
753 398 860 467 275

1971 363 2392 457 Memnoni
2432 397 2776 459 CALLlSTI

3894 390 4005 456 276

756 505 912 571 Quod
946 504 989 559 si
1013 506 1136 574 quis
1175 504 1409 560 consilio
1441 505 1561 575 ejus
1629 503 1930 568 intellecto,
1990 505 2075 559 vel
2129 505 2321 560 obser-
2357 520 2396 572 Α

2428 508 2563 579 νῴη.
2590 508 2653 562 Εἰ
2677 507 2733 561 δέ
2756 507 2859 561 πού
2887 525 2972 570 τις
3007 506 3268 576 ἐννοήσας
3300 505 3333 576 ἢ
3359 504 3736 575 προσκύνησιν
3773 503 3806 574 ἢ
3833 509 4007 574 τιμήν

755 598 993 654 \autiam
1020 597 1104 650 vel
1136 595 1404 651 honorem
1427 599 1477 651 ei
1508 596 1813 660 exhiberet,
1865 597 2181 667 indignatus
2234 596 2320 650 ille

753 703 916 752 quam
947 685 1236 739 celerrime
1271 702 1341 740 ex
1389 702 1455 740 eo
1487 687 1610 741 loco
1637 685 1979 752 discedebat,
2006 703 2073 741 ne
2098 687 2150 739 id
2175 689 2321 754 quod

754 778 987 829 celatum
1032 777 1268 842 volebat,
1305 777 1834 845 deprehenderetur.
1874 779 2160 849 virtusque
2201 781 2324 848 ejus

754 869 1227 932 tnanil'estaretur,
1255 869 1484 924 veritus.
1516 870 1582 925 Et
1611 870 1702 924 ille
1737 871 1959 940 quidem
2004 872 2076 925 ita
2107 887 2165 928 se
2194 889 2324 940 pro-

756 962 930 1028 palam
959 973 1123 1032 atque
1149 964 1202 1016 in
1236 962 1419 1017 medio
1461 963 1582 1018 foro
1640 965 1827 1034 gessit.
1895 964 2101 1020 Habuit
2144 976 2327 1022 autem

757 1056 1055 1110 laniiliares
1094 1057 1260 1111 etiam
1299 1061 1590 1126 quosdam,
1625 1058 1957 1127 quibuscum
1985 1060 2327 1131 quandoque

755 1149 880 1211 fuit,
917 1164 1078 1203 scena
1112 1159 1168 1203 et
1223 1150 1579 1205 simulatione
1617 1151 1810 1218 posita.
1857 1151 2085 1207 Cuidam
2143 1169 2206 1207 ex
2263 1154 2331 1210 iis

755 1242 952 1295 ancilla
994 1250 1126 1302 erat.
1163 1258 1281 1310 qua:
1311 1260 1341 1296 a
1365 1243 1627 1312 quopiam
1659 1259 1754 1312 per
1793 1243 2078 1298 libidinem
2108 1257 2330 1300 constu-

759 1345 936 1402 prata.
965 1335 1055 1388 ubi
1087 1345 1274 1402 partus
1305 1336 1503 1390 institit
1530 1346 1764 1405 tempus.
1794 1338 1864 1391 ab
1901 1339 2049 1391 heris
2085 1349 2330 1407 patrato-

760 1443 873 1478 rem
903 1427 1148 1494 probrosi
1177 1429 1437 1482 facinoris
1468 1429 1587 1496 ejus
1614 1439 1669 1482 ct
1700 1440 1906 1497 patrem
1971 1429 2126 1496 pueri
2188 1431 2331 1484 indi-

756 1533 881 1571 care
905 1529 1092 1573 coacta
1128 1529 1232 1573 est.
1266 1519 1426 1592 769
1448 1520 1543 1573 llla
1573 1535 1670 1589 per
1697 1520 2055 1585 calunmiam,
2101 1521 2328 1591 Symeo-

757 1625 883 1663 nem
915 1611 1250 1665 clandestine
1276 1614 1860 1678 secuniconsuevisse,
1920 1629 2088 1683 seque
2143 1631 2209 1668 ex
2261 1629 2327 1669 eo

756 1703 1034 1771 gravidam
1064 1721 1188 1761 esse
1224 1706 1384 1768 dixit,
1427 1716 1482 1760 et
1523 1722 1636 1759 rem
1687 1707 1761 1760 ita
1817 1723 1878 1762 se
1931 1709 2136 1761 habere
2176 1708 2330 1776 jura-

760 1806 943 1848 mento
977 1799 1267 1851 confirmat
1298 1816 1311 1848 :
1343 1798 1507 1866 idque
1539 1801 1582 1852 si
1616 1816 1753 1869 opus
1802 1809 1969 1862 esset,
2007 1799 2062 1852 in
2123 1799 2323 1852 faciem

756 1886 832 1939 illi
874 1904 932 1940 se
965 1890 1232 1941 dicturam
1271 1891 1543 1963 promisit.
1578 1889 1689 1944 Hoc
1713 1892 1803 1944 tibi
1827 1892 1892 1945 ad
1918 1908 2080 1945 aures
2107 1889 2323 1961 Symeo-
2358 1869 2403 1928 Β

757 1980 844 2032 nis
873 1983 1139 2048 pervenit,
1175 1982 1379 2036 factum
1413 1985 1526 2052 ipse
1554 2000 1776 2054 quoque
1801 2001 1910 2039 non
1942 1986 2181 2054 negavit,
2215 2001 2334 2038 car-

760 2086 882 2130 nem
910 2073 1119 2127 scilicet
1154 2091 1210 2128 se
1253 2092 1471 2144 quoque
1499 2076 1878 2142 circumferre,
1939 2085 1996 2131 et
2059 2077 2330 2131 lubricam

761 2166 1024 2239 pert-andi
1061 2167 1456 2232 proclivitatem
1484 2169 1704 2222 insitam
1763 2169 1870 2223 sibi
1936 2185 2059 2224 esse
2119 2169 2332 2223 dicens.

760 2257 1056 2326 Postquam
1094 2271 1277 2312 autem
1311 2275 1380 2313 eo
1404 2260 1627 2314 nomine
1647 2275 1931 2315 sermones
1969 2264 2109 2330 apud
2140 2277 2334 2319 Omnes

764 2349 832 2401 de
873 2365 940 2404 eo
973 2351 1392 2415 incrcliuerunl,
1431 2362 1486 2407 ct
1525 2353 1660 2421 ipse,
1695 2355 1853 2408 εἰι-υιί
1888 2355 2203 2418 videbatur,
2238 2372 2336 2424 pu-

765 2447 900 2497 dore
936 2444 1219 2509 perc-uisus
1240 2455 1325 2497 cst
1364 2462 1377 2498 :
1410 2445 1578 2498 illicet
1627 2462 1724 2512 per
1745 2446 1992 2500 fraudem
2024 2448 2127 2501 sub
2177 2464 2334 2502 vere-

765 2535 978 2588 cundia:
1013 2545 1276 2604 prmtextu
1310 2536 1550 2604 seipsuni
1579 2538 1862 2592 subduxit.
1897 2539 1961 2592 Et
1993 2539 2098 2609 jam
2157 2539 2336 2594 fatalis

761 2635 817 2677 et
849 2627 1148 2678 constituta
1183 2621 1431 2694 pariendi
1460 2627 1578 2682 dies
1633 2630 1845 2692 aderat,
1894 2640 1953 2684 et
2010 2631 2334 2686 muliercula

760 2716 920 2770 sedili
982 2720 1146 2773 solito
1214 2721 1512 2784 insidebat,
1584 2721 1914 2791 doloresque
1985 2725 2337 2779 vehementes

762 2809 1184 2873 exoriebantur,
1216 2811 1521 2864 cruciatum
1577 2814 1978 2868 intolerabilem
2019 2816 2334 2873 afferentes.

762 2898 1073 2962 acmisella
1113 2900 1364 2954 ultimum
1397 2901 1694 2954 discrimen
1719 2901 1930 2966 adibat,
1967 2919 2146 2971 neque
2192 2903 2338 2958 fetus

764 2990 1018 3059 prodibat
1051 3029 1064 3052 ,
1096 3006 1218 3042 cum
1255 2992 1308 3043 in
1349 3002 1592 3060 tempore
1625 2994 1744 3060 ipso
1780 2993 2104 3062 Symeonem
2169 2994 2337 3048 adve-

764 3082 1033 3142 nientem,
1062 3091 1327 3148 utpreees
1364 3083 1427 3133 ad
1463 3083 1630 3134 Deum
1677 3083 2056 3150 profumlcret,
2118 3084 2338 3137 mulier-

2430 618 2552 653 τινα
2585 600 2848 670 προσῆγε,
2912 596 3071 668 θυμῷ
3119 597 3303 667 πολλῷ
3352 597 3446 650 καὶ
3499 597 3655 665 τάχει
3686 595 3797 648 τῶν
3822 595 4009 648 τόπων

2429 693 2729 762 ἀςίστατοο
2766 693 3119 760 ὑπειδόμενος
3184 691 3262 760 μή
3319 708 3372 742 τι
3412 689 3716 759 φωραθείη,
3751 688 3778 741 δ
3811 687 4008 740 λανθά-

2430 803 2544 838 νειν
2569 784 2867 855 ἐπεχείρει,
2895 782 3197 853 κατάδηλον
3216 783 3317 854 τὴν
3342 781 3555 836 οἰκείαν
3577 779 3750 832 ποιῶν
3777 780 4003 848 ἀρετήν.

2431 877 2513 930 Τά
2549 878 2646 945 μὲν
2678 876 2772 927 οὖν
2805 877 2962 939 ἐκτὸς
2990 877 3085 928 καὶ
3115 877 3348 944 ἀγοραῖα
3371 873 3448 944 τῷ
3481 873 3731 943 Συμεῶνι
3776 872 4008 926 τοιαῦτά

2435 987 2496 1038 γε
2528 965 2689 1040 ἦσαν.
2719 965 2898 1023 Ἦσαν
2916 970 2973 1023 δέ
3001 987 3144 1029 τινες
3176 968 3326 1038 αὑτῷ
3348 971 3445 1040 καὶ
3479 966 3729 1034 συνήθεις
3800 960 3882 1027 οἷς
3912 963 4013 1016 καὶ

2432 1062 2800 1128 παρενέϐαλλε
2853 1062 2953 1131 τὴν
2985 1063 3192 1132 σκηνὴν
3231 1061 3374 1114 λύων
3405 1063 3499 1113 καὶ
3554 1060 3655 1129 τὴν
3690 1059 4008 1128 ὑπόκρισιν.

2443 1155 2559 1208 Ἐνὶ
2610 1155 2742 1222 γοῦν
2790 1157 3015 1209 ἐκείνων
3049 1154 3378 1224 θεραπαινὶς
3408 1149 3500 1224 ἦν,
3535 1153 3568 1224 ἢ
3599 1152 3663 1222 δὴ
3698 1153 3832 1220 πρός
3865 1168 4011 1209 τινος

2433 1248 2746 1316 ἀκολάστως
2778 1247 3226 1316 ὲκπορνευθεῖσα,
3279 1248 3403 1300 ἐπεὶ
3450 1249 3477 1299 ό
3505 1245 3599 1298 τοῦ
3628 1246 3789 1297 τόκου
3815 1244 4009 1308 ἐνέστη

2419 1341 2648 1408 καιρὸς,
2700 1339 2838 1407 πρὸς
2887 1340 2995 1390 τῶν
3051 1338 3328 1391 δεσποτῶν
3379 1337 3725 1405 ἠναγκάζετο
3782 1334 3877 1386 τὸν
3915 1333 4011 1385 τοῦ

2432 1431 2597 1494 ἄγους
2651 1431 2862 1495 πιτέρα
2922 1428 3324 1496 διερμηνεύειν.
3371 1427 3436 1479 Ἦ
3469 1428 3524 1478 δὲ
3561 1426 3651 1478 τὸν
3705 1422 4014 1491 Συμεώνην

2431 1522 2676 1574 διέϐαλλε
2711 1521 2940 1582 σκοτῖως
2974 1521 3112 1588 αὑτῇ
3151 1519 3566 1590 συμπλακῆναι,
3598 1518 3695 1570 καὶ
3718 1517 3777 1582 ἐξ
3799 1517 4014 1568 ἐκείνου

2434 1616 2725 1682 κυοςςορεῖν
2749 1629 2761 1643 °
2786 1614 2880 1665 καὶ
2912 1607 3258 1682 διώμνυτο,ἦ
3294 1613 3401 1684 μὴν
3426 1611 3600 1672 οὕτως
3626 1611 3772 1680 ἔχειν
3803 1611 4013 1679 διισχυ-

2436 1708 2721 1777 ριζομένη,
2763 1708 2855 1759 καὶ
2905 1709 2957 1759 εί
3007 1724 3071 1769 γε
3125 1707 3256 1768 δέοι,
3294 1705 3387 1758 καὶ
3415 1707 3494 1767 εἰς
3535 1704 3658 1773 δψιν
3713 1704 4015 1781 διελέγχειν

2436 1800 2617 1852 αὐτόν.
2661 1800 2746 1861 Ὠς
2783 1798 2827 1851 δ’
2856 1799 2937 1861 εἰς
2974 1794 3094 1850 ὦτα
3132 1794 3233 1868 ἧκε
3288 1795 3450 1850 τοῦτο
3478 1796 3555 1867 τῷ
3587 1797 3859 1867 Συμεῶνι,
3887 1816 4017 1850 συν⁴

2434 1892 2603 1944 ετίθει
2636 1892 2730 1944 καὶ
2763 1891 2921 1954 αὐτὸς
2960 1890 3120 1960 δῆθεν
3149 1907 3162 1920 ·
3200 1891 3378 1960 σάρκα
3416 1891 3524 1958 γὰρ
3551 1892 3736 1958 φορεῖν
3768 1891 3862 1942 καὶ
3921 1889 4017 1942 τὸν

2433 1985 2645 2037 δλισθον
2701 1983 3061 2052 ἐπιφέρεσθαι
3117 1981 3323 2048 ἔλεγεν.
3400 1981 3551 2033 Ἐπεὶ
3605 1981 3662 2034 δὲ
3696 1981 3844 2050 παρὰ
3878 1981 4017 2034 πᾶσι

2434 2074 2802 2142 διεθρυλλεῖτο
2836 2073 2926 2123 καὶ
2959 2072 3226 2140 αἰσχύνης
3257 2071 3506 2140 ἔμπλεως
3526 2067 3594 2142 ἦν
3622 2070 3697 2130 ὦς
3723 2088 3785 2139 γε
3815 2071 4016 2133 ἐδόκει,

2434 2165 2596 2234 δῆθεν
2634 2166 2987 2234 σοφιζόμενος
3010 2163 3337 2216 ὑπέστελλεν
3367 2163 3582 2229 ἑαυτὸν,
3613 2163 3705 2215 καὶ
3744 2164 3840 2231 τὴν
3872 2161 4011 2215 αἱδὼ

2437 2259 2735 2328 πρόσχημα
2771 2256 3031 2309 ἐπετίθει.
3071 2257 3161 2317 Ὠς
3199 2254 3245 2306 δ’
3285 2251 3378 2308 οὖν
3410 2256 3442 2323 ἡ
3469 2257 3633 2325 κυρία
3668 2251 3806 2324 ἧκεν
3829 2255 4021 2323 ἡμέρα

2436 2350 2529 2402 τοῦ
2564 2348 2810 2411 τοκετοῦ,
2837 2350 2930 2402 καὶ
2960 2347 3186 2400 ἐπὶτῶν
3212 2347 3486 2400 εἰωθότων
3527 2347 3560 2416 ἡ
3595 2347 3731 2416 γυνὴ
3772 2345 4020 2414 καθῆστο

2441 2442 2777 2508 σκιμπόόων,
2813 2442 2844 2508 ἡ
2875 2439 2973 2507 μὲν
3003 2438 3132 2498 ὠδὶς
3179 2439 3539 2507 σφοδρότερον
3573 2440 4018 2508 κατερρήγνυτο,

2439 2535 2768 2585 ἁνᾲποιστον
2826 2532 2926 2600 τὴν
2977 2530 3250 2598 ἀλγηδόνα
3299 2530 3747 2598 ὲργαζομένη,ἐς
3790 2531 4019 2598 ἔσχατον

2439 2624 2686 2676 κινδύνου
2715 2623 3058 2692 περιιστὼσα
3083 2623 3184 2692 τὴν
3217 2621 3526 2691 ἄνθρωπον.
3553 2623 3628 2674 Οὑ
3661 2623 3770 2691 μὴν
3795 2623 3822 2672 ό
3853 2623 4018 2685 τόκος

2441 2716 2803 2785 προέκοπτεν,
2839 2715 2950 2768 ἀλλ’
2991 2715 3307 2779 ἐξεπίτηδες
3345 2715 3649 2782 ἀφιγμένον
3673 2715 3763 2765 τὸν
3795 2714 4022 2782 Συμεώ-

2440 2824 2556 2875 νην,
2585 2805 2826 2856 ἱκέτευον
2863 2805 3138 2873 εὔχεσθαι.
3192 2805 3252 2855 '0
3275 2805 3330 2857 δὲ
3376 2807 3596 2858 ἀνεῖπεν
3629 2806 3909 2874 ἐμφανῶς,
3941 2807 4021 2876 μὴ

2441 2897 2709 2966 πρότερον
2759 2896 2818 2945 τὸ
2848 2895 3293 2962 κυοφορούμενον
3347 2896 3439 2947 τὸν
3479 2894 3633 2964 ἥλιον
3669 2899 4020 2964 προσειπεῖν,

2441 2992 2608 3057 πρινὴ
2643 2989 2733 3041 τὸν
2767 2989 2981 3041 σκότιον
3009 2987 3226 3054 πατέρα
3253 2989 3316 3038 τδ
3341 2987 3565 3054 γύναιον
3607 2987 4022 3057 παραδείξειειν.

2444 3083 2622 3152 Ὅπερ
2654 3083 2841 3150 ἐπειδὴ
2865 3082 2924 3134 τὸ
2957 3081 3182 3149 γύναιον
3218 3081 3519 3150 ὡμολόγει,
3558 3081 3652 3133 καὶ
3688 3080 3780 3132 τὸν
3827 3081 4023 3150 ἀληθι-

764 3173 900 3231 culte
938 3173 1058 3226 alia:
1083 3182 1362 3240 rogarunt.
1402 3173 1478 3225 lbi
1519 3173 1611 3227 ille
1661 3176 1968 3242 propalam,
2018 3190 2128 3232 non
2182 3176 2334 3244 prius
2363 3211 2403 3268 ο

2443 3176 2532 3230 νδν
2557 3177 2748 3228 ἀνεῖπε
2798 3176 3038 3242 πατέρα,
3103 3171 3266 3234 εὐθὺς
3295 3172 3356 3224 τὸ
3409 3171 3612 3241 βρέφος
3661 3172 3879 3240 ἐξέθορε
3921 3174 4024 3240 τῆς

763 3271 934 3320 fctum
964 3267 1134 3324 soiem
1171 3277 1517 3335 aspccturuni
1555 3284 1697 3331 esse,
1722 3284 1882 3336 quam
1918 3278 2095 3322 mater
2124 3281 2334 3337 patrum

764 3358 1168 3413 clandestini-nt
1201 3358 1480 3426 proderet,
1516 3358 1789 3428 praedixit.
1821 3359 1980 3424 Quod
2015 3360 2107 3414 ubi
2133 3359 2336 3413 femina

768 3450 1012 3515 professa
1046 3459 1149 3508 est,
1213 3457 1268 3500 et
1305 3460 1511 3517 patrem
1553 3465 1740 3503 verum
1791 3450 2116 3511 nominavit,
2155 3450 2341 3504 confe-

767 3555 894 3612 sum
947 3543 1129 3598 infans
1159 3543 1424 3596 maternis
1476 3541 1612 3596 locis
1661 3543 1886 3608 exsiliit,
1949 3544 2177 3598 veritate
2225 3543 2340 3612 ipsa

766 3636 1179 3704 quodammodo
1222 3637 1538 3695 obstetricis
1593 3636 1671 3690 illi
1725 3637 1962 3691 ollicium
2017 3639 2337 3690 exhibentc.

769 3731 895 3788 Alio
928 3731 1158 3803 insuper
1191 3743 1437 3798 tempore
1469 3729 1774 3786 Svmeones
1813 3730 1914 3783 iste
1949 3731 2002 3782 in
2054 3729 2338 3783 mdiculam

770 3823 1020 3879 mulieris
1049 3823 1335 3891 impudicae
1369 3823 1666 3890 ingressus,
1693 3822 1908 3876 foribus
1935 3822 2156 3883 clausis,
2193 3821 2344 3875 solus

770 3933 896 3972 cum
927 3917 1043 3982 sola
1077 3930 1323 3971 manetis.
1350 3915 1690 3982 aliquantum
1747 3915 2011 3984 temporis
2053 3915 2291 3968 extraxit
2325 3931 2337 3966 :

771 4007 973 4064 deinde
993 4006 1138 4062 ostio
1163 4017 1354 4076 aperto
1387 4006 1646 4075 profugit,
1680 4017 2039 4075 conspectum
2069 4008 2340 4070 omnium,

772 4114 840 4154 ne
863 4098 989 4168 quis
1016 4114 1142 4151 eum
1173 4099 1540 4165 conspiceret,
1573 4097 1778 4166 ubique
1810 4114 1976 4151 cursu
2034 4100 2206 4152 citato
2259 4097 2342 4150 vi-

771 4199 911 4246 tans.
947 4188 1066 4254 Quo
1095 4187 1264 4249 facto,
1301 4187 1583 4255 opinionis
1630 4203 1740 4240 non
1793 4189 1946 4240 bona:
2001 4202 2224 4241 causam
2275 4186 2343 4239 de

770 4299 829 4334 se
865 4280 1118 4350 praebuit.
1147 4277 1492 4348 Quapropter
1524 4279 1618 4348 qui
1680 4279 1784 4334 hoc
1822 4277 2098 4340 viderant,
2147 4279 2344 4332 mulie-

775 4388 888 4433 rem
913 4379 1315 4436 convenerunt,
1344 4371 1747 4443 diligenterque
1782 4369 1912 4439 quid
1947 4370 2050 4422 sibi
2082 4370 2226 4423 illius
2277 4369 2343 4422 ad

769 4481 892 4523 eam
923 4465 1205 4532 ingressus
1230 4473 1284 4517 et
1317 4472 1424 4516 tam
1452 4463 1715 4516 diuturna
1746 4477 1896 4528 mora
1928 4461 2183 4524 voluerit,
2218 4478 2343 4530 per-

2443 3270 2704 3337 γαστρὺς,
2731 3268 2829 3336 τῆς
2862 3265 3119 3335 ἀληθείας
3150 3265 3344 3335 ὥσπερ
3373 3265 3552 3318 ἐκεῖνο
3577 3266 4019 3335 μαιευσαμέιης.

2447 3363 2554 3422 Καὶ
2607 3360 2797 3427 ἄλλοτε
2853 3361 2907 3412 δὲ
2959 3361 3258 3428 Συμεώνης
3322 3357 3480 3424 οὗτος
3522 3363 3600 3422 εἰς
3635 3376 3686 3411 τι
3741 3359 4022 3427 δωμάτιον

2444 3450 2631 3504 εἰσιὼν
2655 3452 2914 3518 γυναικὸς
2953 3452 3279 3519 ἀκολάστου,
3332 3457 3424 3507 καὶ
3477 3453 3576 3513 τάς
3611 3451 3782 3522 θύρας
3811 3452 4022 3519 ἐγκλειο

2446 3547 2701 3611 σάμενος.
2732 3544 2890 3611 μόνος
2912 3545 3051 3614 μόνῃ
3071 3545 3407 3614 ὲγχρονίζων
3428 3545 3691 3615 παρεῖλκε
3715 3545 3815 3613 τὴν
3845 3545 4023 3613 ὥραν·

2445 3635 2636 3690 ἔπειτα
2669 3635 3000 3696 διαπετάσας
3050 3637 3149 3699 τάς
3190 3636 3386 3707 θύρας,
3422 3639 3644 3704 φεύγων
3676 3637 3860 3706 ἀπῄει,
3893 3654 4029 3686 παν-

2445 3729 2614 3794 ταχοῦ
2652 3725 2920 3794 περιθέων
2943 3727 3041 3794 τὴν
3091 3727 3238 3794 ὄψιν.
3289 3729 3363 3797 μή
3419 3728 3520 3780 πού
3557 3745 3643 3789 τις
3668 3728 3830 3796 δῆθεν
3858 3728 4030 3780 αὑτὸν

2445 3815 2616 3886 ὁρῴη.
2650 3817 2806 3868 Οὕτω
2837 3817 2892 3869 δὲ
2917 3817 3146 3885 δράσας,
3175 3819 3436 3872 ὑπόνοιαν
3461 3822 3727 3887 παρεῖχεν
3755 3818 3856 3870 οὑκ
3888 3820 4030 3885 ἀγα-

2447 3909 2550 3976 θην
2576 3924 2590 3937 '
2639 3909 2782 3962 ὥστε
2815 3910 2912 3961 καὶ
2944 3910 3069 3971 τοὺς
3097 3909 3305 3972 ἰδόντας
3367 3910 3671 3978 ἀγαγέσθαι
3699 3913 3797 3980 τὴν
3815 3911 4030 3980 ἀνθρω-

2449 4017 2573 4065 πον,
2609 4003 2704 4054 καὶ
2738 4003 2818 4065 εἰς
2848 3999 3044 4054 λεπ.ὺν
3090 4000 3476 4071 ἀκριϐοῦσθαι,
3512 4005 3566 4055 τί
3619 4020 3679 4055 τε
3740 4003 4031 4072 βούλεσθαι

2447 4093 2545 4162 τὴν
2578 4093 2788 4144 ἐκείνου
2813 4094 3120 4148 εἰσέλευσιν
3149 4095 3281 4163 παρ’
3304 4094 3465 4162 αὐτῇ,
3493 4094 3588 4146 καὶ
3617 4095 3718 4161 τὴν
3750 4095 3845 4145 ἐπὶ
3869 4095 4032 4144 τόσον

2448 4183 2512 4252 δὴ
2541 4183 2636 4236 τοῦ
2661 4186 2855 4253 χρόνου
2889 4185 3108 4254 τριϐήν.
3185 4183 3251 4237 Ἦ
3281 4185 3337 4236 δὲ
3369 4185 3664 4254 διώμνυτο,
3724 4187 3781 4246 ὲς
3833 4187 4031 4254 τρίτη)

2451 4276 2664 4344 ἡμέραν
2705 4276 2934 4344 μηδενὸς
2984 4276 3402 4342 ἀπογεύσασθαι
3434 4276 3573 4346 πλὴν
3600 4277 3815 4340 ὓδατος,
3847 4279 4033 4348 ἐνδείᾳ

2450 4370 2558 4421 τῶν
2582 4368 2897 4435 ἀναγκαίων
2921 4384 2934 4397 ·
2963 4368 3055 4419 τὸν
3083 4367 3140 4420 δὲ
3174 4369 3436 4435 μαθόντα,
3483 4370 3604 4421 σῖτά
3643 4386 3701 4420 τε
3755 4371 3848 4421 καὶ
3877 4372 4030 4423 οἴνου

2455 4461 2621 4529 μέρος
2650 4461 2907 4529 κομίσαι·
2941 4456 3038 4511 εἰτ’
3070 4459 3496 4527 ἐγκλεισάμενον
3530 4462 3630 4528 τὴν
3662 4460 3856 4530 θύραν,
3889 4465 4034 4530 τρά-

775 4558 1018 4621 tzuuctati
1047 4565 1196 4609 sunt.
1220 4555 1296 4609 lbi
1323 4556 1414 4608 illa
1446 4555 1717 4623 adjuravit
1748 4570 1806 4606 se
1840 4555 1893 4606 in
1918 4557 2140 4616 tertium
2167 4569 2346 4622 usque
2382 4559 2403 4612 ι

2419 4572 2424 4603 ι
2457 4551 2625 4615 πεξαν
2656 4552 3007 4620 παραθεῖναι,
3040 4550 3134 4602 καὶ
3171 4549 3459 4617 δειπνῆσαι
3493 4551 3769 4604 κελεῦσαι.
3804 4552 3900 4604 καὶ
3929 4555 4036 4624 τῆς

771 4653 914 4708 diem
945 4649 1173 4717 penuria
1197 4663 1377 4699 rerum
1398 4646 1856 4714 necessariarum,
1884 4657 2082 4712 praeter
2113 4661 2338 4712 aquam,

772 4740 906 4794 nihil
938 4739 1280 4808 degustasse.
1315 4737 1468 4790 lllum
1499 4748 1706 4797 autem,
1741 4738 1835 4804 qui
1896 4737 1999 4790 liuc
2053 4736 2340 4807 cognovis-

769 4838 873 4892 set,
896 4827 1084 4881 cibum
1109 4826 1174 4883 ad
1225 4843 1285 4880 se
1320 4838 1376 4882 ct
1425 4827 1534 4880 vini
1579 4826 1978 4898 aliquantulum
2043 4827 2290 4880 attulisse
2328 4844 2342 4888 ;

768 4921 969 4974 deinde
997 4919 1182 4987 januis
1219 4919 1446 4980 clausis,
1487 4935 1728 4972 mensam
1764 4919 2104 4988 apposuisse,
2161 4921 2343 4973 cibum

2453 4644 2635 4712 θοίνης
2679 4641 3098 4710 ἐμπλήσασθαι·
3140 4643 3208 4694 τά
3264 4642 3320 4694 δὲ
3356 4641 3588 4710 λείψανα
3620 4642 3788 4697 πάλιν
3836 4644 4033 4698 ὶαόεἰν

2455 4736 2546 4786 καὶ
2570 4735 2836 4804 οἴχεσθαι.
2865 4735 2973 4787 Καὶ
2998 4735 3188 4786 κλόνου
3210 4735 3265 4786 δὲ
3289 4736 3391 4804 γῆς
3423 4737 3682 4803 μεγίστου
3716 4740 4036 4790 κατασείειν

2457 4827 2745 4896 μέλλοντος
2779 4828 2846 4878 τὰ
2872 4827 3053 4878 ἐκεῖσε
3087 4827 3253 4895 μέρη,
3289 4827 3527 4896 ὁπηνίκα
3562 4828 3597 4898 ἦ
3627 4845 3686 4880 τε
3720 4827 4033 4898 Βηρυτίων,

2452 4926 2696 4978 Βυΰλίων
2717 4941 2776 4976 τε
2799 4925 2894 4976 καὶ
2928 4923 3270 4993 Τριπολιτὼν
3301 4925 3510 4990 πόλεις,
3545 4925 3655 4976 τῶν
3694 4925 3871 4978 ἄλλων
3891 4930 4040 4995 μᾶλ-

771 5028 968 5080 mpere
993 5012 1243 5081 jussisse,
1283 5011 1517 5071 dapibus
1555 5026 1674 5064 eam
1737 5012 2032 5082 replevisse
2072 5028 2084 5062 :
2123 5022 2180 5068 et
2217 5014 2347 5065 reli-

2419 5018 2544 5110 ρον
2570 5016 2928 5078 πεπόνθασιν,
2985 5016 3184 5082 ἱμάντα
3233 5019 3300 5085 τῇ
3359 5017 3506 5086 χειρὶ
3563 5017 3866 5085 περιάγων,
3899 5021 4036 5082 τοὺς

771 5107 919 5174 quiis
949 5120 1139 5158 carum
1173 5105 1429 5171 receptis,
1462 5103 1683 5158 abiisse.
1706 5102 1842 5166 Cum
1871 5114 2213 5157 terraemotus
2234 5121 2346 5157 ma-

771 5198 950 5250 ximus
979 5196 1257 5264 regionem
1291 5210 1409 5249 eam
1443 5211 1818 5266 concussurus
1849 5205 1994 5248 εδει-ι
2048 5205 2180 5255 (quo
2212 5207 2346 5250 tern-

779 5306 930 5358 pore.
961 5305 1070 5358 pra:
1103 5289 1419 5357 civitatibus
1451 5289 1593 5351 aliis,
1622 5288 1785 5342 urbes
1811 5287 2064 5358 Berytus,
2123 5289 2340 5350 Biblus.

774 5392 831 5436 ct
857 5380 1117 5449 Tripolis,
1159 5382 1370 5433 cladem
1427 5381 1702 5449 ingentem
1751 5383 2106 5447 acceperunt)
2163 5380 2344 5434 lorum

778 5489 938 5526 manu
973 5475 1371 5541 circumagens,
1401 5483 1455 5527 et
1479 5488 1639 5542 quam
1665 5473 1924 5540 plurimas
1971 5473 2023 5524 in
2083 5471 2202 5525 foro
2255 5490 2346 5543 co-

774 5569 987 5620 lumnas
1018 5566 1397 5628 diverlierans,
1423 5567 1486 5616 ad
1539 5565 1674 5617 alias
1705 5582 1716 5616 :
1755 5565 1916 5633 770
1943 5565 2090 5618 State
2121 5565 2346 5635 (inquit)

775 5673 891 5721 vos,
916 5655 1064 5710 brevi
1089 5671 1323 5723 namque
1350 5656 1547 5709 saltare
1579 5657 1812 5730 debetis.
1848 5659 1908 5710 Et
1943 5673 2064 5710 cum
2095 5657 2200 5711 viri
2226 5660 2345 5727 ejus

775 5752 978 5804 factum
1013 5750 1226 5802 nullum
1263 5748 1501 5801 otiosum
1528 5759 1622 5801 aut
1655 5751 2026 5802 frustraneum
2050 5765 2170 5804 esse
2197 5751 2348 5819 judi-

2452 5111 2742 5168 πλείστους
2767 5111 2877 5162 τῶν
2906 5110 3102 5162 κιόνων
3126 5109 3302 5161 παίων
3324 5110 3428 5162 ἀνά
3455 5110 3552 5177 τὴν
3573 5111 3800 5180 ἀγορὰν.
3831 5112 4032 5176 Στῆτε,

2451 5201 2713 5268 ἐπέλεγεν
2733 5218 2748 5232 ·
2777 5201 2931 5271 ἔχετε
2956 5201 3065 5271 γὰρ
3088 5201 3212 5254 ὅσον
3235 5198 3388 5253 οὔπω
3411 5201 3774 5269 ὀρχήσασθαι.
3818 5202 3902 5264 Ὠς
3941 5201 4036 5260 οὖν

2449 5294 2546 5346 τοῦ
2604 5292 2795 5361 ἀνδρὸς
2849 5293 3000 5345 οὐδὲν
3049 5292 3327 5360 πάρεργον
3375 5290 3697 5360 διεκρίνετο,
3735 5292 3784 5347 οἰ
3821 5308 4038 5359 παρευ-

2453 5384 2705 5454 ρεθέντες
2735 5383 2812 5442 εἰς
2858 5383 2982 5435 νοῦν
3033 5382 3241 5445 ἔλαϐον,
3303 5381 3455 5444 τίνας
3515 5381 3622 5434 τῶν
3676 5382 3872 5434 κιόνων
3933 5383 4037 5437 οὐκ

2456 5476 2619 5543 ἔτυψε
2659 5475 2873 5545 παριών
2893 5491 2906 5506 ο
2963 5475 3011 5528 οἳ
3043 5474 3107 5544 δὴ
3140 5475 3231 5527 τοῦ
3258 5472 3483 5542 σεισμοῦ
3545 5474 3812 5544 ραγδαίως
3844 5478 4041 5529 timo-

2461 5565 2718 5625 πεσόντος
2757 5565 3227 5616 καταπεπτὼκαςι
3253 5605 3268 5627 ,
3326 5565 3606 5632 πάρεργον
3630 5562 3840 5614 ἐκείνου
3873 5579 4040 5630 γεγε-

2456 5657 2698 5726 νημένοι.
2732 5656 2908 5708 Πολλὰ
2933 5657 2988 5707 δὲ
3031 5658 3121 5708 καὶ
3150 5656 3311 5725 ἔτερα
3346 5655 3495 5722 αὑτῴ
3533 5656 3752 5724 μνήμης
3774 5655 3900 5718 ἀξια
3925 5657 4041 5708 διε-

2455 5751 2862 5821 πράχθη,1ἆπερ
2887 5749 3000 5819 ἰδίῳ
3024 5751 3414 5818 συγγράμματι
3441 5751 3497 5802 ἐν
3519 5748 3728 5819 ἑτέροις
3751 5749 4030 5804 διέλαεον.

775 5855 1012 5922 ῒψειεν,
1042 5846 1135 5914 qui
1189 5847 1238 5899 ei
1298 5845 1372 5900 rei
1416 5846 1646 5911 afluere,
1677 5848 1875 5901 animis
1911 5849 2051 5903 suis.
2079 5864 2341 5920 quasnam
2383 5850 2666 5906 columnas
2737 5848 3056 5917 praeteriens
3085 5864 3195 5904 non
3249 5847 3522 5915 pulsasset
3577 5846 4030 5902 cousidcrarunt.
