4244 6438
717 397 823 458 279

1935 401 2360 464 NICEPHORI
2407 405 2760 465 CALIJS’I‘I

3887 401 3998 463 980

722 509 954 568 busdam
989 521 1294 582 martyrum
1325 511 1572 576 reliquiis
1601 513 1653 566 in
1683 513 1961 584 sartagine
2015 515 2306 579 lrixerant,
2339 524 2384 580 Α

2339 524 2384 580 Α
2413 519 2731 586 τηγάνιζον,
2787 517 3045 587 οὐδεμιᾶς
3089 516 3297 586 τόλμης
3332 517 3366 588 ἢ
3425 515 3640 586 ὕϐρεως
3684 517 3830 570 κατά
3859 518 3997 586 Χρι-

725 624 752 658 ιι
805 604 952 657 nulla
994 619 1217 672 prorsus
1251 604 1564 658 temeritate
1616 615 1672 660 et
1725 607 2059 661 contumelia
2115 619 2306 662 contra

723 696 1072 750 Christianos
1124 695 1491 752 abstinentes.
1527 696 1658 762 Qua:
1691 698 1786 752 ubi
1817 698 2166 754 Justinianus
2223 701 2310 752 in-

729 788 964 852 tellexit,
1023 789 1196 843 mulza
1254 804 1419 842 manu
1480 804 1606 844 eum
1651 791 1762 846 illis
1792 808 2143 862 congressus.
2181 809 2308 848 cuza

726 880 865 947 alios
896 880 1123 943 multos,
1168 891 1285 935 tum
1313 883 1595 938 lulianum
1629 884 1806 952 ipsum
1842 886 2071 940 occidit.
2106 886 2313 958 Captus

725 988 948 1042 quoque
980 973 1241 1028 Silvanus
1265 975 1490 1042 quidam
1535 976 1878 1048 Scythopoli,
1926 989 1980 1033 et
2023 980 2135 1049 igni
2190 996 2314 1035 cre-

724 1075 929 1128 matus,
969 1083 1228 1136 perquam
1269 1069 1523 1124 acerbam
1574 1070 1701 1124 vitae
1746 1074 2134 1142 catastrophen
2185 1075 2314 1129 sub-

725 1159 789 1215 iit
827 1177 841 1211 :
873 1161 956 1212 vir
1007 1161 1106 1234 qui
1145 1161 1442 1228 plurimum
1474 1178 1572 1228 per
1593 1163 1920 1217 eﬂ’renatam
1947 1166 2311 1233 petulantiam

727 1251 782 1303 in
813 1250 1163 1308 Christianos
1193 1252 1508 1318 illussisset,
1537 1267 1592 1306 et
1641 1255 1829 1308 divina
1862 1256 2108 1312 vindicta
2139 1261 2204 1311 ad
2255 1258 2310 1313 id

730 1353 944 1411 tempus
973 1355 1336 1397 conservatus
1362 1355 1532 1408 esset,
1581 1357 1639 1398 ut
1669 1347 1886 1402 debitas
1918 1348 1986 1404 ad
2037 1364 2164 1404 eum
2196 1366 2314 1403 ma-

727 1436 857 1489 dum
913 1437 1256 1503 persolveret
1297 1453 1508 1506 panas,
1548 1441 2015 1508 quemadmodum
2065 1452 2120 1496 et
2175 1445 2317 1500 divi-

728 1540 834 1582 nus
863 1527 1072 1580 Snbhas
1096 1527 1144 1579 ei
1179 1530 1524 1596 praedixerat.
1558 1531 1836 1588 Arscnius
1870 1542 2054 1587 autem
2081 1537 2310 1602 quidam

727 1621 953 1674 nomine
983 1631 1037 1674 ct
1081 1621 1347 1688 dignitate
1403 1622 1656 1683 illustris.
1698 1624 1818 1692 ejus
1869 1640 2036 1694 quem
2073 1627 2315 1682 diximus

726 1711 929 1768 Juliani
963 1727 1169 1772 comes.
1204 1712 1688 1782 Constantinopoli
1724 1725 1865 1779 erat,
1901 1725 1958 1770 et
2007 1717 2316 1773 calumnias

728 1803 991 1872 quasdam
1026 1803 1164 1858 falso
1197 1806 1464 1859 adversus
1488 1805 1813 1865 Palaestinos
1838 1810 2055 1866 suebat.
2085 1812 2310 1879 perinde

2419 612 2653 662 σειανῶν
2707 611 3056 680 φεισάμενοι.
3117 611 3184 662 Ἀ
3234 611 3299 678 δὴ
3369 609 3534 678 γνοὺς
3594 610 3997 674 Ἰουστινιανὸ;,

2418 705 2564 773 χειρὶ
2597 705 2764 773 πολλῇ
2805 703 3104 773 συμόαλὼν
3146 703 3398 766 ἐκείνοις,
3430 703 3628 764 ἄλλους
3660 719 3717 755 τε
3767 702 3999 765 πολλοὺς

2418 799 2636 866 ἀναιρεῖ
2671 798 2763 850 καὶ
2797 797 3086 851 Ἰουλιανὺν
3121 795 3305 850 αὐτόν.
3331 793 3668 863 summast;
3703 794 3758 847 δέ
3793 794 3889 846 καί
3917 811 4000 853 τις

2419 888 2706 950 Σιλουανὸς
2761 890 2819 940 ἐν
2851 887 3209 950 Σκυθοπόλει,
3264 886 3401 953 πυρὶ
3452 883 3855 952 παραδίδοται·
3901 882 3997 934 καὶ

2419 981 2628 1052 πικρὰν
2658 979 2801 1033 οὕτω
2831 978 3219 1049 καταστροφὴν
3247 979 3343 1030 τοῦ
3375 979 3489 1048 βίου
3522 977 3720 1045 ὐφίστα
3757 993 3835 1037 αι,
3860 975 4002 1042 ἀνὴρ

2418 1072 2649 1125 πλεῖστα
2713 1073 2854 1126 κατὰ
2905 1071 3253 1142 Χριστιανῶν
3311 1067 3756 1139 πεπαρῳνηκὼς,
3791 1067 3885 1120 καὶ
3935 1070 4002 1136 τῇ

2417 1163 2538 1234 θείᾳ
2570 1165 2695 1236 δίκῃ
2734 1163 2971 1216 ἐνταῦθα
3020 1164 3360 1232 ταμιευθείς,
3401 1163 3468 1215 ἶν’
3501 1161 3783 1228 ἀρκοῦσαν
3823 1158 4000 1217 οὕτως

2419 1257 2656 1328 ἀποτίσῃ
2686 1258 2782 1308 καὶ
2812 1257 3090 1326 τιμωρίαν
3114 1273 3127 1286 ·
3162 1257 3354 1325 ὥσπερ
3384 1257 3448 1324 δὴ
3497 1256 3592 1307 καὶ
3623 1257 3651 1306 ὁ
3683 1254 3826 1316 θεῖος
3860 1253 4001 1304 Σάὸ-

2420 1346 2518 1408 6ας
2551 1349 2746 1417 ἐκείνῳ
2781 1347 3167 1418 προήγγειλεν.
3218 1347 3576 1418 Ἰλλούστριος
3607 1346 3665 1400 δέ
3693 1364 3779 1407 τις
3811 1345 4000 1407 ἀξίαν,

2431 1439 2710 1506 Ἀρσένιος
2741 1439 2999 1507 τοῦνομα,
3040 1439 3333 1501 ἀκόλουθος
3360 1438 3437 1490 ὢν
3476 1437 3554 1506 τῷ
3587 1440 4002 1508 προειρημένῳ,

2417 1532 2480 1599 τῇ
2522 1533 2936 1585 Κωνσταντίνου
2982 1532 3298 1600 γενόμενος,
3333 1531 3506 1600 ψευδῆ
3555 1533 3698 1583 κατὰ
3742 1530 3851 1581 τῶν
3887 1531 4004 1582 Πα-

2431 1624 2726 1676 λαιστινῶν
2775 1625 3070 1696 ἐρῤαπτεν,
3113 1625 3185 1685 ὠς
3237 1619 3350 1676 εἶεν
3399 1623 3476 1692 τῷ
3528 1623 3780 1693 τυράννῳ
3831 1621 4004 1674 πολλὰ

2419 1717 2862 1786 συμϐαλλόμενοι
2890 1732 2904 1747 ⁶
2939 1717 3008 1769 δι’
3059 1716 3151 1782 οὓς
3201 1717 3437 1784 Σάῦὁας,
3469 1714 3546 1776 ὼς
3584 1718 3829 1785 εἴρηται,
3863 1730 4004 1784 πρε-

2421 1807 2664 1860 σϐεύσων
2695 1806 2852 1867 αὖθις
2901 1809 2993 1859 ἐπὶ
3032 1808 3128 1878 τὴν
3176 1809 3592 1862 Κωνσταντίνου
3641 1806 3864 1874 ἐφοίτα·
3910 1799 4001 1856 οἷα

728 1907 892 1964 atque
929 1909 1165 1965 tyranno
1204 1898 1388 1950 multis
1417 1899 1468 1950 in
1538 1899 1705 1953 rebus
1733 1902 2017 1970 adjutores
2048 1903 2307 1959 fuissent.
2353 1870 2392 1924 Β

2353 1870 2392 1924 Β
2420 1900 2473 1951 δέ
2515 1917 2620 1952 τινι
2673 1901 2888 1968 ἀγγέλῳ
2932 1901 3026 1952 καὶ
3085 1870 3184 1969 τῆς
3230 1901 3345 1952 ἄνω
3382 1870 3748 1970 Ἰερουσαλίιμ
3804 1897 4001 1967 πολίτῃ

732 1987 938 2043 Horum
997 1991 1169 2057 gratia
1216 1989 1452 2054 Sabbas,
1503 1993 1663 2044 sicuti
1724 1992 1934 2046 dictum
1983 2003 2087 2058 est,
2125 2007 2315 2049 orator

730 2095 950 2134 rursum
994 2082 1530 2151 Constantinopolim
1566 2084 1737 2139 venit.
1809 2085 1943 2140 Eum
1975 2104 2105 2141 vero
2141 2089 2308 2142 veluti

729 2177 1014 2241 angelum,
1071 2183 1127 2227 et
1178 2175 1423 2228 caelestis
1483 2174 1786 2230 Jerusalem
1847 2179 2046 2240 civem,
2091 2181 2312 2234 coalitus

731 2267 1068 2328 venientem,
1103 2281 1368 2334 perquam
1403 2267 1607 2319 celebri
1647 2283 1846 2336 pompa
1878 2267 2183 2334 imperator
2209 2288 2306 2324 ex-

731 2358 881 2426 cepit
913 2376 924 2410 :
965 2359 1235 2427 quidquid
1279 2362 1332 2412 in
1368 2360 1505 2412 urbe
1537 2360 1840 2414 illustrium
1867 2363 2308 2425 essetvirorum,

733 2446 1027 2514 ipsumque
1061 2451 1198 2501 adeo
1239 2449 1614 2516 Epiphanium
1663 2453 2031 2518 patriarcham
2092 2455 2309 2508 obviam

735 2537 812 2592 illi
854 2539 1097 2594 mittens.
1138 2542 1310 2595 Porro
1342 2542 1434 2596 ubi
1464 2544 1624 2612 longe
1654 2545 2044 2599 advenientem
2075 2546 2310 2614 impera-

735 2638 822 2685 tor
847 2633 1089 2698 agnovit,
1124 2635 1380 2689 eximiam
1432 2637 1599 2705 capiti
1656 2637 1774 2702 ejus
1805 2653 2070 2692 coronam
2121 2638 2304 2691 immi-

734 2737 866 2774 nere
890 2723 1033 2776 vidit
1065 2742 1076 2774 :
1106 2725 1268 2794 772
1298 2727 1445 2790 quod
1484 2736 1540 2781 et
1587 2728 1765 2796 ipsum
1800 2729 2125 2782 Anastasius
2156 2729 2313 2792 olim,

733 2826 856 2864 cum
896 2813 961 2866 ad
997 2831 1123 2868 eum
1153 2818 1391 2883 veniret,
1429 2821 1739 2886 conspexit.
1779 2819 1970 2890 Itaque
2006 2820 2082 2874 illi
2112 2836 2315 2875 occur-

735 2904 826 2966 rit,
861 2913 916 2957 et
940 2905 1331 2965 benedictione
1384 2919 1633 2980 accepta,
1693 2927 1824 2966 sane
1860 2927 2026 2981 quam
2074 2913 2315 2966 libenter

735 3008 859 3047 cum
883 3011 950 3050 eo
985 2998 1108 3063 fuit,
1136 3011 1191 3056 et
1221 3002 1479 3057 facillime
1508 3005 1778 3073 quidquid
1820 3006 1864 3059 is
1889 3006 2108 3062 volebat
2164 3007 2312 3060 fecit.

2413 1991 2714 2062 οὐρανόθεν
2732 1986 2952 2062 ⁷ἕλκοντι,
2983 1995 3260 2062 περιφανῆ
3292 1995 3464 2044 ἐποίει
3513 1992 3613 2063 τὴν
3657 1991 4000 2060 προπομπὴν

2414 2085 2442 2134 ὁ
2475 2083 2700 2151 κρατῶν
2725 2098 2739 2112 ·
2775 2086 2883 2136 πᾶν
2933 2086 3059 2137 ὅσον
3093 2087 3191 2152 τῆς
3223 2086 3430 2146 πόλεως
3475 2084 3742 2152 ἐπιφανὲς
3798 2079 3867 2152 ἦν
3901 2083 4000 2134 καὶ

2416 2175 2582 2226 αὑτὸν
2659 2175 2981 2244 Ἐπιφάνιον
3041 2178 3134 2226 τὸν
3199 2178 3548 2246 πατριάρχην
3606 2178 3685 2233 είς
3746 2175 4000 2244 ἀπαντὴν

2415 2267 2626 2318 ἐκείνου
2663 2269 3023 2337 προπέμψας.
3070 2267 3227 2320 Ἐπεὶ
3262 2268 3316 2320 δέ
3365 2267 3651 2339 πόρρωθεν
3701 2267 4003 2336 προσιόντα

2421 2359 2516 2410 καὶ
2569 2360 2824 2428 βασιλεὺς
2880 2361 3276 2427 ἀνεγίνωσκεν,
3336 2359 3482 2430 ἐώρα
3545 2356 3666 2411 τινά
3733 2358 4002 2425 στέφανον

2419 2448 2643 2511 ἔξαλλον
2686 2452 2752 2519 τῇ
2789 2451 3000 2501 ἐκείνου
3051 2452 3404 2517 ἐπικείμενον
3452 2451 3711 2518 κορυφῇ·
3746 2447 3773 2495 ὃ
3800 2448 3863 2516 δὴ
3909 2453 4005 2500 καί

2429 2543 2780 2604 Ἀναστάσιος
2815 2543 2980 2595 πάλαι
3013 2542 3260 2605 τεθέατο,
3294 2543 3460 2614 ἡνίκα
3515 2542 3650 2611 πρὸς
3681 2540 3844 2592 αυτὸν
3876 2541 4010 2591 irre-

2417 2637 2602 2702 φοίτα.
2672 2636 3022 2704 ’Υπαντήσας
3081 2636 3175 2689 οὖν
3246 2637 3340 2690 καί⁵
3407 2637 3658 2703 εὐλογίας
3709 2632 4006 2699 ἀξιωθεὶς,

2418 2728 2591 2798 ἡδέως
2627 2729 2820 2797 ἐκείνῳ
2855 2729 3040 2796 συνῆν,
3073 2732 3179 2782 πᾶν
3227 2729 3255 2781 ὃ
3283 2747 3336 2781 τι
3371 2728 3685 2798 βουλομένῳ
3713 2723 3806 2795 ἦν,
3848 2725 4008 2792 εὐχε-

2427 2821 2664 2890 ρέστατα
2717 2821 2999 2884 διαλύσας.
3078 2821 3322 2874 Ἐκεῖθεν
3369 2821 3414 2872 δ’
3470 2819 3845 2888 ὑποστρέψας,
3912 2816 4010 2867 καὶ

2427 2918 2596 2977 αὐτὸς
2639 2918 2775 2985 προς
2805 2918 2905 2986 τὴν
2936 2919 3130 2987 ἀγήρω
3157 2916 3254 2968 καὶ
3281 2915 3589 2984 ἀνώλεθρον
3618 2911 3856 2965 διέὸαινε
3892 2908 4010 2978 βιοο

2425 3010 2544 3076 τὴν.
2571 3011 2770 3073 ἐπάξια
2808 3010 2916 3062 τῶν
2949 3011 3128 3061 πόνων
3159 3010 3227 3060 τὰ
3254 3008 3394 3080 γέρα
3422 3006 3749 3076 ληψόμενος.

736 3087 840 3155 Qui
867 3091 993 3147 inde
1026 3111 1284 3152 reversus
1351 3109 1407 3154 et
1454 3100 1572 3169 ipse
1618 3102 1684 3156 ad
1736 3112 2000 3156 aeternam
2061 3103 2542 3175 immortalemque
2604 3108 2795 3171 vitam,
2863 3107 3135 3176 condigna
3187 3105 3438 3160 laborum
3504 3103 3725 3174 praemia
3759 3111 4015 3172 receptu-

739 3206 852 3254 rus,
880 3194 1115 3251 transiit.

1303 3313 1529 3370 CAPUT
1584 3315 1751 3370 XXV.

815 3403 889 3456 De
945 3405 1205 3458 miraculo
1257 3407 1475 3476 insigni,
1522 3415 1658 3477 quod
1713 3427 1875 3477 puero
1933 3410 2155 3465 llebrco
2210 3430 2242 3466 α

1022 3479 1360 3530 sanctissima
1395 3478 1490 3532 Dei
1520 3478 1788 3534 Genitrice
1828 3483 2040 3534 accidit.

814 3591 1076 3644 Anthimo
1105 3592 1182 3662 (ί)
1220 3607 1372 3654 vero.
1413 3595 1880 3662 quemadmodum
1929 3597 2066 3659 dixi,
2102 3597 2317 3666 episco-

743 3681 850 3752 pali
884 3681 1084 3736 throno
1117 3683 1170 3736 in
1204 3683 1338 3736 urbe
1378 3683 1654 3751 imperiali
1680 3686 1916 3755 dejecth
1949 3697 2004 3740 et
2035 3687 2190 3740 Mena
2220 3704 2322 3756 pro

747 3775 866 3841 ipso
889 3774 956 3826 ah
987 3775 1273 3844 Agathone
1311 3791 1446 3845 papa
1478 3777 1660 3830 electo
1693 3789 1856 3836 atoue
1907 3781 2188 3844 ordinato,
2221 3781 2315 3832 mi-

748 3863 994 3918 raculum
1031 3867 1302 3933 quoddam
1344 3866 1850 3937 Constantinopoli,
1905 3871 2133 3940 dignum
2171 3873 2317 3940 quod

747 3970 1114 4017 memoretur.
1149 3959 1351 4014 accidit
1379 3977 1392 4014 :
1423 3962 1565 4030 quod
1593 3976 1725 4015 sane
1752 3962 1824 4014 ita
1855 3973 1912 4014 ut
1939 3974 2133 4032 potero
2155 3980 2324 4032 expo-

749 4065 899 4105 nam.
925 4050 1282 4107 Consuetudo
1315 4071 1342 4106 a
1380 4055 1552 4108 multo
1591 4062 1836 4123 tempore
1867 4055 2158 4124 imperanti
2197 4058 2320 4110 urbi

749 4143 872 4200 fuit.
914 4154 974 4196 ut
1005 4160 1128 4198 cum
1182 4145 1494 4213 plusculum
1548 4147 1616 4198 de
1676 4147 1932 4214 partibus
1983 4148 2322 4202 immaculati

749 4236 1032 4305 divinique
1067 4252 1320 4307 corporis
1381 4239 1596 4293 Domini
1641 4249 1697 4292 et
1756 4239 1849 4294 Dei
1914 4250 1968 4294 et
2016 4239 2326 4298 Servatoris

756 4334 934 4382 nostri
988 4332 1118 4383 Jesu
1175 4329 1381 4391 Christi
1436 4331 1712 4400 reliquum
1774 4343 1946 4396 esset,
2006 4335 2324 4390 sacerdotes

752 4437 952 4487 pueros
994 4421 1366 4491 incorruptos.
1397 4439 1462 4478 ex
1500 4423 1582 4477 eis
1633 4425 1728 4491 qui
1759 4425 1826 4478 ad
1869 4438 2244 4496 praceptures
2269 4429 2323 4481 in

755 4514 945 4568 ludum
988 4515 1321 4569 litterarium
1355 4527 1511 4576 eunt.
1559 4529 1936 4582 accerserent,
2001 4519 2096 4588 qui
2144 4519 2324 4588 jejuni

754 4607 1019 4674 reliquias
1044 4622 1138 4660 eas
1163 4607 1415 4660 ederent.
1449 4607 1602 4672 Quod
1658 4609 1877 4678 quidem
1931 4611 2063 4664 mihi
2096 4627 2326 4680 quoque

2994 3309 3246 3363 ΚΕΦΔΛ.
3306 3307 3440 3361 κε’.

2423 3408 2562 3476 Περὶ
2619 3405 2725 3461 τοῦ
2781 3404 3102 3476 γεγονότος
3150 3403 3457 3476 θαύματος
3500 3397 3733 3476 ,ἐπίρτῷ
3779 3397 3884 3476 τοῦ
3923 3397 4013 3449 Ἐ’-

2496 3469 2703 3546 Βραίου
2735 3469 2898 3528 παιδί
2925 3473 3086 3540 παρὰ
3117 3470 3231 3536 τῆς
3254 3470 3586 3539 ὑπερστὰις
3614 3469 3938 3522 Θεοτόκου.

2496 3591 2604 3645 Τοῦ
2638 3590 2697 3642 δέ
2747 3590 2846 3658 τῆς
2906 3587 3180 3657 βασιλίδος
3237 3585 3545 3637 ἐπισκόπου
3593 3580 3856 3650 Ἀνθίμου
3911 3581 4014 3634 τοῦ

2425 3685 2619 3755 θρόνου
2670 3680 3176 3740 κατασπασθέντος,
3212 3679 3284 3739 ὡς
3318 3679 3553 3746 εἴρηται,
3599 3677 3762 3743 Μηνᾶ
3795 3692 3854 3728 τε
3892 3676 4016 3725 ἀντ’

2424 3775 2589 3829 αὑτοῦ
2636 3776 2770 3846 πρὸς
2802 3772 3110 3838 Ἀγάθωνος
3157 3768 3251 3822 τοῦ
3277 3771 3483 3822 πάππα
3532 3769 3876 3834 ἐπιλεγέντος
3918 3768 4017 3818 aut

2425 3865 2919 3939 χειροτονηθέντος,
2952 3863 3140 3931 θαῦμά
3171 3881 3223 3914 τι
3254 3863 3480 3929 γέγονεν
3515 3862 3572 3912 ἐν
3615 3863 3680 3929 τῇ
3716 3861 4016 3914 Κωνσταν-

2425 3958 2572 4008 τίνου
2611 3956 2768 4022 λόγου
2824 3953 3022 4006 πολλοῦ
3054 3953 3205 4015 ἄξιον
3231 3967 3243 3981 ⁸
3279 3951 3307 4003 ὃ
3348 3951 3408 4019 δὴ
3441 3949 3514 4010 ὦς
3551 3948 3603 4015 γ’
3649 3949 3768 4001 ἐνὸν
3817 3948 4018 4016 διηγὴ-

2428 4069 2621 4120 σομαι.
2663 4049 2823 4109 Ἐθος
2880 4050 3223 4116 κεκράτηκεν
3279 4047 3341 4096 ἐκ
3395 4042 3593 4096 πολλοῦ
3647 4045 3714 4110 τῇ
3774 4041 4018 4111 βασιλίδι

2426 4141 2537 4193 τῶν
2569 4141 2798 4201 πόλεων,
2843 4139 2918 4199 ὡς
2971 4138 3190 4190 ἐπειδὰν
3224 4136 3358 4188 πολύ
3407 4153 3460 4188 τι
3488 4135 3598 4187 τῶν
3645 4135 3883 4204 μερίδων
3912 4133 4014 4185 τοῦ

2426 4232 2698 4301 ἁχράντου
2732 4233 2825 4283 καὶ
2865 4230 3011 4282 θείου
3046 4231 3301 4297 σώματος
3353 4229 3452 4280 τοῦ
3499 4228 3706 4294 Κυρίου
3742 4229 3837 4278 καὶ
3870 4225 4017 4278 Θεοῦ

2429 4333 2523 4377 καὶ
2547 4324 2802 4392 Σωτῆρος
2830 4322 2990 4391 ἡμῶν
3034 4320 3218 4389 Ὶηοοῦ
3263 4317 3506 4386 Χριστοῦ
3565 4319 4014 4385 ἐναπολειφθείη,

2433 4415 2899 4484 μεταστέλλεσθαι
2948 4415 3072 4477 τοὺς
3133 4414 3335 4482 ἱερέας,
3381 4412 3577 4474 παῖδας
3625 4411 3896 4476 ἀφθορους
3948 4411 4017 4464 ἐκ

2429 4508 2537 4559 τών
2590 4511 2644 4569 ἐς
2693 4505 3199 4576 χαμαιοιοασκάλου
3250 4503 3586 4574 φοιτώντων,
3653 4502 3750 4554 καὶ
3803 4503 4017 4563 ταύτας

2432 4602 2647 4670 νήστεις
2682 4599 2908 4652 ἐσθίειν.
2948 4601 3012 4650 '0
3051 4598 3113 4668 δὴ
3144 4598 3238 4650 καὶ
3282 4598 3405 4665 ἐμοὶ
3438 4594 3706 4658 πολλάκις
3756 4595 4017 4662 νεωτέρῳ

754 4714 1151 4766 saepenumero.
1184 4714 1309 4752 cuin
1364 4715 1500 4767 puer
1528 4701 1823 4754 admodum
1862 4718 2062 4763 essem,
2105 4715 2160 4758 et
2218 4720 2328 4756 nia—
2362 4676 2405 4732 θ

2362 4676 2405 4732 υ
2433 4691 2635 4761 κομιδῆ
2672 4710 2734 4759 γε
2764 4694 2878 4743 ὖντι
2913 4690 3215 4758 ἐπισυνέϐη
3254 4690 3528 4756 γενέσθαι,
3570 4687 3806 4757 μάλιστα
3841 4686 4014 4746 θείοις

755 4791 901 4844 xime
925 4805 952 4843 a
997 4791 1168 4858 prima
1198 4803 1357 4846 {etate
1406 4792 1460 4846 in
1490 4793 1661 4847 sacris
1689 4794 1903 4849 adibus
1936 4797 2146 4850 versari
2211 4807 2326 4849 stu-

755 4882 849 4934 dio
882 4882 1168 4946 haberem,
1224 4884 1474 4953 contigit.
1518 4883 1650 4939 Tale
1696 4887 1948 4952 quiddan.
2021 4888 2122 4940 sub
2173 4887 2326 4941 Mena

757 4990 974 5039 quoque
1011 4976 1322 5044 patriarcha
1354 4979 1561 5030 evenit.
1603 4977 1738 5032 Cum
1804 4980 1992 5048 pueris
2041 4981 2104 5033 ad
2133 4981 2184 5034 id
2235 4982 2330 5034 de-

757 5065 936 5128 lectis,
999 5083 1136 5135 puer
1179 5083 1399 5136 quoque
1450 5070 1550 5122 viri
1608 5070 1874 5139 religione
1923 5071 2134 5136 Judaei,
2189 5071 2331 5122 vitro

759 5156 1102 5210 conﬁciendo
1135 5160 1300 5211 vitam
1350 5159 1652 5226 tolerantis,
1693 5172 2017 5231 aggregatus
2046 5173 2152 5216 est.
2191 5163 2332 5217 Puer

760 5251 827 5312 is,
870 5250 963 5302 ubi
996 5250 1206 5304 diutius
1239 5253 1385 5306 ultra
1432 5255 1647 5307 solitam
1683 5257 1870 5308 horam
1939 5264 2183 5308 moratus
2235 5255 2332 5309 do-

763 5353 912 5391 mum
945 5341 1116 5404 venit,
1145 5351 1200 5393 et
1229 5358 1450 5396 causam
1483 5345 1739 5396 tardioris
1769 5344 1980 5398 reditus
2009 5345 2333 5413 parentibus

763 5433 1082 5499 diligentius
1123 5451 1246 5490 eam
1310 5438 1743 5506 inquirentibus.
1777 5440 1921 5506 quod
1972 5438 2184 5492 scilicet
2213 5453 2334 5490 cum

769 5524 889 5577 aliis
915 5527 1102 5593 pueris
1135 5528 1186 5579 in
1221 5528 1337 5582 aede
1373 5544 1526 5580 sacra
1586 5528 1803 5581 divinas
1845 5538 2028 5596 partes
2090 5528 2334 5591 edisset,

768 5617 1128 5682 renuntiavit,
1162 5627 1314 5686 pater
1341 5635 1398 5672 re
1433 5634 1572 5672 nova
1615 5619 1820 5684 audita,
1851 5619 2036 5674 lurore
2066 5617 2332 5687 percitus.

838 5795 914 5862 (ι)
944 5794 1098 5861 Apud
1145 5796 1433 5864 Evagrinm
1473 5797 1732 5851 Anthimo
1782 5796 1983 5849 throno
2016 5793 2330 5849 Constanti-

769 5865 1086 5933 nopolitano
1117 5867 1316 5935 ejecta,
1347 5867 1709 5935 Epiphaniam
1735 5867 2054 5935 episc0pnm
2079 5874 2327 5919 creatum

2427 4789 2684 4854 τεμένεσι
2734 4784 3035 4854 διατρίϐειν
3069 4785 3133 4835 ἐκ
3188 4785 3310 4834 νέου
3345 4782 3708 4850 πεποιημένῳ
3746 4780 4014 4847 σπουδήν.

2430 4878 2686 4931 Τοιοῦτόν
2723 4895 2773 4929 τι
2827 4877 2921 4928 καὶ
2966 4877 3084 4926 τότε
3116 4875 3278 4940 Μηνᾶ
3335 4870 3806 4941 πατριαρχοῦντος
3859 4873 4021 4922 συνέ-

2431 4971 2607 5023 ὖαινε.
2641 4969 2944 5038 Συνηλίσθη
2989 4966 3170 5019 τοίνυν
3211 4968 3319 5026 τοῖς
3363 4966 3660 5036 ᾑρημένοις
3688 4964 3782 5014 ἐπὶ
3839 4965 4022 5018 τούτῳ

2432 5063 2610 5126 παισὶ,
2643 5063 2734 5114 καί
2767 5079 2817 5114 τι
2855 5060 3068 5111 παιδίον
3107 5058 3358 5125 Ἐόραίου
3391 5057 3489 5126 τὴν
3524 5057 3680 5117 δόξαν
3707 5055 3924 5124 ἀνδρὸς,
3959 5055 4024 5118 ἐξ

2436 5157 2606 5209 ὑέλων
2642 5156 3004 5225 ποριζομένου
3037 5154 3097 5205 τὸ
3122 5153 3220 5221 ζῇν
3242 5167 3254 5180 ο
3288 5151 3316 5202 ὃ
3345 5153 3465 5203 ἐπεὶ
3493 5150 3626 5202 πολύ
3655 5168 3703 5201 τι
3733 5149 3829 5216 τῆς
3863 5147 4024 5216 ὥρας

2435 5246 2720 5300 ἀναλῶσαν
2754 5245 2842 5298 ἐπ’
2872 5244 3023 5296 οἴκου
3081 5245 3323 5310 ἐγένετο,
3371 5242 3469 5311 τὴν
3519 5243 3618 5312 τῆς
3679 5239 4023 5308 βραδυτῆτος

2438 5338 2620 5390 αἰτίαν
2672 5337 3153 5404 ἐξακριῦουμένοις
3200 5337 3309 5395 τοῖς
3355 5332 3607 5399 γονεῦσιν
3656 5329 4024 5400 άνήγγελλεν,

2441 5429 2514 5490 ὡς
2543 5430 2626 5498 εἴη
2668 5433 2781 5490 τοῖς
2812 5427 2996 5488 ἄλλοις
3022 5430 3212 5480 παισὶν
3244 5428 3347 5478 ἀνὰ
3379 5426 3438 5478 τὺ
3472 5425 3614 5478 θεῖον
3653 5423 3876 5492 τέμενος
3908 5422 4025 5473 τῶν

2443 5520 2601 5574 θείων
2647 5521 2883 5589 μερίδων
2939 5520 3248 5585 ἀπονραγόν.
3293 5516 3352 5569 Ὀ
3397 5517 3452 5568 δέ
3494 5516 3676 5584 πατὴρ
3715 5513 3792 5582 τῷ
3844 5513 4026 5582 καινῷ

2441 5601 2536 5663 τοῦ
2573 5611 2919 5679 ἀκούσματος
2976 5612 3055 5670 είς
3094 5609 3266 5677 θυμὸν
3318 5605 3602 5675 ἀναφθεὶς,
3642 5603 3740 5674 τὴν
3783 5602 4025 5669 κάμινον

2439 5802 2490 5846 et
2525 5790 2836 5916 Epiphggio
2867 5791 3077 5847 Menam
3114 5787 3472 5854 successisse,
3507 5785 3772 5856 scriptum
3803 5790 3890 5838 cst
3918 5781 4024 5836 lib.

2442 5879 2516 5916 iv.
2547 5877 2665 5916 can.
2775 5903 2786 5914 .

2442 5879 2516 5927 iv,
2547 5877 2665 5928 cap.
2696 5877 2786 5916 ao.
