4244 6438
716 438 821 500 "287

1941 434 2357 494 NltlEl‘HORl
2401 435 2487 492 CA
2502 435 2745 492 LLlS'l‘l

3867 426 3969 489 5'88

719 548 847 604 iam,
885 562 1004 613 qua:
1038 545 1104 598 ab
1146 545 1240 598 Iba
1270 545 1338 597 ad
1376 543 1560 597 Marini
1593 545 1810 598 Persam
1837 548 2147 613 conscripta
2172 560 2292 599 esse
2321 545 2368 605 Α

2291 545 2368 605 ηΑ
2398 542 2626 611 τίζομεν
2679 544 2774 595 καὶ
2804 542 2903 612 τὴν
2956 539 3129 609 ἀσεϐῆ
3180 537 3496 606 ἐπιστολὴν,
3541 540 3641 608 τὴν
3672 538 3967 608 λεγομένην

716 639 932 692 dicitur.
951 655 968 687 ι
991 637 1055 690 Et
1079 647 1198 705 post
1223 637 1388 689 verba
1447 651 1619 704 pauca
1643 638 2060 702 quatuordeeim
2082 637 2296 705 capitu-

718 734 765 783 la
795 733 856 783 de
879 741 1024 783 recta
1047 739 1099 781 et
1119 727 1583 795 irreprehensibili
1613 729 1716 781 [ide
1737 739 2131 797 exposuerunt.
2157 727 2298 794 ,ΙΙωο

717 820 940 888 quidem
983 818 1061 871 sic
1086 828 1228 870 acta.
1256 817 1312 870 In
1348 817 1581 872 secunda
1603 830 1782 871 autem
1841 817 2103 878 sessione,
2143 827 2293 885 post-

719 925 882 976 quam
1120 908 1188 960 ab
1221 908 1471 976 Eulogio,
1505 908 1727 960 Conone
1749 948 1762 967 ,
1793 907 2042 978 Cyriaeo,
2065 917 2120 960 et
2160 909 2300 962 Pan-

719 999 913 1059 eratin,
941 997 1227 1049 monachis
1283 996 1811 1066 llierosolymiianis,
1877 995 2047 1048 libelli
2105 1007 2298 1050 contra

723 1090 887 1157 impia
937 1088 1205 1156 Origenis.
1274 1089 1366 1155 qui
1426 1097 1480 1141 et
1535 1088 1895 1142 Adamantius
1951 1089 2134 1142 dictus
2185 1098 2297 1149 est.

723 1182 1005 1250 dogmata,
1063 1189 1118 1233 et
1173 1192 1363 1233 contra
1398 1181 1698 1248 impietatis
1727 1190 1782 1235 et
1814 1182 2157 1236 seductionis
2181 1184 2300 1252 ejus

722 1284 1022 1327 sectatores
1049 1273 1215 1326 oblati
1241 1283 1293 1324 et
1325 1273 1452 1325 lecti
1489 1282 1619 1326 sunt
1649 1293 1661 1326 :
1695 1257 2040 1327 Justinianus
2082 1289 2296 1326 rursum

726 1364 996 1434 synodum
1060 1366 1126 1418 de
1177 1366 1257 1418 eis
1310 1366 1638 1418 sententiam
1683 1367 2066 1436 dieerejussit,
2099 1367 2300 1421 libellis

721 1471 940 1523 quoque
973 1456 1064 1522 qui
1089 1455 1278 1524 Vigilio
1309 1471 1463 1524 papa:
1490 1457 1554 1508 de
1579 1458 1659 1510 eis
1690 1457 1856 1510 rebus
1891 1457 2080 1524 scripti
2115 1467 2295 1520 erant,

725 1548 776 1598 in
831 1546 1068 1598 medium
1128 1548 1377 1614 prolatis.
1439 1546 1493 1599 In
1549 1547 1752 1615 quibus
1800 1557 1936 1611 erat,
1971 1546 2299 1601 Adamantio

724 1639 904 1691 studio
973 1638 1176 1702 fuiss~,
1231 1650 1289 1693 ut
1345 1639 1549 1694 Graecis
1619 1641 1970 1709 nugamentis,
2021 1651 2076 1695 et
2133 1641 2301 1693 Mani-

724 1730 890 1782 clueis
958 1731 1203 1793 zizaniis,
1246 1731 1670 1799 apostolicorum
1727 1731 2044 1799 dogmatum
2103 1731 2299 1800 imple-

727 1832 809 1877 ret
881 1827 1199 1891 puritatem.
1257 1825 1510 1893 Synodus
1582 1825 1766 1891 itaque
1829 1839 1942 1876 rem
2003 1823 2068 1877 ad
2126 1823 2298 1878 Justi-

731 1917 981 1980 nianum,
1038 1925 1158 1983 post
1207 1916 1644 1969 exclamationes
1677 1916 1729 1968 in
1764 1915 2084 1982 Origenem,
2120 1925 2175 1968 et
2207 1916 2299 1984 qui

726 2007 918 2059 itidem
978 2017 1038 2059 ut
1086 2008 1172 2059 ilic
1219 2007 1427 2060 seducti
1457 2016 1665 2070 essent,
1697 2009 1867 2061 factas
1902 2009 2115 2062 retulit.
2157 2008 2302 2073 Qua-

729 2114 848 2150 rum
906 2099 1149 2166 qtuedam
1196 2102 1248 2150 in
1304 2099 1420 2152 haec
1447 2110 1710 2166 concepta
1767 2111 1927 2152 erant
1967 2101 2154 2161 verba,
2193 2100 2299 2152 sie-

728 2188 805 2240 υιί
860 2204 921 2240 ea
986 2204 1050 2240 ex
1097 2190 1505 2242 commentariis
1555 2191 1748 2258 synodi
1809 2190 1966 2245 istius
2026 2191 2305 2259 excerpsi-

733 2296 873 2332 mus.
936 2300 952 2330 ι
1011 2282 1112 2341 Uni
1155 2282 1400 2334 animum
1466 2283 1686 2336 obtines
1711 2286 1954 2337 cmlestis
1983 2285 2301 2352 participem

729 2372 1132 2438 generositatis,
1164 2372 1636 2427 Christianissime
1662 2375 2029 2442 imperator...
2056 2394 2074 2425 ι
2107 2375 2174 2428 Et
2209 2374 2308 2427 de-

734 2465 902 2515 inde:
943 2483 958 2513 ι
1008 2465 1309 2533 ElIugintus
1371 2466 1558 2534 igitur,
1610 2465 1902 2534 eﬂugittius
1929 2469 2109 2527 istam,
2140 2480 2303 2534 quam

733 2554 1063 2619 ignoramus,
1109 2568 1386 2609 externam
1446 2574 1655 2622 vocem,
1719 2568 1773 2611 et
1831 2569 2088 2626 tanquam
2129 2557 2305 2611 furem

733 2657 896 2712 atque
953 2647 1263 2712 praedonem
1306 2648 1581 2715 ejusmodi
1627 2649 1907 2702 hominem
1942 2649 2310 2702 anathematis

733 2739 944 2806 laqueis
1000 2748 1148 2792 arcte
1202 2739 1512 2792 districtum
1566 2752 1730 2809 atque
1777 2741 2308 2802 sull‘ocatum,extra

733 2843 885 2881 sacra
949 2830 1208 2883 Ecclesia:
1279 2833 1480 2884 nitentia
1567 2831 1902 2900 abjecimus.
1987 2851 2004 2884 ι
2071 2833 2137 2886 Et
2189 2840 2311 2900 post

737 2939 906 2989 pauca
957 2941 970 2977 :
1028 2942 1046 2974 ι
1093 2928 1356 2977 Actorum
1422 2941 1555 2979 vero
1608 2935 1923 2980 nostrorum
1978 2942 2044 2980 ex
2115 2938 2308 2979 eorum

735 3015 968 3069 lectione
1014 3018 1120 3088 vim
1181 3018 1541 3087 cognoscetis.
1599 3036 1619 3069 ι
1685 3019 1845 3071 Hisce
1907 3020 2313 3088 conjunxerunt

752 3107 1011 3174 capitula,
1033 3081 1411 3177 L’qumcunque
1456 3110 1708 3177 Origenis
1756 3081 2057 3164 sectatores
2080 3110 2310 3177 professi

2402 637 2555 704 παρά
2595 634 2713 686 ’16³
2744 633 3056 703 γεγράφθαι
3099 631 3233 701 πρὸς
3270 631 3501 700 Μάρκον
3542 632 3634 683 τὸν
3671 632 3907 699 Πέρσην.
3949 653 3964 682 ι

2401 731 2510 782 Καὶ
2545 728 2667 797 μετ’
2695 726 2853 792 ὀλίγα
2902 725 3153 790 ἐξέθεντο
3201 725 3441 792 τέσσαρα
3497 724 3591 776 καὶ
3621 723 3750 776 δέκα
3804 725 3969 788 κεφά-

2401 820 2526 872 λαια
2560 818 2690 888 περὶ
2713 817 2810 885 τῆς
2837 817 3005 886 ὀρθῆς
3027 815 3123 869 καὶ
3155 817 3467 883 ἀμωμήτου
3500 816 3756 875 πίστεως.
3787 814 3971 867 Ταῦτα

2405 911 2502 978 μὲν
2531 908 2676 961 οὕτω
2703 907 2934 977 προέϐη.
2981 907 3068 960 Ἐν
3099 907 3324 975 δευτέρᾳ
3356 907 3413 958 δὲ
3455 906 3763 958 συνελεύσει
3797 905 3970 958 λιδέλ-

2401 1000 2508 1052 λων
2541 999 2937 1066 ἐπιδεδομένων
2970 999 3123 1066 παρά
3162 1015 3219 1050 τε
3248 996 3531 1063 Εὐλογίου,
3564 998 3832 1055 Κόνωνος,
3869 998 3968 1047 Κυ-

2403 1091 2596 1158 ριακοῦ
2633 1091 2725 1142 καὶ
2769 1090 3120 1158 Παγκρατίου
3163 1088 3270 1140 τῶν
3321 1088 3571 1157 μοναχῶν
3612 1088 3950 1156 Ἱεροσολυμι

2400 1183 2532 1245 τῶν,
2570 1183 2710 1234 κατὰ
2740 1182 2846 1233 τῶν
2882 1180 3163 1235 δυσσεϐὦν
3192 1182 3485 1248 δογμάτων
3530 1181 3838 1246 Ὠριγένους
3877 1180 3972 1232 τοῦ

2401 1276 2495 1327 καὶ
2543 1275 2904 1341 ’Δδαμαντίου
2937 1275 3030 1326 καὶ
3057 1273 3166 1326 τῶν
3197 1276 3263 1342 τῇ
3300 1274 3510 1323 ἐκείνου
3545 1271 3838 1342 δυσσεϐείᾳ
3877 1274 3973 1324 καὶ

2404 1369 2583 1437 πλάνῃ
2617 1368 2992 1436 ὲφεπομένων,
3021 1370 3049 1420 6
3093 1367 3473 1428 Ἰουστινιανδς
3500 1363 3654 1428 αὖθις
3682 1368 3781 1437 τῆς
3814 1369 3973 1421 συνό-

2401 1460 2492 1512 δου
2517 1459 2646 1528 περὶ
2671 1459 2880 1512 τούτων
2910 1461 3253 1530 ἀπεπειρᾶτο
3276 1479 3288 1491 ·
3321 1460 3663 1528 προθέμενος
3699 1464 3781 1523 είς
3809 1463 3976 1531 μέσον

2400 1550 2491 1604 τὸν
2515 1550 2776 1612 λίδελλον,
2799 1551 2894 1603 καὶ
2918 1550 2954 1604 ἃ
2981 1551 3237 1618 Βιγιλλίῳ
3259 1550 3338 1616 τῷ
3371 1552 3571 1621 πάππα
3599 1553 3731 1620 περὶ
3764 1553 3973 1605 τούτων

2401 1645 2602 1712 ἐστάλη
2625 1661 2639 1676 ο
2682 1646 2738 1697 ὲν
2769 1639 2846 1706 οἷς
2882 1645 3158 1697 δείκνυται
3204 1646 3278 1707 ὡς
3310 1646 3397 1698 διά
3429 1646 3670 1713 σπουδῆς
3711 1646 3788 1713 τῷ
3821 1646 3978 1697 Ἀδα·

2405 1733 2614 1801 μαντίῳ
2666 1733 2903 1800 ἐγένετο,
2969 1734 3300 1802 Ἑλληνικῶν
3348 1732 3528 1786 ὕθλων
3576 1736 3668 1787 καὶ
3720 1735 3978 1797 ζιζανίων

2403 1823 2765 1892 Μανιχαῖκῶν
2817 1825 3093 1892 ἐμπλῆσαι
3123 1824 3231 1876 τῶν
3269 1823 3646 1876 ἀποστολικῶν
3689 1824 3978 1891 δογμάτων

2405 1916 2467 1967 τὸ
2489 1916 2792 1985 ἀκραιφνές
2817 1934 2828 1945 ·
2863 1917 2960 1969 καὶ
3002 1917 3183 1968 τοίνυν
3217 1917 3466 1986 ἀναφορὰ
3510 1919 3565 1978 ἐς
3598 1916 3980 1968 Ἰουστινιανδν

2403 2005 2595 2072 γέγονε
2649 2006 2799 2075 παρά
2845 2008 2945 2074 τῆς
2992 2008 3211 2058 συνόδου
3279 2009 3418 2074 μετά
3452 2009 3548 2070 τὰς
3589 2008 3727 2059 κατὰ
3773 2007 3979 2074 Ὠριγέ-

2404 2115 2529 2158 νους
2581 2099 2886 2168 ὲκδοήσεις,
2925 2101 3018 2151 καὶ
3065 2099 3172 2152 τῶν
3203 2100 3398 2168 ἐπίσης
3435 2100 3625 2168 ἐκείνῳ
3677 2099 3983 2168 πλανηθέν-

2403 2208 2512 2241 των
2534 2206 2546 2219 ⁶
2579 2184 2653 2242 ὧν
2689 2191 2805 2243 ἔνια
2832 2191 3047 2253 τούτοις
3089 2192 3370 2244 συνέκειτο
3394 2191 3538 2244 κατά
3585 2192 3774 2261 ῥῆμα·
3809 2212 3826 2243 ι
3869 2193 3982 2259 Τῆς

2405 2285 2613 2338 ἀνωθεν
2656 2286 2942 2352 εὐγενείας
2993 2285 3336 2354 μετέχουσαν
3363 2286 3708 2352 κεκτημένος
3752 2285 3849 2352 τὴν
3875 2283 3983 2351 ψυ-

2407 2378 2532 2446 χὴν,
2564 2378 3076 2446 Χριστιανικώτατε
3128 2377 3383 2447 βασιλεῦί
3429 2397 3445 2427 ι
3487 2379 3594 2430 Καὶ
3636 2377 3753 2446 μετ’
3781 2377 3938 2442 ὀλίγα
3968 2393 3980 2404 ·

2411 2484 2431 2518 ι
2484 2468 2791 2535 Ἐιρύγομεν
2854 2469 3073 2527 τοίνυν,
3111 2467 3401 2535 ἐφύγομεν
3463 2467 3688 2533 ταύτην.
3738 2466 3813 2518 Οὐ
3876 2465 3985 2534 γάρ

2409 2560 2788 2626 ἐγνωρίσαμεν
2846 2561 2953 2612 τῶν
3003 2559 3304 2626 ἀλλοτρίων
3349 2560 3450 2626 την
3508 2560 3696 2625 φωνήν
3725 2575 3738 2588 ·
3788 2560 3883 2609 καὶ
3910 2557 3985 2617 ὡς

2410 2653 2618 2721 λῃστὴν
2670 2654 2761 2705 τὸν
2805 2652 3049 2704 τοιοῦτον
3093 2654 3204 2714 τοῖς
3238 2652 3333 2705 τοῦ
3379 2652 3718 2720 ἀναθέματος
3769 2650 3985 2719 βρόχοις

2412 2746 2670 2811 ἀσφαλῶς
2713 2747 3197 2815 περισφίγξαντες,
3251 2747 3360 2798 τῶν
3405 2745 3570 2810 ἱερῶν
3618 2744 3723 2807 ἔξω
3763 2743 3987 2810 περιϐό-

2412 2837 2520 2888 λων
2573 2835 2984 2905 ἀπεὸαλόμεθα.
3032 2856 3049 2888 ι
3090 2837 3198 2888 Καὶ
3256 2833 3378 2904 μετ’
3429 2833 3625 2901 ὀλίγα·
3684 2851 3700 2883 t
3755 2832 3876 2882 Τῶν
3931 2830 3989 2881 δὲ

2415 2927 2546 2996 παρ’
2581 2929 2735 2996 ἡμῶν
2790 2928 3200 2995 πεπραγμένων
3252 2925 3338 2978 διά
3379 2928 3478 2994 τῆς
3521 2923 3606 2976 ἐπ’
3636 2924 3818 2984 αὐτοῖς
3857 2924 3966 2974 ἀνα

2415 3019 2669 3085 γνώσεως
2732 3015 2945 3068 είσεσθε
2982 3017 3082 3085 τὴν
3115 3016 3366 3085 δύναμιν.
3415 3033 3434 3066 ι
3469 3015 3692 3074 Τούτοις
3739 3013 3992 3075 συνέζευ-

2418 3109 2664 3188 ξανηκαὶ
2724 3110 2792 3161 τά
2841 3109 3112 3174 κεφάλαια
3167 3109 3232 3159 τὰ
3285 3109 3387 3159 ὅσα
3438 3106 3768 3175 πρεσϐεύειν
3824 3106 3874 3155 οἰ
3923 3104 3995 3156 τά

736 3207 865 3250 sunt
896 3216 908 3250 :
942 3215 1064 3266 quae
1083 3200 1320 3268 capitula
1349 3203 1771 3255 consensionem
1795 3203 1961 3255 simul
2005 3210 2061 3254 et
2094 3202 2309 3255 dissen-
2344 3233 2386 3288 α

2344 3233 2386 3288 C
2429 3201 2741 3271 Ὥριγένους
2791 3201 3110 3264 δοξάζοντες
3161 3199 3522 3267 ἐδιδάχθησαν
3574 3196 3841 3264 δηλοῦντα
3893 3198 3995 3258 τάς

739 3289 951 3343 sionem
999 3307 1216 3355 eorum,
1269 3302 1432 3361 atque
1463 3293 1626 3346 etiam
1665 3293 2026 3361 multiplicem
2065 3308 2312 3347 errorem

741 3383 1058 3437 ostendunt.
1089 3384 1350 3448 Quintum
1387 3400 1451 3438 ex
1491 3386 1558 3441 iis
1575 3386 1875 3454 capitulum
1907 3395 1992 3440 est
2013 3426 2025 3448 ,
2058 3386 2316 3454 blasphe-

743 3475 974 3528 miarum
1028 3486 1303 3530 certarum
1355 3480 1716 3547 quarumdam
1791 3479 1912 3547 ejus
1994 3495 2114 3548 qua:
2176 3494 2316 3532 nova

749 3566 928 3619 Laura
989 3568 1134 3621 dicta
1194 3578 1298 3633 est,
1348 3585 1706 3638 personarum
1734 3571 1887 3624 hisce
1914 3571 2101 3625 verbis
2144 3569 2319 3638 scrip-

744 3666 858 3710 tum
914 3674 927 3710 :
991 3676 1010 3709 t
1072 3658 1400 3715 Theodorus
1467 3662 1693 3716 Ascidas
1778 3662 2070 3731 Cappadox
2123 3661 2316 3715 dixit:

743 3749 974 3814 Quando
1003 3766 1150 3804 nunc
1177 3754 1408 3819 apostoli
1440 3763 1494 3806 et
1536 3764 1806 3822 martyres
1833 3754 2096 3806 miracula
2126 3753 2317 3816 edunt,

743 3849 798 3894 et
858 3841 910 3893 in
968 3850 1176 3896 tantum
1233 3853 1359 3897 sunt
1409 3846 1696 3907 honorem,
1729 3845 1770 3898 si
1805 3846 1858 3897 in
1884 3845 2233 3899 restitutione
2267 3855 2321 3898 et

752 3932 1150 3985 instauratione
1198 3949 1378 3987 rerum
1411 3933 1916 4003 Christo.:equales
1949 3950 2060 3988 non
2093 3935 2320 3998 iuerint,

749 4023 928 4090 qualis
975 4039 1167 4077 eorum
1231 4026 1510 4080 restitutio
1568 4026 1753 4079 l'utura
1789 4026 1916 4081 est?
1952 4046 1968 4078 ι
2005 4027 2172 4080 iidem
2208 4043 2325 4081 mo-

749 4121 906 4173 nachi
968 4136 1227 4191 perquam
1281 4123 1575 4193 diligenter
1639 4126 1802 4178 etiam
1856 4125 2067 4191 Didymi
2102 4134 2155 4178 et
2186 4125 2324 4178 Eva-

750 4215 852 4283 grii
901 4227 956 4269 et
1021 4215 1297 4271 Theodori
1348 4219 1482 4272 alias
1533 4219 1720 4287 plures
1800 4218 2195 4282 blaspheinias,
2256 4234 2324 4272 ex

748 4323 940 4360 eorum
993 4324 1278 4378 perperam
1332 4311 1553 4379 scriptis
1584 4312 1739 4365 libris
1768 4312 2050 4371 collectas,
2085 4310 2150 4363 ad
2200 4327 2324 4378 syn-

751 4402 914 4454 odum
982 4406 1289 4457 retulerunt
1328 4422 1340 4456 :
1399 4421 1536 4473 quas
1583 4420 1774 4457 omnes
1822 4406 2170 4458 anathemate
2199 4420 2328 4456 con—

753 4498 1024 4558 cidcrunt,
1078 4497 1383 4567 ordiucque
1437 4514 1627 4551 Omnes
1667 4507 2062 4566 exposuerunt.
2117 4496 2328 4561 Quibus

2417 3310 2476 3344 τε
2508 3293 2828 3362 συμφωνίας
2882 3292 3084 3354 αὐτῶν,
3114 3292 3256 3359 ἀτάρ
3308 3291 3404 3342 καὶ
3434 3291 3532 3351 τὰς
3573 3288 3871 3355 διαφωνίας
3903 3289 4000 3340 καὶ

2417 3385 2517 3454 τὴν
2561 3385 2848 3453 πολυσχιδῆ
2872 3383 3079 3435 τούτων
3115 3385 3348 3449 πλάνην.
3385 3381 3641 3450 Πέμπτον
3666 3379 3758 3432 ἐπὶ
3783 3380 4000 3440 τούτοις

2419 3478 2537 3528 ἐστὶ
2583 3476 2881 3540 κεφάλαιον
2928 3475 3034 3526 τῶν
3076 3473 3588 3543 βλασφημηθέντων
3644 3472 3755 3524 ἀπὸ
3813 3471 4002 3524 ίδικῶν

2423 3565 2734 3636 προσώπων
2783 3567 2880 3633 τῆς
2930 3565 3276 3633 καλουμένης
3335 3564 3462 3624 νέας
3512 3561 3759 3632 Λαύρας,
3821 3563 4002 3614 ταῦτα

2421 3659 2617 3722 διεξιόν
2644 3674 2657 3686 ·
2697 3676 2714 3707 ι
2753 3657 3029 3725 Θεόδωρος
3066 3656 3318 3717 Ἀσκιδᾶς
3343 3659 3371 3709 6
3412 3654 3788 3720 Καππαδόκης
3819 3650 3999 3706 εἶπεν

2425 3750 2486 3800 Et
2517 3749 2611 3800 νῦν
2642 3751 2690 3801 oi
2747 3748 3038 3801 ἀπόστολοι
3098 3748 3192 3800 καὶ
3222 3749 3272 3800 ot
3321 3747 3600 3816 μάρτυρες
3646 3747 4007 3815 Θαυματουρ-

2423 3842 2600 3908 γοῦσι,
2639 3843 2733 3891 καὶ
2779 3843 2836 3892 ὲν
2861 3841 2926 3908 τῇ
2972 3837 3213 3907 τοσαύτῃ
3247 3840 3382 3906 τιμῇ
3433 3837 3792 3906 ὑπάρχουσιν,
3836 3838 3896 3886 ὲν
3933 3839 4004 3904 τῇ

2424 3932 2869 3985 ἀποκαταστάσει
2919 3931 2968 3982 εί
3015 3929 3090 3998 μὴ
3147 3931 3260 3982 [σοι
3324 3929 3570 3996 γένοιντο
3617 3928 3695 3995 τῷ
3752 3926 4006 3996 Χριστῷ,

2427 4026 2554 4078 ποία
2593 4023 3045 4084 ἀποκατάστασις
3112 4021 3298 4080 αὐτοῖς
3345 4022 3530 4083 tactv;
3583 4036 3601 4069 ι
3651 4020 3712 4070 Οί
3765 4017 3808 4070 δ’
3846 4020 4011 4070 αὐτοὶ

2429 4121 2652 4190 μοναχοὶ
2708 4119 2800 4168 καὶ
2832 4114 3066 4184 Διδύμου
3105 4116 3201 4165 καὶ
3255 4112 3531 4180 Εὐαγρίου
3586 4111 3681 4163 καὶ
3722 4110 4008 4177 Θεοδώρου

2427 4215 2592 4273 ἄλλας
2630 4209 2828 4271 πολλὰς
2880 4207 3236 4277 βλασφημίας
3289 4205 3600 4267 σπουδαίως
3654 4202 3800 4272 μάλα
3849 4205 4012 4273 παρὲ

2426 4308 2535 4358 τῶν
2565 4304 2749 4366 κακῶς
2806 4302 3236 4370 συγγραφέντων
3287 4299 3518 4359 ἐκείνοις
3573 4295 4010 4363 ἀπολεξάμενοι,

2427 4403 2492 4468 τῇ
2534 4398 2739 4464 συνόδῳ
2794 4397 3139 4463 ἀνήνεγκανο
3174 4392 3208 4445 ὃ.
3246 4392 3309 4459 δὴ
3352 4390 3533 4442 πάντα
3582 4388 3657 4458 τῷ
3698 4387 4015 4455 ἀναθέματι

2434 4489 2794 4559 περιέϐαλον·
2831 4485 3031 4553 ἑφεξῆς
3093 4483 3150 4534 δὲ
3223 4485 3399 4534 πάντα
3452 4481 3877 4548 κατέστρωσαν’
3926 4472 4016 4539 οἷς

753 4590 986 4658 capitula
1036 4589 1387 4656 addiderunt,
1444 4606 1565 4657 qua:
1624 4591 1879 4658 Origeuis
1950 4588 2178 4643 studiosi
2257 4602 2320 4639 ex
2360 4571 2401 4622 θ

2360 4571 2401 4622 D
2434 4580 2765 4644 συνέζευξαν
2818 4578 2912 4630 καὶ
2942 4577 3010 4627 τά
3044 4574 3314 4640 κεφάλαια
3351 4573 3451 4624 ὅσα
3501 4571 3831 4638 πρεσϐεύειν
3861 4570 3914 4620 οἱ
3940 4573 4019 4623 τὰ

753 4683 974 4751 scriptis
1037 4685 1157 4751 ejus
1207 4694 1462 4751 excerpta
1525 4683 1854 4751 proﬁtentur
1894 4700 1905 4732 :
1957 4683 2010 4734 in
2041 4682 2244 4748 quibus
2273 4687 2326 4731 et

761 4779 877 4830 haec
946 4777 1181 4829 furimus
1237 4777 1326 4830 ille
1381 4777 1540 4830 docet
1588 4796 1600 4828 :
1650 4794 1666 4826 ι
1711 4777 1849 4828 Ante
1903 4790 2103 4842 corpus
2153 4774 2325 4842 ipsum

755 4873 957 4930 anima,
987 4879 1088 4934 est,
1131 4886 1250 4938 qua:
1294 4871 1512 4939 quidem
1568 4868 1619 4920 in
1661 4869 1814 4921 cmlis
1846 4877 2062 4933 peccata
2089 4867 2319 4918 commi—

758 4961 910 5015 serit.
939 4961 1102 5030 778
1124 4960 1199 5012 Ad
1233 4962 1344 5014 lure
1371 4977 1382 5011 :
1406 4960 1502 5013 Cu:
1522 4959 1872 5022 Ium,’soleiu,
1892 4959 2097 5015 lunam.
2119 4957 2325 5020 stellas,

757 5071 927 5122 aquas
979 5070 1098 5122 qua:
1157 5069 1319 5119 supra
1346 5053 1516 5106 caelos
1546 5067 1694 5115 sunt,
1729 5051 1997 5104 animatas
2020 5090 2033 5110 .
2073 5061 2127 5103 et
2166 5050 2328 5102 ratio-

760 5148 908 5200 nales
962 5147 1222 5215 quasdam
1270 5147 1501 5198 virtutes
1554 5159 1695 5197 esse.
1754 5144 2020 5196 Phi-terea
2075 5142 2313 5209 quodin

761 5239 1160 5292 resurrectione
1221 5252 1449 5305 corpora
1517 5236 1798 5287 hominum
1863 5234 2098 5286 rotunda
2154 5243 2207 5284 et
2244 5249 2331 5285 or-

767 5330 1022 5397 biculari_
1056 5329 1237 5397 specie
1295 5327 1708 5381 excitabuntur.
1765 5325 1830 5377 Et
1874 5325 2017 5392 quod
2083 5324 2328 5374 omnium

767 5393 1060 5486 impioruin
1095 5419 1400 5480 hominum,
1441 5419 1790 5486 ipsorumque
1823 5416 1986 5468 etiam
2023 5413 2330 5466 da-tunnuni

767 5521 1061 5572 tormenta,
1113 5509 1274 5561 ﬁnem
1322 5508 1624 5561 habebunt.
1657 5507 1924 5574 Quodque
1959 5507 2105 5571 impii
2137 5515 2190 5557 et
2222 5503 2332 5556 d:e-

770 5618 960 5656 mones
1023 5603 1075 5654 in
1133 5602 1370 5669 priorotn
1433 5615 1589 5652 suum
1655 5599 1902 5652 ordinem
1939 5607 1991 5648 et
2030 5605 2337 5648 slatumre-

769 5701 1088 5749 stituentur.
1140 5694 1367 5760 Insuper
1421 5691 1563 5759 quod
1609 5707 1706 5758 pro
1738 5688 2084 5741 ilaatiionihus
2119 5701 2336 5754 quoque

772 5789 1051 5841 Christum
1118 5788 1385 5854 crucitigi,
1449 5795 1611 5852 atque
1654 5783 1705 5834 id
1731 5785 1907 5849 ipsum
1934 5781 2131 5848 saepius
2162 5795 2334 5832 saccu-

777 5880 840 5931 lis
867 5879 1066 5931 futuris
1093 5880 1200 5947 pati
1232 5878 1507 5945 oportebit
1555 5892 1583 5928 a
1616 5874 1898 5942 spiritibus
1961 5872 2334 5938 malignitatis,

2445 4675 2757 4743 Ὠριγένους
2795 4670 3140 4735 δοξάζοντες,
3177 4668 3240 4718 ἐκ
3271 4665 3380 4716 τῶν
3422 4663 3617 4729 ἐκείνῳ
3655 4661 4018 4729 συγγραφέν-

2430 4781 2538 4814 των
2585 4761 3033 4828 ἐξιδιδάχθησαν·
3101 4759 3158 4808 ὲν
3213 4749 3293 4816 οἷς
3329 4755 3421 4805 καὶ
3480 4755 3605 4806 τάδε
3668 4756 3694 4805 6
3730 4749 4018 4816 μανιώδης

2434 4855 2565 4922 φησί
2586 4870 2598 4882 ·
2634 4872 2649 4901 ι
2697 4852 2806 4918 ιΙρὸ
2838 4850 2928 4901 τοῦ
2965 4848 3215 4915 σώματος
3244 4848 3274 4912 ἡ
3299 4843 3469 4913 ψυχὴ,
3495 4847 3553 4895 ὲν
3587 4842 3836 4908 οὐρανοῖς
3866 4839 4018 4906 αὐτῇ

2431 4944 2818 5010 γεγενημένων
2868 4937 3179 5008 ἁμαρτιῶν.
3216 4937 3377 5001 Λέγει
3420 4933 3554 5002 πρὸς
3588 4929 3797 4990 τούτοις
3825 4929 3920 4979 τόν
3951 4944 4018 4978 τε

2432 5039 2662 5106 οὐρανὸν
2711 5035 2802 5086 καὶ
2850 5034 2941 5084 τὸν
2992 5031 3166 5099 ἥλιον,
3204 5029 3305 5095 τὴν
3359 5026 3591 5094 σελήνην
3641 5040 3700 5075 τε
3737 5023 3832 5072 καὶ
3882 5018 4022 5082 τοὺς

2434 5131 2675 5198 ἀστέρας
2715 5127 2808 5179 καὶ
2839 5127 2903 5177 τὰ
2939 5124 3105 5176 ὕδατα
3149 5121 3434 5178 τὰμέπάνω
3478 5119 3588 5169 τῶν
3614 5115 3884 5183 οὐρανῶν,
3917 5113 4024 5178 ἐμ.

2433 5222 2601 5289 ψυχα,
2633 5223 2725 5270 καὶ
2754 5216 2976 5282 λογικάς
3012 5230 3166 5271 τινας
3189 5206 3332 5263 εἶναι
3380 5209 3643 5275 δυνάμεις
3672 5221 3684 5234 ·
3713 5203 3794 5256 ἔτι
3823 5202 3881 5254 δὲ
3919 5204 4025 5253 καὶ

2434 5314 2506 5375 ὡς
2540 5316 2597 5362 ὲν
2625 5313 2690 5378 τῇ
2758 5308 3056 5360 ἀναστάσει
3093 5301 3412 5372 σφαιροειδῆ
3458 5299 3525 5350 τὰ
3551 5297 3660 5348 τῶν
3704 5294 4028 5364 ἀνθρώπων

2438 5406 2740 5472 ἐγείρονται
2794 5402 3069 5467 σώματα·
3129 5395 3225 5448 καὶ
3264 5395 3458 5458 ὅτιπερ
3525 5391 3744 5440 πάντων
3797 5385 4026 5437 ἀσεϐῶν

2441 5497 2766 5568 ἀνθρώπων,
2807 5497 2901 5547 καὶ
2947 5493 3082 5561 πρός
3129 5507 3190 5556 γε
3221 5487 3492 5552 δαιμόνων
3531 5483 3805 5554 ἠκόλασις
3837 5479 4025 5547 πέρας

2442 5594 2587 5662 ἔχει,-
2616 5591 2710 5643 καὶ
2734 5587 3287 5653 ἀποκατασυήσονται
3319 5578 3531 5639 ἀσεὸεῑς
3556 5593 3613 5626 τε
3645 5577 3735 5626 καὶ
3757 5574 4025 5639 δαίμονες

2444 5690 2521 5747 εἰς
2566 5686 2665 5752 τὴν
2701 5680 2977 5752 προτέραν
3019 5677 3200 5728 αὐτῶν
3232 5674 3387 5737 τάξιν
3414 5687 3425 5700 ⁶
3467 5672 3559 5722 καὶ
3612 5670 3694 5719 δτι
3728 5666 3820 5718 καὶ
3876 5665 4028 5728 ὑπὲρ

2445 5778 2717 5845 δαιμόνων
2746 5775 2826 5824 δεῖ
2876 5774 2967 5823 τὶν
3016 5771 3250 5836 Χριστὸν
3305 5763 3690 5833 σταυρωθῆναι
3715 5777 3727 5790 ’
3762 5761 3854 5810 καὶ
3891 5758 4030 5808 πο).-

2447 5867 2602 5927 λάκις
2639 5862 2796 5920 τοῦτο
2844 5864 2918 5921 εἰ,
2956 5860 3080 5920 τοὺς
3112 5858 3402 5929 ἐσομένους
3443 5852 3646 5911 αἰῶνας
3681 5849 3877 5901 παθεῖν
3911 5846 4029 5897 ὺιὸ
