4244 6438
195 434 308 494 289

1104 436 1710 500 ECCLESIASTlC/‘E
1749 439 2144 500 HISTORME
2188 441 2333 502 LIB.
2379 443 2561 507 XVII.

3372 450 3481 517 290

196 553 310 602 τῶν
338 551 675 620 πνευμάτων
701 553 800 622 τῆς
851 557 1113 624 πονηρῐας
1169 557 1279 610 τῶν
1309 559 1365 610 ὲν
1400 560 1512 620 τοῖς
1554 559 1793 628 ἑπουρα-
1825 563 1868 620 Α

1825 561 1991 627 Aqui
2063 559 2118 612 in
2177 559 2497 614 coelestibus
2557 567 2703 613 sunt.
2763 578 2780 610 ι
2849 558 3050 614 Verum
3111 575 3303 616 omnes
3334 562 3481 618 illius

197 644 355 706 νίοις.
397 662 415 694 ι
463 644 625 697 ’Δλλά
680 646 858 699 πάντα
909 649 976 700 τά
1009 647 1115 700 τῶν
1150 651 1364 702 ἐκείνου
1424 649 1791 722 βλασφημιῶν

197 740 342 787 κατά
374 736 542 805 μέρος
573 737 889 791 ἐκτίθεσθαι
928 741 1138 809 μακρὸν
1165 741 1232 794 ἂν
1271 741 1354 812 εἴη
1385 759 1400 773 ο
1427 744 1626 796 ειδέναι
1662 745 1789 814 μέν-

200 842 282 878 τοι
313 825 516 894 χρεὼν,
552 826 625 887 ὡς
660 823 818 891 οὗτός
864 830 1014 882 ἐστιν
1060 833 1087 881 ὁ
1118 834 1212 885 καὶ
1264 833 1504 886 Μάνεντι
1539 837 1633 888 καὶ
1685 836 1786 887 Σαο

197 916 420 986 εελλίῳ.
448 918 644 990 ’Δρείῳ
676 938 731 973 τε
764 923 858 974 καὶ
891 923 1164 994 Εὑνομίῳ,
1199 923 1280 976 ἔτι
1311 925 1367 978 δὲ
1399 929 1494 979 καὶ
1519 927 1596 998 τῷ
1618 927 1792 998 λοιπῷ

196 1010 308 1060 τῶν
342 1012 662 1075 κακοδὸξων
693 1014 864 1084 χορῷ,
899 1015 1120 1085 πρῶτος
1152 1019 1264 1079 τοῖς
1294 1020 1691 1087 συγγράμμασι
1724 1021 1791 1070 τὰ

197 1103 427 1166 ζιζάνια
458 1106 832 1176 ἐπισπείρας·
876 1109 1310 1177 πεπερασμένην
1352 1112 1594 1180 φάμενος
1646 1112 1793 1181 ἔχειν

195 1196 440 1265 δύναμιν
467 1201 561 1250 τὸν
589 1199 761 1253 Θεόνο
796 1201 892 1254 καὶ
938 1203 1199 1258 ἐλάττονα
1233 1205 1325 1257 τὸν
1377 1205 1506 1258 Υῑὸν
1556 1207 1650 1260 τοῦ
1686 1210 1794 1262 Πα-

196 1291 356 1360 τρδς,
391 1295 484 1344 καὶ
531 1294 590 1346 τὸ
623 1295 852 1364 Πνεῦμα
911 1298 1074 1350 πάλιν
1106 1294 1268 1370 ἦττον
1313 1300 1409 1354 τοῦ
1452 1301 1582 1353 Υίοῦ
1614 1319 1630 1333 ·
1663 1305 1692 1356 ὁ
1738 1303 1793 1355 ιι

198 1386 334 1448 Υἱὸς
391 1389 601 1456 κτίσμα
653 1392 749 1442 καὶ
801 1391 1054 1462 γέννημα
1091 1393 1185 1446 τοῦ
1219 1395 1472 1464 Πατρός·
1506 1396 1598 1447 καὶ
1652 1399 1794 1450 κατά

198 1480 387 1531 πάντα
431 1481 605 1548 μείων
631 1483 658 1532 ὁ
688 1483 817 1546 Υἱὸς
843 1483 938 1536 τοῦ
979 1487 1189 1554 Πατρός
1215 1502 1227 1514 ’
1262 1490 1359 1540 καὶ
1409 1489 1489 1540 ὅτι
1519 1487 1676 1557 ψιλὸς
1704 1489 1795 1542 ἀν-

197 1571 428 1639 θρωπος
455 1569 524 1642 ἦν
551 1591 565 1605 ο
611 1576 708 1626 καὶ
735 1576 821 1628 δτι
851 1577 920 1628 τὰ
949 1579 1232 1648 κτίσματα
1265 1581 1512 1633 συναῖδια
1541 1579 1617 1650 τῷ
1642 1581 1788 1650 Θεῷ⁹

196 1669 298 1720 καὶ
327 1665 467 1718 ἄλλα
499 1669 730 1722 τοιαῦτα
763 1669 970 1724 ἐκτοπα
1019 1673 1112 1724 καὶ
1148 1673 1411 1727 ἀλλόκοτα
1448 1674 1787 1745 βλασφημεῖ,

198 1756 298 1807 καὶ
328 1757 394 1807 ἐκ
434 1757 544 1808 τῶν
611 1759 978 1812 Πλατωνικῶν
1035 1762 1274 1830 μάλιστα
1314 1763 1484 1828 δοξῶν
1532 1764 1592 1816 τὸ
1643 1765 1790 1817 λιτὸν

192 1845 309 1897 τῶν
336 1846 727 1899 ἀποστολικιῖη
770 1849 1063 1918 δογμάτων
1098 1851 1369 1920 συγχέων.
1407 1853 1554 1924 Πλὴν
1595 1856 1657 1907 ὲκ
1685 1855 1793 1906 τῶν

1896 651 2264 721 blasphemias
2316 653 2592 722 sigillatiin
2667 669 2946 722 exponere
3013 655 3236 724 longum
3291 655 3479 712 fuerit.

1902 743 2038 798 lllud
2068 759 2234 813 porro
2260 747 2402 799 scire
2431 754 2682 813 oportet,
2713 746 2860 801 hunc
2914 748 3089 816 ipsum
3125 763 3246 803 esse
3276 749 3370 819 qui
3394 748 3480 803 in-

1895 851 2032 891 sano
2077 835 2302 900 Maneti,
2358 848 2414 891 et
2465 837 2727 902 Sabellio,
2758 839 2889 893 Ario
2909 849 2959 894 et
2986 840 3280 906 Eunomio,
3311 850 3479 912 atque

1896 930 2111 998 reliquo
2161 930 2302 983 male
2364 930 2718 984 sentientium
2771 932 2962 995 choro,
2991 932 3203 1002 primus
3226 939 3278 988 lu
3301 937 3479 1006 scrip-

1898 1023 1968 1077 tis
2025 1037 2218 1076 eorum
2269 1023 2474 1076 zizania
2513 1024 2845 1092 aSpergendi
2890 1025 3318 1094 seminandique
3346 1042 3480 1080 auc-

1899 1123 1984 1167 tor
2029 1113 2232 1176 fuerit,
2277 1113 2461 1181 utqui
2497 1111 2700 1166 ﬁnibus
2741 1114 2912 1167 certis
2955 1116 3307 1169 terminatam
3365 1121 3475 1170 vim

1901 1204 2069 1258 Deum
2127 1205 2356 1268 habere,
2397 1204 2594 1257 Filium
2642 1205 2798 1259 Patre
2849 1205 3144 1270 minorem,
3171 1216 3226 1260 et
3256 1222 3476 1260 rursum

1901 1296 2170 1365 Spiritum
2224 1295 2364 1350 Filio
2420 1295 2741 1350 inferiorem
2777 1315 2790 1351 :
2828 1298 3026 1352 Filium
3088 1309 3398 1354 creaturam
3423 1308 3480 1355 et

1896 1403 2120 1458 germen
2159 1388 2337 1444 Patris
2361 1433 2374 1451 ,
2408 1401 2573 1457 atque
2606 1405 2705 1459 per
2731 1391 2914 1445 omnia
2950 1391 3146 1445 Filium
3185 1391 3342 1446 Patre
3374 1393 3478 1445 mi-

1901 1493 2114 1540 norem,
2167 1478 2533 1548 eutndemque
2584 1495 2798 1533 merum
2836 1481 3144 1544 hominem,
3177 1491 3233 1536 et
3259 1494 3479 1537 creatu-

1899 1589 1988 1628 ras
2013 1582 2319 1628 coaeternas
2351 1589 2472 1628 esse
2507 1575 2639 1639 Deo,
2675 1573 2914 1628 dixerit.
2947 1574 3063 1628 Alia
3102 1575 3346 1646 denique
3375 1575 3479 1629 hu-

1893 1667 1985 1733 jus
2039 1669 2258 1738 generis
2311 1667 2554 1722 absurda
2590 1683 2820 1737 prorsus
2862 1678 2918 1722 et
2951 1670 3154 1735 aliena,
3181 1671 3346 1740 impie
3379 1687 3481 1740 per

1900 1759 2298 1830 blasphemiam
2335 1763 2564 1824 effutiit,
2612 1763 2914 1817 Platonicis
2948 1764 3306 1833 opinionibus
3341 1765 3478 1819 sim-

1900 1852 2097 1920 plicem
2136 1854 2568 1922 apostolicorum
2602 1854 2919 1924 dogmatum
2955 1857 3341 1911 sinceritatem
3374 1859 3477 1911 mi-

194 1937 676 2007 ἀναθεματισμῶν
737 1938 832 2003 οὒς
896 1941 930 2013 ἡ
984 1943 1203 2006 σύνοδος
1279 1946 1397 1997 κατ’
1453 1945 1620 1999 αὑτοῦ
1677 1947 1764 2011 ὲξε
1827 1921 1868 1974 Β

1827 1921 1868 1974 Β
1899 1959 2062 1998 scens
2120 1955 2285 2013 atque
2339 1921 2722 1998 confundens.
2749 1945 2855 2000 Sed
2889 1962 2954 1999 ex
2987 1947 3120 2015 ipsis
3152 1948 3477 2002 anathema-

193 2030 396 2098 ὁὸησε,
449 2031 614 2099 δῆλος
670 2035 1030 2104 γενήσεταιό
1083 2038 1257 2107 ἁνήρ·
1305 2038 1492 2108 έχουσι
1549 2038 1607 2091 δὲ
1653 2041 1790 2108 πρὸς

192 2125 348 2191 λέξιν
375 2120 478 2178 ὧδε
497 2141 512 2156 ⁸

791 2350 835 2402 Κ
846 2350 1041 2405 ΕΦΛΛ.
1084 2352 1126 2403 Κ
1139 2351 1220 2404 1·1’.

191 2438 340 2506 Περὶ
371 2436 495 2490 τῶν
519 2439 936 2512 βέασφημιών
975 2443 1336 2512 Ὠριτένους,
1359 2445 1457 2498 καί
1496 2445 1616 2499 τῶν
1646 2447 1789 2501 ἁνα-

265 2509 657 2584 ρςιιατισιιςῦν
695 2509 803 2577 οὒς
834 2509 1280 2580 ἀναθεματίσθη
1311 2516 1471 2582 παρὰ
1495 2516 1604 2584 τῆς
1642 2535 1788 2572 συν-

267 2578 422 2631 όδου
449 2596 459 2608 ’
494 2581 594 2632 καὶ
621 2583 759 2646 πε·ρί
786 2599 966 2635 τινων
997 2578 1205 2637 ἄλλων
1233 2578 1782 2653 existumat-Tradit)".

271 2692 378 2748 «Εἴ
401 2710 486 2756 τις
518 2695 664 2762 λέγει
691 2695 722 2763 ἢ
757 2695 868 2764 ἔχει
900 2699 1279 2766 προῡπάρχειν
1308 2699 1403 2762 τάς
1434 2701 1544 2752 τῶν
1577 2701 1789 2769 ἀνθρώ-

191 2805 316 2844 πων
345 2791 556 2858 ψυχάς,
585 2785 673 2843 οἷα
697 2793 892 2861 πρώην
925 2793 1051 2852 νόας
1092 2791 1261 2854 οῦσας
1293 2794 1386 2845 καὶ
1437 2795 1598 2861 ἁγίας
1627 2794 1788 2847 δυνά-

193 2901 360 2952 μεις·
424 2885 591 2955 κόρον
617 2885 672 2936 δὲ
704 2885 976 2948 λαϐούσας
1023 2885 1123 2956 τῆς
1168 2887 1320 2948 Θείας
1377 2886 1636 2956 θεωρίας,
1692 2887 1788 2940 καὶ

188 2978 331 3046 πρὸς
372 2977 434 3029 τὸ
469 2981 657 3047 χεῖρον
688 2981 1025 3048 τραπείσας”
1057 2983 1152 3031 καὶ
1179 2981 1270 3032 διὰ
1303 2979 1462 3033 τοῦτο
1488 2982 1791 3050 ἀποψυγεί-

189 3087 293 3131 σας
329 3071 434 3138 μὲν
468 3071 568 3137 τῆς
607 3070 702 3122 τοῦ
752 3072 887 3124 Θεοῦ
919 3073 1143 3141 ἀγάπης
1166 3088 1178 3102 ⁸
1218 3072 1470 3124 ἐντεῦθεν
1522 3074 1577 3125 δὲ
1611 3075 1790 3143 ψυχάς

187 3164 625 3233 ὀνομασθείσας,
658 3167 752 3218 καὶ
777 3169 1048 3237 τιμωρίας
1079 3168 1242 3236 χάριν
1265 3171 1342 3230 είς
1365 3170 1594 3236 σώματα
1620 3189 1788 3222 κατα-

1901 2037 2106 2098 tismis,
2146 2051 2286 2105 quos
2327 2039 2380 2090 in
2422 2053 2548 2091 cum
2583 2038 2826 2106 synodus
2889 2040 3182 2100 contorsit,
3221 2040 3401 2108 qualis
3435 2041 3481 2093 is

1897 2129 1984 2181 vir
2045 2127 2234 2193 fuerit,
2300 2129 2597 2182 manifesto
2667 2130 2896 2196 patebit.
2949 2129 3054 2196 Qui
3108 2129 3177 2185 de
3207 2131 3377 2186 verbo
3410 2131 3478 2186 ad

1898 2221 2125 2275 verbum
2159 2222 2239 2275 sic
2268 2221 2472 2276 habent
2514 2238 2527 2274 :

2429 2351 2512 2405 CA
2525 2350 2655 2404 PUT
2690 2349 2935 2405 XXVIII.

1900 2443 1974 2496 De
2004 2442 2345 2511 blaspliemiis
2378 2442 2646 2510 Origems.
2679 2453 2727 2493 et
2759 2444 3248 2504 anathematismis.
3293 2445 3477 2514 quibus

1969 2524 2043 2566 est
2068 2533 2098 2567 a
2131 2518 2330 2580 synodo
2364 2522 2629 2566 mactatus
2651 2527 2670 2566 :
2696 2523 2743 2565 et
2786 2515 2848 2565 de
2883 2516 3196 2582 quibusdam
3229 2515 3356 2570 aliis
3391 2532 3478 2569 re-

1972 2589 2063 2636 bus
2090 2587 2482 2638 ecclesiasticis.

1975 2716 1992 2748 ι
2019 2697 2074 2752 Si
2107 2697 2232 2766 quis
2272 2697 2425 2762 dicit,
2457 2706 2554 2750 aut
2587 2699 2776 2761 sentit,
2810 2697 3093 2751 hominum
3124 2700 3337 2754 animas
3366 2701 3479 2754 vcl-

1899 2791 1978 2844 uti
2031 2794 2186 2860 prius
2236 2800 2557 2854 exstantes,
2629 2791 3033 2844 iutellectuales
3093 2804 3306 2847 mentes
3362 2793 3482 2846 sive

1899 2895 2127 2939 naturas
2185 2895 2243 2939 et
2283 2897 2505 2939 sanctas
2583 2885 2822 2939 virtutes
2881 2887 3286 2954 pra-exsistere,
3341 2903 3477 2940 con-

1901 2979 2256 3048 templatione
2300 2993 2433 3032 vero
2483 2977 2666 3031 divina
2733 2979 3053 3042 exsatiatas,
3094 2989 3259 3046 atque
3298 2980 3351 3032 in
3378 2979 3479 3034 de-

1903 3072 2074 3125 terius
2118 3072 2402 3141 prolapsas
2429 3112 2444 3136 ,
2478 3080 2533 3125 et
2563 3070 2710 3139 quod
2763 3071 2816 3124 in
2859 3071 2940 3123 eis
2981 3071 3224 3124 charitas
3267 3070 3361 3125 Dei
3395 3088 3478 3126 re-

1901 3167 2135 3231 frixerit,
2182 3165 2311 3219 inde
2362 3165 2562 3234 ψυχάς,
2625 3165 2680 3218 id
2730 3175 2835 3225 est,
2878 3167 3092 3218 animas
3125 3166 3282 3232 quasi
3315 3165 3476 3219 refri-

189 3260 577 3326 πεμφυείσας,
636 3260 911 3328 ἀνάθεμα.
948 3242 1013 3314 Ei
1043 3279 1127 3324 τις
1156 3264 1306 3329 λέγει
1355 3261 1385 3330 ἢ
1419 3263 1533 3331 ἔχει
1566 3263 1665 3333 τὴν
1695 3263 1789 3316 τοῦ
1820 3282 1865 3339 ο

1820 3282 1865 3339 ο
1900 3270 2188 3331 gescentes
2243 3259 2573 3324 nominatas,
2622 3268 2678 3312 et
2722 3273 2898 3328 pinna:
2949 3260 3121 3327 gratia
3150 3259 3203 3312 in
3239 3274 3475 3328 corpora

187 3353 407 3422 Κυρίου
441 3351 621 3421 ψυχὴν
659 3355 1067 3424 προῦπάρχειν,
1107 3358 1198 3408 καὶ
1249 3357 1536 3425 ἡνωμένην
1563 3359 1792 3426 γεγενῆ-

188 3448 318 3499 σθαι
340 3446 419 3514 τῷ
450 3446 571 3514 Θεῷ
591 3447 751 3514 Λόγῳ
775 3449 882 3516 πρὸ
910 3449 1005 3514 τῆς
1034 3451 1098 3501 ὲκ
1126 3450 1409 3520 Παρθένου
1456 3452 1791 3521 σαρκώσεώς

183 3556 245 3591 τε
283 3540 383 3592 καὶ
429 3541 764 3608 γεννήσεως,
828 3540 1082 3606 ἀνάθεμα
1139 3543 1302 3595 ἔστω.
1344 3544 1408 3595 Et
1447 3561 1531 3605 τις
1579 3544 1788 3614 λέγειῆ

184 3630 304 3698 ἔχει
337 3631 559 3698 πρῶτον
597 3631 910 3686 πεπλᾶσθαι
947 3634 1010 3686 τὸ
1042 3634 1200 3705 σῶμα
1232 3635 1325 3688 τοῦ
1365 3639 1571 3707 Κυρίου
1634 3639 1792 3708 ήμῶν

195 3723 384 3792 Ἰησοῦ
414 3724 662 3792 Χριστοῦ
718 3726 776 3777 έν
824 3729 890 3797 τῇ
940 3728 1129 3800 μήτρᾳ
1157 3731 1254 3796 τῆς
1288 3731 1451 3798 ἁγίας
1489 3732 1790 3799 Παρθένου,

183 3818 282 3868 καὶ
319 3815 466 3884 μετὰ
492 3816 671 3870 ταῦτα
698 3818 972 3888 ένωθῆναι
1003 3821 1155 3892 αὐτῷ
1185 3822 1277 3874 τὸν
1310 3823 1443 3876 Θεὸν
1472 3826 1665 3892 Λόγον,
1699 3828 1793 3880 καὶ

183 3911 288 3980 τὴν
317 3909 506 3981 ψυχὴν
532 3911 609 3972 ὡς
664 3912 1118 3982 προϋπάρξασαν,
1150 3916 1397 3986 ἀνάθεμα
1418 3918 1583 3973 ἔστω.
1618 3920 1682 3993 El
1708 3938 1791 3982 τις

181 4006 338 4070 λέγει
402 4001 436 4075 ἡ
479 4004 594 4074 ἔχει
645 4009 782 4058 πᾶσι
818 4011 930 4070 τοίς
963 4009 1312 4080 ἐπουρανίοις
1365 4011 1648 4081 τάγμασιν
1675 4013 1794 4078 ἑξο-

186 4099 503 4168 μοιωθῆναι
533 4099 626 4150 τὸν
659 4099 753 4152 τοῦ
798 4100 931 4153 Θεοῦ
960 4102 1157 4168 Λόγον,
1199 4105 1499 4172 γενόμενον
1543 4109 1654 4170 τοῖς
1685 4110 1794 4161 Χε-

185 4187 398 4255 ρουϐὶμ
423 4187 767 4257 Χερουϐεὶμ,
803 4190 897 4240 καὶ
921 4191 1034 4252 τοῖς
1059 4187 1314 4261 Σεραφὶμ
1344 4193 1647 4264 Σεραφεὶμ,
1698 4199 1792 4249 καὶ

185 4285 392 4344 πάσαις
434 4282 626 4343 ἁπλῶς
674 4284 794 4345 ταῖς
839 4283 953 4336 ἀνω
1007 4283 1309 4352 δυνάμεσιν
1367 4286 1790 4356 ἑξομοιωθέντα,

181 4378 443 4443 ἀνάθεμα
474 4377 637 4429 ἔστω.
669 4375 736 4428 Εἴ
761 4393 840 4438 τις
877 4376 1026 4443 λέγει
1067 4377 1100 4445 ἢ
1136 4376 1249 4446 ἔχει
1285 4380 1343 4431 έν
1388 4383 1452 4448 τῇ
1492 4382 1790 4435 ἀναστάσει

185 4466 521 4534 σφαιροειδῆ
551 4467 621 4518 τά
647 4469 759 4518 τῶν
796 4467 1104 4535 ἀνθρώπων
1157 4467 1473 4539 ἐγείρεσθαι
1534 4474 1788 4541 σώματα,

184 4565 280 4615 καὶ
316 4563 418 4629 οὐχ
446 4562 707 4629 ὁμολογεί
737 4561 958 4629 ὀρθίους
984 4563 1136 4630 ἡμᾶς
1165 4564 1501 4633 ἐγείρεσθαι,
1535 4567 1785 4637 ἀνάθεμα

1897 3355 2166 3408 demissas
2209 3368 2351 3415 esse,
2410 3355 2698 3406 anathema
2761 3351 2851 3404 sit.
2913 3351 2968 3405 Si
3020 3354 3146 3421 quis
3194 3353 3350 3415 dicit,
3378 3361 3474 3407 aut

1895 3446 2083 3507 sentit,
2143 3445 2379 3498 animam
2435 3444 2648 3498 Domini
2684 3444 3113 3512 prmexstitisse.
3151 3446 3474 3516 unitamque

1897 3553 2019 3593 esse
2080 3538 2192 3591 Deo
2240 3538 2422 3592 Verbo
2455 3537 2619 3607 779
2650 3549 2777 3590 ante
2813 3537 3254 3592 incarnationem
3289 3551 3346 3593 et
3375 3557 3475 3594 na—

1901 3629 2170 3683 tivitatem
2225 3645 2291 3683 ex
2343 3629 2588 3698 Virgine,
2621 3630 2911 3682 anathema
2950 3630 3041 3683 sit.
3082 3631 3138 3684 Si
3165 3631 3290 3699 quis
3317 3632 3473 3698 dicit,

1897 3735 1992 3775 aut
2047 3724 2239 3782 sentit,
2291 3721 2444 3788 prius
2497 3722 2796 3773 formatum
2858 3738 2981 3775 esse
3022 3736 3226 3792 corpus
3256 3723 3476 3779 Domini

1895 3814 2072 3867 nostri
2124 3812 2252 3866 Jo-sn
2310 3813 2518 3865 Christi
2573 3813 2626 3865 in
2673 3824 2829 3866 utero
2872 3814 3114 3883 Virginis
3163 3827 3389 3880 sancta.
3420 3829 3476 3872 ct

1894 3907 2160 3975 deinceps
2220 3906 2436 3958 unitum
2501 3920 2625 3960 esse
2685 3891 2736 3960 ei
2802 3907 2969 3961 Deum
3007 3908 3270 3976 Verbum,
3307 3922 3474 3981 atque

1895 4001 2174 4064 animam,
2243 4011 2304 4052 ut
2351 4014 2473 4066 qua:
2527 4000 2683 4066 prius
2715 4001 3010 4066 extisterit,
3042 4003 3338 4057 anathema
3379 4005 3472 4058 sit.

1895 4095 1951 4152 Si
1991 4098 2119 4165 quis
2163 4097 2320 4158 dicit.
2365 4108 2459 4150 aut
2502 4097 2710 4159 sentit,
2744 4098 3001 4151 omnibus
3033 4097 3356 4150 caelestibus
3385 4113 3474 4148 nr-

1894 4191 2121 4244 dinibus
2152 4189 2513 4244 assimilatum
2560 4203 2682 4244 esse
2715 4190 2807 4243 Dei
2851 4188 3117 4255 Verbum,
3152 4190 3224 4243 ita
3270 4198 3328 4243 ut
3370 4191 3471 4259 ipsi

1894 4282 2196 4339 Cherubim
2248 4285 2424 4338 factus
2481 4285 2554 4337 sit
2595 4284 2919 4347 Cheruhim,
2957 4294 3011 4338 et
3041 4283 3148 4351 ipsi
3182 4281 3474 4350 Seraphitn

1895 4379 2072 4433 factus
2132 4377 2446 4446 Seraphim,
2549 4376 2920 4446 omnibusque
3002 4377 3142 4430 adeo
3216 4377 3477 4444 supernis

1895 4471 2198 4526 virtutibus
2229 4486 2455 4539 prorsus
2487 4486 2608 4525 esse
2635 4479 3010 4539 exaequatum.
3057 4473 3350 4524 anathema
3379 4472 3472 4524 sit.

1895 4567 1953 4622 Si
1988 4569 2112 4636 quis
2153 4565 2309 4627 dicit,
2336 4577 2431 4618 aut
2453 4564 2643 4624 Sentit,
2675 4565 2729 4616 in
2784 4566 3190 4616 resurrectione
3223 4563 3474 4616 rotundae

183 4657 348 4708 ιστω.
387 4656 454 4706 Εἴ
483 4669 567 4715 τις
595 4653 750 4720 λέγει
803 4655 1036 4723 οὐρανὸν
1067 4655 1175 4707 ’καὶ
1219 4654 1374 4724 ἥλιον
1406 4657 1501 4707 καὶ
1555 4633 1786 4727 σελήνην
1821 4633 1859 4687 Β

1821 4633 1864 4687 Ῑ)
1893 4667 1948 4713 et
2005 4633 2336 4712 orbicularis
2368 4657 2553 4724 ﬁgura
2586 4655 2874 4708 hominum
2907 4670 3139 4723 corpora
3171 4665 3471 4707 exsuscua-

187 4755 282 4800 και
341 4749 591 4814 ἀστέρας
647 4748 742 4797 καὶ
775 4745 941 4798 ὕδατα
969 4748 1041 4799 τὰ
1063 4747 1322 4817 ὑπεράνω
1376 4748 1484 4802 τῶν
1516 4751 1787 4819 οὐρανῶν,

110 4855 119 4860 ‘
187 4842 479 4909 ἐμψύχους
511 4842 606 4892 καὶ
639 4840 830 4900 ὑλικάς
851 4834 993 4891 εἷναί
1027 4856 1184 4901 τινας
1222 4840 1506 4910 δυνάμεις,
1538 4844 1791 4915 ἀνάθεμα

188 4936 354 4988 ἔστω.
393 4935 464 4985 Et
491 4948 575 4993 τις
604 4933 754 4998 λέγει
784 4931 816 5001 ἢ
845 4931 955 4999 ἔχει
986 4934 1066 4984 ὅτι
1106 4933 1431 5003 όΔεσπότης
1472 4935 1708 5004 Χριστὸς
1735 4939 1792 4991 ἐν

190 5029 268 5098 τῷ
303 5027 566 5094 μέλλοντι
621 5026 778 5078 αίῶνι
832 5025 1290 5098 σταυρωθὴσεται
1326 5028 1466 5099 ὑπὲρ
1515 5030 1792 5100 δαιμόνων

189 5121 334 5173 καθά
371 5120 469 5171 καὶ
508 5119 653 5186 ὑπὲρ
711 5118 1040 5187 ἀνθρώπων,
1096 5121 1346 5191 ἀνάθεμα
1393 5121 1552 5177 ἔστω.
1601 5123 1670 5176 Εῐ
1711 5142 1794 5188 τις

187 5216 339 5281 λέγει
379 5213 414 5282 ἢ
451 5216 572 5282 ἔχει
604 5214 1038 5282 πεπερασμένην
1072 5209 1215 5267 εἷναι
1264 5216 1364 5285 τὴν
1397 5217 1490 5269 τοῦ
1525 5217 1659 5270 Θεοῦ
1695 5219 1791 5272 δύ-

191 5328 383 5378 ναμιν,
413 5310 514 5360 καὶ
541 5305 786 5360 τοσαῦτα
814 5306 978 5361 αὑτὸν
1013 5307 1426 5380 δημιουργῆσαι
1461 5312 1603 5364 ὅσων
1637 5329 1793 5382 περι-

189 5400 522 5471 δράξασθαι,
549 5398 803 5466 ἀνάθεμα
829 5399 993 5452 ἔστω.
1029 5400 1096 5452 Et
1121 5418 1204 5464 τις
1231 5401 1380 5468 λέγει
1415 5403 1446 5470 ἢ
1475 5403 1588 5472 ἔχει
1621 5405 1795 5473 πρόσ·

191 5512 389 5564 xath
425 5491 569 5545 εἶναι
625 5493 726 5562 τὴν
751 5493 859 5544 τῶν
889 5494 1162 5563 δαιμόνων
1192 5495 1291 5547 καὶ
1320 5495 1536 5548 ἀσεϐῶν
1582 5497 1796 5567 ἀνθρώ-

194 5605 311 5638 πων
350 5586 607 5650 κόλασιν,
670 5586 766 5636 rat
819 5585 973 5647 τέλος
1032 5587 1176 5638 κατά
1215 5603 1336 5639 τινα
1397 5589 1590 5658 χρόνον
1624 5591 1797 5659 αὐτην

193 5679 337 5743 ἕξειν
363 5717 382 5744 ,
423 5679 602 5747 ἦγουν
636 5678 1091 5732 ἀποκατάστασιν
1124 5679 1379 5745 γενέσθαι
1434 5680 1710 5749 δαιμόνων
1759 5683 1790 5752 ἢ

193 5773 406 5824 ἀσεῆὠν
441 5769 777 5838 ἀνθρώπων,
810 5770 1064 5840 ἀνάθεμα
1122 5773 1283 5826 ἔστω.
1329 5773 1607 5844 Ἀνάθεμα
1650 5775 1796 5844 Ὠρι-

269 5927 342 5994 (1)
388 5925 609 5997 Rigidos
639 5923 944 5994 (Lactant.)

1896 4761 2034 4817 tum,
2095 4765 2274 4820 neque
2330 4749 2625 4804 conﬁtetur
2656 4759 2878 4801 erectos
2929 4763 3031 4801 nos
3055 4747 3472 4827 excitatumiri,

1891 4849 2186 4900 anathema
2242 4844 2333 4898 sit.
2399 4843 2458 4896 Si
2511 4842 2639 4912 quis
2685 4841 2856 4904 dicit,
2895 4842 3090 4895 coelum
3115 4852 3168 4894 et
3197 4843 3476 4904 solem,et

1895 4941 2080 4992 lunam
2123 4949 2179 4992 et
2209 4937 2414 5001 stellas,
2445 4947 2501 4991 et
2549 4951 2722 5005 aquas
2777 4951 2897 5004 qua:
2925 4950 3091 5004 supra
3120 4936 3289 4990 caelos
3318 4945 3472 4996 sunt,

1895 5033 2165 5084 animatas
2221 5029 2490 5100 quasdam
2543 5043 2666 5083 esse
2723 5038 2780 5082 et
2839 5028 3154 5084 materiales
3211 5030 3473 5088 virtutes,

1896 5125 2188 5178 anathema
2226 5124 2319 5177 sit.
2370 5121 2426 5176 Si
2481 5122 2606 5191 quis
2648 5121 2808 5185 dicit,
2832 5131 2926 5175 aut
2950 5122 3140 5180 sentit.
3175 5121 3474 5176 Dominum

1893 5217 2174 5272 Christum
2201 5217 2253 5270 in
2303 5216 2488 5270 seculo
2548 5215 2736 5270 futuro
2763 5230 2861 5278 pro
2885 5215 3251 5278 daemonibus,
3282 5230 3474 5283 quent-

1896 5307 2196 5364 admodum
2275 5317 2330 5362 et
2422 5323 2523 5376 pro
2581 5307 2924 5366 hominibus.
2983 5307 3305 5360 crucillxum
3359 5306 3471 5367 iri,

1895 5402 2187 5457 anathema
2231 5401 2324 5455 sit.
2374 5399 2430 5455 Si
2481 5401 2601 5470 quis
2649 5401 2802 5459 dicit.
2858 5407 2952 5452 aut
2991 5399 3181 5457 sentit.
3213 5399 3475 5451 virtutem

1898 5495 1991 5549 Dei
2025 5494 2375 5547 terminatam
2414 5507 2557 5555 esse,
2598 5499 2839 5561 euul’que
2873 5501 3089 5544 tantum
3117 5490 3474 5546 increatiunc

1898 5588 2237 5648 condidisse.
2274 5595 2542 5656 quantum
2579 5587 2904 5654 complexus
2935 5586 3028 5646 sit,
3057 5585 3348 5637 anathema
3378 5584 3474 5637 sit.

1900 5685 1958 5739 Si
2029 5683 2156 5754 quis
2206 5681 2362 5742 dicit,
2410 5689 2502 5733 aut
2530 5679 2718 5742 sentit,
2749 5688 3102 5746 temporanea
3125 5694 3246 5732 esse
3275 5678 3476 5731 άωιηοο

1900 5793 2032 5832 num
2090 5783 2146 5830 et
2196 5774 2491 5845 impiorum
2540 5771 2828 5826 hominum
2864 5782 3159 5836 tormenta,
3196 5771 3478 5841 ﬁnemque
