4244 6438
157 414 258 477 293

1054 405 1655 468 ECCLESIASTICIE
1694 406 2081 468 HISTORIE
2113 408 2256 468 LIB.
2307 408 2494 473 XVII.

3315 409 3424 475 294

155 541 257 593 περ
292 521 721 590 ἀνθιστάμενος,
744 516 840 571 τοῦ
876 517 1070 587 θρόνου
1103 516 1460 570 ἐκϐάλλεται·
1490 516 1738 568 ἀντεισά-

1844 530 1966 569 cere
1991 516 2214 580 volenti,
2255 532 2285 570 e
2327 516 2526 569 throno
2567 516 2913 571 deturbatur.
2965 517 3160 572 Joanni
3190 533 3322 572 vero
3354 530 3422 573 ex

152 630 307 680 γεται
361 613 419 664 δὲ
470 610 733 677 Ἰωάννης
768 609 889 661 δικ
929 605 1022 659 τοῦ
1076 606 1324 674 Σιρίμιος
1385 605 1735 674 ὡρμημένος.

153 707 329 775 Κὼμη
365 705 420 756 δὲ
457 703 598 771 αὕτη
649 705 706 754 ιν
740 704 806 770 τῇ
867 702 1153 769 Κυνηγικῇ
1213 698 1368 769 χώρα
1417 699 1736 769 διακειμένη

150 798 477 867 ὲγγειτόνων
514 794 851 863 Ἀντιοχείας
901 791 1155 861 κειμένη.
1199 791 1332 842 Τίνα
1368 792 1426 844 δὲ
1475 792 1544 843 τά
1576 795 1739 845 καινά

151 894 294 957 ᾰπερ
329 889 578 952 εἰσάγειν
632 885 808 954 ᾕρητο
843 880 1123 950 βασιλεὺς,
1175 879 1242 931 δι’
1272 878 1308 932 ἃ
1340 879 1434 930 καὶ
1476 878 1737 948 Εὑτύχιος

147 983 411 1049 ἀπεώσθη
449 981 541 1033 τοῦ
574 979 793 1048 θρόνου,
818 976 987 1040 λέξων
1033 975 1291 1044 ἔρχομαι.
1325 973 1493 1026 Οὔπω
1521 975 1733 1043 συχνὸς,

146 1079 218 1138 ὡς
253 1077 493 1144 εἴρηται,
529 1071 668 1140 μετά
699 1070 798 1139 τὴν
831 1067 873 1121 ε’
893 1068 1111 1121 σύνοδον
1137 1066 1474 1135 παριππεύει
1507 1065 1699 1134 καιρός
1719 1081 1735 1098 ο

146 1173 238 1222 καὶ
261 1171 290 1221 ὁ
317 1167 427 1219 τῶν
455 1163 712 1230 ζιζανίων
745 1163 912 1214 πάλαι
945 1160 1205 1227 σπορεὺς,
1237 1158 1336 1225 τὴν
1366 1157 1464 1225 τῆς
1502 1154 1736 1226 Ἐκκλη-

147 1267 268 1324 aia;
325 1261 649 1314 εὐστάθειαν
714 1255 981 1326 μηδαμῶς
1011 1253 1144 1321 ὀρᾷν
1181 1251 1527 1319 ἀνεχόμενος,
1555 1249 1742 1301 διασα-

146 1357 324 1408 λεύειν
378 1352 611 1418 ταύτην,
672 1349 864 1417 ὥσπερ
904 1345 1013 1397 τισὶ
1053 1344 1452 1413 μηχανήμασι,
1519 1341 1737 1408 σαθροῖς

142 1449 418 1514 δόγμασιν
453 1442 609 1503 αὖθις
660 1441 860 1507 πεῖραν
887 1436 1158 1506 προσῆγε.
1187 1433 1310 1484 Τῶν
1349 1432 1458 1501 γάρ
1498 1431 1737 1499 Σευήρου

141 1540 439 1605 δογμάτων
473 1537 574 1604 τῆς
624 1531 954 1601 Ἐκκλησίας
983 1527 1448 1595 ἀπεληλαμένων,
1499 1526 1590 1577 καὶ
1631 1525 1740 1576 τῶν

141 1635 402 1686 τάκείνου
443 1628 813 1698 φρονούντων,
865 1623 944 1675 ἔτι
981 1623 1038 1676 δὲ
1093 1622 1409 1688 Ὧριγένους
1437 1620 1530 1671 καὶ
1586 1617 1740 1670 Διδύ-

147 1743 274 1792 μου,
312 1727 410 1776 καὶ
455 1721 758 1790 Εὑαγρίου.
807 1719 900 1770 καὶ
953 1716 1063 1768 τῶν
1095 1715 1272 1768 ἄλὶων
1323 1712 1398 1774 ὼς
1434 1711 1736 1763 ἀλλοκότων

146 1815 441 1880 δογμάτων
493 1807 954 1878 παραδεδομένων
1007 1803 1088 1873 τῷ
1133 1801 1472 1869 ἀναθέματιο
1508 1799 1600 1850 καὶ
1630 1797 1738 1865 πρὸ

1845 607 1965 659 vico
2018 609 2104 660 cui
2155 608 2374 662 Sirimis
2427 623 2627 662 nomen
2659 619 2763 670 est,
2794 609 2845 662 in
2874 607 3142 679 Cynegica
3174 610 3422 679 regione,

1843 713 1952 752 non
1986 698 2146 766 longe
2173 700 2241 752 ah
2281 700 2570 753 Antiochia
2601 702 2726 763 sita,
2754 711 2933 754 ortum
2971 701 3218 762 ducenti,
3265 705 3424 757 sedes

1842 804 1906 844 ea
1960 792 2351 844 committitur.
2415 790 2546 856 Qua:
2609 807 2744 846 vero
2777 807 2928 844 novae
2963 793 3078 847 ista:
3103 807 3188 846 res
3216 793 3424 847 fuerint

1843 898 1980 950 quas
2011 883 2312 951 imperator
2349 884 2612 939 inducere
2640 884 3026 948 constituerat,
3056 886 3420 954 quamobrem

1841 977 2005 1028 etiam
2052 975 2353 1045 Eutychius
2400 980 2718 1046 episcopatu
2783 978 3049 1046 expulsus
3101 990 3182 1030 est
3237 978 3423 1032 dicere

1842 1083 2085 1136 pergam.
2122 1066 2374 1120 Nondum
2401 1069 2633 1122 multum
2657 1109 2671 1130 ,
2701 1069 2862 1123 sicuti
2889 1071 3095 1122 dictum
3126 1080 3229 1133 est,
3261 1071 3419 1140 781

1844 1177 1870 1212 a
1939 1161 2133 1230 quinta
2186 1160 2398 1230 synodo
2446 1163 2786 1230 praeterierat
2861 1172 3099 1230 tempus,
3158 1173 3216 1217 et
3268 1146 3436 1216 vetus

1844 1252 2179 1305 zizaniorum
2217 1263 2402 1316 sator,
2447 1253 2596 1322 quod
2654 1269 3000 1324 nequaquam
3065 1256 3422 1325 tranquillum

1843 1345 2101 1398 Ecclesia:
2149 1355 2350 1398 statum
2376 1362 2605 1401 cernere
2656 1358 2860 1415 posset,
2894 1359 2950 1401 ut
2976 1363 3098 1401 eam
3132 1350 3426 1417 perturba—

1844 1448 1946 1499 ret,
2011 1438 2304 1506 depravata
2368 1453 2584 1492 rursum
2638 1439 2892 1508 dogmata
2960 1441 3116 1508 quasi
3158 1444 3424 1510 quasdam

1844 1528 2124 1582 machinas
2168 1530 2215 1580 ei
2271 1529 2548 1582 admovit.
2581 1529 2714 1598 Cum
2774 1545 3012 1600 namque
3062 1533 3249 1587 Severi
3297 1533 3429 1588 doc-

1846 1627 1987 1674 trina
2043 1637 2108 1674 ex
2166 1622 2407 1675 Ecclesia
2437 1623 2661 1691 rejecta,
2700 1632 2757 1676 et
2795 1627 2887 1691 qui
2917 1624 3065 1678 illam
3097 1627 3272 1680 secuti
3303 1626 3425 1680 fue-

1846 1723 1969 1765 rant
2027 1724 2191 1782 atque
2236 1716 2403 1766 etiam
2464 1713 2716 1783 Origcnis
2750 1728 2805 1769 et
2828 1715 3044 1785 Didymi
3077 1727 3134 1771 et
3171 1717 3421 1786 Evagrii,

1845 1806 2188 1875 aliorumque
2246 1809 2420 1860 aliena
2481 1817 2644 1876 atque
2702 1810 2936 1862 absurda
2992 1809 3270 1878 dogmata,
3324 1827 3426 1866 nec

146 1902 362 1954 τούτων
401 1901 683 1968 Ἀνθίμου,
719 1898 926 1964 Πέτρου
957 1911 1014 1946 τε
1040 1892 1138 1944 καὶ
1171 1891 1362 1959 Ζωόρα
1396 1888 1504 1941 τῶν
1554 1888 1739 1940 δυσσε-

1846 1915 1952 1951 ιιοη
1984 1909 2112 1952 antc
2145 1900 2244 1952 hos
2266 1900 2511 1952 Anthiini
2546 1913 2599 1953 et
2633 1901 2778 1954 Petri
2812 1911 2866 1954 et
2902 1902 3089 1956 Zoorae
3127 1905 3426 1971 impiorum

147 1994 283 2058 ὗῶν,
326 1993 379 2044 oi
419 1990 814 2060 προειρημένοι
851 1987 959 2039 ἀπὸ
990 1983 1289 2038 Ἰουλιανοῦ
1325 1981 1419 2034 τοῦ
1477 1979 1737 2047 Ἀλικαρ-

143 2089 359 2145 νασέως
390 2088 486 2137 καὶ
535 2083 766 2136 Γαῖανοῦ
817 2081 1136 2150 Σευηρῖται,
1173 2078 1526 2146 προσχήματι
1588 2074 1741 2122 εὐσε-

145 2181 324 2240 6εέας,
355 2177 512 2236 τινὰς
553 2175 676 2227 λίαν
716 2171 1004 2226 ἀνέπειθον
1036 2169 1280 2241 στερρῶς
1315 2165 1738 2225 ἀντιὸαἱνοντες,

143 2269 340 2336 ὅτιπερ
383 2268 415 2334 ἡ
456 2270 519 2318 ὲκ
557 2265 836 2332 Παρθένου
865 2265 941 2332 τῷ
975 2265 1185 2330 Σωτῆρι
1236 2259 1456 2330 Χριστῷ
1495 2258 1737 2325 Προσλη-

146 2363 345 2430 φθεῖσα
382 2359 522 2428 σὰρξ
573 2360 681 2427 πρὸ
710 2358 803 2410 τοῦ
837 2357 1044 2418 πάθους
1081 2355 1360 2421 ἄφθαρτος
1410 2348 1499 2422 ἢν,
1547 2351 1741 2418 Ἡμεῖς

144 2460 276 2524 γὰρ,
317 2456 530 2519 ελεγον,
559 2454 777 2524 ἀνάγκῃ
834 2450 1050 2517 φύσεως
1078 2449 1146 2500 τά
1190 2447 1398 2516 ταύτης
1440 2446 1740 2514 περιφέρο-

151 2565 248 2613 μεν
285 2546 460 2613 παθη,
501 2547 693 2596 πεῖναν
747 2547 892 2612 φημὶ
921 2546 1014 2594 καὶ
1049 2541 1210 2609 δίψαν
1263 2539 1359 2592 καὶ
1389 2540 1455 2591 τὰ
1488 2538 1634 2606 ἑξῆς.
1680 2536 1741 2588 Ὀ

144 2639 198 2690 δὲ
234 2638 500 2705 Χριστὸς,
543 2637 638 2688 ἄτε
689 2635 753 2701 δὴ
783 2637 1010 2702 πάσχων
1041 2631 1183 2684 ὲκὼν
1208 2671 1224 2695 ,
1259 2631 1358 2682 οὐκ
1390 2629 1582 2695 ἐπίσης
1609 2630 1742 2696 ἡμῖν

145 2735 252 2792 τοῖς
292 2732 394 2796 τῆς
430 2729 646 2797 φύσεως
677 2729 864 2798 νόμοις
886 2729 1155 2780 δουλεύων
1203 2721 1293 2793 ἦν.
1329 2725 1470 2792 Πρὸς
1517 2722 1658 2791 άπερ
1693 2723 1742 2773 oi

144 2825 509 2884 εὐσεὸοὖντες
563 2824 862 2890 ἀντένρερον
916 2821 1200 2888 λέγοντες,
1253 2820 1444 2884 ὅτιπερ
1509 2814 1568 2868 Εἰ
1647 2816 1741 2867 καὶ

145 2917 402 2968 ἑκούσιον
434 2917 496 2967 τὸ
537 2913 729 2974 πάθος,
763 2913 880 2965 ἀλλ’
910 2913 1107 2979 ἐπίσης
1139 2913 1272 2979 ἡμῖν
1302 2910 1540 2977 ἔπασχεν
1561 2925 1575 2939 ο
1599 2907 1741 2960 ὥστε

147 3011 262 3068 πῶς
298 3007 586 3074 δυνάμεθα
623 3007 685 3058 τὸ
732 3007 881 3066 ὅπως
927 3005 988 3073 δή
1043 3020 1174 3056 ποτε
1206 3005 1416 3071 πάσχον
1467 3001 1742 3071 ἄφθαρτον

145 3103 361 3170 κυρῐως
395 3100 594 3160 εἰπεῖν,
617 3099 714 3150 καὶ
744 3098 817 3168 μὴ
847 3098 1107 3166 φθαρτὸν,
1141 3096 1283 3149 καθά
1311 3097 1375 3167 δὴ
1407 3097 1501 3148 καὶ
1525 3097 1584 3147 τὸ
1607 3095 1744 3165 ὴμέ-

1845 1990 2127 2043 hominum
2191 1994 2500 2060 opiniones,
2529 1994 2874 2047 anathemate
2903 1995 3170 2048 confossa:
3195 2005 3381 2050 essent
3408 2013 3422 2051 :

1857 2084 2136 2145 Severitze.
2182 2101 2320 2152 quos
2371 2087 2642 2148 diximus,
2703 2088 2976 2142 aJuIiano
3010 2088 3426 2142 Ilalicarnasseo

1842 2183 1897 2226 et
1950 2173 2156 2226 Gaiano
2217 2176 2524 2242 progressi,
2595 2177 2696 2229 sul)
2754 2179 2971 2243 pietatis
3001 2187 3266 2244 praetextu
3298 2194 3425 2232 cum

1843 2267 2175 2334 quibusdam
2213 2267 2428 2320 fortiter
2450 2269 2754 2336 congressi,
2784 2269 2864 2321 eis
2899 2285 3241 2338 persnasere,
3275 2273 3424 2340 quod

1843 2373 1905 2411 ea
1963 2373 2126 2427 quam
2180 2375 2243 2412 ex
2299 2359 2523 2429 Virgine
2563 2361 2814 2413 Salvator
2835 2360 3090 2415 Clll‘lSlUS
3123 2365 3427 2431 assumpsit

1844 2467 1974 2504 caro
2036 2459 2164 2504 ante
2227 2453 2538 2520 passionem
2595 2453 3024 2522 incorruptibilis
3078 2453 3248 2508 fuerit
3298 2454 3422 2524 (1):

1843 2540 2089 2605 Quorum
2159 2541 2258 2594 ista
2291 2542 2445 2596 fuere
2495 2543 2660 2597 verba
2691 2561 2705 2600 :
2743 2563 2760 2594 ι
2807 2545 2919 2599 Nos
2949 2546 3171 2613 quidem
3204 2561 3300 2614 per
3330 2561 3428 2600 ne-

1845 2635 2155 2688 cessitatem
2185 2644 2414 2697 naturae,
2454 2636 2776 2691 affectiones
2804 2651 2945 2706 ejus,
2982 2639 3184 2693 famem
3215 2641 3427 2695 scilicet

1844 2735 1899 2779 et
1927 2728 2095 2786 sitim.
2127 2736 2181 2780 et
2211 2729 2449 2796 reliquas
2481 2730 2930 2784 circumferirnus
2956 2733 3245 2788 :Christus
3271 2751 3424 2800 vero,

1847 2829 2033 2888 utpote
2093 2820 2186 2888 qui
2251 2830 2444 2888 sponte
2493 2837 2590 2874 sua
2654 2837 2848 2890 passus
2894 2833 3000 2888 stt,
3065 2841 3176 2879 non
3235 2826 3425 2882 itidem

1843 2919 2007 2978 atque
2059 2925 2193 2971 nos,
2228 2919 2437 2964 natura:
2505 2913 2715 2979 legibus
2775 2913 3093 2968 subserviit.
3143 2915 3427 2971 Adversus

1845 3017 1967 3070 qua:
2028 3003 2193 3056 verba
2258 3005 2333 3072 pii
2394 3007 2649 3060 homines
2729 3008 3040 3060 retulerunt
3101 3025 3114 3060 :
3164 3010 3428 3074 Quamvis

1846 3104 2146 3163 spontauea
2197 3096 2398 3150 Christi
2460 3100 2639 3166 passio
2700 3098 2886 3164 fuerit,
2945 3103 3210 3170 aequalem
3242 3114 3425 3158 tamen

143 3210 345 3262 τερονς
384 3192 530 3261 Πρὸς
584 3191 612 3241 ὃ
644 3190 806 3242 πάλιν
837 3191 1059 3250 ἐκεῖνοι,
1093 3189 1193 3240 Ὃν
1230 3189 1430 3258 τρόπον
1480 3189 1618 3256 μετὰ
1644 3186 1739 3256 τὴν

1849 3197 2050 3242 nostrae
2079 3187 2267 3242 fuisse.
2297 3189 2587 3254 Quomodo
2628 3205 2759 3244 vero
2813 3203 3019 3258 posset,
3056 3195 3205 3262 quod
3241 3196 3426 3264 quali-

142 3282 452 3334 ἀνάστασιν
488 3277 770 3346 ἄφθαρτον
793 3278 854 3328 τὸ
889 3277 1052 3344 σῶμα
1083 3275 1334 3342 λέγοντες
1371 3274 1466 3328 τοῦ
1504 3274 1740 3344 Χριστοῦ

140 3374 443 3440 δμοούσιον
493 3371 590 3420 καὶ
625 3371 757 3437 ἡμῖν
787 3368 944 3420 τοῦτο
980 3367 1189 3433 λέγετε,
1227 3369 1318 3419 τὸν
1346 3367 1510 3420 αὑτὸν
1540 3367 1740 3437 τρόπον

141 3467 233 3516 καὶ
264 3466 437 3534 ἡμεῖς
484 3462 592 3530 πρὸ
618 3461 720 3530 τῆς
770 3459 1122 3521 ἀναστάσεως
1154 3459 1432 3527 ἄφθαρτον
1465 3459 1737 3526 λέγοντες,

137 3557 440 3624 ὁμοούσιον
476 3554 611 3606 αὐτὸ
661 3555 754 3605 καὶ
787 3554 922 3622 ἡμῖν
970 3547 1111 3606 εἶναι
1168 3551 1566 3620 ὁμολογοῦμεν.
1602 3551 1665 3603 Ol
1693 3550 1740 3602 δ’

136 3649 295 3711 αὖθις
341 3647 487 3719 πρὸς
515 3646 713 3708 αὐτοὺς
743 3645 1170 3716 ἁντεπῆγον,ὅτι
1202 3645 1264 3696 Ei
1316 3647 1410 3698 καὶ
1462 3642 1740 3712 ἄφθαρτον

135 3745 192 3795 τὸ
218 3744 516 3812 Κυριακῖν
546 3740 704 3810 σῶμα
738 3739 1113 3808 ὁμολογοῦμεν
1152 3740 1295 3808 μετά
1333 3736 1430 3806 τὴν
1454 3737 1740 3806 ζωηφόρον

134 3837 474 3896 ἀνάστασιν,
513 3834 572 3886 οὐ
605 3837 670 3903 τῇ
706 3834 868 3901 φύσει
901 3834 1034 3885 αὐτὸ
1068 3831 1348 3899 ἄφθαρτον
1381 3831 1636 3898 λέγομεν,
1671 3832 1738 3899 τῇ

133 3930 324 3997 χάριτι
359 3928 444 3980 δέ.
509 3926 600 3988 Ὦς
645 3926 703 3978 δὲ
730 3922 886 3988 αὖθις
920 3927 1117 3978 ἐκεῖνοι
1171 3925 1480 3991 ἀντέλεγον,
1514 3925 1596 3975 ὅτι
1627 3926 1736 3976 Καὶ

131 4023 238 4087 πρὸ
274 4024 382 4090 τῆς
415 4021 771 4082 ἀναστάσεως
804 4021 870 4088 τῇ
912 4019 1031 4088 θείᾳ
1069 4019 1256 4088 χάριτι
1314 4017 1596 4085 ἄφθαρτον
1631 4012 1701 4086 ἦν
1723 4031 1737 4045 ο

132 4115 300 4166 πάλιν
332 4114 570 4175 ἐκεῖνοι,
618 4111 782 4163 Ἀλλά
809 4113 877 4162 τά
905 4113 1036 4180 περὶ
1053 4109 1292 4179 Χριστοῦ
1321 4109 1596 4178 λεγόμενα
1619 4109 1744 4161 τοῦ-

128 4225 188 4260 το
239 4209 308 4262 οὐ
346 4208 662 4275 συγχωρεῖ,
693 4205 954 4273 ἔφασκον.
985 4205 1098 4274 Πρὸ
1123 4204 1232 4275 γάρ
1257 4207 1356 4274 τῆς
1387 4205 1741 4267 ἀναστάσεως

129 4305 223 4354 καὶ
256 4303 540 4369 πεινῆσαι
573 4301 670 4351 καὶ
694 4297 921 4367 διψήσαι
946 4299 1046 4350 καὶ
1068 4299 1244 4351 τᾶλλα
1271 4297 1466 4350 παθεῖν
1497 4297 1738 4364 λέγεται.

129 4391 242 4444 Καὶ
275 4390 411 4451 πῶς
453 4387 525 4440 ἂν
571 4389 658 4456 εῖη
717 4388 778 4438 τὸ
832 4385 1066 4438 τοιαῦτα
1101 4385 1370 4446 πεπονθὸς
1424 4384 1737 4453 ἄφθαρτονς

125 4481 280 4534 Merci
321 4499 393 4542 γε
440 4480 558 4550 μὴν
610 4478 713 4547 τὴν
748 4480 1072 4540 ἀνάστασιν,
1127 4476 1280 4529 οὐδὲν
1315 4476 1426 4528 τῶν
1479 4476 1740 4529 τοιούτων

1850 3295 2068 3349 cunque
2103 3282 2322 3334 tandem
2352 3283 2516 3336 modo
2570 3293 2875 3352 pateretur,
2911 3285 2965 3338 id
3001 3286 3426 3354 incorruptibile

1847 3375 2090 3443 preprie,
2143 3383 2198 3428 et
2247 3391 2354 3428 non
2404 3378 2789 3445 corruptibile,
2862 3379 3092 3446 perinde
3147 3390 3314 3450 atque
3358 3382 3426 3436 de

1847 3468 2010 3521 nobis
2038 3467 2170 3536 ipsis
2201 3467 2481 3536 loquimur
2503 3510 2516 3532 ,
2545 3469 2692 3522 dici?
2738 3469 2818 3523 Ad
2869 3471 3015 3538 quod
3045 3472 3118 3525 illi
3146 3488 3367 3528 rursum
3407 3488 3422 3527 :

1845 3563 2131 3628 Quomodo
2167 3580 2263 3618 vos
2305 3581 2506 3634 corpus
2563 3566 2769 3622 Christi
2824 3568 3248 3638 incorruptibile
3303 3581 3429 3641 post

1845 3657 2330 3717 resurrectionem.
2383 3667 2440 3711 et
2485 3660 2646 3714 nobis
2684 3661 2993 3729 ὀμοούσιον,
3030 3663 3131 3717 hoc
3151 3673 3254 3720 est.
3291 3678 3428 3718 con—.-

1845 3747 2207 3802 substantiale
2254 3751 2438 3804 dicitis
2469 3754 2699 3805 :eodem
2736 3752 2898 3806 modo
2929 3764 2986 3808 et
3027 3771 3126 3809 nos
3173 3757 3427 3810 incorru-

1847 3841 2037 3908 ptibile
2074 3842 2124 3894 id
2152 3853 2276 3896 ante
2313 3845 2773 3898 resurrectionem
2810 3846 3082 3908 dicentes,
3137 3847 3427 3913 ὀμοούσιον

1845 3937 2309 3990 consubstantiale
2333 3937 2492 3990 nobis
2515 3952 2636 3990 esse
2679 3937 3034 3992 confitemur.
3080 3938 3281 3992 Contra
3311 3939 3426 3993 hazc

1845 4027 2016 4080 nostri
2061 4041 2279 4079 rursum
2339 4027 2688 4080 intulerunt:
2719 4027 2957 4080 Tametsi
3010 4042 3210 4095 corpus
3242 4027 3426 4081 Domi-

1845 4118 2028 4170 nicum
2082 4115 2499 4183 incorruptibile
2557 4126 2679 4184 post
2733 4115 3008 4169 vivificam
3061 4119 3426 4171 resurrectio-

1845 4220 1968 4258 nem
2032 4205 2414 4263 confiteamur,
2464 4220 2570 4257 non
2638 4217 2833 4258 natura
2862 4216 3043 4259 tamen
3074 4207 3126 4259 id
3166 4209 3426 4261 incorru-

1844 4295 2037 4364 ptibile
2075 4311 2195 4349 esse
2232 4296 2490 4359 dicimus,
2517 4296 2610 4350 sed
2676 4297 2851 4365 gratia
2891 4298 2990 4365 (2).
3021 4300 3197 4367 Atque
3229 4300 3318 4354 ubi
3347 4300 3423 4353 illi

1844 4398 2033 4441 contra
2083 4390 2351 4454 dicerent,
2383 4390 2529 4458 quod
2563 4391 2729 4444 etiam
2784 4400 2910 4443 ante
2960 4395 3420 4447 resurrectionem

1845 4492 1941 4546 per
1975 4479 2218 4530 divinam
2251 4481 2485 4547 gratiam
2525 4480 2952 4548 incorruptibile
2985 4479 3157 4535 fuerit
3195 4499 3207 4545 ;
3244 4485 3420 4538 nostti

127 4575 326 4628 παθεῖν
361 4573 684 4642 ίστορεῖται
713 4585 726 4598 ⁸
793 4569 934 4623 ὥστε
992 4571 1152 4638 δῆλον
1186 4568 1464 4634 ἐντεῦθεν,
1523 4569 1606 4620 ὃτι
1639 4572 1739 4638 πρὺ

1854 4587 2070 4624 rursum
2098 4589 2111 4625 :
2151 4573 2221 4626 Ea
2255 4589 2376 4640 qua:
2402 4573 2470 4627 de
2491 4573 2716 4627 Christo
2744 4574 3027 4634 dicuntur,
3057 4574 3160 4629 hoc
3197 4576 3424 4630 minime

126 4672 226 4737 μὲν
288 4671 402 4738 τῆς
465 4666 826 4726 ἀναστάσεως
876 4666 1120 4735 φθαρτὸν
1176 4659 1246 4735 ἦν
1277 4665 1336 4716 τὸ
1387 4663 1482 4716 τοῦ
1533 4664 1738 4734 Κυρίου

125 4761 310 4830 σῶμα,
348 4759 510 4830 μετά
541 4758 601 4810 δὲ
647 4757 748 4828 τὴν
786 4757 1087 4810 ἀνάστασιν
1131 4757 1408 4826 διέμεινεν
1436 4757 1736 4827 ἄφθαρτον.

123 4855 193 4908 Τό
222 4871 292 4922 γε
331 4854 459 4924 μὴν
496 4853 698 4920 φαγεῖν
729 4851 869 4920 μετὰ
897 4850 996 4920 τὴν
1021 4851 1344 4916 ἀνάστασιν,
1373 4851 1472 4921 οὐχ
1511 4851 1586 4913 ὡς
1618 4867 1736 4902 πει-

123 4948 251 5012 νῶν,
277 4949 434 5004 ἀλλά
469 4944 601 4998 κατ’
633 4945 958 5012 οἰκονομίαν
986 4942 1082 4994 τοῦ
1115 4945 1181 4996 ἐκ
1205 4945 1418 5012 νεκρῶν
1441 4945 1738 5012 ἀναστῆναι

195 5107 271 5176 (l)
310 5097 852 5176 Aphthartodocita:
885 5096 972 5176 isti
992 5111 1119 5176 non
1161 5095 1296 5176 satis
1339 5104 1740 5176 perspelemnl

126 5167 566 5233 sacramentum
629 5169 1035 5236 absumptionis
1068 5168 1330 5227 hominis,
1372 5167 1518 5234 quod
1561 5179 1740 5216 saera-

127 5259 378 5301 mentum
416 5243 527 5295 Dei
574 5249 734 5312 vocat
766 5239 1010 5312 Hilarius
1048 5254 1070 5312 Ξ
1102 5251 1216 5312 non
1240 5238 1370 5289 item
1421 5236 1740 5312 minoratio-

126 5334 247 5373 nem
272 5327 331 5372 et
367 5311 824 5368 exinanitionem
853 5306 1013 5384 Verbi
1045 5307 1164 5384 Dei,
1196 5307 1535 5384 formamque
1570 5307 1737 5384 servi,

68 5415 83 5425 ι
129 5407 232 5442 non
266 5385 694 5441 exaltationem
733 5389 790 5454 et
816 5379 1276 5454 glorificationem
1315 5378 1552 5454 hominis
1578 5376 1739 5454 Chl-i—

129 5464 215 5519 sti.
255 5445 1180 5527 ejusdemqueprimogenitnram
1235 5461 1302 5500 ex
1341 5447 1595 5527 mortuis.
1641 5445 1741 5498 Pa-

131 5515 213 5584 ter.
231 5515 572 5583 minoravnt'
592 5515 1176 5574 Filiniurnodico'citra
1205 5517 1448 5584 angelos,
1474 5519 1540 5568 ad
1567 5524 1740 5568 terras

131 5600 485 5654 deltttttendu
526 5611 541 5646 :
580 5592 754 5660 gloria
820 5601 1002 5660 tamen
1037 5597 1107 5660 et
1124 5589 1335 5660 honore
1369 5596 1742 5660 coronaturus

131 5672 300 5734 illum,
343 5670 400 5720 in
444 5655 633 5718 cretus
671 5659 1030 5734 resumendo.
1063 5657 1299 5734 ‘Tertull.
1351 5658 1540 5711 Advcr.
1601 5655 1742 5734 [fi-q-

133 5729 299 5796 uam.
321 5769 390 5780 —-
415 5737 490 5791 Et
537 5733 840 5786 ret-edente
872 5731 1193 5781 infirmitate
1226 5739 1555 5797 agnoscatur
1604 5729 1743 5780 divi-

136 5827 292 5866 nitas.
323 5807 589 5879 (Αιιιυτ.)
627 5800 1039 5879 l’ritnogenitus
1070 5807 1413 5879 mortuorum
1451 5799 1738 5859 Dominus,

137 5898 185 5936 ει
221 5902 272 5938 m
305 5869 503 5937 s'iunu-i
547 5869 713 5928 suum
747 5872 1024 5939 recipiens
1057 5869 1319 5939 pristinos
1352 5882 1554 5938 patres,
1584 5884 1739 5934 rege-

1841 4665 2152 4729 atllllillt‘l't‘,
2209 4666 2635 4733 responderunt.
2722 4669 2865 4720 Ante
2953 4670 3420 4725 resurrectionem

1842 4773 2080 4827 namque
2113 4770 2167 4812 et
2196 4759 2464 4813 esuriisse
2492 4769 2548 4814 et
2585 4760 2816 4822 sitiisse,
2865 4769 3030 4830 atque
3069 4763 3173 4815 alia
3203 4778 3420 4830 passum

1841 4867 1959 4906 esse
1992 4853 2214 4906 dicitur.
2250 4851 2536 4917 Quomodo
2563 4862 2747 4905 autem
2787 4851 2839 4906 id
2889 4854 3033 4921 quod
3063 4854 3265 4909 talibus
3297 4871 3423 4924 per-

1844 4943 2197 5014 pessionibus
2239 4945 2519 4998 subditum
2551 4953 2717 5006 esset,
2770 4944 3192 5014 incorruptibile
3222 4950 3366 5000 esse!
3400 4945 3424 4997 7

1841 5098 2054 5150 neravit
2093 5111 2188 5150 eos
2223 5097 2274 5149 in
2304 5095 2469 5147 vitam
2519 5095 2637 5157 Dei,
2701 5096 2818 5164 ipse
2864 5094 3082 5148 initium
3116 5095 3420 5149 viventium

1842 5166 2038 5229 factus,
2082 5167 2224 5220 sicut
2265 5168 2427 5218 Adam
2472 5166 2687 5219 initium
2725 5166 3082 5219 morientium
3109 5165 3282 5219 factus
3311 5177 3418 5221 est.

1845 5238 2071 5306 Propter
2111 5238 2214 5290 hoc
2244 5247 2300 5289 et
2327 5236 2505 5290 Lucas
2558 5237 2774 5289 initium
2821 5236 3196 5305 generationis
3231 5238 3420 5290 incho-

1841 5323 1958 5369 ans,
2012 5309 2065 5359 in
2107 5310 2272 5359 Adam
2310 5308 2542 5361 retulit:
2583 5308 2901 5376 significans
2963 5307 3108 5372 quod
3167 5322 3274 5358 non
3340 5307 3417 5361 illi

1842 5378 2010 5434 hunc,
2047 5378 2142 5431 sed
2183 5377 2273 5430 hic
2299 5379 2419 5430 illos
2449 5379 2503 5430 in
2549 5378 2897 5445 evangelium
2938 5380 3064 5429 vitae
3127 5392 3418 5442 regenera-

1842 5450 1939 5499 vit.
1973 5447 2138 5509 tlren.
2186 5448 2279 5500 lib.
2311 5463 2387 5511 ιιι,
2415 5463 2534 5515 cap.
2567 5449 2680 5512 '55).
2710 5477 2781 5487 —
2812 5447 2876 5499 Et
2920 5446 3043 5515 ideo
3088 5447 3418 5513 primogeni-

1843 5527 1933 5570 tus
1966 5529 2212 5578 vocatur,
2251 5518 2379 5586 quia
2419 5514 2634 5586 in’ipso
2681 5521 2861 5587 primo
2927 5514 3166 5570 deificati
3202 5533 3416 5571 sumus.

1843 5588 2049 5656 (ων-ιι.
2082 5591 2133 5639 in
2162 5588 2426 5640 Thesaur.
2468 5589 2564 5641 lib.
2601 5588 2678 5656 χ.)

1915 5660 1988 5725 ι’2)
2018 5658 2129 5710 lmo
2157 5668 2354 5710 natura
2392 5660 2582 5720 etiam,
2640 5658 2729 5712 cui
2769 5658 2967 5726 gratia,
3001 5656 3419 5727 quodammodo

1843 5729 2142 5780 secundum
2185 5731 2552 5797 Augustinum
2587 5731 2852 5782 naturalis
2906 5732 3069 5782 etiam
3101 5734 3252 5796 juxta
3321 5729 3416 5778 ho-

1844 5802 2042 5850 minem
2074 5797 2259 5851 fuerit.
2304 5799 2367 5851 Et
2393 5800 2448 5852 in
2482 5798 2575 5851 illo
2606 5800 2862 5853 inhabitat
2914 5801 3085 5853 omnis
3145 5799 3416 5868 plenitudo

1842 5868 2066 5920 Deitatis
2098 5871 2463 5934 corporaliter.
2497 5869 2636 5934 (Cof.
2697 5870 2780 5930 ιι.)
