4244 6438
249 444 351 506 297

1139 441 1735 503 ECCLESIASTlC/B
1773 437 2160 500 ΗιδΤοΒιιΕ
2199 437 2339 496 LIB.
2388 437 2574 496 XVII.

3385 433 3492 497 Ξθὸ

247 559 338 610 τὸν
359 557 562 610 οἰκεῖον
598 554 1042 626 μεταρρυθμίσαι
1064 556 1287 620 σκοπὸν,
1309 556 1650 625 διημάρτανε
1673 571 1686 584 ·
1721 556 1820 622 τὴν
1852 563 1894 613 Α

1813 571 1820 599 ν
1852 563 1894 613 Α
1924 551 2061 604 alius
2116 551 2211 620 qui
2243 560 2369 604 ante
2398 565 2526 604 eum
2555 549 2848 619 imperium
2881 548 3267 614 obtinuerunt,
3308 565 3489 614 nemo,

243 649 466 702 εὐθεῖαν
529 649 624 701 καὶ
672 646 962 717 βασιλικὴν
994 647 1113 702 ὁδὸν
1167 649 1428 715 ἀσφαλῶς
1482 647 1576 701 τοῦ
1610 647 1818 715 Κυρίου

244 742 490 809 θριγγοῖς
522 739 890 808 ὀχυρωτέραις
951 739 1482 808 ὲξασιραλισαμένου,
1516 740 1592 800 ὡς
1644 741 1710 792 ἂν
1747 741 1821 807 μὴ

239 834 316 901 τῷ
341 831 660 902 βουλομένῳ
697 832 1115 900 εὐεπιχείρητος
1155 833 1238 901 εἴη
1271 831 1654 900 λυμαίνεσθαι.
1687 829 1818 884 Τότε

236 927 294 979 δὲ
330 925 424 979 καὶ
450 924 722 992 Βιγίλλιος
754 925 831 994 μὴ
884 924 1214 992 συνθέμενος
1267 926 1378 985 τοῖς
1412 905 1660 976 δοκοῧσιν
1692 922 1826 974 Ἰου-

238 1017 522 1086 στινιανῷ,
559 1019 639 1078 είς
689 1015 922 1070 Ἰταλίαν
970 1015 1248 1085 ἀπαίρων,
1280 1016 1482 1078 uasto;
1533 1016 1819 1085 ἔθνησκεν.

250 1111 505 1177 Ἰωάννης
537 1109 592 1162 δὲ
624 1108 653 1158 ό
695 1108 792 1161 καὶ
842 1107 1144 1169 Κατελῖνος
1191 1110 1289 1176 τὴν
1335 1106 1432 1160 τοῦ
1463 1105 1685 1177 πρώτου
1716 1107 1826 1158 τῶν

235 1201 553 1252 ἀποστόλων
583 1198 891 1266 ἒπισκοπὴν
921 1196 1246 1266 ἐκληροῦτο.
1274 1199 1384 1250 Καὶ
1403 1199 1584 1251 τοίνυν
1600 1197 1693 1250 τοῦ
1726 1197 1826 1266 μὲν

236 1289 542 1342 Κατελίνου
572 1288 820 1342 Ἰωάννου
868 1288 967 1356 τῆς
1006 1288 1388 1358 πρεσϐυτέρας
1422 1287 1644 1358 Ῥώμης
1701 1289 1826 1340 επι-

241 1382 577 1444 σκοιτοῦντος
597 1398 612 1412 ο
642 1379 736 1457 τοῦ
759 1381 803 1433 δ’
829 1383 892 1434 ὲκ
924 1381 1174 1450 Σιρίμιος
1203 1379 1456 1434 Ἰωάννου
1505 1381 1606 1452 τὴν
1638 1379 1828 1434 νεωτέ-

240 1494 344 1544 ραν
373 1476 655 1536 διέποντος
675 1490 690 1504 ο
719 1472 1132 1542 ’Δπολλιναρίου
1163 1473 1220 1526 δὲ
1248 1475 1305 1526 ὲν
1329 1473 1715 1542 ’Δλεξανδρεία
1749 1471 1828 1522 ἔτι

236 1571 425 1633 ὄντος·
459 1571 558 1622 καὶ
591 1571 656 1637 τῇ
700 1567 1080 1620 Θεουπολιτῶν
1113 1568 1251 1636 μετὰ
1284 1568 1540 1635 Δομνίνον
1569 1566 1829 1619 ’Δναστα-

239 1662 360 1713 σίου
405 1659 501 1712 τοῦ
536 1662 600 1712 ὲκ
633 1660 849 1712 Σιναίου
888 1659 1362 1730 χειροτονηθέντος
1383 1675 1397 1690 ο
1431 1659 1527 1714 καὶ
1559 1661 1622 1728 τῇ
1664 1658 1828 1727 Ἰερο-

238 1753 492 1822 σολύμων
544 1753 840 1822 Μακαρίαν
889 1751 1047 1813 αὖθις
1091 1751 1168 1818 τῷ
1232 1750 1408 1820 θρόνῳ
1451 1751 1826 1815 ἀποδοθέντος,

243 1848 385 1914 μετά
417 1846 518 1916 τὴν
551 1845 849 1914 Εὐστοχίυυ
907 1845 1232 1914 καθαίρεσιν
1255 1860 1268 1874 ’
1325 1843 1540 1896 καθεῖλε
1570 1842 1679 1912 γὰρ
1706 1841 1830 1893 τοῦ-

237 1909 332 1990 τον
367 1938 446 2005 μὴ
472 1909 598 1998 *τοῖς
657 1909 869 1989 ἐκείνου
923 1909 1192 2004 δόγμασιν
1236 1933 1410 1987 εἴκειν
1460 1909 1788 2001 αἱρούμενον
1813 1949 1826 1962 ·
1864 1909 1905 1965 Β

243 2033 365 2101 μεθ’
396 2032 427 2084 ὅ
474 2033 758 2102 Ὠριγένην
789 2033 883 2084 καὶ
913 2033 1144 2100 Δίδυμον
1174 2031 1534 2097 ἀνεθεμάτισε
1565 2032 1657 2082 καὶ
1691 2029 1828 2082 Εὐά-

237 2141 396 2193 γριον
427 2123 828 2187 Ἰουστινιανος,
863 2125 926 2176 τὸ
968 2124 1271 2192 Ῥωμαϊστὶ
1301 2123 1705 2191 ὀνομαζόμενον
1734 2122 1829 2172 ῐδι-

235 2233 368 2270 κτον
402 2218 648 2286 γράφει·
681 2217 739 2268 ἐν
781 2209 824 2283 ᾧ
854 2216 1138 2284 ἄφθαρτον
1174 2217 1233 2267 τὸ
1276 2215 1372 2268 τοῦ
1405 2215 1612 2284 Κυρίου
1647 2216 1826 2284 σῶμα,

237 2311 337 2360 καὶ
365 2309 480 2359 τῶν
529 2308 875 2377 ἀδιαὸλήτων
910 2307 1100 2360 παθῶν
1134 2308 1486 2360 ἀνεπίδεκτον
1526 2307 1794 2375 κέκληκεν
1815 2326 1827 2338 ·

240 2392 391 2448 οὕτω
432 2393 609 2462 λέγων
639 2392 746 2462 πρὸ
772 2392 866 2446 τοῦ
894 2393 1098 2456 πάθους
1129 2396 1342 2462 φαγεῖν,
1374 2393 1563 2462 ὥσπερ
1588 2395 1723 2462 δῆτα
1738 2395 1830 2446 καὶ

243 2486 387 2555 μετά
415 2486 518 2554 τὴν
549 2487 850 2540 ἀνάστασιν
875 2499 890 2514 ⁸
920 2485 996 2555 μή
1021 2502 1140 2537 τινα
1165 2486 1374 2556 τροπὴν
1410 2485 1440 2554 ἢ
1464 2485 1747 2538 ἀλλοίωσιν
1772 2485 1830 2550 ἐξ

238 2577 417 2644 αὐτῆς
465 2575 576 2643 τῆςο
608 2577 668 2628 ιν
720 2575 924 2644 γαστρὶ
945 2577 1046 2644 τῆς
1079 2574 1424 2643 Θεομήτορος
1459 2575 1827 2636 διαπλάσεως,

245 2667 384 2736 μηδὲ
421 2668 480 2718 ὲν
531 2668 646 2728 τοῖς
695 2647 966 2727 ἑκουσίοις
993 2667 1087 2718 καὶ
1139 2668 1388 2731 φυσικοῖς
1437 2667 1657 2726 πάθεσι,
1697 2667 1832 2735 μηδὲ

244 2757 388 2826 μετά
425 2757 526 2823 τὴν
557 2756 860 2812 ἀνάστασιν
894 2755 988 2808 τοῦ
1049 2757 1319 2822 παναγίου
1375 2758 1540 2809 αὑτοῦ
1579 2759 1830 2821 σώματος

239 2846 587 2915 δεξαμένου,
642 2848 734 2898 καὶ
783 2845 882 2914 τὴν
917 2844 1227 2914 ἀφθαρσίαν
1260 2844 1320 2896 οὐ
1355 2847 1495 2913 μετά
1547 2846 1606 2896 τὸ
1658 2846 1830 2906 πάθος

242 2938 560 3005 κτήσασθαι
581 2949 595 2962 ·
625 2934 654 2986 ὃ
685 2935 818 3003 δῆτα
845 2935 912 3002 τῇ
937 2931 1168 2986 καθόλου
1201 2932 1502 3002 Ἐκκλησία
1532 2931 1833 3000 πρεσϐεύει-

243 3043 373 3080 ται·
409 3025 550 3080 ἀλλά
589 3027 688 3080 καὶ
725 3025 835 3094 πρὸ
863 3024 960 3076 τοῦ
1000 3023 1228 3087 πάθους,
1262 3023 1321 3088 EE
1371 3025 1540 3092 αὐτῆς
1569 3023 1702 3092 δῆτα
1735 3023 1833 3088 τῆς

243 3119 502 3188 ἀσπόρου
550 3117 648 3170 καὶ
698 3117 846 3179 θείας
893 3115 1234 3185 συλλήψεως.
1295 3115 1614 3184 Συμφωνεῖν
1659 3114 1835 3166 δὲκαὶ

243 3212 377 3272 τοὺς
404 3211 512 3264 ἁνά
538 3211 640 3279 τὴν
668 3210 742 3262 ἕω
768 3211 860 3263 καὶ
885 3209 1130 3279 ἑσπέραν
1171 3210 1351 3278 ἱερέας
1382 3210 1447 3277 τῇ
1483 3207 1690 3259 ἐκείνου
1722 3207 1836 3259 δια-

249 3305 398 3373 κένῳ
426 3303 556 3372 δόξῃ
590 3302 714 3370 βίαν
764 3303 1062 3371 προσάγων
1099 3298 1435 3370 ἠνάγκαζεν.
1475 3283 1684 3360 Πάντες
1717 3298 1760 3351 δ’
1785 3301 1840 3360 ὲς

262 3397 627 3448 ’Λναστάσιον
645 3394 737 3446 τὸν
768 3396 864 3463 τῆς
893 3393 1173 3463 Ἀντιόχου
1204 3394 1466 3461 ὁρῶντες,
1499 3391 1558 3442 τὸ
1592 3390 1843 3458 ποιητέον

249 3485 474 3538 ἐκεῖθεν
508 3471 810 3554 μανθάνειν
870 3479 1010 3553 ἦσαν
1052 3483 1524 3553 καραδοκοῦντες·
1577 3481 1698 3534 ὅθεν
1747 3483 1844 3534 καὶ

251 3579 356 3647 τὴν
391 3576 623 3646 πρώτην
670 3578 880 3630 ἑκείνου
931 3576 1238 3647 προσόολὴν
1267 3577 1333 3644 τῇ
1367 3572 1636 3643 προφάσει
1664 3573 1841 3645 ταύτῃ

253 3668 444 3738 σοφῶς
472 3669 882 3736 διεκρούσαντο.

1927 645 2253 697 termaxitno
2302 643 2395 696 illo
2450 641 2818 696 Constantino
2865 657 3083 710 semper
3116 652 3363 710 excepto.
3396 644 3500 696 Ita-

1925 749 2030 803 que
2084 744 2308 806 propter
2367 734 2746 787 vehementi-tn
2807 735 2861 788 in
2917 734 3193 788 Christum
3255 750 3496 788 amorem

1928 827 2074 880 illius
2117 827 2287 895 gratia
2332 827 2496 879 multa
2545 828 2708 878 etiam
2756 827 3025 880 violenter
3059 827 3213 883 fecit.
3245 826 3504 880 Πρω-,ηυξ

1929 935 2166 988 namque
2195 919 2398 972 Pascha
2448 929 2575 972 ante
2623 918 2972 973 Christianus
2998 918 3277 971 celebrare
3313 935 3502 986 passus

1929 1027 2033 1063 non
2095 1019 2209 1072 est,
2258 1019 2312 1062 et
2369 1010 2766 1071 Samaritanos.
2827 1011 2970 1076 quod
3033 1025 3064 1062 a
3107 1010 3377 1063 sententia
3405 1026 3501 1062 sua

1927 1101 2212 1156 discedere
2266 1101 2496 1163 nollent,
2546 1101 2760 1155 amisit.
2817 1100 3076 1154 Plurimis
3098 1116 3323 1170 quoque
3353 1113 3495 1154 tem-

1929 1192 2038 1262 plis
2101 1193 2308 1264 ubique
2363 1206 2634 1250 terrarum
2679 1196 2894 1251 Numen
2920 1195 3165 1248 divinum
3193 1196 3502 1258 honoravit,

1931 1304 2053 1356 qua:
2111 1287 2656 1356 magniﬁcentissime
2731 1290 3089 1350 construxit,
3147 1289 3353 1356 quippe
3413 1289 3506 1354 qui

1932 1380 2101 1434 Deum
2157 1380 2458 1435 honoribus
2515 1381 2853 1451 ejuscemodi
2889 1379 3166 1448 pnccipue
3195 1381 3374 1433 calere
3412 1396 3507 1432 vo-

1932 1470 2120 1523 luerit.
2180 1469 2301 1524 Alia
2358 1471 2586 1540 insuper
2644 1470 2794 1526 hisce
2843 1471 3146 1524 consimilia
3182 1470 3414 1540 pert-git,
3451 1480 3510 1522 ut

1931 1562 2188 1617 omnibus
2236 1571 2391 1618 certo
2446 1563 2815 1617 abundantem
2871 1572 2926 1616 et
2987 1579 3191 1627 veram,
3237 1579 3402 1633 quam
3452 1563 3509 1616 in

1932 1656 2126 1710 intimo
2183 1656 2409 1723 gerebat
2466 1655 2679 1721 animo,
2740 1669 2867 1724 erga
2905 1656 3079 1710 Deum
3117 1656 3333 1724 pietatis
3369 1655 3508 1709 atre-

1932 1750 2171 1803 ctionem
2210 1748 2386 1817 palam
2437 1747 2660 1802 Iaceret.
2721 1746 2859 1802 Tum
2916 1764 3046 1802 vero
3068 1747 3112 1802 is
3156 1749 3510 1816 imperatora

1936 1852 2084 1896 recta
2115 1843 2384 1911 planaque
2414 1852 2470 1896 et
2499 1842 2644 1911 regia
2695 1843 2781 1896 via
2821 1842 3087 1910 dilapsus,
3122 1852 3286 1910 atque
3326 1844 3510 1896 insue-

1937 1943 2052 1985 tum
2108 1932 2358 2000 divisque
2410 1933 2676 1999 apostolis
2736 1929 3074 1984 ctl’atribus
3107 1935 3369 1986 intactum
3406 1932 3512 1986 iter

1938 2026 2238 2094 ingressus.
2299 2025 2353 2076 in
2411 2025 2598 2092 spinas
2658 2034 2714 2077 et
2766 2023 3002 2077 tribulos
3031 2023 3250 2077 incidit.
3290 2023 3510 2078 Etcum

1936 2113 2343 2169 Ecclesiamin
2401 2113 2726 2166 sententiam
2784 2128 2936 2166 suam
3008 2114 3283 2168 adducere
3313 2115 3509 2177 vellet,

1937 2205 2173 2260 consilio
2203 2204 2577 2273 opinioneque
2625 2219 2720 2258 sua
2759 2204 2930 2258 falsus
2960 2215 3043 2258 est
3082 2223 3095 2258 :
3131 2207 3276 2274 quod
3304 2216 3508 2259 rectam

1939 2297 2324 2367 publicamque
2379 2297 2522 2350 viam
2575 2307 2731 2365 septo
2785 2297 3098 2352 ﬁrmissimo
3140 2299 3404 2353 Dominus
3440 2301 3512 2353 ita

1937 2389 2376 2452 communiisset,
2436 2399 2494 2441 ut
2545 2404 2654 2442 non
2693 2389 2854 2444 facile
2882 2391 3064 2459 quivis
3104 2391 3363 2446 invadere
3390 2407 3511 2444 eam

1937 2492 1992 2534 et
2027 2481 2313 2534 destruere
2340 2489 2546 2548 posset.
2570 2479 2708 2532 Tum
2740 2490 2922 2533 autem
2945 2492 2998 2535 et
3025 2482 3254 2551 Vigilius
3287 2482 3512 2535 minime

1940 2573 2174 2640 pedibus
2226 2573 2278 2626 in
2329 2573 2630 2626 Iustiniani
2689 2575 3020 2626 sententiam
3055 2576 3356 2643 ingressus,
3385 2592 3509 2636 cum

1939 2664 2150 2717 Italiam
2221 2674 2457 2733 peteret,
2527 2665 2581 2718 in
2633 2664 2832 2718 itinere
2859 2675 3107 2720 mortuus
3135 2677 3240 2721 est.
3271 2667 3511 2722 Joannes

1939 2764 2144 2820 autem,
2181 2757 2271 2824 qui
2313 2768 2366 2810 et
2397 2756 2679 2810 Catelinus
2741 2757 2922 2810 dictus
2952 2769 3057 2822 cst,
3092 2759 3353 2827 principis
3382 2775 3513 2827 apo-

1940 2848 2204 2900 stulorum
2260 2849 2636 2916 episcopatum
2683 2851 2910 2904 sortitus
2965 2860 3069 2904 est.
3104 2849 3372 2904 Ceterum
3409 2855 3515 2905 (Ja-

1944 2940 2114 2992 telino
2168 2938 2379 2992 Joanne
2433 2939 2486 2992 in
2529 2942 2701 2995 veteri
2740 2940 2934 3004 Roma,
2962 2923 3172 2995 Joanne
3210 2951 3392 2995 autem
3423 2945 3513 2996 cui

1944 3029 2116 3095 patria
2139 3027 2352 3081 Siritnis
2373 3028 2494 3092 fuit,
2517 3031 2570 3084 in
2591 3045 2728 3083 nova
2749 3031 2941 3094 Roma,
2961 3032 3260 3100 Apollinari
3281 3033 3514 3085 Alexan-

1943 3120 2073 3175 driae
2129 3120 2507 3190 episcopatum
2555 3121 3013 3186 administrante,
3073 3125 3218 3190 apud
3260 3124 3516 3194 TheOpo-

1944 3210 2143 3263 litanos
2193 3225 2319 3262 vero
2363 3221 2486 3277 post
2545 3211 2872 3265 Domninum
2931 3215 3239 3278 Anastasio,
3292 3218 3384 3283 qui
3447 3231 3515 3270 ex

1954 3302 2083 3357 Sina
2119 3311 2304 3355 monte
2336 3318 2663 3372 pregressus
2691 3315 2794 3367 est,
2819 3306 3066 3360 antistite
3102 3310 3265 3372 lecto,
3297 3320 3353 3362 ct
3384 3309 3514 3364 Hie-

1949 3394 2240 3462 rosolymis
2286 3393 2522 3448 Macario
2571 3396 2625 3448 in
2677 3396 2931 3450 thronum
2957 3415 3116 3452 suum
3147 3402 3369 3454 reducto
3403 3407 3511 3470 (rc-

1947 3487 2129 3540 stituit
2174 3501 2412 3554 namque
2468 3489 2618 3542 hunc
2656 3488 3034 3555 Justinianus,
3066 3509 3188 3546 cum
3226 3493 3516 3566 Origenem

1943 3588 2000 3632 et
2059 3577 2348 3647 Didyntum
2402 3588 2459 3632 et
2480 3579 2770 3648 Evagrium
2805 3584 3136 3638 anathemati
3170 3588 3516 3656 subjecisset.

1946 3681 2070 3740 post
2104 3670 2385 3728 Eustachii
2410 3675 2958 3740 exauctoratiunem),
2977 3677 3217 3730 edictum
3246 3678 3345 3746 (ita
3366 3681 3518 3733 enim

255 3767 456 3822 Latine
514 3765 742 3836 dicitur)
771 3764 917 3821 idem
982 3765 1282 3834 imperator
1336 3765 1579 3834 scripsit,
1645 3765 1700 3819 in
1734 3781 1844 3835 quo
1887 3782 2082 3835 corpus
2167 3766 2384 3821 Domini
2434 3771 2873 3839 incorruptibilc,
2933 3770 3098 3840 784
3152 3781 3207 3825 et
3254 3774 3306 3826 in
3372 3776 3520 3844 quod

255 3862 784 3933 irreprehensibiles
814 3861 980 3916 etiam
1045 3860 1428 3930 perpessiones
1491 3875 1600 3912 non
1663 3862 1940 3929 caderent,
1981 3864 2196 3918 vocavit
2249 3880 2263 3916 :
2321 3866 2391 3916 ita
2463 3863 2750 3918 Dominum
2796 3875 2921 3920 ante
2982 3867 3298 3920 Passionetn
3343 3868 3523 3920 edisse

252 3961 474 4022 dicens,
513 3961 675 4014 sicuti
704 3967 759 4012 et
796 3967 919 4027 post
974 3956 1444 4013 resurrectionem
1501 3954 1701 4018 ederit,
1773 3960 1919 4026 quod
1961 3977 2070 4014 non
2137 3962 2317 4014 minus
2363 3961 2431 4014 ab
2487 3961 2604 4029 ipsa
2665 3962 2911 4030 corporis
2959 3963 3012 4015 in
3051 3972 3208 4016 utero
3237 3963 3330 4016 Dei
3360 3961 3523 4016 Geni-

254 4057 418 4110 tricis
486 4055 953 4119 conformatione,
1015 4054 1070 4107 id
1120 4053 1445 4110 mutationis
1512 4062 1608 4107 aut
1679 4053 2029 4110 alterationis
2088 4059 2346 4128 alicujus,
2401 4058 2457 4110 in
2509 4059 2825 4126 spontaneis
2876 4059 2999 4112 istis
3067 4069 3122 4112 et
3172 4058 3522 4112 naturalibus

255 4149 741 4219 perpessionibus,
791 4163 953 4216 quam
1007 4155 1136 4216 post
1201 4149 1682 4215 resurrecuonem,
1747 4164 1848 4217 pro
1885 4163 1952 4203 eo
2007 4160 2171 4218 atque
2211 4151 2618 4204 sanctissimum
2665 4159 2830 4215 esset,
2888 4165 3057 4219 capax
3125 4167 3234 4204 non
3306 4150 3520 4204 fuerit:

254 4250 313 4295 et
367 4241 523 4312 quod
585 4241 732 4296 idem
781 4254 987 4308 corpus
1067 4240 1648 4309 incorruptibilitatem
1717 4242 1893 4311 ipsam
1932 4256 2045 4296 non
2110 4254 2233 4311 post
2296 4243 2647 4306 Passionem,
2692 4251 2902 4298 tantqu
2964 4243 3013 4296 id
3050 4244 3196 4313 quod
3251 4243 3519 4297 catholica

259 4335 517 4389 Ecclesia
564 4332 877 4402 profitetur,
933 4349 1123 4388 verum
1174 4331 1343 4386 etiam
1393 4342 1519 4386 ante
1565 4333 1906 4400 Passionem,
1947 4334 2017 4390 ab
2056 4335 2172 4404 ipsa
2216 4350 2392 4405 usque
2438 4335 2624 4389 divina
2684 4336 3021 4404 seminisque
3052 4345 3278 4405 experte
3325 4349 3522 4388 conce-

257 4431 456 4497 ptione
518 4427 844 4480 obtinuerit.
895 4424 964 4480 Ut
1018 4439 1148 4478 vero
1215 4424 1271 4478 in
1343 4426 1682 4480 sententiam
1742 4442 1894 4481 suam
1939 4444 2100 4483 sacer
2153 4428 2290 4482 ordo
2343 4429 2396 4481 in
2454 4426 2677 4482 Orienlo
2709 4431 2873 4483 simul
2911 4441 2964 4483 et
2992 4432 3279 4486 Occidente
3345 4434 3520 4486 levem

256 4535 312 4576 et
374 4519 596 4574 Iutilem
648 4519 775 4580 iret,
847 4517 900 4571 vi
965 4518 1211 4570 adhibita
1265 4530 1460 4586 cogere
1527 4518 1715 4584 ccepit.
1787 4520 1856 4572 At
1901 4521 2170 4586 universi,
2229 4521 2405 4575 oculis
2457 4521 2510 4572 in
2573 4520 2920 4576 Anastasium
2951 4523 3520 4578 Antiochenumcon-

256 4616 446 4686 jcctis,
507 4621 569 4665 ut
623 4611 694 4663 ab
741 4624 808 4664 eo
848 4610 983 4679 quid
1011 4607 1156 4663 Iacto
1194 4624 1334 4677 opus
1405 4620 1553 4663 esset
1621 4611 1919 4677 discerent,
1960 4616 2154 4683 cupide
2208 4616 2621 4684 exspectabant.
2683 4616 2788 4668 Per
2841 4631 3004 4684 quam
3063 4616 3140 4669 illi
3163 4630 3376 4670 causam
3413 4615 3528 4684 pri-

264 4724 412 4761 mum
442 4707 565 4774 ejus
586 4701 1054 4758 conﬂictationem
1087 4703 1367 4772 sapienter
1395 4704 1749 4758 repulerunt.

869 4819 1121 4872 ΚΕΦΑΛ.
1179 4825 1260 4873 A'.
1878 4826 1932 4885 1)
2517 4820 2545 4873 ί

1878 4826 1932 4885 D
2517 4817 2744 4873 CAPUT
2785 4816 2951 4872 XXX.

263 4917 410 4988 Περὶ
466 4911 883 4971 Ἀναστασίου
927 4912 1033 4965 τοῦ
1082 4910 1471 4977 Θεουπόλεως
1523 4911 1629 4965 τοῦ
1655 4914 1853 4966 Σινατ-

1669 4914 1853 4965 εινατ-
2141 4915 2216 4968 De
2247 4914 2526 4967 Anastasio
2553 4911 2823 4981 Theopolis
2854 4912 3088 4979 episcopo
3114 4911 3345 4966 Sinaita.

1009 4997 1138 5034 του.

357 5101 730 5156 Ἀναστασιος
776 5093 822 5146 δ’
861 5086 1016 5155 οὗτος
1055 5093 1180 5145 ὅσον
1217 5093 1273 5155 ὲς
1317 5091 1385 5145 τά
1436 5091 1556 5147 θεῖα
1621 5095 1858 5162 μάλιστα

266 5193 453 5262 λόγιος
486 5184 581 5259 ἦν,
605 5187 768 5256 ὀρθὸς
789 5186 845 5238 δὲ
890 5186 984 5238 τὶν
1041 5186 1264 5253 τρόπον,
1303 5187 1396 5239 καὶ
1427 5185 1493 5238 τὰ
1551 5189 1608 5248 ἐς
1643 5187 1854 5239 δίαιταν

267 5280 712 5351 ἀκριῦέστατος·
747 5275 823 5337 ὡς
857 5275 952 5328 καὶ
999 5277 1112 5336 τοῖς
1161 5274 1302 5341 ἄγαν
1363 5275 1578 5337 λεπτοῖς
1624 5276 1853 5343 ἐπάγειν

272 5374 512 5444 ῥυθμὸν,
551 5369 651 5421 καὶ
673 5366 770 5420 τοῦ
813 5367 957 5434 ἄγαν
1017 5365 1295 5434 ἀσφαλοῦς
1344 5368 1608 5437 μηδαμῶς
1648 5385 1856 5438 παρεκ-

270 5465 618 5534 τρέπεσθαιο
649 5461 813 5530 μήτοι
874 5476 941 5526 γε
970 5457 1082 5511 τῶν
1113 5458 1346 5526 καιρίων
1378 5459 1470 5509 καὶ
1509 5461 1584 5521 εις
1611 5459 1744 5510 αὐτὸ
1798 5462 1858 5510 τὸ

273 5558 438 5608 Θεῖον
485 5554 950 5621 ἀναφερομένων.
986 5549 1223 5616 ’Δριστα
1261 5547 1318 5599 δέ
1352 5548 1400 5598 οἱ
1460 5548 1555 5599 καὶ
1605 5547 1667 5599 τδ
1728 5545 1858 5618 ἦθος

275 5648 576 5718 ὲκέκρατοο
607 5642 673 5694 οὐ
701 5640 814 5710 γάρ
845 5656 925 5692 τοι
963 5638 1105 5691 πάνυ
1139 5638 1488 5699 εὐὲντευκτος
1513 5633 1602 5707 ἦν,
1655 5638 1742 5690 ἵνα
1786 5639 1860 5707 μὴ

275 5739 390 5800 τοῖς
414 5736 760 5804 καθήκουσιν
813 5729 1137 5792 εὐεπίϐατος
1172 5731 1256 5800 εῐη
1279 5745 1291 5760 ·
1354 5727 1477 5782 οὔτε
1517 5731 1621 5800 μὴν
1657 5732 1861 5799 αὐστη-

285 5830 375 5898 ρός
401 5846 487 5893 τις
519 5827 616 5880 καὶ
647 5824 875 5893 ἀφειδὴς
918 5823 1012 5875 καὶ
1040 5823 1117 5883 ὼς
1148 5822 1214 5874 ἀν
1250 5839 1313 5891 γε
1351 5823 1426 5892 μὴ
1461 5825 1554 5877 καὶ
1580 5823 1860 5893 δυσπρόσ..

527 5955 811 6014 Panaca.
849 5949 968 6012 GR.
1030 5947 1304 6008 CXLVII.

2037 5097 2358 5152 Anastasius
2382 5096 2482 5149 iste
2509 5095 2818 5148 divmarurn
2846 5111 3027 5148 rerum
3057 5093 3265 5162 peritus
3293 5095 3525 5150 maxime

1959 5189 2092 5253 fuit,
2132 5189 2186 5242 in
2220 5203 2432 5241 morum
2467 5195 2646 5240 autem
2685 5197 2738 5239 et
2775 5186 3107 5255 quotidianae
3135 5186 3257 5238 vita:
3290 5185 3524 5252 integri»

1963 5287 2072 5332 tate
2128 5286 2236 5330 tam
2293 5285 2564 5330 accuratae.
2611 5276 3010 5337 observantiae,
3062 5285 3120 5328 ut
3174 5284 3228 5329 et
3276 5276 3526 5332 leviculis

1962 5386 2184 5440 quoque
2220 5369 2454 5439 negotiis
2487 5369 2918 5422 moderationem
2958 5368 3278 5433 adhiberet,
3324 5379 3381 5423 et
3412 5385 3522 5423 non

1964 5460 2127 5515 modo
2179 5461 2237 5514 in
2284 5461 2452 5515 rebus
2492 5461 2750 5530 gravibus
2804 5471 2859 5515 et
2906 5462 2970 5515 ad
3025 5462 3267 5515 divinum
3310 5461 3526 5515 Numen

1967 5551 2391 5618 pertinentibus,
2431 5554 2524 5604 sed
2572 5551 2737 5604 etiam
2786 5551 2840 5604 in
2887 5553 3126 5605 minimis
3174 5568 3203 5605 a
3252 5552 3526 5606 constanti

1968 5650 2232 5709 certoque
2268 5641 2551 5710 proposito
2583 5641 3009 5710 haudquaquam
3043 5641 3396 5695 transversim
3430 5656 3526 5694 ex-

1971 5731 2195 5787 cideret.
2239 5733 2434 5787 Mentis
2481 5749 2613 5787 vero
2654 5734 2897 5787 habitum
2942 5749 3104 5802 quam
3145 5734 3350 5802 optime
3390 5743 3528 5786 tem-

1977 5822 2200 5893 peravit.
2232 5822 2350 5878 Non
2406 5823 2550 5877 enim
2587 5825 2744 5877 lacile
2769 5825 3062 5877 admodum
3092 5824 3231 5877 adi-ri
3255 5837 3311 5876 se
3337 5836 3528 5892 passus

3106 5944 3169 6001 ΞΟ
