4244 6438
689 404 796 468 999

1928 400 2354 461 NICEI’HORI
2397 400 2744 461 CALIJSTI

3873 403 3980 467 300

691 530 795 579 est,
833 535 900 574 ne
936 530 1141 573 temere
1175 531 1317 586 quos
1344 517 1573 571 minime
1606 523 1909 584 oporteret,
1936 516 2000 566 ad
2026 515 2286 569 seadmit-

2355 521 2373 569 ι
2404 535 2516 569 ιτον
2564 515 2759 569 ἑαυτὸν
2786 511 2868 580 οἷς
2897 513 3006 567 δέοι
3051 512 3446 584 παραδεικνύοι
3476 529 3491 546 ο
3544 515 3639 570 καὶ
3670 515 3835 587 ἡνίκα
3876 521 3985 601 μὲν

694 621 835 663 teret
872 630 883 664 :
922 625 1102 680 neque
1139 620 1398 664 austeros
1444 609 1584 664 adeo
1620 619 1679 663 et
1713 611 1946 662 tetricus
1978 608 2100 670 fuit,
2134 618 2194 662 ut
2226 623 2283 661 se

692 703 972 758 tlimcilem
1018 703 1172 756 aditu
1219 704 1300 755 eis
1346 703 1548 771 quibus
1586 701 1811 756 deceret
1861 700 2190 764 exhiberet;
2228 708 2284 754 et

693 813 819 853 cum
852 807 1068 866 tempus
1095 799 1254 853 seria:
1288 798 1366 851 rei
1411 797 1638 868 agenda:
1675 805 1845 861 esset,
1882 797 1936 850 in
1970 805 2161 866 parato
2190 811 2285 849 au-

696 908 784 946 res
825 891 1085 954 habebat,
1120 902 1176 946 et
1223 891 1410 960 lingua
1450 892 1572 963 ejus
1608 890 1854 944 ﬂuminis
1894 890 2069 944 instar
2106 899 2283 944 scate-

692 969 805 1049 bat,
843 986 1213 1054 celeriterque
1260 999 1385 1054 quae
1422 985 1474 1039 ei
1517 983 1975 1054 preponebantur
2008 981 2280 1037 solvebat.

690 1077 852 1150 785
888 1079 1060 1133 Porro
1099 1079 1161 1130 in
1215 1078 1452 1147 negotiis
1488 1077 1704 1142 otiosis,
1737 1085 1794 1131 et
1829 1076 1894 1130 ad
1935 1091 2048 1130 rem
2097 1075 2284 1132 minus

691 1171 1122 1238 pertinentibus,
1161 1172 1324 1225 simul
1370 1179 1428 1224 et
1471 1184 1638 1223 aures
1684 1184 1912 1238 prorsus
1959 1169 2281 1234 obturabat,

697 1277 752 1319 et
782 1266 1026 1334 linguam
1057 1264 1334 1329 frenabat,
1367 1266 1442 1318 ita
1472 1273 1531 1319 ut
1557 1278 1680 1318 cum
1711 1262 2017 1316 orationem
2051 1262 2284 1316 rationis

690 1361 1024 1429 tempestivo
1058 1359 1284 1412 modulo
1320 1359 1638 1422 metiretur,
1667 1366 1780 1410 tum
1812 1371 2072 1410 sermone
2109 1347 2284 1424 quan-

688 1455 873 1520 doque
923 1452 1212 1506 silentium
1250 1452 1372 1522 ejus
1408 1450 1785 1519 praestabilius
1826 1457 1993 1504 esset.
2028 1447 2088 1501 In
2138 1449 2283 1500 hunc

689 1545 920 1614 perinde
965 1555 1135 1614 atque
1180 1545 1233 1598 in
1278 1543 1751 1614 propugnaculum
1792 1542 2072 1612 quoddam
2110 1539 2283 1594 Justi-

690 1640 891 1692 nianus
933 1638 1179 1707 impegit,
1224 1636 1377 1690 omni
1428 1636 1580 1688 illum
1619 1644 1738 1688 arte
1779 1634 2086 1702 ingressus,
2131 1643 2280 1687 recte

691 1735 790 1786 hac
837 1747 1048 1794 secum,
1092 1738 1154 1783 ut
1200 1729 1280 1783 illi
1321 1729 1640 1792 videbatur,
1684 1729 1899 1782 ratione
1949 1726 2275 1792 deliberata,

685 1841 811 1878 eum
851 1827 893 1879 si
936 1823 1334 1884 concussissel,
1374 1839 1484 1876 non
1524 1821 1728 1876 dillicili
1767 1837 1935 1892 opere
1980 1837 2039 1876 se
2081 1823 2275 1876 urbem

685 1931 904 1970 onmem
956 1916 1010 1969 in
1056 1923 1390 1983 potestatem
1438 1931 1593 1969 suam
1638 1915 2020 1978 redacturum,
2058 1930 2184 1969 vera
2223 1925 2277 1968 et

683 2025 943 2078 germana
978 2009 1230 2077 dogmata
1265 2023 1616 2073 eversurum,
1644 2016 1700 2061 et
1727 2007 1932 2061 Christi
1967 2023 2183 2078 gregem
2219 2008 2273 2061 in

683 2105 1062 2172 captivitatem
1120 2101 1515 2158 abducturum.
1575 2105 1901 2178 Anastasius
1955 2120 2084 2157 vero
2144 2104 2274 2158 lidei

685 2204 840 2260 petra
883 2195 1116 2249 tirmiter
1145 2205 1230 2248 est
1265 2197 1448 2254 nixus.
1479 2203 1533 2249 et
1563 2195 1703 2248 adeo
1736 2194 2004 2250 adversus
2035 2196 2274 2264 impera-

685 2287 824 2341 toris
860 2294 1124 2354 tmpetum
1153 2285 1338 2339 divina
1370 2301 1601 2355 prorsus
1631 2287 1885 2341 sublatus
1917 2297 2103 2341 mente
2138 2287 2271 2341 sub-

679 2379 844 2442 stitit,
871 2389 931 2431 ut
959 2378 1244 2447 propalam
1271 2378 1502 2433 disertis
1528 2379 1738 2442 verbis,
1763 2380 2272 2435 demonstrationes

679 2487 902 2545 quoque
950 2480 1068 2524 arte
1116 2472 1356 2524 maxima
1403 2472 1744 2540 compositas
1791 2472 2144 2537 adhibendo,
2190 2473 2269 2527 illi

682 2565 907 2625 dixerit,
940 2563 1304 2632 corruptibile
1336 2563 1510 2617 fuisse
1542 2573 1670 2618 ante
1701 2564 2019 2617 Passionem
2049 2565 2266 2618 Domini

678 2668 906 2724 corpus,
943 2653 1405 2721 naturalibusque
1441 2662 1497 2706 et
1539 2653 2125 2722 irreprehensibilibus
2163 2655 2265 2709 ob-

679 2748 902 2800 noxium
934 2746 1409 2815 perpessionibus,
1445 2745 1611 2815 idque
1643 2746 1718 2799 ita
1745 2755 1800 2799 et
1831 2761 2018 2800 sacros
2046 2758 2265 2816 aposto-

681 2844 763 2893 los
795 2839 1107 2903 tradidisse,
1143 2847 1197 2910 et
1237 2837 1392 2892 divos
1427 2839 1617 2892 Patres
1651 2839 1889 2893 sensisse
1923 2848 2086 2908 atque
2122 2856 2264 2909 pra:-

677 2931 912 2986 dicasse.
948 2933 1080 2997 Quae
1127 2946 1259 2985 sane
1304 2931 1489 2984 omnia
1535 2933 1704 2986 etiam
1750 2931 1820 2985 ad
1859 2933 2263 2986 monachorum

679 3026 868 3094 prima:
912 3038 968 3079 ct
1017 3025 1280 3079 secunda:
1328 3025 1502 3095 Syria:
1553 3025 1832 3088 ordinem,
1867 3026 1960 3094 qui
2005 3025 2157 3078 illum
2194 3027 2262 3080 de

673 3122 755 3174 eis
806 3119 1226 3182 consuluerant,
1281 3118 1574 3173 manileste
1625 3127 1682 3173 et
1729 3119 1902 3174 libere
1958 3120 2261 3189 rescripsit,

675 3227 869 3271 omnes
906 3221 965 3265 ιιι
1009 3213 1083 3264 ita
1133 3212 1403 3265 sentirent
1440 3213 1796 3277 conﬁrmans,
1833 3223 1889 3267 et
1923 3215 2080 3282 quasi
2136 3214 2261 3284 qui-
2287 3247 2329 3305 ο

674 3306 798 3358 dam
850 3305 1050 3374 aliptes
1097 3306 1164 3358 ad
1216 3315 1492 3358 certamen
1542 3321 1642 3374 pro
1686 3307 1890 3374 pietate
1935 3307 2256 3361 obeundum

672 3402 945 3461 excitans,
980 3397 1304 3466 dictumque
1339 3397 1471 3450 illud
1500 3397 1647 3466 quod
1683 3413 1778 3451 vas
1810 3399 2104 3452 electionis
2132 3413 2257 3468 pro-

673 3491 816 3554 tulit,
847 3490 1106 3542 omnibus
1135 3490 1437 3559 subjiciens
1465 3500 1629 3559 atque
1662 3505 1978 3560 proponens
2006 3509 2018 3543 :
2046 3490 2106 3545 Si
2137 3493 2254 3558 quis

670 3581 831 3644 vobis,
879 3589 1237 3650 pra'terquam
1273 3581 1562 3650 accepistis,
1599 3581 2067 3651 euangelizaverit,
2111 3600 2249 3638 ana-

669 3675 843 3726 thema
875 3674 943 3726 sit
980 3674 1020 3725 ¹.
1055 3673 1136 3727 llli
1187 3689 1355 3742 porro
1395 3660 1589 3728 omnes
1630 3674 1682 3727 in
1723 3675 1914 3729 cadem
1961 3679 2253 3732 sententiae

667 3764 1019 3820 aemulatione
1053 3763 1440 3832 perstiterunt.
1475 3764 1649 3828 Quam
1683 3765 1754 3818 ob
1782 3779 2027 3828 causam,
2063 3776 2122 3818 ut
2151 3767 2256 3820 sibi

671 3857 741 3907 ita
771 3855 1118 3907 resistentem
1148 3855 1201 3906 in
1227 3854 1480 3908 exsilium
1508 3865 1716 3923 ageret,
1743 3856 2095 3910 Justinianns
2122 3873 2255 3912 con-

667 3946 851 3997 silium
893 3945 1058 4012 cepit.
1095 3943 1150 3996 ld
1196 3958 1325 3996 vero
1367 3953 1426 3997 ut
1463 3944 1792 3998 Anastasius
1834 3945 2064 4007 audivit,
2101 3960 2253 3998 com-

667 4038 900 4104 positam
934 4036 1120 4089 statim
1159 4035 1496 4098 orationem,
1532 4035 1585 4089 in
1618 4052 1726 4104 qua
1754 4038 2094 4106 argumentis
2123 4052 2248 4089 cum

666 4131 1004 4184 adversariis
1053 4131 1510 4200 congrederetur,
1551 4131 1937 4193 Antiocheuis,
1979 4141 2040 4184 ut
2086 4149 2147 4184 ea
2194 4147 2250 4184 se

2391 610 2585 680 καιρὸς
2611 609 2856 679 σπουδῆς
2879 603 2968 679 ἦν,
3001 610 3062 661 ἐν
3101 609 3306 679 ἑτοίμῳ
3337 603 3480 680 ἦσαν
3505 610 3576 662 τὰ
3619 603 3760 675 ὦτα,
3816 615 3911 664 καὶ
3948 616 3982 687 ἡ

2387 705 2604 774 γλῶττα
2653 704 2746 758 ἴσα
2810 703 3044 774 ῥεύματι
3097 705 3339 758 νάουσα·
3375 705 3572 758 θᾶττον
3621 706 3690 759 τὰ
3747 711 3974 776 προσπι-

2390 812 2596 848 πτοντα
2626 794 2888 848 διαλύων.
2939 795 3028 847 Ἐν
3064 795 3121 848 δὲ
3153 797 3270 859 τοῖς
3293 798 3604 868 παρέργοις
3638 800 3709 852 τά
3745 815 3805 851 τε
3859 791 3975 851 ὦτα

2386 887 2576 940 τέλεον
2625 887 2972 951 ἀπεκλείετο,
3036 887 3132 941 καὶ
3195 891 3263 958 τῇ
3305 887 3525 960 γλώττῃ
3567 889 3787 958 χαλινὸς
3847 891 3973 944 ἐπέο

2386 981 2657 1044 steti-0'6);
2695 980 3024 1050 συμϐαίνειν
3060 980 3154 1034 τὸν
3192 981 3292 1050 μέν
3328 981 3487 1049 λόγον
3535 977 3852 1054 τῷ’κο.ιρίῳ
3881 985 3975 1037 τοῦ

2386 1076 2614 1144 εὐλόγου
2644 1075 3032 1146 ρυθμίζεσθαι,
3061 1077 3159 1129 καὶ
3192 1077 3485 1143 κρείττονα
3509 1073 3652 1130 εἶναι
3681 1077 3847 1145 λόγου
3876 1075 3977 1145 τὴν

2389 1173 2626 1240 σιωπήν.
2691 1170 2804 1223 Καὶ
2855 1169 2922 1240 δὴ
2956 1163 3047 1224 οἷά
3099 1185 3208 1223 τινι
3257 1168 3514 1241 προϐόλῳ
3591 1169 3974 1233 Ἱουστινιανὸς

2383 1262 2561 1334 τούτῳ
2627 1262 2985 1333 προσϐάλλει,
3048 1264 3234 1316 πᾶσαν
3300 1266 3559 1334 μηχανὴν
3629 1265 3974 1334 περιστήσας

2385 1355 2569 1425 αὐτῷ’
2617 1356 2822 1424 καλῶς,
2857 1356 2934 1420 ὥς
2974 1356 3027 1426 γ’
3055 1355 3255 1427 ἐκείνῳ
3311 1356 3514 1422 ἐδόκει,
3560 1356 3970 1426 διανοούμενος,

2383 1450 2459 1511 ὡς
2481 1451 2529 1501 εί
2561 1448 2755 1502 τοῦτον
2780 1450 3186 1514 κατασείσειιν,
3211 1449 3390 1503 οὐδενὶ
3417 1451 3566 1521 πόνῳ
3590 1452 3683 1504 καὶ
3699 1449 3800 1520 τὴν
3817 1451 3974 1504 πόλιν

2384 1545 2529 1596 ἑλεῖν
2567 1543 2944 1614 περιγένοιτοο
2975 1543 3046 1597 τά
3080 1561 3139 1597 τε
3167 1545 3277 1598 τῶν
3308 1543 3602 1613 δογμάτων
3647 1544 3850 1614 γνήσια
3874 1545 3972 1599 ἁν-

2381 1633 2833 1704 δραποδίσασθαι,
2868 1635 2964 1686 καὶ
2991 1635 3098 1687 ὑπὸ
3146 1635 3545 1705 αἰχμαλωσίαν
3588 1636 3693 1705 τὴν
3727 1635 3973 1706 Χριστοῦ

2383 1725 2733 1795 καταστῆσαι
2762 1725 3028 1796 ποίμνην.
3087 1726 3148 1780 '0
3204 1727 3262 1780 δέ
3296 1728 3546 1782 τοιοῦτον
3579 1728 3875 1798 ἐστήρικτο
3903 1732 3969 1799 τῇ

2382 1815 2481 1885 τῆς
2516 1815 2758 1878 πίστεως
2793 1817 2996 1889 πέτρᾳ,
3041 1817 3138 1871 καὶ
3161 1818 3429 1889 ἀδένητος
3453 1821 3576 1884 ταῖς
3629 1820 3970 1893 προσϐολαῖς

2383 1909 2762 1981 καθειστήκει,
2800 1910 2879 1978 τῷ
2915 1909 3046 1981 θείῳ
3104 1914 3450 1983 μετηρμένος
3487 1915 3861 1986 ’ςρονήματι,
3893 1918 3969 1976 ὡς

2379 2002 2690 2070 ἀναφανδὸν
2713 2003 3015 2074 διαρρήδην
3039 2005 3217 2057 είπεῖν
3244 2006 3458 2073 βασιλεῖ
3486 2006 3969 2077 διαμηνυσάμενον

2376 2092 2444 2145 δι’
2471 2092 2802 2158 ἀποδείξεων
2832 2094 3102 2166 ἐντέχνων
3159 2096 3421 2164 μάλιστα,
3447 2097 3524 2161 ὡς
3558 2098 3803 2168 φθαρτὸν
3860 2098 3968 2169 πρὸ

2376 2183 2470 2236 τοῦ
2507 2184 2720 2248 πάθους
2754 2185 2842 2254 είη
2879 2187 2940 2238 τὸ
2978 2185 3073 2240 τοῦ
3106 2187 3314 2255 Κυρίου
3349 2189 3533 2256 σῶμα,
3593 2189 3686 2243 καὶ
3726 2191 3840 2252 τοῖς
3866 2209 3966 2257 φυ-

2378 2281 2551 2342 σικοῖς
2583 2281 2680 2332 καὶ
2736 2281 3084 2352 ἀδιαϐλήτοις
3149 2284 3512 2352 ὑποκείμενον
3565 2285 3808 2339 πάθεσιο
3870 2291 3965 2339 καὶ

2373 2372 2518 2426 οὕτω
2543 2372 2888 2444 παραδοῦναι
2927 2379 3056 2438 τούς
3106 2393 3165 2429 τε
3229 2378 3411 2447 ἱεροὺς
3465 2379 3830 2448 ἀποστόλους,
3867 2382 3963 2434 καὶ

2371 2465 2495 2526 τοὺς
2526 2464 2705 2528 θείους
2738 2467 2992 2536 Πατέρας
3023 2467 3200 2533 οὕτως
3249 2471 3455 2524 εἰδέναι
3516 2489 3575 2525 τε
3631 2474 3724 2525 καὶ
3755 2473 3962 2544 κηρύξ-

2371 2574 2508 2612 τειν.
2545 2561 2612 2611 Ἀ
2643 2559 2706 2629 δὴ
2741 2561 2925 2615 πάντα
2951 2564 3048 2614 καὶ
3071 2564 3212 2634 πρὸς
3251 2564 3311 2616 τὸ
3350 2564 3648 2633 μοναδικὸν
3679 2567 3782 2635 τῆς
3806 2568 3960 2640 πρώ-

2370 2670 2471 2722 της
2500 2654 2593 2706 καὶ
2613 2652 2877 2725 δευτέρας
2909 2655 3111 2727 Συρίας
3142 2658 3449 2728 ὲρωτῆσαν,
3474 2659 3614 2728 μετά
3641 2663 3959 2732 παρρησίας

2367 2742 2581 2808 ἀνεῖπε,
2618 2745 2895 2814 στηρίζων
2954 2749 3166 2809 πάντας
3227 2747 3375 2801 οὕτω
3422 2751 3679 2819 φρονεῖν’
3715 2752 3812 2804 καὶ
3868 2746 3960 2804 οἶὰ

2365 2849 2451 2894 τις
2479 2834 2748 2906 ἀλείπτης
2786 2837 2926 2907 πρὸς
2959 2840 3050 2892 τὸν
3105 2840 3248 2910 ὑπὲρ
3280 2843 3379 2912 τῆς
3434 2845 3720 2908 εὐσεϐείας
3765 2845 3959 2914 ἀγῶνα

2364 2925 2700 2995 διερεθίζων,
2727 2930 2911 2983 ἐκεῖνο
2940 2931 3000 2983 τὸ
3027 2932 3122 2984 τοῦ
3154 2933 3383 2998 σκεύους
3429 2937 3528 3004 τῆς
3554 2937 3787 3008 ἐκλογῆς
3813 2941 3955 2993 πᾶσι

2365 3016 2543 3085 λέγων
2574 3021 2670 3072 καὶ
2704 3022 2981 3091 προτιθείς
3007 3039 3022 3054 ’
3054 3024 3127 3078 El
3176 3043 3266 3091 τις
3316 3025 3472 3096 ὑμᾶς
3506 3029 3954 3101 εὐαγγελίζεται

2363 3109 2499 3179 παρ’
2531 3109 2563 3164 δ
2592 3111 2982 3181 παρελάϐετε,
3022 3116 3293 3187 ἀνάθεμα
3323 3121 3502 3178 ἔστω.
3557 3123 3621 3175 Οἳ
3653 3125 3717 3194 δὴ
3744 3127 3953 3192 πάντες

2362 3204 2430 3257 τὰ
2487 3207 2854 3278 παραπλήσια
2923 3209 3220 3279 ζηλοῦντες
3272 3213 3648 3283 διαγεγόνασι.
3714 3221 3814 3274 Διά
3863 3238 3953 3273 τοι

2364 3295 2543 3351 ταῦτα
2577 3296 2961 3365 Ἰουστινιανδς
2989 3302 3162 3368 οὕτως
3195 3305 3620 3377 ἀνθιστάμενον,
3655 3312 3952 3382 ὑπερόριον

2364 3390 2524 3457 ἄγειν
2555 3391 2797 3462 σπουδὴν
2828 3393 3088 3450 ἐποιεῖτο.
3124 3396 3305 3468 Ὅπερ
3346 3403 3656 3474 πυθόμενος
3685 3407 3952 3462 Ἀναστά-

2365 3497 2502 3546 σιος,
2560 3485 2964 3554 συντακτήριον
3015 3487 3175 3558 λόγον
3227 3493 3546 3563 σχεδιάσας,
3603 3497 3951 3569 Ἀντιοχεῦσι

2363 3575 2696 3646 προϐάλλειν
2757 3579 3003 3633 ἐτίθετο·
3057 3583 3320 3638 τοσοῦτον
3375 3589 3696 3664 καλλιεπείᾳ
3730 3595 3950 3664 καὶτῷ

2364 3670 2557 3738 πυκνῴ
2593 3675 2704 3724 τῶν
2761 3673 3188 3744 ἐνθυμημάτων,
3228 3681 3324 3734 καὶ
3362 3680 3440 3753 τῷ
3488 3683 3799 3755 εὐπορία-τῳ
3835 3688 3950 3739 τῶν

2361 3762 2656 3830 γραφικῶν
2689 3764 2904 3833 ῥήσεων
2940 3767 3078 3837 πρὸς
3102 3768 3162 3821 τὸ
3189 3771 3289 3840 τῆς
3351 3773 3596 3844 ἱστορίας
3633 3778 3947 3848 πρόσφορον

2360 3857 2734 3924 ἡρμοσμένον,
2796 3856 2872 3920 ὡς
2931 3859 3026 3911 ἐπὶ
3061 3857 3274 3931 μᾶλλον
3297 3864 3537 3933 ἄγασθαι
3601 3869 3695 3921 τὸν
3723 3871 3944 3941 πατέρα

2359 3946 2456 3998 τοῦ
2490 3948 2677 4013 λόγου,
2713 3950 2809 4000 καὶ
2864 3951 3216 4006 ἐπιπλεῖστον
3273 3957 3548 4025 αἱρεῖσθαι
3611 3959 3941 4031 θαυμάζειν.

2367 4037 2532 4091 ’Λλλὰ
2562 4041 2654 4093 τοῦ
2695 4040 2830 4093 Θεοῦ
2878 4045 3132 4112 κρεῖττόν
3178 4064 3230 4100 τι
3281 4051 3409 4119 περὶ
3449 4053 3546 4119 τῆς
3593 4054 3761 4107 αὑτοῦ
3812 4054 3941 4109 Ἐκ·

2355 4131 2589 4197 κλησίας
2620 4133 3100 4203 προϐλεψαμένου,
3130 4140 3157 4190 ὁ
3213 4138 3368 4209 λόγος
3421 4144 3519 4196 οὐκ
3551 4145 3791 4214 ἐξεδόθη.

665 4224 1057 4287 defenderent,
1096 4225 1141 4276 si
1191 4239 1331 4293 opus
1363 4233 1532 4289 esset,
1600 4224 1824 4278 obtulit.
1894 4223 1970 4277 Ea
2010 4235 2190 4277 autem
2239 4225 2534 4279 verborum
2575 4225 2847 4295 elegantia
2891 4238 2948 4281 et
2993 4230 3462 4300 enthymematum
3531 4235 3807 4291 densitate
3855 4248 3944 4291 est

665 4317 935 4379 confecta,
971 4330 1073 4368 nec
1117 4331 1226 4369 non
1275 4316 1547 4369 dictorum
1580 4333 1648 4370 ex
1678 4318 1855 4371 sacris
1898 4317 2122 4371 Litteris
2169 4319 2621 4388 depromptorum
2694 4320 2973 4384 ubertate,
3017 4322 3085 4377 ad
3118 4339 3231 4378 rem
3296 4326 3468 4397 ipsam
3534 4330 3606 4383 ita
3632 4346 3942 4386 accommo-

662 4412 809 4475 data,
853 4421 911 4463 ut
959 4409 1251 4464 maximam
1285 4424 1479 4466 auctor
1524 4412 1651 4466 libri
1680 4414 1802 4482 ejus
1831 4427 2165 4467 consecutus
2205 4415 2275 4466 sit
2311 4414 2756 4469 admirationem.
2798 4415 2907 4470 Sed
2941 4420 3208 4488 scriptum
3243 4421 3318 4484 id,
3354 4425 3500 4492 quod
3536 4423 3681 4479 Deus
3721 4429 3938 4482 meliori

660 4506 897 4573 quadam
945 4505 1159 4558 ratione
1210 4504 1469 4559 Ecclesiae
1517 4521 1630 4559 sua
1660 4508 1973 4560 consultqu
2018 4509 2273 4568 voluerit,
2312 4509 2519 4562 editum
2559 4525 2668 4563 non
2706 4521 2810 4564 cst.

1129 4623 1295 4693 736
1330 4623 1556 4681 CAPUT
1599 4625 1790 4681 χχχι.

665 4721 730 4771 ίί
766 4717 1103 4775 Justiuianus
1158 4729 1414 4800 mortuus
1439 4722 1530 4785 sit,
1581 4731 1628 4773 et
1659 4721 1724 4772 de
1766 4722 2018 4790 opinione
2055 4735 2102 4776 cl
2137 4725 2239 4791 βιεέ

1365 4808 1498 4860 qua.

727 4905 1075 4960 Justinianus
1127 4921 1398 4976 namque,
1458 4923 1581 4961 cum
1650 4911 1924 4966 Anastasii
1982 4915 2241 4968 sacerdo-

658 5010 885 5069 tumque
932 5001 1072 5070 ejus,
1113 5001 1208 5070 qui
1255 5001 1449 5055 eodem
1491 5018 1617 5057 cum
1665 5005 1760 5059 illo
1797 5007 1994 5062 ardore
2038 5008 2231 5077 ﬂagra-

657 5095 810 5155 bant,
836 5093 1017 5147 exsilii
1046 5094 1291 5151 libellum
1318 5098 1576 5159 dictaret.
1602 5100 1865 5155 invisibili
1893 5101 2032 5160 ictus
2056 5103 2233 5172 plaga,

654 5202 722 5239 ex
774 5187 886 5240 vita
921 5187 1022 5242 hac
1051 5192 1310 5254 excessit,
1344 5192 1564 5263 triginta
1595 5205 1650 5249 et
1683 5205 1806 5249 octo
1838 5197 1999 5250 annis
2030 5198 2235 5251 mensi-

651 5278 864 5347 busque
908 5290 1034 5334 octo
1082 5282 1135 5336 in
1178 5282 1415 5353 imperio
1463 5288 1752 5343 transactis
1791 5306 1803 5342 :
1847 5303 1972 5343 cum
2008 5289 2231 5360 quidem

651 5370 1288 5439 Apbthartodocetarum
1339 5379 1656 5447 Opinionem
1708 5397 1818 5435 non
1867 5383 2233 5446 abolevisset,

653 5480 854 5534 quippe
882 5468 974 5536 qui
1002 5470 1334 5523 sententiam
1367 5472 1637 5542 ejusmodi
1664 5474 1732 5528 ad
1760 5474 2026 5530 honorem
2055 5475 2236 5530 Domi-

653 5559 763 5611 uici
797 5563 1047 5628 corporis
1081 5564 1254 5634 magis
1286 5565 1467 5619 facere
1497 5568 1922 5623 existimaverit.
1970 5567 2232 5624 Nonnulli

652 5659 804 5706 certe
844 5653 1068 5721 quidem
1111 5659 1327 5712 veniam
1373 5659 1449 5712 illi
1493 5663 1825 5726 concedunt,
1873 5678 2053 5732 neque
2103 5679 2229 5717 eum

652 5739 722 5793 ub
767 5741 930 5796 talem
982 5746 1300 5814 Opinionem
1361 5752 1549 5806 itidem
1593 5763 1648 5808 ut
1686 5754 1925 5810 haereses
1953 5756 2110 5820 alias,
2164 5757 2231 5809 ab

724 5894 736 5921 ¹
775 5890 945 5946 Galat.
989 5892 1104 5957 1,9,

2937 4635 3181 4690 ΚΕΦΑΔ.
3227 4638 3353 4694 AA'.

2361 4725 2456 4790 Ὠς
2512 4727 2944 4810 ἐτελεύτησεν.
2979 4730 3449 4810 Ἰουᾳτρξιςινός-
3489 4737 3588 4789 καὶ
3641 4741 3776 4807 περὶ
3823 4741 3938 4810 τῆς

2919 4799 3138 4854 ἑαυτοῦ
3168 4804 3375 4870 δόξης.

2431 4911 2493 4966 ’0
2520 4915 2630 4984 γὰρ
2676 4917 3056 4981 Ἰουστινιανὸς
3085 4921 3183 4988 τὴν
3207 4921 3422 4974 ἐκείνου
3455 4925 3673 4995 ἐξορίαν
3701 4928 3793 4981 καὶ
3821 4932 3938 4984 τῶν

2347 5006 2488 5075 ἀμφ’
2514 5007 2677 5061 αὐτὸν
2716 5010 2909 5078 ίερέων
2948 5011 3044 5062 καὶ
3074 5011 3182 5065 τῶν
3210 5012 3306 5066 τοῦ
3352 5015 3471 5068 ἴσου
3497 5017 3659 5087 ζήλου
3715 5019 3938 5089 ὑπαγο-

2350 5099 2546 5168 ρεύων,
2611 5102 2830 5172 ἀοράτῳ
2879 5105 3109 5173 πληγεὶς
3157 5107 3409 5175 μάστιγι,
3468 5111 3562 5164 τὸν
3615 5113 3744 5183 τῇδε
3810 5117 3938 5186 βίον

2347 5195 2721 5264 κατέστρεψεν
2750 5211 2764 5226 ο
2795 5197 2891 5266 ἐτη
2923 5200 2991 5250 τὰ
3025 5201 3202 5254 πάντα
3232 5201 3628 5274 διαγενόμενος
3657 5209 3723 5278 τῇ
3781 5211 3934 5282 ἀρχῇ

2342 5289 2490 5342 ὀκτὼ
2546 5292 2642 5344 καὶ
2695 5294 2995 5362 τριάκοντα
3062 5296 3160 5348 σὺν
3233 5298 3403 5366 μησὶν
3452 5299 3635 5352 ὀκτώ·
3672 5302 3774 5372 τὴν
3816 5305 3935 5358 τῶν

2353 5384 2881 5455 ’Λφθαρτοδοκητῶν
2919 5387 2994 5457 μὴ
3025 5389 3478 5460 ἀποτριψάμενος
3508 5392 3669 5458 δόξαν
3696 5432 3712 5460 ,
3757 5398 3937 5465 meo-

2343 5493 2506 5545 μενος
2540 5476 2676 5546 πρὸς
2725 5478 2895 5548 τιμὴν
2936 5479 3138 5549 μᾶλλον
3178 5477 3320 5536 εἶναι
3353 5484 3452 5555 τὴν
3477 5484 3639 5551 δόξαν
3670 5487 3764 5540 τοῦ
3807 5490 3934 5544 Κυ-

2339 5569 2538 5637 ριακοῦ
2568 5569 2848 5642 σώματος.
2893 5572 3004 5626 Καί
3047 5590 3110 5642 γε
3150 5578 3485 5648 συγγνώμην
3539 5579 3686 5643 τινές
3743 5582 3934 5656 τούτῳ

2339 5663 2668 5734 παρέχουσι,
2711 5664 2790 5734 μὴ
2817 5664 2925 5718 δεῖν
2953 5659 3095 5721 εἶναι
3130 5667 3384 5737 λέγοντες
3415 5671 3508 5727 τὸν
3547 5672 3724 5738 οὕτως
3757 5675 3933 5731 ὕπει-

2336 5755 2568 5826 ληφότα,
2600 5757 2798 5828 ἐπίσης
2834 5758 2953 5821 ταῖς
3002 5758 3192 5826 ἄλλαις
3222 5764 3526 5834 αἱρέσεσιν,
3577 5766 3684 5833 ἐξω
3725 5767 3934 5838 βάλλε-
