4244 6438
755 416 862 480 303

1984 405 2402 466 NICEI‘HORI
2445 404 2789 467 CALLISTI

3908 406 4010 470 3M

762 526 927 593 plesi.
966 524 1030 577 Et
1075 534 1187 576 tum
1229 523 1468 593 primum
1522 519 1646 574 inde
1694 518 1928 574 sericum
1963 519 2041 587 (ί)
2071 517 2339 572 Constan-
2368 531 2413 586 Α

2335 545 2339 554 ι
2368 531 2413 586 Α
2447 521 2734 576 σταντίνου
2765 523 2798 592 ἡ
2831 521 3042 592 μέταξα
3071 541 3083 554 ο
3121 523 3215 576 καὶ
3273 523 3477 594 σημεῖα
3537 522 3594 576 δὲ
3649 523 4011 594 πάμπλειστα

762 617 1048 685 tinopoliin
1088 625 1175 670 est
1209 614 1456 667 allatum.
1507 611 1754 681 Prodigia
1789 625 2008 680 quoque
2039 606 2332 678 quamplu-

765 712 898 763 rima
972 707 1282 762 .Instiniano
1350 705 1651 772 imperante
1715 705 2006 757 exstitere.
2081 700 2333 769 Ingentes

765 811 1137 863 ter-riemotus,
1200 799 1588 852 concussioues
1647 805 1702 849 et
1769 796 1988 855 hiatus,
2051 794 2333 847 stellarum

763 896 910 948 faces
947 891 1308 952 admirandae,
1340 901 1504 957 atque
1538 885 1937 941 exundationes
1969 885 2154 944 maris,
2187 883 2334 951 quod

767 1000 936 1055 prope
966 985 1032 1038 ad
1066 993 1303 1053 quatuor
1349 981 1602 1035 milliaria
1651 980 1704 1032 in
1741 978 2030 1032 Thraciam
2069 975 2334 1030 excurrit.

766 1079 830 1131 Et
869 1077 1099 1131 catellus
1138 1090 1316 1129 caecus
1365 1088 1533 1126 novas
1579 1071 1841 1140 quasdam
1884 1083 1973 1125 res
2021 1068 2338 1138 peragebat,

763 1181 927 1238 atque
968 1169 1198 1223 cuilibet
1240 1182 1400 1221 suum
1452 1164 1749 1222 tribuebat.
1782 1175 1835 1216 et
1871 1162 2153 1216 arcaniora
2191 1177 2340 1229 qua:-

762 1264 886 1315 dam
919 1261 1088 1330 signis
1112 1259 1579 1313 connuonstrabat
1604 1257 1706 1325 (I).
1743 1254 1798 1308 In
1828 1254 2118 1324 pontifices
2147 1253 2335 1314 etiam,

766 1369 904 1420 quos
951 1353 1246 1406 admodum
1298 1349 1366 1404 dc
1423 1348 1789 1402 Sodomorum
1846 1344 2039 1400 haeresi
2096 1343 2339 1398 insanire

768 1454 1134 1513 compererat,
1175 1442 1395 1504 acerbe,
1436 1458 1530 1495 seu
1573 1441 1752 1508 potius
1800 1439 1964 1502 (cede,
1999 1436 2341 1491 Justinianus

777 1539 1187 1590 animadvertit.
1231 1536 1298 1589 Et
1325 1550 1446 1588 cum
1483 1531 1653 1585 fames
1686 1530 1923 1601 Byzantii
1953 1528 2336 1590 inerebuisset,

769 1646 951 1682 rerum
1006 1628 1438 1682 necessariarum
1499 1624 1704 1694 inepia,
1746 1623 2042 1692 imperator
2094 1620 2341 1675 secunda

767 1722 950 1776 statim
999 1720 1192 1790 jejunii
1238 1715 1599 1778 hebdomade,
1633 1729 1827 1768 carnes
1862 1714 1916 1766 in
1959 1712 2078 1766 foro
2121 1714 2340 1766 venales

771 1813 1154 1882 propellendus
1190 1808 1570 1880 promulgavit.
1613 1807 1680 1860 Et
1715 1807 1818 1859 hoc
1851 1804 2075 1874 quidem
2120 1803 2198 1858 sic
2244 1818 2341 1871 per

2438 609 2826 665 Ἰουστινιανοῦ
2849 612 2946 682 τὴν
3003 613 3183 683 ἀρχὴν
3219 614 3549 676 διιθύνοντος
3593 615 3838 683 ἐγεγόνει
3869 631 3885 647 ’
3923 617 4013 682 ἑξ-

2437 700 2606 754 αίσιοί
2649 719 2710 754 τε
2759 703 2868 772 γὰρ
2901 709 3142 773 σεισμοὶ,
3194 705 3291 759 καὶ
3333 704 3576 775 βρασμοὶ
3609 705 3716 775 γῆς
3773 711 3872 762 καὶ
3915 709 4014 778 χά-

2439 811 2626 863 σματα
2656 795 2753 848 καὶ
2783 796 3033 867 ἀστέρων
3071 797 3301 867 φαύσεις
3359 798 3691 869 παράδοξοι·
3748 802 4017 872 ἑκτροπαί

2437 902 2497 938 τε
2525 885 2804 957 Θαλάσσης
2834 887 2967 941 ὡσεὶ
2998 889 3154 958 μίλια
3184 889 3426 960 τέσσαρα
3462 890 3567 945 ἀνὰ
3620 891 3722 963 τὴν
3779 892 4008 964 Θρᾴκην

2439 979 2767 1049 ἑπεξιούσης
2791 997 2806 1012 ο
2833 981 3076 1035 κυνίδιόν
3102 1000 3163 1036 τε
3193 985 3374 1051 φωτὸς
3406 985 3644 1056 ἄμοιρον
3678 988 3842 1042 καινά
3891 1005 4017 1040 τινα

2437 1072 2937 1145 διαπραττόμενον,
2973 1078 3070 1133 καὶ
3096 1079 3318 1150 ἑκάστῳ
3369 1080 3429 1132 τὺ
3457 1081 3662 1133 οίκετον
3715 1081 4017 1150 ἀπονέμον.

2440 1167 2532 1216 καὶ
2588 1166 2728 1220 ἀλλα
2779 1171 2902 1221 τινὰ
2936 1169 3047 1222 τῶν
3094 1170 3558 1242 ἀπορρητοτίρων
3614 1173 3975 1243 διασημαῖνον
4002 1191 4016 1204 ·

2441 1258 2676 1324 πολλοὺς
2704 1260 2761 1314 δὲ
2794 1263 2889 1315 καὶ
2915 1263 3025 1316 τῶν
3079 1265 3385 1336 ἀρχιερέων
3418 1267 3552 1336 περὶ
3598 1265 3699 1337 τὴν
3762 1266 4022 1336 Σοδόμων

2442 1352 2659 1420 αἵρεσιν
2683 1355 3001 1425 μεμηνότας
3036 1357 3240 1428 εὑρὼν,
3268 1359 3503 1428 πικρῶς,
3551 1358 3756 1429 μᾶλλον
3789 1358 3846 1412 δὲ
3902 1361 4023 1412 αἰσ-

2443 1443 2591 1512 χρῶς
2643 1444 2964 1501 ἑκολάσατο.
3018 1447 3440 1518 Ἐπιγεγονότος
3494 1449 3552 1503 δὲ
3606 1449 3703 1504 καὶ
3756 1450 3920 1520 λιμοῦ
3962 1453 4023 1504 ὲν

2445 1532 2753 1602 Βυζαντίῳ,
2783 1537 2895 1588 τῶν
2943 1538 3263 1606 ἀναγκαίων
3320 1540 3770 1605 ἐπιλελοιπότων,
3807 1544 3837 1595 ό
3867 1542 4024 1611 βασι-

2444 1625 2570 1688 λεὺς
2630 1630 2699 1698 τῇ
2762 1627 2994 1701 δευτέρᾳ
3037 1631 3152 1685 τῶν
3213 1633 3483 1702 νηστειῶν
3544 1632 3824 1703 ἑϐδομάδι,
3885 1634 4025 1704 κρέα

2446 1717 2732 1787 προθεῖναι
2755 1723 2843 1791 τῇ·
2874 1723 3053 1794 ἀγορᾷ
3105 1722 3418 1794 διηγόρευε.
3467 1725 3578 1778 Καὶ
3609 1725 3770 1780 τοῦτο
3802 1727 3904 1794 μὲν
3951 1731 4023 1798 τῇ

2447 1806 2539 1878 βίᾳ
2569 1811 2813 1877 ἐγίνετο.
2856 1812 2915 1865 Ὀ
2941 1814 2997 1866 δὲ
3032 1815 3162 1879 λαὸς
3209 1816 3460 1871 εὐσεϐεῖν
3498 1819 3855 1888 αἱρούμενος,
3908 1820 4025 1873 οὔτ’

773 1909 878 1959 vim
930 1917 1136 1960 actum.
1190 1903 1428 1972 Populus
1475 1909 1682 1964 autem,
1731 1899 1897 1968 788
1939 1897 2028 1966 qui
2079 1896 2339 1965 pietatem
2374 1898 2449 1952 Β‹

2374 1898 2414 1952 Β
2444 1900 2637 1956 ὠνεῖτο
2663 1902 2777 1957 οὔτ’
2800 1905 2958 1976 ἤσθιε
2986 1923 3000 1938 ⁶
3034 1907 3221 1963 θανεῖν
3284 1909 3487 1980 μᾶλλον
3517 1911 3825 1983 ἡγούμενος
3873 1915 4015 1984 αίρε-

768 2001 873 2058 sibi
922 2000 1344 2053 consectandum
1394 1994 1694 2056 statuisset,
1738 2006 1916 2059 neque
1960 2003 2057 2043 eas
2102 1988 2342 2051 emebat,

770 2107 950 2160 neque
982 2091 1213 2153 edebat,
1245 2100 1476 2142 mortem
1515 2086 1618 2139 sibi
1669 2084 1848 2153 potius
1879 2081 2187 2136 adeundam
2222 2095 2344 2134 esse

771 2201 1026 2250 censetis,
1058 2200 1220 2254 quam
1255 2192 1313 2236 ut
1343 2181 1644 2250 quidquam
1681 2184 1745 2232 de
1781 2177 1975 2247 patriis
2009 2174 2256 2228 moribus
2288 2182 2345 2226 ct

774 2276 1164 2330 traditionibus
1216 2282 1473 2328 mutaret.
1537 2270 1662 2323 ΙΙ.ιο
1713 2270 1782 2322 de
1838 2267 2149 2322 Justiniano
2199 2267 2343 2317 dicta

777 2372 907 2423 sint.
940 2366 1269 2421 Faciendum
1306 2375 1486 2416 autent
1524 2362 1656 2415 mihi
1688 2375 1808 2414 esse
1843 2358 2032 2423 statui,
2061 2366 2120 2411 ut
2144 2355 2340 2410 Justini

767 2462 938 2514 etiam
969 2459 1258 2527 imperium
1295 2456 1434 2508 libro
1468 2453 1600 2507 huic
1633 2453 1932 2505 intexerem
1969 2469 1982 2504 :
2017 2460 2076 2503 ut
2103 2449 2344 2517 proclive

769 2566 918 2606 esset
971 2552 1161 2605 lectori
1207 2550 1372 2602 triuzn
1428 2547 1730 2616 principum
1776 2541 2000 2606 Justini,
2046 2539 2343 2596 Iustiniani

770 2658 824 2700 et
879 2647 1078 2701 Jostiui
1121 2641 1355 2713 junioris
1401 2639 1805 2693 ecclesiasticas
1849 2635 2096 2690 actiones
2141 2647 2342 2702 cogno-

772 2755 946 2795 scere.

1299 2844 1526 2902 CAPUT
1569 2841 1812 2898 XXXIII.

777 2973 848 3026 De
878 2968 1076 3024 Justini
1122 2962 1360 3035 junioris
1405 2959 1648 3029 imperio,
1695 2955 2030 3024 moribusque
2083 2950 2340 3015 eiusdem.

847 3150 1043 3204 Verum
1080 3145 1360 3200 enimvero
1401 3135 1734 3210 ejuscemodi
1780 3134 2026 3205 Opinioni
2070 3132 2340 3197 addictus,

2443 1995 2708 2066 τὼτερον,
2745 1999 2779 2069 ἦ
2810 2016 2863 2053 τι
2907 2001 3019 2056 τῶν
3072 2004 3324 2075 πατρίων
3383 2010 3705 2076 μετακινεῖν
3763 2008 3907 2062 ἐθῶν
3963 2027 4025 2062 τε

2448 2090 2544 2142 καὶ
2576 2093 2955 2162 παραδόσεων.
2999 2095 3108 2150 Καὶ
3160 2097 3292 2166 περὶ
3353 2099 3452 2169 μὲν
3497 2099 3885 2155 Ἰουστινιανοῦ
3938 2118 4012 2154 το

2449 2185 2627 2238 σαῦτα
2678 2189 2959 2258 εξρήσοωο
2994 2189 3106 2244 δεῖν
3145 2191 3203 2244 δέ
3260 2209 3351 2259 μοι
3415 2193 3729 2262 λελόγισται
3784 2196 3880 2247 καὶ
3927 2196 4026 2266 τὴν

2458 2279 2753 2335 Ἰουστίνου
2784 2282 2962 2354 ἀρχὴν
2989 2283 3069 2354 τῷ
3104 2289 3340 2356 παρόντι
3381 2291 3534 2358 τόμῳ
3573 2288 3720 2359 μάλα
3764 2289 3987 2355 ἐντάξαι
4008 2306 4022 2321 ο

2447 2371 2537 2425 ἴνα
2568 2375 2632 2426 εκ
2697 2375 2793 2428 τοῦ
2816 2379 3114 2448 προχείρου
3140 2378 3227 2449 εἵη
3257 2380 3368 2432 τῶν
3401 2380 3572 2450 τριῶν
3603 2380 3832 2447 τούτων,
3896 2382 4025 2434 Ἰου-

2449 2467 2656 2531 στίνου,
2711 2465 3107 2523 ’1ουστινιανοῦ
3163 2473 3262 2524 καὶ
3320 2470 3610 2526 Ἰουστίνου
3676 2473 3777 2536 τὰς
3829 2472 4026 2541 ἐκκλη-

2449 2559 2743 2624 σιαπικάς
2820 2559 3052 2630 πράξεις
3116 2563 3508 2635 ἀναλεγομένῳ
3583 2566 3757 2636 ῥᾷστα
3812 2565 4025 2631 μανθά-

2446 2666 2578 2706 νειν.

3015 2862 3271 2918 ΚΕΦΛΛ.
3303 2863 3427 2919 AI".

2446 2974 2586 3043 Περὶ
2611 2973 2720 3044 τῆς
2745 2974 3076 3048 ἰουστίνου
3094 2977 3210 3048 ,τοῦ
3228 2977 3522 3048 νεωτέρου
3548 2979 3901 3047 βασιλείας,
3926 2980 4025 3036 καὶ

2940 3047 3048 3100 τοῦ
3079 3047 3269 3116 ἤθους
3313 3047 3524 3105 αὐτοῦ.

2529 3159 2670 3213 Ἀλλ’
2701 3163 2729 3213 ό
2753 3160 3253 3229 μὲνἸουστινιανὸς
3301 3166 3367 3235 τῇ
3397 3164 3627 3238 τοιαύτῃ
3660 3165 3794 3237 δόξῃ
3849 3184 4025 3230 προσ-

769 3260 888 3295 ratu
926 3240 997 3293 ob
1028 3249 1246 3291 causam
1282 3231 1441 3286 turba
1476 3237 1532 3281 et
1570 3226 1804 3280 tumultu
1852 3224 2009 3294 plena
2047 3223 2227 3276 omnia
2261 3238 2344 3274 re-
2372 3242 2418 3302 α

1152 3329 1159 3332 Α
1248 3324 1258 3332 .
1630 3330 1639 3332 μ
1768 3331 1771 3332 ν
1869 3331 1873 3332 ,
2181 3309 2309 3332 ι---.ε

2372 3242 2418 3302 C
2452 3250 2728 3320 κείμενος,
2753 3223 3064 3307 ’κάντεῦθεν
3119 3223 3367 3326 ταράχού
3417 3223 3627 3328 πλήρη..
3650 3223 4025 3332 καϊθορύϐου

772 3336 1048 3399 linquens,
1093 3329 1163 3380 ad
1211 3324 1442 3378 alterum
1493 3316 1648 3372 illum
1701 3331 1882 3370 rerum
1921 3323 2126 3369 statum
2171 3309 2342 3365 Justi-

776 3428 974 3476 nianus
1020 3416 1270 3480 transiit;
1311 3424 1366 3468 et
1416 3413 1469 3465 in
1522 3410 1811 3482 magnilico
1860 3411 2236 3468 monumento,
2277 3402 2348 3458 ab

774 3519 896 3584 ipso
944 3512 1123 3580 lapide
1170 3509 1365 3563 Sardio
1412 3508 1466 3559 in
1517 3503 1904 3574 Apostolorum
1956 3500 2158 3568 templo
2214 3512 2347 3551 con-

777 3616 1008 3667 structo,
1056 3602 1302 3671 sepultus
1346 3612 1430 3651 est
1475 3597 1543 3651 ad
1579 3597 1824 3649 dextram
1869 3607 1990 3646 eam
2035 3591 2208 3645 adem
2250 3590 2342 3643 in-

778 3696 1046 3769 gredienti
1081 3704 1313 3762 partem.
1355 3691 1526 3744 Filius
1557 3702 1688 3742 vero
1717 3687 1927 3741 sororis
1951 3685 2070 3756 ejus
2096 3684 2348 3739 Justinus

773 3793 979 3861 junior,
1020 3787 1108 3840 cui
1161 3782 1464 3853 imperialis
1512 3781 1648 3833 aula:
1696 3775 2097 3831 administratio
2137 3776 2346 3829 credita

775 3885 954 3936 fuerat
988 3879 1320 3948 (curatorem
1372 3870 1558 3942 palatii
1612 3869 1982 3924 Romanorum
2025 3868 2208 3937 lingua
2255 3883 2348 3920 vo-

777 3984 911 4042 cat),
946 3982 1276 4039 purpuream
1305 3974 1510 4018 vestem
1535 3971 1592 4016 et
1624 3962 1832 4030 reliqua
1863 3961 2077 4031 imperii
2109 3960 2346 4030 insignia

777 4065 1029 4130 sumpsit,
1075 4073 1199 4110 cum
1228 4057 1470 4110 nondum
1503 4053 1795 4122 quisquam
1824 4061 2027 4120 praeter
2052 4050 2347 4106 familiares

669 4224 673 4231 _
779 4158 921 4226 ejus,
952 4153 1036 4206 vel
1080 4148 1370 4205 Justiniani
1419 4157 1677 4210 mortem,
1712 4146 1796 4199 vel
1833 4145 2006 4214 ipsius
2044 4145 2346 4198 successio-

783 4266 904 4303 nem
937 4254 1152 4308 nosset;
1184 4243 1540 4313 quoadusque
1569 4240 1865 4306 derepente
1891 4238 1946 4292 in
1971 4236 2345 4308 llippodromo

778 4341 1049 4412 apparuit,
1090 4352 1210 4406 quae
1265 4340 1658 4404 imperatorum
1704 4341 1921 4396 essent,
1979 4346 2128 4386 more
2180 4332 2345 4385 solito

776 4447 999 4487 acturus
1034 4429 1195 4484 simul
1251 4439 1308 4482 et
1352 4442 1634 4496 passurus.
1668 4427 1850 4494 Atque
1895 4425 1988 4478 ubi
2035 4439 2142 4490 res,
2179 4426 2249 4480 ita
2287 4433 2346 4479 ut

779 4528 827 4579 ei
857 4521 1158 4581 videbatur,
1188 4533 1446 4587 prospere
1478 4515 1823 4580 succederet,
1855 4530 2032 4584 neque
2053 4516 2342 4584 quisquam

782 4631 874 4682 per
918 4627 1003 4665 res
1043 4625 1212 4663 noras
1255 4610 1420 4663 rebus
1461 4610 1579 4676 ejus
1617 4607 1918 4670 resisteret,
1955 4610 2007 4660 in
2040 4609 2218 4660 aulam
2253 4623 2344 4661 re-

779 4705 1008 4760 vertitur
1029 4743 1045 4768 ,
1091 4712 1147 4756 et
1179 4702 1406 4770 primam
1439 4700 1645 4768 scripto
1670 4699 1975 4768 jussioneni
2013 4700 2341 4767 promulgat,

773 4813 884 4866 qua
940 4795 1198 4850 omnibus
1261 4796 1460 4861 ubique
1518 4790 1794 4861 episcopis
1852 4800 1907 4845 et
1963 4791 2346 4846 sacerdotibus

776 4889 1052 4953 exsilium,
1099 4887 1154 4940 in
1209 4885 1354 4954 quod
1409 4893 1696 4953 propterea
1755 4883 1862 4936 acti
1917 4881 2156 4948 fuerant,
2202 4884 2342 4953 quod

778 4979 1080 5048 periculum
1119 4993 1215 5047 pro
1257 4988 1402 5031 recta
1456 4975 1718 5045 religione
1765 4975 2048 5039 adiissent,
2091 4976 2339 5041 remisit;

773 5086 981 5140 eosque
1025 5069 1186 5125 sedes
1234 5085 1359 5122 suas
1410 5070 1680 5137 recipere,
1713 5075 1768 5120 et
1817 5067 2137 5135 religionem
2191 5083 2343 5122 more

780 5165 944 5218 solito
976 5163 1177 5226 colere,
1218 5176 1395 5229 neque
1433 5163 1731 5228 quidquam
1771 5171 1957 5229 postea
1989 5161 2055 5215 de
2095 5161 2199 5216 ﬁde
2239 5177 2339 5214 no-

777 5270 908 5310 vare
956 5253 1237 5323 priscepit.
1285 5252 1398 5306 Hoc
1459 5253 1570 5318 ille,
1625 5254 1706 5306 sic
1755 5263 1814 5307 ut
1859 5252 2083 5323 dignum
2130 5266 2250 5310 erat
2289 5265 2344 5309 et

853 5433 930 5499 (ί)
959 5431 1169 5506 Metaxa
1217 5431 1456 5486 sericum
1493 5432 1748 5485 villosum
1778 5430 1887 5486 dici
1922 5433 2161 5501 videtur,
2194 5441 2340 5506 quod

781 5505 1032 5555 velutum
1071 5503 1233 5569 vulgo
1264 5513 1476 5554 vocant.
1509 5506 1752 5566 Quadam
1788 5518 1852 5554 ex
1895 5515 2047 5572 parte
2087 5503 2226 5563 hanc
2259 5513 2341 5564 di-

779 5574 1021 5625 ctionem
1059 5575 1303 5624 referunt
1341 5571 1588 5637 Boheini,
1632 5574 1726 5640 qui
1753 5571 1990 5627 sericum
2037 5576 2142 5630 tale
2191 5581 2338 5632 Ακα-

783 5645 874 5694 mit
907 5641 1208 5718 appellant.
1242 5641 1465 5718 Metam:
1515 5646 1721 5718 mentio
1759 5645 1832 5718 tit.
1874 5646 1914 5696 l.
1940 5645 2099 5699 latas.
2139 5646 2203 5702 C.
2263 5649 2339 5704 De

778 5711 1030 5788 murileg.
1081 5719 1136 5763 et
1174 5714 1477 5788 gynagciar.
1515 5712 1614 5788 lib.
1669 5727 1729 5788 ll.
1796 5711 1860 5764 Et
1911 5718 2336 5788 metaxariorum

777 5782 1199 5858 negotiatorum,
1225 5783 1263 5833 ι.
1311 5783 1402 5858 tiu.
1441 5785 1499 5837 υ.
1542 5782 1618 5836 De
1651 5783 1868 5850 pignor.
1909 5784 2102 5858 _Serici
2135 5804 2264 5842 usus
2306 5805 2337 5845 e

781 5847 960 5905 Persis
987 5850 1055 5904 ad
1084 5847 1301 5906 Graecos
1337 5852 1439 5910 hoc
1476 5847 1729 5920 tempore
1752 5855 1987 5921 transiit,
2016 5857 2336 5921 iampridem

2447 3343 2516 3396 τά
2549 3342 2725 3395 πάντα
2754 3342 2953 3410 λιπὼν,
2981 3345 3118 3413 πρὸς
3139 3346 3240 3417 τὴν
3263 3350 3441 3402 ἐκεῖσε
3495 3351 3801 3422 μετεχώρει
3855 3358 4030 3410 κατά-

2451 3454 2641 3490 στασιν
2670 3452 2684 3467 ο
2717 3437 2778 3490 ἑν
2815 3437 2895 3507 τῷ
2925 3437 3240 3509 παράύτοῦ
3294 3444 3651 3514 άνεγερθέντι
3685 3448 3852 3517 ήρὼῳ
3886 3451 4029 3519 πρὸς

2448 3529 2528 3598 τῷ
2557 3529 2662 3597 νεῷ
2709 3529 2820 3583 τῶν
2863 3531 3180 3585 ἀποοτολῶν
3233 3534 3368 3604 λίθῳ
3433 3536 3648 3608 Σαρδίῳ
3699 3540 3900 3607 τεθεὶς,
3971 3544 4030 3606 ἐς

2448 3621 2602 3686 δεξιά
2633 3623 2859 3674 εἰσιόντι
2905 3622 2996 3675 τὸν
3030 3624 3218 3694 δόμον.
3267 3627 3327 3680 '0
3349 3626 3395 3679 δ’
3436 3629 3650 3683 ἐκείνου
3702 3632 4030 3702 ἀδελφιδοῦς

2459 3715 2742 3777 Ἰουσττνος
2773 3715 2802 3766 ό
2834 3715 2973 3778 νέος,
3012 3718 3116 3786 τὴν
3140 3718 3250 3771 τῶν
3277 3720 3607 3790 ἀνακτόρων
3639 3731 4028 3799 πεπιστευμέ-

2450 3817 2541 3862 νος
2570 3801 2861 3870 διοίκησιν,
2906 3803 2965 3856 δν
2997 3807 3410 3876 κουροπαλάτον
3457 3812 3492 3882 ι,
3528 3813 3821 3884 Ῥωμαίων
3877 3823 4028 3874 εἴποι

2450 3894 2628 3962 φωνὴ,
2669 3894 2770 3964 τὴν
2794 3895 3062 3966 ἁλουργὸν
3090 3899 3295 3969 ισθῆτα
3319 3904 3415 3957 καὶ
3459 3905 3528 3958 τά
3575 3905 3742 3960 λοιπά
3769 3911 3872 3979 τῆς
3928 3913 4030 3980 βα-

2450 3985 2656 4080 σιλείας
2705 3987 3043 4080 περιτίθεται
3100 3991 3386 4062 σύμϐολα·
3418 3999 3494 4067 μή
3545 3997 3630 4051 πώ
3678 4017 3826 4064 τινος
3883 4005 4031 4076 πλὴν

2448 4070 2557 4123 τῶν
2580 4070 2721 4142 ἀμφ’
2748 4074 2933 4140 αὑτὸν,
2971 4078 3108 4147 μήτε
3134 4080 3235 4151 τὴν
3259 4083 3648 4141 ’ἰουστινιανοῦ
3691 4070 4029 4158 ἀποϐίωσιν.

2451 4166 2591 4234 μήτε
2623 4165 2733 4236 μὴν
2753 4168 2854 4235 τὴν
2876 4168 3088 4224 ἐκείνου
3123 4173 3428 4240 ιγνωκότος
3455 4178 3763 4251 ἀνάρρησιν
3786 4201 3802 4217 ο
3836 4185 3948 4249 ἕως
3965 4189 4028 4242 οὗ

2448 4259 2596 4353 κατά
2615 4259 2717 4353 την
2745 4259 3134 4334 Ἱπποδρομίαν
3167 4265 3369 4337 αἴφνης
3419 4271 3593 4341 ἐφάνη
3622 4275 3689 4327 τά
3720 4278 3936 4350 συνήθη
3957 4285 4024 4353 τῇ

2450 4349 2704 4421 βασιλείᾳ
2760 4353 2976 4422 δράσων
3028 4375 3087 4410 τε
3133 4359 3231 4414 καὶ
3260 4339 3610 4433 πεισόμενος.
3648 4366 3804 4424 Ἐπεὶ
3835 4339 3893 4424 δὲ

2449 4442 2643 4534 ἑκείνῳ
2664 4445 2839 4534 ἐδόκει
2873 4449 3157 4505 συνέϐαινε
3176 4453 3260 4534 μή
3277 4469 3426 4518 τινος
3461 4461 3918 4530 νεωτερισθέντος
3945 4467 4028 4534 τῷ

2452 4529 2767 4599 πράγματι,
2807 4533 3086 4606 ἑπανῆκεν
3128 4533 3287 4602 αὖθις
3336 4541 3418 4605 είς
3463 4543 3532 4596 τά
3586 4529 3858 4614 βασίλεια.
3915 4529 4028 4608 Kal

2451 4621 2646 4691 πρώτη
2687 4623 2835 4691 αὑτῷ
2859 4625 3139 4696 ἔγγραφος
3169 4632 3383 4699 ἐγίνετο
3410 4634 3662 4702 κέλευσις
3687 4639 3892 4696 λύουσα
3909 4648 4028 4711 τοῖς

2449 4713 2756 4786 ἑκασταχοῦ
2811 4718 3021 4787 ίερεῦσι
3065 4721 3164 4784 τὰς
3210 4724 3539 4798 ὑπερορίους
3576 4733 3778 4800 φυγάς,
3827 4735 3896 4800 ἀς
3927 4756 4026 4793 πε-

2449 4807 2718 4862 πόνθασιν
2759 4810 2902 4881 ὑπὲρ
2929 4813 3032 4882 τῆς
3077 4816 3248 4888 ὀρθῆς
3297 4819 3596 4890 θρησκείας
3633 4829 4027 4896 προκινδυνεύ-

2448 4915 2599 4963 οντες
2622 4917 2634 4929 ’
2673 4903 2919 4968 καὶτοὺς
2957 4907 3194 4974 οἰκείους
3243 4911 3469 4980 θρόνους
3509 4917 4023 4991 ἀπολαμϐάνοντας,

2447 4993 2587 5045 κατὰ
2625 4993 2685 5044 τὸ
2717 4996 2910 5060 εἰωθὸς
2941 4999 3293 5070 θρησκεύειν,
3336 5006 3432 5060 καὶ
3469 5008 3640 5076 μηδέν
3670 5027 3724 5065 τι
3774 5014 3870 5067 τοῦ
3904 5014 4026 5069 λοι-

2447 5080 2551 5133 ποῦ
2594 5084 2725 5152 περὶ
2769 5085 2870 5154 τὴν
2929 5089 3116 5142 πίστιν
3171 5093 3643 5164 ιπικαινουργεῖν.
3705 5101 3878 5156 Τοῦτο
3919 5107 4026 5174 μὲν

2445 5174 2598 5240 ἀξιον
2640 5177 2734 5231 καὶ
2770 5177 2845 5242 ὡς
2874 5180 3051 5249 χρεών
3082 5201 3142 5251 γε
3171 5185 3229 5239 ὂν
3261 5189 3335 5257 τῷ
3371 5188 3586 5256 βασιλεῖ
3606 5192 4026 5266 διεπράχθη,τά

2444 5266 2490 5319 δ’
2530 5269 2668 5323 ἄλλα
2709 5273 2769 5324 οὐ
2815 5273 2960 5326 κατὰ
3019 5275 3293 5346 μόναρχον
3352 5276 3451 5350 ἦν·
3485 5283 3577 5338 τὸν
3615 5287 3725 5357 γάρ
3754 5285 3870 5356 βίον
3907 5293 4024 5359 μά-

2444 5449 2686 5523 desitus.
2728 5450 2970 5523 (Egnat.)

2518 5521 2993 5608 ’(‘rztj‘pesiguabat
3025 5528 3072 5582 is
3136 5528 3396 5586 mulieres
3433 5539 4017 5608 uterumgestantes,

2443 5600 2801 5675 scortatores,
2822 5595 3147 5675 adulteros,
3176 5614 3416 5675 avaros,_
3435 5595 3832 5672 magnanimos.
3865 5595 4015 5675 Qua:

2443 5672 2667 5737 propter
2699 5668 2982 5737 spiritum
3028 5668 3297 5736 Pythonis
3334 5668 3550 5727 habere
3601 5678 3852 5733 creditus
3875 5668 4014 5737 ﬂest.

2439 5730 2687 5814 andreas
2715 5733 2947 5814 quidam
2970 5730 3193 5814 Italicus
3220 5741 3518 5799 circulator
3545 5730 3686 5801 eum,
3710 5730 4009 5807 iniiinii}?

2440 5803 2824 5860 circumduxit.
2867 5805 3063 5877 (Diae)
