4244 6438
270 384 377 453 305

1193 385 1791 450 ΕΟΕΒΕΞῙΑΞΤΙΟᾸΞ
1828 382 2215 448 HlSTORI/B
2258 387 2406 448 LIB.
2451 388 2634 448 XVII-

3413 391 3517 455 ἵζω

253 503 416 555 λιστα
452 501 914 572 ἐκδεδιῃτημένος
937 501 1036 567 ὢν,
1072 506 1309 572 τρυφαῖς
1346 504 1442 556 καὶ
1471 503 1687 573 ἡδοναῖς
1715 502 1838 554 ἀτό-
1865 505 1912 563 Α

1865 505 1912 563 Α
1943 503 2328 569 Imperatorem
2380 501 2639 567 decebat,
2693 503 2926 574 peregit.
2975 503 3030 560 ln
3089 509 3254 564 rebus
3304 524 3516 566 caneris

255 609 382 654 ποις
411 595 711 664 ἐσχόλαζεν
735 611 748 625 ·
793 597 1041 659 ἐκτόπως
1073 613 1134 649 τε
1172 598 1267 651 καὶ
1306 596 1464 662 οὗτος
1513 596 1710 665 ἐπίσης
1757 595 1836 664 τῷ

253 688 408 757 θείῳ,
432 689 616 758 ἥττων
641 688 890 758 αἰσχρῶν
930 688 1240 759 λημμάτων
1300 687 1684 755 καθεστηκὼς,
1724 687 1835 740 τῶν

251 781 560 851 ἀλλοτρίων
596 781 894 854 ὑπερφυῶς
918 782 1048 854 ἦρα.
1103 782 1213 836 Καὶ
1267 783 1430 851 μήτοι
1461 797 1525 850 γε
1575 781 1645 833 τὰ
1682 781 1834 832 κοινά

251 873 486 943 κέρδους
514 875 762 944 ἀθέσμου
802 875 1144 945 ἀπεμπολῶν
1169 871 1260 947 ἦν,
1294 875 1432 929 ἀλλά
1461 876 1553 927 καὶ
1593 874 1682 927 ἐπὶ
1713 876 1835 936 ταῖς

253 968 587 1036 ἱερωσύναις
621 969 692 1022 τά
718 971 1083 1040 παραπλήσια
1112 970 1272 1041 δρᾷν,
1294 969 1548 1038 οὐδαμῶς
1579 967 1835 1023 εὐλαϐού-

253 1077 418 1128 μενος
444 1077 459 1090 ·
497 1060 694 1125 ὠνίους
716 1067 827 1132 γὰρ
863 1064 958 1117 καὶ
995 1063 1204 1129 ταύτας
1255 1064 1672 1136 προτιθέμενος,
1721 1063 1835 1124 τοῖς

253 1153 668 1226 προστυχοῦσιν
701 1157 925 1223 εὑὼνως
960 1159 1300 1230 ιπίπρασκε.

825 1455 1082 1510 ΚΕΦΔΔ.
1147 1457 1269 1509 ΛΔ’.

257 1569 357 1632 ’.ος
384 1568 634 1624 ἀνεῖλεν
663 1568 1000 1634 Ἰουστῖνος
1029 1573 1135 1621 τὸν
1167 1568 1440 1638 συγ-γενῆ
1470 1569 1831 1623 ἰουστῖνονο

317 1641 406 1694 ἐτι
434 1641 538 1693 καί
568 1639 844 1707 Διθέριον
869 1641 966 1693 καὶ
993 1639 1267 1693 ’Δδδαῖον
1291 1639 1434 1704 τοὺς
1463 1641 1832 1709 ἀλιτηρίους.

319 1819 507 1881 Δειλδς
540 1820 596 1873 δὲ
621 1819 699 1874 ῶν
759 1820 944 1889 φύσει,
1006 1822 1200 1890 θράσει
1263 1823 1470 1892 μᾶλλον
1531 1823 1832 1892 συνείχετο⁸
1869 1859 1909 1912 Β

241 1916 342 1968 καὶ
369 1914 543 1982 ἄμφω
587 1914 847 1968 κακίστω
902 1913 1118 1968 παθῶν.
1155 1917 1267 1969 Καὶ
1326 1917 1392 1986 δὴ
1437 1916 1532 1968 τὸν
1591 1918 1831 1986 συγγενῆ

251 2004 547 2059 ἰουστίνον
582 2005 672 2058 διά
709 2006 900 2075 φήμης
965 2007 1095 2059 ὄντα
1144 2007 1224 2078 τῷ
1283 2008 1501 2079 πλήθει,
1558 2011 1654 2062 καὶ
1709 2013 1830 2072 ταῖς

238 2099 391 2151 κατά
443 2098 684 2166 πόλεμον
732 2098 1052 2170 ἐμπειρίαις
1091 2101 1392 2170 περιφανῆ,
1438 2101 1537 2154 καὶ
1594 2105 1713 2164 ταῖς
1741 2102 1834 2155 ἀλ-

238 2193 369 2254 λαις
399 2191 512 2245 τῶν
543 2193 726 2261 τιμῶν
752 2194 1075 2257 ἀναόἀσεσι,
1110 2195 1517 2263 μετεστέλλετο,
1556 2197 1698 2266 ἀμφὶ
1739 2197 1832 2250 τὸν

239 2285 468 2355 Ἴστρον
489 2285 826 2352 ποιούμενον
874 2286 974 2350 τάς
1005 2287 1295 2356 διατρισάς
1356 2289 1453 2343 καὶ
1503 2291 1604 2352 τὰς
1649 2290 1830 2343 έκεῖσε

233 2377 352 2428 τῶν
411 2376 665 2443 Ἀδάρων
725 2377 1006 2447 ἐκδρομὰς
1062 2381 1366 2450 είργοντα·
1423 2380 1714 2449 ἀμαξόὸιοι
1771 2381 1830 2434 δὲ

235 2471 449 2524 Σκυθαι
495 2474 544 2523 ot
586 2471 826 2541 ’Δόαρες
857 2487 872 2502 ο
927 2472 1209 2540 νέμονται.
1238 2475 1295 2526 δι
1340 2475 1450 2544 ἀρα
1512 2475 1613 2527 ὅσα
1670 2476 1830 2529 πεδία

235 2564 388 2632 ὑπὲρ
423 2565 516 2616 τὸν
545 2565 862 2620 Καύκασον.
915 2567 1242 2619 Ἀνάστατοι
1269 2567 1324 2620 δὲ
1357 2567 1552 2638 ἀθρόον
1583 2570 1832 2636 ἐγένοντο

234 2658 378 2724 πρὸς
404 2656 514 2709 τῶν
557 2656 948 2730 Ὑπερϐορέων
993 2659 1242 2726 Περσῶν·
1303 2661 1492 2724 κακῶς
1525 2662 1634 2729 γὰρ
1692 2664 1829 2733 πρὸς

232 2751 425 2803 αὐτῶν
459 2751 786 2820 πάσχοντες,
803 2755 952 2822 φυγῇ
991 2754 1295 2824 χρώμενοι,
1322 2755 1469 2823 ἀμφὶ
1499 2756 1592 2808 τὸν
1620 2757 1828 2808 Βόσπο-

233 2860 338 2911 ρον
368 2837 534 2914 ἧκον,
579 2843 977 2907 καταλιπόντες
1013 2845 1112 2909 τάς
1147 2846 1242 2899 τοῦ
1319 2846 1576 2913 Εὐξείνου
1629 2851 1826 2902 πόντου

229 2932 454 2998 ἠϊόνας.
489 2932 662 2984 Ἔνθα
719 2934 896 3004 συχνὰ
922 2935 1024 3003 μὲν
1087 2936 1218 3006 ἔθνη
1268 2935 1523 3010 βάρϐαρα
1573 2941 1668 2993 καὶ
1723 2940 1828 2992 ὑπὸ

241 3019 543 3089 Ῥωμαίων
575 3021 621 3074 δ’
655 3023 776 3078 ἔνια
827 3025 1232 3096 ὲξῳκίσθησαν,
1289 3030 1385 3083 καὶ
1413 3029 1594 3094 πόλεις
1620 3049 1678 3085 τε
1732 3033 1828 3086 καὶ

230 3113 605 3181 στρατόπεδα,
631 3117 730 3167 καί
763 3134 912 3179 τινες
944 3121 1360 3189 προσορμίσας,
1404 3121 1436 3192 ἢ
1466 3123 1827 3193 στρατιωτῶν

1943 593 2077 647 nihil
2114 592 2259 662 quod
2301 594 2614 648 monarchm
2653 605 2821 657 esset,
2862 597 3114 653 habebat.
3149 599 3284 654 Nam
3320 602 3518 655 intem-

1942 695 2201 754 peranter
2247 687 2486 741 maxime
2533 695 2590 741 et
2641 688 2908 743 dissolute
2952 691 3165 756 vivens,
3203 692 3418 749 deliciis
3461 703 3517 747 ct

1941 777 2319 844 voluptatibus
2362 778 2617 834 vacabat.
2657 781 2832 850 Supra
2879 782 3101 838 modqu
3143 801 3272 840 vero
3303 794 3360 840 et
3391 786 3516 850 iste,

1938 871 2168 941 perinde
2203 880 2364 941 atque
2400 873 2726 939 avunculus,
2759 876 2902 942 turpi
2938 875 3092 930 lucro
3117 876 3312 940 victus,
3337 877 3514 932 aliena

1939 960 2251 1031 appetebat.
2288 961 2453 1032 789
2491 963 2557 1016 Et
2603 977 2708 1016 non
2757 964 2919 1018 modo
2958 966 3174 1034 publica
3225 968 3515 1021 commoda

1941 1053 2129 1107 illicita
2171 1055 2428 1108 mercede
2472 1057 2683 1110 venalia
2720 1057 2978 1122 habebat,
3017 1074 3207 1114 verum
3247 1060 3412 1115 etiam
3448 1062 3517 1116 de

1938 1146 2264 1202 sacerdotiis
2308 1145 2452 1202 idem
2506 1147 2682 1205 facere
2728 1151 3152 1221 haudquaquam
3200 1154 3514 1208 verebatur.

1939 1236 2073 1292 Nam
2109 1250 2165 1294 et
2198 1239 2313 1296 haec
2350 1257 2550 1298 venum
2584 1245 2830 1312 exposita
2882 1245 3175 1316 quibusvis
3211 1246 3390 1316 pretio
3424 1247 3515 1304 vili

1940 1331 2229 1389 vcndebaL

2466 1446 2690 1505 CAPUT
2731 1448 2969 1504 XXXIV.

1944 1553 2011 1608 Ut
2058 1557 2103 1609 is
2151 1555 2423 1612 Iustinum
2468 1569 2754 1628 cognatum
2802 1580 2980 1627 suum,
3037 1567 3164 1619 item
3216 1566 3512 1620 Etherium

2007 1636 2059 1679 et
2108 1629 2426 1707 Additum,
2487 1631 2728 1686 homines
2791 1637 2982 1702 impios
3049 1645 3101 1690 et
3155 1639 3511 1707 perniciosos,

2008 1696 2278 1752 occiderit.

2012 1811 2227 1868 Etcum
2268 1820 2466 1871 natura
2495 1817 2718 1874 timidus
2745 1828 2917 1886 esset,
2951 1821 3191 1876 ferocem
3231 1837 3292 1876 se
3341 1823 3517 1891 magis

1935 1905 2255 1969 exhibebat,
2304 1909 2712 1977 perturbationi
2767 1913 2992 1982 utrique
3059 1914 3384 1982 turpissime
3416 1915 3514 1969 ob-

1936 2001 2157 2053 noxius.
2227 2001 2417 2071 Itaque
2463 2014 2758 2072 cognatum
2799 2021 2958 2059 suum
3010 2006 3315 2071 Justiuum,
3355 2008 3516 2076 cuius

1935 2094 2199 2160 praeclara
2234 2095 2395 2162 vulgo
2429 2094 2570 2149 fama
2616 2105 2761 2161 erat,
2806 2098 2992 2152 virum
3032 2099 3249 2154 bellicis
3299 2101 3514 2154 artibus

1932 2187 2283 2256 aliorumque
2316 2192 2588 2244 honorum
2622 2192 2895 2260 gradibus
2949 2194 3243 2256 illustrem,
3287 2196 3508 2257 accivit,

1933 2279 2028 2347 qui
2080 2279 2147 2332 ad
2186 2280 2386 2334 Istrum
2430 2285 2756 2345 excubabat,
2805 2295 2860 2338 et
2905 2285 3335 2340 excursionibus
3367 2286 3512 2340 Aba-

1934 2385 2055 2423 rum
2077 2372 2152 2441 (Ι)
2173 2372 2247 2426 ibi
2275 2373 2493 2428 obviam
2527 2376 2660 2430 ibat.
2681 2375 2886 2431 Δίκη-οε
2910 2388 3093 2432 autem
3121 2378 3338 2448 Scytha:
3361 2388 3510 2436 sunt.

1932 2463 2238 2531 ἁμαξόόιοι,
2277 2465 2381 2520 Ιιοο
2424 2478 2528 2530 est,
2563 2467 2615 2521 in
2651 2469 2910 2536 plaustris
2944 2469 3233 2538 degentes.
3279 2478 3337 2523 et
3367 2485 3512 2524 cam-

1933 2569 2030 2624 pos
2071 2558 2166 2624 qui
2210 2557 2353 2610 ultra
2419 2557 2724 2612 Caucasum
2780 2572 2930 2625 sunt,
2999 2563 3328 2617 incolentes.
3381 2563 3512 2616 Inde

1928 2657 2113 2701 autem
2147 2649 2439 2702 coiil’ertim
2471 2650 2710 2704 universi
2745 2651 2814 2704 ab
2843 2648 3216 2719 Hyperboreis
3248 2650 3454 2717 Persis,
3482 2669 3512 2703 a

1929 2740 2133 2808 quibus
2157 2741 2296 2794 male
2334 2742 2777 2810 accipiebantur,
2819 2743 2986 2810 pulsi,
3027 2743 3151 2812 fuga
3213 2743 3319 2796 sibi
3381 2758 3511 2795 con-

1928 2831 2150 2886 suluere
2180 2851 2194 2886 :
2225 2844 2280 2886 et
2309 2833 2374 2887 ad
2406 2835 2731 2902 Bosporum,
2763 2835 2954 2888 Euxini
3016 2836 3173 2890 Ponti
3227 2836 3513 2891 littoribus

1930 2925 2160 2991 relictis,
2197 2926 2289 2979 ubi
2341 2927 2526 2980 multa
2586 2928 2835 2981 barbara:
2880 2937 3075 2996 gentes
3123 2930 3510 2994 consederant,

1928 3017 2202 3086 pleneque
2221 3031 2250 3071 a
2272 3017 2537 3072 Romanis
2551 3019 2776 3072 sedibus
2796 3020 2910 3073 suis
2933 3026 3161 3080 exacte,
3183 3019 3351 3074 urbes
3377 3035 3514 3089 quo-

1928 3125 2058 3177 que,
2091 3111 2314 3164 castella
2348 3121 2404 3164 et
2450 3112 2686 3176 navalia,
2720 3126 2846 3164 cum
2878 3111 2967 3165 vel
3022 3111 3228 3166 milites
3265 3113 3509 3165 veterani

227 3206 551 3274 ἀπομάχων
622 3209 955 3278 γινομένων,
1004 3211 1036 3280 ἢ
1072 3199 1183 3265 ’καὶ
1237 3214 1510 3268 ἀποικιῶν
1539 3216 1675 3285 πρὸς
1717 3216 1826 3269 τῶν
1854 3206 1898 3266 C

1854 3206 1898 3266 C
1929 3204 2268 3256 vacationem
2302 3203 2511 3256 militiae
2538 3204 2938 3267 obtinuissent,
2970 3214 3026 3258 et
3080 3203 3200 3258 loca
3232 3219 3297 3258 ea
3351 3219 3502 3258 rece-

231 3300 512 3368 βασιλέων
575 3303 972 3371 στελλομένων,
1042 3304 1144 3375 τὴν
1206 3307 1469 3376 πόρευσιν
1518 3307 1822 3374 έποιοῦντο,

228 3393 378 3463 πρὸς
425 3394 558 3456 τοὺς
613 3396 674 3447 ὲν
733 3397 867 3448 ποσὶ
941 3396 1262 3468 βαρδάρους
1314 3399 1821 3470 ’ἀνθαμιλλώμενον

226 3490 398 3556 ἄχρις
419 3485 482 3539 οὗ
513 3488 650 3556 πρὸς
682 3488 783 3551 τάς
809 3490 1181 3561 παριστρίους
1215 3491 1405 3559 ἠϊόνας
1441 3492 1636 3557 ίόντες,
1686 3493 1827 3562 πρὸς

240 3579 640 3632 Ἰουστινιανὸν
696 3580 792 3632 τὸν
859 3582 1251 3651 αὐτοκράτορα
1310 3583 1823 3650 διεπρεσϐεύσαντο.

238 3670 497 3724 Ἐκεῖθεν
529 3671 719 3724 τοίνυν
751 3673 778 3725 ό
803 3672 993 3743 ῥηθεὶς
1047 3674 1339 3738 Ἰουστίνος
1378 3677 1824 3745 μεταπεμφθεὶς,

228 3760 322 3816 οἶα
350 3763 417 3834 δὴ
441 3761 523 3832 τῷ
573 3763 679 3834 νέῳ
709 3763 923 3834 βασιλεῖ
965 3768 1326 3836 συμμεθέξων
1370 3766 1479 3820 τῶν
1527 3769 1826 3838 συγκειμέ-

225 3873 362 3920 νων,
409 3855 638 3924 καὶτῆς
696 3855 874 3925 ἀρχῆς
912 3857 1261 3912 ἀπολαύσων.
1296 3858 1669 3930 Παραπλησίω
1717 3861 1827 3929 γὰρ

225 3949 388 4009 ὄντες
415 3948 496 4017 τῷ
529 3964 590 4000 τε
635 3948 787 4015 γένει
823 3951 918 4002 καὶ
949 3951 1014 4019 τῇ
1069 3951 1214 4002 κατά
1284 3951 1490 4019 κόσμον
1539 3953 1823 4021 κενότητι,

227 4041 374 4110 πρὸς
399 4040 750 4110 ἀμφοτέρους
784 4042 881 4094 καὶ
909 4042 1314 4110 τὴνβασιλείαν
1349 4045 1827 4116 ταλαντευομένην

226 4128 403 4202 εἶχον.
436 4131 738 4200 Σύμφωνοι
766 4133 824 4185 δὲ
864 4133 1020 4202 μόλις
1051 4131 1197 4205 ἦσαν
1244 4135 1460 4190 πολλῶν
1501 4137 1827 4206 ἀμφιλόγων

226 4225 652 4295 γεγενημένωνο
710 4226 1118 4299 ὥσθ’όποτέρῳ
1175 4231 1393 4299 γένοιτο
1455 4233 1714 4300 παριέναι
1771 4234 1826 4295 ἐς

226 4318 329 4386 τὴν
346 4316 554 4387 ἀρχὴν,
587 4317 804 4389 θατέρῳ
825 4319 924 4383 τὴν
946 4321 1287 4390 μετ’ὲκεῖνον
1316 4321 1500 4378 δοῦναι
1531 4327 1824 4397 καθέδραν,

229 4412 306 4474 ὡς
343 4410 684 4480 συμϐαίνειν
717 4415 784 4466 ἐκ
828 4415 942 4466 τῶν
994 4415 1323 4486 δευτερείων
1378 4419 1479 4487 τῆς
1543 4419 1825 4488 βασιλείας

231 4507 301 4557 τὰ
328 4505 595 4573 πρωτεῖα
623 4504 734 4557 τῶν
766 4505 947 4559 ἀλλων
986 4507 1276 4576 φέρεσθαι.
1317 4509 1563 4564 Ἥκοντα
1619 4491 1821 4577 τοίνυν,

229 4597 404 4666 πολλῇ
437 4598 507 4666 τῇ
544 4597 746 4663 ἔξωθεν
771 4599 909 4668 πρὸς
945 4600 1112 4654 αὐτὸν
1141 4601 1346 4671 ἐχρῆτο
1416 4602 1822 4673 φιλοφροσύνῃ·

230 4691 328 4742 καὶ
361 4684 454 4742 οἷα
516 4689 830 4760 στρατηγόν
884 4707 942 4744 τε
996 4691 1281 4760 περίδοξον
1328 4693 1424 4745 καὶ
1481 4695 1830 4762 προσήκοντα

228 4787 404 4852 γένει,
429 4783 699 4847 ποικίλως
731 4782 1028 4849 ἐδεξιοῦτο.
1065 4785 1300 4837 Ἔπειτα
1344 4786 1526 4848 αἰτίας
1557 4787 1620 4856 δή
1676 4804 1830 4848 τινας

231 4876 619 4939 ὲπιπλάττων,
669 4877 860 4946 ἠρέμα
924 4879 1257 4949 παρῃρεῖτο,
1303 4881 1423 4932 ὅσοι
1474 4879 1594 4947 δῆτ’
1627 4882 1826 4953 ἐκείνῳ

232 4970 591 5024 ὑπασπισταὶ
655 4970 755 5022 καὶ
818 4970 1113 5042 δορυφόροι
1176 4971 1272 5026 καὶ
1351 4975 1823 5043 σωματοφύλακες

231 5060 396 5132 ἦσαν’
427 5063 529 5116 καὶ
559 5062 658 5126 τὰς
713 5063 883 5117 αὐτοῦ
924 5065 1189 5134 προόδους
1251 5067 1495 5136 ἀνεῖργε·
1546 5068 1641 5120 καὶ
1672 5068 1829 5130 τέλος

233 5158 374 5210 ιιῐκοι
400 5155 769 5226 περικλείσας
793 5158 986 5221 αὑτὸν,
1023 5158 1127 5211 ἀνά
1153 5158 1253 5230 τὴν
1327 5159 1687 5229 Ἀλεξάνδρου
1725 5176 1826 5210 πε-

233 5248 440 5318 ριφανῆ
477 5247 638 5300 πόλιν
693 5248 790 5301 ἐπὶ
843 5251 1033 5321 πόρρω
1060 5251 1275 5304 νυκτῶν
1306 5251 1604 5320 κλινοπετῆ
1659 5251 1826 5306 καθε-

233 5342 441 5406 στῶτα,
483 5341 714 5411 δειλαίῳ
773 5343 928 5412 μόρῳ
961 5342 1178 5413 ἀνῄρει.
1218 5344 1447 5412 Ταύτην
1508 5344 1747 5413 ἀμοιόὴν
1801 5346 1828 5397 ὁ

233 5437 503 5501 γεννάδας
533 5437 747 5498 ἐκεῖνος
780 5437 878 5504 τῆς
927 5437 1061 5506 περὶ
1116 5436 1176 5490 τὸ
1229 5437 1507 5504 ὁμόφυλον
1567 5436 1824 5504 εὐνοῖκῆς

230 5527 534 5590 διαθέσεως
567 5528 664 5580 καὶ
708 5529 830 5590 ταῖς
866 5530 1010 5582 κατὰ
1063 5527 1174 5582 τῶν
1230 5529 1510 5598 πολεμίων
1574 5528 1826 5597 ἀπείροις

235 5621 418 5682 νίκαις
475 5621 960 5687 ἀπενεγκάμενος.
1013 5620 1090 5674 Οὐ
1129 5620 1403 5691 πρότερον
1447 5619 1506 5672 δὲ
1535 5623 1635 5690 τῆς
1701 5617 1825 5670 κατ’

307 5779 389 5847 (ί)
442 5779 693 5834 Abarum
735 5794 938 5834 nomen
975 5780 1157 5835 adhuc
1203 5780 1258 5834 in
1299 5778 1576 5849 Hungaria
1618 5779 1822 5832 retinet

238 5846 492 5919 Βηθανία,
530 5853 644 5906 divi
697 5851 916 5906 Martini
954 5855 1152 5922 patria.
1194 5850 1290 5906 liis
1332 5846 1553 5922 quoque
1584 5850 1825 5904 Bavaros

1932 3295 2162 3363 pissent,
2197 3296 2279 3348 vel
2313 3296 2680 3364 imperatores
2726 3296 2974 3350 colonias
3006 3312 3074 3351 eo
3121 3296 3507 3357 deduxissent,

1928 3397 2248 3442 constructa
2305 3396 2489 3450 erant,
2523 3405 2721 3442 venere
2774 3406 2787 3442 :
2832 3399 2887 3444 et
2943 3391 3067 3443 inde
3103 3389 3509 3458 expeditionem

1929 3490 2120 3534 contra
2151 3495 2246 3534 eos
2283 3481 2376 3549 qui
2434 3481 2541 3535 illis
2570 3481 2716 3534 obvii
2751 3484 2970 3544 tierent,
3020 3482 3288 3536 barbaros
3325 3498 3510 3537 susce-

1930 3587 2081 3640 pere,
2099 3573 2276 3626 donee
2293 3573 2359 3627 ad
2389 3575 2510 3628 lstri
2537 3575 2682 3644 ripas
2703 3576 3012 3642 venientes,
3041 3576 3106 3630 ad
3129 3576 3506 3631 Iustinianum

1931 3662 2318 3731 imperatorem
2353 3665 2676 3734 legationem
2717 3666 2938 3722 misere.
2988 3667 3062 3720 Ex
3107 3668 3187 3722 eis
3228 3669 3365 3722 locis
3415 3668 3511 3722 Ju-

1929 3756 2129 3821 stinus,
2182 3773 2342 3827 quem
2386 3758 2519 3822 dixi,
2575 3771 2840 3815 evocatus
2891 3771 2999 3822 est,
3058 3761 3287 3830 perinde
3343 3771 3509 3830 atquo

1932 3849 2206 3917 particeps
2241 3849 2356 3902 ﬁeri
2388 3867 2512 3903 cum
2549 3869 2692 3907 novo
2712 3853 3044 3921 imperatore
3065 3861 3349 3919 pactorum
3379 3869 3509 3906 con-

1929 3950 2222 3994 ventorum
2293 3944 2632 4013 imperioque
2687 3944 2794 3996 frui
2854 3944 3103 3998 deberet.
3144 3944 3298 4009 Quod
3354 3960 3509 3997 nam-

1930 4047 2038 4100 que
2092 4043 2147 4086 et
2193 4049 2390 4102 geneze
2444 4045 2499 4086 et
2549 4033 2822 4087 mundana
2891 4035 2991 4088 ista
3048 4038 3290 4089 vanitate
3344 4050 3504 4104 pares

1927 4135 2141 4189 essent,
2184 4142 2252 4180 ex
2303 4141 2460 4194 asque
2518 4127 2682 4180 etiam
2743 4129 2810 4180 ad
2866 4138 3160 4196 utrumque
3215 4127 3505 4195 imperium

1931 4217 2272 4286 pertinebat.
2337 4216 2466 4272 Post
2521 4220 2720 4274 multas
2789 4235 3026 4288 namque
3081 4219 3509 4288 disceptationes

1930 4308 2149 4363 tandem
2179 4310 2286 4363 illis
2319 4322 2673 4374 convenerat,
2699 4323 2758 4364 ut
2790 4313 2881 4379 qui
2906 4311 3124 4378 imperii
3152 4309 3506 4364 administra-

1934 4399 2138 4454 tionem
2171 4412 2627 4470 consequeretur,
2674 4403 2833 4456 alteri
2869 4403 3182 4470 proximum
3238 4402 3505 4457 honorem

1929 4493 2282 4557 concederet,
2308 4495 2379 4547 ita
2414 4504 2473 4547 ut
2499 4494 2546 4547 is
2580 4510 2644 4547 ex
2679 4493 2938 4548 secundis
2999 4495 3218 4566 imperii
3259 4495 3508 4564 partibus

1936 4585 2140 4654 primas
2197 4601 2308 4654 prae
2346 4585 2470 4640 aliis
2526 4585 2714 4640 ferret.
2781 4586 3122 4640 Adveniente
3181 4587 3349 4658 igitur
3404 4603 3507 4652 eo,

1932 4677 2103 4730 multa
2138 4676 2499 4747 benignitate,
2535 4677 2699 4731 sicuti
2752 4693 2863 4746 pra:
2892 4693 2951 4732 se
2986 4678 3136 4744 tulit,
3166 4694 3296 4748 erga
3332 4679 3507 4733 homi-

1932 4782 2054 4820 nem
2083 4767 2379 4836 imperator
2423 4775 2507 4819 est
2547 4782 2714 4828 usus,
2768 4768 3133 4836 eumdemque
3193 4781 3252 4823 ut
3308 4769 3501 4824 ducem

1931 4858 2224 4927 insignem,
2247 4871 2303 4914 et
2327 4874 2527 4929 genere
2559 4860 2663 4914 sibi
2691 4861 3088 4930 propinquum,
3127 4864 3274 4916 varia
3318 4863 3506 4916 huma-

1931 4949 2100 5004 nitate
2139 4952 2414 5004 trai-tavit.
2447 4952 2719 5020 Deinceps
2774 4962 2956 5005 autem
3014 4969 3206 5007 causas
3243 4955 3506 5022 quasdam

1931 5054 2293 5107 commentus,
2330 5045 2589 5112 paulatim
2625 5059 2764 5112 quos
2792 5045 2881 5098 ille
2907 5045 3130 5110 milites,
3157 5047 3424 5101 satellites
3454 5057 3507 5102 i-t

1928 5135 2181 5203 corporis
2215 5133 2472 5190 custodes
2512 5134 2774 5201 habebat,
2803 5134 2881 5188 illi
2927 5135 3185 5198 detraxit,
3215 5137 3505 5206 progredi-

1931 5242 2037 5294 que
2065 5242 2190 5280 eum
2225 5227 2278 5280 in
2313 5228 2597 5296 publicum
2625 5231 2800 5283 vetuit
2835 5245 2848 5282 :
2887 5239 2942 5282 et
2996 5239 3275 5297 postremo
3317 5230 3388 5283 ini
3419 5245 3505 5284 ce.

1932 5316 2226 5372 Ieberrima
2260 5317 2424 5387 790
2479 5319 2822 5373 Alexandriae
2859 5318 2994 5374 urbe
3041 5320 3190 5374 domi
3234 5321 3505 5382 clausum,

1930 5409 2003 5464 ita
2031 5420 2088 5463 ut
2117 5411 2170 5464 in
2206 5411 2346 5466 lecto
2379 5414 2618 5482 jacebat,
2669 5413 2723 5467 in
2760 5414 2931 5468 multa
2981 5425 3142 5469 nocte
3191 5415 3502 5467 miseranda

1930 5500 2077 5555 cede
2122 5502 2363 5558 sustulit.
2405 5502 2554 5558 llanc
2607 5520 2906 5574 generosus
2959 5506 3048 5558 ille
3087 5506 3169 5557 vir
3226 5505 3504 5559 benevola:

1930 5602 2153 5662 propter
2209 5597 2592 5665 cognationem
2651 5597 2981 5661 atl‘ectionis,
3029 5598 3504 5666 plurimarutnque

1929 5787 2126 5895 nolmen
2193 5792 2350 5833 suum
2418 5789 2698 5850 acceptum
2755 5781 2900 5834 terre
2957 5779 3155 5834 debere
3205 5777 3502 5834 verisimile

1929 5857 1985 5895 Ca
2017 5881 2031 5895 .

1927 5857 2031 5896 Cal.
