4244 6438
237 380 349 439 309

1172 375 1763 436 ECCLESIASTICiI
1806 377 2184 437 ΙίῙίιΤΟιὶΙίΕ
2224 378 2367 436 LIB.
2409 379 2589 436 XV”.

3396 369 3495 437 310

241 496 276 559 ἢ
316 491 664 553 δοξάζοντας·
716 488 905 559 πρώτη
939 487 1044 555 γάρ
1076 488 1321 554 σωτηρία
1358 487 1665 555 καθέστηκε
1716 490 1816 539 πί-
1851 498 1889 552 Α

1814 519 1816 526 ι
1851 498 1889 552 Α
1922 499 2145 555 prepter
2173 499 2229 542 et
2273 502 2373 541 nos
2398 488 2707 556 evangeliea
2741 495 3033 554 prmcopla.
3092 494 3147 540 et
3182 499 3490 542 sanetorum

244 601 332 634 σιν
361 582 673 653 ἀνθρώποις
710 582 863 651 tua;
898 579 1067 650 ὀρθῆς
1102 582 1343 641 πίστεως
1388 579 1670 647 ὁμολογία.
1730 578 1821 631 Διὸ

241 676 339 728 καὶ
370 678 533 746 ἡμεῖς
565 678 680 736 τοῖς
711 672 1091 739 εὐαγγελικοῖς
1116 671 1651 729 κατακολουθοῦντες
1677 688 1821 737 παρ-

240 768 582 835 αγγὲλμασι,
639 767 733 819 καὶ
775 767 851 836 τῷ
888 766 1026 834 ἁγίῳ
1062 764 1320 833 συμϐόλῳ
1363 765 1485 833 ἡτοι
1534 763 1821 832 μαθήματι

240 860 350 909 τῶν
384 858 559 926 ἁγίων
590 858 873 927 Πατάρων,
898 859 1032 927 πρὸς
1063 858 1190 925 μίαν
1220 858 1319 910 καὶ
1356 856 1458 926 τὴν
1494 856 1664 926 αὐτὴν
1698 855 1825 907 Ἐκ-

240 953 479 1021 κλησίαν
508 969 569 1004 τε
605 952 698 1004 καὶ
737 951 963 1020 γνώμην
1001 950 1424 1021 προτμπόμεθα
1464 950 1673 1010 πάντας
1707 964 1826 1000 συν-

240 1044 447 1109 ελθεῐν,
483 1046 840 1107 πιστεύοντες
867 1046 947 1106 είς
1004 1044 1226 1113 Πατέρα
1250 1045 1344 1095 καὶ
1381 1043 1510 1095 Υίὸν
1540 1042 1635 1093 καὶ
1666 1040 1824 1107 ἅγιον

242 1135 495 1203 Πνεῦμα,
529 1136 739 1205 Τριάδα
773 1136 1083 1205 όμοούσιον,
1120 1136 1248 1206 μίαν
1290 1136 1525 1204 θεότητα
1568 1136 1693 1204 ἦτοι
1727 1131 1823 1203 φύ-

241 1245 327 1279 σιν
365 1229 463 1279 καὶ
494 1228 686 1281 οὐσίαν
717 1227 861 1297 λόγῳ
890 1230 986 1281 καὶ
1025 1230 1341 1297 πράγματι,
1388 1228 1484 1281 καὶ
1511 1227 1639 1301 μίαν
1665 1228 1826 1278 δύνα-

243 1338 337 1387 μιν
369 1323 468 1372 καὶ
500 1319 751 1383 ἐξουσίαν
792 1322 887 1373 καὶ
920 1321 1201 1389 ινέργειαν
1235 1322 1292 1372 ὲν
1351 1320 1530 1387 τρισὶν
1584 1319 1826 1370 ὑποστά-

238 1430 417 1475 σεσιν,
461 1415 635 1483 ήγουν
657 1414 974 1482 προσώποις
1007 1413 1342 1477 δοξάζοντες·
1379 1416 1458 1474 είς
1498 1412 1532 1465 ἃ
1568 1410 1829 1479 βεόαπτί-

240 1507 445 1573 σμεθα,
473 1506 553 1567 είς
574 1506 610 1559 ἃ
641 1506 1123 1574 πεπιστεύκαμεν,
1163 1505 1259 1557 καὶ
1284 1500 1366 1567 οἷς
1386 1503 1823 1571 συντετάγμεθα·

240 1598 448 1664 μονάδα
480 1600 592 1665 γὰρ
634 1600 693 1649 ιν
732 1597 944 1667 Τριάδι,
980 1599 1074 1651 καὶ
1106 1596 1315 1665 Τριάδα
1350 1599 1407 1649 ὲν
1437 1597 1624 1665 μονάδι
1661 1613 1826 1665 προσ-⁸

238 1690 524 1759 κυνοῦμεν
557 1731 571 1754 ,
638 1693 945 1760 παράδοξον
1008 1692 1238 1759 ἔχουσαν
1281 1690 1376 1743 καὶ
1426 1688 1523 1758 τὴν
1566 1688 1826 1757 διαίρεσιν

1925 581 2145 637 Patrum
2182 597 2396 636 sacrum
2429 581 2749 650 Symbolum
2800 583 2914 635 sive
2958 580 3265 633 doctrinam
3300 595 3491 632 conse-

1924 682 2160 738 ctantes,
2191 685 2242 727 ιιι
2277 674 2344 727 ad
2375 690 2536 728 uuam
2574 675 2931 741 eamdemque
2960 672 3258 727 Ecclesiam
3286 680 3341 725 et
3370 686 3492 724 sen-

1926 766 2151 822 tentiam
2188 766 2349 820 simul
2391 767 2674 827 accedant,
2711 781 2905 819 omnes
2959 766 3333 828 cohortamur,
3372 779 3490 815 crc-

1924 861 2117 915 dentes
2156 861 2210 913 in
2247 860 2457 914 Patrem
2481 870 2536 914 et
2577 860 2768 913 Filium
2800 870 2856 913 et
2910 858 3176 927 Spiritum
3215 869 3486 919 sanctum,

1928 952 2248 1007 Trinitatem
2282 951 2589 1018 ὁμοούσιον,
2621 952 3182 1015 consubstantialem,
3222 951 3489 1004 Deitatem

1927 1050 2044 1100 sive
2064 1057 2317 1101 naturam
2350 1053 2407 1099 et
2434 1046 2731 1101 essentiam
2766 1045 2939 1100 verbo
2963 1054 3019 1098 et
3070 1043 3252 1112 reipsa
3306 1058 3492 1096 unam.

1930 1137 2107 1193 Unam
2142 1138 2306 1192 etiam
2342 1138 2603 1191 virtutem
2649 1146 2702 1191 et
2732 1146 3055 1206 potestatem
3085 1144 3143 1189 et
3190 1134 3491 1201 ἐνέργειαν,

1928 1229 2032 1283 hoc
2052 1240 2158 1293 est,
2188 1228 2480 1283 efﬁcaciam
2514 1231 2569 1282 in
2614 1228 2790 1282 tribus
2843 1226 3218 1283 subsistentiis
3245 1242 3340 1280 seu
3374 1241 3493 1295 per-

1928 1322 2077 1375 sonis
2107 1321 2450 1391 proﬁtentes,
2508 1325 2563 1378 in
2595 1338 2732 1392 quas
2753 1323 3011 1390 baptizati
3036 1336 3248 1384 sumus,
3274 1321 3329 1374 in
3357 1336 3494 1389 quas

1928 1420 2221 1483 credimus,
2270 1429 2327 1473 et
2383 1420 2585 1487 quibus
2640 1419 2980 1488 professione
3040 1418 3241 1471 addicti
3280 1432 3491 1471 sumus.

1930 1508 2205 1563 Unitatem
2242 1510 2516 1578 siquidem
2559 1508 2613 1561 iu
2648 1508 2940 1572 Trinitate,
2973 1515 3029 1560 et
3064 1506 3384 1560 Trinitatem
3440 1505 3494 1556 itt

1931 1601 2137 1655 unitate
2164 1601 2481 1662 adoramus.
2506 1600 2916 1654 distinetiouem
2948 1598 3111 1654 simul
3134 1608 3190 1652 et
3212 1599 3491 1652 unionem.

1931 1701 2124 1759 prater
2181 1693 2497 1762 opinionem
2556 1706 2800 1755 omnem,
2850 1691 3163 1745 habentem.
3219 1689 3493 1744 Unitatem

238 1781 337 1831 καὶ
366 1782 470 1847 τὴν
506 1782 724 1835 ἕνωσιν.
763 1782 984 1836 Μονάδα
1020 1782 1122 1849 μὶν
1143 1782 1287 1835 κατὰ
1309 1780 1407 1851 τὴν
1441 1782 1630 1832 οὐσίαν
1657 1781 1825 1849 ἡγουν
1859 1841 1893 1851 ﬁ

1818 1797 1825 1824 ι
1859 1841 1893 1851 ﬁ
1929 1783 2147 1850 quidem
2175 1784 2474 1837 secundum
2523 1785 2818 1837 essentiam
2852 1785 2966 1837 sive
3002 1783 3268 1836 Deitatem
3304 1798 3319 1836 :
3380 1781 3494 1835 Tri-

237 1876 500 1940 θεότητα,
535 1875 743 1945 Τριάδα
775 1875 831 1926 δὲ
859 1876 999 1927 κατά
1026 1876 1123 1937 τὰς
1160 1875 1451 1943 ἰδιότητας,
1495 1875 1662 1944 ἧγουν
1694 1875 1824 1925 ὑπο-

242 1968 471 2028 στάσεις
512 1968 635 2036 ήτοι
664 1968 957 2036 πρόσωπα.
1004 1969 1307 2036 Διαιρεῖται
1339 1967 1448 2036 γάρ
1478 1967 1822 2035 ἁδιαιρέτως,

240 2057 521 2119 ἶνὀῦτως
572 2058 842 2125 εῑπωμεν,
901 2060 995 2109 καὶ
1043 2059 1385 2110 συνάπτεται
1457 2056 1823 2125 διηρημένως.

243 2151 344 2202 Ἓν
382 2153 496 2221 γὰρ
529 2151 587 2201 ιν
606 2152 788 2217 τρισὶν
822 2153 854 2219 ἡ
906 2152 1118 2217 θεότης,
1176 2150 1271 2201 καί
1301 2149 1370 2202 τὰ
1393 2148 1518 2219 τρία
1557 2147 1614 2200 ἑν
1662 2147 1730 2198 τὰ
1766 2148 1824 2198 lv

234 2240 320 2305 οἷς
369 2246 403 2313 ὴ
472 2244 686 2310 θεότης.
740 2243 772 2315 ἢ
820 2244 880 2295 τό
914 2260 976 2310 γε
1043 2242 1431 2311 ἀκριϐέστερον
1464 2243 1659 2302 εἰπεῖν,
1719 2239 1753 2291 ἃ
1792 2241 1825 2307 η

236 2339 455 2404 θεότης·
489 2336 626 2389 Θεὸν
648 2340 741 2389 τὸν
777 2337 1020 2403 Πατέρα,
1058 2336 1192 2387 Θεὸν
1250 2337 1340 2387 τὸν
1368 2334 1518 2399 Υῑὸν,
1587 2333 1721 2386 Θεὸν
1765 2333 1826 2385 τὸ

240 2430 477 2497 Πνεῦμα
500 2430 562 2481 τὸ
586 2430 767 2498 ἆγιονο
801 2430 933 2483 ὅταν
965 2428 1198 2481 ἕκαστον
1226 2429 1524 2498 πρόσωπον
1552 2426 1676 2479 καθ’
1697 2426 1825 2478 ἑαυ-

237 2524 300 2572 τὸ
359 2523 665 2591 θεωρῆται,
721 2521 816 2574 τοῦ
854 2522 946 2573 νοῦ
1007 2522 1343 2591 χωρίζοντας
1396 2523 1465 2572 τὰ
1522 2520 1823 2589 άχώριστα·

236 2616 377 2666 Θεὸν
428 2616 497 2667 τὰ
553 2616 683 2685 τρία
718 2614 839 2687 μετ’
885 2615 1132 2684 ἀλλήλων
1185 2613 1451 2683 νοούμενα
1512 2612 1589 2681 τῷ
1644 2612 1827 2679 ταυτῷ

236 2712 340 2778 τῆς
407 2711 681 2778 κινήσεως
742 2710 837 2761 καὶ
870 2710 967 2776 τῆς
1004 2709 1238 2777 φύσεως.

235 2804 334 2856 τὸν
361 2803 463 2856 ἕνα
497 2804 632 2855 Θεὸν
665 2804 971 2871 ὁμολογεῖν,
1008 2802 1099 2854 καὶ
1153 2801 1253 2861 τὰς
1285 2802 1435 2870 τρεῖς
1474 2798 1823 2860 ὑποστάσεις,

236 2894 742 2964 ἦγθυνίδιότητας.
792 2894 1107 2962 κηρύττειν.
1161 2891 1569 2960 Ὀμολογοῦμεν
1634 2890 1691 2942 δὲ
1726 2889 1824 2941 αύ-

236 2986 335 3038 τὸν
366 2986 461 3038 τὸν
487 2985 755 3053 μονογενῆ
784 2985 913 3036 Υἱὸν
933 2984 1030 3037 τοῦ
1060 2981 1218 3050 Θεοῦ,
1249 2984 1340 3033 τὸν
1362 2982 1495 3035 Θεὸν
1515 2981 1713 3049 Λόγον,
1732 2981 1824 3032 τὸν

236 3079 349 3148 πρὸ
378 3076 593 3130 αἰώνων
613 3078 708 3128 καὶ
738 3078 983 3144 ἁχρόνως
1008 3077 1072 3127 ὲκ
1104 3076 1198 3127 τοῦ
1232 3074 1443 3143 ῐῐατρὸς
1464 3073 1818 3143 γεννηθέντα,

1320 2705 1540 2774 Ἐπειδὴ
1586 2705 1692 2775 χρὴ
1734 2707 1827 2757 καὶ
1846 2746 1856 2760 .

1929 1878 2152 1927 nitatem
2212 1891 2341 1927 vero
2381 1877 2677 1928 secundum
2730 1874 3089 1942 proprietates
3146 1873 3261 1926 sive
3313 1872 3493 1927 subsi-

1925 1965 2152 2018 stentias
2204 1979 2298 2017 5w
2335 1980 2613 2031 personas.
2655 1964 3015 2032 Distinguitur
3070 1978 3309 2029 namque
3352 1962 3493 2015 indi-

1926 2058 2148 2118 stincte,
2184 2067 2242 2108 tit
2274 2058 2346 2108 ita
2408 2057 2657 2109 dicamus
2715 2056 3147 2123 eteonjungitur
3209 2055 3491 2116 distincte,

1925 2149 2193 2215 siquidem
2230 2165 2395 2200 unum
2430 2159 2516 2201 est
2574 2150 2625 2199 itt
2656 2149 2830 2199 tribus
2865 2148 2979 2214 ipsa
3013 2148 3193 2200 Deitas
3232 2163 3245 2199 :
3277 2157 3333 2200 et
3367 2148 3490 2209 tria,

1926 2242 1980 2293 in
2004 2243 2206 2309 quibus
2237 2244 2417 2298 Deitas
2437 2256 2541 2301 est.
2575 2258 2695 2302 seu,
2719 2242 2864 2310 quod
2891 2243 3100 2295 certius
3124 2240 3347 2302 dicitur,
3372 2257 3492 2307 quo:

1925 2332 2108 2386 Deitas
2145 2344 2292 2396 sunt,
2346 2348 2514 2385 unum
2572 2332 2738 2385 Deum
2776 2332 3010 2396 Patrem,
3062 2332 3229 2385 Deum
3273 2332 3490 2393 Filium,

1925 2425 2097 2479 Deum
2140 2426 2401 2493 Spiritum
2433 2434 2703 2487 sanctum,
2738 2425 2898 2494 792
2929 2439 3055 2478 cum
3084 2440 3313 2491 persona
3340 2443 3490 2493 quae-

1926 2531 2033 2583 que
2089 2530 2183 2583 per
2214 2516 2444 2583 seipsam
2482 2526 2780 2583 spectatur,
2832 2518 3029 2570 mentis
3084 2517 3255 2584 ipsius
3306 2532 3488 2575 sensu,

1923 2621 2043 2672 qua:
2081 2605 2497 2675 insegregabilia
2532 2614 2680 2669 sunt,
2711 2615 3030 2673 segregante
3068 2628 3082 2660 :
3114 2608 3284 2659 Deum
3314 2623 3483 2659 unum

1926 2701 2029 2752 tria
2066 2700 2179 2753 haec
2212 2701 2373 2753 simul
2406 2701 2607 2753 mentis
2657 2702 2908 2754 acumine
2939 2702 3239 2764 intellecta,
3268 2713 3491 2769 propter

1923 2792 2178 2844 eumdem
2211 2806 2419 2845 nmium
2446 2801 2501 2844 et
2542 2804 2794 2844 naturam
2831 2792 3099 2847 eamdem.
3130 2792 3455 2861 Quandoan
3478 2825 3489 2833 -

1926 2883 2048 2937 dein
2081 2899 2317 2952 peropus
2342 2896 2448 2949 est,
2482 2896 2538 2938 et
2573 2901 2740 2937 unum
2775 2884 2944 2937 Deum
2979 2887 3245 2954 profiteri,
3280 2898 3335 2939 et
3383 2897 3492 2937 tres

1925 2977 2311 3031 subsistentias
2341 2979 2457 3030 sive
2486 2978 2855 3045 proprietates
2902 2977 3223 3046 praedicare.
3251 2978 3492 3029 Conliiv-

1928 3083 2051 3120 mur
2084 3083 2214 3121 vero
2266 3070 2444 3137 ipsum
2498 3069 2835 3137 unigenitum
2904 3068 3096 3121 Filium
3162 3068 3277 3129 Dei,
3324 3070 3492 3121 Dentn

235 3168 301 3217 οὐ
339 3164 663 3231 ποιηθέντα,
714 3164 803 3215 ὸπ⁹
832 3164 1078 3231 ἐσχάτων
1107 3163 1163 3216 δὲ
1200 3162 1307 3215 τῶν
1337 3162 1561 3233 ήμερῶν
1591 3162 1819 3229 δι’ήμᾶς
1853 3176 1893 3231 c

1812 3179 1819 3220 ;
1853 3176 1893 3231 ο
1933 3159 2166 3213 Verbum
2193 3162 2291 3227 (l).
2335 3170 2463 3213 ante
2499 3161 2695 3213 saecula
2733 3161 2959 3227 quidem
2992 3168 3047 3212 et
3088 3160 3297 3227 absque
3352 3171 3488 3211 tem-

239 3257 338 3308 καὶ
367 3257 462 3307 διά
506 3255 608 3325 τὴν
641 3254 920 3324 ἡμετέραν
952 3255 1233 3323 σωτηρίαν
1264 3254 1597 3307 κατελθόντα
1626 3256 1691 3306 ὲκ
1716 3253 1823 3305 τῶν

237 3350 520 3419 οὐρανῶν,
554 3350 650 3400 καὶ
681 3348 1062 3416 σαρκωθεντα,
1096 3350 1159 3399 ὲκ
1188 3348 1503 3415 Πνεύματος
1535 3346 1693 3412 ἁγίου
1728 3344 1824 3396 κού⁸

239 3445 345 3510 τῆς
377 3442 679 3510 δεσποίνης
731 3441 889 3509 ἡμῶν
949 3442 1050 3509 τῆς
1084 3441 1245 3507 ἁγίας
1299 3440 1512 3505 ἐνδόξου
1556 3438 1824 3491 Θεοτόκου

241 3536 339 3589 καὶ
377 3536 751 3602 ἐιειπαρθένου
782 3534 1025 3602 Μαρίας,
1068 3537 1162 3585 καὶ
1190 3532 1517 3600 γεννηθέντα
1542 3528 1602 3595 ἐξ
1626 3529 1820 3595 αὐτῆς·

236 3634 297 3691 ὃς
337 3631 458 3680 ἐστι
492 3626 571 3696 τῷ
602 3627 779 3695 Πατρὶ
805 3626 897 3678 καὶ
932 3626 1008 3694 τῷ
1024 3628 1169 3692 ἁγίῳ
1191 3626 1472 3692 ῐΙνεύματι
1515 3625 1649 3684 ῐσος·
1704 3622 1826 3675 ούόὶ

241 3722 357 3789 γὰρ
391 3721 664 3789 τετάρτου
696 3718 993 3788 προσώπου
1026 3716 1347 3786 προσθήκην
1395 3716 1665 3785 ὲδέξατοή
1694 3715 1827 3781 ἁγία

239 3813 447 3882 Τριὰς,
484 3813 583 3865 καὶ
613 3811 993 3879 σαρκωθέντος
1011 3808 1106 3861 τοῦ
1149 3810 1269 3870 ἑνὸς
1322 3810 1421 3876 τῆς
1456 3807 1617 3874 ἁγίας
1657 3808 1826 3872 Τριά-

239 3908 331 3967 δος
357 3898 501 3957 Θεοῦ
536 3903 735 3969 Λόγου·
765 3901 880 3953 ἀλλ’
908 3901 1057 3952 ἐστιν
1079 3894 1156 3961 εἷς
1192 3899 1287 3951 καὶ
1314 3902 1342 3951 ό
1391 3900 1552 3959 αὐτὸς
1579 3902 1605 3950 ὁ
1625 3898 1826 3969 Κύριος

240 3998 409 4063 ἡμῶν
477 3994 692 4064 Ἰησοῦς
756 3995 991 4063 Χριστὸς
1048 3992 1335 4061 ὁμοούσιος
1383 3991 1459 4059 τῷ
1510 3991 1683 4059 Πατρὶ
1734 3992 1826 4042 καὶ

242 4091 366 4158 HJ}:
400 4090 546 4141 κατὰ
587 4088 685 4157 τὴν
716 4086 969 4157 θεότητα,
998 4091 1087 4137 καί
1125 4085 1413 4153 ὁμοούσιρς
1440 4086 1574 4150 ἡμῖν
1608 4086 1634 4135 ὁ
1659 4083 1825 4142 αὐτὸς

243 4186 392 4234 κατὰ
422 4184 525 4246 τὴν
556 4179 980 4249 άνθρωπότητα·
1039 4177 1283 4247 παθητὸς
1322 4177 1507 4242 σαρκὶ,
1550 4176 1645 4229 καὶ
1676 4177 1821 4228 ἀπα-

242 4278 348 4341 θὴς
378 4278 407 4328 ὁ
440 4274 609 4332 αὐτὸς
668 4274 725 4323 ἑν
762 4271 1000 4339 θεότητι.
1062 4271 1136 4322 Οὑ
1193 4269 1303 4337 γὰρ
1355 4270 1513 4321 ἄλλον
1554 4270 1647 4320 τὸν
1694 4268 1828 4321 Θεὸν

242 4371 419 4435 Λόγον
452 4366 546 4418 τὸν
572 4363 1156 4432 θαυματουργήσαντα,
1178 4361 1272 4413 καὶ
1297 4360 1453 4413 ἄλλον
1471 4360 1557 4412 τὸν
1588 4360 1829 4412 παθόντα

245 4458 623 4528 ἐπιστάμεθαθ
674 4455 790 4509 ἀλλ’
844 4457 942 4507 ἕνα
992 4455 1088 4507 καὶ
1122 4455 1215 4505 τὸν
1247 4450 1410 4504 αὑτὸν
1453 4451 1827 4519 ὁμολογοῦμεν

247 4553 457 4617 Κύριον
509 4550 670 4618 ἡμῶν
699 4547 911 4617 Ἰησοῦν
942 4546 1179 4616 Χριστὸν
1204 4545 1297 4596 τὸν
1334 4543 1425 4596 τοῦ
1476 4542 1611 4594 Θεοῦ
1656 4543 1827 4609 Λόγον

246 4644 613 4714 σαρκωθίντα
642 4642 735 4693 καὶ
760 4639 977 4701 τελείως
1015 4635 1530 4707 ἑνανθρωπήσαντα·
1568 4638 1660 4686 καὶ
1710 4635 1826 4695 ἑνὸς

245 4742 341 4793 καὶ
370 4736 470 4790 τοῦ
503 4734 670 4788 αὑτοῦ
699 4734 768 4786 τά
819 4750 876 4785 τε
913 4729 1171 4799 θαύματα
1212 4728 1307 4781 καὶ
1362 4729 1430 4780 τὰ
1487 4726 1631 4795 πάθη
1684 4725 1827 4793 ἅπερ

244 4830 515 4891 ἑκουσίως
550 4827 813 4895 ὑπέμεινε
848 4824 1013 4893 σαρκὶ
1041 4822 1130 4874 διὰ
1172 4821 1272 4890 τὴν
1324 4820 1598 4887 ἡμετέραν
1650 4834 1828 4885 σωτη-

246 4925 393 4989 ρίαν.
427 4924 506 4974 Οὐ
543 4923 653 4987 γὰρ
678 4916 962 4985 ἅνθρωπός
987 4932 1067 4976 τις
1100 4912 1291 4966 ἑαυτὸν
1324 4912 1465 4981 ὑπὲρ
1490 4911 1646 4980 ἡμῶν
1668 4910 1829 4961 δέδω-

242 5032 360 5077 γεν,
392 5015 511 5066 ἀλλ’
570 5013 732 5073 αὐτὸς
759 5013 787 5063 ὁ
818 5009 948 5069 Θεὸς
987 5008 1185 5073 Λόγος,
1228 5005 1511 5076 ἀτρέπτως
1541 5004 1828 5069 γενόμενος

243 5110 561 5175 ἄνθρωπος·
600 5106 659 5155 τό
696 5121 756 5155 τε
808 5102 1051 5155 ἑκούσιον
1098 5100 1267 5160 πάθος
1311 5098 1403 5149 καὶ
1452 5098 1543 5150 τὸν
1601 5096 1829 5147 θάνατον

246 5203 389 5270 ὑπὲρ
422 5198 590 5267 ἡμῶν
624 5195 786 5262 σαρκὶ
820 5192 1154 5255 κατεδέξατο.
1192 5190 1301 5243 Καὶ
1350 5190 1483 5240 Θεὸν
1516 5187 1694 5240 τοίνυν
1728 5188 1827 5237 αὑ-

239 5297 333 5346 τὸν
370 5289 792 5358 ὁμολογοῦντες,
825 5285 924 5335 οὐκ
975 5281 1274 5350 ἀθετοῦμεν
1332 5279 1424 5331 τοῦ
1488 5274 1625 5329 εἶναι
1668 5277 1829 5328 αὑτὸν

242 5384 337 5437 καὶ
359 5382 682 5447 ἄνθρωπον
727 5378 822 5427 καὶ
869 5373 1160 5441 ἄνθρωπον
1211 5371 1375 5423 αὑτὸν
1414 5368 1825 5437 όμοὶογοῦντες,

242 5479 344 5529 οῦκ
402 5467 727 5541 ἀρνούμεθα
774 5466 871 5518 τοῦ
935 5462 1073 5516 ιὶναι
1118 5465 1279 5515 αὑτὸν
1335 5462 1424 5513 καὶ
1456 5461 1609 5512 Θεόν.
1666 5460 1827 5511 Ὅθεν

242 5574 340 5619 ενα
372 5568 474 5617 καὶ
517 5565 612 5614 τὸν
642 5562 804 5611 αὑτὸν
874 5560 931 5620 ἐξ
984 5559 1243 5625 ἑκατέρας
1294 5552 1476 5620 φύσεω
1513 5591 1525 5614 ,
1578 5551 1826 5618 θεότητος

316 5706 393 5769 (l)
424 5702 482 5755 [n
522 5698 709 5754 Vrrlio
742 5696 985 5763 intelligo
1020 5693 1339 5769 t'erutp__Dei
1379 5690 1591 5769 Filium.
1626 5687 1682 5740 lu
1712 5704 1828 5741 Cur-

246 5764 331 5828 ne
363 5764 613 5831 agitOSL-U
645 5784 835 5825 verum
893 5767 1129 5820 hominis
1169 5764 1387 5821 Filium,
1429 5774 1482 5812 et
1537 5768 1825 5831 utrumque

247 5825 507 5902 hmui'm
551 5856 659 5895 una
710 5853 943 5907 persona
1005 5837 1100 5890 Dei
1162 5845 1215 5888 et
1260 5833 1502 5886 hominis
1565 5829 1825 5881 ineu'abili

1926 3266 2055 3319 pore
2085 3266 2151 3305 ex
2195 3252 2355 3305 Patre
2388 3251 2653 3320 genitum,
2694 3266 2801 3303 non
2840 3252 3063 3304 factum.
3108 3252 3162 3304 In
3232 3252 3493 3305 extremis

1924 3354 2106 3397 autem
2153 3343 2370 3406 diebus,
2426 3351 2654 3411 propter
2694 3358 2815 3404 nos,
2879 3352 2933 3397 et
2988 3354 3213 3411 propter
3246 3353 3489 3396 nostram

1923 3438 2177 3501 salutem,
2216 3436 2569 3499 descendisse
2601 3437 2667 3489 de
2702 3436 2856 3490 malis
2896 3453 2908 3488 :
2942 3445 2995 3488 et
3027 3437 3367 3488 incarnatum
3425 3452 3491 3490 ex

1926 3528 2132 3597 Spiritu
2162 3539 2379 3592 sancto,
2416 3539 2472 3584 et
2498 3531 2726 3583 Domina
2769 3539 2951 3582 nostra
3013 3540 3203 3582 sancta
3250 3530 3491 3599 gloriosa

1924 3621 2017 3675 Dei
2051 3621 2331 3676 Geuitrice
2362 3630 2413 3673 et
2444 3637 2660 3689 semper
2686 3620 2906 3690 Virgine
2952 3621 3143 3686 Maria,
3176 3629 3234 3675 et
3281 3638 3345 3675 ex
3377 3623 3491 3691 ipsa

1926 3725 2113 3767 natum
2152 3729 2292 3768 esse.
2324 3714 2426 3779 Qui
2449 3726 2535 3767 est
2567 3716 2710 3767 Patri
2738 3724 2794 3766 et
2834 3713 3063 3779 Spiritui
3091 3726 3280 3768 sancto
3305 3732 3493 3783 atqua-

1925 3807 2011 3861 lis.
2061 3807 2180 3861 Non
2221 3807 2367 3859 enim
2412 3818 2642 3873 quartae.
2697 3822 2792 3874 per
2832 3808 3263 3861 incarnationem
3307 3808 3490 3870 unius,

1925 3914 1995 3951 ex
2038 3909 2228 3951 sancta
2250 3897 2523 3951 Trinitate
2561 3899 2652 3952 Dei
2694 3898 2875 3959 Verbi,
2922 3915 3172 3966 persona:
3228 3903 3495 3955 accessio-

1930 4006 2056 4044 nem
2102 3992 2347 4059 suscepit
2409 3992 2649 4045 Trinitas
2703 4004 2914 4053 sancta,
2967 3992 3062 4045 sed
3108 4003 3192 4047 est
3242 4010 3382 4047 unus
3438 4004 3494 4049 et

1928 4085 2070 4138 idetn
2097 4084 2360 4137 Dominus
2391 4094 2579 4137 noster
2603 4083 2764 4137 Jesus
2796 4083 3076 4146 Christus,
3119 4088 3489 4141 consubstan-

1929 4176 2070 4229 tialis
2106 4174 2253 4228 Patri
2278 4184 2334 4227 et
2360 4176 2473 4229 Deo
2516 4178 2667 4245 juxta
2706 4177 3075 4239 divinitatem,
3101 4188 3157 4231 et
3180 4180 3321 4233 idem
3355 4197 3490 4233 con.

1926 4266 2302 4321 substantialis
2341 4268 2499 4322 nobis
2535 4268 2835 4321 secundum
2872 4270 3268 4324 humanitatem
3308 4290 3321 4324 :
3368 4288 3490 4339 pas-

1929 4360 2069 4411 sioni
2120 4360 2396 4413 obnoxius
2452 4376 2639 4422 carne,
2697 4374 2752 4415 et
2793 4363 3066 4428 passionis
3115 4364 3256 4415 idem
3294 4379 3491 4430 expers

1930 4451 2241 4506 divinitate.
2299 4452 2548 4519 Namque
2608 4470 2714 4505 non
2768 4455 2934 4506 alium
2994 4455 3165 4507 Deum
3232 4456 3489 4517 Verbum,

1930 4543 2076 4613 quod
2113 4544 2373 4597 miracula
2399 4544 2592 4607 edidit,
2633 4556 2688 4598 et
2722 4546 2868 4599 aliud
2906 4547 3050 4614 quod
3105 4563 3321 4613 passum
3383 4559 3489 4609 est.

1929 4633 2183 4686 novimus
2231 4650 2468 4687 ενοῐυιιι
2534 4651 2700 4688 11111111]
2764 4645 2818 4689 Cl
2865 4637 3117 4691 eumdem
3170 4642 3493 4692 conﬁtemur

1929 4725 2216 4779 Dominum
2250 4738 2496 4781 nostrum
2543 4728 2727 4781 Jrsum
2762 4728 3041 4782 Christum
3102 4731 3192 4782 Dei
3256 4732 3488 4784 Verbum

1928 4817 2296 4881 incarnatum,
2331 4831 2387 4873 et
2423 4822 2661 4887 perfecte
2714 4822 2991 4873 hominem
3046 4822 3249 4874 factum
3318 4842 3329 4875 :
3384 4839 3486 4876 nec

1932 4925 2038 4963 non
2086 4914 2247 4963 unius
2278 4920 2331 4963 et
2364 4911 2608 4979 ejusdem
2666 4912 2930 4964 miracula
2983 4913 3142 4965 simul
3180 4922 3235 4965 et
3275 4892 3493 4981 passio;

1931 5016 2047 5060 nes.
2078 5017 2213 5069 quas
2254 5002 2558 5055 voluntarie
2590 5018 2752 5056 carne
2806 5004 3089 5066 sustinuit,
3126 5014 3351 5072 propter
3386 5020 3483 5057 no-

1930 5099 2097 5145 stram
2124 5093 2379 5145 salutem.
2411 5091 2529 5145 Non
2578 5093 2723 5145 enim
2786 5093 2948 5146 homo
2998 5094 3196 5161 aliquis
3249 5096 3486 5162 seipsnm

1931 5198 2027 5249 pro
2062 5182 2221 5235 nobis
2252 5182 2479 5237 tradidit
2512 5201 2525 5237 :
2555 5185 2648 5237 sed
2693 5185 2804 5251 ipse
2837 5185 2980 5238 Deus
3008 5184 3249 5238 Verbum
3297 5186 3486 5237 immu-

1930 5276 2081 5328 tabili
2118 5276 2278 5329 modo
2326 5276 2490 5331 homo
2537 5277 2713 5330 factus
2772 5288 2876 5339 est,
2932 5287 3287 5345 spontaneam
3325 5278 3483 5332 simu}

1929 5369 2234 5439 passionem
2261 5376 2314 5421 et
2347 5376 2576 5421 mortem
2604 5385 2700 5436 pro
2732 5369 2893 5421 nobis
2917 5385 3077 5423 carne
3100 5370 3288 5423 subiit.
3314 5371 3480 5437 Αιηιιι

1929 5460 2056 5512 dum
2100 5460 2267 5512 Deum
2310 5460 2486 5525 ipsum
2515 5474 2638 5512 esse
2670 5461 3015 5522 conﬁtemur,
3044 5476 3150 5512 non
3180 5461 3491 5513 inliciamur

1928 5566 2053 5605 cum
2108 5553 2271 5604 etiam
2326 5552 2601 5606 hominem
2668 5568 2807 5604 esse.
2876 5553 2939 5605 Et
2982 5553 3256 5606 hominem
3308 5554 3485 5621 ipsuut

1929 5690 2114 5756 gratim
2150 5688 2396 5830 Iarpitjte
2440 5691 2814 5759 conjunctum.
2847 5691 3007 5758 (Aug.
3052 5689 3123 5741 De
3183 5690 3328 5742 Trin.
3386 5689 3483 5744 lib.

1932 5776 2183 5828 .\ttt,c:tp.
2265 5766 2314 5811 ἱ.

1932 5776 2043 5825 λιιι,
2068 5778 2183 5828 cup.
2236 5766 2314 5812 l‘J.
