4244 6438
735 358 833 424 311

1957 361 2384 426 NICEPHORI
2419 369 2768 430 CALLISTI

3885 366 3986 436 312

731 474 1079 536 conﬁtentes,
1117 471 1283 526 Deum
1354 472 1532 542 ipznm
1574 489 1798 543 quoque
1849 490 1970 530 esse
2004 492 2114 531 non
2146 495 2307 549 nega-
2341 501 2383 556 Α

2341 501 2383 556 Α
2415 485 2507 535 καὶ
2584 484 3031 555 ἀνθρωπότητος,
3106 483 3365 539 σύνθετον
3449 484 3862 556 ὁμολογοῦντες,
3908 489 3994 540 τδν

730 580 874 618 mus.
914 564 1146 618 Proinde
1189 579 1359 617 unum
1391 573 1447 618 et
1474 564 1728 620 eumdem
1773 583 1838 621 cx
1868 576 2101 638 utraque
2157 571 2302 624 divi-

729 659 922 712 nitatis
952 657 1166 712 scilicet
1194 667 1249 712 et
1285 657 1646 712 humanitatis
1688 669 1884 714 natura
1906 665 2302 731 compositum,

730 751 1053 821 proﬁtentes
1109 750 1404 804 Dominum
1447 761 1700 806 nostrum
1743 751 1933 808 Jesum
1990 753 2302 822 Christum,

731 842 936 898 unione
996 843 1379 898 confusionem
1444 859 1552 899 non
1604 846 1940 902 inducimus.
1998 848 2116 902 Non
2158 850 2304 903 enim

733 937 879 999 quod
919 936 1227 992 secundum
1283 953 1385 992 nos
1427 939 1594 993 homo
1628 939 1805 994 factus
1843 952 1952 1005 est,
2010 952 2303 1012 propterea

739 1029 879 1084 Deus
913 1044 1035 1084 esse
1060 1031 1296 1085 desinet.
1341 1031 1529 1099 Neque
1556 1046 1690 1087 sane
1717 1033 1865 1103 quod
1912 1035 2060 1090 Deus
2108 1047 2306 1092 natura

733 1133 838 1187 est,
875 1131 931 1177 et
955 1123 1007 1177 iu
1036 1138 1164 1178 eum
1201 1124 1509 1178 similitudo
1572 1138 1775 1180 nostrae
1829 1134 2040 1181 natura:
2071 1143 2180 1182 non
2222 1143 2311 1184 ca-

737 1213 839 1280 dit,
874 1225 1166 1284 propterea
1197 1215 1363 1268 homo
1391 1230 1515 1271 esse
1540 1217 1850 1285 negabitur.
1881 1217 2080 1273 Verum
2113 1236 2309 1289 quem-

772 1308 1036 1362 dmodum
1098 1309 1153 1362 in
1212 1309 1556 1364 humanitate
1589 1312 1754 1376 Deus,
1815 1313 1889 1366 ita
1951 1313 2312 1369 nihilominus

759 1418 788 1454 n
824 1401 1157 1455 sublimitate
1194 1403 1425 1456 Deitatis
1457 1405 1619 1456 homo
1646 1414 1970 1481 permanet:
2011 1417 2311 1478 utrumque

733 1508 862 1545 vero
895 1494 945 1546 in
972 1493 1167 1547 eodem
1200 1502 1306 1558 est,
1341 1504 1395 1548 et
1447 1510 1592 1549 unus
1629 1497 1775 1551 Deus
1804 1497 1990 1558 simul.
2024 1506 2080 1552 et
2121 1499 2308 1563 homo,

736 1584 851 1653 ipse
883 1586 1202 1642 Emmanuel
1238 1589 1337 1658 (2).
1371 1588 1529 1658 793
1557 1588 1728 1643 Porro
1765 1589 2017 1644 eumdem
2046 1591 2313 1646 conﬁten-

742 1689 824 1730 tes
859 1679 912 1731 in
945 1679 1230 1733 divinitate
1263 1679 1568 1749 perfectum
1597 1690 1761 1749 atque
1785 1680 1951 1735 etiam
2009 1682 2066 1736 in
2115 1682 2314 1737 huma-

738 1772 913 1826 nitate
949 1772 1274 1840 perlectum,
1301 1789 1366 1826 ex
1398 1772 1605 1840 quibus
1633 1775 1801 1827 etiam
1831 1776 2174 1844 compositus
2205 1785 2310 1836 est.

2410 574 2618 643 Κύριον
2653 574 2814 646 ήμῶν
2857 574 3067 646 Ἰησοῦν
3113 577 3370 646 Χριστὸν,
3405 575 3670 647 σύγχυσιν
3700 580 3767 646 τῇ
3808 576 3992 631 ἑνώσει

2412 666 2514 718 οὑκ
2545 666 2936 736 ἐπεισάγομεν.
2967 668 3043 721 υὺ
3076 667 3184 738 γάρ
3208 669 3290 722 δτι
3334 669 3531 736 γέγονε
3570 668 3694 722 καθ’
3725 670 3877 739 ἡμᾶς
3913 668 3997 722 ἁν-

2410 757 2646 826 θρωπος,
2666 759 2724 811 τὸ
2742 755 2880 813 εῐναι
2899 761 3030 823 Θεὸς
3057 762 3222 815 ἀπολί
3232 776 3331 814 σει·
3350 760 3472 815 οῦτε
3497 761 3603 834 μὴν
3619 761 3844 824 ὅτιθεὸς
3859 764 3995 815 κατὰ

2411 849 2572 918 φύσιν
2599 853 2717 904 ἔστι
2741 853 2837 906 καὶ
2854 853 2954 924 τὴν
2985 854 3124 925 πρὸς
3150 855 3300 923 ἡμᾶς
3318 855 3578 924 ὁμοίωσιν
3626 853 3996 924 ἁπαρὰδεκτον

2412 941 2548 1011 ἔχει,
2585 944 2680 996 καὶ
2715 945 2778 998 τὸ
2811 943 3096 1016 ἄνθρωπος
3154 940 3298 999 εἶναι
3334 947 3762 1017 παραιτήσεται.
3812 947 3996 1015 Μεμέ-

2416 1053 2550 1106 νηκε
2581 1037 2638 1090 δὲ
2668 1036 2860 1110 ῶσπερ
2895 1039 2953 1092 ἑν
3009 1037 3396 1110 ἀνθρωπότητι
3422 1038 3580 1106 Θεὸς,
3613 1038 3755 1092 οὑτω
3802 1039 3899 1092 καὶ
3941 1041 3993 1091 ἐν

2416 1129 2657 1199 ὑπεροχῇ
2689 1129 2940 1201 θεότητος
2963 1130 3253 1201 ἄνθρωπος
3275 1128 3371 1194 ῶν,
3411 1131 3562 1183 οὐδὲν
3586 1125 3772 1201 ἦττον·
3829 1131 3993 1199 ἁμφω

2412 1219 2469 1273 δὲ
2499 1219 2575 1272 ὢν
2601 1223 2658 1273 ἐν
2678 1222 2876 1292 ταυτῴ,
2916 1226 3012 1277 καὶ
3035 1218 3120 1288 εἷς
3145 1223 3278 1286 Θεὸς
3313 1222 3451 1293 ὁμοῦ
3484 1240 3542 1274 τε
3583 1223 3679 1276 καὶ
3707 1223 3993 1292 ἄνθρωπος

2415 1315 2443 1366 ὁ
2496 1312 2864 1382 Ἐμμανουήλ.
2930 1314 3035 1369 Τὸν
3086 1315 3249 1368 αὑτὸν
3280 1317 3338 1369 δὲ
3367 1315 3758 1386 ὁμολογοῦντες
3786 1317 3845 1370 ιν
3879 1314 3992 1367 θεό-

2414 1421 2540 1474 τητι
2592 1405 2824 1471 τέλειον,
2874 1409 2971 1460 καὶ
3024 1407 3083 1461 ἐν
3123 1407 3507 1479 ἁνθρωπότητι
3552 1407 3779 1471 τέλειον,
3833 1405 3894 1470 ἐξ
3923 1399 3995 1459 ὧν

2416 1497 2514 1550 καὶ
2540 1498 2821 1568 συνετέθη,
2849 1499 3115 1572 διαίρεσιν
3155 1499 3255 1568 μὲν
3309 1504 3409 1569 τὴν
3435 1499 3714 1570 ἁναμέρος
3743 1499 3777 1569 ἢ
3825 1498 3997 1568 τομὴν

2417 1592 2517 1643 οὐκ
2548 1590 2886 1662 ἐπιφέρομεν
2918 1594 2985 1662 τῇ
3044 1592 3144 1662 μιᾷ
3173 1591 3341 1644 αὑτοῦ
3399 1592 3641 1662 συνθέτῳ
3674 1592 3995 1644 ὑποστάσει·

2417 1685 2516 1753 τὴν
2539 1683 2595 1735 δὲ
2616 1683 2882 1754 διαφορὰν
2911 1683 3024 1736 τῶν
3058 1683 3274 1752 φύσεων
3303 1683 3672 1755 σημαίνομεν,
3705 1684 3806 1736 οὑκ
3836 1683 3990 1735 ἀναι-

2420 1775 2687 1844 ρουμένην
2765 1775 2852 1827 διὰ
2936 1775 3037 1835 τὴν
3115 1775 3329 1830 ἕνωσιν.
3405 1774 3548 1828 Οῦτε
3618 1775 3727 1843 γὰρ
3781 1776 3815 1844 ἡ
3879 1772 3996 1825 θεία

737 1863 1064 1917 divisionem
1093 1874 1186 1918 aut
1233 1865 1535 1919 sectionem
1565 1866 1618 1918 in
1657 1874 1861 1935 partes,
1887 1882 1994 1921 una
2018 1868 2137 1936 ejus
2164 1874 2316 1922 com—
2348 1859 2386 1913 Β

2314 1859 2386 1913 ,Β
2420 1864 2588 1934 φύσις
2666 1864 2747 1927 είς
2816 1862 2917 1934 τὴν
2982 1862 3339 1932 ἀνθρωπείαν
3395 1863 3728 1934 μετεϐλήθη,
3787 1861 3990 1930 οῦτεή

737 1955 912 2022 posita
951 1957 1333 2021 subsistentia,
1378 1973 1486 2012 non
1540 1957 1876 2013 inducimus.
1934 1959 2310 2014 Diﬂ'erentiam

735 2061 869 2099 vero
903 2056 1246 2111 naturarum,
1278 2064 1442 2116 quain
1479 2051 1609 2102 unio
1643 2064 1753 2104 non
1779 2051 1944 2115 tollit,
1977 2050 2308 2107 indicamus.

735 2137 870 2192 Nam
900 2154 1081 2207 neque
1113 2151 1306 2194 natura
1339 2140 1526 2194 divina
1559 2142 1614 2195 in
1647 2143 1944 2196 humanam
1992 2152 2078 2198 est
2127 2158 2310 2210 versa,

735 2243 916 2297 neque
947 2230 1186 2284 humana
1215 2242 1412 2286 natura
1447 2234 1500 2286 in
1536 2233 1782 2286 divinam
1818 2241 2051 2288 mutata.
2099 2234 2312 2289 Intelli-

737 2321 932 2386 gentia:
959 2331 1142 2376 autem
1176 2323 1293 2378 acie
1335 2335 1632 2395 utramque
1674 2325 2086 2388 consideranle,
2121 2335 2175 2380 et
2210 2342 2311 2395 po-

739 2410 850 2462 tius
889 2417 1121 2481 utraque
1153 2411 1208 2465 iu
1263 2414 1500 2483 propriae
1550 2425 1762 2469 naturae
1823 2416 1929 2470 line
1986 2426 2042 2470 et
2100 2416 2314 2472 ratione

739 2501 1060 2568 exsistente,
1095 2502 1292 2558 factam
1333 2506 1556 2574 quidem
1609 2507 1872 2561 unionem
1923 2506 2180 2573 dicimus,
2225 2524 2310 2564 se-

737 2594 981 2647 cundum
1016 2595 1434 2650 subsistentiam
1469 2615 1482 2652 :
1511 2597 1629 2666 ipsa
1682 2614 1816 2654 vero
1848 2601 2152 2655 secundum
2182 2602 2315 2656 sub-

739 2683 1050 2737 sistentiam
1079 2685 1212 2739 unio
1237 2687 1482 2741 ostendit
1531 2688 1703 2742 Deum
1757 2689 2022 2756 Verbum,
2057 2691 2162 2747 hoc
2207 2702 2310 2759 est,

738 2773 1002 2829 extribus
1022 2775 1252 2830 Deitatis
1271 2776 1646 2832 subsistentiis
1672 2777 2089 2836 subsistentiam
2124 2798 2311 2846 unam,

739 2881 852 2920 non
889 2869 1290 2938 praeexsistenti
1323 2870 1535 2925 homini
1571 2872 1778 2926 unitam
1814 2889 1954 2936 esse,
1987 2873 2084 2928 sed
2113 2889 2232 2928 eam
2259 2876 2312 2929 in

740 2971 902 3014 utero
927 2962 1170 3016 Dominae
1209 2972 1412 3017 nostra:
1455 2973 1657 3018 sancta:
1687 2974 1743 3018 et
1769 2964 2023 3034 gloriosae
2085 2967 2179 3020 Dei
2210 2966 2316 3021 Ge-

741 3053 960 3108 pitrii-ls
989 3069 1316 3124 semperque
1343 3054 1583 3127 Virginis
1615 3057 1820 3125 Mariae,
1855 3058 1960 3112 sibi
1996 3059 2098 3128 ipsi
2134 3074 2200 3114 ex
2247 3074 2312 3114 ea

743 3147 1057 3202 condidisse
1090 3148 1143 3200 in
1197 3148 1422 3217 propria
1479 3149 1836 3204 subsistentia
1893 3165 2113 3206 carnem
2150 3151 2314 3205 nobis

740 3237 1049 3306 ὁμοούσιον,
1087 3239 1641 3301 consubstantialem,
1671 3250 1727 3294 et
1756 3241 1965 3298 eisdem
2001 3245 2313 3311 perpessio-

741 3330 907 3383 nibus
941 3346 1036 3399 per
1070 3332 1252 3385 omnia
1278 3331 1592 3397 obnoxiam,
1616 3332 1824 3403 absque
1853 3343 2101 3403 peccato,
2132 3337 2312 3391 anima

741 3422 994 3476 rationali
1029 3432 1084 3477 et
1120 3422 1476 3480 intellectuali
1509 3427 1904 3482 animatam.ln
1935 3428 2048 3497 ipsa
2079 3444 2314 3498 namque

741 3514 1154 3570 subsistentiam
1183 3517 1396 3581 habuit,
1444 3528 1500 3573 et
1530 3518 1696 3573 homo
1724 3519 1902 3574 factus
1945 3531 2051 3575 est.
2118 3521 2181 3574 Et
2231 3533 2314 3576 est

743 3626 889 3664 unus
917 3619 1082 3680 atque
1118 3611 1263 3665 idem
1304 3610 1566 3666 Dominus
1601 3623 1793 3667 noster
1841 3614 2002 3669 .Iesus
2031 3615 2311 3677 Christus,

743 3702 838 3771 qui
865 3718 989 3758 cum
1055 3703 1213 3756 Patre
1243 3713 1300 3757 et
1334 3702 1542 3772 Spiritu
1601 3713 1795 3758 sancto
1828 3706 2309 3774 .conglorilicatur.

742 3797 1014 3850 Caeterum
1065 3797 1400 3851 inell'abilem
1431 3798 1549 3866 ejus
1582 3798 1840 3852 unionem
1875 3800 2312 3865 considerantes,

744 3898 892 3942 recte
923 3896 1173 3942 naturam
1211 3904 1372 3941 unam
1410 3888 1503 3942 Dei
1537 3887 1700 3944 Verbi
1736 3890 2077 3944 incarnatam
2125 3906 2309 3957 carne,

745 3999 865 4052 qua:
906 3984 1084 4036 anima
1122 3984 1374 4036 rationali
1405 3992 1463 4038 et
1493 3983 1850 4038 intellectuali
1911 3993 1996 4039 est
2052 3986 2311 4052 animata,

748 4076 1092 4136 prolitemur.
1123 4074 1360 4128 Rursum
1391 4072 1759 4128 diﬂcretitiain
1816 4084 2139 4128 naturarum
2185 4092 2316 4131 con—

745 4167 1096 4234 templantes,
1133 4182 1227 4220 eas
1257 4167 1392 4220 duas
1434 4167 1512 4234 (3)
1547 4183 1671 4220 esse
1698 4167 1956 4231 dicimus,
1985 4169 2313 4224 divisionem

744 4259 951 4312 nullam
984 4259 1422 4313 intruducentes.
1476 4258 1718 4328 Utraque
1747 4261 1894 4313 enim
1935 4269 2128 4314 natura
2165 4262 2219 4314 in
2247 4277 2315 4316 eo

746 4364 850 4407 est.
878 4353 1030 4407 Unde
1057 4368 1224 4406 unum
1252 4362 1309 4407 et
1348 4352 1603 4408 eumdem
1640 4354 1964 4423 proﬁtemur
1987 4355 2273 4409 Christum
2301 4375 2311 4408 :

751 4463 918 4499 unum
952 4447 1363 4508 Filium,uuam
1423 4462 1737 4515 personam,
1795 4458 1958 4502 unam
2012 4450 2315 4505 subsisten-

2415 1955 2735 2025 ἀνθρωπεία
2770 1954 2931 2024 φύσις
2957 1956 3035 2019 είς
3065 1956 3166 2025 τὴν
3199 1955 3353 2009 θείαν
3393 1957 3628 2027 ὲτρόιπη.
3673 1955 3990 2025 Νοουμένης

2414 2048 2472 2101 δὲ
2505 2049 2596 2102 καὶ
2653 2048 3011 2119 ὑπαρχούσης
3079 2049 3280 2118 μᾶλλον
3340 2051 3613 2122 ἑκατέρας
3673 2052 3733 2102 ὲν
3777 2049 3857 2119 τῷ
3898 2051 3994 2118 τῆς

2420 2140 2555 2204 ιδίας
2602 2141 2819 2207 φύσεως
2859 2141 2971 2211 ὅρῳ
3030 2159 3090 2194 τε
3141 2143 3237 2196 καὶ
3297 2141 3467 2213 λόγῳ,
3529 2141 3846 2213 πεπρᾶχθαι
3898 2140 3996 2210 μὲι

2415 2232 2511 2300 τὴν
2546 2231 2741 2286 ἕνωσιν
2790 2233 2914 2285 καθ’
2965 2233 3287 2288 ὑπόστασιν.
3332 2233 3399 2288 Ἢ
3446 2235 3501 2288 δὲ
3543 2234 3667 2288 καθ’
3698 2233 3999 2287 ὑπόστασιν

2415 2323 2614 2388 ἕνωσις
2651 2325 2806 2396 δηλοῖ
2832 2326 2915 2380 ὅτι
2944 2330 2973 2381 ὁ
3016 2326 3152 2390 Θεὸς
3205 2327 3403 2396 Λόγος,
3462 2329 3744 2380 τουτέστιν
3804 2328 3839 2396 ἡ
3897 2326 3996 2395 μία

2419 2417 2724 2481 ὑπόστασις
2762 2418 2872 2472 τῶν
2903 2419 3070 2488 τριῶν
3101 2420 3202 2488 τῆς
3232 2420 3500 2489 Θεότητος
3534 2417 3914 2481 ὑποστάσεων,
3938 2419 3998 2470 οὑ

2417 2509 2823 2579 προῦποστάντι
2858 2510 3137 2582 ἀνθρώπῳ
3173 2511 3380 2581 ἡνὼθη,
3443 2510 3560 2564 ἀλλ’
3598 2515 3657 2565 ὲν
3698 2515 3765 2580 τῇ
3801 2513 3998 2580 γαστρὶ

2416 2602 2516 2671 τῆς
2564 2602 2857 2672 δεσποίνης
2914 2603 3076 2674 ἡμῶν
3108 2609 3208 2675 τῆς
3261 2605 3427 2672 ἁγίας
3469 2603 3682 2667 ἐνδόξου
3731 2603 3998 2656 Θεοτόκου

2416 2697 2512 2749 καὶ
2540 2696 2906 2766 ἀειπαρθένου
2965 2696 3190 2767 Μαρίας
3231 2695 3686 2768 ,ἐδημιούργησεν
3735 2697 3908 2767 ἑαυτῇ
3941 2698 3998 2764 ἐξ

2418 2783 2592 2849 αὐτῆς
2626 2784 2683 2836 ὲν
2723 2787 2788 2855 τῇ
2835 2785 2944 2855 ίδίᾳ
2968 2785 3273 2839 ὑποστάσει
3312 2786 3492 2856 σάρκα
3535 2783 3832 2856 όμοούσιον
3860 2787 3998 2854 ἡμῖν

2417 2878 2510 2929 καὶ
2533 2878 2841 2947 ὁμοιοπαθῆ
2862 2879 3003 2932 κατὰ
3024 2879 3206 2933 πάντα
3232 2881 3403 2949 χωρὶς
3435 2878 3738 2951 ἁμαρτίας,
3772 2879 3995 2946 ἐψυχω-

2419 2971 2590 3039 μένην
2621 2969 2767 3040 ψυχῇ
2796 2971 2986 3041 λογικῇ
3016 2971 3109 3025 καὶ
3141 2974 3322 3042 νοερᾷ·
3341 2973 3401 3023 ἐν
3431 2973 3570 3042 αὐτῇ
3603 2971 3710 3042 γὰρ
3743 2970 3871 3040 ἔσχε
3896 2973 3996 3035 τὴν

2418 3062 2717 3115 ὑπόστασιν
2742 3064 2832 3115 καὶ
2861 3064 3084 3130 γέγονεν
3106 3064 3412 3134 ἄνθρωπος·
3478 3063 3572 3116 καὶ
3602 3063 3750 3116 εστιν
3790 3058 3872 3125 εἷς
3900 3063 3997 3115 καὶ

2416 3154 2444 3204 ὁ
2477 3153 2641 3214 αὐτὸς
2680 3154 2882 3222 Κύριος
2911 3152 3069 3221 ἡμῶν
3138 3151 3350 3223 Ἰησοῦς
3382 3150 3640 3219 Χριστὸς,
3677 3148 4001 3215 συνδοξαζό-

2369 3246 2384 3264 ¹
2420 3261 2578 3314 μενος
2614 3244 2691 3313 τῷ
2737 3246 2913 3312 Πατρὶ
2949 3245 3044 3298 καὶ
3073 3245 3152 3315 τῷ
3176 3246 3317 3314 ἁγίῳ
3370 3242 3674 3310 Πνεύματι.
3718 3241 3999 3295 Ἐννοοῦν-

2416 3354 2505 3400 τες
2531 3337 2586 3388 δὲ
2617 3337 2783 3390 αὑτοῦ
2827 3337 2924 3408 τὴν
2971 3337 3254 3407 ἄφραστον
3304 3336 3521 3398 ἕνωσιν,
3580 3334 3755 3406 ὀρθῶς
3798 3335 3998 3403 ὁμολο-

2417 3430 2623 3500 γοῦμεν
2654 3433 2784 3501 μίαν
2821 3431 2985 3500 φύσιν
3013 3430 3108 3483 τοῦ
3143 3427 3284 3483 Θεοῦ
3328 3429 3504 3496 Λόγου
3563 3427 3998 3497 σεσαρκωμινην

2418 3525 2582 3593 σαρκὶ
2612 3523 2935 3594 ἐψυχωμένῃ
2990 3523 3139 3593 ψυχῇ
3192 3523 3385 3594 λογικῇ
3418 3537 3478 3575 τε
3514 3521 3612 3575 καὶ
3662 3521 3846 3589 νοερᾷ.
3882 3521 3999 3574 Καὶ

2419 3619 2578 3670 πάλιν
2605 3619 2661 3671 ὲν
2691 3617 2895 3690 θεωρίᾳ
2933 3616 3299 3686 λαμϐανόντες
3323 3619 3424 3682 τὴν
3475 3615 3584 3669 τῶν
3623 3613 3849 3684 φύσεων
3879 3613 4000 3664 δια-

2416 3711 2616 3779 φορὰν,
2645 3710 2740 3761 δύο
2787 3709 2987 3772 ταύτας
3017 3706 3158 3762 εῖναι
3213 3709 3472 3778 λέγομεν,
3521 3707 3790 3778 διαίρεσιν
3846 3705 4002 3757 οὐδε-

2419 3804 2547 3869 μίαν
2573 3801 2907 3868 εἰσάγοντες·
2932 3801 3169 3868 ἑκατὲρα
3201 3801 3310 3867 γάρ
3341 3798 3500 3865 φύσις
3544 3797 3695 3850 ὶστὶν
3723 3798 3782 3849 ιν
3817 3795 3994 3865 αὐτῷ·

2415 3894 2538 3946 ὅθεν
2567 3892 2661 3945 ἕνα
2697 3893 2903 3947 καὶτὸν
2928 3892 3094 3944 αὑτὸν
3142 3889 3518 3962 ὁμολογοῦμεν
3571 3889 3835 3959 Χριστθιν,
3896 3889 3998 3942 ἕνα

2419 3986 2566 4053 Υἰὸν,
2605 3985 2664 4036 ἓν
2711 3984 3025 4054 πρόσωπον,
3063 3984 3194 4053 μίαν
3229 3984 3552 4046 ὑπόστασιν,
3588 3982 3721 4036 Θεὸν
3767 3980 3906 4052 ὁμοῦ
3934 3999 3997 4035 τε

2418 4079 2508 4130 καὶ
2549 4077 2862 4146 ἄνθρωπον.
2918 4077 3131 4135 Πάντας
3163 4076 3220 4128 δὲ
3255 4076 3376 4138 τοὺς
3416 4076 3570 4146 παρά
3616 4077 3798 4129 ταῦτα
3858 4093 4000 4146 φρο-

2416 4171 2688 4235 νήσαντας
2715 4166 3105 4238 ἦφρονοῦντας
3144 4167 3639 4236 ἀναθεματίζομεν,
3676 4167 4000 4237 ἀλλοτρίους

2418 4260 2694 4325 κρίνοντες
2723 4261 2822 4328 τῆς
2858 4260 3020 4327 ἁγίας
3049 4259 3146 4312 τοῦ
3183 4259 3320 4312 Θεοῦ
3365 4260 3661 4328 καθολικῆς
3721 4263 3817 4313 καὶ
3852 4263 4001 4315 ἀπο-

2419 4351 2673 4418 στολικῆς
2727 4351 3078 4420 Ἐκκλησίας.
3114 4352 3235 4404 Τῶν
3257 4352 3436 4422 ὀρθῶν
3480 4355 3661 4406 τοίνυν
3702 4353 3998 4423 δογμάτων

2417 4445 2526 4496 τῶν
2584 4445 2739 4514 παρὰ
2811 4445 2922 4498 τῶν
2990 4445 3162 4514 ἁγίων
3217 4447 3480 4517 Πατὲρων
3538 4447 4000 4517 παραδεδομένων

747 4542 903 4598 tiam,
938 4538 1102 4590 Deum
1136 4537 1298 4590 simul
1353 4547 1407 4592 et
1452 4537 1755 4593 hominem.
1814 4540 2018 4596 Omnes
2043 4557 2173 4596 vero
2219 4544 2312 4611 qui
2347 4551 2390 4602 Ι)
2421 4556 2423 4562 ‘

2347 4551 2390 4602 ι)
2421 4538 2552 4606 ἡμῖν
2606 4538 3056 4607 κηρυττομὲνων,
3119 4538 3504 4608 προτρέπομεν
3540 4541 3683 4609 ὑμᾶς
3747 4539 3999 4604 ἅπαντας

748 4630 909 4681 aliter
941 4627 1025 4681 vel
1053 4636 1374 4694 senserunt,
1408 4630 1492 4684 vel
1524 4630 1789 4695 sentiunt,
1820 4633 2157 4690 anathemati
2188 4635 2318 4688 sub-

742 4722 984 4791 jicimus,
1029 4721 1240 4776 alienos
1268 4737 1363 4776 eos
1385 4737 1507 4777 esse
1539 4739 1566 4776 a
1598 4738 1784 4781 sancta
1831 4727 1922 4779 Dei
1968 4728 2238 4781 catholica
2262 4739 2315 4781 et

747 4813 1048 4879 apustolica
1080 4811 1329 4866 Ecclesia
1363 4813 1695 4881 iudicantes.
1762 4815 1948 4885 Itaque
1987 4833 2112 4871 cum
2167 4829 2313 4872 recta

746 4911 858 4955 eta
895 4902 1098 4954 sanctis
1133 4902 1387 4955 Patribus
1438 4904 1596 4958 nobis
1647 4905 1866 4974 prodita
1923 4906 2176 4975 dogmata
2238 4911 2316 4962 sic

749 4996 1133 5063 praulieentur,
1167 4995 1455 5048 universos
1487 5010 1584 5048 vos
1619 5006 1678 5048 ut
1706 4996 1757 5048 in
1789 5013 1952 5050 unam
1978 5009 2032 5052 et
2067 5005 2313 5054 eamdem

748 5089 1070 5141 catholicam
1114 5097 1168 5140 et
1199 5089 1551 5157 apostolicam
1616 5089 1912 5141 Ecclesium
1953 5091 2312 5156 conveniatis,

818 5272 893 5330 (‘3)
947 5270 1108 5324 Salus
1147 5270 1486 5324 credentium
1525 5273 1839 5340 mysterium
1884 5274 2168 5327 Trinitatis
2209 5286 2310 5330 est.

749 5340 1023 5413 (Hierou.)
1048 5341 1303 5413 —_l)_eum
1326 5357 1456 5413 esse
1482 5343 1667 5395 multis
1699 5353 1882 5396 uotum
1910 5359 2014 5398 est.
2040 5345 2142 5398 Sed
2167 5349 2311 5413 quod

749 5412 1000 5482 l'aterisit
1026 5421 1079 5462 et
1105 5411 1301 5463 Filium
1326 5411 1542 5470 habent,
1579 5415 1766 5480 paucis
1793 5415 2002 5482 (Aug.).
2032 5443 2098 5453 ι-
2122 5411 2309 5479 Peter,

749 5481 1082 5555 manifestam
1142 5497 1330 5555 nomen
1395 5481 2077 5555 tuum_hominibus.’_etc.
2127 5485 2309 5555 (Joan.

749 5557 905 5616 λνιι.)
945 5577 1007 5587 -—
1037 5551 1106 5602 Et
1139 5551 1384 5620 creditur
1415 5566 1442 5600 a
1486 5551 1642 5603 nobis
1681 5568 1797 5606 sine
1824 5551 2149 5608 confusione
2183 5572 2310 5608 con-

746 5622 933 5687 juncta
970 5629 1158 5689 saucta
1186 5620 1453 5682 Trinitas,
1484 5622 1600 5673 sine
1624 5623 1968 5689 separatione
2017 5625 2305 5679 distincta.

751 5685 934 5759 tAug.)
970 5719 1035 5729 —
1066 5685 1156 5761 Εἷς
1189 5689 1319 5750 Θεὸς
1349 5694 1404 5739 ὲν
1437 5694 1604 5756 τρισὶ,
1637 5685 1730 5742 κάξ
1752 5693 1819 5743 τὰ
1867 5693 1994 5761 τρία
2025 5694 2085 5745 ἓν
2115 5709 2128 5722 '
2161 5694 2311 5750 Unus

753 5762 893 5813 Deus
917 5763 969 5812 in
1006 5760 1202 5821 tribus,
1230 5767 1286 5812 et
1311 5763 1410 5810 tria
1444 5761 1556 5812 ιλιι-ο
1589 5776 1780 5813 unum.
1816 5760 1964 5816 Unus
2019 5763 2161 5817 Deus
2214 5766 2309 5816 Pa-

751 5841 854 5893 tcr,
891 5847 953 5884 ex
989 5844 1099 5896 quo
1128 5830 1310 5882 omnia
1357 5847 1369 5883 :
1401 5843 1450 5880 et
1483 5845 1623 5882 unus
1661 5831 1924 5884 Dominus
1958 5832 2116 5888 Jcsus
2141 5835 2302 5888 Chri-

2421 4634 2497 4692 εις
2525 4630 2651 4699 μίαν
2680 4634 2771 4683 καὶ
2807 4632 2906 4701 τὴν
2933 4633 3106 4702 αὐτὴν
3154 4633 3453 4704 καθολικὴν
3504 4636 3596 4686 καὶ
3627 4635 4005 4707 ἁποστολικὴν

2433 4721 2763 4791 Ἐκκλησίαν
2787 4725 3124 4793 συντρέχειν.
3190 4726 3410 4778 Μᾶλλον
3440 4726 3500 4778 δὲ
3534 4727 3997 4796 παρακαλοῦμεν·

2420 4815 2482 4866 οὐ
2528 4817 2635 4884 γὰρ
2676 4815 3012 4884 ὀκνήσαιμεν
3065 4816 3170 4868 κᾶν
3203 4817 3262 4868 ὲν
3294 4817 3532 4887 ὑπεροχῇ
3581 4817 3863 4887 βασιλείας
3904 4823 4002 4872 ἑσ-

2424 4908 2549 4976 μὲν,
2607 4907 2870 4970 τοιούτοις
2928 4911 3241 4980 χρήσασθαι
3307 4914 3570 4982 ῥήμασιν,
3615 4915 3719 4967 ὑπὸ
3752 4917 3852 4986 τῆς
3887 4917 4002 4969 τῶν

2421 5000 2764 5068 Χριστιανῶν
2795 5001 3055 5055 ἁπάντων
3095 5005 3474 5074 ὁμοφροσύνης
3503 5023 3562 5058 τε
3597 5009 3687 5059 καὶ
3720 5008 3999 5071 ἑνώσεως,

2420 5093 2483 5142 ὲκ
2515 5091 2607 5144 τοῦ
2652 5092 2780 5160 μίαν
2804 5094 3058 5146 ἁπάντων
3096 5096 3409 5161 δοξολογίαν
3434 5099 3864 5167 ἀναπέμπεσθαι
3919 5102 3999 5169 τῷ

2418 5283 2554 5346 stus,
2595 5289 2690 5341 per
2718 5290 2878 5344 quem
2917 5277 3097 5327 omnia
3137 5294 3149 5329 :
3182 5286 3238 5330 et.
3285 5293 3425 5331 unus
3464 5276 3707 5346 Spiritus
3738 5289 3996 5340 sanctus,

2418 5344 2604 5412 inquo
2633 5346 2970 5418 omnia.wEn,
3012 5362 3073 5398 ex
3106 5365 3206 5417 quo
3236 5359 3292 5400 et
3320 5365 3411 5414 per
3441 5344 3589 5415 quem
3637 5357 3694 5402 et
3751 5352 3806 5401 in
3866 5367 3996 5418 quo.

2416 5429 2524 5465 non
2559 5426 2782 5468 naturas
2814 5416 3240 5482 dissecantihus,
3283 5435 3478 5470 Verum
3509 5421 3671 5471 unius
3702 5428 3757 5471 et
3791 5416 3998 5473 ineun-

2366 5508 2368 5510 τ
2419 5485 2555 5536 lusa:
2587 5495 2793 5558 naturai
2825 5489 3193 5553 proprietates
3226 5491 3666 5556 designantihus.
3718 5491 3902 5558 Atque
3940 5493 3996 5543 id

2413 5569 2477 5607 ex
2517 5568 2582 5608 eo
2618 5555 2763 5624 clare
2814 5564 2983 5624 patet,
3030 5558 3175 5624 quod
3237 5560 3289 5611 in
3354 5555 3524 5610 unum
3580 5575 3773 5613 rursus
3810 5555 3999 5613 'collz-

2413 5634 2637 5698 gnntur.
2671 5623 2907 5698 Exripijo,
2954 5635 3007 5678 et
3039 5623 3133 5693 per
3171 5627 3375 5695 ipsum,
3423 5630 3593 5698 etiin
3640 5645 3819 5698 Ipsum
3873 5648 3997 5683 oni-

2413 5696 2666 5767 niafipsi
2702 5697 2872 5763 gloria
2902 5699 2953 5748 in
2991 5699 3209 5767 sarcula,
3245 5702 3434 5750 Amen.
3468 5696 3996 5767 (GregINaziaan

2483 5765 2558 5830 (5)
2589 5766 2714 5817 Dine
2754 5775 2960 5819 natura:
2983 5763 3185 5822 Christi
3221 5767 3274 5820 in
3319 5763 3484 5820 unam‘
3514 5763 3778 5825 ene'uutes
3812 5763 3990 5826 dotth

2414 5839 2690 5888 nationem
2727 5845 2783 5890 et
2827 5837 3104 5892 deitatem.
3142 5837 3521 5904 ('l‘hcologus.t
