  <div class='ocr_page' id='page_1' title='image "/cluster/home/n/w/nwhite01/storage/ocr_20150623/147/nnc1.0046980555/162.png"; bbox 0 0 4244 6438; ppageno 0'>
   <div class='ocr_carea' id='block_1_1' title="bbox 237 354 344 417">
    <p class='ocr_par' dir='ltr' id='par_1_1' title="bbox 237 354 344 417">
     <span class='ocr_line' id='line_1_1' title="bbox 237 354 344 417; baseline -0.037 0"><span class='ocrx_word' id='word_1_1' title='bbox 237 354 344 417; x_wconf 82' lang='grc'><strong>313</strong></span> 
     </span>
    </p>
   </div>
   <div class='ocr_carea' id='block_1_2' title="bbox 1130 364 2577 433">
    <p class='ocr_par' dir='ltr' id='par_1_2' title="bbox 1130 364 2577 433">
     <span class='ocr_line' id='line_1_2' title="bbox 1130 364 2577 433; baseline 0.006 -8"><span class='ocrx_word' id='word_1_2' title='bbox 1130 364 1733 429; x_wconf 73' lang='grc' dir='ltr'><strong>ΕΟΟιΕΞΙΑδΤΙΟιΈ</strong></span> <span class='ocrx_word' id='word_1_3' title='bbox 1773 368 2161 430; x_wconf 59' lang='lat' dir='ltr'><strong>HISTORIA;</strong></span> <span class='ocrx_word' id='word_1_4' title='bbox 2202 371 2349 430; x_wconf 64' lang='lat' dir='ltr'><strong>LIB.</strong></span> <span class='ocrx_word' id='word_1_5' title='bbox 2389 372 2577 433; x_wconf 79' lang='lat' dir='ltr'><strong>XVII.</strong></span> 
     </span>
    </p>
   </div>
   <div class='ocr_carea' id='block_1_3' title="bbox 3398 379 3505 446">
    <p class='ocr_par' dir='ltr' id='par_1_3' title="bbox 3398 379 3505 446">
     <span class='ocr_line' id='line_1_3' title="bbox 3398 379 3505 446; baseline 0 0"><span class='ocrx_word' id='word_1_6' title='bbox 3398 379 3505 446; x_wconf 64' lang='grc' dir='ltr'><strong>ιιι</strong></span> 
     </span>
    </p>
   </div>
   <div class='ocr_carea' id='block_1_4' title="bbox 240 456 1916 562">
    <p class='ocr_par' dir='ltr' id='par_1_4' title="bbox 240 456 1897 562">
     <span class='ocr_line' id='line_1_4' title="bbox 240 456 1897 562; baseline 0.01 -44"><span class='ocrx_word' id='word_1_7' title='bbox 240 456 470 562; x_wconf 74' lang='grc' dir='ltr'>μεγάλῳ</span> <span class='ocrx_word' id='word_1_8' title='bbox 486 468 620 562; x_wconf 59' lang='lat' dir='ltr'><strong>est}.</strong></span> <span class='ocrx_word' id='word_1_9' title='bbox 648 471 744 524; x_wconf 72' lang='grc' dir='ltr'><strong>καὶ</strong></span> <span class='ocrx_word' id='word_1_10' title='bbox 776 471 992 543; x_wconf 80' lang='grc' dir='ltr'><strong>Σωτῆρι</strong></span> <span class='ocrx_word' id='word_1_11' title='bbox 1028 475 1188 545; x_wconf 67' lang='grc' dir='ltr'>ἡμῶν</span> <span class='ocrx_word' id='word_1_12' title='bbox 1228 478 1405 551; x_wconf 80' lang='grc' dir='ltr'>Ἰησοῦ</span> <span class='ocrx_word' id='word_1_13' title='bbox 1443 479 1690 551; x_wconf 79' lang='grc' dir='ltr'><strong>Χριστῷ.</strong></span> <span class='ocrx_word' id='word_1_14' title='bbox 1717 480 1824 533; x_wconf 84' lang='grc' dir='ltr'><strong>Τοῦ</strong></span> <span class='ocrx_word' id='word_1_15' title='bbox 1856 488 1897 542; x_wconf 82' lang='grc' dir='ltr'>Α</span> 
     </span>
    </p>
   </div>
   <div class='ocr_carea' id='block_1_5' title="bbox 1826 456 3502 562">
    <p class='ocr_par' dir='ltr' id='par_1_5' title="bbox 1856 480 3502 562">
     <span class='ocr_line' id='line_1_5' title="bbox 1856 480 3502 562; baseline 0.009 -29"><span class='ocrx_word' id='word_1_16' title='bbox 1856 488 1897 542; x_wconf 81' lang='grc' dir='ltr'>Α</span> <span class='ocrx_word' id='word_1_17' title='bbox 1932 480 2239 545; x_wconf 88' lang='lat' dir='ltr'><strong>hortamur,</strong></span> <span class='ocrx_word' id='word_1_18' title='bbox 2266 497 2360 537; x_wconf 89' lang='lat' dir='ltr'><strong>seu</strong></span> <span class='ocrx_word' id='word_1_19' title='bbox 2412 483 2597 551; x_wconf 99' lang='lat' dir='ltr'><strong>potius</strong></span> <span class='ocrx_word' id='word_1_20' title='bbox 2629 499 2905 555; x_wconf 79' lang='lat' dir='ltr'><strong>rogamus.</strong></span> <span class='ocrx_word' id='word_1_21' title='bbox 2961 488 3078 545; x_wconf 82' lang='lat' dir='ltr'><strong>Non</strong></span> <span class='ocrx_word' id='word_1_22' title='bbox 3136 492 3287 546; x_wconf 88' lang='lat' dir='ltr'><strong>enim</strong></span> <span class='ocrx_word' id='word_1_23' title='bbox 3337 508 3502 562; x_wconf 79' lang='lat' dir='ltr'><strong>grave</strong></span> 
     </span>
    </p>
   </div>
   <div class='ocr_carea' id='block_1_6' title="bbox 235 559 1818 644">
    <p class='ocr_par' dir='ltr' id='par_1_6' title="bbox 235 559 1818 644">
     <span class='ocr_line' id='line_1_6' title="bbox 235 559 1818 644; baseline 0.008 -32"><span class='ocrx_word' id='word_1_24' title='bbox 235 559 293 613; x_wconf 80' lang='grc' dir='ltr'>δὲ</span> <span class='ocrx_word' id='word_1_25' title='bbox 315 561 533 627; x_wconf 87' lang='grc' dir='ltr'>λοιποῦ,</span> <span class='ocrx_word' id='word_1_26' title='bbox 563 564 771 634; x_wconf 79' lang='grc' dir='ltr'>μηδένα</span> <span class='ocrx_word' id='word_1_27' title='bbox 808 569 1289 639; x_wconf 71' lang='grc' dir='ltr'><strong>προφασιζόμενον</strong></span> <span class='ocrx_word' id='word_1_28' title='bbox 1316 574 1449 643; x_wconf 75' lang='grc' dir='ltr'>περὶ</span> <span class='ocrx_word' id='word_1_29' title='bbox 1486 574 1750 644; x_wconf 84' lang='grc' dir='ltr'>πρόσωπα</span> <span class='ocrx_word' id='word_1_30' title='bbox 1786 573 1818 643; x_wconf 80' lang='grc' dir='ltr'>ἢ</span> 
     </span>
    </p>
   </div>
   <div class='ocr_carea' id='block_1_7' title="bbox 239 652 1821 735">
    <p class='ocr_par' dir='ltr' id='par_1_7' title="bbox 239 652 1821 735">
     <span class='ocr_line' id='line_1_7' title="bbox 239 652 1821 735; baseline 0.006 -31"><span class='ocrx_word' id='word_1_31' title='bbox 239 652 518 717; x_wconf 77' lang='grc' dir='ltr'>συλλαϐάς</span> <span class='ocrx_word' id='word_1_32' title='bbox 540 655 893 728; x_wconf 82' lang='grc' dir='ltr'><strong>ζυγομαχεῖν·</strong></span> <span class='ocrx_word' id='word_1_33' title='bbox 923 660 1005 712; x_wconf 84' lang='grc' dir='ltr'>ὅτι</span> <span class='ocrx_word' id='word_1_34' title='bbox 1038 662 1179 731; x_wconf 79' lang='grc' dir='ltr'>πρὸς</span> <span class='ocrx_word' id='word_1_35' title='bbox 1221 663 1357 732; x_wconf 88' lang='grc' dir='ltr'>μίαν</span> <span class='ocrx_word' id='word_1_36' title='bbox 1386 664 1483 717; x_wconf 73' lang='grc' dir='ltr'><strong>καὶ</strong></span> <span class='ocrx_word' id='word_1_37' title='bbox 1521 664 1619 735; x_wconf 78' lang='grc' dir='ltr'>τὴν</span> <span class='ocrx_word' id='word_1_38' title='bbox 1650 664 1821 734; x_wconf 83' lang='grc' dir='ltr'>αὐτὴν</span> 
     </span>
    </p>
   </div>
   <div class='ocr_carea' id='block_1_8' title="bbox 236 743 1822 824">
    <p class='ocr_par' dir='ltr' id='par_1_8' title="bbox 236 743 1822 824">
     <span class='ocr_line' id='line_1_8' title="bbox 236 743 1822 824; baseline 0.008 -29"><span class='ocrx_word' id='word_1_39' title='bbox 236 743 411 815; x_wconf 74' lang='grc' dir='ltr'>ὀρθὴν</span> <span class='ocrx_word' id='word_1_40' title='bbox 443 746 631 801; x_wconf 86' lang='grc' dir='ltr'>πίστιν</span> <span class='ocrx_word' id='word_1_41' title='bbox 656 768 716 802; x_wconf 90' lang='grc' dir='ltr'><strong>τε</strong></span> <span class='ocrx_word' id='word_1_42' title='bbox 743 752 835 802; x_wconf 77' lang='grc' dir='ltr'><strong>καὶ</strong></span> <span class='ocrx_word' id='word_1_43' title='bbox 864 752 1078 807; x_wconf 74' lang='grc' dir='ltr'>ἔννοιαν</span> <span class='ocrx_word' id='word_1_44' title='bbox 1101 755 1156 806; x_wconf 90' lang='grc' dir='ltr'><strong>αί</strong></span> <span class='ocrx_word' id='word_1_45' title='bbox 1181 754 1447 809; x_wconf 77' lang='grc' dir='ltr'>συλλαϐαὶ</span> <span class='ocrx_word' id='word_1_46' title='bbox 1478 757 1705 824; x_wconf 83' lang='grc' dir='ltr'>φέρουσι</span> <span class='ocrx_word' id='word_1_47' title='bbox 1728 756 1822 809; x_wconf 83' lang='grc' dir='ltr'><strong>τοῦ</strong></span> 
     </span>
    </p>
   </div>
   <div class='ocr_carea' id='block_1_9' title="bbox 242 839 1821 920">
    <p class='ocr_par' dir='ltr' id='par_1_9' title="bbox 242 839 1821 920">
     <span class='ocr_line' id='line_1_9' title="bbox 242 839 1821 920; baseline 0.008 -30"><span class='ocrx_word' id='word_1_48' title='bbox 242 839 410 907; x_wconf 84' lang='grc' dir='ltr'>μέχρι</span> <span class='ocrx_word' id='word_1_49' title='bbox 446 840 541 895; x_wconf 92' lang='grc' dir='ltr'><strong>νῦν</strong></span> <span class='ocrx_word' id='word_1_50' title='bbox 562 842 897 913; x_wconf 80' lang='grc' dir='ltr'><strong>κρατοῦντος</strong></span> <span class='ocrx_word' id='word_1_51' title='bbox 930 845 1088 909; x_wconf 75' lang='grc' dir='ltr'>εθους</span> <span class='ocrx_word' id='word_1_52' title='bbox 1111 864 1170 900; x_wconf 88' lang='grc' dir='ltr'><strong>τε</strong></span> <span class='ocrx_word' id='word_1_53' title='bbox 1222 848 1316 902; x_wconf 76' lang='grc' dir='ltr'>καὶ</span> <span class='ocrx_word' id='word_1_54' title='bbox 1351 850 1633 920; x_wconf 85' lang='grc' dir='ltr'>σχήματος</span> <span class='ocrx_word' id='word_1_55' title='bbox 1667 851 1725 902; x_wconf 90' lang='grc' dir='ltr'><strong>ἐν</strong></span> <span class='ocrx_word' id='word_1_56' title='bbox 1754 851 1821 920; x_wconf 82' lang='grc' dir='ltr'>τῇ</span> 
     </span>
    </p>
   </div>
   <div class='ocr_carea' id='block_1_10' title="bbox 241 931 1821 1014">
    <p class='ocr_par' dir='ltr' id='par_1_10' title="bbox 241 931 1821 1014">
     <span class='ocr_line' id='line_1_10' title="bbox 241 931 1821 1014; baseline 0.009 -32"><span class='ocrx_word' id='word_1_57' title='bbox 241 931 377 1002; x_wconf 78' lang='grc' dir='ltr'>ἁγίᾳ</span> <span class='ocrx_word' id='word_1_58' title='bbox 400 933 494 985; x_wconf 89' lang='grc' dir='ltr'><strong>τοῦ</strong></span> <span class='ocrx_word' id='word_1_59' title='bbox 530 934 669 987; x_wconf 85' lang='grc' dir='ltr'><strong>Θεοῦ</strong></span> <span class='ocrx_word' id='word_1_60' title='bbox 693 935 963 1009; x_wconf 79' lang='grc' dir='ltr'>καθολικῇ</span> <span class='ocrx_word' id='word_1_61' title='bbox 995 940 1090 992; x_wconf 79' lang='grc' dir='ltr'>καὶ</span> <span class='ocrx_word' id='word_1_62' title='bbox 1121 940 1456 1011; x_wconf 69' lang='grc' dir='ltr'>άποστολικῇ</span> <span class='ocrx_word' id='word_1_63' title='bbox 1499 941 1821 1014; x_wconf 74' lang='grc' dir='ltr'>Ἐκκλησία,</span> 
     </span>
    </p>
   </div>
   <div class='ocr_carea' id='block_1_11' title="bbox 240 1023 1826 1102">
    <p class='ocr_par' dir='ltr' id='par_1_11' title="bbox 240 1023 1826 1102">
     <span class='ocr_line' id='line_1_11' title="bbox 240 1023 1826 1102; baseline 0.009 -28"><span class='ocrx_word' id='word_1_64' title='bbox 240 1023 330 1075; x_wconf 78' lang='grc' dir='ltr'>διὰ</span> <span class='ocrx_word' id='word_1_65' title='bbox 361 1025 583 1079; x_wconf 79' lang='grc' dir='ltr'>πάντων</span> <span class='ocrx_word' id='word_1_66' title='bbox 617 1027 843 1097; x_wconf 87' lang='grc' dir='ltr'>βεϐαίου</span> <span class='ocrx_word' id='word_1_67' title='bbox 890 1048 949 1083; x_wconf 90' lang='grc' dir='ltr'><strong>τε</strong></span> <span class='ocrx_word' id='word_1_68' title='bbox 986 1033 1079 1085; x_wconf 77' lang='grc' dir='ltr'>καὶ</span> <span class='ocrx_word' id='word_1_69' title='bbox 1109 1033 1548 1102; x_wconf 76' lang='grc' dir='ltr'>άκαινοτομήτου</span> <span class='ocrx_word' id='word_1_70' title='bbox 1602 1037 1698 1089; x_wconf 72' lang='grc' dir='ltr'>καὶ</span> <span class='ocrx_word' id='word_1_71' title='bbox 1744 1037 1826 1099; x_wconf 83' lang='grc' dir='ltr'><strong>είς</strong></span> 
     </span>
    </p>
   </div>
   <div class='ocr_carea' id='block_1_12' title="bbox 239 1116 1823 1198">
    <p class='ocr_par' dir='ltr' id='par_1_12' title="bbox 239 1116 1823 1198">
     <span class='ocr_line' id='line_1_12' title="bbox 239 1116 1823 1198; baseline 0.01 -31"><span class='ocrx_word' id='word_1_72' title='bbox 239 1116 337 1168; x_wconf 80' lang='grc' dir='ltr'><strong>τὸν</strong></span> <span class='ocrx_word' id='word_1_73' title='bbox 387 1118 519 1187; x_wconf 78' lang='grc' dir='ltr'>ἑξῆς</span> <span class='ocrx_word' id='word_1_74' title='bbox 551 1122 771 1176; x_wconf 82' lang='grc' dir='ltr'>ᾶπαντα</span> <span class='ocrx_word' id='word_1_75' title='bbox 827 1124 1089 1193; x_wconf 82' lang='grc' dir='ltr'>μένοντος</span> <span class='ocrx_word' id='word_1_76' title='bbox 1117 1126 1335 1195; x_wconf 89' lang='grc' dir='ltr'>χρόνον.</span> <span class='ocrx_word' id='word_1_77' title='bbox 1376 1145 1395 1179; x_wconf 76' lang='grc' dir='ltr'><strong>ι</strong></span> <span class='ocrx_word' id='word_1_78' title='bbox 1448 1127 1539 1197; x_wconf 83' lang='grc' dir='ltr'><strong>Τῷ</strong></span> <span class='ocrx_word' id='word_1_79' title='bbox 1573 1129 1672 1198; x_wconf 89' lang='grc' dir='ltr'><strong>μέν</strong></span> <span class='ocrx_word' id='word_1_80' title='bbox 1728 1129 1823 1183; x_wconf 79' lang='grc' dir='ltr'>οὖν</span> 
     </span>
    </p>
   </div>
   <div class='ocr_carea' id='block_1_13' title="bbox 245 1209 1827 1289">
    <p class='ocr_par' dir='ltr' id='par_1_13' title="bbox 245 1209 1827 1289">
     <span class='ocr_line' id='line_1_13' title="bbox 245 1209 1827 1289; baseline 0.008 -28"><span class='ocrx_word' id='word_1_81' title='bbox 245 1209 437 1280; x_wconf 83' lang='grc' dir='ltr'>ίδίκτῳ</span> <span class='ocrx_word' id='word_1_82' title='bbox 472 1212 649 1281; x_wconf 84' lang='grc' dir='ltr'>τούτῳ</span> <span class='ocrx_word' id='word_1_83' title='bbox 680 1216 883 1277; x_wconf 86' lang='grc' dir='ltr'>πάντες</span> <span class='ocrx_word' id='word_1_84' title='bbox 928 1218 977 1269; x_wconf 89' lang='lat' dir='ltr'><strong>oi</strong></span> <span class='ocrx_word' id='word_1_85' title='bbox 1022 1217 1328 1289; x_wconf 78' lang='grc' dir='ltr'>ἑκασταχοῦ</span> <span class='ocrx_word' id='word_1_86' title='bbox 1374 1220 1827 1288; x_wconf 79' lang='grc' dir='ltr'>συγκατετίθεντο</span> 
     </span>
    </p>
   </div>
   <div class='ocr_carea' id='block_1_14' title="bbox 245 1302 1827 1383">
    <p class='ocr_par' dir='ltr' id='par_1_14' title="bbox 245 1302 1827 1383">
     <span class='ocr_line' id='line_1_14' title="bbox 245 1302 1827 1383; baseline 0.013 -39"><span class='ocrx_word' id='word_1_87' title='bbox 245 1302 440 1367; x_wconf 69' lang='grc' dir='ltr'>ἱερεῖς,</span> <span class='ocrx_word' id='word_1_88' title='bbox 463 1304 642 1373; x_wconf 77' lang='grc' dir='ltr'>ὀρθῶς</span> <span class='ocrx_word' id='word_1_89' title='bbox 682 1307 1072 1377; x_wconf 67' lang='grc' dir='ltr'>ἐκφωνηθῆναι</span> <span class='ocrx_word' id='word_1_90' title='bbox 1103 1308 1381 1377; x_wconf 86' lang='grc' dir='ltr'>λέγοντες·</span> <span class='ocrx_word' id='word_1_91' title='bbox 1407 1312 1472 1363; x_wconf 80' lang='grc' dir='ltr'><strong>ὀί</strong></span> <span class='ocrx_word' id='word_1_92' title='bbox 1523 1311 1570 1364; x_wconf 85' lang='grc' dir='ltr'>δ’</span> <span class='ocrx_word' id='word_1_93' title='bbox 1602 1312 1827 1383; x_wconf 79' lang='grc' dir='ltr'>ἀποδιῃ-</span> 
     </span>
    </p>
   </div>
   <div class='ocr_carea' id='block_1_15' title="bbox 246 1393 1827 1472">
    <p class='ocr_par' dir='ltr' id='par_1_15' title="bbox 246 1393 1827 1472">
     <span class='ocr_line' id='line_1_15' title="bbox 246 1393 1827 1472; baseline 0.009 -30"><span class='ocrx_word' id='word_1_94' title='bbox 246 1393 480 1460; x_wconf 81' lang='grc' dir='ltr'>ρημένοι</span> <span class='ocrx_word' id='word_1_95' title='bbox 512 1396 608 1448; x_wconf 75' lang='grc' dir='ltr'><strong>ἐπὶ</strong></span> <span class='ocrx_word' id='word_1_96' title='bbox 644 1396 738 1449; x_wconf 86' lang='grc' dir='ltr'><strong>τοῦ</strong></span> <span class='ocrx_word' id='word_1_97' title='bbox 775 1398 1077 1468; x_wconf 86' lang='grc' dir='ltr'>σχίσματος</span> <span class='ocrx_word' id='word_1_98' title='bbox 1111 1400 1325 1468; x_wconf 77' lang='grc' dir='ltr'>ἔμενον,</span> <span class='ocrx_word' id='word_1_99' title='bbox 1355 1401 1539 1472; x_wconf 81' lang='grc' dir='ltr'><strong>ἥκισθ’</strong></span> <span class='ocrx_word' id='word_1_100' title='bbox 1572 1402 1827 1457; x_wconf 80' lang='grc' dir='ltr'>ἐνοῦσθαι</span> 
     </span>
    </p>
   </div>
   <div class='ocr_carea' id='block_1_16' title="bbox 241 1484 1828 1565">
    <p class='ocr_par' dir='ltr' id='par_1_16' title="bbox 241 1484 1828 1565">
     <span class='ocr_line' id='line_1_16' title="bbox 241 1484 1828 1565; baseline 0.009 -30"><span class='ocrx_word' id='word_1_101' title='bbox 241 1484 521 1555; x_wconf 82' lang='grc' dir='ltr'>θέλοντες,</span> <span class='ocrx_word' id='word_1_102' title='bbox 574 1488 635 1541; x_wconf 84' lang='grc' dir='ltr'><strong>οὐ</strong></span> <span class='ocrx_word' id='word_1_103' title='bbox 685 1489 755 1543; x_wconf 88' lang='grc' dir='ltr'>δι’</span> <span class='ocrx_word' id='word_1_104' title='bbox 780 1490 911 1544; x_wconf 75' lang='grc' dir='ltr'>ἄλλο</span> <span class='ocrx_word' id='word_1_105' title='bbox 943 1509 1018 1555; x_wconf 87' lang='grc' dir='ltr'><strong>τι,</strong></span> <span class='ocrx_word' id='word_1_106' title='bbox 1068 1492 1184 1547; x_wconf 75' lang='grc' dir='ltr'>ἄλλ’</span> <span class='ocrx_word' id='word_1_107' title='bbox 1214 1496 1408 1563; x_wconf 83' lang='grc' dir='ltr'><strong>ὅτιπερ</strong></span> <span class='ocrx_word' id='word_1_108' title='bbox 1462 1494 1637 1565; x_wconf 80' lang='grc' dir='ltr'><strong>ῥητῶς</strong></span> <span class='ocrx_word' id='word_1_109' title='bbox 1684 1493 1828 1549; x_wconf 77' lang='grc' dir='ltr'>οὕτω</span> 
     </span>
    </p>
   </div>
   <div class='ocr_carea' id='block_1_17' title="bbox 240 1579 1829 1659">
    <p class='ocr_par' dir='ltr' id='par_1_17' title="bbox 240 1579 1829 1659">
     <span class='ocr_line' id='line_1_17' title="bbox 240 1579 1829 1659; baseline 0.007 -31"><span class='ocrx_word' id='word_1_110' title='bbox 240 1579 492 1649; x_wconf 83' lang='grc' dir='ltr'>πρὸςτῷ</span> <span class='ocrx_word' id='word_1_111' title='bbox 519 1581 664 1635; x_wconf 87' lang='grc' dir='ltr'>τέλει</span> <span class='ocrx_word' id='word_1_112' title='bbox 700 1582 795 1637; x_wconf 88' lang='grc' dir='ltr'><strong>τοῦ</strong></span> <span class='ocrx_word' id='word_1_113' title='bbox 839 1586 1165 1655; x_wconf 78' lang='grc' dir='ltr'>γράμματος</span> <span class='ocrx_word' id='word_1_114' title='bbox 1216 1586 1431 1659; x_wconf 80' lang='grc' dir='ltr'>εἴρηκε,</span> <span class='ocrx_word' id='word_1_115' title='bbox 1490 1586 1551 1640; x_wconf 84' lang='grc' dir='ltr'>τὸ</span> <span class='ocrx_word' id='word_1_116' title='bbox 1606 1586 1829 1658; x_wconf 81' lang='grc' dir='ltr'>βέϐαιον</span> 
     </span>
    </p>
   </div>
   <div class='ocr_carea' id='block_1_18' title="bbox 239 1675 1827 1752">
    <p class='ocr_par' dir='ltr' id='par_1_18' title="bbox 239 1675 1827 1752">
     <span class='ocr_line' id='line_1_18' title="bbox 239 1675 1827 1752; baseline 0.005 -27"><span class='ocrx_word' id='word_1_117' title='bbox 239 1675 341 1725; x_wconf 80' lang='grc' dir='ltr'><strong>καὶ</strong></span> <span class='ocrx_word' id='word_1_118' title='bbox 406 1675 850 1747; x_wconf 80' lang='grc' dir='ltr'>ἁκαινοτόμητον</span> <span class='ocrx_word' id='word_1_119' title='bbox 914 1680 1265 1750; x_wconf 83' lang='grc' dir='ltr'>πεφυλάχθαι</span> <span class='ocrx_word' id='word_1_120' title='bbox 1325 1681 1449 1743; x_wconf 77' lang='grc' dir='ltr'>ταῖς</span> <span class='ocrx_word' id='word_1_121' title='bbox 1507 1679 1827 1752; x_wconf 77' lang='grc' dir='ltr'>ἐκκλησίαις</span> 
     </span>
    </p>
   </div>
   <div class='ocr_carea' id='block_1_19' title="bbox 237 1767 1331 1843">
    <p class='ocr_par' dir='ltr' id='par_1_19' title="bbox 237 1767 1331 1843">
     <span class='ocr_line' id='line_1_19' title="bbox 237 1767 1331 1843; baseline 0.009 -26"><span class='ocrx_word' id='word_1_122' title='bbox 237 1767 341 1818; x_wconf 79' lang='grc' dir='ltr'><strong>καὶ</strong></span> <span class='ocrx_word' id='word_1_123' title='bbox 364 1768 509 1822; x_wconf 70' lang='grc' dir='ltr'>κατὰ</span> <span class='ocrx_word' id='word_1_124' title='bbox 546 1770 639 1822; x_wconf 75' lang='grc' dir='ltr'>τὸν</span> <span class='ocrx_word' id='word_1_125' title='bbox 663 1771 790 1840; x_wconf 79' lang='grc' dir='ltr'><strong>ἑξῆς</strong></span> <span class='ocrx_word' id='word_1_126' title='bbox 816 1774 1081 1843; x_wconf 78' lang='grc' dir='ltr'>ἐσόμενον</span> <span class='ocrx_word' id='word_1_127' title='bbox 1116 1774 1331 1843; x_wconf 87' lang='grc' dir='ltr'>χρόνον.</span> 
     </span>
    </p>
   </div>
   <div class='ocr_carea' id='block_1_20' title="bbox 1928 573 3501 653">
    <p class='ocr_par' dir='ltr' id='par_1_20' title="bbox 1928 573 3501 653">
     <span class='ocr_line' id='line_1_20' title="bbox 1928 573 3501 653; baseline 0.008 -27"><span class='ocrx_word' id='word_1_128' title='bbox 1928 573 2086 628; x_wconf 90' lang='lat' dir='ltr'><strong>nobis</strong></span> <span class='ocrx_word' id='word_1_129' title='bbox 2120 584 2224 635; x_wconf 89' lang='lat' dir='ltr'><strong>est,</strong></span> <span class='ocrx_word' id='word_1_130' title='bbox 2251 577 2502 644; x_wconf 82' lang='lat' dir='ltr'><strong>quamvis</strong></span> <span class='ocrx_word' id='word_1_131' title='bbox 2530 576 2583 630; x_wconf 95' lang='lat' dir='ltr'><strong>in</strong></span> <span class='ocrx_word' id='word_1_132' title='bbox 2610 576 2828 649; x_wconf 78' lang='lat' dir='ltr'><strong>fastigio</strong></span> <span class='ocrx_word' id='word_1_133' title='bbox 2860 581 3077 653; x_wconf 89' lang='lat' dir='ltr'><strong>imperii</strong></span> <span class='ocrx_word' id='word_1_134' title='bbox 3124 584 3378 641; x_wconf 89' lang='lat' dir='ltr'><strong>collocati</strong></span> <span class='ocrx_word' id='word_1_135' title='bbox 3423 587 3501 641; x_wconf 88' lang='lat' dir='ltr'><strong>si-</strong></span> 
     </span>
    </p>
   </div>
   <div class='ocr_carea' id='block_1_21' title="bbox 1927 665 3503 745">
    <p class='ocr_par' dir='ltr' id='par_1_21' title="bbox 1927 665 3503 745">
     <span class='ocr_line' id='line_1_21' title="bbox 1927 665 3503 745; baseline 0.007 -29"><span class='ocrx_word' id='word_1_136' title='bbox 1927 678 2069 727; x_wconf 85' lang='lat' dir='ltr'><strong>mus,</strong></span> <span class='ocrx_word' id='word_1_137' title='bbox 2121 665 2560 721; x_wconf 66' lang='lat' dir='ltr'><strong>Christianorum</strong></span> <span class='ocrx_word' id='word_1_138' title='bbox 2621 671 2868 723; x_wconf 88' lang='lat' dir='ltr'><strong>omnium</strong></span> <span class='ocrx_word' id='word_1_139' title='bbox 2904 676 3289 731; x_wconf 81' lang='lat' dir='ltr'><strong>consensionis</strong></span> <span class='ocrx_word' id='word_1_140' title='bbox 3338 685 3503 745; x_wconf 89' lang='lat' dir='ltr'><strong>atque</strong></span> 
     </span>
    </p>
   </div>
   <div class='ocr_carea' id='block_1_22' title="bbox 1927 754 3504 828">
    <p class='ocr_par' dir='ltr' id='par_1_22' title="bbox 1927 754 3504 828">
     <span class='ocr_line' id='line_1_22' title="bbox 1927 754 3504 828; baseline 0.006 -21"><span class='ocrx_word' id='word_1_141' title='bbox 1927 754 2147 809; x_wconf 86' lang='lat' dir='ltr'><strong>unionis</strong></span> <span class='ocrx_word' id='word_1_142' title='bbox 2174 756 2367 825; x_wconf 85' lang='lat' dir='ltr'><strong>gratia,</strong></span> <span class='ocrx_word' id='word_1_143' title='bbox 2425 759 2698 828; x_wconf 87' lang='lat' dir='ltr'><strong>ejusmodi</strong></span> <span class='ocrx_word' id='word_1_144' title='bbox 2743 761 2927 815; x_wconf 84' lang='lat' dir='ltr'><strong>verbis</strong></span> <span class='ocrx_word' id='word_1_145' title='bbox 2964 764 3040 817; x_wconf 91' lang='lat' dir='ltr'><strong>uti</strong></span> <span class='ocrx_word' id='word_1_146' title='bbox 3078 780 3093 818; x_wconf 88' lang='lat'><strong>:</strong></span> <span class='ocrx_word' id='word_1_147' title='bbox 3164 774 3223 819; x_wconf 91' lang='lat' dir='ltr'><strong>ut</strong></span> <span class='ocrx_word' id='word_1_148' title='bbox 3268 780 3373 818; x_wconf 91' lang='lat' dir='ltr'><strong>una</strong></span> <span class='ocrx_word' id='word_1_149' title='bbox 3433 766 3504 817; x_wconf 89' lang='lat' dir='ltr'><strong>ab</strong></span> 
     </span>
    </p>
   </div>
   <div class='ocr_carea' id='block_1_23' title="bbox 1925 848 3503 926">
    <p class='ocr_par' dir='ltr' id='par_1_23' title="bbox 1925 848 3503 926">
     <span class='ocr_line' id='line_1_23' title="bbox 1925 848 3503 926; baseline 0.006 -26"><span class='ocrx_word' id='word_1_150' title='bbox 1925 848 2184 902; x_wconf 81' lang='lat' dir='ltr'><strong>Omnibus</strong></span> <span class='ocrx_word' id='word_1_151' title='bbox 2224 848 2343 902; x_wconf 91' lang='lat' dir='ltr'><strong>laus</strong></span> <span class='ocrx_word' id='word_1_152' title='bbox 2385 860 2439 903; x_wconf 90' lang='lat' dir='ltr'><strong>et</strong></span> <span class='ocrx_word' id='word_1_153' title='bbox 2477 851 2802 919; x_wconf 67' lang='lat' dir='ltr'><strong>gloriﬁcatio</strong></span> <span class='ocrx_word' id='word_1_154' title='bbox 2836 855 3116 909; x_wconf 82' lang='lat' dir='ltr'><strong>tribuatur</strong></span> <span class='ocrx_word' id='word_1_155' title='bbox 3160 858 3274 912; x_wconf 90' lang='lat' dir='ltr'><strong>Deo</strong></span> <span class='ocrx_word' id='word_1_156' title='bbox 3307 872 3503 926; x_wconf 81' lang='lat' dir='ltr'><strong>magno</strong></span> 
     </span>
    </p>
   </div>
   <div class='ocr_carea' id='block_1_24' title="bbox 1925 941 3503 1023">
    <p class='ocr_par' dir='ltr' id='par_1_24' title="bbox 1925 941 3503 1023">
     <span class='ocr_line' id='line_1_24' title="bbox 1925 941 3503 1023; baseline 0.005 -28"><span class='ocrx_word' id='word_1_157' title='bbox 1925 948 1978 995; x_wconf 90' lang='lat' dir='ltr'><strong>et</strong></span> <span class='ocrx_word' id='word_1_158' title='bbox 2009 941 2285 997; x_wconf 89' lang='lat' dir='ltr'><strong>Servatori</strong></span> <span class='ocrx_word' id='word_1_159' title='bbox 2314 952 2502 998; x_wconf 90' lang='lat' dir='ltr'><strong>nostro</strong></span> <span class='ocrx_word' id='word_1_160' title='bbox 2532 947 2659 1000; x_wconf 83' lang='lat' dir='ltr'><strong>Jesu</strong></span> <span class='ocrx_word' id='word_1_161' title='bbox 2704 948 2955 1003; x_wconf 87' lang='lat' dir='ltr'><strong>Christo.</strong></span> <span class='ocrx_word' id='word_1_162' title='bbox 2987 950 3151 1023; x_wconf 65' lang='grc'><strong>794</strong></span> <span class='ocrx_word' id='word_1_163' title='bbox 3183 953 3255 1006; x_wconf 85' lang='lat' dir='ltr'><strong>De</strong></span> <span class='ocrx_word' id='word_1_164' title='bbox 3303 962 3503 1007; x_wconf 64' lang='lat' dir='ltr'><strong>caetero</strong></span> 
     </span>
    </p>
   </div>
   <div class='ocr_carea' id='block_1_25' title="bbox 1925 1034 3503 1100">
    <p class='ocr_par' dir='ltr' id='par_1_25' title="bbox 1925 1034 3503 1100">
     <span class='ocr_line' id='line_1_25' title="bbox 1925 1034 3503 1100; baseline 0.008 -17"><span class='ocrx_word' id='word_1_165' title='bbox 1925 1039 2133 1096; x_wconf 90' lang='lat' dir='ltr'><strong>autem,</strong></span> <span class='ocrx_word' id='word_1_166' title='bbox 2174 1047 2240 1086; x_wconf 84' lang='lat' dir='ltr'><strong>ne</strong></span> <span class='ocrx_word' id='word_1_167' title='bbox 2272 1034 2398 1100; x_wconf 86' lang='lat' dir='ltr'><strong>quis</strong></span> <span class='ocrx_word' id='word_1_168' title='bbox 2435 1050 2654 1089; x_wconf 77' lang='lat' dir='ltr'><strong>causam</strong></span> <span class='ocrx_word' id='word_1_169' title='bbox 2689 1048 2782 1090; x_wconf 88' lang='lat' dir='ltr'><strong>aut</strong></span> <span class='ocrx_word' id='word_1_170' title='bbox 2826 1042 3178 1094; x_wconf 82' lang='lat' dir='ltr'><strong>occasionem</strong></span> <span class='ocrx_word' id='word_1_171' title='bbox 3234 1042 3381 1095; x_wconf 83' lang='lat' dir='ltr'><strong>illam</strong></span> <span class='ocrx_word' id='word_1_172' title='bbox 3436 1041 3503 1095; x_wconf 87' lang='lat' dir='ltr'><strong>de</strong></span> 
     </span>
    </p>
   </div>
   <div class='ocr_carea' id='block_1_26' title="bbox 1928 1123 3505 1203">
    <p class='ocr_par' dir='ltr' id='par_1_26' title="bbox 1928 1123 3505 1203">
     <span class='ocr_line' id='line_1_26' title="bbox 1928 1123 3505 1203; baseline 0.006 -28"><span class='ocrx_word' id='word_1_173' title='bbox 1928 1123 2186 1192; x_wconf 81' lang='lat' dir='ltr'><strong>personis</strong></span> <span class='ocrx_word' id='word_1_174' title='bbox 2232 1136 2327 1177; x_wconf 90' lang='lat' dir='ltr'><strong>aut</strong></span> <span class='ocrx_word' id='word_1_175' title='bbox 2355 1127 2582 1195; x_wconf 80' lang='lat' dir='ltr'><strong>syllabis</strong></span> <span class='ocrx_word' id='word_1_176' title='bbox 2616 1129 2751 1199; x_wconf 83' lang='lat' dir='ltr'><strong>(sive</strong></span> <span class='ocrx_word' id='word_1_177' title='bbox 2799 1131 2923 1187; x_wconf 80' lang='lat' dir='ltr'><strong>ﬁdei</strong></span> <span class='ocrx_word' id='word_1_178' title='bbox 2983 1132 3256 1203; x_wconf 80' lang='lat' dir='ltr'><strong>formulis)</strong></span> <span class='ocrx_word' id='word_1_179' title='bbox 3292 1149 3394 1203; x_wconf 90' lang='lat' dir='ltr'><strong>per</strong></span> <span class='ocrx_word' id='word_1_180' title='bbox 3422 1132 3505 1186; x_wconf 87' lang='lat' dir='ltr'><strong>in-</strong></span> 
     </span>
    </p>
   </div>
   <div class='ocr_carea' id='block_1_27' title="bbox 1942 1216 3504 1295">
    <p class='ocr_par' dir='ltr' id='par_1_27' title="bbox 1942 1216 3504 1295">
     <span class='ocr_line' id='line_1_27' title="bbox 1942 1216 3504 1295; baseline 0.006 -27"><span class='ocrx_word' id='word_1_181' title='bbox 1942 1216 2143 1269; x_wconf 84' lang='lat' dir='ltr'><strong>testina</strong></span> <span class='ocrx_word' id='word_1_182' title='bbox 2176 1217 2401 1273; x_wconf 88' lang='lat' dir='ltr'><strong>dissidia</strong></span> <span class='ocrx_word' id='word_1_183' title='bbox 2442 1220 2810 1276; x_wconf 86' lang='lat' dir='ltr'><strong>contendendi</strong></span> <span class='ocrx_word' id='word_1_184' title='bbox 2866 1233 3068 1294; x_wconf 83' lang='lat' dir='ltr'><strong>captet,</strong></span> <span class='ocrx_word' id='word_1_185' title='bbox 3113 1227 3373 1295; x_wconf 89' lang='lat' dir='ltr'><strong>quoniam</strong></span> <span class='ocrx_word' id='word_1_186' title='bbox 3437 1227 3504 1277; x_wconf 82' lang='lat' dir='ltr'><strong>ad</strong></span> 
     </span>
    </p>
   </div>
   <div class='ocr_carea' id='block_1_28' title="bbox 1930 1314 3507 1390">
    <p class='ocr_par' dir='ltr' id='par_1_28' title="bbox 1930 1314 3507 1390">
     <span class='ocr_line' id='line_1_28' title="bbox 1930 1314 3507 1390; baseline 0.005 -26"><span class='ocrx_word' id='word_1_187' title='bbox 1930 1326 2094 1365; x_wconf 90' lang='lat' dir='ltr'><strong>unam</strong></span> <span class='ocrx_word' id='word_1_188' title='bbox 2144 1318 2199 1366; x_wconf 91' lang='lat' dir='ltr'><strong>et</strong></span> <span class='ocrx_word' id='word_1_189' title='bbox 2232 1314 2478 1369; x_wconf 85' lang='lat' dir='ltr'><strong>eamdem</strong></span> <span class='ocrx_word' id='word_1_190' title='bbox 2508 1329 2715 1373; x_wconf 89' lang='lat' dir='ltr'><strong>rectam</strong></span> <span class='ocrx_word' id='word_1_191' title='bbox 2752 1318 2911 1373; x_wconf 81' lang='lat' dir='ltr'><strong>ﬁdem</strong></span> <span class='ocrx_word' id='word_1_192' title='bbox 2951 1330 3006 1375; x_wconf 90' lang='lat' dir='ltr'><strong>et</strong></span> <span class='ocrx_word' id='word_1_193' title='bbox 3040 1322 3371 1375; x_wconf 88' lang='lat' dir='ltr'><strong>sententiam</strong></span> <span class='ocrx_word' id='word_1_194' title='bbox 3402 1322 3507 1390; x_wconf 59' lang='lat' dir='ltr'><strong>syl-</strong></span> 
     </span>
    </p>
   </div>
   <div class='ocr_carea' id='block_1_29' title="bbox 1927 1401 3509 1479">
    <p class='ocr_par' dir='ltr' id='par_1_29' title="bbox 1927 1401 3509 1479">
     <span class='ocr_line' id='line_1_29' title="bbox 1927 1401 3509 1479; baseline 0.004 -22"><span class='ocrx_word' id='word_1_195' title='bbox 1927 1401 2207 1475; x_wconf 68' lang='lat' dir='ltr'><strong>labas(s‘eu</strong></span> <span class='ocrx_word' id='word_1_196' title='bbox 2268 1406 2535 1475; x_wconf 63' lang='lat' dir='ltr'><strong>formulae)</strong></span> <span class='ocrx_word' id='word_1_197' title='bbox 2599 1410 2915 1479; x_wconf 82' lang='lat' dir='ltr'><strong>producunt</strong></span> <span class='ocrx_word' id='word_1_198' title='bbox 2974 1411 3399 1467; x_wconf 83' lang='lat' dir='ltr'><strong>consuetudinis</strong></span> <span class='ocrx_word' id='word_1_199' title='bbox 3454 1421 3509 1463; x_wconf 79' lang='lat' dir='ltr'><strong>et</strong></span> 
     </span>
    </p>
   </div>
   <div class='ocr_carea' id='block_1_30' title="bbox 1929 1499 3506 1571">
    <p class='ocr_par' dir='ltr' id='par_1_30' title="bbox 1929 1499 3506 1571">
     <span class='ocr_line' id='line_1_30' title="bbox 1929 1499 3506 1571; baseline 0.004 -22"><span class='ocrx_word' id='word_1_200' title='bbox 1929 1505 2105 1552; x_wconf 86' lang='lat' dir='ltr'><strong>status</strong></span> <span class='ocrx_word' id='word_1_201' title='bbox 2143 1499 2285 1569; x_wconf 89' lang='lat' dir='ltr'><strong>ejus,</strong></span> <span class='ocrx_word' id='word_1_202' title='bbox 2326 1500 2419 1567; x_wconf 91' lang='lat' dir='ltr'><strong>qui</strong></span> <span class='ocrx_word' id='word_1_203' title='bbox 2450 1500 2735 1571; x_wconf 88' lang='lat' dir='ltr'><strong>hucusque</strong></span> <span class='ocrx_word' id='word_1_204' title='bbox 2778 1504 2832 1558; x_wconf 91' lang='lat' dir='ltr'><strong>in</strong></span> <span class='ocrx_word' id='word_1_205' title='bbox 2863 1516 3053 1559; x_wconf 91' lang='lat' dir='ltr'><strong>sancta</strong></span> <span class='ocrx_word' id='word_1_206' title='bbox 3084 1504 3178 1559; x_wconf 89' lang='lat' dir='ltr'><strong>Dei</strong></span> <span class='ocrx_word' id='word_1_207' title='bbox 3231 1504 3506 1561; x_wconf 74' lang='lat' dir='ltr'><strong>catholica</strong></span> 
     </span>
    </p>
   </div>
   <div class='ocr_carea' id='block_1_31' title="bbox 1929 1590 3505 1666">
    <p class='ocr_par' dir='ltr' id='par_1_31' title="bbox 1929 1590 3505 1666">
     <span class='ocr_line' id='line_1_31' title="bbox 1929 1590 3505 1666; baseline 0.003 -25"><span class='ocrx_word' id='word_1_208' title='bbox 1929 1598 1985 1642; x_wconf 93' lang='lat' dir='ltr'><strong>et</strong></span> <span class='ocrx_word' id='word_1_209' title='bbox 2021 1592 2321 1659; x_wconf 89' lang='lat' dir='ltr'><strong>apostolica</strong></span> <span class='ocrx_word' id='word_1_210' title='bbox 2348 1590 2590 1648; x_wconf 87' lang='lat' dir='ltr'><strong>Ecclesia</strong></span> <span class='ocrx_word' id='word_1_211' title='bbox 2626 1595 2889 1658; x_wconf 87' lang='lat' dir='ltr'><strong>obtinuit,</strong></span> <span class='ocrx_word' id='word_1_212' title='bbox 2919 1607 2975 1651; x_wconf 90' lang='lat' dir='ltr'><strong>et</strong></span> <span class='ocrx_word' id='word_1_213' title='bbox 3010 1613 3111 1666; x_wconf 88' lang='lat' dir='ltr'><strong>per</strong></span> <span class='ocrx_word' id='word_1_214' title='bbox 3152 1598 3338 1651; x_wconf 84' lang='lat' dir='ltr'><strong>omnia</strong></span> <span class='ocrx_word' id='word_1_215' title='bbox 3367 1595 3505 1650; x_wconf 87' lang='lat' dir='ltr'><strong>citra</strong></span> 
     </span>
    </p>
   </div>
   <div class='ocr_carea' id='block_1_32' title="bbox 1931 1684 3509 1761">
    <p class='ocr_par' dir='ltr' id='par_1_32' title="bbox 1931 1684 3509 1761">
     <span class='ocr_line' id='line_1_32' title="bbox 1931 1684 3509 1761; baseline 0.003 -24"><span class='ocrx_word' id='word_1_216' title='bbox 1931 1684 2340 1738; x_wconf 88' lang='lat' dir='ltr'><strong>innovationem</strong></span> <span class='ocrx_word' id='word_1_217' title='bbox 2376 1686 2617 1749; x_wconf 84' lang='lat' dir='ltr'><strong>aliquam</strong></span> <span class='ocrx_word' id='word_1_218' title='bbox 2656 1690 2847 1744; x_wconf 81' lang='lat' dir='ltr'><strong>ﬁrmus</strong></span> <span class='ocrx_word' id='word_1_219' title='bbox 2882 1692 3211 1761; x_wconf 88' lang='lat' dir='ltr'><strong>stabilisque</strong></span> <span class='ocrx_word' id='word_1_220' title='bbox 3245 1690 3509 1755; x_wconf 75' lang='lat' dir='ltr'><strong>deinceps</strong></span> 
     </span>
    </p>
   </div>
   <div class='ocr_carea' id='block_1_33' title="bbox 1931 1776 3503 1847">
    <p class='ocr_par' dir='ltr' id='par_1_33' title="bbox 1931 1776 3503 1847">
     <span class='ocr_line' id='line_1_33' title="bbox 1931 1776 3503 1847; baseline 0 -17"><span class='ocrx_word' id='word_1_221' title='bbox 1931 1776 1985 1831; x_wconf 92' lang='lat' dir='ltr'><strong>in</strong></span> <span class='ocrx_word' id='word_1_222' title='bbox 2031 1786 2245 1845; x_wconf 82' lang='lat' dir='ltr'><strong>tempus</strong></span> <span class='ocrx_word' id='word_1_223' title='bbox 2275 1793 2436 1833; x_wconf 91' lang='lat' dir='ltr'><strong>omne</strong></span> <span class='ocrx_word' id='word_1_224' title='bbox 2467 1784 2832 1847; x_wconf 84' lang='lat' dir='ltr'><strong>permanebit.</strong></span> <span class='ocrx_word' id='word_1_225' title='bbox 2877 1802 2895 1833; x_wconf 77' lang='grc' dir='ltr'><strong>ι</strong></span> <span class='ocrx_word' id='word_1_226' title='bbox 2942 1782 3197 1836; x_wconf 82' lang='lat' dir='ltr'><strong>Edictum</strong></span> <span class='ocrx_word' id='word_1_227' title='bbox 3237 1782 3342 1835; x_wconf 87' lang='lat' dir='ltr'><strong>hoc</strong></span> <span class='ocrx_word' id='word_1_228' title='bbox 3387 1795 3503 1831; x_wconf 88' lang='lat' dir='ltr'><strong>om-</strong></span> 
     </span>
    </p>
   </div>
   <div class='ocr_carea' id='block_1_34' title="bbox 237 1863 3500 1949">
    <p class='ocr_par' dir='ltr' id='par_1_34' title="bbox 237 1863 3500 1949">
     <span class='ocr_line' id='line_1_34' title="bbox 237 1863 3500 1949; baseline 0.004 -35"><span class='ocrx_word' id='word_1_229' title='bbox 237 1876 342 1916; x_wconf 90' lang='lat' dir='ltr'><strong>nes</strong></span> <span class='ocrx_word' id='word_1_230' title='bbox 372 1863 581 1935; x_wconf 89' lang='lat' dir='ltr'><strong>ubique</strong></span> <span class='ocrx_word' id='word_1_231' title='bbox 618 1868 865 1939; x_wconf 89' lang='lat' dir='ltr'><strong>episcopi</strong></span> <span class='ocrx_word' id='word_1_232' title='bbox 902 1878 956 1925; x_wconf 90' lang='lat' dir='ltr'><strong>et</strong></span> <span class='ocrx_word' id='word_1_233' title='bbox 1008 1870 1326 1926; x_wconf 84' lang='lat' dir='ltr'><strong>sacerdotes</strong></span> <span class='ocrx_word' id='word_1_234' title='bbox 1394 1868 1651 1925; x_wconf 89' lang='lat' dir='ltr'><strong>catholici</strong></span> <span class='ocrx_word' id='word_1_235' title='bbox 1708 1873 2163 1941; x_wconf 88' lang='lat' dir='ltr'><strong>comprobarunt.</strong></span> <span class='ocrx_word' id='word_1_236' title='bbox 2224 1885 2373 1931; x_wconf 90' lang='lat' dir='ltr'><strong>recte</strong></span> <span class='ocrx_word' id='word_1_237' title='bbox 2448 1879 2849 1949; x_wconf 81' lang='lat' dir='ltr'><strong>promulgatum</strong></span> <span class='ocrx_word' id='word_1_238' title='bbox 2883 1895 3006 1936; x_wconf 82' lang='lat' dir='ltr'><strong>esse</strong></span> <span class='ocrx_word' id='word_1_239' title='bbox 3074 1879 3341 1936; x_wconf 87' lang='lat' dir='ltr'><strong>dicentes.</strong></span> <span class='ocrx_word' id='word_1_240' title='bbox 3396 1875 3500 1942; x_wconf 85' lang='lat' dir='ltr'><strong>Qui</strong></span> 
     </span>
    </p>
   </div>
   <div class='ocr_carea' id='block_1_35' title="bbox 237 1962 3506 2046">
    <p class='ocr_par' dir='ltr' id='par_1_35' title="bbox 237 1962 3506 2046">
     <span class='ocr_line' id='line_1_35' title="bbox 237 1962 3506 2046; baseline 0.006 -37"><span class='ocrx_word' id='word_1_241' title='bbox 237 1973 374 2012; x_wconf 85' lang='lat' dir='ltr'><strong>vero</strong></span> <span class='ocrx_word' id='word_1_242' title='bbox 407 1977 469 2015; x_wconf 88' lang='lat' dir='ltr'><strong>se</strong></span> <span class='ocrx_word' id='word_1_243' title='bbox 500 1962 568 2016; x_wconf 90' lang='lat' dir='ltr'><strong>ab</strong></span> <span class='ocrx_word' id='word_1_244' title='bbox 587 1963 833 2020; x_wconf 87' lang='lat' dir='ltr'><strong>Ecclesia</strong></span> <span class='ocrx_word' id='word_1_245' title='bbox 864 1975 1313 2038; x_wconf 81' lang='lat' dir='ltr'><strong>segregaverant,</strong></span> <span class='ocrx_word' id='word_1_246' title='bbox 1348 1968 1402 2022; x_wconf 90' lang='lat' dir='ltr'><strong>in</strong></span> <span class='ocrx_word' id='word_1_247' title='bbox 1436 1967 1735 2023; x_wconf 88' lang='lat' dir='ltr'><strong>schismate</strong></span> <span class='ocrx_word' id='word_1_248' title='bbox 1797 1980 1853 2023; x_wconf 88' lang='lat' dir='ltr'><strong>et</strong></span> <span class='ocrx_word' id='word_1_249' title='bbox 1891 1970 2119 2024; x_wconf 88' lang='lat' dir='ltr'><strong>dissidio</strong></span> <span class='ocrx_word' id='word_1_250' title='bbox 2148 1973 2525 2041; x_wconf 81' lang='lat' dir='ltr'><strong>persistentes,</strong></span> <span class='ocrx_word' id='word_1_251' title='bbox 2591 1976 3014 2046; x_wconf 78' lang='lat' dir='ltr'><strong>haudquaquam</strong></span> <span class='ocrx_word' id='word_1_252' title='bbox 3086 1992 3211 2029; x_wconf 86' lang='lat' dir='ltr'><strong>cum</strong></span> <span class='ocrx_word' id='word_1_253' title='bbox 3244 1991 3311 2030; x_wconf 89' lang='lat' dir='ltr'><strong>ea</strong></span> <span class='ocrx_word' id='word_1_254' title='bbox 3360 1974 3506 2027; x_wconf 91' lang='lat' dir='ltr'><strong>uniri</strong></span> 
     </span>
    </p>
   </div>
   <div class='ocr_carea' id='block_1_36' title="bbox 235 2055 3512 2140">
    <p class='ocr_par' dir='ltr' id='par_1_36' title="bbox 235 2055 3512 2140">
     <span class='ocr_line' id='line_1_36' title="bbox 235 2055 3512 2140; baseline 0.004 -33"><span class='ocrx_word' id='word_1_255' title='bbox 235 2055 544 2111; x_wconf 75' lang='lat' dir='ltr'><strong>voluerunt</strong></span> <span class='ocrx_word' id='word_1_256' title='bbox 570 2078 581 2111; x_wconf 90' lang='lat'>:</span> <span class='ocrx_word' id='word_1_257' title='bbox 608 2074 719 2113; x_wconf 89' lang='lat' dir='ltr'><strong>non</strong></span> <span class='ocrx_word' id='word_1_258' title='bbox 783 2061 942 2115; x_wconf 91' lang='lat' dir='ltr'><strong>aliam</strong></span> <span class='ocrx_word' id='word_1_259' title='bbox 994 2061 1219 2131; x_wconf 88' lang='lat' dir='ltr'><strong>quidem</strong></span> <span class='ocrx_word' id='word_1_260' title='bbox 1263 2061 1335 2116; x_wconf 93' lang='lat' dir='ltr'><strong>ob</strong></span> <span class='ocrx_word' id='word_1_261' title='bbox 1385 2077 1635 2126; x_wconf 83' lang='lat' dir='ltr'><strong>causam,</strong></span> <span class='ocrx_word' id='word_1_262' title='bbox 1692 2077 1855 2130; x_wconf 90' lang='lat' dir='ltr'><strong>quam</strong></span> <span class='ocrx_word' id='word_1_263' title='bbox 1892 2067 2038 2131; x_wconf 90' lang='lat' dir='ltr'><strong>quod</strong></span> <span class='ocrx_word' id='word_1_264' title='bbox 2071 2067 2136 2120; x_wconf 91' lang='lat' dir='ltr'><strong>ad</strong></span> <span class='ocrx_word' id='word_1_265' title='bbox 2172 2067 2332 2122; x_wconf 84' lang='lat' dir='ltr'><strong>linem</strong></span> <span class='ocrx_word' id='word_1_266' title='bbox 2358 2069 2545 2140; x_wconf 89' lang='lat' dir='ltr'><strong>scripti</strong></span> <span class='ocrx_word' id='word_1_267' title='bbox 2583 2070 2808 2127; x_wconf 86' lang='lat' dir='ltr'><strong>disertis</strong></span> <span class='ocrx_word' id='word_1_268' title='bbox 2840 2072 3020 2125; x_wconf 81' lang='lat' dir='ltr'><strong>verbis</strong></span> <span class='ocrx_word' id='word_1_269' title='bbox 3044 2070 3353 2139; x_wconf 84' lang='lat' dir='ltr'><strong>appositum</strong></span> <span class='ocrx_word' id='word_1_270' title='bbox 3420 2083 3512 2120; x_wconf 88' lang='lat' dir='ltr'><strong>es-</strong></span> 
     </span>
    </p>
   </div>
   <div class='ocr_carea' id='block_1_37' title="bbox 235 2152 3507 2232">
    <p class='ocr_par' dir='ltr' id='par_1_37' title="bbox 235 2152 3507 2232">
     <span class='ocr_line' id='line_1_37' title="bbox 235 2152 3507 2232; baseline 0.003 -27"><span class='ocrx_word' id='word_1_271' title='bbox 235 2158 345 2216; x_wconf 86' lang='lat' dir='ltr'><strong>set,</strong></span> <span class='ocrx_word' id='word_1_272' title='bbox 378 2152 548 2209; x_wconf 88' lang='lat' dir='ltr'><strong>etiam</strong></span> <span class='ocrx_word' id='word_1_273' title='bbox 586 2156 929 2224; x_wconf 87' lang='lat' dir='ltr'><strong>temporibus</strong></span> <span class='ocrx_word' id='word_1_274' title='bbox 977 2157 1176 2211; x_wconf 83' lang='lat' dir='ltr'><strong>futuris</strong></span> <span class='ocrx_word' id='word_1_275' title='bbox 1228 2156 1621 2227; x_wconf 78' lang='lat' dir='ltr'><strong>professionem</strong></span> <span class='ocrx_word' id='word_1_276' title='bbox 1670 2157 1795 2212; x_wconf 85' lang='lat' dir='ltr'><strong>ﬁdei</strong></span> <span class='ocrx_word' id='word_1_277' title='bbox 1827 2157 1987 2213; x_wconf 84' lang='lat' dir='ltr'><strong>talem</strong></span> <span class='ocrx_word' id='word_1_278' title='bbox 2023 2162 2227 2232; x_wconf 79' lang='lat' dir='ltr'><strong>absque</strong></span> <span class='ocrx_word' id='word_1_279' title='bbox 2268 2163 2433 2219; x_wconf 89' lang='lat' dir='ltr'><strong>rebus</strong></span> <span class='ocrx_word' id='word_1_280' title='bbox 2480 2165 2636 2221; x_wconf 88' lang='lat' dir='ltr'><strong>novis</strong></span> <span class='ocrx_word' id='word_1_281' title='bbox 2664 2166 2915 2221; x_wconf 89' lang='lat' dir='ltr'><strong>stabilem</strong></span> <span class='ocrx_word' id='word_1_282' title='bbox 2966 2172 3348 2220; x_wconf 83' lang='lat' dir='ltr'><strong>conservatum</strong></span> <span class='ocrx_word' id='word_1_283' title='bbox 3418 2158 3507 2214; x_wconf 90' lang='lat' dir='ltr'><strong>iri.</strong></span> 
     </span>
    </p>
   </div>
   <div class='ocr_carea' id='block_1_38' title="bbox 838 2366 1268 2437">
    <p class='ocr_par' dir='ltr' id='par_1_38' title="bbox 838 2366 1268 2437">
     <span class='ocr_line' id='line_1_38' title="bbox 838 2366 1268 2437; baseline 0.014 -19"><span class='ocrx_word' id='word_1_284' title='bbox 838 2366 1089 2423; x_wconf 79' lang='grc' dir='ltr'><strong>ΚΕΦΑΛ.</strong></span> <span class='ocrx_word' id='word_1_285' title='bbox 1127 2367 1268 2437; x_wconf 71' lang='lat' dir='ltr'><strong>Ac&quot;.</strong></span> 
     </span>
    </p>
   </div>
   <div class='ocr_carea' id='block_1_39' title="bbox 237 2451 1834 2528">
    <p class='ocr_par' dir='ltr' id='par_1_39' title="bbox 237 2451 1834 2528">
     <span class='ocr_line' id='line_1_39' title="bbox 237 2451 1834 2528; baseline 0.001 -21"><span class='ocrx_word' id='word_1_286' title='bbox 237 2451 388 2522; x_wconf 71' lang='grc' dir='ltr'>Περὶ</span> <span class='ocrx_word' id='word_1_287' title='bbox 434 2451 557 2507; x_wconf 82' lang='grc' dir='ltr'><strong>τῶν</strong></span> <span class='ocrx_word' id='word_1_288' title='bbox 600 2456 909 2524; x_wconf 78' lang='grc' dir='ltr'><strong>προέδρων</strong></span> <span class='ocrx_word' id='word_1_289' title='bbox 958 2458 1077 2511; x_wconf 78' lang='grc' dir='ltr'><strong>τῶν</strong></span> <span class='ocrx_word' id='word_1_290' title='bbox 1109 2462 1394 2528; x_wconf 69' lang='grc' dir='ltr'>μεγάλων</span> <span class='ocrx_word' id='word_1_291' title='bbox 1443 2458 1697 2518; x_wconf 71' lang='grc' dir='ltr'>πόλεων,</span> <span class='ocrx_word' id='word_1_292' title='bbox 1734 2458 1834 2510; x_wconf 78' lang='grc' dir='ltr'><strong>καί</strong></span> 
     </span>
    </p>
   </div>
   <div class='ocr_carea' id='block_1_40' title="bbox 557 2528 1483 2596">
    <p class='ocr_par' dir='ltr' id='par_1_40' title="bbox 557 2528 1483 2596">
     <span class='ocr_line' id='line_1_40' title="bbox 557 2528 1483 2596; baseline 0.004 -17"><span class='ocrx_word' id='word_1_293' title='bbox 557 2528 820 2596; x_wconf 79' lang='grc' dir='ltr'>Γρηγορί</span> <span class='ocrx_word' id='word_1_294' title='bbox 825 2546 896 2582; x_wconf 88' lang='grc' dir='ltr'><strong>ου</strong></span> <span class='ocrx_word' id='word_1_295' title='bbox 933 2529 1039 2583; x_wconf 86' lang='grc' dir='ltr'><strong>τοῦ</strong></span> <span class='ocrx_word' id='word_1_296' title='bbox 1073 2532 1483 2596; x_wconf 72' lang='grc' dir='ltr'>Θεουπόλεως.</span> 
     </span>
    </p>
   </div>
   <div class='ocr_carea' id='block_1_41' title="bbox 330 2635 1834 2709">
    <p class='ocr_par' dir='ltr' id='par_1_41' title="bbox 330 2635 1834 2709">
     <span class='ocr_line' id='line_1_41' title="bbox 330 2635 1834 2709; baseline -0.001 -18"><span class='ocrx_word' id='word_1_297' title='bbox 330 2635 623 2700; x_wconf 81' lang='grc' dir='ltr'>Ἱουστίνος</span> <span class='ocrx_word' id='word_1_298' title='bbox 652 2639 709 2692; x_wconf 73' lang='grc' dir='ltr'><strong>δέ</strong></span> <span class='ocrx_word' id='word_1_299' title='bbox 746 2636 996 2693; x_wconf 82' lang='grc' dir='ltr'>Ἰωάννου</span> <span class='ocrx_word' id='word_1_300' title='bbox 1020 2639 1115 2693; x_wconf 91' lang='grc' dir='ltr'><strong>τοῦ</strong></span> <span class='ocrx_word' id='word_1_301' title='bbox 1142 2640 1209 2693; x_wconf 74' lang='grc' dir='ltr'><strong>ἐκ</strong></span> <span class='ocrx_word' id='word_1_302' title='bbox 1240 2638 1334 2693; x_wconf 86' lang='grc' dir='ltr'><strong>τοῦ</strong></span> <span class='ocrx_word' id='word_1_303' title='bbox 1362 2639 1615 2709; x_wconf 86' lang='grc' dir='ltr'>Σιρίμιος</span> <span class='ocrx_word' id='word_1_304' title='bbox 1645 2637 1736 2691; x_wconf 88' lang='grc' dir='ltr'><strong>τόν</strong></span> <span class='ocrx_word' id='word_1_305' title='bbox 1775 2654 1834 2691; x_wconf 84' lang='grc' dir='ltr'><strong>τε</strong></span> 
     </span>
    </p>
   </div>
   <div class='ocr_carea' id='block_1_42' title="bbox 243 2728 1835 2802">
    <p class='ocr_par' dir='ltr' id='par_1_42' title="bbox 243 2728 1835 2802">
     <span class='ocr_line' id='line_1_42' title="bbox 243 2728 1835 2802; baseline 0.002 -22"><span class='ocrx_word' id='word_1_306' title='bbox 243 2728 366 2799; x_wconf 83' lang='grc' dir='ltr'>βίον</span> <span class='ocrx_word' id='word_1_307' title='bbox 428 2729 569 2796; x_wconf 81' lang='grc' dir='ltr'>ὁμοῦ</span> <span class='ocrx_word' id='word_1_308' title='bbox 609 2731 666 2783; x_wconf 79' lang='grc' dir='ltr'><strong>δέ</strong></span> <span class='ocrx_word' id='word_1_309' title='bbox 694 2731 790 2784; x_wconf 80' lang='grc' dir='ltr'>καὶ</span> <span class='ocrx_word' id='word_1_310' title='bbox 830 2732 922 2785; x_wconf 85' lang='grc' dir='ltr'><strong>τδν</strong></span> <span class='ocrx_word' id='word_1_311' title='bbox 956 2732 1147 2802; x_wconf 83' lang='grc' dir='ltr'>θρόνον</span> <span class='ocrx_word' id='word_1_312' title='bbox 1176 2733 1278 2801; x_wconf 83' lang='grc' dir='ltr'>τῆς</span> <span class='ocrx_word' id='word_1_313' title='bbox 1309 2731 1581 2801; x_wconf 81' lang='grc' dir='ltr'>βασιλίδος</span> <span class='ocrx_word' id='word_1_314' title='bbox 1620 2729 1835 2801; x_wconf 82' lang='grc' dir='ltr'>θανάτῳ</span> 
     </span>
    </p>
   </div>
   <div class='ocr_carea' id='block_1_43' title="bbox 242 2820 1833 2894">
    <p class='ocr_par' dir='ltr' id='par_1_43' title="bbox 242 2820 1833 2894">
     <span class='ocr_line' id='line_1_43' title="bbox 242 2820 1833 2894; baseline 0.007 -21"><span class='ocrx_word' id='word_1_315' title='bbox 242 2820 697 2891; x_wconf 69' lang='grc' dir='ltr'>άποϐαλομινου,</span> <span class='ocrx_word' id='word_1_316' title='bbox 733 2821 1000 2893; x_wconf 84' lang='grc' dir='ltr'>Εὑτύχιον</span> <span class='ocrx_word' id='word_1_317' title='bbox 1017 2826 1079 2875; x_wconf 80' lang='grc' dir='ltr'>ὲκ</span> <span class='ocrx_word' id='word_1_318' title='bbox 1104 2824 1202 2894; x_wconf 86' lang='grc' dir='ltr'>τῆς</span> <span class='ocrx_word' id='word_1_319' title='bbox 1237 2824 1537 2894; x_wconf 84' lang='grc' dir='ltr'>ὑπερορίας</span> <span class='ocrx_word' id='word_1_320' title='bbox 1582 2822 1833 2891; x_wconf 62' lang='grc' dir='ltr'>ἀγαγὼν,</span> 
     </span>
    </p>
   </div>
   <div class='ocr_carea' id='block_1_44' title="bbox 242 2915 1838 2987">
    <p class='ocr_par' dir='ltr' id='par_1_44' title="bbox 242 2915 1838 2987">
     <span class='ocr_line' id='line_1_44' title="bbox 242 2915 1838 2987; baseline 0.001 -20"><span class='ocrx_word' id='word_1_321' title='bbox 242 2915 440 2977; x_wconf 87' lang='grc' dir='ltr'>καθὼς</span> <span class='ocrx_word' id='word_1_322' title='bbox 476 2916 863 2978; x_wconf 77' lang='grc' dir='ltr'>Ἰουστινιανὸς</span> <span class='ocrx_word' id='word_1_323' title='bbox 908 2917 968 2970; x_wconf 86' lang='grc' dir='ltr'><strong>ἐν</strong></span> <span class='ocrx_word' id='word_1_324' title='bbox 1006 2916 1299 2987; x_wconf 82' lang='grc' dir='ltr'>διαθήκαις</span> <span class='ocrx_word' id='word_1_325' title='bbox 1336 2917 1705 2982; x_wconf 79' lang='grc' dir='ltr'>ἐνεκελεύετο,</span> <span class='ocrx_word' id='word_1_326' title='bbox 1758 2916 1838 2985; x_wconf 83' lang='grc' dir='ltr'>τῷ</span> 
     </span>
    </p>
   </div>
   <div class='ocr_carea' id='block_1_45' title="bbox 243 3005 1837 3081">
    <p class='ocr_par' dir='ltr' id='par_1_45' title="bbox 243 3005 1837 3081">
     <span class='ocr_line' id='line_1_45' title="bbox 243 3005 1837 3081; baseline 0 -20"><span class='ocrx_word' id='word_1_327' title='bbox 243 3007 433 3077; x_wconf 80' lang='grc' dir='ltr'>θρόνῳ</span> <span class='ocrx_word' id='word_1_328' title='bbox 454 3005 617 3069; x_wconf 82' lang='grc' dir='ltr'>αὖθις</span> <span class='ocrx_word' id='word_1_329' title='bbox 650 3006 1023 3077; x_wconf 68' lang='grc' dir='ltr'>ἐγκαθιδρύει·</span> <span class='ocrx_word' id='word_1_330' title='bbox 1047 3008 1108 3062; x_wconf 82' lang='grc' dir='ltr'><strong>δν</strong></span> <span class='ocrx_word' id='word_1_331' title='bbox 1148 3008 1244 3061; x_wconf 77' lang='grc' dir='ltr'>ἐπὶ</span> <span class='ocrx_word' id='word_1_332' title='bbox 1271 3008 1353 3061; x_wconf 85' lang='grc' dir='ltr'>δύ’</span> <span class='ocrx_word' id='word_1_333' title='bbox 1376 3009 1471 3081; x_wconf 81' lang='grc' dir='ltr'><strong>ἐτη</strong></span> <span class='ocrx_word' id='word_1_334' title='bbox 1516 3009 1837 3077; x_wconf 84' lang='grc' dir='ltr'>διαγενόμε-</span> 
     </span>
    </p>
   </div>
   <div class='ocr_carea' id='block_1_46' title="bbox 242 3099 1840 3172">
    <p class='ocr_par' dir='ltr' id='par_1_46' title="bbox 242 3099 1840 3172">
     <span class='ocr_line' id='line_1_46' title="bbox 242 3099 1840 3172; baseline 0.001 -21"><span class='ocrx_word' id='word_1_335' title='bbox 242 3116 342 3152; x_wconf 87' lang='grc' dir='ltr'><strong>νον</strong></span> <span class='ocrx_word' id='word_1_336' title='bbox 411 3099 677 3169; x_wconf 81' lang='grc' dir='ltr'>Ἰωάννης</span> <span class='ocrx_word' id='word_1_337' title='bbox 721 3101 749 3153; x_wconf 84' lang='grc' dir='ltr'><strong>ό</strong></span> <span class='ocrx_word' id='word_1_338' title='bbox 791 3099 1121 3169; x_wconf 81' lang='grc' dir='ltr'>Νηστευτὴς</span> <span class='ocrx_word' id='word_1_339' title='bbox 1173 3101 1465 3172; x_wconf 85' lang='grc' dir='ltr'>διεδέχετο.</span> <span class='ocrx_word' id='word_1_340' title='bbox 1528 3101 1690 3155; x_wconf 82' lang='grc' dir='ltr'>’Δλλὰ</span> <span class='ocrx_word' id='word_1_341' title='bbox 1744 3100 1840 3153; x_wconf 71' lang='grc' dir='ltr'>καὶ</span> 
     </span>
    </p>
   </div>
   <div class='ocr_carea' id='block_1_47' title="bbox 257 3192 1841 3263">
    <p class='ocr_par' dir='ltr' id='par_1_47' title="bbox 257 3192 1841 3263">
     <span class='ocr_line' id='line_1_47' title="bbox 257 3192 1841 3263; baseline -0.001 -17"><span class='ocrx_word' id='word_1_342' title='bbox 257 3192 523 3246; x_wconf 86' lang='grc' dir='ltr'>Ἰωάννου</span> <span class='ocrx_word' id='word_1_343' title='bbox 554 3192 650 3245; x_wconf 88' lang='grc' dir='ltr'><strong>τοῦ</strong></span> <span class='ocrx_word' id='word_1_344' title='bbox 694 3192 997 3245; x_wconf 81' lang='grc' dir='ltr'>Κατελίνου</span> <span class='ocrx_word' id='word_1_345' title='bbox 1018 3192 1111 3245; x_wconf 84' lang='grc' dir='ltr'><strong>τὸν</strong></span> <span class='ocrx_word' id='word_1_346' title='bbox 1161 3193 1261 3263; x_wconf 83' lang='grc' dir='ltr'>τῆς</span> <span class='ocrx_word' id='word_1_347' title='bbox 1298 3193 1673 3263; x_wconf 83' lang='grc' dir='ltr'>πρεσϐυτέρας</span> <span class='ocrx_word' id='word_1_348' title='bbox 1704 3192 1841 3247; x_wconf 84' lang='grc' dir='ltr'><strong>Ῥώ-</strong></span> 
     </span>
    </p>
   </div>
   <div class='ocr_carea' id='block_1_48' title="bbox 248 3283 1842 3356">
    <p class='ocr_par' dir='ltr' id='par_1_48' title="bbox 248 3283 1842 3356">
     <span class='ocr_line' id='line_1_48' title="bbox 248 3283 1842 3356; baseline 0.001 -20"><span class='ocrx_word' id='word_1_349' title='bbox 248 3302 364 3355; x_wconf 88' lang='grc' dir='ltr'><strong>μης</strong></span> <span class='ocrx_word' id='word_1_350' title='bbox 398 3284 594 3351; x_wconf 80' lang='grc' dir='ltr'>θρόνον</span> <span class='ocrx_word' id='word_1_351' title='bbox 621 3283 896 3348; x_wconf 81' lang='grc' dir='ltr'>λιπόντος,</span> <span class='ocrx_word' id='word_1_352' title='bbox 930 3285 1026 3353; x_wconf 64' lang='grc' dir='ltr'><strong>καὶ</strong></span> <span class='ocrx_word' id='word_1_353' title='bbox 1057 3285 1192 3354; x_wconf 81' lang='grc' dir='ltr'>πρὸς</span> <span class='ocrx_word' id='word_1_354' title='bbox 1225 3285 1325 3356; x_wconf 79' lang='grc' dir='ltr'>τὴν</span> <span class='ocrx_word' id='word_1_355' title='bbox 1354 3286 1534 3339; x_wconf 81' lang='grc' dir='ltr'>ἐκεῖσε</span> <span class='ocrx_word' id='word_1_356' title='bbox 1556 3285 1842 3355; x_wconf 84' lang='grc' dir='ltr'>χωρήσαν-</span> 
     </span>
    </p>
   </div>
   <div class='ocr_carea' id='block_1_49' title="bbox 243 3376 1841 3446">
    <p class='ocr_par' dir='ltr' id='par_1_49' title="bbox 243 3376 1841 3446">
     <span class='ocr_line' id='line_1_49' title="bbox 243 3376 1841 3446; baseline 0 -17"><span class='ocrx_word' id='word_1_357' title='bbox 243 3395 343 3439; x_wconf 84' lang='grc' dir='ltr'><strong>τος</strong></span> <span class='ocrx_word' id='word_1_358' title='bbox 402 3377 641 3441; x_wconf 88' lang='grc' dir='ltr'>δίαιταν,</span> <span class='ocrx_word' id='word_1_359' title='bbox 679 3376 943 3439; x_wconf 86' lang='grc' dir='ltr'>Βόνοσσος</span> <span class='ocrx_word' id='word_1_360' title='bbox 974 3378 1099 3440; x_wconf 82' lang='grc' dir='ltr'>τοὺς</span> <span class='ocrx_word' id='word_1_361' title='bbox 1156 3378 1353 3440; x_wconf 80' lang='grc' dir='ltr'>οίακας</span> <span class='ocrx_word' id='word_1_362' title='bbox 1389 3377 1491 3446; x_wconf 83' lang='grc' dir='ltr'>τῆς</span> <span class='ocrx_word' id='word_1_363' title='bbox 1537 3378 1841 3446; x_wconf 74' lang='grc' dir='ltr'>ἐπισκοπῆς</span> 
     </span>
    </p>
   </div>
   <div class='ocr_carea' id='block_1_50' title="bbox 244 3465 1842 3537">
    <p class='ocr_par' dir='ltr' id='par_1_50' title="bbox 244 3465 1842 3537">
     <span class='ocr_line' id='line_1_50' title="bbox 244 3465 1842 3537; baseline -0.001 -17"><span class='ocrx_word' id='word_1_364' title='bbox 244 3466 651 3537; x_wconf 77' lang='grc' dir='ltr'>ἐγχειρίζεται·</span> <span class='ocrx_word' id='word_1_365' title='bbox 682 3465 743 3517; x_wconf 83' lang='grc' dir='ltr'>ὃν</span> <span class='ocrx_word' id='word_1_366' title='bbox 778 3465 1035 3536; x_wconf 81' lang='grc' dir='ltr'>Ἰωάννης</span> <span class='ocrx_word' id='word_1_367' title='bbox 1088 3467 1274 3537; x_wconf 85' lang='grc' dir='ltr'>ἐτερος</span> <span class='ocrx_word' id='word_1_368' title='bbox 1326 3466 1614 3537; x_wconf 75' lang='grc' dir='ltr'>διεδέχετο,</span> <span class='ocrx_word' id='word_1_369' title='bbox 1650 3468 1741 3520; x_wconf 74' lang='grc' dir='ltr'>τὸν</span> <span class='ocrx_word' id='word_1_370' title='bbox 1796 3466 1842 3519; x_wconf 71' lang='grc' dir='ltr'>δ’</span> 
     </span>
    </p>
   </div>
   <div class='ocr_carea' id='block_1_51' title="bbox 245 3559 1842 3630">
    <p class='ocr_par' dir='ltr' id='par_1_51' title="bbox 245 3559 1842 3630">
     <span class='ocr_line' id='line_1_51' title="bbox 245 3559 1842 3630; baseline -0.001 -17"><span class='ocrx_word' id='word_1_371' title='bbox 245 3559 415 3623; x_wconf 71' lang='grc' dir='ltr'>αὖθις</span> <span class='ocrx_word' id='word_1_372' title='bbox 468 3559 759 3625; x_wconf 78' lang='grc' dir='ltr'>Πελάγιος·</span> <span class='ocrx_word' id='word_1_373' title='bbox 823 3559 1522 3630; x_wconf 79' lang='grc' dir='ltr'>μετὰ-δέἊπολλινάριον</span> <span class='ocrx_word' id='word_1_374' title='bbox 1586 3559 1842 3629; x_wconf 81' lang='grc' dir='ltr'>Ἰωάννης</span> 
     </span>
    </p>
   </div>
   <div class='ocr_carea' id='block_1_52' title="bbox 244 3653 1842 3723">
    <p class='ocr_par' dir='ltr' id='par_1_52' title="bbox 244 3653 1842 3723">
     <span class='ocr_line' id='line_1_52' title="bbox 244 3653 1842 3723; baseline -0.001 -17"><span class='ocrx_word' id='word_1_375' title='bbox 244 3657 347 3706; x_wconf 74' lang='grc' dir='ltr'><strong>τὸν</strong></span> <span class='ocrx_word' id='word_1_376' title='bbox 404 3653 507 3722; x_wconf 82' lang='grc' dir='ltr'>τῆς</span> <span class='ocrx_word' id='word_1_377' title='bbox 556 3653 909 3723; x_wconf 78' lang='grc' dir='ltr'>Ἀλεξάνδρου</span> <span class='ocrx_word' id='word_1_378' title='bbox 967 3654 1143 3708; x_wconf 80' lang='grc' dir='ltr'>ἄνεισι</span> <span class='ocrx_word' id='word_1_379' title='bbox 1208 3653 1419 3722; x_wconf 83' lang='grc' dir='ltr'>θρόνον,</span> <span class='ocrx_word' id='word_1_380' title='bbox 1483 3654 1543 3707; x_wconf 84' lang='grc' dir='ltr'>ὃν</span> <span class='ocrx_word' id='word_1_381' title='bbox 1583 3654 1842 3722; x_wconf 74' lang='grc' dir='ltr'>Εὐλόίιος</span> 
     </span>
    </p>
   </div>
   <div class='ocr_carea' id='block_1_53' title="bbox 245 3746 1841 3820">
    <p class='ocr_par' dir='ltr' id='par_1_53' title="bbox 245 3746 1841 3820">
     <span class='ocr_line' id='line_1_53' title="bbox 245 3746 1841 3820; baseline -0.001 -18"><span class='ocrx_word' id='word_1_382' title='bbox 245 3747 557 3812; x_wconf 81' lang='grc' dir='ltr'>διεδέξατο.</span> <span class='ocrx_word' id='word_1_383' title='bbox 621 3747 754 3801; x_wconf 73' lang='grc' dir='ltr'><strong>Ἀνὰ</strong></span> <span class='ocrx_word' id='word_1_384' title='bbox 785 3747 973 3818; x_wconf 80' lang='grc' dir='ltr'>δὲτὴν</span> <span class='ocrx_word' id='word_1_385' title='bbox 1010 3746 1402 3818; x_wconf 85' lang='grc' dir='ltr'>Ἰεροσολύμων</span> <span class='ocrx_word' id='word_1_386' title='bbox 1458 3749 1558 3820; x_wconf 77' lang='grc' dir='ltr'><strong>τὴν</strong></span> <span class='ocrx_word' id='word_1_387' title='bbox 1612 3748 1841 3816; x_wconf 78' lang='grc' dir='ltr'>ἱερωσύ-</span> 
     </span>
    </p>
   </div>
   <div class='ocr_carea' id='block_1_54' title="bbox 248 3836 1841 3911">
    <p class='ocr_par' dir='ltr' id='par_1_54' title="bbox 248 3836 1841 3911">
     <span class='ocr_line' id='line_1_54' title="bbox 248 3836 1841 3911; baseline 0.002 -21"><span class='ocrx_word' id='word_1_388' title='bbox 248 3858 354 3911; x_wconf 87' lang='grc' dir='ltr'><strong>νην</strong></span> <span class='ocrx_word' id='word_1_389' title='bbox 384 3838 654 3903; x_wconf 83' lang='grc' dir='ltr'>οἰακίζων</span> <span class='ocrx_word' id='word_1_390' title='bbox 698 3836 767 3909; x_wconf 75' lang='grc' dir='ltr'>ἦν</span> <span class='ocrx_word' id='word_1_391' title='bbox 791 3836 944 3902; x_wconf 78' lang='grc' dir='ltr'>αὖθις</span> <span class='ocrx_word' id='word_1_392' title='bbox 986 3841 1108 3909; x_wconf 87' lang='grc' dir='ltr'>μετ’</span> <span class='ocrx_word' id='word_1_393' title='bbox 1146 3842 1441 3910; x_wconf 79' lang='grc' dir='ltr'>Εύστόχιεν</span> <span class='ocrx_word' id='word_1_394' title='bbox 1467 3842 1493 3894; x_wconf 89' lang='grc' dir='ltr'><strong>ό</strong></span> <span class='ocrx_word' id='word_1_395' title='bbox 1536 3842 1841 3911; x_wconf 77' lang='grc' dir='ltr'>Μακάριος·</span> 
     </span>
    </p>
   </div>
   <div class='ocr_carea' id='block_1_55' title="bbox 247 3931 1841 4002">
    <p class='ocr_par' dir='ltr' id='par_1_55' title="bbox 247 3931 1841 4002">
     <span class='ocr_line' id='line_1_55' title="bbox 247 3931 1841 4002; baseline 0.001 -17"><span class='ocrx_word' id='word_1_396' title='bbox 247 3933 457 3985; x_wconf 80' lang='grc' dir='ltr'>ἔπειτα</span> <span class='ocrx_word' id='word_1_397' title='bbox 477 3932 737 4000; x_wconf 86' lang='grc' dir='ltr'>Ἰωάννης</span> <span class='ocrx_word' id='word_1_398' title='bbox 750 3931 849 4001; x_wconf 82' lang='grc' dir='ltr'>τὴν</span> <span class='ocrx_word' id='word_1_399' title='bbox 879 3932 997 4002; x_wconf 83' lang='grc' dir='ltr'>ίερα</span> <span class='ocrx_word' id='word_1_400' title='bbox 1010 3931 1203 4001; x_wconf 82' lang='grc' dir='ltr'>ρχικὴν</span> <span class='ocrx_word' id='word_1_401' title='bbox 1228 3932 1525 4001; x_wconf 78' lang='grc' dir='ltr'>ἐκληροῦτο</span> <span class='ocrx_word' id='word_1_402' title='bbox 1552 3932 1841 4002; x_wconf 85' lang='grc' dir='ltr'>καθέδραν.</span> 
     </span>
    </p>
   </div>
   <div class='ocr_carea' id='block_1_56' title="bbox 248 4024 1845 4097">
    <p class='ocr_par' dir='ltr' id='par_1_56' title="bbox 248 4024 1845 4097">
     <span class='ocr_line' id='line_1_56' title="bbox 248 4024 1845 4097; baseline -0.003 -17"><span class='ocrx_word' id='word_1_403' title='bbox 248 4030 318 4097; x_wconf 72' lang='grc' dir='ltr'>τῇ</span> <span class='ocrx_word' id='word_1_404' title='bbox 360 4025 476 4080; x_wconf 82' lang='grc' dir='ltr'>τῶν</span> <span class='ocrx_word' id='word_1_405' title='bbox 550 4025 897 4095; x_wconf 82' lang='grc' dir='ltr'>Ἀκοιμήτων</span> <span class='ocrx_word' id='word_1_406' title='bbox 934 4028 1070 4094; x_wconf 81' lang='grc' dir='ltr'>μονῇ</span> <span class='ocrx_word' id='word_1_407' title='bbox 1119 4024 1213 4077; x_wconf 85' lang='grc' dir='ltr'><strong>τδν</strong></span> <span class='ocrx_word' id='word_1_408' title='bbox 1267 4024 1411 4077; x_wconf 85' lang='grc' dir='ltr'>λιτὸν</span> <span class='ocrx_word' id='word_1_409' title='bbox 1485 4026 1580 4077; x_wconf 71' lang='grc' dir='ltr'><strong>καὶ</strong></span> <span class='ocrx_word' id='word_1_410' title='bbox 1610 4026 1845 4078; x_wconf 83' lang='grc' dir='ltr'>ἄσκευον</span> 
     </span>
    </p>
   </div>
   <div class='ocr_carea' id='block_1_57' title="bbox 250 4115 1847 4189">
    <p class='ocr_par' dir='ltr' id='par_1_57' title="bbox 250 4115 1847 4189">
     <span class='ocr_line' id='line_1_57' title="bbox 250 4115 1847 4189; baseline -0.004 -16"><span class='ocrx_word' id='word_1_411' title='bbox 250 4121 375 4189; x_wconf 85' lang='grc' dir='ltr'>βίον</span> <span class='ocrx_word' id='word_1_412' title='bbox 405 4120 615 4189; x_wconf 81' lang='grc' dir='ltr'>ἄριστα</span> <span class='ocrx_word' id='word_1_413' title='bbox 650 4116 949 4185; x_wconf 83' lang='grc' dir='ltr'>μετελθών.</span> <span class='ocrx_word' id='word_1_414' title='bbox 988 4115 1144 4170; x_wconf 77' lang='grc' dir='ltr'>Κατὰ</span> <span class='ocrx_word' id='word_1_415' title='bbox 1178 4116 1236 4169; x_wconf 78' lang='grc' dir='ltr'><strong>δέ</strong></span> <span class='ocrx_word' id='word_1_416' title='bbox 1293 4115 1393 4186; x_wconf 89' lang='grc' dir='ltr'><strong>τὴν</strong></span> <span class='ocrx_word' id='word_1_417' title='bbox 1431 4115 1727 4169; x_wconf 82' lang='grc' dir='ltr'>Θεούπολιν</span> <span class='ocrx_word' id='word_1_418' title='bbox 1755 4117 1847 4167; x_wconf 77' lang='grc' dir='ltr'><strong>τὸν</strong></span> 
     </span>
    </p>
   </div>
   <div class='ocr_carea' id='block_1_58' title="bbox 252 4208 1843 4282">
    <p class='ocr_par' dir='ltr' id='par_1_58' title="bbox 252 4208 1843 4282">
     <span class='ocr_line' id='line_1_58' title="bbox 252 4208 1843 4282; baseline -0.003 -18"><span class='ocrx_word' id='word_1_419' title='bbox 252 4211 401 4282; x_wconf 77' lang='grc' dir='ltr'>μετὰ</span> <span class='ocrx_word' id='word_1_420' title='bbox 443 4210 709 4278; x_wconf 88' lang='grc' dir='ltr'>Δομνῖνον</span> <span class='ocrx_word' id='word_1_421' title='bbox 766 4209 1119 4262; x_wconf 79' lang='grc' dir='ltr'>Ἀναστάσιον</span> <span class='ocrx_word' id='word_1_422' title='bbox 1188 4208 1387 4271; x_wconf 81' lang='grc' dir='ltr'>ἐλάσας</span> <span class='ocrx_word' id='word_1_423' title='bbox 1473 4209 1501 4261; x_wconf 85' lang='grc' dir='ltr'>ὁ</span> <span class='ocrx_word' id='word_1_424' title='bbox 1531 4209 1843 4269; x_wconf 86' lang='grc' dir='ltr'>Ἰουστῖνος,</span> 
     </span>
    </p>
   </div>
   <div class='ocr_carea' id='block_1_59' title="bbox 249 4300 1846 4375">
    <p class='ocr_par' dir='ltr' id='par_1_59' title="bbox 249 4300 1846 4375">
     <span class='ocr_line' id='line_1_59' title="bbox 249 4300 1846 4375; baseline -0.005 -16"><span class='ocrx_word' id='word_1_425' title='bbox 249 4305 573 4375; x_wconf 77' lang='grc' dir='ltr'>Γρηγόριον</span> <span class='ocrx_word' id='word_1_426' title='bbox 637 4301 1034 4370; x_wconf 69' lang='grc' dir='ltr'>κατεστήσατο,</span> <span class='ocrx_word' id='word_1_427' title='bbox 1095 4300 1327 4369; x_wconf 78' lang='grc' dir='ltr'>μηδενὸς</span> <span class='ocrx_word' id='word_1_428' title='bbox 1378 4301 1684 4369; x_wconf 84' lang='grc' dir='ltr'>τηνικαῦτα</span> <span class='ocrx_word' id='word_1_429' title='bbox 1720 4300 1846 4371; x_wconf 83' lang='grc' dir='ltr'><strong>περὶ</strong></span> 
     </span>
    </p>
   </div>
   <div class='ocr_carea' id='block_1_60' title="bbox 249 4391 1849 4467">
    <p class='ocr_par' dir='ltr' id='par_1_60' title="bbox 249 4391 1849 4467">
     <span class='ocr_line' id='line_1_60' title="bbox 249 4391 1849 4467; baseline -0.004 -16"><span class='ocrx_word' id='word_1_430' title='bbox 249 4398 354 4467; x_wconf 81' lang='grc' dir='ltr'><strong>τὴν</strong></span> <span class='ocrx_word' id='word_1_431' title='bbox 395 4392 739 4463; x_wconf 80' lang='grc' dir='ltr'>Ἐκκλησίαν</span> <span class='ocrx_word' id='word_1_432' title='bbox 781 4391 1265 4464; x_wconf 88' lang='grc' dir='ltr'>νεωτερισθέντος·</span> <span class='ocrx_word' id='word_1_433' title='bbox 1312 4392 1491 4445; x_wconf 74' lang='grc' dir='ltr'>αἰτίαν</span> <span class='ocrx_word' id='word_1_434' title='bbox 1548 4392 1605 4445; x_wconf 76' lang='grc' dir='ltr'><strong>δέ</strong></span> <span class='ocrx_word' id='word_1_435' title='bbox 1637 4392 1849 4461; x_wconf 79' lang='grc' dir='ltr'>βασιλεῐ</span> 
     </span>
    </p>
   </div>
   <div class='ocr_carea' id='block_1_61' title="bbox 248 4480 1845 4556">
    <p class='ocr_par' dir='ltr' id='par_1_61' title="bbox 248 4480 1845 4556">
     <span class='ocr_line' id='line_1_61' title="bbox 248 4480 1845 4556; baseline -0.006 -16"><span class='ocrx_word' id='word_1_436' title='bbox 248 4490 419 4556; x_wconf 79' lang='grc' dir='ltr'>εσχεν</span> <span class='ocrx_word' id='word_1_437' title='bbox 452 4485 483 4536; x_wconf 85' lang='grc' dir='ltr'><strong>ὁ</strong></span> <span class='ocrx_word' id='word_1_438' title='bbox 512 4483 899 4545; x_wconf 75' lang='grc' dir='ltr'>Ἀναστάσιος,</span> <span class='ocrx_word' id='word_1_439' title='bbox 928 4483 1124 4551; x_wconf 77' lang='grc' dir='ltr'>ὅτιπερ</span> <span class='ocrx_word' id='word_1_440' title='bbox 1183 4482 1253 4533; x_wconf 79' lang='grc' dir='ltr'><strong>τὰ</strong></span> <span class='ocrx_word' id='word_1_441' title='bbox 1288 4480 1411 4550; x_wconf 75' lang='grc' dir='ltr'>ἱερὰ</span> <span class='ocrx_word' id='word_1_442' title='bbox 1447 4481 1711 4550; x_wconf 85' lang='grc' dir='ltr'>χρήματα</span> <span class='ocrx_word' id='word_1_443' title='bbox 1753 4482 1845 4533; x_wconf 69' lang='grc' dir='ltr'><strong>δαν</strong></span> 
     </span>
    </p>
   </div>
   <div class='ocr_carea' id='block_1_62' title="bbox 250 4573 1849 4649">
    <p class='ocr_par' dir='ltr' id='par_1_62' title="bbox 250 4573 1849 4649">
     <span class='ocr_line' id='line_1_62' title="bbox 250 4573 1849 4649; baseline -0.006 -15"><span class='ocrx_word' id='word_1_444' title='bbox 250 4578 456 4649; x_wconf 76' lang='grc' dir='ltr'>πανῷη</span> <span class='ocrx_word' id='word_1_445' title='bbox 496 4576 572 4647; x_wconf 77' lang='grc' dir='ltr'>μὴ</span> <span class='ocrx_word' id='word_1_446' title='bbox 605 4575 745 4628; x_wconf 75' lang='grc' dir='ltr'>κατὰ</span> <span class='ocrx_word' id='word_1_447' title='bbox 784 4574 845 4627; x_wconf 81' lang='grc' dir='ltr'><strong>τὸ</strong></span> <span class='ocrx_word' id='word_1_448' title='bbox 884 4573 1159 4643; x_wconf 82' lang='grc' dir='ltr'>προσῆκον</span> <span class='ocrx_word' id='word_1_449' title='bbox 1187 4575 1455 4644; x_wconf 81' lang='grc' dir='ltr'>ἀρχιερεῖ,</span> <span class='ocrx_word' id='word_1_450' title='bbox 1504 4575 1599 4626; x_wconf 77' lang='grc' dir='ltr'>καὶ</span> <span class='ocrx_word' id='word_1_451' title='bbox 1651 4575 1733 4626; x_wconf 71' lang='grc' dir='ltr'>ὅτι</span> <span class='ocrx_word' id='word_1_452' title='bbox 1768 4574 1849 4637; x_wconf 85' lang='grc' dir='ltr'><strong>είς</strong></span> 
     </span>
    </p>
   </div>
   <div class='ocr_carea' id='block_1_63' title="bbox 250 4665 1849 4742">
    <p class='ocr_par' dir='ltr' id='par_1_63' title="bbox 250 4665 1849 4742">
     <span class='ocr_line' id='line_1_63' title="bbox 250 4665 1849 4742; baseline -0.003 -19"><span class='ocrx_word' id='word_1_453' title='bbox 250 4671 494 4742; x_wconf 76' lang='grc' dir='ltr'>βασιλέα</span> <span class='ocrx_word' id='word_1_454' title='bbox 547 4665 858 4736; x_wconf 82' lang='grc' dir='ltr'>προσέκοψε</span> <span class='ocrx_word' id='word_1_455' title='bbox 925 4666 1354 4735; x_wconf 84' lang='grc' dir='ltr'>βλασφημήσας.</span> <span class='ocrx_word' id='word_1_456' title='bbox 1401 4665 1696 4735; x_wconf 82' lang='grc' dir='ltr'>Ἐρομένου</span> <span class='ocrx_word' id='word_1_457' title='bbox 1741 4665 1849 4734; x_wconf 86' lang='grc' dir='ltr'><strong>γάρ</strong></span> 
     </span>
    </p>
   </div>
   <div class='ocr_carea' id='block_1_64' title="bbox 250 4759 1849 4832">
    <p class='ocr_par' dir='ltr' id='par_1_64' title="bbox 250 4759 1849 4832">
     <span class='ocr_line' id='line_1_64' title="bbox 250 4759 1849 4832; baseline -0.003 -12"><span class='ocrx_word' id='word_1_458' title='bbox 250 4783 402 4827; x_wconf 85' lang='grc' dir='ltr'>τινος</span> <span class='ocrx_word' id='word_1_459' title='bbox 439 4761 809 4816; x_wconf 83' lang='grc' dir='ltr'>Ἀναστάσιον</span> <span class='ocrx_word' id='word_1_460' title='bbox 850 4760 903 4812; x_wconf 84' lang='grc' dir='ltr'><strong>τί</strong></span> <span class='ocrx_word' id='word_1_461' title='bbox 930 4761 993 4829; x_wconf 87' lang='grc' dir='ltr'><strong>δὴ</strong></span> <span class='ocrx_word' id='word_1_462' title='bbox 1022 4777 1155 4813; x_wconf 86' lang='grc' dir='ltr'>ποτε</span> <span class='ocrx_word' id='word_1_463' title='bbox 1206 4759 1352 4813; x_wconf 73' lang='grc' dir='ltr'>οὕτω</span> <span class='ocrx_word' id='word_1_464' title='bbox 1383 4761 1550 4832; x_wconf 82' lang='grc' dir='ltr'>χύδην</span> <span class='ocrx_word' id='word_1_465' title='bbox 1588 4763 1654 4815; x_wconf 81' lang='grc' dir='ltr'>τὰ</span> <span class='ocrx_word' id='word_1_466' title='bbox 1727 4763 1849 4832; x_wconf 83' lang='grc' dir='ltr'>ίερὰ</span> 
     </span>
    </p>
   </div>
   <div class='ocr_carea' id='block_1_65' title="bbox 252 4854 1849 4932">
    <p class='ocr_par' dir='ltr' id='par_1_65' title="bbox 252 4854 1849 4932">
     <span class='ocr_line' id='line_1_65' title="bbox 252 4854 1849 4932; baseline -0.004 -20"><span class='ocrx_word' id='word_1_467' title='bbox 252 4862 527 4932; x_wconf 74' lang='grc' dir='ltr'>χρήματα</span> <span class='ocrx_word' id='word_1_468' title='bbox 561 4855 901 4926; x_wconf 53' lang='lat' dir='ltr'><strong>maestum,</strong></span> <span class='ocrx_word' id='word_1_469' title='bbox 934 4857 1029 4907; x_wconf 78' lang='grc' dir='ltr'><strong>καὶ</strong></span> <span class='ocrx_word' id='word_1_470' title='bbox 1067 4856 1141 4923; x_wconf 81' lang='grc' dir='ltr'>μὴ</span> <span class='ocrx_word' id='word_1_471' title='bbox 1180 4854 1255 4916; x_wconf 83' lang='grc' dir='ltr'>ὡς</span> <span class='ocrx_word' id='word_1_472' title='bbox 1287 4854 1463 4923; x_wconf 88' lang='grc' dir='ltr'>χρεὼν</span> <span class='ocrx_word' id='word_1_473' title='bbox 1515 4854 1849 4925; x_wconf 77' lang='grc' dir='ltr'>διασκορπί-</span> 
     </span>
    </p>
   </div>
   <div class='ocr_carea' id='block_1_66' title="bbox 254 4946 1850 5024">
    <p class='ocr_par' dir='ltr' id='par_1_66' title="bbox 254 4946 1850 5024">
     <span class='ocr_line' id='line_1_66' title="bbox 254 4946 1850 5024; baseline -0.006 -16"><span class='ocrx_word' id='word_1_474' title='bbox 254 4958 339 5020; x_wconf 83' lang='grc' dir='ltr'><strong>ζει</strong></span> <span class='ocrx_word' id='word_1_475' title='bbox 397 4954 485 5014; x_wconf 84' lang='grc' dir='ltr'><strong>είς</strong></span> <span class='ocrx_word' id='word_1_476' title='bbox 534 4951 599 5002; x_wconf 72' lang='grc' dir='ltr'><strong>τὸ</strong></span> <span class='ocrx_word' id='word_1_477' title='bbox 638 4949 760 5002; x_wconf 80' lang='grc' dir='ltr'>δέον</span> <span class='ocrx_word' id='word_1_478' title='bbox 807 4946 1245 5024; x_wconf 73' lang='grc' dir='ltr'>καταναλίσκων,</span> <span class='ocrx_word' id='word_1_479' title='bbox 1305 4946 1602 5016; x_wconf 73' lang='grc' dir='ltr'>διαρρήδην</span> <span class='ocrx_word' id='word_1_480' title='bbox 1666 4947 1850 4999; x_wconf 78' lang='grc' dir='ltr'>εἰπεῖν</span> 
     </span>
    </p>
   </div>
   <div class='ocr_carea' id='block_1_67' title="bbox 2458 2369 2953 2426">
    <p class='ocr_par' dir='ltr' id='par_1_67' title="bbox 2458 2369 2953 2426">
     <span class='ocr_line' id='line_1_67' title="bbox 2458 2369 2953 2426; baseline 0.002 -2"><span class='ocrx_word' id='word_1_481' title='bbox 2458 2369 2685 2426; x_wconf 82' lang='lat' dir='ltr'><strong>CAPUT</strong></span> <span class='ocrx_word' id='word_1_482' title='bbox 2713 2369 2953 2425; x_wconf 76' lang='lat' dir='ltr'><strong>XXXVI.</strong></span> 
     </span>
    </p>
   </div>
   <div class='ocr_carea' id='block_1_68' title="bbox 2011 2456 3443 2531">
    <p class='ocr_par' dir='ltr' id='par_1_68' title="bbox 2011 2456 3443 2531">
     <span class='ocr_line' id='line_1_68' title="bbox 2011 2456 3443 2531; baseline 0.003 -20"><span class='ocrx_word' id='word_1_483' title='bbox 2011 2456 2085 2511; x_wconf 83' lang='lat' dir='ltr'><strong>De</strong></span> <span class='ocrx_word' id='word_1_484' title='bbox 2128 2475 2445 2531; x_wconf 85' lang='lat' dir='ltr'><strong>magnarum</strong></span> <span class='ocrx_word' id='word_1_485' title='bbox 2495 2464 2703 2515; x_wconf 81' lang='lat' dir='ltr'><strong>urbium</strong></span> <span class='ocrx_word' id='word_1_486' title='bbox 2750 2464 3025 2531; x_wconf 75' lang='lat' dir='ltr'><strong>episcopis,</strong></span> <span class='ocrx_word' id='word_1_487' title='bbox 3088 2472 3136 2515; x_wconf 78' lang='lat' dir='ltr'><strong>et</strong></span> <span class='ocrx_word' id='word_1_488' title='bbox 3192 2463 3443 2531; x_wconf 81' lang='lat' dir='ltr'><strong>Gregorio</strong></span> 
     </span>
    </p>
   </div>
   <div class='ocr_carea' id='block_1_69' title="bbox 2429 2532 3008 2601">
    <p class='ocr_par' dir='ltr' id='par_1_69' title="bbox 2429 2532 3008 2601">
     <span class='ocr_line' id='line_1_69' title="bbox 2429 2532 3008 2601; baseline 0.007 -18"><span class='ocrx_word' id='word_1_489' title='bbox 2429 2532 2699 2601; x_wconf 82' lang='lat' dir='ltr'><strong>Tlteopolis</strong></span> <span class='ocrx_word' id='word_1_490' title='bbox 2750 2536 3008 2587; x_wconf 80' lang='lat' dir='ltr'><strong>antistite.</strong></span> 
     </span>
    </p>
   </div>
   <div class='ocr_carea' id='block_1_70' title="bbox 2006 2640 3511 2715">
    <p class='ocr_par' dir='ltr' id='par_1_70' title="bbox 2006 2640 3511 2715">
     <span class='ocr_line' id='line_1_70' title="bbox 2006 2640 3511 2715; baseline 0.003 -21"><span class='ocrx_word' id='word_1_491' title='bbox 2006 2640 2280 2705; x_wconf 84' lang='lat' dir='ltr'><strong>Justinus,</strong></span> <span class='ocrx_word' id='word_1_492' title='bbox 2313 2652 2603 2712; x_wconf 90' lang='lat' dir='ltr'><strong>postquam</strong></span> <span class='ocrx_word' id='word_1_493' title='bbox 2637 2642 2878 2698; x_wconf 89' lang='lat' dir='ltr'><strong>Joannes</strong></span> <span class='ocrx_word' id='word_1_494' title='bbox 2934 2643 3021 2698; x_wconf 91' lang='lat' dir='ltr'><strong>cui</strong></span> <span class='ocrx_word' id='word_1_495' title='bbox 3089 2644 3309 2699; x_wconf 89' lang='lat' dir='ltr'><strong>Sirimis</strong></span> <span class='ocrx_word' id='word_1_496' title='bbox 3334 2644 3511 2715; x_wconf 82' lang='lat' dir='ltr'><strong>patria</strong></span> 
     </span>
    </p>
   </div>
   <div class='ocr_carea' id='block_1_71' title="bbox 1935 2732 3515 2806">
    <p class='ocr_par' dir='ltr' id='par_1_71' title="bbox 1935 2732 3515 2806">
     <span class='ocr_line' id='line_1_71' title="bbox 1935 2732 3515 2806; baseline 0.003 -19"><span class='ocrx_word' id='word_1_497' title='bbox 1935 2732 2059 2794; x_wconf 87' lang='lat' dir='ltr'><strong>l&#39;uit,</strong></span> <span class='ocrx_word' id='word_1_498' title='bbox 2130 2735 2294 2789; x_wconf 81' lang='lat' dir='ltr'><strong>vitam</strong></span> <span class='ocrx_word' id='word_1_499' title='bbox 2354 2734 2517 2789; x_wconf 91' lang='lat' dir='ltr'><strong>simul</strong></span> <span class='ocrx_word' id='word_1_500' title='bbox 2564 2743 2619 2789; x_wconf 92' lang='lat' dir='ltr'><strong>et</strong></span> <span class='ocrx_word' id='word_1_501' title='bbox 2668 2735 2924 2789; x_wconf 86' lang='lat' dir='ltr'><strong>thronum</strong></span> <span class='ocrx_word' id='word_1_502' title='bbox 2992 2736 3315 2806; x_wconf 83' lang='lat' dir='ltr'><strong>imperantis</strong></span> <span class='ocrx_word' id='word_1_503' title='bbox 3362 2738 3515 2792; x_wconf 79' lang='lat' dir='ltr'><strong>urbis</strong></span> 
     </span>
    </p>
   </div>
   <div class='ocr_carea' id='block_1_72' title="bbox 1939 2824 3516 2895">
    <p class='ocr_par' dir='ltr' id='par_1_72' title="bbox 1939 2824 3516 2895">
     <span class='ocr_line' id='line_1_72' title="bbox 1939 2824 3516 2895; baseline 0.003 -18"><span class='ocrx_word' id='word_1_504' title='bbox 1939 2832 2113 2879; x_wconf 90' lang='lat' dir='ltr'><strong>morte</strong></span> <span class='ocrx_word' id='word_1_505' title='bbox 2157 2826 2466 2895; x_wconf 73' lang='lat' dir='ltr'><strong>abiecisset,</strong></span> <span class='ocrx_word' id='word_1_506' title='bbox 2495 2825 2823 2895; x_wconf 79' lang='lat' dir='ltr'><strong>Eutychiunt</strong></span> <span class='ocrx_word' id='word_1_507' title='bbox 2859 2824 2926 2878; x_wconf 91' lang='lat' dir='ltr'><strong>ab</strong></span> <span class='ocrx_word' id='word_1_508' title='bbox 2956 2825 3171 2893; x_wconf 81' lang='lat' dir='ltr'><strong>exsilio,</strong></span> <span class='ocrx_word' id='word_1_509' title='bbox 3202 2827 3365 2880; x_wconf 80' lang='lat' dir='ltr'><strong>sicuti</strong></span> <span class='ocrx_word' id='word_1_510' title='bbox 3419 2826 3516 2883; x_wconf 89' lang='lat' dir='ltr'><strong>Ju-</strong></span> 
     </span>
    </p>
   </div>
   <div class='ocr_carea' id='block_1_73' title="bbox 1937 2916 3515 2984">
    <p class='ocr_par' dir='ltr' id='par_1_73' title="bbox 1937 2916 3515 2984">
     <span class='ocr_line' id='line_1_73' title="bbox 1937 2916 3515 2984; baseline 0 -13"><span class='ocrx_word' id='word_1_511' title='bbox 1937 2916 2208 2971; x_wconf 83' lang='lat' dir='ltr'><strong>stinianus</strong></span> <span class='ocrx_word' id='word_1_512' title='bbox 2235 2926 2561 2970; x_wconf 88' lang='lat' dir='ltr'><strong>testamento</strong></span> <span class='ocrx_word' id='word_1_513' title='bbox 2591 2917 2852 2984; x_wconf 74' lang='lat' dir='ltr'><strong>iusserat,</strong></span> <span class='ocrx_word' id='word_1_514' title='bbox 2888 2924 3208 2973; x_wconf 85' lang='lat' dir='ltr'><strong>revocatum</strong></span> <span class='ocrx_word' id='word_1_515' title='bbox 3246 2918 3300 2970; x_wconf 91' lang='lat' dir='ltr'><strong>in</strong></span> <span class='ocrx_word' id='word_1_516' title='bbox 3337 2918 3515 2973; x_wconf 89' lang='lat' dir='ltr'><strong>eccle-</strong></span> 
     </span>
    </p>
   </div>
   <div class='ocr_carea' id='block_1_74' title="bbox 1937 3005 3512 3072">
    <p class='ocr_par' dir='ltr' id='par_1_74' title="bbox 1937 3005 3512 3072">
     <span class='ocr_line' id='line_1_74' title="bbox 1937 3005 3512 3072; baseline 0.003 -13"><span class='ocrx_word' id='word_1_517' title='bbox 1937 3009 2073 3059; x_wconf 88' lang='lat' dir='ltr'><strong>siam</strong></span> <span class='ocrx_word' id='word_1_518' title='bbox 2105 3021 2259 3060; x_wconf 87' lang='lat' dir='ltr'><strong>suam</strong></span> <span class='ocrx_word' id='word_1_519' title='bbox 2325 3005 2591 3060; x_wconf 85' lang='lat' dir='ltr'><strong>restituit.</strong></span> <span class='ocrx_word' id='word_1_520' title='bbox 2636 3005 2740 3071; x_wconf 88' lang='lat' dir='ltr'><strong>Qui</strong></span> <span class='ocrx_word' id='word_1_521' title='bbox 2776 3005 2993 3069; x_wconf 90' lang='lat' dir='ltr'><strong>duobus</strong></span> <span class='ocrx_word' id='word_1_522' title='bbox 3047 3007 3254 3060; x_wconf 79' lang='lat' dir='ltr'><strong>exactis</strong></span> <span class='ocrx_word' id='word_1_523' title='bbox 3310 3009 3469 3063; x_wconf 88' lang='lat' dir='ltr'><strong>annis</strong></span> <span class='ocrx_word' id='word_1_524' title='bbox 3497 3048 3512 3072; x_wconf 91' lang='lat'><strong>,</strong></span> 
     </span>
    </p>
   </div>
   <div class='ocr_carea' id='block_1_75' title="bbox 1936 3097 3512 3169">
    <p class='ocr_par' dir='ltr' id='par_1_75' title="bbox 1936 3097 3512 3169">
     <span class='ocr_line' id='line_1_75' title="bbox 1936 3097 3512 3169; baseline -0.001 -16"><span class='ocrx_word' id='word_1_525' title='bbox 1936 3097 2199 3153; x_wconf 81' lang='lat' dir='ltr'><strong>Joannem</strong></span> <span class='ocrx_word' id='word_1_526' title='bbox 2233 3098 2577 3166; x_wconf 85' lang='grc' dir='ltr'>Νηστευτήν,</span> <span class='ocrx_word' id='word_1_527' title='bbox 2616 3099 2718 3152; x_wconf 88' lang='lat' dir='ltr'><strong>hoc</strong></span> <span class='ocrx_word' id='word_1_528' title='bbox 2752 3108 2835 3152; x_wconf 89' lang='lat' dir='ltr'><strong>est</strong></span> <span class='ocrx_word' id='word_1_529' title='bbox 2858 3099 3250 3169; x_wconf 83' lang='lat' dir='ltr'><strong>jejunatorcni,</strong></span> <span class='ocrx_word' id='word_1_530' title='bbox 3284 3115 3512 3155; x_wconf 86' lang='lat' dir='ltr'><strong>succes-</strong></span> 
     </span>
    </p>
   </div>
   <div class='ocr_carea' id='block_1_76' title="bbox 1939 3188 3514 3245">
    <p class='ocr_par' dir='ltr' id='par_1_76' title="bbox 1939 3188 3514 3245">
     <span class='ocr_line' id='line_1_76' title="bbox 1939 3188 3514 3245; baseline 0 -2"><span class='ocrx_word' id='word_1_531' title='bbox 1939 3203 2119 3244; x_wconf 85' lang='lat' dir='ltr'><strong>sorem</strong></span> <span class='ocrx_word' id='word_1_532' title='bbox 2153 3188 2368 3243; x_wconf 89' lang='lat' dir='ltr'><strong>habuit.</strong></span> <span class='ocrx_word' id='word_1_533' title='bbox 2403 3188 2500 3244; x_wconf 84' lang='lat' dir='ltr'><strong>Ubi</strong></span> <span class='ocrx_word' id='word_1_534' title='bbox 2524 3205 2657 3243; x_wconf 85' lang='lat' dir='ltr'><strong>vero</strong></span> <span class='ocrx_word' id='word_1_535' title='bbox 2685 3189 2925 3244; x_wconf 81' lang='lat' dir='ltr'><strong>Joannes</strong></span> <span class='ocrx_word' id='word_1_536' title='bbox 2952 3191 3114 3244; x_wconf 91' lang='lat' dir='ltr'><strong>etiam</strong></span> <span class='ocrx_word' id='word_1_537' title='bbox 3140 3190 3427 3245; x_wconf 89' lang='lat' dir='ltr'><strong>Catelinus</strong></span> <span class='ocrx_word' id='word_1_538' title='bbox 3460 3192 3514 3244; x_wconf 92' lang='lat' dir='ltr'><strong>in</strong></span> 
     </span>
    </p>
   </div>
   <div class='ocr_carea' id='block_1_77' title="bbox 1938 3282 3515 3352">
    <p class='ocr_par' dir='ltr' id='par_1_77' title="bbox 1938 3282 3515 3352">
     <span class='ocr_line' id='line_1_77' title="bbox 1938 3282 3515 3352; baseline 0.003 -18"><span class='ocrx_word' id='word_1_539' title='bbox 1938 3283 2114 3335; x_wconf 88' lang='lat' dir='ltr'><strong>veteri</strong></span> <span class='ocrx_word' id='word_1_540' title='bbox 2153 3282 2320 3335; x_wconf 85' lang='lat' dir='ltr'><strong>Roma</strong></span> <span class='ocrx_word' id='word_1_541' title='bbox 2357 3283 2541 3336; x_wconf 88' lang='lat' dir='ltr'><strong>sedem</strong></span> <span class='ocrx_word' id='word_1_542' title='bbox 2576 3298 2800 3337; x_wconf 87' lang='lat' dir='ltr'><strong>vacuam</strong></span> <span class='ocrx_word' id='word_1_543' title='bbox 2850 3284 3092 3352; x_wconf 88' lang='lat' dir='ltr'><strong>reliquit,</strong></span> <span class='ocrx_word' id='word_1_544' title='bbox 3121 3294 3175 3338; x_wconf 92' lang='lat' dir='ltr'><strong>et</strong></span> <span class='ocrx_word' id='word_1_545' title='bbox 3226 3284 3291 3338; x_wconf 88' lang='lat' dir='ltr'><strong>ad</strong></span> <span class='ocrx_word' id='word_1_546' title='bbox 3344 3284 3515 3338; x_wconf 85' lang='lat' dir='ltr'><strong>vitam</strong></span> 
     </span>
    </p>
   </div>
   <div class='ocr_carea' id='block_1_78' title="bbox 1939 3372 3517 3446">
    <p class='ocr_par' dir='ltr' id='par_1_78' title="bbox 1939 3372 3517 3446">
     <span class='ocr_line' id='line_1_78' title="bbox 1939 3372 3517 3446; baseline 0.002 -19"><span class='ocrx_word' id='word_1_547' title='bbox 1939 3372 2088 3428; x_wconf 77' lang='lat' dir='ltr'><strong>iilam</strong></span> <span class='ocrx_word' id='word_1_548' title='bbox 2128 3374 2399 3443; x_wconf 78' lang='lat' dir='ltr'><strong>migravit,</strong></span> <span class='ocrx_word' id='word_1_549' title='bbox 2430 3374 2642 3428; x_wconf 90' lang='lat' dir='ltr'><strong>Bonoso</strong></span> <span class='ocrx_word' id='word_1_550' title='bbox 2672 3375 2747 3440; x_wconf 90' lang='lat' dir='ltr'><strong>(l)</strong></span> <span class='ocrx_word' id='word_1_551' title='bbox 2778 3375 3126 3445; x_wconf 81' lang='lat' dir='ltr'><strong>episcopatus</strong></span> <span class='ocrx_word' id='word_1_552' title='bbox 3147 3375 3517 3446; x_wconf 80' lang='lat' dir='ltr'><strong>gubernacula</strong></span> 
     </span>
    </p>
   </div>
   <div class='ocr_carea' id='block_1_79' title="bbox 1943 3467 3515 3537">
    <p class='ocr_par' dir='ltr' id='par_1_79' title="bbox 1943 3467 3515 3537">
     <span class='ocr_line' id='line_1_79' title="bbox 1943 3467 3515 3537; baseline -0.001 -15"><span class='ocrx_word' id='word_1_553' title='bbox 1943 3468 2196 3522; x_wconf 85' lang='lat' dir='ltr'><strong>mandata</strong></span> <span class='ocrx_word' id='word_1_554' title='bbox 2226 3478 2354 3523; x_wconf 93' lang='lat' dir='ltr'><strong>sunt</strong></span> <span class='ocrx_word' id='word_1_555' title='bbox 2387 3486 2399 3521; x_wconf 92' lang='lat'>:</span> <span class='ocrx_word' id='word_1_556' title='bbox 2439 3468 2525 3521; x_wconf 91' lang='lat' dir='ltr'><strong>cui</strong></span> <span class='ocrx_word' id='word_1_557' title='bbox 2553 3467 2790 3522; x_wconf 83' lang='lat' dir='ltr'><strong>Joannes</strong></span> <span class='ocrx_word' id='word_1_558' title='bbox 2820 3467 2979 3529; x_wconf 83' lang='lat' dir='ltr'><strong>alius,</strong></span> <span class='ocrx_word' id='word_1_559' title='bbox 3014 3477 3175 3537; x_wconf 86' lang='lat' dir='ltr'><strong>atque</strong></span> <span class='ocrx_word' id='word_1_560' title='bbox 3224 3469 3352 3521; x_wconf 91' lang='lat' dir='ltr'><strong>huic</strong></span> <span class='ocrx_word' id='word_1_561' title='bbox 3387 3485 3515 3522; x_wconf 88' lang='lat' dir='ltr'><strong>rur-</strong></span> 
     </span>
    </p>
   </div>
   <div class='ocr_carea' id='block_1_80' title="bbox 1942 3559 3516 3628">
    <p class='ocr_par' dir='ltr' id='par_1_80' title="bbox 1942 3559 3516 3628">
     <span class='ocr_line' id='line_1_80' title="bbox 1942 3559 3516 3628; baseline -0.001 -15"><span class='ocrx_word' id='word_1_562' title='bbox 1942 3574 2038 3613; x_wconf 91' lang='lat' dir='ltr'><strong>sus</strong></span> <span class='ocrx_word' id='word_1_563' title='bbox 2088 3559 2338 3628; x_wconf 86' lang='lat' dir='ltr'><strong>Pelagius</strong></span> <span class='ocrx_word' id='word_1_564' title='bbox 2386 3559 2672 3614; x_wconf 84' lang='lat' dir='ltr'><strong>successit.</strong></span> <span class='ocrx_word' id='word_1_565' title='bbox 2733 3559 2862 3612; x_wconf 87' lang='lat' dir='ltr'><strong>Post</strong></span> <span class='ocrx_word' id='word_1_566' title='bbox 2913 3559 3282 3628; x_wconf 81' lang='lat' dir='ltr'><strong>Apollinarem</strong></span> <span class='ocrx_word' id='word_1_567' title='bbox 3332 3569 3516 3612; x_wconf 90' lang='lat' dir='ltr'><strong>autem</strong></span> 
     </span>
    </p>
   </div>
   <div class='ocr_carea' id='block_1_81' title="bbox 1945 3641 3517 3717">
    <p class='ocr_par' dir='ltr' id='par_1_81' title="bbox 1945 3641 3517 3717">
     <span class='ocr_line' id='line_1_81' title="bbox 1945 3641 3517 3717; baseline -0.003 -12"><span class='ocrx_word' id='word_1_568' title='bbox 1945 3650 2182 3705; x_wconf 86' lang='lat' dir='ltr'><strong>Joannes</strong></span> <span class='ocrx_word' id='word_1_569' title='bbox 2217 3650 2558 3705; x_wconf 69' lang='lat' dir='ltr'><strong>Alexandriae</strong></span> <span class='ocrx_word' id='word_1_570' title='bbox 2577 3650 2629 3702; x_wconf 93' lang='lat' dir='ltr'><strong>in</strong></span> <span class='ocrx_word' id='word_1_571' title='bbox 2658 3641 3338 3717; x_wconf 63' lang='lat' dir='ltr'><strong>pastoralem°conscemlit</strong></span> <span class='ocrx_word' id='word_1_572' title='bbox 3364 3651 3517 3702; x_wconf 77' lang='lat' dir='ltr'><strong>thro-</strong></span> 
     </span>
    </p>
   </div>
   <div class='ocr_carea' id='block_1_82' title="bbox 1947 3742 3504 3811">
    <p class='ocr_par' dir='ltr' id='par_1_82' title="bbox 1947 3742 3504 3811">
     <span class='ocr_line' id='line_1_82' title="bbox 1947 3742 3504 3811; baseline -0.002 -14"><span class='ocrx_word' id='word_1_573' title='bbox 1947 3760 2100 3808; x_wconf 89' lang='lat' dir='ltr'><strong>num,</strong></span> <span class='ocrx_word' id='word_1_574' title='bbox 2129 3752 2184 3797; x_wconf 88' lang='lat' dir='ltr'><strong>et</strong></span> <span class='ocrx_word' id='word_1_575' title='bbox 2235 3742 2362 3797; x_wconf 91' lang='lat' dir='ltr'><strong>huic</strong></span> <span class='ocrx_word' id='word_1_576' title='bbox 2400 3742 2657 3808; x_wconf 87' lang='lat' dir='ltr'><strong>deinceps</strong></span> <span class='ocrx_word' id='word_1_577' title='bbox 2708 3745 3035 3811; x_wconf 75' lang='lat' dir='ltr'><strong>subrogatus</strong></span> <span class='ocrx_word' id='word_1_578' title='bbox 3086 3752 3167 3795; x_wconf 85' lang='lat' dir='ltr'><strong>est</strong></span> <span class='ocrx_word' id='word_1_579' title='bbox 3213 3742 3504 3809; x_wconf 72' lang='lat' dir='ltr'><strong>Eulogius.</strong></span> 
     </span>
    </p>
   </div>
   <div class='ocr_carea' id='block_1_83' title="bbox 1947 3834 3517 3905">
    <p class='ocr_par' dir='ltr' id='par_1_83' title="bbox 1947 3834 3517 3905">
     <span class='ocr_line' id='line_1_83' title="bbox 1947 3834 3517 3905; baseline -0.002 -16"><span class='ocrx_word' id='word_1_580' title='bbox 1947 3834 2335 3905; x_wconf 74' lang='lat' dir='ltr'><strong>Hierosolymis</strong></span> <span class='ocrx_word' id='word_1_581' title='bbox 2365 3834 2741 3903; x_wconf 79' lang='lat' dir='ltr'><strong>episcopatum</strong></span> <span class='ocrx_word' id='word_1_582' title='bbox 2781 3834 2965 3888; x_wconf 85' lang='lat' dir='ltr'><strong>denuo</strong></span> <span class='ocrx_word' id='word_1_583' title='bbox 3002 3844 3123 3904; x_wconf 82' lang='lat' dir='ltr'><strong>post</strong></span> <span class='ocrx_word' id='word_1_584' title='bbox 3156 3834 3517 3888; x_wconf 86' lang='lat' dir='ltr'><strong>Eustochium</strong></span> 
     </span>
    </p>
   </div>
   <div class='ocr_carea' id='block_1_84' title="bbox 1948 3927 3522 3998">
    <p class='ocr_par' dir='ltr' id='par_1_84' title="bbox 1948 3927 3522 3998">
     <span class='ocr_line' id='line_1_84' title="bbox 1948 3927 3522 3998; baseline -0.003 -15"><span class='ocrx_word' id='word_1_585' title='bbox 1948 3929 2275 3998; x_wconf 84' lang='lat' dir='ltr'><strong>gubernavit</strong></span> <span class='ocrx_word' id='word_1_586' title='bbox 2310 3927 2601 3981; x_wconf 84' lang='lat' dir='ltr'><strong>Macarius.</strong></span> <span class='ocrx_word' id='word_1_587' title='bbox 2639 3928 2766 3981; x_wconf 87' lang='lat' dir='ltr'><strong>Post</strong></span> <span class='ocrx_word' id='word_1_588' title='bbox 2794 3944 2919 3981; x_wconf 90' lang='lat' dir='ltr'><strong>eum</strong></span> <span class='ocrx_word' id='word_1_589' title='bbox 2991 3928 3391 3981; x_wconf 84' lang='lat' dir='ltr'><strong>liierarcbicam</strong></span> <span class='ocrx_word' id='word_1_590' title='bbox 3433 3943 3522 3981; x_wconf 85' lang='lat' dir='ltr'><strong>ca-</strong></span> 
     </span>
    </p>
   </div>
   <div class='ocr_carea' id='block_1_85' title="bbox 1948 4019 3522 4088">
    <p class='ocr_par' dir='ltr' id='par_1_85' title="bbox 1948 4019 3522 4088">
     <span class='ocr_line' id='line_1_85' title="bbox 1948 4019 3522 4088; baseline -0.004 -12"><span class='ocrx_word' id='word_1_591' title='bbox 1948 4022 2196 4076; x_wconf 89' lang='lat' dir='ltr'><strong>thedram</strong></span> <span class='ocrx_word' id='word_1_592' title='bbox 2226 4026 2455 4075; x_wconf 91' lang='lat' dir='ltr'><strong>sortitus</strong></span> <span class='ocrx_word' id='word_1_593' title='bbox 2487 4030 2569 4073; x_wconf 89' lang='lat' dir='ltr'><strong>est</strong></span> <span class='ocrx_word' id='word_1_594' title='bbox 2592 4020 2853 4083; x_wconf 81' lang='lat' dir='ltr'><strong>Joannes,</strong></span> <span class='ocrx_word' id='word_1_595' title='bbox 2902 4019 3061 4088; x_wconf 84' lang='lat'><strong>795</strong></span> <span class='ocrx_word' id='word_1_596' title='bbox 3101 4020 3193 4087; x_wconf 84' lang='lat' dir='ltr'><strong>qui</strong></span> <span class='ocrx_word' id='word_1_597' title='bbox 3226 4035 3417 4088; x_wconf 80' lang='lat' dir='ltr'><strong>puratn</strong></span> <span class='ocrx_word' id='word_1_598' title='bbox 3465 4028 3522 4071; x_wconf 87' lang='lat' dir='ltr'><strong>ct</strong></span> 
     </span>
    </p>
   </div>
   <div class='ocr_carea' id='block_1_86' title="bbox 1949 4112 3521 4183">
    <p class='ocr_par' dir='ltr' id='par_1_86' title="bbox 1949 4112 3521 4183">
     <span class='ocr_line' id='line_1_86' title="bbox 1949 4112 3521 4183; baseline -0.003 -12"><span class='ocrx_word' id='word_1_599' title='bbox 1949 4117 2164 4183; x_wconf 89' lang='lat' dir='ltr'><strong>inopem</strong></span> <span class='ocrx_word' id='word_1_600' title='bbox 2206 4115 2368 4166; x_wconf 89' lang='lat' dir='ltr'><strong>vitam</strong></span> <span class='ocrx_word' id='word_1_601' title='bbox 2430 4116 2483 4166; x_wconf 94' lang='lat' dir='ltr'><strong>in</strong></span> <span class='ocrx_word' id='word_1_602' title='bbox 2535 4112 2869 4166; x_wconf 89' lang='lat' dir='ltr'><strong>lnsomninm</strong></span> <span class='ocrx_word' id='word_1_603' title='bbox 2930 4113 3267 4166; x_wconf 88' lang='lat' dir='ltr'><strong>monasterio</strong></span> <span class='ocrx_word' id='word_1_604' title='bbox 3314 4115 3521 4182; x_wconf 85' lang='lat' dir='ltr'><strong>optimc</strong></span> 
     </span>
    </p>
   </div>
   <div class='ocr_carea' id='block_1_87' title="bbox 1948 4204 3521 4277">
    <p class='ocr_par' dir='ltr' id='par_1_87' title="bbox 1948 4204 3521 4277">
     <span class='ocr_line' id='line_1_87' title="bbox 1948 4204 3521 4277; baseline -0.003 -16"><span class='ocrx_word' id='word_1_605' title='bbox 1948 4218 2154 4277; x_wconf 78' lang='lat' dir='ltr'><strong>egerat.</strong></span> <span class='ocrx_word' id='word_1_606' title='bbox 2191 4206 2346 4274; x_wconf 88' lang='lat' dir='ltr'><strong>Apud</strong></span> <span class='ocrx_word' id='word_1_607' title='bbox 2379 4205 2699 4273; x_wconf 88' lang='lat' dir='ltr'><strong>Theopolim</strong></span> <span class='ocrx_word' id='word_1_608' title='bbox 2737 4214 2919 4257; x_wconf 86' lang='lat' dir='ltr'><strong>autem</strong></span> <span class='ocrx_word' id='word_1_609' title='bbox 2948 4204 3198 4258; x_wconf 86' lang='lat' dir='ltr'><strong>Justinus</strong></span> <span class='ocrx_word' id='word_1_610' title='bbox 3230 4207 3521 4258; x_wconf 70' lang='lat' dir='ltr'><strong>AnastasEo</strong></span> 
     </span>
    </p>
   </div>
   <div class='ocr_carea' id='block_1_88' title="bbox 1950 4298 3519 4367">
    <p class='ocr_par' dir='ltr' id='par_1_88' title="bbox 1950 4298 3519 4367">
     <span class='ocr_line' id='line_1_88' title="bbox 1950 4298 3519 4367; baseline -0.006 -10"><span class='ocrx_word' id='word_1_611' title='bbox 1950 4302 2203 4357; x_wconf 89' lang='lat' dir='ltr'><strong>Domnini</strong></span> <span class='ocrx_word' id='word_1_612' title='bbox 2243 4314 2565 4353; x_wconf 86' lang='lat' dir='ltr'><strong>successore</strong></span> <span class='ocrx_word' id='word_1_613' title='bbox 2616 4300 2795 4366; x_wconf 90' lang='lat' dir='ltr'><strong>pulso,</strong></span> <span class='ocrx_word' id='word_1_614' title='bbox 2832 4298 3158 4367; x_wconf 85' lang='lat' dir='ltr'><strong>Gregorium</strong></span> <span class='ocrx_word' id='word_1_615' title='bbox 3214 4299 3519 4361; x_wconf 86' lang='lat' dir='ltr'><strong>substituit,</strong></span> 
     </span>
    </p>
   </div>
   <div class='ocr_carea' id='block_1_89' title="bbox 1950 4388 3524 4459">
    <p class='ocr_par' dir='ltr' id='par_1_89' title="bbox 1950 4388 3524 4459">
     <span class='ocr_line' id='line_1_89' title="bbox 1950 4388 3524 4459; baseline -0.004 -13"><span class='ocrx_word' id='word_1_616' title='bbox 1950 4393 2115 4446; x_wconf 82' lang='lat' dir='ltr'><strong>nullis</strong></span> <span class='ocrx_word' id='word_1_617' title='bbox 2150 4401 2260 4444; x_wconf 91' lang='lat' dir='ltr'><strong>tum</strong></span> <span class='ocrx_word' id='word_1_618' title='bbox 2296 4390 2348 4443; x_wconf 91' lang='lat' dir='ltr'><strong>in</strong></span> <span class='ocrx_word' id='word_1_619' title='bbox 2399 4388 2641 4444; x_wconf 80' lang='lat' dir='ltr'><strong>Ecclesia</strong></span> <span class='ocrx_word' id='word_1_620' title='bbox 2679 4390 2836 4442; x_wconf 85' lang='lat' dir='ltr'><strong>novis</strong></span> <span class='ocrx_word' id='word_1_621' title='bbox 2875 4390 3041 4443; x_wconf 89' lang='lat' dir='ltr'><strong>rebus</strong></span> <span class='ocrx_word' id='word_1_622' title='bbox 3100 4390 3284 4443; x_wconf 90' lang='lat' dir='ltr'><strong>motis.</strong></span> <span class='ocrx_word' id='word_1_623' title='bbox 3347 4389 3524 4459; x_wconf 56' lang='lat' dir='ltr'><strong>Impr-</strong></span> 
     </span>
    </p>
   </div>
   <div class='ocr_carea' id='block_1_90' title="bbox 1955 4480 3518 4552">
    <p class='ocr_par' dir='ltr' id='par_1_90' title="bbox 1955 4480 3518 4552">
     <span class='ocr_line' id='line_1_90' title="bbox 1955 4480 3518 4552; baseline -0.004 -13"><span class='ocrx_word' id='word_1_624' title='bbox 1955 4495 2104 4539; x_wconf 81' lang='lat' dir='ltr'><strong>rator</strong></span> <span class='ocrx_word' id='word_1_625' title='bbox 2138 4497 2269 4535; x_wconf 89' lang='lat' dir='ltr'><strong>vero</strong></span> <span class='ocrx_word' id='word_1_626' title='bbox 2305 4482 2515 4536; x_wconf 90' lang='lat' dir='ltr'><strong>crimen</strong></span> <span class='ocrx_word' id='word_1_627' title='bbox 2576 4481 2704 4533; x_wconf 90' lang='lat' dir='ltr'><strong>illud</strong></span> <span class='ocrx_word' id='word_1_628' title='bbox 2770 4480 3057 4536; x_wconf 83' lang='lat' dir='ltr'><strong>Anastasio</strong></span> <span class='ocrx_word' id='word_1_629' title='bbox 3092 4482 3314 4551; x_wconf 76' lang='lat' dir='ltr'><strong>obiecit,</strong></span> <span class='ocrx_word' id='word_1_630' title='bbox 3373 4486 3518 4552; x_wconf 65' lang='lat' dir='ltr'><strong>qutul</strong></span> 
     </span>
    </p>
   </div>
   <div class='ocr_carea' id='block_1_91' title="bbox 1952 4571 3526 4643">
    <p class='ocr_par' dir='ltr' id='par_1_91' title="bbox 1952 4571 3526 4643">
     <span class='ocr_line' id='line_1_91' title="bbox 1952 4571 3526 4643; baseline -0.004 -14"><span class='ocrx_word' id='word_1_631' title='bbox 1952 4591 2162 4630; x_wconf 90' lang='lat' dir='ltr'><strong>sacram</strong></span> <span class='ocrx_word' id='word_1_632' title='bbox 2193 4572 2483 4643; x_wconf 88' lang='lat' dir='ltr'><strong>pecuniam</strong></span> <span class='ocrx_word' id='word_1_633' title='bbox 2534 4572 2587 4625; x_wconf 92' lang='lat' dir='ltr'><strong>in</strong></span> <span class='ocrx_word' id='word_1_634' title='bbox 2623 4571 2780 4631; x_wconf 88' lang='lat' dir='ltr'><strong>alios,</strong></span> <span class='ocrx_word' id='word_1_635' title='bbox 2813 4587 2976 4639; x_wconf 90' lang='lat' dir='ltr'><strong>quam</strong></span> <span class='ocrx_word' id='word_1_636' title='bbox 3013 4572 3327 4640; x_wconf 90' lang='lat' dir='ltr'><strong>episc0pum</strong></span> <span class='ocrx_word' id='word_1_637' title='bbox 3362 4573 3526 4625; x_wconf 68' lang='lat' dir='ltr'><strong>decc-</strong></span> 
     </span>
    </p>
   </div>
   <div class='ocr_carea' id='block_1_92' title="bbox 1954 4664 3523 4733">
    <p class='ocr_par' dir='ltr' id='par_1_92' title="bbox 1954 4664 3523 4733">
     <span class='ocr_line' id='line_1_92' title="bbox 1954 4664 3523 4733; baseline -0.001 -14"><span class='ocrx_word' id='word_1_638' title='bbox 1954 4677 2058 4731; x_wconf 76' lang='lat' dir='ltr'><strong>rt-t,</strong></span> <span class='ocrx_word' id='word_1_639' title='bbox 2095 4666 2373 4721; x_wconf 75' lang='lat' dir='ltr'><strong>conferret</strong></span> <span class='ocrx_word' id='word_1_640' title='bbox 2403 4673 2673 4732; x_wconf 88' lang='lat' dir='ltr'><strong>sumptus,</strong></span> <span class='ocrx_word' id='word_1_641' title='bbox 2704 4664 2926 4732; x_wconf 86' lang='lat' dir='ltr'><strong>etquod</strong></span> <span class='ocrx_word' id='word_1_642' title='bbox 2973 4666 3223 4719; x_wconf 86' lang='lat' dir='ltr'><strong>convicio</strong></span> <span class='ocrx_word' id='word_1_643' title='bbox 3268 4677 3325 4733; x_wconf 90' lang='lat' dir='ltr'><strong>et</strong></span> <span class='ocrx_word' id='word_1_644' title='bbox 3358 4666 3523 4717; x_wconf 70' lang='lat' dir='ltr'><strong>maie-</strong></span> 
     </span>
    </p>
   </div>
   <div class='ocr_carea' id='block_1_93' title="bbox 1954 4757 3527 4831">
    <p class='ocr_par' dir='ltr' id='par_1_93' title="bbox 1954 4757 3527 4831">
     <span class='ocr_line' id='line_1_93' title="bbox 1954 4757 3527 4831; baseline -0.002 -15"><span class='ocrx_word' id='word_1_645' title='bbox 1954 4762 2102 4816; x_wconf 81' lang='lat' dir='ltr'><strong>dieto</strong></span> <span class='ocrx_word' id='word_1_646' title='bbox 2137 4760 2521 4829; x_wconf 89' lang='lat' dir='ltr'><strong>imperatorem</strong></span> <span class='ocrx_word' id='word_1_647' title='bbox 2581 4760 2754 4823; x_wconf 89' lang='lat' dir='ltr'><strong>ipsum</strong></span> <span class='ocrx_word' id='word_1_648' title='bbox 2799 4760 3063 4828; x_wconf 86' lang='lat' dir='ltr'><strong>petiisset.</strong></span> <span class='ocrx_word' id='word_1_649' title='bbox 3105 4757 3240 4813; x_wconf 91' lang='lat' dir='ltr'><strong>Cum</strong></span> <span class='ocrx_word' id='word_1_650' title='bbox 3287 4776 3527 4831; x_wconf 85' lang='lat' dir='ltr'><strong>namque</strong></span> 
     </span>
    </p>
   </div>
   <div class='ocr_carea' id='block_1_94' title="bbox 1957 4851 3520 4921">
    <p class='ocr_par' dir='ltr' id='par_1_94' title="bbox 1957 4851 3520 4921">
     <span class='ocr_line' id='line_1_94' title="bbox 1957 4851 3520 4921; baseline -0.004 -14"><span class='ocrx_word' id='word_1_651' title='bbox 1957 4855 2327 4921; x_wconf 80' lang='lat' dir='ltr'><strong>interrogatus</strong></span> <span class='ocrx_word' id='word_1_652' title='bbox 2356 4868 2381 4903; x_wconf 95' lang='lat' dir='ltr'><strong>a</strong></span> <span class='ocrx_word' id='word_1_653' title='bbox 2420 4851 2656 4919; x_wconf 89' lang='lat' dir='ltr'><strong>quodam</strong></span> <span class='ocrx_word' id='word_1_654' title='bbox 2722 4852 3045 4903; x_wconf 85' lang='lat' dir='ltr'><strong>Anastasius</strong></span> <span class='ocrx_word' id='word_1_655' title='bbox 3090 4862 3256 4911; x_wconf 87' lang='lat' dir='ltr'><strong>esset,</strong></span> <span class='ocrx_word' id='word_1_656' title='bbox 3315 4866 3415 4903; x_wconf 91' lang='lat' dir='ltr'><strong>cur</strong></span> <span class='ocrx_word' id='word_1_657' title='bbox 3450 4851 3520 4902; x_wconf 81' lang='lat' dir='ltr'><strong>itzt</strong></span> 
     </span>
    </p>
   </div>
   <div class='ocr_carea' id='block_1_95' title="bbox 1956 4943 3523 5015">
    <p class='ocr_par' dir='ltr' id='par_1_95' title="bbox 1956 4943 3523 5015">
     <span class='ocr_line' id='line_1_95' title="bbox 1956 4943 3523 5015; baseline -0.003 -15"><span class='ocrx_word' id='word_1_658' title='bbox 1956 4946 2175 5015; x_wconf 82' lang='lat' dir='ltr'><strong>profuse</strong></span> <span class='ocrx_word' id='word_1_659' title='bbox 2204 4946 2487 5014; x_wconf 86' lang='lat' dir='ltr'><strong>pecuniam</strong></span> <span class='ocrx_word' id='word_1_660' title='bbox 2520 4959 2729 4997; x_wconf 89' lang='lat' dir='ltr'><strong>sacram</strong></span> <span class='ocrx_word' id='word_1_661' title='bbox 2781 4943 3128 5011; x_wconf 85' lang='lat' dir='ltr'><strong>dilapidaret,</strong></span> <span class='ocrx_word' id='word_1_662' title='bbox 3167 4954 3225 4996; x_wconf 92' lang='lat' dir='ltr'><strong>et</strong></span> <span class='ocrx_word' id='word_1_663' title='bbox 3274 4960 3381 4995; x_wconf 91' lang='lat' dir='ltr'><strong>non</strong></span> <span class='ocrx_word' id='word_1_664' title='bbox 3430 4960 3523 5011; x_wconf 88' lang='lat' dir='ltr'><strong>po-</strong></span> 
     </span>
    </p>
   </div>
   <div class='ocr_carea' id='block_1_96' title="bbox 254 5035 1930 5116">
    <p class='ocr_par' dir='ltr' id='par_1_96' title="bbox 254 5037 1928 5116">
     <span class='ocr_line' id='line_1_96' title="bbox 254 5037 1928 5116; baseline -0.007 -17"><span class='ocrx_word' id='word_1_665' title='bbox 254 5047 590 5116; x_wconf 70' lang='grc' dir='ltr'>σκώψαντα,</span> <span class='ocrx_word' id='word_1_666' title='bbox 648 5043 768 5094; x_wconf 79' lang='grc' dir='ltr'>ἰνα</span> <span class='ocrx_word' id='word_1_667' title='bbox 795 5042 891 5110; x_wconf 81' lang='grc' dir='ltr'><strong>μὴ,</strong></span> <span class='ocrx_word' id='word_1_668' title='bbox 926 5040 1086 5109; x_wconf 73' lang='grc' dir='ltr'>φησὶ,</span> <span class='ocrx_word' id='word_1_669' title='bbox 1126 5040 1279 5109; x_wconf 84' lang='grc' dir='ltr'>παρὰ</span> <span class='ocrx_word' id='word_1_670' title='bbox 1306 5038 1407 5106; x_wconf 80' lang='grc' dir='ltr'>τῆς</span> <span class='ocrx_word' id='word_1_671' title='bbox 1454 5038 1642 5107; x_wconf 80' lang='grc' dir='ltr'>κοινῆς</span> <span class='ocrx_word' id='word_1_672' title='bbox 1674 5037 1851 5107; x_wconf 86' lang='grc' dir='ltr'>λύμης</span> <span class='ocrx_word' id='word_1_673' title='bbox 1883 5042 1928 5098; x_wconf 82' lang='grc' dir='ltr'>ι)</span> 
     </span>
    </p>
   </div>
   <div class='ocr_carea' id='block_1_97' title="bbox 1848 5035 3524 5116">
    <p class='ocr_par' dir='ltr' id='par_1_97' title="bbox 1848 5035 3524 5100">
     <span class='ocr_line' id='line_1_97' title="bbox 1848 5035 3524 5100; baseline -0.003 -6"><span class='ocrx_word' id='word_1_674' title='bbox 1848 5056 1851 5095; x_wconf 87' lang='lat'><em>:</em></span> <span class='ocrx_word' id='word_1_675' title='bbox 1883 5042 1928 5098; x_wconf 87' lang='lat' dir='ltr'><strong>D</strong></span> <span class='ocrx_word' id='word_1_676' title='bbox 1960 5049 2068 5091; x_wconf 89' lang='lat' dir='ltr'><strong>ttus</strong></span> <span class='ocrx_word' id='word_1_677' title='bbox 2100 5037 2153 5090; x_wconf 91' lang='lat' dir='ltr'><strong>in</strong></span> <span class='ocrx_word' id='word_1_678' title='bbox 2188 5052 2318 5090; x_wconf 88' lang='lat' dir='ltr'><strong>usus</strong></span> <span class='ocrx_word' id='word_1_679' title='bbox 2343 5036 2603 5089; x_wconf 86' lang='lat' dir='ltr'><strong>decentes</strong></span> <span class='ocrx_word' id='word_1_680' title='bbox 2632 5051 2751 5088; x_wconf 90' lang='lat' dir='ltr'><strong>eam</strong></span> <span class='ocrx_word' id='word_1_681' title='bbox 2778 5035 3120 5100; x_wconf 89' lang='lat' dir='ltr'><strong>impendens,</strong></span> <span class='ocrx_word' id='word_1_682' title='bbox 3154 5036 3226 5087; x_wconf 77' lang='lat' dir='ltr'><strong>ita</strong></span> <span class='ocrx_word' id='word_1_683' title='bbox 3263 5038 3342 5089; x_wconf 85' lang='lat' dir='ltr'><strong>uti</strong></span> <span class='ocrx_word' id='word_1_684' title='bbox 3388 5052 3434 5099; x_wconf 68' lang='grc' dir='ltr'>οι</span> <span class='ocrx_word' id='word_1_685' title='bbox 3460 5053 3524 5089; x_wconf 86' lang='lat' dir='ltr'><strong>us</strong></span> 
     </span>
    </p>
   </div>
   <div class='ocr_carea' id='block_1_98' title="bbox 256 5128 1852 5199">
    <p class='ocr_par' dir='ltr' id='par_1_98' title="bbox 256 5128 1852 5199">
     <span class='ocr_line' id='line_1_98' title="bbox 256 5128 1852 5199; baseline -0.005 -9"><span class='ocrx_word' id='word_1_686' title='bbox 256 5142 351 5194; x_wconf 68' lang='grc' dir='ltr'><strong>τοῦ</strong></span> <span class='ocrx_word' id='word_1_687' title='bbox 392 5133 695 5189; x_wconf 81' lang='grc' dir='ltr'>Ἰουστίνου</span> <span class='ocrx_word' id='word_1_688' title='bbox 731 5130 1103 5199; x_wconf 75' lang='grc' dir='ltr'>ἀφαιρεθεῖεν.</span> <span class='ocrx_word' id='word_1_689' title='bbox 1166 5130 1491 5199; x_wconf 77' lang='grc' dir='ltr'>Πεφήμιστο</span> <span class='ocrx_word' id='word_1_690' title='bbox 1527 5128 1581 5181; x_wconf 86' lang='grc' dir='ltr'><strong>δέ</strong></span> <span class='ocrx_word' id='word_1_691' title='bbox 1628 5129 1852 5199; x_wconf 78' lang='grc' dir='ltr'>μηνῖσαι</span> 
     </span>
    </p>
   </div>
   <div class='ocr_carea' id='block_1_99' title="bbox 1943 5127 3523 5199">
    <p class='ocr_par' dir='ltr' id='par_1_99' title="bbox 1943 5127 3523 5199">
     <span class='ocr_line' id='line_1_99' title="bbox 1943 5127 3523 5199; baseline -0.002 -16"><span class='ocrx_word' id='word_1_692' title='bbox 1943 5137 2124 5196; x_wconf 82' lang='lat' dir='ltr'><strong>esset,</strong></span> <span class='ocrx_word' id='word_1_693' title='bbox 2158 5128 2543 5199; x_wconf 77' lang='lat' dir='ltr'><strong>dispergeret,</strong></span> <span class='ocrx_word' id='word_1_694' title='bbox 2593 5127 2802 5181; x_wconf 89' lang='lat' dir='ltr'><strong>diserte</strong></span> <span class='ocrx_word' id='word_1_695' title='bbox 2852 5142 2948 5196; x_wconf 83' lang='lat' dir='ltr'><strong>per</strong></span> <span class='ocrx_word' id='word_1_696' title='bbox 3000 5128 3403 5180; x_wconf 87' lang='lat' dir='ltr'><strong>cavillationem</strong></span> <span class='ocrx_word' id='word_1_697' title='bbox 3441 5129 3523 5180; x_wconf 75' lang='lat' dir='ltr'><strong>tli-</strong></span> 
     </span>
    </p>
   </div>
   <div class='ocr_carea' id='block_1_100' title="bbox 258 5218 1934 5293">
    <p class='ocr_par' dir='ltr' id='par_1_100' title="bbox 258 5222 1853 5293">
     <span class='ocr_line' id='line_1_100' title="bbox 258 5222 1853 5293; baseline -0.004 -12"><span class='ocrx_word' id='word_1_698' title='bbox 258 5234 349 5285; x_wconf 71' lang='grc' dir='ltr'><strong>τδν</strong></span> <span class='ocrx_word' id='word_1_699' title='bbox 399 5230 703 5283; x_wconf 83' lang='grc' dir='ltr'>Ἰουστῖνον</span> <span class='ocrx_word' id='word_1_700' title='bbox 756 5226 973 5293; x_wconf 86' lang='grc' dir='ltr'>ἐκείνῳ,</span> <span class='ocrx_word' id='word_1_701' title='bbox 1031 5225 1226 5293; x_wconf 79' lang='grc' dir='ltr'>ὅτιπερ</span> <span class='ocrx_word' id='word_1_702' title='bbox 1288 5222 1539 5291; x_wconf 80' lang='grc' dir='ltr'>ζητοῦντι</span> <span class='ocrx_word' id='word_1_703' title='bbox 1593 5223 1853 5293; x_wconf 83' lang='grc' dir='ltr'>χρήματα</span> 
     </span>
    </p>
   </div>
   <div class='ocr_carea' id='block_1_101' title="bbox 1848 5218 3524 5293">
    <p class='ocr_par' dir='ltr' id='par_1_101' title="bbox 1848 5218 3524 5287">
     <span class='ocr_line' id='line_1_101' title="bbox 1848 5218 3524 5287; baseline -0.002 -13"><span class='ocrx_word' id='word_1_704' title='bbox 1848 5240 1853 5274; x_wconf 74' lang='grc' dir='ltr'><strong>ι</strong></span> <span class='ocrx_word' id='word_1_705' title='bbox 1962 5225 2103 5279; x_wconf 82' lang='lat' dir='ltr'><strong>xisse</strong></span> <span class='ocrx_word' id='word_1_706' title='bbox 2132 5222 2326 5280; x_wconf 81' lang='lat' dir='ltr'><strong>fertur,</strong></span> <span class='ocrx_word' id='word_1_707' title='bbox 2361 5236 2431 5274; x_wconf 88' lang='lat' dir='ltr'><strong>ne</strong></span> <span class='ocrx_word' id='word_1_708' title='bbox 2472 5235 2499 5271; x_wconf 90' lang='lat' dir='ltr'><strong>a</strong></span> <span class='ocrx_word' id='word_1_709' title='bbox 2547 5219 2821 5273; x_wconf 89' lang='lat' dir='ltr'><strong>communi</strong></span> <span class='ocrx_word' id='word_1_710' title='bbox 2880 5219 3119 5287; x_wconf 89' lang='lat' dir='ltr'><strong>pernicie</strong></span> <span class='ocrx_word' id='word_1_711' title='bbox 3157 5218 3374 5273; x_wconf 90' lang='lat' dir='ltr'><strong>Justino</strong></span> <span class='ocrx_word' id='word_1_712' title='bbox 3430 5235 3524 5271; x_wconf 85' lang='lat' dir='ltr'><strong>an-</strong></span> 
     </span>
    </p>
   </div>
   <div class='ocr_carea' id='block_1_102' title="bbox 258 5308 1934 5394">
    <p class='ocr_par' dir='ltr' id='par_1_102' title="bbox 258 5314 1855 5394">
     <span class='ocr_line' id='line_1_102' title="bbox 258 5314 1855 5394; baseline -0.009 -15"><span class='ocrx_word' id='word_1_713' title='bbox 258 5330 317 5380; x_wconf 82' lang='grc' dir='ltr'>οὺ</span> <span class='ocrx_word' id='word_1_714' title='bbox 353 5322 651 5394; x_wconf 76' lang='grc' dir='ltr'>προῄρητο</span> <span class='ocrx_word' id='word_1_715' title='bbox 675 5317 881 5371; x_wconf 82' lang='grc' dir='ltr'>δοῦναι.</span> <span class='ocrx_word' id='word_1_716' title='bbox 920 5317 1028 5369; x_wconf 81' lang='grc' dir='ltr'>Καί</span> <span class='ocrx_word' id='word_1_717' title='bbox 1059 5334 1182 5369; x_wconf 85' lang='grc' dir='ltr'>τινα</span> <span class='ocrx_word' id='word_1_718' title='bbox 1208 5316 1254 5368; x_wconf 82' lang='grc' dir='ltr'>δ’</span> <span class='ocrx_word' id='word_1_719' title='bbox 1284 5316 1446 5384; x_wconf 74' lang='grc' dir='ltr'>ἔτερα</span> <span class='ocrx_word' id='word_1_720' title='bbox 1473 5314 1667 5384; x_wconf 85' lang='grc' dir='ltr'>ἐκείνῳ</span> <span class='ocrx_word' id='word_1_721' title='bbox 1686 5332 1855 5383; x_wconf 80' lang='grc' dir='ltr'>προσ-</span> 
     </span>
    </p>
   </div>
   <div class='ocr_carea' id='block_1_103' title="bbox 1844 5308 3520 5394">
    <p class='ocr_par' dir='ltr' id='par_1_103' title="bbox 1844 5308 3520 5377">
     <span class='ocr_line' id='line_1_103' title="bbox 1844 5308 3520 5377; baseline -0.002 -11"><span class='ocrx_word' id='word_1_722' title='bbox 1844 5345 1855 5356; x_wconf 89' lang='lat'><strong>-</strong></span> <span class='ocrx_word' id='word_1_723' title='bbox 1961 5314 2220 5367; x_wconf 74' lang='lat' dir='ltr'><strong>ferretur.</strong></span> <span class='ocrx_word' id='word_1_724' title='bbox 2261 5310 2423 5363; x_wconf 88' lang='lat' dir='ltr'><strong>Fama</strong></span> <span class='ocrx_word' id='word_1_725' title='bbox 2462 5320 2646 5363; x_wconf 89' lang='lat' dir='ltr'><strong>autem</strong></span> <span class='ocrx_word' id='word_1_726' title='bbox 2673 5308 2952 5376; x_wconf 79' lang='lat' dir='ltr'><strong>vulgatum</strong></span> <span class='ocrx_word' id='word_1_727' title='bbox 2984 5318 3089 5372; x_wconf 86' lang='lat' dir='ltr'><strong>est,</strong></span> <span class='ocrx_word' id='word_1_728' title='bbox 3119 5317 3407 5377; x_wconf 87' lang='lat' dir='ltr'><strong>propterea</strong></span> <span class='ocrx_word' id='word_1_729' title='bbox 3445 5311 3520 5364; x_wconf 83' lang='lat' dir='ltr'><strong>illi</strong></span> 
     </span>
    </p>
   </div>
   <div class='ocr_carea' id='block_1_104' title="bbox 263 5400 1939 5489">
    <p class='ocr_par' dir='ltr' id='par_1_104' title="bbox 263 5407 1854 5489">
     <span class='ocr_line' id='line_1_104' title="bbox 263 5407 1854 5489; baseline -0.008 -18"><span class='ocrx_word' id='word_1_730' title='bbox 263 5423 507 5489; x_wconf 69' lang='grc' dir='ltr'>ῄπτοντο</span> <span class='ocrx_word' id='word_1_731' title='bbox 531 5414 629 5466; x_wconf 70' lang='grc' dir='ltr'><strong>τὸν</strong></span> <span class='ocrx_word' id='word_1_732' title='bbox 666 5409 955 5481; x_wconf 83' lang='grc' dir='ltr'>βασιλικὸν</span> <span class='ocrx_word' id='word_1_733' title='bbox 981 5409 1185 5462; x_wconf 88' lang='grc' dir='ltr'>σκοπὸν</span> <span class='ocrx_word' id='word_1_734' title='bbox 1227 5407 1555 5476; x_wconf 76' lang='grc' dir='ltr'>θεραπεύειν</span> <span class='ocrx_word' id='word_1_735' title='bbox 1591 5407 1854 5476; x_wconf 85' lang='grc' dir='ltr'>βουλομέ-</span> 
     </span>
    </p>
   </div>
   <div class='ocr_carea' id='block_1_105' title="bbox 1845 5400 3521 5489">
    <p class='ocr_par' dir='ltr' id='par_1_105' title="bbox 1845 5400 3521 5470">
     <span class='ocr_line' id='line_1_105' title="bbox 1845 5400 3521 5470; baseline -0.001 -11"><span class='ocrx_word' id='word_1_736' title='bbox 1845 5435 1854 5445; x_wconf 85' lang='grc'><strong>-</strong></span> <span class='ocrx_word' id='word_1_737' title='bbox 1958 5404 2235 5459; x_wconf 88' lang='lat' dir='ltr'><strong>Justinum</strong></span> <span class='ocrx_word' id='word_1_738' title='bbox 2269 5402 2543 5457; x_wconf 88' lang='lat' dir='ltr'><strong>inlensum</strong></span> <span class='ocrx_word' id='word_1_739' title='bbox 2596 5400 2794 5464; x_wconf 82' lang='lat' dir='ltr'><strong>fuisse,</strong></span> <span class='ocrx_word' id='word_1_740' title='bbox 2824 5401 2971 5469; x_wconf 90' lang='lat' dir='ltr'><strong>quod</strong></span> <span class='ocrx_word' id='word_1_741' title='bbox 3022 5402 3282 5468; x_wconf 85' lang='lat' dir='ltr'><strong>pecunias</strong></span> <span class='ocrx_word' id='word_1_742' title='bbox 3333 5404 3382 5456; x_wconf 89' lang='lat' dir='ltr'><strong>ei</strong></span> <span class='ocrx_word' id='word_1_743' title='bbox 3426 5418 3521 5470; x_wconf 90' lang='lat' dir='ltr'><strong>pe-</strong></span> 
     </span>
    </p>
   </div>
   <div class='ocr_carea' id='block_1_106' title="bbox 262 5492 1938 5566">
    <p class='ocr_par' dir='ltr' id='par_1_106' title="bbox 262 5497 1853 5566">
     <span class='ocr_line' id='line_1_106' title="bbox 262 5497 1853 5566; baseline -0.011 -2"><span class='ocrx_word' id='word_1_744' title='bbox 262 5529 367 5564; x_wconf 87' lang='grc' dir='ltr'><strong>νων</strong></span> <span class='ocrx_word' id='word_1_745' title='bbox 398 5507 587 5561; x_wconf 87' lang='grc' dir='ltr'>ἐνίων.</span> <span class='ocrx_word' id='word_1_746' title='bbox 623 5502 830 5556; x_wconf 81' lang='grc' dir='ltr'>Τούτου</span> <span class='ocrx_word' id='word_1_747' title='bbox 890 5500 933 5552; x_wconf 86' lang='grc' dir='ltr'>δ’</span> <span class='ocrx_word' id='word_1_748' title='bbox 976 5498 1388 5563; x_wconf 73' lang='grc' dir='ltr'>ύπεξελθόντος,</span> <span class='ocrx_word' id='word_1_749' title='bbox 1416 5497 1736 5566; x_wconf 84' lang='grc' dir='ltr'>Γρηγόριος,</span> <span class='ocrx_word' id='word_1_750' title='bbox 1779 5497 1853 5558; x_wconf 84' lang='grc' dir='ltr'>ὡς</span> 
     </span>
    </p>
   </div>
   <div class='ocr_carea' id='block_1_107' title="bbox 1849 5492 3525 5566">
    <p class='ocr_par' dir='ltr' id='par_1_107' title="bbox 1849 5492 3525 5563">
     <span class='ocr_line' id='line_1_107' title="bbox 1849 5492 3525 5563; baseline -0.002 -11"><span class='ocrx_word' id='word_1_751' title='bbox 1849 5514 1853 5552; x_wconf 86' lang='lat'><strong>.&#39;</strong></span> <span class='ocrx_word' id='word_1_752' title='bbox 1961 5495 2099 5551; x_wconf 88' lang='lat' dir='ltr'><strong>tenti</strong></span> <span class='ocrx_word' id='word_1_753' title='bbox 2138 5495 2229 5549; x_wconf 92' lang='lat' dir='ltr'><strong>ille</strong></span> <span class='ocrx_word' id='word_1_754' title='bbox 2279 5495 2406 5547; x_wconf 91' lang='lat' dir='ltr'><strong>dare</strong></span> <span class='ocrx_word' id='word_1_755' title='bbox 2439 5493 2696 5547; x_wconf 90' lang='lat' dir='ltr'><strong>noluerit.</strong></span> <span class='ocrx_word' id='word_1_756' title='bbox 2733 5492 3079 5561; x_wconf 82' lang='lat' dir='ltr'><strong>Allinguntur</strong></span> <span class='ocrx_word' id='word_1_757' title='bbox 3123 5503 3383 5563; x_wconf 67' lang='lat' dir='ltr'><strong>praeterea</strong></span> <span class='ocrx_word' id='word_1_758' title='bbox 3407 5495 3525 5549; x_wconf 87' lang='lat' dir='ltr'><strong>viro</strong></span> 
     </span>
    </p>
   </div>
   <div class='ocr_carea' id='block_1_108' title="bbox 264 5584 1940 5670">
    <p class='ocr_par' dir='ltr' id='par_1_108' title="bbox 264 5584 1855 5670">
     <span class='ocr_line' id='line_1_108' title="bbox 264 5584 1855 5670; baseline -0.008 -19"><span class='ocrx_word' id='word_1_759' title='bbox 264 5602 514 5670; x_wconf 74' lang='grc' dir='ltr'>εἴρηται,</span> <span class='ocrx_word' id='word_1_760' title='bbox 565 5594 660 5646; x_wconf 74' lang='grc' dir='ltr'>τὸν</span> <span class='ocrx_word' id='word_1_761' title='bbox 683 5592 873 5663; x_wconf 89' lang='grc' dir='ltr'>θρόνον</span> <span class='ocrx_word' id='word_1_762' title='bbox 896 5588 1224 5660; x_wconf 75' lang='grc' dir='ltr'>ἐλάμϐανεν·</span> <span class='ocrx_word' id='word_1_763' title='bbox 1264 5584 1325 5642; x_wconf 78' lang='grc' dir='ltr'><strong>οῦ</strong></span> <span class='ocrx_word' id='word_1_764' title='bbox 1352 5586 1509 5648; x_wconf 80' lang='grc' dir='ltr'>κλέος</span> <span class='ocrx_word' id='word_1_765' title='bbox 1539 5586 1672 5653; x_wconf 80' lang='grc' dir='ltr'>εὐρὺ</span> <span class='ocrx_word' id='word_1_766' title='bbox 1716 5586 1855 5639; x_wconf 85' lang='grc' dir='ltr'>κατὰ</span> 
     </span>
    </p>
   </div>
   <div class='ocr_carea' id='block_1_109' title="bbox 1846 5584 3522 5670">
    <p class='ocr_par' dir='ltr' id='par_1_109' title="bbox 1846 5584 3522 5656">
     <span class='ocr_line' id='line_1_109' title="bbox 1846 5584 3522 5656; baseline 0.001 -17"><span class='ocrx_word' id='word_1_767' title='bbox 1846 5603 1855 5639; x_wconf 88' lang='grc' dir='ltr'><strong>ι</strong></span> <span class='ocrx_word' id='word_1_768' title='bbox 1957 5586 2009 5643; x_wconf 89' lang='lat' dir='ltr'><strong>ei</strong></span> <span class='ocrx_word' id='word_1_769' title='bbox 2028 5588 2131 5642; x_wconf 88' lang='lat' dir='ltr'><strong>alia</strong></span> <span class='ocrx_word' id='word_1_770' title='bbox 2154 5586 2398 5656; x_wconf 65' lang='lat' dir='ltr'><strong>quaedam</strong></span> <span class='ocrx_word' id='word_1_771' title='bbox 2422 5601 2449 5637; x_wconf 90' lang='lat' dir='ltr'><strong>a</strong></span> <span class='ocrx_word' id='word_1_772' title='bbox 2478 5585 2779 5648; x_wconf 83' lang='lat' dir='ltr'><strong>nonnullis,</strong></span> <span class='ocrx_word' id='word_1_773' title='bbox 2797 5584 2886 5651; x_wconf 91' lang='lat' dir='ltr'><strong>qui</strong></span> <span class='ocrx_word' id='word_1_774' title='bbox 2913 5584 3260 5652; x_wconf 88' lang='lat' dir='ltr'><strong>imperatoris</strong></span> <span class='ocrx_word' id='word_1_775' title='bbox 3284 5596 3522 5652; x_wconf 70' lang='lat' dir='ltr'><strong>emptum</strong></span> 
     </span>
    </p>
   </div>
   <div class='ocr_carea' id='block_1_110' title="bbox 265 5675 1941 5762">
    <p class='ocr_par' dir='ltr' id='par_1_110' title="bbox 265 5675 1854 5762">
     <span class='ocr_line' id='line_1_110' title="bbox 265 5675 1854 5762; baseline -0.013 -14"><span class='ocrx_word' id='word_1_776' title='bbox 265 5694 516 5762; x_wconf 84' lang='grc' dir='ltr'>ποίησιν·</span> <span class='ocrx_word' id='word_1_777' title='bbox 589 5688 656 5739; x_wconf 80' lang='grc' dir='ltr'><strong>ἐκ</strong></span> <span class='ocrx_word' id='word_1_778' title='bbox 686 5684 797 5754; x_wconf 83' lang='grc' dir='ltr'>γὰρ</span> <span class='ocrx_word' id='word_1_779' title='bbox 847 5679 1073 5752; x_wconf 81' lang='grc' dir='ltr'>πρώτης</span> <span class='ocrx_word' id='word_1_780' title='bbox 1112 5678 1325 5751; x_wconf 79' lang='grc' dir='ltr'>τριχὸς,</span> <span class='ocrx_word' id='word_1_781' title='bbox 1381 5679 1495 5740; x_wconf 84' lang='grc' dir='ltr'>τοῖς</span> <span class='ocrx_word' id='word_1_782' title='bbox 1550 5675 1854 5745; x_wconf 82' lang='grc' dir='ltr'>μοναδικοῖς</span> 
     </span>
    </p>
   </div>
   <div class='ocr_carea' id='block_1_111' title="bbox 1849 5675 3525 5762">
    <p class='ocr_par' dir='ltr' id='par_1_111' title="bbox 1849 5677 3525 5750">
     <span class='ocr_line' id='line_1_111' title="bbox 1849 5677 3525 5750; baseline -0.002 -12"><span class='ocrx_word' id='word_1_783' title='bbox 1849 5695 1854 5738; x_wconf 86' lang='grc'><strong>;</strong></span> <span class='ocrx_word' id='word_1_784' title='bbox 1964 5693 2144 5750; x_wconf 82' lang='lat' dir='ltr'><strong>tegere</strong></span> <span class='ocrx_word' id='word_1_785' title='bbox 2175 5691 2267 5733; x_wconf 90' lang='lat' dir='ltr'><strong>aut</strong></span> <span class='ocrx_word' id='word_1_786' title='bbox 2294 5693 2556 5735; x_wconf 81' lang='lat' dir='ltr'><strong>excusare</strong></span> <span class='ocrx_word' id='word_1_787' title='bbox 2591 5680 2905 5734; x_wconf 82' lang='lat' dir='ltr'><strong>voluerunt.</strong></span> <span class='ocrx_word' id='word_1_788' title='bbox 2942 5677 3234 5748; x_wconf 85' lang='lat' dir='ltr'><strong>Postquam</strong></span> <span class='ocrx_word' id='word_1_789' title='bbox 3301 5680 3525 5735; x_wconf 79' lang='lat' dir='ltr'><strong>Anasta-</strong></span> 
     </span>
    </p>
   </div>
   <div class='ocr_carea' id='block_1_112' title="bbox 349 5813 1640 5891">
    <p class='ocr_par' dir='ltr' id='par_1_112' title="bbox 349 5813 1640 5891">
     <span class='ocr_line' id='line_1_112' title="bbox 349 5813 1640 5891; baseline -0.015 -7"><span class='ocrx_word' id='word_1_790' title='bbox 349 5829 429 5891; x_wconf 81' lang='lat' dir='ltr'><strong>(l)</strong></span> <span class='ocrx_word' id='word_1_791' title='bbox 452 5829 564 5883; x_wconf 87' lang='lat' dir='ltr'><strong>Pro</strong></span> <span class='ocrx_word' id='word_1_792' title='bbox 591 5826 808 5879; x_wconf 86' lang='lat' dir='ltr'><strong>Bonoso</strong></span> <span class='ocrx_word' id='word_1_793' title='bbox 834 5820 1126 5889; x_wconf 78' lang='lat' dir='ltr'><strong>legendum</strong></span> <span class='ocrx_word' id='word_1_794' title='bbox 1180 5826 1309 5885; x_wconf 92' lang='lat' dir='ltr'><strong>puto</strong></span> <span class='ocrx_word' id='word_1_795' title='bbox 1341 5813 1640 5869; x_wconf 74' lang='lat' dir='ltr'><strong>Benedicto.</strong></span> 
     </span>
    </p>
   </div>
  </div>
