4244 6438
752 389 858 454 315

1965 387 2376 448 NlUEl’liORl
2418 390 2769 449 GALLIS'I‘I

3893 379 3990 439 316

753 504 869 556 sius
890 501 1206 572 episcopatu
1233 500 1390 564 abiit,
1426 500 1750 570 Gregorius,
1788 501 1948 556 sicuti
1981 503 2184 557 dictum
2219 512 2323 560 est.
2359 551 2363 561 ,

2434 505 2843 572 ἀποδυσάμενος
2889 503 3206 572 σκάμμασι,
3269 498 3533 568 γεννικῶς
3587 497 3697 558 τοῖς
3735 496 3994 549 ανωτάτω

754 594 943 649 sedem
978 609 1096 648 eam
1131 594 1346 662 accepit
1389 613 1402 646 :
1437 595 1595 662 cujus
1621 594 1729 648 lata
1767 605 1854 648 est
1881 595 2073 662 gloria,
2105 603 2164 648 ut
2197 608 2325 662 poe-

755 695 822 742 τε
852 685 1032 737 verbis
1066 693 1207 737 utar.
1246 686 1290 738 A
1317 684 1516 752 primis
1556 685 1702 739 enim
1737 686 1978 754 capillis,
2017 685 2068 738 in
2128 701 2320 740 mona-

755 775 910 829 sticis
947 777 1284 830 exercitatus
1314 776 1534 842 studiis,
1555 786 1793 833 'strenue
1819 780 1886 833 ad
1924 795 2168 835 summos
2206 798 2326 850 gra-

2431 594 2656 662 βαθμοῖς
2680 595 2932 662 ἤλαυνεν,
2963 595 3088 662 ἄρτι
3111 592 3206 646 τοῦ
3245 592 3423 644 ἰούλου
3472 589 3620 657 αὖτῷ
3656 585 3993 657 καταρρέον-

2426 703 2539 748 τος.
2577 688 2684 753 Τῆς
2705 686 2761 738 δὲ
2798 686 2906 738 τῶν
2936 686 3246 750 Βυζαντίων
3285 684 3505 752 πρῶτον
3535 680 3699 750 μονῆς
3735 678 3994 748 καθηγή-

2427 793 2575 830 σατο·
2613 778 2738 830 ἔνθα
2765 777 2826 829 τὸ
2862 777 3140 846 καταρχὰς
3191 777 3284 828 καὶ
3323 775 3415 827 τὸν
3447 775 3678 825 ἄὼιευον
3716 771 3831 842 βίον
3865 786 3994 838 μετ-

752 867 878 928 dus.
920 883 1042 937 cum
1079 885 1254 937 nuper
1290 869 1586 923 admodum
1622 886 1682 925 se
1715 872 1769 926 in
1808 887 1876 927 eo
1923 873 2121 943 lanugo
2152 879 2330 944 prima

2423 870 2531 940 ῄει.
2565 871 2871 924 λίετέπειτα
2923 869 2977 922 δὲ
3029 868 3320 922 Ἰουστίνου
3356 866 3693 929 κελεύοντος,
3735 864 3833 931 τὴν
3874 880 3996 915 ποιέ-

757 959 1119 1024 cxhibuisset,
1155 962 1459 1016 contendit.
1500 963 1743 1018 Primum
1765 982 1894 1019 vero
1925 968 2170 1036 Byzantii
2210 985 2324 1024 mo-

759 1052 997 1104 nasterio
1029 1051 1268 1123 praefuit,
1303 1055 1391 1106 ubi
1419 1055 1586 1108 etiam
1622 1058 1690 1110 ab
1725 1058 1883 1112 initio
1923 1061 2088 1115 vitam
2137 1077 2321 1115 rerum

759 1141 1004 1192 omnium
1035 1152 1320 1209 expertem
1357 1142 1556 1212 degere
1617 1147 1807 1216 etrapit.
1868 1149 2060 1205 Postea
2106 1151 2324 1208 Justino

753 1230 1004 1295 jubente,
1048 1235 1318 1299 pastorale
1345 1250 1543 1289 munus
1581 1237 1632 1288 in
1697 1250 1880 1292 monte
1911 1241 2091 1296 Sina-0
2143 1259 2325 1299 susce-

761 1326 838 1389 pit
868 1343 880 1376 :
916 1325 967 1376 in
995 1342 1104 1392 quo
1132 1341 1160 1378 a
1190 1326 1428 1380 Scenitis
1458 1328 1710 1385 barbaris
1770 1335 2046 1398 obsessus,
2081 1352 2187 1390 non
2223 1338 2325 1391 mi-

763 1419 924 1470 nimis
954 1419 1363 1475 circumventus
1387 1432 1469 1476 est
1496 1421 1775 1492 periculis.
1808 1426 2017 1490 Quibus
2047 1430 2230 1493 etiam,
2265 1440 2323 1484 ut

763 1508 1192 1569 pacificationem
1259 1512 1478 1578 inirent,
1548 1531 1740 1568 suasor
1812 1527 2113 1585 auctorque
2195 1520 2319 1575 fuit.

760 1602 917 1667 Λμιιιί
944 1602 1046 1656 hos
1091 1619 1211 1657 cum
1247 1619 1332 1656 res
1363 1621 1587 1673 magnas
1623 1607 1944 1675 peregisset,
1998 1611 2050 1662 in
2111 1627 2320 1665 sacram

759 1694 956 1746 deinde
991 1703 1281 1761 provectus
1311 1697 1754 1750 estcatbedram.
1783 1699 1979 1754 Animo
2008 1713 2063 1755 et
2093 1704 2322 1758 consilio

763 1786 813 1836 in
849 1786 1012 1838 rebus
1045 1789 1304 1842 omnibus
1344 1790 1549 1856 optimo
1589 1789 1691 1844 fuit
1727 1811 1738 1844 :
1773 1804 1825 1845 et
1855 1795 1919 1845 ad
1958 1797 2320 1864 quodcunque

761 1879 1038 1946 negotium
1075 1895 1131 1933 se
1161 1891 1526 1944 converteret,
1565 1883 1615 1936 id
1647 1899 1809 1950 quam
1847 1885 2104 1938 facillime
2153 1889 2322 1940 confi-

758 1971 956 2022 ciebat.
1005 1971 1148 2024 Metu
1185 1973 1410 2026 minime
1444 1975 1894 2042 perturbabatur.
1952 1977 2326 2034 Potestatibus

759 2072 962 2122 autem,
1009 2071 1064 2114 ut
1112 2062 1271 2116 facile
1316 2065 1421 2116 illis
1454 2067 1675 2120 territus
1716 2068 2322 2132 cederet,'ﬂectendum

758 2166 815 2202 se
845 2152 1262 2221 haudquaquam
1325 2155 1576 2221 przcbuit.
1632 2156 1903 2212 Liberalis
1959 2175 2201 2227 quoque,
2267 2173 2323 2214 et

757 2243 1050 2295 admodum
1082 2247 1390 2308 munificus,
1427 2249 1711 2315 magnifice
1741 2250 2000 2316 pecunias
2042 2251 2316 2320 largieba-

760 2344 846 2385 tur
878 2353 891 2387 :
928 2351 1100 2403 usque
1123 2338 1280 2397 adeo.
1311 2348 1742 2408 ut-quocunque,
1778 2357 1879 2408 pro
1901 2358 1966 2395 eo
1989 2352 2152 2410 atque
2184 2360 2323 2410 opus

755 2435 922 2486 esset,
955 2426 1401 2494 progrederetur,
1431 2445 1592 2497 quam
1651 2432 1870 2500 plurimi
1914 2434 2164 2488 homines
2196 2451 2319 2488 eum

754 2516 1027 2583 stiparent
1059 2528 1221 2586 atque
1253 2532 1641 2589 sequerentur,
1669 2538 1864 2577 eorum
1897 2527 2064 2577 etiam
2120 2527 2323 2594 quibus

755 2607 894 2659 nihil
941 2624 1066 2662 cum
1116 2623 1182 2662 eo
1228 2610 1599 2667 intercederet
1649 2615 2086 2680 consuetudinis,
2135 2626 2190 2671 et
2226 2619 2319 2685 qui

759 2697 893 2750 nihil
929 2699 992 2750 ad
1033 2714 1158 2752 eum
1195 2701 1557 2767 pertinerent.
1613 2702 1715 2755 Alii
1767 2703 1992 2773 insuper
2045 2706 2138 2772 qui
2195 2720 2320 2760 eum

758 2790 1030 2856 prodiisse
1060 2792 1383 2857 audiissent,
1411 2794 1495 2848 vel
1526 2794 1808 2860 vidissent,
1833 2798 1899 2850 ad
1925 2813 2052 2860 eum
2082 2797 2323 2854 conflue-

758 2883 909 2947 bant,
944 2892 1000 2936 et
1041 2883 1306 2938 honorem
1349 2886 1641 2941 mundanis
1668 2887 2024 2956 dignitatibus
2048 2889 2318 2956 debitum,

757 2989 867 3038 pra:
909 2975 1010 3028 viri
1044 2977 1167 3044 ejus
1204 2977 1576 3045 observantia,
1608 2981 1853 3036 secundo
1875 2982 1996 3036 loco
2022 2982 2318 3049 habebant,

749 3065 919 3134 796
942 3067 1099 3122 avide
1150 3084 1248 3122 sua
1279 3078 1473 3150 sponte
1521 3080 1577 3124 et
1613 3071 1798 3126 videre
1847 3083 1903 3126 et
1959 3075 2149 3129 audire
2193 3091 2318 3130 cu

2428 962 2690 1032 μαντικὴν
2719 962 2814 1014 τοῦ
2865 962 2994 1014 Σινᾶ
3021 959 3385 1030 ἐγχειρίζεται
3418 959 3600 1028 δρους·
3660 959 3718 1008 ὲν
3789 948 3832 1022 ᾧ
3899 974 3996 1006 πο-

2423 1054 2810 1123 λιορκούμενος
2853 1053 2961 1106 ὑπὸ
3011 1054 3120 1105 τῶν
3181 1051 3479 1120 Σκηνητῶν
3538 1049 3853 1118 βαρϐάρων,
3898 1046 3997 1098 οὐκ

2425 1146 2726 1215 ἐλαχίστοις
2786 1145 3092 1215 περιεπάρη
3161 1143 3445 1204 κινδῖινοις,
3501 1142 3574 1202 ὡς
3630 1141 3724 1193 καῖ⁸
3773 1139 3998 1208 εἰρήνης

2425 1242 2659 1302 ἐκείνοις
2685 1239 2944 1306 γενέσθαι
2975 1237 3264 1304 πρύτανιν·
3300 1237 3357 1287 ὲν
3385 1228 3466 1297 οἷς
3490 1235 3583 1288 καὶ
3616 1232 3810 1302 μεγάλ’
3859 1235 3995 1285 ἄττα

2424 1330 2943 1398 καταπραξάμενος,
2990 1326 3199 1379 ἐκεῖθεν
3260 1328 3394 1394 πρὸς
3439 1326 3536 1394 τὴν
3587 1324 3737 1392 ἱερὰν
3784 1321 3996 1391 ἀνήχθη

2423 1423 2708 1494 καθέδραν.
2732 1422 2924 1490 Ψυχῆς
2955 1421 3009 1472 δὲ
3043 1421 3136 1472 καὶ
3167 1421 3394 1487 γνώμης
3455 1416 3637 1485 τυχὼν
3693 1414 3995 1485 κρατίστης

2424 1515 2508 1583 ἐφ’
2539 1517 2732 1579 ἅπασι,
2767 1514 2904 1582 πρὸς
2935 1515 3069 1582 ὅπερ
3115 1512 3179 1565 ἂν
3210 1511 3450 1581 ῥέψειεν,
3510 1504 3990 1576 ὲξεργαστικώτα-

2421 1625 2512 1668 τος
2545 1603 2632 1678 ἦν’
2679 1606 2877 1676 ἥκιστα
2924 1606 3022 1671 μὲν
3069 1604 3175 1654 δέει
3217 1598 3603 1670 κατεπτηχὼς,
3654 1596 3993 1658 δυναστείαις

2421 1703 2466 1754 δ’
2504 1701 2831 1772 εὐγείρωτος
2894 1696 3034 1750 εἶναι
3098 1696 3446 1755 ὦστέἰκειν,
3503 1694 3742 1763 ἄληπτον
3802 1691 3995 1744 ἑαυτὸν

2427 1799 2703 1862 παρεῖχεν.
2751 1792 3091 1857 Ἐλευθέριος
3140 1778 3194 1841 δέ
3223 1805 3305 1849 τις
3337 1788 3478 1858 μάλα
3515 1787 3607 1840 καὶ
3645 1784 3870 1854 ἀφειδὴς
3904 1779 3990 1852 ἦν,

2403 1875 2866 1956 ’μεγαλοπρεπῶς
2889 1885 2986 1944 τὰς
3019 1883 3286 1947 διαδόσεις
3326 1883 3436 1934 τῶν
3465 1879 3774 1950 χρημάτωκ]
3807 1875 3995 1927 ποιού-

2429 1993 2609 2047 μενος·
2643 1980 2734 2029 καὶ
2765 1978 2820 2038 ἐς
2853 1976 3031 2036 τόσον,
3058 1975 3130 2036 ὡς
3163 1977 3258 2025 καὶ
3280 1974 3480 2042 δεῆσαν
3496 1973 3618 2023 ὅποι
3651 1969 3779 2020 ποτὲ
3807 1984 3882 2035 πρ
3915 1967 3994 2016 ii-

2425 2067 2886 2138 ναιπαμπληθεῖς
2911 2067 3278 2136 περιείποντο,
3315 2071 3407 2117 καὶ
3441 2064 3549 2116 τῶν
3585 2060 3850 2131 μηδαμῶς
3896 2059 3994 2109 αὖ·

2423 2162 2500 2231 τῷ
2568 2163 2977 2229 προσηκόντων,
3036 2162 3132 2212 καὶ
3179 2160 3302 2230 μηδ’
3342 2158 3632 2210 εἰωθότων.
3691 2156 3798 2208 Καὶ
3840 2153 3992 2207 ἄλλοι

2423 2252 2469 2301 δ’
2497 2249 2880 2319 ὲπισυνέρῤεον
2921 2247 3321 2313 πυνθανόμενοι
3379 2246 3583 2297 διιέντα
3625 2244 3656 2313 ἢ
3697 2244 3787 2294 καὶ
3821 2244 3994 2312 ὁρῶν-

2421 2358 2534 2401 τες·
2564 2341 2655 2393 καὶ¹
2688 2340 2754 2391 τὰ
2776 2342 2830 2400 ὲς
2859 2340 2957 2407 τὴν
2976 2337 3246 2408 κοσμικὴν
3275 2338 3449 2404 ἀρχὴν
3481 2338 3538 2387 ὲν
3559 2335 3806 2403 δευτέρῳ
3838 2335 3995 2385 ἔτατ-

2422 2448 2576 2483 τοντο
2601 2431 2696 2500 τῆς
2719 2430 2797 2492 εἰς
2821 2429 2912 2481 τὸν
2939 2429 3106 2496 ἄνδρα
3163 2427 3353 2494 τιμῆς·
3407 2425 3731 2484 ἐθελουσίως
3789 2425 3994 2491 προθυο

2427 2525 2709 2593 μουμένων
2739 2522 2833 2576 καὶ
2861 2523 2990 2592 δρᾷν
3023 2522 3116 2573 καὶ
3141 2520 3382 2582 ἀκούειν,
3425 2517 3518 2569 καὶ
3547 2518 3615 2568 τὰ
3649 2516 3882 2584 τυχόντα
3920 2516 3995 2574 ὡς

2423 2615 2593 2667 πολλά
2630 2612 3062 2680 διομιλουμένου.
3102 2611 3210 2663 Καὶ
3244 2611 3352 2678 γὰρ
3402 2605 3471 2678 ἦν
3505 2609 3833 2666 ἱκανώτατος
3869 2606 3992 2664 ταῖς

2422 2703 2701 2774 ἀληθείαις
2724 2703 2954 2771 ἀόρατον
2995 2702 3285 2769 ἑνσπεῖραι
3318 2700 3482 2752 πόθον
3519 2703 3632 2758 τοῖς
3691 2700 3839 2756 ὅπως
3901 2694 3993 2760 δὴ-

2424 2799 2982 2866 πότεὲντυγχάνουσι.
3041 2795 3152 2864 Τήν
3211 2811 3268 2846 τε
3325 2792 3456 2845 θέαν
3507 2790 3838 2856 ὰξιάγαστός
3885 2803 3991 2848 τις,

2421 2892 2637 2960 ἥδιστός
2696 2907 2756 2941 τε
2811 2888 2930 2941 λίαν
2982 2886 3492 2957 προσφθέγξασθαι·
3553 2886 3644 2936 καὶ
3698 2883 3858 2948 εἴπερ
3911 2897 3995 2941 τις

2423 2982 2689 3050 νοῆσαιτε
2709 2980 2770 3034 τὸ
2793 2981 2909 3033 δέον
2936 2979 3220 3046 ὀξύτατος,
3288 2976 3494 3049 πρᾶξαί
3545 2992 3602 3027 τε
3637 2975 3693 3035 ἐς
3724 2974 3790 3024 τὰ
3835 2969 3996 3038 μαλιυ

2423 3090 2521 3127 στα
2554 3073 3001 3142 προχειρότατοςο
3035 3069 3324 3140 βουλεῦσαι
3374 3069 3428 3121 δὲ
3461 3066 3660 3136 βουλὴν
3703 3067 3797 3116 καὶ
3831 3065 3994 3116 ἄλλου

754 3159 1056 3224 rapientes,
1091 3160 1251 3212 etiam
1275 3161 1341 3214 de
1371 3160 1537 3216 rebus
1566 3177 1673 3214 non
1707 3165 1886 3233 magni
1913 3168 2176 3219 momenti
2202 3168 2316 3235 ple-
2347 3185 2363 3239 ε

2422 3164 3036 3235 πράξαντοςδιαγνῶναι
3072 3163 3129 3215 ἐν
3160 3179 3219 3215 τε
3263 3163 3374 3223 τοῖς
3399 3161 3617 3221 οἰκείοις
3663 3159 3756 3209 καὶ
3820 3156 3992 3226 θύρα-

757 3263 987 3316 rumquc
1016 3249 1182 3303 verba
1215 3249 1526 3306 facientem.
1568 3252 1698 3306 Erat
1722 3253 1993 3322 siquidem
2060 3256 2128 3309 ad
2171 3272 2322 3310 arca-

757 3355 886 3391 num
920 3339 1257 3394 desiderium
1292 3357 1480 3395 eorum
1510 3343 1730 3405 animis,
1769 3345 1863 3412 qui
1898 3345 2050 3398 illum
2091 3360 2324 3414 quomo-

745 3431 1047 3500 doc-nque
1072 3433 1492 3496 conveniebant,
1527 3434 1880 3489 inserendum
1935 3452 2098 3505 quam
2153 3437 2326 3490 maxi-

759 3539 846 3578 me
895 3525 1148 3599 idqneus,
1205 3535 1427 3594 aspectu
1479 3525 1775 3580 admodum
1830 3528 2207 3595 admirandus,
2267 3529 2320 3582 in

755 3617 1050 3686 colloquiis
1074 3617 1231 3672 valde
1258 3620 1559 3687 jucundus,
1587 3628 1644 3674 et
1680 3620 1725 3674 si
1762 3620 1885 3687 quis
1920 3622 2092 3685 alius,
2125 3633 2180 3676 et
2211 3623 2323 3691 ipse

753 3710 825 3762 ad
849 3710 900 3762 id
939 3709 1087 3779 quod
1115 3711 1339 3765 deceret
1367 3712 1814 3779 cognoscendum
1864 3715 2243 3779 acutissimus,
2269 3727 2324 3770 et

754 3802 822 3854 ad
861 3802 1170 3856 faciendum
1202 3819 1363 3872 quam
1403 3803 1713 3859 facillimus.
1745 3805 1827 3859 Ad
1864 3808 2151 3860 consilium
2202 3808 2326 3862 aliis
2357 3794 2363 3800 ’

750 3894 1021 3958 dandum,
1049 3904 1210 3964 atque
1239 3895 1305 3948 ad
1341 3910 1427 3950 res
1467 3896 1795 3952 domesticas
1847 3909 1902 3951 et
1947 3910 2205 3952 externas
2244 3900 2327 3953 di-

746 3985 1102 4053 judieandas,
1179 3986 1643 4055 promptissimus.
1697 3988 2044 4058 Quapropter
2126 3993 2326 4043 multas

753 4092 850 4129 res
885 4076 1089 4144 Optime
1125 4078 1314 4146 gessit,
1373 4079 1584 4146 negotia
1643 4079 1695 4132 in
1747 4082 2044 4134 crastinmn
2107 4079 2325 4136 differre

759 4184 867 4221 nou
905 4169 1121 4222 solitus.
1152 4163 1374 4223 Terrori
1408 4187 1534 4225 vero
1567 4180 1686 4225 erat.
1741 4189 1850 4226 non
1881 4181 2094 4227 tantum
2123 4173 2325 4229 Roma-

757 4260 845 4312 nis
871 4259 1321 4328 imperatoribus,
1349 4277 1472 4315 cum
1527 4263 1746 4331 publica
1787 4274 2045 4319 tractaret
2082 4267 2322 4335 negotia,

753 4361 1018 4419 quantum
1062 4355 1366 4408 neceSsitas
1418 4355 1724 4423 postularet
1755 4363 1810 4409 et
1842 4365 2060 4426 tempus
2113 4358 2325 4425 ﬂagita-

757 4455 863 4503 ret.
918 4460 1107 4496 verum
1145 4448 1307 4498 etiam
1373 4445 1663 4500 Persarum
1711 4447 1968 4513 ducibus,
2025 4447 2187 4503 sicuti
2226 4461 2325 4500 suo

2425 3250 2516 3303 θεν
2542 3251 2862 3318 ἐπιτήδειος.
2893 3251 2993 3302 Διά
3019 3268 3101 3303 τοι
3138 3246 3296 3303 τοῦτο
3330 3250 3427 3302 καὶ
3469 3250 3641 3301 πολλὰ
3678 3248 3774 3299 καὶ
3791 3246 3994 3315 ἄριστα

2420 3342 2769 3411 διεπράξατο,
2802 3343 2962 3411 ἀφεὶς
2982 3344 3043 3396 τὸ
3072 3343 3330 3412 ἑσαύριον
3355 3340 3783 3396 ἀναϐάλλεσθαι.
3817 3339 3995 3391 Κατέ-

2422 3437 2594 3504 πληξε
2623 3437 2678 3489 δὲ
2713 3439 2774 3488 οὺ
2811 3437 2972 3505 μόνον
3005 3438 3133 3499 τοὺς
3205 3436 3494 3505 Ῥωμαίων
3563 3432 3808 3501 βασιλεῖς
3877 3432 3995 3489 τοῖς

2424 3531 2622 3591 κοινοῖς
2649 3529 2932 3598 χρώμενος
2970 3530 3316 3598 πράγμασιν,
3374 3530 3453 3588 εἰς
3489 3527 3628 3594 ὅπερ
3655 3528 3721 3578 ἂν
3772 3526 3806 3594 ἠ
3832 3525 3996 3593 χρεία

2423 3620 2614 3690 καλοίη
2647 3621 2742 3674 καὶ
2772 3622 2800 3671 ό
2831 3620 3021 3690 καιρὸς
3051 3622 3279 3688 ὰπαιτῇο
3311 3621 3448 3672 ἀλλὰ
3471 3622 3566 3671 καὶ
3604 3618 3731 3679 τοὺς
3766 3615 3997 3685 Περσῶν

2424 3712 2716 3778 ἡγεμόνας,
2746 3709 2821 3772 ὡς
2856 3713 2914 3763 ὲν
2954 3709 3128 3780 καιρῷ
3160 3727 3249 3778 μοι
3295 3708 3594 3772 λελέξεται.
3652 3706 3907 3767 Ποικίλος
3938 3705 3998 3756 δέ

2423 3821 2506 3866 τις
2532 3805 2797 3872 ἐτύγχανε
2819 3821 2833 3835 ·
2869 3805 2945 3870 πῆ
2981 3804 3079 3872 μὲν
3108 3803 3276 3872 πολλῇ
3332 3803 3619 3871 χρώμενος
3669 3802 3739 3868 τῇ
3769 3799 3999 3868 σφοδρὸ-

2424 3913 2580 3967 τητι·
2611 3899 2784 3949 ὲνίοτε
2820 3896 2874 3947 δὲ
2910 3896 3002 3947 καὶ
3037 3895 3092 3947 τὸ
3146 3894 3396 3963 θυμῶδες
3460 3891 3884 3962 ὲσχηματίζετο·
3933 3892 4000 3942 ὲκ

2425 3991 2745 4060 περιουσίας
2769 3988 2813 4041 δ’
2848 3986 2916 4057 ἣν
2953 3989 3102 4057 αὑτῷ
3128 3990 3290 4056 ἡνίκα
3324 3987 3431 4040 δέοι
3484 3987 3543 4037 τὸ
3579 3988 3758 4055 πρᾶον
3791 4000 3975 4048 κεκρα

2427 4083 2588 4150 μένον
2621 4085 2686 4151 τῇ
2719 4082 3041 4150 ὴμερότητι⁸
3073 4081 3150 4143 ὡς
3178 4079 3263 4132 ἐπ’
3295 4080 3441 4148 αὐτῷ
3467 4079 3796 4149 συνδραμεῖν
3823 4093 4000 4143 προσ-

2425 4174 2607 4244 φόρως
2640 4173 2787 4241 μάλα
2821 4171 2857 4225 ἃ
2890 4171 2970 4242 τῷ
3006 4172 3255 4242 Θεολόγῳ
3288 4170 3576 4241 Γρηγορίῳ
3619 4168 3966 4235 πεφιλοσόφη
3987 4196 3999 4204 ο

2423 4282 2534 4329 ται,
2562 4265 2620 4318 τὸ
2642 4263 2911 4334 αὐστηρὸν
2943 4264 3082 4318 αἰδοῖ
3121 4263 3462 4332 σύγκρατον,
3514 4262 3591 4323 ὠς
3653 4259 3778 4329 μηδ’
3806 4259 4000 4327 ἕτερον

2425 4359 2533 4409 ὑπὸ
2563 4356 2658 4408 τοῦ
2687 4356 2878 4426 ἑτέρου
2909 4355 3416 4422 καταϐλάπτεσθαι,
3462 4354 3579 4405 ἀλλ’
3599 4354 3896 4421 ἀμφότερα
3927 4350 4000 4401 δι’

2426 4447 2673 4514 ἀλλήλων
2719 4446 3051 4513 εὐδοκιμεῖν.

751 4540 878 4591 loco
903 4555 932 4591 a
958 4554 1043 4593 me
1067 4541 1307 4594 dicetur.
1339 4541 1532 4596 Varius
1556 4541 1720 4596 etiam
1745 4541 1870 4596 fuit.
1894 4541 2202 4611 Aliquando
2232 4556 2465 4608 namque
2491 4540 2660 4593 multa
2687 4539 2944 4592 utebatur
2969 4536 3345 4592 vehementia:
3374 4551 3766 4605 nonnunquam
3794 4534 3998 4590 iratum

752 4646 813 4684 se
851 4646 972 4686 esse
1005 4648 1114 4700 pra:
1145 4649 1203 4687 se
1243 4635 1473 4688 ferebat.
1525 4635 1582 4687 In
1617 4635 1811 4703 primis
1841 4646 2047 4698 autem,
2089 4650 2213 4688 eum
2267 4649 2404 4703 Opus
2440 4642 2605 4696 esset,
2633 4632 2867 4684 maxime
2900 4631 2953 4685 in
2984 4645 3051 4684 eo
3090 4631 3370 4684 eminebat
3402 4630 3602 4684 lenitas
3633 4639 3689 4682 et
3727 4644 3990 4682 mansue-

756 4723 912 4788 tudo,
945 4723 1080 4776 adeo
1117 4734 1174 4776 ut
1201 4741 1362 4792 quam
1390 4726 1835 4780 commodissime
1858 4726 1913 4779 in
1948 4741 2074 4781 eum
2100 4726 2304 4780 dictum
2343 4725 2474 4779 illud
2509 4723 2752 4792 prudens
2777 4721 3032 4792 Gregorii
3055 4721 3316 4791 'l‘heologi
3345 4721 3687 4782 conveniret.
3716 4723 3992 4775 severitas

752 4815 1066 4870 reverentia
1095 4827 1399 4885 temperata
1430 4819 1510 4873 sic
1528 4817 1633 4873 fuit
1656 4821 1756 4888 (θ),
1783 4830 1841 4874 ιιι
1872 4820 2042 4875 altera
2060 4821 2127 4875 ab
2157 4821 2327 4875 altera
2356 4833 2463 4873 non
2488 4819 2803 4880 laederetur,
2828 4816 2924 4871 sed
2955 4826 3187 4884 utraque
3215 4831 3309 4882 per
3330 4815 3560 4868 alteram
3589 4813 3994 4869 illustraretur.

1278 4933 1500 4990 CAPUT
1525 4936 1788 4991 XXXVII.
2351 4941 2363 4993 l

3010 4933 3259 4984 ΚΕΦΛΛ.
3295 4933 3412 4984 ΛΖ’.

757 5025 824 5078 (ft
858 5035 1015 5095 pacta
1049 5038 1302 5079 conventa
1341 5027 1476 5079 inter
1521 5028 1709 5082 Persas
1755 5040 1802 5082 et
1843 5029 2109 5083 Romanos
2147 5031 2319 5082 soluta

1475 5102 1602 5151 sint.

2476 5027 2567 5091 Ὠς
2600 5030 2658 5080 αἱ
2682 5027 2907 5093 μεταξὺ
2938 5025 3314 5147 Περὲὠῖμαί
3363 5023 3666 5092 Ῥωμαίων
3693 5023 3958 5077 σπονδαί

3085 5113 3150 5148 ιε.
3180 5112 3375 5149 υοντο.

829 5214 1023 5265 Verum
1080 5213 1360 5266 enimvero
1424 5215 1603 5282 primo
1666 5214 1912 5284 Gregorii
1973 5217 2321 5284 episc0patus

756 5320 899 5357 anno
927 5305 1305 5368 Persarmenii,
1330 5309 1420 5373 qui
1442 5307 1593 5374 prius
1617 5323 1820 5375 magna:
1843 5308 2113 5361 Armenia:
2137 5310 2324 5362 incolae

756 5398 1022 5448 nominati
1079 5396 1318 5457 fuerant,
1365 5407 1419 5451 et
1475 5399 1736 5451 Romanis
1781 5411 2092 5466 paruerant,
2132 5417 2160 5452 a
2194 5401 2322 5452 Plii-

757 5488 906 5554 lippo
970 5497 1171 5551 autem,
1203 5489 1294 5556 qui
1330 5499 1450 5557 post
1499 5490 1832 5544 Gordianum
1874 5492 2016 5558 apud
2053 5493 2324 5544 Romanos

758 5577 1321 5646 imperiumobtinuit,
1347 5578 1535 5644 Sapori
1568 5581 1849 5633 Persarum
1883 5581 1995 5648 regi
2029 5583 2096 5632 ita
2126 5581 2321 5648 proditi

755 5668 1006 5731 fuerant,
1065 5678 1124 5723 ut
1174 5669 1428 5724 Armenia
1459 5671 1679 5739 quidem
1730 5689 1849 5740 qua:
1885 5674 2064 5727 tuincr
2097 5673 2319 5738 dicitur,

832 5826 909 5891 (‘2)
946 5827 1137 5896 Exagr.
1176 5827 1272 5880 lib.
1318 5840 1366 5891 ν,
1397 5841 1511 5894 rap.
1552 5827 1600 5881 6.

2504 5212 2661 5272 Ἔτος
2702 5211 2758 5263 δὲ
2803 5210 3104 5278 Γρηγορίου
3151 5208 3341 5260 τούτου
3391 5208 3608 5277 πρῶτον
3652 5207 3880 5275 ἄγοντος
3930 5212 3998 5277 τῇ

2433 5305 2702 5374 ίεραρχίᾳ,
2747 5303 3169 5370 Περσαρμένιοι,
3215 5301 3264 5353 οἰ
3313 5302 3577 5370 πρότερον
3599 5301 3696 5368 τῆς
3742 5301 3999 5368 μεγάλης

2443 5400 2730 5467 Ἀρμενίας
2773 5397 3055 5465 οἰκήτορες
3103 5395 3469 5461 ὠνομάζοντο,
3520 5393 3616 5445 καὶ
3707 5391 4000 5459 Ῥωμαίοις

2433 5486 2571 5560 ἦσαν
2617 5497 2899 5556 κατήκοοι,
2934 5489 3065 5555 πρὸς
3101 5487 3370 5537 Φιλίππου
3417 5484 3473 5536 δὲ
3506 5483 3564 5544 ὃς
3602 5483 3738 5551 μετὰ
3771 5475 4005 5551 Γορδιαξ

2433 5583 2521 5632 νὸν
2559 5580 2845 5648 Ῥωμαίων
2875 5575 3028 5647 ἦρξε,
3067 5578 3302 5648 Σιπώρῃ
3335 5577 3410 5644 τῷ
3468 5578 3691 5645 Περσῶν
3731 5592 4002 5642 κατεπρο-

2433 5674 2666 5744 ὂόθησαν
2721 5673 2965 5742 βασιλεῖ·
3015 5672 3110 5724 καὶ
3158 5675 3188 5742 ὴ
3239 5672 3341 5741 μὲν
3384 5670 3675 5740 Ῥωμαίοις
3723 5665 4000 5737 ἐκρατήθη
