4244 6438
248 436 355 500 317

1145 431 1752 495 ECClESlASTIC/E
1788 430 2173 492 HlSTUliMi
2204 429 2346 493 LIB.
2393 433 2583 497 XVII.

3421 430 3525 496 318

251 550 432 623 μικρά
479 546 745 619 ’Δρμενία
790 546 1155 619 ὀνομασθεῖσα
1177 564 1191 580 ·
1218 549 1251 617 ή
1287 547 1341 600 δὲ
1373 546 1615 617 Πέρσαις
1658 545 1838 617 κεχεί-

1942 546 2203 603 Romanis
2238 548 2457 604 subdita
2486 556 2754 615 maneret,
2780 548 2953 621 major
2977 556 3163 603 autcm
3181 543 3527 602 Christiano-

253 660 397 713 ρωτο
425 642 498 695 τὰ
548 640 899 710 Χριστιανῶν
930 638 1007 704 ὡς
1060 640 1179 700 leo;
1233 637 1654 709 πρεσϐεύουσαο
1691 635 1838 690 οὖτοι

248 732 433 785 τοίνυν
465 730 522 785 οι
570 730 981 801 Περσαρμένιοι
1034 730 1221 793 κακῶς
1268 729 1406 801 πρὸς
1457 729 1689 797 Περσῶν
1738 727 1844 782 πά.

251 842 497 894 σίοντες,
528 826 625 877 καὶ
672 824 877 894 μᾶλλον
922 824 1270 894 παρανομεῖν
1315 823 1445 894 περὶ
1490 823 1589 892 τήν
1631 822 1841 876 οίκείαν

248 917 645 989 έκϐιαζόμενοι
676 917 917 988 νόμισιν,
954 918 1141 987 κρύφα
1185 916 1458 987 Ἰουστίνῳ
1488 914 1844 987 διεπρεσϐεύ-

247 1031 392 1075 οντο,
421 1009 579 1076 αὖθις
627 1012 896 1083 κατήκοοι
944 1009 1244 1080 Ῥωμαίοις
1272 1009 1529 1078 γενέσθαι
1562 1008 1839 1078 δεόμενοι,

246 1107 324 1170 ὡς
351 1105 421 1162 ἂν
448 1108 539 1160 έπ*
570 1106 758 1168 ἀδείας
784 1103 873 1175 εἴη
923 1103 1058 1174 δρᾷν
1114 1102 1462 1173 πραγμάτων
1497 1102 1625 1155 ἄνευ
1661 1102 1728 1153 τὰ
1763 1101 1844 1163 είς

246 1198 386 1250 θεὸν
414 1198 479 1249 ὲκ
506 1195 607 1266 τῆς
650 1195 954 1267 θρησκείας
982 1193 1319 1263 νομιζόμενα
1347 1193 1486 1261 γέρα
1511 1208 1523 1221 ·
1556 1209 1844 1264 προσηκα-

251 1292 421 1358 μένου
451 1288 498 1341 δ’
535 1286 829 1342 Ἰούστίνου
870 1285 972 1356 τὴν
1012 1286 1203 1354 δέησιν
1234 1284 1326 1337 έπι
1376 1301 1488 1337 τισι
1544 1283 1845 1353 συνθήκαις

248 1386 389 1451 πρῦς
434 1380 531 1434 τοῦ
586 1380 856 1451 βασιλέως
892 1379 1239 1452 ἐγγυηθεῖσι,
1270 1378 1366 1432 καὶ
1400 1379 1585 1447 ὅρκοις
1637 1376 1844 1440 ταύτας

250 1476 505 1547 σφοδρῶς
548 1477 997 1543 εμπεδὼσαντος,
1031 1476 1082 1527 ol.
1121 1475 1221 1542 μὲν
1256 1472 1665 1542 Περσαρμένιοι
1717 1472 1844 1533 τοὺς

249 1570 406 1637 σφῶν
457 1568 729 1639 ἄρχοντας
776 1568 1271 1638 διαχειρισάμενοι,
1300 1567 1360 1618 τὸ
1407 1566 1470 1633 δή
1518 1566 1840 1633 λεγόμενον,

247 1662 523 1716 πασσυδεὶ
561 1665 630 1733 τῇ
676 1661 973 1731 Ῥωμαίων
1007 1658 1432 1729 προσχωροῦσιν
1478 1658 1841 1728 ἐπικρατείᾳ·

246 1755 347 1807 καὶ
391 1756 521 1816 τοὺς
567 1752 893 1824 περικύκλῳ
935 1752 1219 1817 ὁμοεθνεῖς
1264 1769 1323 1804 τε
1370 1753 1463 1804 καὶ
1511 1750 1845 1819 ἀλλοφύλους

248 1847 703 1916 ὲταιρισάμενοι,
735 1846 1180 1917 Οὐαρδααμάνου
1236 1844 1573 1915 προύχοντος
1633 1844 1845 1907 τούτοις

245 1941 348 1993 καὶ
378 1903 1037 2009 άγοντοςνάνδρδςγένει
1068 1940 1162 1992 καὶ
1195 1903 1471 2007 ἀξιοιματι
1504 1903 1596 1991 καὶ
1624 1939 1689 2008 τῇ
1718 1903 1846 2006 περί
1878 1903 1919 1959 Β

246 2030 319 2082 τὰ
367 2027 611 2098 πολέμια
674 2029 983 2099 έμπειρικῇ
1034 2028 1340 2099 στρατηγίᾳ
1388 2026 1843 2097 ὐπερτεροῦντος.

244 2121 366 2175 Καὶ
394 2119 583 2173 τοίνυν
610 2118 701 2174 διὰ
745 2110 923 2175 ταῦτα
971 2121 1295 2185 έπεγκαλῶν
1326 2121 1539 2190 βασιλεῖ
1574 2119 1845 2190 Χοσρόης,

245 2213 623 2282 ἀπόπεμπτος
651 2208 742 2284 ἦν,
776 2211 1129 2282 πεπεράνθαι
1160 2212 1333 2279 λέγων
1357 2213 1427 2266 τὰ
1460 2213 1559 2283 τῆς
1583 2213 1807 2283 εἰρήνης
1826 2228 1843 2246 ο

246 2305 430 2367 ἄλλως
465 2321 527 2357 τε
574 2306 675 2358 καὶ
719 2304 796 2377 μὴ
842 2300 955 2368 οἷός
986 2322 1047 2357 τε
1080 2300 1221 2358 εἷναι
1252 2305 1608 2375 Χριστιανῶν
1636 2305 1848 2373 ἀνθρὼ-

245 2415 375 2452 πων
428 2397 738 2468 ύπερορᾷν,
791 2397 975 2468 καιρῷ
1026 2398 1400 2466 περανθείσὴς
1452 2398 1678 2467 εἰρήνης
1732 2399 1847 2461 τοῖς

244 2489 553 2560 ὁμοφύλοις
606 2489 977 2559 προσιόντων.
1013 2490 1125 2543 Καὶ
1152 2491 1180 2542 ό
1217 2489 1318 2558 μὶν
1366 2488 1621 2557 βασιλεὺς
1673 2488 1847 2543 ταῦτα

244 2584 351 2638 καὶ
396 2581 609 2637 τοιαῦθ’
648 2582 815 2653 ιτερα
861 2582 1224 2655 παραπλήσια
1266 2580 1641 2651 ἀπεκρίνατο’
1694 2581 1848 2649 ὅμως

243 2676 462 2746 καίπερ
494 2673 727 2728 τοιαῦτα
760 2674 957 2742 λέγων,
999 2674 1062 2727 οὐ
1096 2674 1233 2743 πρὸς
1276 2672 1463 2743 μάχην
1494 2674 1850 2743 παρεσκευά-

244 2771 379 2834 ζετο
406 2787 422 2802 ο
447 2772 517 2840 τῇ
556 2767 783 2838 συνήθει
814 2767 871 2821 δὲ
923 2767 1203 2838 σχολάζων
1250 2769 1426 2837 τρυφῇ
1482 2765 1847 2835 περιείλκετο,

241 2864 487 2934 δεύτερα
526 2864 708 2915 πάντα
739 2861 851 2914 τῶν
888 2858 1171 2930 σφετέρων
1197 2858 1478 2927 λογισμῶν
1509 2875 1570 2911 τε
1597 2861 1691 2911 καὶ
1722 2858 1849 2928 ήδο-

244 2955 361 3008 νῶν
396 2955 718 3023 τιθέμενος.
770 2952 981 3022 ’Δνδρα
1014 2950 1073 3004 δέ
1123 2967 1248 3003 τινα
1300 2947 1546 3018 συγγενῆ
1601 2947 1753 3017 αὐτῷ
1798 2949 1848 3001 οἰ

242 3047 607 3111 καθεστῶτα,
639 3045 965 3115 Μαρκιανὸν
988 3044 1183 3113 ὄνομα,
1218 3046 1526 3113 στρατηγὸν
1559 3041 1666 3095 τῶν
1694 3040 1849 3111 έῲων

242 3144 655 3216 χειροτονήσας
698 3139 1009 3209 ταγμάτων
1065 3136 1376 3206 έξέπεμπε,
1422 3135 1562 3205 μήτε
1615 3132 1850 3203 στρατὸν

1944 653 2063 693 rum
2100 654 2252 694 sacra
2279 641 2530 697 moribus
2563 646 2749 698 colens
2785 643 2970 698 Persis
2994 642 3067 696 sit
3100 639 3335 697 tradita:
3365 640 3530 694 Pers-

1944 731 2204 796 armenii,
2264 734 2523 804 inquam,
2582 734 2697 799 isti,
2762 733 2911 806 quod
2972 734 3214 804 graviter
3265 746 3295 787 a
3344 730 3531 785 Persis

1943 828 2340 897 afﬂigerentur,
2364 829 2623 900 legesque
2650 843 2782 884 suas
2835 826 3147 899 transgredi
3201 823 3529 894 vicompel-

1943 918 2207 985 lerentur,
2243 918 2380 974 clam
2434 920 2502 976 ad
2533 921 2813 977 Justinum
2846 928 3097 977 oratores
3129 920 3425 985 miserunt,
3466 927 3526 972 ut

1945 1010 2048 1065 sub
2074 1010 2343 1066 ditionem
2395 1010 2765 1067 Romanorum
2804 1014 3184 1082 reciperentur
3212 1022 3528 1081 precantes,

1945 1118 2057 1173 quo
2088 1104 2261 1161 libere
2288 1106 2496 1175 absque
2550 1107 2795 1161 molestia
2842 1120 3028 1161 sacros
3060 1106 3218 1167 ritus,
3259 1119 3357 1174 pro
3401 1102 3530 1157 reli-

1946 1197 2126 1265 gionis
2159 1198 2583 1263 consuetudine,
2632 1199 2741 1253 Deo
2787 1212 3047 1269 peragere
3077 1200 3321 1266 posSent.
3356 1194 3532 1250 Justi-

1946 1306 2054 1347 nus
2105 1306 2298 1359 preces
2323 1307 2516 1347 eorum
2550 1292 2947 1362 comprobavit.
2991 1290 3166 1361 pactis
3232 1290 3524 1344 conventis

1946 1382 2271 1452 quibusdam
2323 1383 2392 1436 ab
2424 1384 2542 1453 ipso
2595 1383 2958 1454 interpositis,
3023 1381 3183 1453 797
3222 1396 3342 1451 quin
3365 1379 3529 1434 etiam

1943 1475 2303 1546 jurejurando
2339 1476 2705 1530 conﬁrmavit.
2736 1476 2922 1546 Itaque
2961 1474 3327 1529 Persarmenii
3366 1472 3537 1541 magi—

1948 1568 2210 1625 stratibus
2231 1570 2346 1623 suis
2374 1568 2695 1631 interfectis,
2718 1570 2966 1635 omnino,
2986 1566 3129 1637 quod
3158 1567 3383 1629 dicitur,
3409 1564 3541 1617 uui—

1947 1665 2091 1719 versi
2128 1679 2249 1718 sese
2288 1663 2660 1716 Romanorum
2720 1663 2945 1731 imperio
2980 1660 3402 1721 commiserunt,
3477 1658 3533 1711 in

1948 1760 2264 1814 societatem
2290 1773 2441 1812 suam
2478 1757 2727 1811 ﬁnitimis
2780 1756 3025 1825 ejusdem
3064 1755 3244 1824 gentis
3284 1753 3533 1823 p0pulis,

1948 1862 2113 1921 atque
2141 1851 2327 1905 itidem
2364 1850 2557 1905 alienis
2588 1848 2899 1919 pertractis.
2954 1848 3110 1916 Apud
3146 1862 3286 1917 quos
3327 1845 3536 1899 Ardaa-

1952 1958 2139 1997 manes
2169 1943 2471 2013 principem
2505 1943 2683 1997 locum
2716 1942 2923 2008 habuit,
2962 1940 3047 1994 vir
3076 1954 3279 2009 genere
3345 1947 3401 1991 et
3453 1936 3536 1991 di-

1948 2038 2179 2109 gnitate,
2238 2052 2339 2090 nec
2395 2052 2502 2090 non
2554 2035 2773 2090 bellicis
2820 2044 2875 2090 et
2908 2032 3283 2104 imperatoriis
3310 2031 3529 2086 artibus

1949 2136 2235 2199 praestans.
2270 2126 2381 2180 Hac
2411 2139 2544 2180 vero
2576 2125 2643 2179 de
2674 2139 2840 2179 causa
2880 2139 3004 2178 cum
3037 2124 3315 2176 Chosroes
3354 2122 3530 2189 impc-

1949 2232 2189 2276 ratorem
2246 2219 2544 2285 incusaret,
2609 2219 2716 2273 talo
2776 2219 2842 2272 ab
2877 2232 2945 2272 eo
3003 2230 3327 2285 responsum
3368 2214 3533 2268 tulit:

1949 2315 2111 2369 ﬁnem
2150 2329 2309 2369 suum
2338 2313 2489 2383 pacis
2528 2322 2684 2382 pacta
2716 2321 2984 2368 conventa
3021 2310 3267 2364 habere:
3303 2310 3532 2377 insuper

1948 2420 2131 2463 autem
2194 2408 2311 2463 ﬁeri
2354 2406 2775 2477 haudquaquam
2836 2420 3018 2475 posse,
3063 2414 3123 2458 ut
3156 2402 3525 2466 Christianos,

1949 2499 2100 2566 pacis
2139 2497 2308 2551 liniue
2340 2506 2609 2566 tempore,
2632 2496 2698 2551 ad
2728 2496 3022 2565 populares
3039 2508 3169 2549 suos
3204 2493 3533 2561 confugien-

1950 2601 2032 2648 tes
2060 2592 2175 2662 ipse
2208 2606 2317 2645 non
2348 2590 2641 2661 reciperet.
2677 2588 2804 2644 Haec
2837 2589 3059 2659 quidem
3088 2588 3202 2651 ille,
3230 2596 3397 2657 atque
3442 2586 3534 2640 his

1948 2683 2151 2738 similia
2206 2682 2312 2736 alia
2367 2680 2696 2752 respondit:
2734 2690 2790 2736 et
2840 2680 3090 2751 quamvis
3123 2679 3249 2734 talia
3298 2678 3533 2743 diceret,

1951 2778 2175 2831 minime
2208 2785 2389 2831 tamen
2422 2791 2483 2832 se
2512 2774 2583 2830 ad
2613 2774 2815 2829 bellum
2855 2774 3138 2840 instruxit,
3174 2773 3269 2829 sed
3303 2774 3418 2827 otio
3446 2786 3534 2825 so-

1949 2866 2048 2923 lito
2082 2868 2323 2933 deditus,
2354 2867 2571 2924 deliciis
2622 2866 2879 2928 dimuxit,
2913 2876 3039 2936 post
3072 2866 3317 2921 rationes
3344 2875 3397 2920 et
3433 2878 3535 2919 vo-

1949 2960 2187 3030 luptates
2235 2975 2364 3014 suas
2396 2960 2581 3013 omnia
2614 2959 2839 3013 habens.
2873 2957 3063 3013 Virum
3116 2972 3300 3014 autem
3335 2972 3542 3027 quem-

1950 3052 2074 3108 dam
2102 3067 2307 3123 genere
2338 3051 2445 3106 sibi
2477 3053 2877 3122 pr0pinquum,
2929 3048 3234 3104 Marianum
3270 3049 3522 3109 nomine.

1950 3141 2311 3199 Orientalium
2335 3142 2619 3213 copiarum
2645 3143 2842 3197 ducem
2871 3140 3238 3212 designatum,
3271 3142 3538 3196 adversus

241 3244 551 3310 ἀνήκοντα,
604 3236 746 3306 μήτε
796 3232 1158 3301 παρασκευήν
1207 3228 1491 3296 ἀξιόλογον
1532 3226 1847 3298 έγχειρίσας

1950 3237 2147 3293 Persas
2180 3235 2347 3298 misit,
2376 3250 2554 3305 neque
2584 3234 2829 3290 exercitu
2855 3235 3026 3305 justo,
3063 3250 3241 3304 neque
3270 3244 3534 3304 apparatu

242 3332 403 3401 αὐτῷ
426 3348 441 3362 ο
486 3330 547 3393 ὃς
576 3330 637 3391 ές
666 3325 925 3397 προφανῆ
970 3324 1244 3387 κίνδυνον,
1281 3322 1375 3375 καὶ
1412 3321 1474 3374 τδ
1519 3320 1586 3391 δὴ
1619 3319 1851 3388 λεγόμε-

241 3446 360 3489 νον,
390 3424 488 3478 ἐπὶ
520 3420 885 3491 καταστροφῇ
910 3415 1009 3485 τῆς
1035 3416 1133 3478 ῑω,
1164 3413 1382 3483 πρῶτον
1409 3412 1505 3466 έπὶ
1533 3413 1634 3484 τήν
1656 3411 1849 3482 Μέσην

243 3518 507 3586 εγεγόνει
537 3512 651 3566 τῶν
686 3507 986 3579 Ποταμῶν,
1018 3506 1245 3578 βραχεῖς
1275 3504 1475 3575 κομιδῇ
1508 3502 1849 3574 στρατιώτας

241 3614 347 3668 καὶ
378 3609 615 3669 τούτους
654 3604 841 3658 ὅπλων
874 3601 1005 3656 ἄνευ
1052 3598 1543 3667 προσεπαγόμενος
1568 3612 1584 3628 ⁸
1621 3595 1757 3667 πρὸς
1790 3595 1849 3649 δὲ

244 3699 559 3759 σκαπανεῖς
594 3692 692 3747 καὶ
719 3692 919 3764 ραφεῖς
950 3706 1014 3744 τε
1052 3690 1151 3744 καὶ
1180 3687 1449 3759 βοηλάτας
1474 3685 1572 3750 οὓς
1604 3685 1727 3740 δθεν
1753 3685 1850 3753 δή-

242 3810 384 3848 ποτε
414 3788 748 3861 ⁴Ιιρανίσατο.
776 3787 892 3840 Καὶ
919 3786 985 3857 δή
1010 3784 1307 3855 συμϐαλὼν
1334 3783 1574 3853 Πέρσαις
1598 3783 1730 3852 περὶ⁸
1750 3779 1849 3851 τὴν

242 3886 500 3953 Νίσιϐιν,
527 3884 592 3937 τὸ
614 3882 780 3936 πλέον
808 3880 971 3950 δῆθεν
997 3878 1250 3949 έσχηκὼς
1300 3877 1468 3948 μήπω
1508 3890 1853 3945 παρεσκευα-

244 3983 477 4051 σμένων
536 3975 791 4047 Περσῶν,
834 3972 934 4043 τήν
1008 3971 1166 4025 πόλιν
1214 3967 1607 4040 περιεκάθητο.
1656 3967 1722 4021 Ol
1791 3965 1849 4021 δι

244 4075 473 4144 Πέρσαι
532 4070 596 4123 έν
652 4064 1117 4136 καταφρονήματι
1148 4062 1249 4131 τῆς
1297 4061 1460 4129 δῆθεν
1510 4058 1851 4129 περιφανοῦς

248 4166 608 4241 στρατηγίας
659 4161 771 4215 οὐδ’
802 4156 1135 4213 ἀποκλεῖσαι
1162 4156 1264 4218 τὰς
1298 4154 1480 4215 πύλας
1516 4153 1810 4221 ἠνέσχοντο
1832 4165 1847 4179 ο

244 4262 585 4333 αἰσχρότητι
611 4254 671 4309 δὲ
709 4252 858 4324 μάλα
890 4248 1229 4319 καθύϐριζον
1259 4246 1322 4301 τὸ
1359 4246 1656 4317 Ῥωμαίων
1689 4261 1851 4313 στρα-

243 4360 509 4429 τήγημα.
542 4346 911 4421 Τεράστιαιδὶ
957 4344 1188 4397 πλεῖστα
1215 4340 1285 4395 τὰ
1330 4340 1568 4409 ἐσόμενα
1613 4336 1850 4407 δυσχερῆ

256 4428 565 4522 Ῥωμαιοις
618 4440 932 4515 τηνικαῦτα
991 4433 1219 4491 τεθέατο
1269 4430 1702 4504 προμηνύοντα’
1753 4428 1851 4522 καὶ

246 4519 384 4615 βοῦς
414 4539 465 4595 δ’
513 4535 913 4609 άρτιγέννητος
959 4529 1119 4601 ὤφθη
1150 4530 1217 4598 τῇ
1251 4525 1531 4597 προσϐολῇ
1564 4522 1658 4575 τοῦ
1688 4519 1849 4573 πολέο

247 4653 379 4707 μου,
409 4626 457 4702 ᾧ
493 4630 591 4685 δύο
620 4625 860 4697 κεφαλαὶ
890 4623 985 4678 τοῦ
1020 4620 1300 4692 τραχήλου
1326 4616 1629 4690 ᾐώρηνται.

855 4854 1111 4909 ΚΕΦΑΛ.
1132 4850 1263 4906 AH'.

247 4976 794 5047 'Oawc_Xo¢7pdm-,
820 4972 937 5047 the:
973 4960 1761 5047 'Ey_dm§pa}u‘.i_r',nyipoﬁp¢d
1788 4980 1851 5017 τε

425 5034 584 5114 Ehe,
613 5034 729 5099 καί
748 5034 995 5109 πολλὴν
1021 5040 1198 5093 λείαν
1226 5034 1675 5106 περιεϐάλλετο.

332 5184 500 5239 Ἐπεὶ
534 5180 581 5234 δ’
608 5179 638 5231 ό
670 5176 925 5245 Χοσρόης
974 5171 1163 5234 καλῶς
1214 5170 1284 5223 τὰ
1315 5168 1455 5238 πρὸς
1488 5166 1581 5221 τὸν
1611 5167 1851 5235 πόλεμον

248 5278 625 5349 έπηρτίσατο,
656 5270 750 5323 τὸν
783 5266 1226 5336 Οὑαρδααμάνην
1264 5264 1429 5334 μέχρι
1480 5260 1623 5323 τινὸς
1672 5258 1852 5311 διελά-

250 5390 376 5439 σας,
414 5368 642 5428 καὶτὸν
681 5362 977 5434 Εὐφράτην
1008 5362 1112 5415 ἀνὰ
1153 5360 1253 5429 τὴν
1299 5355 1576 5425 σφετέραν
1608 5351 1855 5406 διαϐιϐά-

253 5483 351 5527 σας
410 5464 544 5531 γῆν,
596 5457 688 5510 διὰ
735 5455 831 5508 τοῦ
888 5452 1223 5520 καλουμένου
1284 5448 1593 5517 Κιρκησίου
1664 5446 1719 5507 ὲς
1756 5445 1853 5511 τὴν

264 5554 566 5625 Ῥωμαίων
620 5547 775 5619 ήφίει
828 5545 955 5614 γῆν.
990 5544 1146 5596 Ἐστι
1176 5541 1233 5594 δὲ
1263 5541 1326 5592 τὸ
1358 5538 1663 5608 Κιρκήσιον
1696 5534 1854 5586 τοῦτο

254 5648 543 5718 πολίχνιόν
583 5662 636 5697 τι
672 5643 797 5695 λίαν
831 5638 1277 5706 ἐπικαιρότατον,
1332 5632 1468 5703 πρὸς
1501 5631 1581 5701 τῷ
1617 5630 1854 5699 τέρματι

254 5748 352 5816 τῆς
386 5742 694 5815 Ῥωμαίων
738 5738 995 5807 κείμενον
1026 5736 1129 5804 γῆς
1155 5750 1170 5765 ο
1203 5731 1400 5803 ὀχυρὸν
1432 5730 1490 5781 δὲ
1523 5730 1591 5781 τὰ
1620 5724 1856 5797 μάλιστά

256 5844 399 5906 ton,
424 5837 592 5907 τείχη
620 5830 967 5905 στερρότατα
989 5823 1481 5896 περιϐεϐλημένον,
1511 5821 1607 5873 καὶ
1627 5823 1683 5881 ὲς
1719 5818 1853 5870 πολύ

258 5954 315 5987 τι
338 5931 476 6003 ὕψος
510 5928 813 6002 αίρόμενα.
850 5921 1016 5977 Ἀλλὰ
1048 5920 1154 5993 μήν
1188 5918 1284 5973 καὶ
1307 5919 1335 5972 ό
1366 5916 1606 5985 ποταμὸς
1641 5912 1857 5982 Εὐφρά-

1952 3329 2083 3384 belli
2128 3329 2237 3383 alio
2258 3329 2392 3383 satis
2423 3329 2779 3384 instructum.
2831 3326 2932 3381 Hic
2961 3342 3085 3381 cum
3116 3325 3405 3381 manifesto
3440 3340 3537 3394 pe-

1952 3423 2151 3489 riculo,
2180 3429 2236 3478 et
2271 3420 2417 3491 quod
2454 3420 2682 3483 dicitur,
2714 3434 2841 3475 cum
2872 3417 3049 3489 ipsius
3081 3417 3331 3473 Orientis
3370 3432 3529 3471 ever-

1952 3515 2129 3579 sione,
2171 3515 2225 3569 in
2279 3513 2730 3583 Mesopotamiam
2780 3512 3025 3582 primum
3081 3519 3169 3566 est
3221 3510 3531 3581 profectus,

1950 3622 2157 3679 paucos
2195 3606 2491 3662 admodum
2546 3604 2752 3660 milites
2812 3618 3020 3675 eosque
3066 3603 3312 3659 inermes
3344 3616 3533 3656 secum

1951 3701 2192 3755 ducens:
2224 3700 2291 3754 ad
2339 3714 2481 3770 quos
2504 3698 2849 3753 accedebant
2879 3695 3123 3752 fossores
3152 3704 3208 3750 et
3231 3702 3533 3759 sarctores,

1949 3800 2007 3848 et
2065 3792 2234 3847 boum
2266 3800 2485 3847 actores
2514 3791 2886 3861 undequaque
2922 3790 3123 3845 coacti.
3152 3787 3218 3842 Et
3239 3802 3364 3842 cum
3401 3786 3535 3841 Per-

1952 3886 2028 3941 sis
2052 3885 2195 3954 apud
2214 3884 2445 3941 Nisihim
2477 3882 2586 3938 levi
2620 3883 2927 3939 certamine
2979 3896 3340 3952 congressus,
3404 3894 3531 3933 cum

1952 3976 2178 4032 meliore
2202 3976 2324 4031 loco
2377 3990 2467 4030 res
2492 3977 2613 4047 ejus
2637 3984 2856 4039 essent,
2890 3975 3075 4029 Persis
3128 3972 3374 4027 nondum
3399 3972 3537 4026 satis

1954 4071 2177 4141 paratis,
2197 4070 2389 4125 urbem
2412 4084 2535 4125 eam
2568 4069 2822 4124 obsidere
2852 4084 3013 4138 quam
3050 4069 3237 4122 hostes
3267 4065 3531 4135 persequi

1954 4164 2168 4218 maluit.
2220 4161 2491 4233 Oppidani
2546 4177 2712 4232 porro
2771 4172 2996 4231 propter
3061 4169 3172 4214 tam
3258 4157 3534 4230 splendidi

1953 4256 2165 4312 scilicet
2201 4255 2331 4309 belli
2385 4264 2685 4324 apparatus
2734 4260 3112 4321 contemptum
3171 4261 3360 4321 portas
3426 4264 3542 4303 non

1952 4350 2290 4411 clauserunt,
2316 4350 2409 4403 sed
2435 4346 2734 4402 foedissima
2759 4347 2925 4401 etiam
2960 4344 3015 4398 in
3038 4344 3347 4399 Romanum
3373 4356 3537 4396 exer-

1952 4444 2121 4496 citum
2178 4441 2426 4495 convicia
2471 4441 2743 4511 jecerunt.
2799 4438 3043 4494 Plurima
3092 4451 3227 4491 vero
3258 4435 3535 4507 prodigia,

1952 4533 2325 4588 Romanorum
2358 4532 2572 4585 futuras
2596 4530 2781 4585 clades
2814 4527 3228 4599 portendentis,
3265 4537 3380 4581 tum
3411 4524 3528 4579 visa

1884 4616 1927 4671 Ι)
1956 4633 2117 4678 sunt:
2152 4636 2208 4677 et
2237 4623 2336 4677 bos
2368 4636 2561 4676 recens
2600 4622 2817 4692 genitus
2839 4620 2891 4673 in
2932 4619 3092 4673 initio
3125 4617 3255 4672 belli
3303 4628 3538 4686 conspe-

1959 4727 2081 4771 ctus
2103 4725 2207 4783 est,
2240 4730 2307 4770 ex
2332 4715 2486 4782 cujus
2513 4716 2731 4769 cervice
2775 4712 2887 4767 duo
2913 4720 3094 4781 capita
3123 4710 3462 4767 eminebant.

2381 4850 2549 4921 793
2567 4847 2795 4904 CAPUT
2822 4846 3114 4902 xxxvul.

1964 4969 2027 5025 Ut
2049 4966 2325 5027 Chosroes.
2348 4966 2650 5019 incursione
2676 4965 2730 5016 in
2763 4961 3038 5017 Orientale
3068 4961 3346 5028 imperium
3372 4957 3542 5027 facta,

2017 5050 2065 5092 et
2090 5036 2312 5093 castella
2336 5039 2554 5105 ceperit,
2586 5044 2632 5087 et
2661 5036 2899 5102 prredam
2924 5031 3147 5084 multam
3171 5031 3474 5085 abduxerit.

2030 5171 2388 5241 Posteaquam
2420 5176 2601 5222 autem
2631 5165 2907 5222 Chosroes
2934 5180 2992 5219 se
3018 5164 3085 5217 ad
3118 5163 3321 5217 bellum
3363 5162 3535 5231 probe

1961 5263 2243 5329 instruxit,
2294 5261 2697 5317 Ardaamanem
2774 5260 3123 5328 aliquatenus
3182 5255 3533 5325 productum,

1959 5356 2297 5424 Euphratem
2333 5354 2384 5407 in
2421 5367 2592 5423 regno
2624 5367 2726 5407 suo
2756 5351 3155 5412 transmittere,
3189 5357 3246 5402 ct
3284 5363 3382 5417 per
3412 5346 3549 5400 Cir--

1963 5449 2169 5503 cesium
2201 5446 2371 5517 (quod
2403 5446 2629 5513 dicitur)
2659 5444 2713 5497 in
2749 5444 3125 5497 Romanorum
3154 5439 3417 5493 ditionem
3442 5452 3538 5492 ex.

1962 5537 2381 5607 currerejussit.
2413 5536 2509 5590 Est
2542 5545 2724 5589 autem
2763 5532 3066 5588 Circesium
3093 5529 3355 5600 oppidum
3388 5544 3540 5583 com~

1963 5630 2342 5685 modissimum
2379 5638 2435 5682 et
2466 5625 2914 5683 munitissimum.
2949 5624 3015 5676 ad
3074 5623 3209 5675 ﬁnes
3264 5620 3547 5674 Romano-

1964 5739 2082 5778 rum
2119 5720 2331 5790 imperii
2364 5720 2551 5773 situm.
2584 5718 2741 5771 Μαι-ο
2764 5730 3001 5785 namque
3027 5713 3344 5767 ﬁrmissimo
3370 5721 3544 5779 atque

1967 5816 2233 5872 altissimo
2268 5812 2675 5867 circumdatum
2707 5818 2809 5864 est.
2850 5808 2990 5874 Quin
3035 5818 3091 5861 et
3117 5807 3422 5875 Euphrates
3484 5812 3547 5857 ct

1965 5910 2175 5965 Aboras
2202 5906 2351 5961 ﬂuvii
2374 5906 2423 5960 id
2446 5904 2913 5965 circumﬂuentes,
2939 5910 2996 5957 et
3024 5903 3074 5955 in
3097 5900 3289 5955 bisula:
3311 5891 3559 5951 formans
