4244 6438
700 418 807 482 319
1924 412 2348 476 NICEPHORI
2392 413 2744 474 CALLISTI
3843 411 3948 478 320

706 531 1040 601 redigcntes,
1067 528 1489 598 inexpugnabile
1510 526 1772 583 efﬁciunt.
1804 527 1922 594 ipse
1937 534 2120 578 autem
2148 538 2271 577 cum
2306 533 2346 586 Α
2376 540 2382 555 ι

2306 533 2346 586 Α
2376 539 2477 592 της
2531 523 2626 575 καὶ
2680 523 2909 593 ’Δϐὁρας
2946 521 3264 593 περικύκλῳ
3318 522 3558 594 ῥέοντες,
3613 523 3709 574 καὶ
3756 521 3948 592 ῶσπερ

704 624 881 692 copiis
908 625 1040 687 suis,
1071 621 1217 688 Tigri
1253 639 1412 674 amne
1443 621 1690 688 trajecta,
1731 618 1942 686 magnis
1979 615 2271 670 itineribus
2377 636 2380 649 ι

2270 653 2271 656 η
2377 616 2536 668 τοῦτο
2581 615 3006 684 ἀπονησοῦντες,
3037 616 3252 684 ἄμαχον
3292 614 3723 684 ἀπεργάζονται.
3773 616 3946 678 Αὖτὸς

711 715 966 768 celeriter
988 715 1053 766 ad
1082 714 1310 767 Nisibim
1341 714 1488 767 venit
1515 731 1527 765 :
1553 728 1695 780 quae,
1723 710 1882 764 sicuti
1930 710 2137 762 dictum
2164 714 2270 769 est,
2374 706 2387 759 ἆ

2374 706 2431 759 δὲ
2467 707 2562 758 σὺν
2595 708 2708 768 τοῖς
2743 705 2882 774 ἀμφ’
2922 706 3085 759 αὐτὸν
3118 706 3208 758 τὸν
3241 705 3487 776 Τίγρητα
3524 705 3718 768 διαϐάς
3780 723 3948 759 ποτα-

716 825 743 859 a
787 806 1064 860 Marciano
1116 806 1490 860 obsidebatur.
1566 803 1691 858 Haec
1756 803 1828 856 it-i
1868 818 1899 856 a
1958 801 2141 856 Persis
2189 799 2273 867 agi
2381 817 2392 866 ι

2381 799 2503 866 μὸν,
2527 799 2651 850 ὅσον
2678 799 2844 867 τάχος
2874 797 3114 851 ἐλαύνων
3158 799 3252 852 ἐπὶ
3278 799 3376 868 τὴν
3403 798 3624 852 Νίσιϐιν
3651 795 3808 868 ἦκεν,
3843 797 3951 850 ύπδ

713 899 944 952 Romani
975 897 1299 967 ignorabant
1326 917 1336 950 :
1378 913 1550 966 usque
1582 896 1743 959 adeo,
1774 903 1833 947 ut
1860 894 2110 948 Justinus
2138 891 2278 944 mul-
2378 892 2389 943 l

2275 920 2278 928 -
2378 889 2681 959 Μαρκιανῷ
2719 890 3208 959 πολιορκουμένην,
3258 891 3334 954 ῶς
3383 891 3620 960 εἴρηται.
3658 890 3951 944 Ἐλάνθανε

714 997 895 1039 torum
959 986 1304 1040 sermonibus
1355 987 1635 1054 deceptus,
1671 985 1764 1054 qui
1807 985 2106 1038 Ghosroem
2165 982 2277 1051 jam
2379 1001 2390 1014 -

2379 980 2552 1034 ταῦτα
2615 982 2929 1050 Ῥωμαίους
2993 983 3234 1051 Πέρσαις
3291 983 3790 1052 πραττόμενα,.ὡς
3856 985 3954 1037 καί

716 1089 992 1130 mortuum
1029 1094 1170 1142 esse,
1197 1088 1292 1132 aut
1320 1094 1425 1131 non
1457 1078 1617 1145 longe
1641 1093 1670 1131 a
1698 1085 1875 1130 morte
1901 1077 2094 1129 abesse
2130 1091 2275 1126 nun-

2393 1075 2703 1140 Ἰουστῖνον,
2735 1078 2804 1146 τῇ
2856 1075 2965 1128 τῶν
3015 1075 3228 1128 πολλῶν
3283 1074 3649 1144 ἀπατώμενον
3683 1075 3845 1145 φήμῃ
3877 1075 3952 1137 ῶς

719 1169 948 1230 Iiabant.
971 1170 1246 1223 Marciano
1277 1169 1430 1223 valde
1462 1178 1834 1230 succenseret,
1895 1168 2042 1236 quod
2077 1167 2282 1221 Nisibis
2381 1171 2395 1221 l

2277 1184 2282 1218 ι
2381 1169 2480 1239 ήδη
2545 1168 2698 1222 θάνοι
2760 1169 3050 1234 Χοσρόης,
3109 1168 3144 1239 ἢ
3197 1150 3370 1236 ἐγγὺς.
3419 1163 3564 1220 εἶναι
3617 1167 3953 1230 ἀποθανεῖν,

716 1263 1174 1330 expugnationem
1211 1262 1588 1330 protraheret:
1627 1262 1692 1315 ad
1721 1277 1883 1330 quem
1912 1260 2078 1315 etiam
2113 1275 2281 1328 quos-
2381 1266 2392 1315 ι

2381 1260 2672 1330 ἀσχάλλειν
2700 1261 2906 1330 σφόδρα
2938 1261 3082 1314 κατὰ
3105 1259 3449 1330 Μαρκιανοῦ,
3480 1256 3559 1321 οἷς
3589 1259 3849 1329 ἐϐράδυνε
3879 1258 3957 1328 μὴ

719 1356 841 1407 datu
903 1357 1071 1418 misit,
1127 1357 1219 1425 qui
1280 1358 1435 1411 ilium
1472 1357 1536 1410 ad
1591 1357 1771 1410 claves
1804 1367 2090 1424 portarum
2120 1368 2281 1422 quam
2383 1355 2395 1406 l

2280 1395 2281 1402 η
2383 1355 2825 1423 ἐκπολιορκήσας
2856 1355 2956 1424 τὴν
2985 1354 3206 1406 Νίσιϐιν
3232 1369 3246 1385 ⁸
3294 1353 3509 1422 πέμψαι
3537 1353 3594 1405 δέ
3625 1370 3776 1414 τινας
3809 1354 3956 1404 ἐκεῖ-

717 1449 1007 1502 celerrime
1038 1446 1344 1500 aﬂ'erendas
1374 1449 1694 1500 excitarent.
1728 1447 1795 1500 Ut
1825 1455 2008 1498 autem
2043 1460 2131 1497 res
2182 1445 2283 1497 mi—
2386 1463 2393 1486 ε

2386 1463 2474 1498 νον
2502 1445 2930 1512 διερεθίσοντας,
2973 1446 3116 1498 ῶστε
3167 1446 3264 1499 καὶ
3294 1445 3395 1507 τὰς
3446 1445 3559 1497 τῶν
3590 1443 3775 1496 πυλῶν
3811 1442 3961 1501 κλεῖς

722 1557 827 1594 nus
886 1557 951 1594 cx
1021 1541 1297 1594 sententia
1359 1541 1641 1599 successit,
1701 1547 1756 1591 et
1793 1538 2043 1589 Justinus
2085 1535 2199 1587 risu
2232 1549 2287 1588 et
2387 1554 2398 1587 t

2387 1536 2461 1597 ὡς
2487 1537 2720 1604 τάχιστα
2751 1537 3005 1603 ἀγαγεῖν.
3046 1536 3133 1598 Ὠς
3159 1536 3215 1588 δὲ
3243 1537 3306 1589 οὐ
3337 1536 3478 1588 κατὰ
3503 1534 3702 1587 σκοπὸν
3730 1534 3798 1585 τὰ
3822 1531 3964 1603 πρά-

721 1635 924 1701 probro
953 1648 1011 1687 se
1041 1632 1262 1701 dignum
1293 1631 1561 1691 exhibuit,
1594 1630 1683 1697 qui
1722 1629 1860 1696 apud
1887 1629 2048 1680 talem
2073 1636 2128 1680 et
2163 1635 2287 1680 tan-
2388 1641 2397 1654 '

2388 1641 2575 1692 γματα
2627 1624 2946 1693 προῦὅαινε,
2982 1624 3186 1694 πολλὴν
3219 1625 3275 1677 δέ
3327 1625 3422 1677 καὶ
3453 1623 3722 1690 αἰσχύνην
3757 1615 3963 1686 ὦφλεν,

732 1738 842 1777 tam
879 1726 1096 1788 urbem,
1153 1739 1274 1792 qua
1332 1723 1546 1776 cflicere
1575 1721 1849 1789 nequiret,
1881 1728 2192 1783 conaretur,
2220 1715 2287 1771 ad
2390 1717 2408 1771 t'

2390 1717 2580 1788 ῶσπερ
2634 1718 2893 1787 ἀμήχανα
2945 1717 3129 1785 ζητῶν
3175 1717 3271 1770 ἐπὶ
3323 1713 3551 1785 τοιαύτῃ
3587 1715 3680 1766 καὶ
3722 1712 3965 1783 τοσαύτῃ

723 1831 884 1883 quam
916 1815 1128 1868 scilicet
1163 1824 1270 1867 tam
1300 1813 1527 1881 exiguus
1551 1809 1831 1864 exercitus
1857 1809 2171 1862 assidebat:
2203 1821 2290 1859 res
2326 1877 2360 1883 Α
2396 1833 2399 1845 ι

2326 1877 2360 1883 _
2396 1813 2574 1874 πόλει,
2626 1812 2720 1862 καὶ
2768 1811 2945 1864 ταῦτα
3001 1809 3217 1880 στρατῷ
3270 1810 3501 1878 πάμπαν
3558 1805 3966 1876 ἑξουθενημένῳ

727 1923 790 1961 ea
826 1909 1059 1975 primum
1085 1907 1345 1976 Gregorio
1363 1877 1656 1971 T-iICOPOIlS
1677 1901 1904 1956 antistiti
1931 1901 1998 1953 ab
2030 1900 2291 1967 episcopo
2326 1877 2367 1932 Β
2400 1924 2403 1934 ι

2326 1877 2367 1932 Β
2400 1903 2870 1970 παρακαθημένῳ,
2921 1877 3246 1967 ἀγγέλλεται
3276 1898 3346 1951 τὰ
3394 1897 3744 1966 πραττόμενα
3776 1892 3968 1961 πρῶτα

730 1999 993 2053 Nisibeno
1031 2000 1338 2052 renuntiata
1373 2004 1479 2050 est.
1515 1996 1647 2049 Erat
1686 1995 1832 2046 enim
1859 1994 1907 2045 is
1934 1990 2221 2060 Gregorio,
2259 2005 2291 2043 a
2403 2016 2406 2058 ε

2403 1993 2499 2058 μέν
2533 1993 2818 2062 Γρηγορίῳ
2843 1991 2923 2061 τῷ
2952 1990 3306 2052 Θεουπόλεως
3344 1988 3498 2058 παρά
3538 1985 3632 2040 τοῦ
3662 1983 3967 2038 ἐπισκόπου

731 2107 842 2159 quo
915 2091 1204 2160 pecuniam
1249 2091 1525 2159 ingentem
1559 2092 1869 2153 acceperat,
1898 2084 2106 2137 amicus
2129 2097 2292 2150 quam
2400 2087 2407 2138 1

2400 2084 2745 2152 Νισιϐηνῶν·
2796 2079 2864 2152 ἦν
2911 2083 3025 2153 γάρ
3071 2083 3123 2134 οι
3157 2082 3314 2151 φίλος
3369 2081 3627 2150 μάλιστα,
3680 2075 3973 2146 Γρηγορίῳ

731 2186 987 2238 maxime.
1023 2183 1090 2235 Ει
1116 2184 1278 2237 dabat
1313 2192 1575 2249 prmtcrea
1629 2192 1878 2247 operam,
1935 2185 1993 2228 ut
2033 2175 2167 2228 urbs
2226 2188 2287 2226 ea
2405 2231 2407 2241 Α

2405 2177 2664 2245 μεγάλοις
2710 2178 2960 2245 χρήμασι
2997 2174 3272 2238 δεξιωθείς
3299 2188 3311 2200 ·
3342 2172 3520 2233 ἄλλως
3566 2188 3622 2222 τε
3671 2170 3766 2222 καὶ
3807 2168 3973 2220 πάλιν

732 2286 955 2345 prOptcr
992 2291 1285 2337 aerumnas,
1351 2287 1545 2342 quasa
1613 2271 1795 2327 Persis
1850 2268 2181 2339 patiebatur,
2240 2265 2294 2318 in
2404 2288 2408 2309 π

2404 2269 2510 2320 ὑπὸ
2556 2269 2848 2337 Ῥωμαίοις
2882 2266 3137 2334 γενέσθαι
3170 2264 3495 2324 σπεύδοντος
3522 2263 3620 2331 τὴν
3641 2263 3852 2314 οἰκείαν
3880 2261 3975 2311 πός

733 2378 1053 2438 potestatcm
1091 2368 1464 2421 Romanorum
1488 2367 1712 2421 rediret.
1735 2365 1923 2433 Itaque
1959 2363 2004 2416 is
2035 2361 2299 2432 Gregorio
2406 2361 2409 2413 ἶ

2406 2361 2489 2415 λιν
2513 2377 2526 2390 ·
2557 2356 2637 2423 οἷς
2667 2361 2855 2422 κακῶς
2883 2360 3018 2429 πρὸς
3044 2358 3270 2427 Περσῶν
3289 2357 3518 2423 ἔπασχε,
3544 2357 3644 2426 τὴν
3665 2354 3776 2406 τῶν
3804 2369 3978 2422 πρατ-

737 2479 859 2529 quze
901 2463 952 2515 in
989 2461 1210 2516 Perside
1262 2469 1606 2528 gererentur,
1662 2472 1761 2510 suo
1794 2470 2024 2524 quaeque
2058 2465 2300 2521 tempore
2408 2476 2413 2490 ι

2408 2453 2653 2524 τομένων
2683 2455 2747 2519 τῇ
2781 2452 3050 2521 ὑπερορίᾳ
3081 2451 3315 2519 δήλωσιν
3359 2448 3436 2516 τῷ
3464 2446 3753 2516 Γρηγορίῳ
3786 2445 3979 2514 παρεί-

741 2553 1091 2618 insinuando,
1154 2552 1509 2620 significabat.
1603 2549 1672 2602 Ea
1718 2563 1881 2617 porro
1909 2549 1974 2599 ad
2029 2545 2302 2601 Justinum
2411 2567 2417 2617 ς

2411 2564 2556 2617 χετο,
2580 2545 2857 2613 ἐγκαὶρως
2882 2551 3155 2611 παριστὰς
3197 2543 3408 2594 ἕκαστα
3434 2553 3449 2569 ⁶
3476 2538 3511 2593 ἀ
3537 2539 3600 2608 δὴ
3631 2539 3810 2591 πάντα
3847 2538 3986 2589 Ἰου-

741 2651 1037 2719 Gregorius
1097 2648 1409 2719 scribebat,
1464 2646 1531 2700 de
1585 2645 1764 2699 subita
1828 2645 1990 2697 etiam
2047 2643 2307 2697 Ghosroze
2416 2675 2417 2682 η

2416 2637 2580 2705 στίνῳ
2603 2637 2814 2705 ἐδήλου,
2838 2637 3060 2704 μηνύων
3084 2634 3178 2687 καὶ
3209 2635 3305 2702 τὴν
3334 2632 3565 2696 ἐξάπινα
3591 2629 3836 2698 Χοσρόου
3861 2628 3987 2695 ἐφο-

744 2743 1096 2812 expeditione
1164 2743 1456 2795 certiorem
1513 2754 1638 2793 eum
1695 2737 1919 2791 faciens.
1982 2734 2159 2804 Atque
2218 2734 2307 2788 ille
2413 2731 2420 2776 ί

2413 2728 2526 2782 δον.
2561 2727 2622 2779 'U
2652 2727 2708 2778 δέ
2738 2729 2804 2796 τῇ
2831 2726 2889 2790 ἐξ
2915 2726 3073 2786 ἔθους
3099 2727 3276 2793 τρυφῇ
3308 2725 3399 2774 καὶ
3444 2722 3748 2791 ἡδυπαθείᾳ
3784 2719 3987 2788 σχολάο

750 2810 900 2890 more
954 2851 1054 2889 suo
1074 2833 1287 2888 deliciis
1322 2832 1618 2887 etluxurize
1648 2829 1891 2891 deditus,
1913 2827 2074 2882 ﬁdem
2107 2826 2310 2880 habere
2417 2820 2426 2870 ἐ

2417 2820 2545 2883 ζων,
2578 2819 2782 2888 ἥκιστα
2811 2817 3091 2870 πιστεύειν
3128 2817 3313 2886 ᾑρεῖτο
3335 2817 3445 2876 τοῖς
3475 2813 3886 2882 γεγραμμένοις
3909 2810 3989 2878 τῷ

743 2927 987 2997 cpiscOpi
1026 2927 1249 2995 scriptis
1279 2922 1616 2993 supersedit,
1647 2937 1711 2975 ea
1744 2937 1868 2991 quae
1907 2919 2169 2985 cupiebat
2200 2917 2312 2987 geri

2423 2915 2581 2981 ῖερεῖ,
2633 2913 2811 2964 ἐκεῖνο
2862 2910 3295 2978 οῖόμενο;,ὅπερ
3352 2906 3638 2975 ἠϐούλετο.
3696 2906 3823 2966 Ὶόῖς
3880 2905 3991 2972 γάρ

745 3021 910 3073 etiam
935 3031 1103 3072 ratus.
1127 3020 1182 3072 In
1207 3018 1520 3071 hominibus
1542 3030 1776 3083 namque
1801 3013 2038 3067 molliter
2059 3020 2114 3066 et
2136 3009 2314 3068 disso-

2426 3004 2638 3072 σφὸδρα
2687 3002 3167 3073 ἐκδεδιῃτημένοις
3215 3001 3322 3053 τῶν
3361 3001 3667 3068 ἀνθρώπων
3722 2997 3861 3066 πρὸς
3914 2996 3995 3063 τῷ

752 3114 863 3166 late
898 3112 1226 3170 viventibus,
1249 3109 1315 3163 ad
1348 3108 1617 3178 ignaviam
1652 3115 1709 3160 et
1737 3105 2049 3159 socordiam
2079 3103 2317 3173 gloriosa
2425 3125 2428 3145 ι

2425 3098 2640 3165 ἀγεννεῖ
2679 3095 2865 3148 καὶτὸ
2896 3095 3094 3162 θράσος
3133 3093 3278 3161 φιλεῖ
3326 3091 3584 3144 ἕπεσθαι·
3619 3091 3712 3143 καὶ
3757 3090 3858 3150 τὰς
3888 3087 3998 3140 τῶν

756 3205 983 3258 audacia
1044 3203 1303 3257 accedere
1350 3202 1508 3257 solet.
1570 3200 1756 3266 Neque
1789 3198 1866 3251 illi
1892 3202 2101 3252 eventis
2135 3210 2318 3248 rerum
2351 3228 2395 3288 ε
2428 3211 2432 3225 ε

2351 3228 2395 3288 c
2428 3190 2770 3259 πραγμάτων
2802 3186 3060 3246 ἐκϐάσεις
3117 3183 3350 3253 πάμπαν
3379 3183 3710 3246 διαπιστεῖν,
3733 3181 3787 3232 ei
3814 3197 3878 3246 γε
3907 3179 4002 3229 τύ-

759 3297 920 3350 tidein
952 3296 1178 3360 habent,
1213 3295 1256 3347 si
1295 3294 1482 3353 alium,
1512 3306 1673 3360 quam
1711 3289 1811 3356 ipsi
1848 3287 2063 3350 volunt,
2111 3283 2320 3339 exitum
2353 3273 2395 3288 ”
2428 3302 2435 3353 ς

2353 3273 2395 3288 ν
2428 3299 2574 3353 χοιεν
2608 3280 2894 3334 κατέναντι
2918 3279 3030 3330 τῶν
3064 3277 3338 3346 θελήσεων
3368 3274 3658 3344 φέρεσθαι.
3695 3273 3807 3326 Καὶ
3849 3273 4003 3324 άντι-

760 3400 1190 3457 ς.οιιει·‹ιιιοηιυι·.
1232 3386 1396 3456 799
1450 3359 1699 3440 Justinus
1737 3399 1866 3453 ergo
1916 3380 2184 3451 Gregorio
2239 3394 2324 3433 re-
2427 3394 2436 3407 ·

2427 3376 2653 3444 γράφων
2700 3371 2994 3444 Γρηγορίῳ
3025 3369 3103 3431 ὡς
3135 3369 3240 3420 οὐκ
3274 3367 3449 3434 ἀληθῆ
3485 3365 3838 3417 παντάπασιν
3889 3359 4005 3411 εἷεν

765 3481 1032 3540 scribens,
1068 3495 1129 3533 ea
1171 3495 1292 3548 qua:
1336 3479 1379 3531 is
1426 3478 1812 3536 renuntiasset,
1873 3483 2131 3541 tanquam
2193 3469 2325 3524 falsa
2429 3485 2441 3513 ε

2429 3468 2496 3519 τά
2528 3465 2821 3533 είρημένα,
2853 3461 3160 3514 ἀπεωθεῖτο
3182 3475 3198 3490 ο
3233 3460 3282 3510 εί
3309 3458 3366 3510 δέ
3397 3473 3460 3522 γε
3509 3454 3604 3506 καὶ
3649 3453 3847 3521 ἀληθῆ,
3883 3451 4003 3505 ἀλλ’

761 3573 988 3625 omnino
1044 3580 1251 3634 essent,
1308 3569 1612 3635 rejiciebat.
1679 3566 1857 3634 Atque
1909 3576 1968 3618 ut
2007 3567 2174 3617 etiam
2202 3577 2329 3616 vera
2429 3579 2437 3612 ι

2429 3560 2489 3613 οὑ
2535 3558 2728 3626 φθαῖεν
2787 3557 2993 3625 Πέρσαι
3045 3555 3148 3620 τὴν
3201 3549 3554 3619 πολιορκίαν·
3605 3546 3657 3597 εί
3693 3545 3749 3597 δέ
3805 3560 3865 3610 γε
3905 3547 4007 3596 καὶ

766 3676 975 3725 essent,
1033 3662 1226 3717 Persas
1296 3672 1476 3715 tamen
1527 3661 1677 3713 urbis
1715 3657 2181 3727 expugnationem
2219 3669 2328 3707 non
2433 3668 2442 3699 ε

2433 3649 2639 3716 φθαῖεν,
2678 3645 2814 3698 άλλά
2849 3646 3035 3706 κακῶς
3083 3642 3179 3694 καὶ
3209 3637 3449 3709 αίσχρῶς
3495 3636 3707 3690 ἐκεῖθεν
3757 3632 4005 3686 ἀπαλλα-

769 3765 1142 3825 pra:venturos
1196 3769 1338 3808 esse.
1364 3752 1506 3817 Quin
1547 3750 1764 3804 etiamsi
1804 3749 2197 3816 praevenirent,
2239 3759 2334 3798 eos
2438 3759 2445 3770 ε

2332 3778 2334 3791 ι
2438 3746 2611 3808 γείεν.
2674 3740 2785 3793 Καὶ
2820 3737 2886 3808 δή
2933 3753 3057 3788 τινα
3117 3732 3476 3801 ἐκλεξάμενος
3516 3730 3770 3783 ’Δκάκιον
3812 3728 4008 3795 ὄνομα,

772 3820 961 3919 lumen
1020 3847 1145 3900 inde
1203 3845 1346 3899 fmde
1398 3853 1563 3913 atque
1630 3842 1863 3910 turpiter
1922 3839 2202 3909 repulsum
2265 3838 2333 3891 iri
2438 3836 2448 3886 ὶ

2438 3833 2607 3904 ἄνδρα
2637 3832 2903 3902 ύϐριστὴν
2954 3829 3053 3881 καὶ
3102 3828 3363 3894 ἄντικρυς,
3413 3821 3700 3891 σύγχυσιν,
3727 3820 3823 3892 καὶ
3857 3820 4013 3886 napi

771 3917 1008 3993 dicebat.
1057 3937 1121 3990 Et
1189 3937 1445 3992 Acacium
1476 3911 1770 4004 quemdam
1805 3933 2102 3996 delectum,
2156 3931 2334 3984 virum
2441 3928 2447 3979 1

2441 3925 2755 3996 Μαρκιανὸν
2805 3921 3052 3990 πέμψας,
3085 3916 3435 3971 ἐνεκελεύετο
3487 3914 3563 3977 ὠς
3594 3913 3692 3967 καὶ
3724 3911 3884 3979 εῐπερ
3921 3911 4015 3961 καὶ

777 4043 1114 4100 protervum,
1133 4029 1509 4083 confusionem
1531 4028 1690 4096 plane
1711 4025 1882 4088 dicas,
1911 4024 1979 4078 ad
2003 4022 2337 4076 Marcianum
2439 4038 2453 4072 ιι

2439 4020 2500 4073 τὸ
2528 4019 2662 4073 ἀστυ
2716 4013 2853 4080 εἷλε,
2882 4015 2979 4068 καὶ
3012 4013 3244 4081 θάτερον
3272 4011 3389 4062 τοῖν
3421 4007 3611 4059 ποδοῖν
3659 4004 3858 4073 ἐκείνῳ
3895 4004 4015 4056 ἐνέ-

776 4120 947 4180 uiisit,
980 4134 1104 4173 cum
1133 4118 1401 4187 ejusmodi
1437 4118 1718 4178 mandato,
1749 4124 1810 4169 ut
1848 4115 2063 4168 etiamsi
2109 4111 2338 4168 Marcia-
2442 4118 2452 4162 l

2442 4112 2660 4174 ϐαλλεν,
2695 4108 2893 4160 αὐτίκα
2925 4122 2988 4157 τε
3019 4103 3119 4173 τῆς
3141 4102 3318 4172 ἀρχῆς
3351 4099 3516 4152 αὑτὸν
3547 4095 3890 4167 παραλῦσαι,
3921 4093 4022 4146 καὶ

778 4229 882 4268 nus
932 4213 1120 4266 urbem
1165 4184 1432 4280 cepisset,
1461 4221 1516 4265 et
1542 4209 1737 4279 pedem
1773 4208 2003 4261 alterum
2040 4206 2093 4260 in
2123 4221 2186 4259 ea
2228 4219 2335 4274 ρο·
2443 4217 2454 4247 η

2443 4201 2647 4268 ταύτην
2673 4196 2824 4265 αύτῷ
2876 4193 3208 4265 περιθεῖναι.
3245 4192 3311 4242 ὐ
3353 4188 3419 4260 δὴ
3455 4187 3552 4241 καὶ
3579 4188 3887 4257 πέπραχεν,
3917 4184 4021 4235 οὐκ

778 4309 1002 4368 suisset,
1033 4305 1349 4375 dignitatem
1382 4302 1569 4357 statim
1614 4302 1937 4370 deponeret,
1970 4315 2200 4368 eamque
2227 4300 2344 4366 ipse
2446 4295 2454 4344 ί

2446 4292 2539 4344 ἐπὶ⁵
2570 4293 2629 4344 τὸ
2659 4289 2904 4343 συνοῖσον
2953 4287 3021 4339 τά
3064 4285 3144 4353 τῷ
3181 4281 3394 4353 βασιλεῖ
3430 4278 3833 4348 κεκελευσμένα
3866 4276 4021 4328 τελέ·

785 4398 1013 4452 Aeacius
1076 4405 1332 4451 sumeret.
1361 4404 1368 4410 '
1397 4394 1553 4460 Quod
1590 4408 1722 4447 sane
1749 4393 1792 4446 is
1822 4391 1972 4454 fecit,
2001 4389 2347 4459 imperatoris
2449 4403 2461 4436 ‹

2345 4426 2347 4436 ,
2449 4401 2568 4447 σας.
2607 4384 2760 4435 Ἐπεὶ
2805 4381 2918 4450 γάρ
2949 4374 3075 4450 ἧκε,
3129 4374 3454 4446 Μαρκιανδν
3506 4372 3670 4433 εὐθὺς
3725 4368 4021 4438 ὑπερόριον

782 4490 924 4558 iussu
958 4503 1064 4542 non
1094 4505 1157 4541 ex
1190 4488 1336 4541 illius
1371 4485 1661 4540 commodo
1693 4491 2008 4537 exsecutus.
2052 4481 2344 4544 Postquam
2453 4496 2458 4525 ι

2453 4476 2709 4537 ἐποιεῖτο,
2737 4474 2808 4540 μή
2853 4488 2908 4523 τι
2936 4469 3015 4538 τῷ
3063 4467 3281 4538 στρατῴ
3326 4463 3666 4529 διαγγείλας.
3697 4459 3761 4512 Οί
3814 4457 3872 4510 δὲ
3926 4457 4027 4509 τοῦ

784 4583 930 4635 enim
987 4597 1054 4636 eo
1093 4581 1265 4644 venit,
1318 4578 1645 4633 Marcianum
1681 4576 1826 4629 illico
1862 4574 1917 4628 in
1951 4575 2133 4628 hostili
2195 4584 2337 4629 terra
2377 4563 2460 4621 D<

2377 4563 2425 4621 D
2451 4563 2681 4634 στρατοῦ
2704 4562 2772 4615 τὰ
2794 4560 2989 4630 πρῶτα
3010 4559 3328 4628 φερόμενοι,
3350 4555 3472 4605 ἐπεὶ
3497 4551 3720 4621 μάθοιεν
3743 4549 3834 4600 τὸν
3860 4563 4031 4615 στρα-

785 4674 1052 4741 dignitate
1082 4672 1338 4742 privavit,
1371 4685 1428 4724 re
1462 4685 1524 4723 ea
1559 4667 1827 4722 militibus
1862 4680 1971 4719 non
2004 4666 2344 4719 renuntiata.
2450 4675 2461 4692 '

2450 4657 2621 4726 τηγὺν
2647 4654 2748 4722 τῆς
2779 4654 2957 4722 ἀρχῆς
2990 4649 3368 4717 πεπαυμένον,
3399 4645 3588 4712 πρόσω
3620 4642 3720 4710 μὲν
3758 4642 3898 4691 ἱέναι
3936 4638 4033 4690 ού-

788 4732 1043 4819 Sedenim
1083 4732 1178 4834 qui
1233 4763 1291 4816 in
1325 4732 1587 4816 exercitu
1637 4760 1860 4814 ordines
1899 4758 2198 4820 ducebant,
2257 4757 2349 4810 ubi
2452 4749 2464 4800 ε

2452 4747 2640 4816 δαμῶς
2671 4744 2902 4815 ήθελονσ
2952 4741 3243 4806 κατολίγον
3289 4736 3348 4789 δέ
3403 4732 3674 4804 σποράδες
3726 4732 4033 4797 φεύγοντες

726 4875 729 4878 ’
790 4859 986 4910 ducem
1060 4855 1436 4924 magistratum
1495 4850 1814 4921 deposuisse
1843 4857 2239 4919 cognoverunt,
2268 4849 2351 4901 ul-

2454 4838 2795 4909 ἀνεχώρουν,
2820 4837 2924 4904 τὴν
2949 4832 3356 4900 καταγέλαστον
3388 4825 3710 4893 πολιορκίαν
3743 4822 4034 4882 λύσαντες.

794 4949 971 5002 terius
1006 4961 1354 5016 perseverare
1389 4945 1441 4997 in
1471 4942 1668 4998 castris
1723 4956 2062 5011 nequaquam
2102 4941 2353 4994 voluere:
2458 4933 2470 4979 f

2458 4928 2901 4996 Οὑαδααρμάνης
2920 4925 2977 4978 δέ
3003 4926 3143 4993 άρην
3167 4923 3397 4976 πνέοντα.
3421 4920 3651 4990 στρατὸν
3671 4915 4037 4983 ἐπαγόμενος,

796 5041 890 5095 sed
927 5037 1413 5111 paulatimhingct
1445 5036 1570 5089 inde
1598 5034 1849 5103 palantes
1880 5032 2172 5098 diffugere,
2209 5033 2346 5085 ridi-
2461 5037 2472 5070 ι

2461 5020 2524 5072 οὺ
2562 5019 2789 5087 Περσῶν
2820 5017 3008 5085 μόνον,
3042 5015 3180 5067 άλλά
3212 5013 3308 5065 καὶ
3348 5010 3642 5080 βαρϐάρων
3678 5007 3728 5060 οἳ
3760 5006 4039 5073 Σκηνῆται

799 5132 920 5183 cula
950 5130 1039 5183 illa
1067 5127 1354 5182 obsidione
1388 5127 1584 5180 soluta.
1644 5124 1713 5176 At
1742 5122 2148 5177 Vadaarmanes
2182 5123 2363 5191 copias
2465 5130 2475 5164 1

2465 5113 2780 5175 καλοῦνται,
2807 5111 2869 5162 τὸ
2904 5110 3210 5177 Κιρκήσιον
3262 5103 3623 5173 παραμείϐων
3651 5100 3727 5163 ῶς
3761 5098 4039 5156 πλεῖστον.

802 5239 988 5276 εει-ιιηι
1025 5231 1248 5274 martem
1273 5219 1568 5287 spirantes,
1597 5232 1705 5270 non
1734 5217 1910 5270 solum
1939 5231 2002 5268 cx
2035 5215 2239 5278 Persis,
2264 5213 2363 5267 sed
2467 5223 2478 5252 π

2467 5207 2579 5266 τοῖς
2615 5201 2909 5272 Ῥωμαίων
2943 5200 3308 5268 διελυμήνατο
3340 5196 3654 5265 πράγμασι.
3691 5191 3802 5245 Καὶ
3831 5188 3895 5241 τὸ
3942 5191 4044 5255 μὲν

806 5320 968 5369 etiam
1002 5313 1246 5369 barbaris
1276 5313 1368 5380 qui
1403 5311 1636 5365 Scenitas
1670 5309 1949 5370 dicuntur,
1981 5307 2219 5360 delectas
2266 5305 2368 5356 du-
2470 5316 2482 5351 π

2470 5297 2662 5360 καίων,
2687 5295 2749 5347 τὸ
2779 5295 2836 5347 δέ
2871 5295 2967 5346 καὶ
2996 5297 3236 5354 κτιννυς,
3278 5291 3374 5343 καὶ
3427 5287 3594 5358 μηδὲν
3648 5278 3901 5353 μέτριον”
3926 5281 4046 5332 δια-

806 5423 956 5471 cens,
990 5403 1232 5459 Circesio
1268 5402 1561 5469 przeterito,
1595 5415 1756 5467 quam
1779 5398 2072 5466 plurimum
2103 5397 2372 5448 Romano-
2474 5409 2482 5426 ε

2474 5389 2763 5457 νοούμενος
2797 5388 2829 5455 ἢ
2869 5385 3129 5455 πράττων
3166 5383 3309 5434 κατά
3366 5379 3572 5446 πολλὴν
3602 5379 3704 5448 ήδη
3739 5373 3832 5426 τοῦ
3869 5371 4048 5425 κωλύ-

812 5516 929 5554 rum
983 5499 1146 5552 rebus
1199 5497 1378 5548 intulit
1408 5493 1743 5547 detrimenti.
1803 5491 1969 5544 Ferro
2021 5502 2255 5556 namque
2307 5498 2365 5539 et
2476 5499 2488 5533 t

2476 5498 2660 5542 σοντος
2694 5480 2957 5550 ἐρημίαν,
2989 5478 3090 5529 οὐκ
3121 5475 3380 5544 ἐλάχιστα
3411 5469 3650 5540 φρούρια
3679 5461 3790 5518 εἷλε
3816 5481 3830 5495 ο
3868 5465 3963 5516 καὶ
3992 5461 4049 5513 τὸ

815 5596 938 5662 igne
1017 5591 1273 5658 pleraque
1319 5589 1435 5640 loca
1504 5595 1738 5645 vastans,
1792 5598 1971 5651 neque
2027 5581 2369 5633 moderatum
2481 5592 2491 5644 ι

2481 5576 2581 5644 μὲν
2610 5575 2692 5626 ὅτι
2724 5571 2900 5632 οὐδεὶς
2945 5565 3118 5639 ἦρχεν
3139 5583 3156 5601 ο
3189 5567 3385 5620 ἔπειτα
3415 5563 3512 5616 καὶ
3558 5561 3667 5614 τῶν
3722 5557 4052 5627 ὀφειλόντων

816 5683 1136 5751 quidquam,
1200 5688 1421 5747 propter
1471 5674 1818 5729 defensorum
1887 5671 2259 5732 solitudinem,
2294 5670 2376 5721 vel
2486 5683 2492 5734 ι

2375 5716 2376 5720 η
2486 5664 2759 5734 μάχεσθαι
2792 5660 2936 5714 κατά
2964 5661 3026 5711 τὸ
3071 5659 3252 5728 Δάρας
3299 5656 3565 5726 φρούριον
3609 5649 4051 5716 ἀποκεκλεισμὲ-

822 5774 1067 5841 cogitans
1100 5772 1182 5824 vel
1215 5770 1444 5829 faciens.
1496 5783 1605 5820 non
1648 5781 1815 5835 pauca
1857 5763 2078 5818 castella
2109 5763 2272 5829 cepit.
2316 5761 2381 5814 Et
2483 5777 2498 5808 κ

2374 5778 2381 5814 ι
2483 5774 2607 5821 νων,
2643 5755 2727 5807 ἐπ’
2754 5755 2937 5816 ἁδείας
2969 5753 3146 5805 ποιεῖν
3172 5751 3200 5803 δ
3246 5750 3495 5819 βούλεται
3525 5745 3839 5816 προῦκειτο.
3877 5743 4050 5794 Ἐκεῖ-

833 5865 976 5940 quod
1009 5863 1079 5918 ibi
1107 5876 1266 5918 nemo
1286 5875 1408 5917 cum
1439 5859 1667 5928 imperio
1697 5863 1862 5922 esset,
1891 5865 2001 5909 rum
2031 5863 2210 5909 autem
2235 5854 2378 5924 quod
2487 5850 2509 5905 fl

2375 5862 2378 5905 ι
2487 5850 2576 5905 θεν
2608 5849 2650 5902 δ’
2682 5849 2925 5916 ἀπάρας,
2978 5849 3044 5916 τῇ
3097 5844 3392 5898 Θεουπόλει
3451 5839 3779 5910 προσέϐαλε,
3831 5836 4051 5899 πέμψας
