4244 6438
299 404 400 471 321

1198 419 1810 484 ECCLESIASTICE
1851 427 2235 489 HIS’I’ORI/E
2278 431 2422 491 LIB.
2467 428 2652 497 XVll.

3484 449 3590 511 322

298 518 561 572 πλείστου
575 540 587 579 ,'
633 522 740 576 τῶν
791 524 932 595 ἀμφ’
967 526 1159 591 αὑτὸν,
1204 534 1267 585 οὐ
1306 537 1765 607 παραγενόμενος
1794 556 1808 571 ·
1844 541 1876 593 ο¹

1932 548 1968 602 Α
2004 539 2239 595 Romani
2276 554 2721 614 propugnatores
2766 547 2820 600 iu
2881 548 3111 603 castello
3142 549 3311 607 Duras
3345 568 3375 607 a
3410 553 3585 611 Cl'os-

300 610 398 664 καὶ
429 612 563 682 παρ’
610 615 809 671 ἐλπίδα
860 620 1045 675 πᾶσαν
1099 624 1465 694 ἀπώσθησαν,
1498 631 1712 693 οὐδενὸς
1746 632 1893 686 ἔνδον

297 702 818 773 ἑναπολειφθέντος,
850 711 990 781 πλὴν
1019 712 1221 781 ὀλίγων
1251 717 1417 771 τινῶν
1447 722 1648 792 κομιδῇ
1688 723 1781 776 καὶ
1808 723 1895 775 εὑ-

294 795 576 866 αρίθμων.
623 799 865 871 ’Δπέδρα
913 804 970 858 δὲ
1022 808 1176 861 καὶὸ
1228 810 1435 880 ἱερεὺς,
1492 815 1561 867 τὰ
1621 816 1892 886 προσόντα

298 888 425 959 ίερὰ
454 888 854 961 ὑπεξαγαγὼν,
905 897 1105 969 ὅτιπερ
1154 903 1251 956 καὶ
1284 903 1346 956 τὸ
1372 904 1629 959 πλεῖστον
1659 908 1753 961 τοῦ
1782 910 1892 963 τεί-

293 998 425 1051 χους
455 983 757 1056 διερρωγὸς
790 983 881 1060 ἦν.
901 989 1276 1049 ’Υπανίστατο
1294 996 1351 1049 δὲ
1381 1000 1477 1052 καὶ
1502 1001 1531 1053 ό
1557 1000 1729 1071 δῆμος
1756 1020 1894 1056 νεω-

291 1073 539 1143 τερίζειν
588 1079 917 1149 ἐπιχειρῶν.
969 1084 1162 1157 ῶσπερ
1216 1088 1403 1143 είὼθει
1457 1094 1573 1155 τοῖς
1624 1095 1891 1159 τοιούτοις

289 1170 510 1239 καιροίς
562 1171 879 1239 γίγνεσθαι.
916 1176 1062 1248 Πρὸς
1111 1181 1226 1245 τοῖς
1278 1182 1465 1248 ἀλλοις
1497 1185 1554 1238 δὲ
1588 1188 1685 1240 καὶ
1734 1190 1890 1243 αὐτοὶ

288 1263 476 1330 φυγὴν
513 1265 946 1336 μελετήσαντες,
983 1273 1202 1344 ἐρήμην
1235 1275 1337 1346 τὴν
1372 1278 1531 1332 πόλιν
1577 1281 1891 1338 καταλελοί-

288 1372 487 1421 πασιν,
515 1359 735 1424 οὐδενὸς
791 1361 931 1427 ὅλως
991 1367 1316 1438 ἀντιστῆναι
1346 1370 1378 1440 ἢ
1414 1372 1886 1447 ἐπιτεχνήσασθαί

286 1463 341 1499 τι
369 1450 861 1521 ἐπιχειρήσαντος.
900 1454 992 1521 ὀς
1026 1457 1073 1511 δ’
1107 1458 1201 1513 οὖν
1256 1462 1703 1539 Οὑαδααρμάνης
1750 1471 1887 1524 ἀπε-

286 1542 537 1616 κρούσθη
570 1548 773 1617 πεῖραν
828 1553 1230 1621 προσαγαγὼν,
1260 1561 1375 1626 πῦρ
1407 1558 1668 1628 ἐμϐαλὼν
1691 1565 1756 1632 τῇ
1784 1565 1886 1618 πά-

282 1635 377 1689 λαι
409 1636 513 1706 μὲν
550 1639 881 1714 Ἡρακλείᾳ,
907 1641 1139 1712 ὕστερον
1160 1647 1219 1700 δὲ
1241 1648 1417 1719 ὄνομα
1473 1653 1681 1725 σχούσῃ
1706 1656 1885 1724 Γαγα-

280 1728 442 1801 λικῇ,
478 1731 779 1805 Σελευκείᾳ
812 1739 1212 1809 προσέρχεται,
1237 1742 1305 1813 ἢν
1336 1743 1599 1817 Νικάνωρ
1627 1749 1656 1801 δ
1692 1749 1883 1804 Σέλευ-

279 1838 380 1885 κος
439 1828 846 1897 συνεστήσατο,
898 1830 1198 1902 εὐδαίμονα
1267 1835 1369 1905 μὲν
1417 1839 1487 1892 τὰ
1538 1841 1733 1911 πρῶτα
1788 1844 1881 1897 καὶ

2001 648 2096 687 roe
2138 634 2310 690 clausi
2344 636 2550 703 forent,
2603 639 2915 696 faciendum
2948 643 3053 697 sibi
3083 644 3261 700 libere
3293 649 3441 717 quod
3471 650 3584 703 vel-

1998 723 2075 778 let
2127 729 2345 782 statuit.
2395 729 2606 786 Castris
2657 744 2843 789 autem
2898 734 3025 791 inde
3065 739 3251 805 motis,
3304 738 3576 812 Theopoli

1997 816 2241 873 animum
2293 821 2531 892 adjecit:
2594 832 2651 879 et
2703 836 2914 895 partem
2945 832 3230 900 copiarum
3260 836 3575 902 maximam,

1996 906 2113 977 ipse
2147 924 2256 963 non
2288 913 2590 981 profectus,
2622 930 2690 970 eo
2719 918 2885 983 misit,
2913 936 3038 990 quae
3065 936 3161 991 spe
3190 940 3287 981 sua
3319 926 3492 983 falsae.
3520 941 3579 983 et

1994 1003 2063 1055 ab
2118 1002 2256 1057 urbe
2314 1020 2379 1060 ea
2405 1018 2537 1062 sunt
2590 1009 2837 1080 rejectae,
2878 1024 3173 1084 propterea
3224 1019 3372 1087 quod
3437 1022 3577 1077 nulli

1997 1093 2050 1147 in
2111 1108 2199 1157 ea,
2244 1106 2339 1150 aut
2399 1114 2532 1155 sane
2564 1117 2729 1172 quam
2781 1106 2942 1174 pauci
2998 1107 3152 1165 cives
3217 1113 3572 1169 mansissent.

1994 1187 2317 1260 Profugerat
2371 1207 2503 1248 vero
2543 1196 2709 1251 etiam
2744 1198 3042 1270 episcopus
3096 1203 3238 1273 ipse,
3304 1214 3363 1259 et
3412 1221 3569 1262 sacra

1990 1293 2175 1333 secum
2238 1298 2365 1338 vasa
2400 1295 2456 1339 et
2510 1285 2738 1344 donaria
2772 1292 3069 1348 extulerat.
3107 1295 3242 1350 Nam
3291 1305 3349 1352 et
3380 1313 3571 1369 magna

1990 1373 2132 1425 muri
2162 1389 2286 1443 pars
2306 1388 2606 1433 corruerat
2630 1395 2645 1433 :
2681 1390 2737 1436 et
2760 1384 2914 1453 plebs
2952 1402 3218 1442 novarqu
3247 1406 3429 1445 rerum
3458 1402 3573 1448 stu-

1988 1464 2102 1530 dio,
2131 1467 2292 1521 sicuti
2320 1471 2657 1541 ejuscemodi
2688 1480 3032 1546 temporibus
3101 1482 3358 1538 accidere
3392 1486 3556 1548 solet,

1998 1562 2298 1617 tumultum
2324 1578 2681 1625 moverat:et
2711 1573 2927 1627 tandem
2941 1574 3217 1631 desertam
3250 1564 3602 1650 relinquens“

1989 1651 2209 1717 urbem,
2252 1656 2382 1711 inde
2408 1672 2747 1727 excesserat,
2795 1667 3020 1722 nemine
3050 1684 3282 1739 prorsus
3312 1672 3572 1730 hostibus

1986 1744 2245 1804 resistere
2297 1759 2394 1804 aut
2442 1752 2659 1808 obviam
2710 1757 2794 1812 ire
2850 1769 3105 1815 conante.
3160 1761 3570 1823 Vadaarmaucs

1986 1847 2272 1908 postquam
2303 1853 2431 1898 voto
2462 1860 2563 1900 suo
2594 1857 2645 1901 et
2671 1848 2968 1920 Theopolis
2996 1854 3306 1925 direptione
3335 1859 3568 1926 excidit,

279 1915 730 1987 πολυάνθρωπον
757 1917 952 1989 οὖσαν,
978 1925 1160 1996 χρόνῳ
1188 1927 1246 1981 δὲ
1279 1929 1655 2003 διαρῤυείσαν,
1689 1938 1786 1988 καὶ
1823 1938 1876 2000 ἐς

1912 1912 1955 1972 Β
1986 1928 2167 1997 ignem
2191 1932 2322 1986 olim
2362 1936 2585 2004 quidem
2616 1912 2915 2006 Heracleze,
2944 1912 3567 2016 800-posteaautem

274 2007 465 2076 ὀλίγον
516 2016 1012 2084 συσπειραθεϊσαν.
1063 2019 1176 2072 Καὶ
1223 2023 1347 2075 ἐπεὶ
1380 2024 1877 2085 ἀντικαθίστασθαι

273 2098 377 2166 οὐχ
413 2100 506 2152 οἵα
540 2119 600 2155 τε
634 2097 726 2174 ἦν,
757 2107 1034 2176 συμδάσει
1083 2110 1196 2165 τινὶ
1235 2112 1441 2184 ταύτης
1474 2116 1626 2170 ἔνδον
1660 2120 1878 2182 ἐγένετο

274 2191 435 2260 παρά
483 2195 553 2247 τὰ
592 2198 932 2265 συγκείμενα
988 2204 1485 2277 διαπεπραγμένος
1516 2227 1530 2241 ·
1567 2214 1663 2265 καὶ
1695 2217 1875 2269 πᾶσαν

270 2285 451 2356 ἄρδην
484 2286 587 2360 τὴν
626 2293 787 2346 πόλιν
819 2293 1422 2369 ἑξανδραποδισάμενος
1452 2302 1647 2375 ᾤχετο,
1676 2310 1774 2361 xal
1808 2312 1875 2363 τὰ

270 2377 443 2445 πέριξ
475 2381 646 2449 αὐτῆς
688 2384 1022 2454 ληϊσάμενος
1050 2407 1062 2419 ·
1101 2391 1163 2442 εν
1195 2387 1278 2453 οἷς
1332 2395 1428 2445 καὶ
1459 2396 1550 2449 τὸν
1591 2398 1742 2467 ίερέα
1773 2401 1873 2470 τῆς

268 2465 517 2530 πόλεως,
554 2471 649 2522 καὶ
688 2474 782 2524 τὸν
817 2475 911 2527 ἐπὶ
945 2479 1011 2546 τῇ
1060 2480 1203 2550 ἀρχῇ
1255 2482 1577 2539 καθεστῶτα
1628 2465 1874 2560 ζωγρίας

269 2559 416 2612 ἑλὼν
448 2566 702 2630 κατεῖχε.
731 2565 1005 2622 Πάνδεινα
1031 2569 1088 2623 δὲ
1121 2575 1215 2625 καὶ
1242 2577 1310 2646 τῇ
1344 2576 1666 2653 ἀποστροφῇ
1699 2559 1801 2636 διει
1814 2604 1874 2655 ρ-

267 2651 507 2717 γάσατο,
557 2654 773 2721 οὐδενὸς
824 2660 1311 2731 ἀντιπράττοντος,
1352 2668 1494 2741 πλὴν
1538 2651 1739 2741 ὀλίγων
1785 2651 1873 2729 κο-

268 2745 405 2815 μιδῇ
438 2749 804 2815 στρατιωτῶν
840 2753 978 2822 πρὸς
1000 2753 1098 2806 τοῦ
1126 2755 1401 2826 βασιλέως
1428 2763 1754 2831 σταλέντων,
1778 2766 1873 2833 οὓς

266 2835 497 2904 Μάγνος
529 2834 658 2907 ἦγε,
690 2844 963 2914 πρότερον
990 2845 1093 2915 μὶν
1118 2849 1372 2920 ἀργυρᾶς
1397 2855 1680 2927 τραπέζης
1710 2875 1875 2929 προε-

262 2927 496 2996 στηκὼς
525 2932 673 2984 κατά
704 2932 805 3003 τὴν
830 2934 926 2988 τοῦ
962 2936 1230 3007 βασιλέως
1262 2942 1442 3009 πόλιν,
1466 2946 1525 3009 ἐς
1556 2927 1784 3020 ὕστερον
1814 2953 1871 3006 δὲ

261 3020 365 3071 καὶ
410 3022 548 3089 μιᾶς
576 3023 689 3076 τῶν
723 3022 1025 3094 βασιλικῶν
1058 3031 1251 3085 οίκιῶν
1300 3036 1405 3107 τὴν
1438 3038 1747 3112 επιτροπὴν
1792 3046 1872 3097 εί-

260 3108 465 3177 ληφώς
484 3127 499 3141 ·
532 3110 584 3163 οἳ
610 3116 998 3187 προτροπάδην
1025 3118 1283 3190 ἔφευγον,
1306 3126 1511 3197 μικροῦ
1538 3108 1869 3199 δορυάλωτοι

257 3202 586 3271 γεγονότες.
620 3207 730 3259 Καὶ
765 3208 941 3263 ταῦτα
996 3211 1442 3286 διαπραξάμενος
1491 3223 1867 3296 υύαδααρμά·

258 3311 385 3361 νης,
410 3296 505 3349 τὸν
529 3297 783 3369 Χοσρόην
806 3304 1133 3376 κατειλήφει
1156 3310 1329 3379 μήπω
1346 3314 1445 3383 τὴν
1465 3318 1621 3372 πόλιν
1640 3319 1832 3375 ἑλόντα
1851 3342 1865 3356 ο

258 3387 413 3458 ῥοπὴ
447 3388 495 3441 δ’
518 3389 721 3461 ἐκείνῳ
756 3394 972 3465 μεγάλη
1008 3397 1232 3466 ἐγένετο
1265 3405 1530 3474 προσιών.
1566 3409 1641 3462 Τό
1672 3428 1731 3465 τε
1759 3413 1869 3483 γὰρ

254 3478 477 3531 οίκεὶον
527 3478 677 3536 ἅπαν
727 3482 1103 3557 ἀνεθάρρησε,
1134 3489 1195 3542 τό
1243 3510 1303 3545 τε
1358 3496 1664 3554 ἀντίπαλον
1700 3478 1865 3557 mis;

253 3568 476 3637 πλάγη.
504 3570 618 3623 Kal
636 3572 739 3640 τὴν
762 3576 867 3644 μεν
899 3576 1060 3631 πόλιν
1084 3581 1565 3655 ἀποτειχισθεῐσαν
1591 3593 1862 3663 εὑρίσκει,

255 3662 361 3713 καὶ
393 3662 533 3732 χοῦν
567 3663 809 3734 ἄγχιστα
837 3668 1049 3743 ταύτης
1087 3673 1452 3746 ἠθροισμένον
1492 3662 1701 3737 πολύν)
1729 3688 1786 3741 al
1819 3689 1865 3740 δ’

250 3751 550 3815 ἑλεπόλεις
586 3754 948 3823 καθίσταντο,
980 3763 1078 3816 καὶ
1135 3767 1376 3833 μάλιστα
1405 3775 1769 3842 καταπέλται,
1798 3778 1864 3844 ἃς

254 3847 525 3915 μηχανὰς
554 3847 872 3917 λιθοϐόλους
907 3853 989 3925 τῷ
1043 3856 1244 3929 πλήθει
1277 3864 1465 3919 καλεῖν
1499 3867 1731 3939 σύνηθες
1753 3889 1766 3903 '
1795 3875 1864 3927 δι’

248 3932 333 3992 ὧν
363 3941 466 3994 καὶ
504 3942 538 4011 ἠ
581 3942 742 4007 πόλις
774 3945 895 4017 ῶρᾳ
952 3951 1226 4019 χειμῶνος
1275 3955 1491 4028 Χοσρόῃ
1543 3932 1723 4029 ἑάλω,
1750 3965 1864 4019 Ἰω-

252 4028 425 4080 άννου
460 4027 559 4081 τοῦ
596 4032 794 4095 παιδὸς
833 4033 1217 4106 Τιμοστράτου
1252 4043 1425 4113 αὐτῆς
1453 4027 1739 4117 ἄρχοντος,
1772 4053 1862 4104 οὺ-

250 4120 456 4190 δαμῶς
509 4124 569 4175 ὲν
622 4127 874 4194 φροντίδι
932 4127 1034 4199 τὴν
1090 4132 1416 4205 πολιορκίαν
1457 4143 1856 4210 ποιησαμένου,

256 4213 478 4282 μᾶλλον
507 4215 568 4269 δὲ
603 4220 696 4272 καὶ
720 4222 1183 4293 καταπροδόντος.
1234 4228 1345 4280 Kal
1374 4229 1535 4285 τοῦτο
1565 4233 1676 4302 γὰρ
1705 4252 1855 4306 τηνι-

251 4306 438 4360 καῦτα
470 4307 955 4383 διατεθρύλληται.
982 4315 1245 4385 Πέμπτον
1269 4320 1327 4372 δὲ
1362 4322 1512 4392 μῆνα
1532 4328 1627 4378 καὶ
1658 4330 1857 4399 μικρόν

248 4415 302 4450 τι
344 4400 492 4469 πρὸς
523 4403 941 4471 προσεδρεύσας
977 4406 1057 4476 τῷ
1088 4410 1266 4476 ἄστει,
1298 4405 1412 4465 εἷλε
1445 4414 1674 4485 μηδενὸς
1715 4421 1858 4489 ἀμύ-

248 4506 468 4551 νοντος.
501 4492 616 4545 Καὶ
645 4493 834 4548 τοίνυν
863 4496 1076 4562 πάντας
1111 4500 1421 4572 ἐξαγαγὼν,
1447 4507 1651 4577 πλῆθος
1680 4512 1853 4566 ἀστά.

1980 2021 2249 2090 Gagalicaa
2272 2024 2435 2081 dicta:
2472 2029 2595 2085 urbi
2636 2032 2845 2103 injecit,
2911 2046 2967 2090 et
3000 2040 3066 2093 ad
3101 2039 3407 2098 Seleuciam
3462 2047 3565 2116 (Ι),

1979 2128 2146 2181 quam
2180 2115 2421 2172 Nicanor
2451 2120 2718 2180 Seleucus
2746 2128 3017 2193 condidit,
3070 2133 3403 2205 locupletem
3431 2115 3559 2210 qui-

1978 2203 2103 2258 dem
2168 2207 2312 2263 illam
2379 2214 2615 2281 primum
2670 2226 2728 2271 et
2761 2222 3105 2290 populosam,
3172 2203 3361 2296 postea
3425 2203 3559 2288 vero

1980 2301 2227 2365 tempore
2274 2302 2597 2373 collapsam,
2660 2318 2719 2363 et
2766 2312 2833 2366 ad
2878 2314 3217 2382 paucitatem
3250 2320 3559 2391 redactam,

1977 2402 2303 2457 progressus
2324 2404 2428 2451 est.
2459 2396 2584 2453 Hac
2609 2414 2735 2456 cum
2794 2406 3055 2464 resistere
3099 2411 3177 2467 illi
3212 2429 3321 2468 non
3353 2430 3561 2486 posset,

1977 2492 2136 2549 pacto
2152 2488 2388 2553 quodam
2412 2489 2838 2565 interveniente,
2890 2501 2948 2556 in
2988 2519 3112 2561 eam
3140 2520 3228 2563 est
3260 2523 3547 2584 receptus.

1979 2570 2083 2627 Ubi
2134 2589 2271 2632 sane
2328 2593 2527 2649 praeter
2559 2600 2832 2645 conventa
2887 2596 3061 2651 multa
3099 2602 3233 2671 egit,
3254 2616 3311 2659 et
3335 2570 3559 2663 civitate

1979 2666 2218 2737 direpta,
2243 2672 2442 2730 vicinis
2471 2692 2693 2749 quoque
2722 2684 2860 2741 locis
2904 2666 3264 2751 circumcirca
3287 2698 3557 2766 dispolia-

1979 2758 2069 2821 tis.
2108 2762 2236 2817 inde
2271 2767 2426 2822 abiit.
2459 2770 2518 2824 lu
2551 2776 2731 2841 praeda
2769 2780 2981 2851 reliqua
3028 2796 3087 2843 et
3112 2758 3438 2864 episcopum
3497 2811 3558 2855 et

1976 2854 2352 2923 magistratum
2391 2862 2544 2919 urbis
2581 2881 2859 2926 summum
2915 2878 3084 2947 cepit.
3114 2854 3229 2939 Nec
3259 2854 3556 2955 paucores

1976 2943 2031 2998 in
2060 2947 2240 3003 reditu
2303 2952 2393 3008 ille
2442 2956 2625 3014 clades
2661 2961 2923 3023 Romana:
2960 2943 3157 3029 ditioni
3206 2943 3411 3047 intulit,
3453 3001 3555 3042 ne-

1976 3041 2125 3138 mine
2154 3043 2409 3103 videlicet
2482 3054 2831 3127 prohibente,
2880 3073 3078 3131 praeter
3105 3085 3311 3138 paucos
3368 3041 3560 3135 admo-

1975 3128 2107 3186 dum
2176 3137 2402 3207 milites,
2443 3146 2536 3213 qui
2597 3149 2666 3203 ab
2724 3128 3056 3222 imperatore
3105 3128 3257 3220 missi
3315 3168 3553 3229 fuerant.

1976 3221 2182 3282 Horum
2233 3231 2431 3287 ductor
2462 3239 2692 3309 Magnus
2736 3221 2875 3311 erat,
2911 3253 3006 3319 qui
3037 3264 3197 3311 antea
3224 3221 3553 3331 argenta—ria;

1974 3411 2138 3467 unius
2193 3430 2261 3470 ex
2294 3418 2674 3490 imperialibus
2722 3430 2936 3488 aedibus
2970 3451 3159 3492 curam
3194 3456 3547 3515 susceperat.

1970 3500 2009 3556 li
2034 3520 2159 3561 cum
2194 3516 2343 3582 terga
2363 3525 2642 3575 vertentes
2673 3520 2946 3594 fugerent,
2989 3546 3185 3599 parum
3211 3500 3389 3594 abfuit

1968 3597 2038 3650 ab
2095 3598 2346 3659 hostibus
2374 3606 2485 3661 sint
2550 3615 2792 3683 excepti.
2856 3597 3018 3677 llisce
3050 3625 3219 3683 rebus
3250 3597 3544 3703 confectis,

1970 3683 2012 3703 ιι
2069 3688 2081 3703 .

1970 3683 2376 3749 Vadaarmanes
2428 3698 2735 3758 Chosroem
2796 3710 3042 3766 nondum
3125 3719 3322 3775 urbem
3378 3683 3544 3795 quan;

1965 3781 2252 3839 obsidebat
2302 3789 2513 3855 cepisse
2579 3797 2809 3865 reperit.
2842 3800 3099 3872 Magnum
3157 3821 3342 3868 autem
3376 3781 3542 3874 2'va

1965 3877 2121 3929 niens
2167 3878 2247 3932 illi
2297 3882 2482 3938 attulit
2518 3899 2877 3952 momentum.
2933 3900 3079 3966 quod
3113 3917 3239 3958 cum
3272 3909 3389 3964 suis
3424 3915 3545 3968 ani-

1965 3980 2114 4019 mum
2157 3968 2392 4038 addidit,
2421 3983 2536 4030 tum
2566 3976 2751 4035 hostes
2798 3984 3097 4052 plurimum
3130 4001 3419 4059 exterruit.
3454 4003 3541 4059 ln-

1964 4061 2117 4115 venit
2139 4064 2328 4119 urbem
2361 4083 2522 4123 muro
2551 4073 2835 4138 nudatam,
2871 4087 2926 4133 et
2976 4097 3226 4152 aggerem
3253 4089 3535 4161 ingentem

1961 4166 2131 4221 prope
2169 4155 2319 4211 illam
2346 4157 2575 4217 factum.
2618 4164 2907 4236 Helepolcs
2964 4186 3261 4234 exstructa:
3294 4155 3533 4253 stabant.

1958 4254 2017 4298 ot
2047 4249 2367 4317 catapultae,
2405 4269 2543 4322 quas
2576 4258 2773 4328 vulgus
2803 4264 3093 4323 machinas
3120 4286 3213 4326 seu
3240 4249 3538 4348 tormenta,

1959 4351 2088 4392 saxa
2144 4356 2212 4396 ex
2258 4343 2407 4399 edito
2465 4347 2591 4402 loco
2635 4351 2919 4421 jacientia,
2980 4376 3173 4419 vocare
3225 4377 3534 4443 consuevit,

1957 4434 2159 4503 quibus
2209 4440 2401 4494 urbem
2451 4443 2648 4500 hiemis
2682 4456 2930 4519 tempore
2983 4454 3256 4516 Chosroes
3292 4465 3345 4517 in
3378 4434 3541 4535 pote;

1957 4533 2154 4579 statem
2187 4542 2340 4582 suam
2371 4532 2601 4603 redegit.
2638 4535 2738 4592 Cui
2773 4539 3015 4600 Joannes
3037 4547 3356 4610 Timostrati
3378 4532 3537 4618 hlius

248 4580 495 4653 θμητον,
524 4585 623 4637 καὶ
674 4587 805 4651 τοὺς
839 4588 942 4658 μὲν
980 4593 1261 4661 μαχαίρας
1307 4595 1471 4665 ἔργον
1512 4604 1852 4672 πεποιηκὼς,

248 4676 375 4704 νηὶ.-
424 4674 484 4704 ιδ
525 4675 772 4704 r._...-r--
828 4681 1072 4704 ..ητις-μ
1130 4685 1227 4704 -ιν
1311 4686 1326 4704 ι
1461 4689 1496 4704 ος
1630 4688 1656 4704 ν
1734 4696 1744 4704 .
1812 4696 1824 4704 .

2195 4580 2204 4581 κ
2372 4580 2601 4603 ---τιγη
2642 4580 2738 4592 ν...
2773 4580 3015 4600 .vuuuoa
3045 4580 3356 4610 uuwstratl
3390 4580 3537 4618 unus

1912 4614 1932 4665 )
1962 4614 2201 4683 prriuit.
2234 4616 2333 4673 Hic
2368 4623 2489 4692 ejus
2515 4625 2862 4686 obsidionem
2898 4651 3010 4690 non
3043 4640 3341 4700 admodum
3378 4663 3539 4704 cura.

243 4676 375 4735 τοὺς
424 4674 485 4727 δὲ
524 4675 772 4745 ξωγρίας
826 4681 1095 4748 φυλάξας,
1127 4685 1230 4755 τὴν
1266 4686 1366 4756 μὲν
1404 4689 1562 4743 πόλιν
1599 4688 1686 4746 οἷα
1729 4696 1854 4747 ἐπί-

242 4769 448 4839 καιρόν
485 4786 552 4837 γε
586 4769 777 4838 οὖσαν,
820 4775 1073 4845 φρουρὰν
1106 4779 1367 4847 ἐμϐαλὼν
1422 4784 1692 4856 κατέσχεν
1717 4804 1731 4818 ·
1757 4790 1853 4843 αὑ-

243 4862 336 4924 τὸς
366 4862 425 4915 δὲ
459 4863 713 4933 γαυριῶν
752 4864 832 4936 τῷ
862 4866 1137 4940 τροπαίῳ,
1164 4871 1436 4943 ἀνεχώρει
1468 4876 1560 4930 ἐπ’
1588 4879 1764 4935 οίκου.

245 4960 479 5028 diebus,
534 4962 824 5032 cepitque,
876 4968 1103 5023 nemine
1130 4985 1303 5041 prope
1337 4987 1740 5044 propugnante.
1796 4977 1862 5034 Et
1900 4983 1947 5036 ci

243 5068 342 5109 eos
372 5056 533 5122 [erro
555 5058 824 5125 concidit,
860 5061 1061 5128 partim
1095 5064 1256 5121 vivos
1316 5067 1374 5121 in
1442 5073 1761 5140 captivitate

1956 4985 2115 5040 vibus
2181 5005 2247 5043 ex
2316 4994 2449 5048 urbe
2485 4998 2837 5060 multitudine
2892 5011 3039 5063 varia
3071 5012 3273 5083 ductis,
3334 5002 3535 5088 partim

1826 5080 2085 5134 servavit.
2124 5082 2323 5141 Urbem
2356 5089 2553 5158 ipsam,
2605 5107 2795 5166 utpote
2864 5114 3233 5172 Opportunam
3258 5080 3343 5167 et
3380 5129 3533 5172 com-

244 5149 498 5216 modam,
532 5151 798 5221 prasidio
828 5153 1092 5225 imposito
1124 5159 1391 5217 retinuit:
1425 5162 1543 5235 ipse
1570 5182 1703 5222 vero
1726 5178 1929 5240 tropaeo
1962 5187 2029 5227 eo
2051 5178 2341 5245 superbus,
2375 5184 2598 5238 domum
2627 5198 2711 5241 est
2759 5149 3031 5255 reverrslus.

855 5273 1113 5332 ΚΕΦΔΛ.
1137 5277 1263 5334 ΛΘθ.

254 5385 353 5450 Ὠς
384 5384 629 5463 ἀμέτρῳ
659 5385 828 5463 λύπῃ
868 5389 1114 5463 σχεθείς
1149 5390 1511 5463 Ἰουστῖνος,
1550 5396 1846 5463 φρενίτιδι

313 5456 677 5534 περιέπιπτε
702 5458 898 5534 remp:
924 5461 1046 5512 ὑπὸ
1075 5462 1308 5534 Τιϐερίῳ
1337 5462 1405 5514 δὲ
1430 5456 1506 5516 τᾶ
1530 5456 1844 5534 πράγματα

312 5527 533 5606 ἤγετο·
570 5527 669 5606 καὶ
721 5527 804 5591 ὡς
834 5528 1041 5606 τέχνῃΔ
1057 5531 1165 5606 τόν
1198 5527 1497 5604 ’Χὸσρόην
1517 5527 1842 5606 μὲτεζὶθὼν,

314 5599 582 5666 εἰρήνην
608 5598 904 5665 ἔπραττεν
931 5603 964 5654 ό
998 5600 1275 5669 Τιϐέριος.

321 5713 503 5769 Τοῦτο
542 5712 738 5783 μαθὼν
782 5713 1095 5781 Ἱουστίνος,
1126 5717 1220 5770 καὶ
1256 5719 1425 5789 μηδὲν
1457 5720 1608 5790 ὑγιὲς
1647 5722 1678 5793 ἦ
1709 5740 1843 5792 φρε-

253 5809 416 5880 νῆρες
468 5805 925 5876 διαπησάμενος,
953 5808 1074 5863 οὐδὲ
1104 5809 1465 5881 ἀνθρωπίνως
1510 5813 1571 5866 τὸ
1624 5815 1840 5884 συμϐὰν

2376 5297 2537 5369 θοι
2577 5302 2805 5361 CAPUT
2857 5304 3099 5369 XXXIX.

1960 5400 2028 5456 Ut
2066 5404 2332 5495 {ustrina},
2368 5412 2845 5495 im.me_ulso_dolore
2865 5436 3167 5495 correptus,
3202 5431 3257 5486 in
3293 5438 3531 5494 morbum

2022 5476 2373 5571 perenitidem
2433 5484 2697 5571 inciderit,
2752 5500 2801 5571 ει
2862 5476 3525 5571 Υίιέῇἶιὶῖίέεὶὲἱρῖὄὶίὲἓξίξ

2023 5546 2498 5650 gurgitistqriverit.
2523 5558 2591 5609 Et
2622 5546 2825 5615 ut'arte
2852 5546 3096 5650 qua—dam

2021 5632 2229 5686 gressus
2262 5620 2518 5688 Tiberius,
2548 5644 2732 5695 pacem
2759 5620 2878 5687 cum
2911 5652 2969 5690 eo
3000 5620 3201 5706 fecer—iit.

2026 5727 2101 5782 Ea
2143 5746 2201 5785 re
2245 5732 2499 5793 Justinus
2544 5743 2787 5811 cognita,
2818 5748 2956 5803 nihil
2993 5766 3220 5819 prorsus
3249 5769 3397 5812 recte
3430 5773 3525 5816 aut

1950 5823 2255 5889 prudenter
2313 5838 2498 5888 mente
2552 5834 2802 5905 agitans,
2865 5856 3044 5913 neque
3105 5862 3291 5904 casum
3355 5854 3520 5913 talem

324 5930 401 6002 (l)
434 5927 642 6002 Evagr.
678 5930 973 6001 Apameam
1027 5929 1219 5995 habet,
1252 5942 1311 5990 et
1338 5932 1619 5994 Nicanoris
1671 5934 1967 5995 Seleucum.
