4244 6438
739 436 845 502 3Ξ3

1964 433 2379 492 NlCEl'IIUlll
2419 434 2760 494 CALLlSl‘l

3867 432 3969 496 324

740 547 1050 600 humaniter
1098 543 1300 609 ferens,
1361 546 1417 600 in
1455 544 1785 616 phrenitidis
1838 543 2087 596 morbum
2136 543 2301 596 ctin-
2333 550 2416 603 Αι

2290 571 2301 580 -
2333 550 2375 603 Α
2405 543 2659 607 ἀνατλὰς,
2691 545 2749 606 ἐς
2780 541 3062 614 φρενίτιδα
3097 543 3252 596 νόσον
3287 541 3384 594 καὶ
3423 540 3618 609 μανίιν
3669 543 3966 611 ἐμπίπτει·

736 643 946 694 saniam
986 640 1198 700 incidit.
1254 641 1326 692 ita
1363 651 1419 692 ut
1452 639 1589 693 nihil
1623 638 1923 708 quidquam
1979 652 2172 690 earum
2210 652 2300 688 re-

737 749 858 784 rum
896 748 1014 800 qua:
1080 731 1290 791 licrcnt.
1331 732 1673 798 intelligeret.
1725 729 2012 797 Imperium
2041 737 2222 780 autem
2271 740 2302 778 a

734 825 959 879 Tiberio
977 823 1350 876 administrari
1378 831 1641 891 carptum,
1669 819 1758 889 qui
1794 820 2058 872 honorem
2113 816 2304 886 pra'ci-

741 937 905 988 puum
976 919 1194 972 Justino
1270 929 1550 987 acceptum
1624 916 1859 978 ferebat,
1923 930 1988 968 ex
2070 911 2302 966 Thracia

739 1013 1025 1066 oriundus.
1092 1011 1245 1064 Hunc
1295 1012 1501 1080 pridem
1564 1009 1816 1064 Justinus
1854 1023 1977 1061 cum
2041 1004 2299 1075 plurimis

744 1107 1055 1158 militarium
1114 1103 1390 1170 copiarum
1445 1100 1686 1153 millibus
1762 1101 2026 1152 adversus
2093 1098 2306 1152 Abares

742 1199 1000 1255 miserat:
1025 1206 1283 1264 etcaptus
1308 1195 1397 1246 ille
1425 1193 1608 1247 statim
1632 1195 1683 1246 in
1714 1193 1886 1261 prima
1917 1191 2305 1258 congressione

743 1290 810 1342 ab
840 1291 920 1342 eis
951 1289 1160 1348 fuisset,
1214 1287 1483 1339 militibus
1515 1286 1635 1354 ejus
1671 1298 2011 1352 nequaquam
2047 1281 2308 1336 barbaro-

743 1397 861 1433 rum
897 1389 1248 1448 conSpectum
1317 1380 1737 1441 sustinentibus,
1778 1376 1884 1430 nisi
1949 1393 2074 1429 eum
2119 1375 2303 1429 divina

742 1471 1083 1540 providentia
1146 1470 1274 1523 inde
1325 1480 1599 1538 ereptum,
1663 1469 2034 1521 Romanorum
2071 1467 2304 1534 imperio

741 1562 1027 1614 manifesto
1059 1569 1455 1614 conservasset.
1492 1559 1646 1624 Quod
1672 1575 1804 1613 sane
1833 1558 2123 1626 imperium
2158 1556 2223 1610 ad
2251 1556 2304 1610 id

739 1651 1033 1706 discrimen
1065 1660 1407 1720 pervenerat,
1443 1650 1797 1704 metuendum
1833 1661 1890 1702 ut
1916 1661 2077 1709 esset.
2107 1665 2174 1704 ne
2205 1649 2302 1704 Ju-

744 1747 873 1798 stiui
901 1756 1098 1814 praeter
1122 1748 1386 1798 rationem
1414 1758 1632 1797 omnem
1665 1742 1935 1812 susceptis
1969 1741 2297 1806 actionibus,

744 1853 848 1890 una
907 1852 1029 1891 cum
1087 1836 1359 1905 republica
1407 1843 1710 1897 corrueret,
1744 1843 1798 1888 et
1855 1835 1907 1887 in
1943 1835 2302 1888 barbarorum

2407 639 2501 690 καὶ
2529 638 2638 688 τῶν
2660 637 2972 704 γενομένων
3000 636 3154 688 οὐδέν
3183 652 3236 686 τι
3267 636 3327 686 τὸ
3367 635 3631 704 παράπαν
3661 635 3833 688 συνίει
3860 651 3874 666 ⁸
3906 638 3972 688 τὰ

2404 729 2459 780 δέ
2485 728 2592 797 τῆς
2636 728 2811 797 ἀρχῆς
2854 727 2959 780 ὑπὸ
2993 727 3231 797 Τιϐερίῳ
3264 728 3516 795 διῳκεῖτο
3537 742 3551 755 ⁸
3581 727 3641 790 ὃς
3682 727 3752 780 τά
3779 726 3974 795 πρῶτα

2419 819 2690 889 Ἰουστίνῳ
2718 822 3036 890 φερόμενος,
3078 822 3141 872 ἐκ
3169 821 3391 891 Θρᾴκης
3425 821 3521 890 μὲν
3559 819 3786 890 ὥρμητο
3807 835 3822 851 ·
3847 819 3976 871 πολ-

2405 912 2522 974 λαῖς
2555 913 2611 965 δέ
2641 915 2872 984 στρατοῦ
2906 915 3130 982 μυριάσι
3181 914 3322 966 κατά
3353 913 3462 965 τῶν
3501 913 3755 982 Ἀὁάρων
3781 911 3974 983 πρώην

2408 1006 2706 1071 ἐπέμπετο.
2738 1007 2844 1058 Καὶ
2873 1007 2989 1076 ἥλω
3043 1006 3110 1059 ἂν
3153 1006 3383 1068 ἐκείνοις
3429 1004 3590 1067 εὐθὺς
3624 1005 3970 1074 προσϐαλὼν,

2407 1097 2516 1150 τῶν
2552 1100 2681 1168 περὶ
2728 1099 2890 1152 αὑτὸν
2946 1099 3214 1169 μηδαμῶς
3263 1099 3400 1169 πρὸς
3448 1098 3549 1168 τὴν
3583 1098 3712 1150 θέαν
3744 1098 3975 1164 ὑπενεγ-

2407 1191 2639 1254 κόντων,
2669 1193 2716 1242 εί
2753 1192 2829 1261 μὴ
2861 1191 2998 1244 Θεοῦ
3030 1193 3258 1261 πρόνοια
3298 1194 3510 1244 ἐκεῖθεν
3557 1189 3881 1262 ἁρπάσασα,
3903 1192 3972 1259 τῇ

2419 1282 2703 1351 Ῥωμαίων
2750 1285 3020 1354 ἡγεμονίᾳ
3048 1285 3238 1338 τοῦτον
3272 1285 3460 1354 σαφῶς
3505 1285 3819 1354 διετήρησε,
3848 1300 3968 1336 κιν-

2406 1376 2702 1450 δυνευούσῃ
2743 1379 2814 1431 τά
2859 1377 3064 1447 ἔσχατα
3124 1381 3237 1442 τοῖς
3292 1378 3586 1430 ’1ουστίνου
3638 1375 3974 1444 παραλόγοις

2408 1467 2591 1536 ἔργοις
2645 1468 2990 1538 διαρρυῆναι,
3042 1467 3261 1537 σύναμα
3309 1468 3388 1539 τῷ
3445 1468 3830 1536 πολιτεύματι,
3883 1468 3976 1519 καὶ

2407 1564 2520 1624 τοῖς
2554 1562 2857 1633 βαρϐάροις
2887 1567 2986 1633 τῆς
3017 1567 3292 1634 τοσαύτης
3325 1567 3501 1638 ἀρχῆς
3537 1568 3823 1635 ἐκστῆναι.
3862 1567 3974 1618 Καὶ

2410 1659 2589 1710 τοίνυν
2613 1657 2862 1728 Τιϐέριος
2885 1659 3057 1722 οὕτως
3081 1659 3284 1724 ἀθλίως
3316 1661 3592 1730 ’1ουστίνῳ
3613 1661 3970 1730 διακειμένῳ,

2409 1752 2503 1802 καὶ
2540 1750 2706 1818 μηδὲν
2738 1751 2849 1804 τῶν
2895 1754 3288 1822 πραττομένων
3339 1753 3812 1822 ἐπαισθανομένῳ,
3851 1753 3977 1823 βου-

2408 1839 2508 1908 λὴν
2533 1841 2852 1912 πρόσφορον
2884 1846 2996 1907 τοῖς
3030 1846 3354 1916 πράγμασιν
3388 1846 3820 1915 ἐπικαιροτάτην
3851 1845 3976 1913 βου-

742 1938 1064 1999 potestatem
1107 1928 1438 1997 perveniret.
1505 1926 1640 1980 Cum
1690 1925 1855 1995 igitur
1897 1926 2147 1983 Justinus
2187 1936 2296 1980 tam
2337 1911 2418 1983 Β]

2337 1911 2377 1965 Β
2405 1931 2642 1998 λεύεται,
2680 1935 2714 2004 ἢ
2750 1911 2810 1987 τὸ
2839 1937 2952 1988 πᾶν
2996 1911 3366 2008 ἐπηνώρθωσε
3397 1911 3668 2008 πταῖσμα.
3701 1911 3973 2002 Τραϊανὸν

742 2029 979 2088 gravrter
1007 2020 1194 2073 morbo
1223 2018 1458 2073 allectus
1479 2028 1646 2080 esset,
1675 2033 1850 2086 neque
1880 2018 2177 2086 quidquam
2208 2033 2303 2073 ea-

743 2127 864 2165 rum
887 2127 1006 2181 quze
1023 2121 1316 2183 agerentur
1341 2126 1520 2165 rerum
1548 2110 2024 2173 animadverteret,
2053 2111 2304 2164 Tiberius

743 2205 1039 2258 consilium
1102 2203 1476 2265 commodum,
1500 2203 1778 2270 rebusque
1807 2203 2170 2271 praesentibus
2205 2218 2304 2271 op-

744 2305 1038 2364 portunum
1097 2294 1392 2348 admodum
1430 2293 1595 2362 cepit,
1617 2309 1725 2362 quo
1747 2309 1930 2350 casum
1955 2304 2010 2348 et
2053 2310 2300 2349 errorem

743 2401 962 2440 omnem
1019 2387 1282 2440 correxit.
1317 2385 1609 2453 Trajanum
1637 2383 1808 2449 enim,
1859 2385 2036 2437 virum
2083 2387 2307 2454 pracla-

747 2493 864 2532 rum
890 2494 954 2533 ex
984 2486 1198 2544 senatu,
1251 2477 1452 2531 canitie
1513 2485 1569 2529 et
1597 2475 1886 2544 prudentia
1918 2478 2120 2532 multos
2148 2487 2304 2532 ante-

743 2571 1052 2633 cellentem,
1077 2570 1144 2623 ad
1209 2567 1506 2622 Chosrocm
1541 2569 1733 2621 mittit:
1758 2579 1811 2622 et
1841 2569 2164 2636 legationem
2197 2585 2302 2624 non

745 2664 959 2732 imperii
985 2674 1080 2716 aut
1111 2662 1446 2730 reipublicae,
1481 2660 1570 2713 scd
1599 2662 1767 2714 so!ius
1804 2660 2019 2728 Sophia:
2050 2662 2306 2731 Augustae

743 2756 938 2809 .lustini
993 2755 1237 2823 conjugis
1300 2756 1542 2817 nomine,
1584 2754 1650 2805 ad
1710 2754 2011 2806 Chosroem
2052 2754 2302 2807 instituit.

745 2851 913 2918 (lujus
963 2849 1127 2903 etiam
1181 2849 1375 2901 littera:
1418 2848 1483 2900 ad
1521 2863 1643 2900 eum
1702 2862 1881 2916 regem
1913 2848 2126 2916 scripta:
2157 2859 2302 2913 sunt,

744 2943 946 3008 quibus
999 2941 1088 2994 illa
1135 2954 1434 2993 arumnam
1470 2953 1762 3007 casumque
1799 2940 1976 2992 mariti
2006 2950 2061 2993 (τι
2086 2957 2303 3009 ιἐηιριιο

752 3033 948 3085 blicam
983 3031 1232 3099 principe
1266 3038 1546 3082 carentem
1579 3029 1934 3098 deplorabat:
1959 3045 2304 3100 nequaquam

749 3131 1013 3180 decorum
1067 3136 1188 3175 esse
1241 3120 1470 3182 addens,
1533 3120 1684 3173 illum
1746 3121 1928 3174 vidua!
1980 3122 2219 3187 mulieri,
2250 3132 2305 3176 et

2406 2025 2514 2094 γάρ
2544 2043 2668 2080 τινα
2698 2028 2878 2096 λόγιον
2911 2030 3083 2100 ἀνδρα
3114 2032 3212 2100 τῆς
3245 2032 3548 2101 συγκλήτου
3588 2032 3783 2101 βουλῆς
3819 2033 3876 2093 ἐς
3905 2034 3974 2083 τὰ

2411 2119 2644 2186 μάλιστα
2676 2122 2826 2188 ὄντα,
2873 2126 3012 2193 πρὶς
3059 2127 3308 2196 Χοσρόην
3340 2127 3651 2194 ἐξέπεμπε,
3681 2127 3841 2196 πολιᾷ
3878 2128 3973 2180 καὶ

2409 2212 2625 2265 συνέσει
2645 2215 2752 2267 τῶν
2783 2216 2993 2268 πολλῶν
3017 2218 3370 2286 διαφέροντα.
3402 2219 3598 2288 Ἀνῆγε
3627 2221 3683 2272 δὲ
3713 2219 3811 2288 τὴν
3842 2235 3975 2287 πρε-

2409 2305 2596 2358 σὸείαν
2627 2308 2724 2361 οὐκ
2758 2310 2822 2362 ἐκ
2847 2311 2946 2378 τῆς
2977 2310 3257 2379 βασιλείας
3290 2313 3324 2382 ἢ
3367 2313 3461 2365 καὶ
3509 2313 3601 2365 τοῦ
3644 2311 3977 2379 πολιτεύμα-

2406 2412 2498 2457 τος
2514 2397 2590 2466 τῷ
2608 2399 2844 2469 Χοσρόῃ,
2869 2401 3008 2472 ὑπὲρ
3029 2403 3085 2454 δὲ
3125 2402 3324 2470 Σοφίας
3362 2404 3530 2472 μόνης
3554 2404 3651 2473 τῆς
3678 2402 3972 2471 βασιλίδος,

2406 2488 2507 2556 τῆς
2537 2493 2788 2562 γαμετῆς
2824 2493 3150 2547 ἸουστίνοΨ
3182 2491 3251 2567 ἦς
3295 2497 3389 2548 καὶ
3425 2497 3732 2564 γράμματα
3768 2495 3973 2564 emot-

2411 2599 2536 2650 ρετο
2586 2585 2723 2654 πρὸς
2772 2586 3045 2655 Χοσρόην,
3093 2589 3190 2651 τὰς
3241 2590 3528 2658 συμφορὰς
3564 2589 3974 2657 ὀλοφυρομένης

2409 2676 2503 2725 καὶ
2537 2675 2597 2727 τὸ
2628 2676 2723 2728 τοῦ
2774 2677 3173 2748 πολιτεύματος
3222 2680 3489 2748 ἄναρχον·
3539 2683 3629 2732 καὶ
3664 2681 3738 2750 μὴ
3765 2680 3885 2732 δέον
3916 2680 3976 2733 ὃν

2412 2772 2558 2840 χήρᾳ
2589 2771 2816 2836 γυναικὶ
2847 2771 3059 2839 βασιλεῖ
3087 2791 3145 2826 τε
3177 2776 3416 2844 κειμένῳ
3448 2778 3543 2828 καὶ
3571 2777 3815 2846 πολιτείᾳ
3844 2795 3976 2844 συγ-

2408 2865 2690 2933 κεχυμένη
2712 2865 3204 2932 ἐπεμϐαίνειν.Καὶ
3225 2867 3334 2938 γὰρ
3356 2869 3449 2921 καὶ
3469 2869 3632 2922 αὑτὸν
3645 2873 3972 2940 νοσήσαντα,

2409 2955 2609 3020 ἐπίσης
2641 2955 2789 3022 ἡμᾶς
2815 2955 3010 3026 ἐκείνῳ
3042 2958 3212 3011 πάλαι
3255 2959 3509 3026 γενέσθαι
3529 2978 3543 2989 ·
3579 2964 3672 3014 καὶ
3701 2963 3830 3025 τοὺς
3855 2965 3977 3015 ἐπι-

2411 3049 2618 3113 σήμους
2645 3047 2754 3100 τῶν
2785 3051 2990 3117 ίατρῶν
3022 3050 3119 3104 καὶ
3161 3051 3264 3120 τῆς
3297 3053 3572 3117 πολιτείας
3602 3056 3736 3127 παρ’
3761 3059 3977 3110 ἐκεῖνον

2407 3136 2610 3203 ἐλθεῖν,
2651 3137 2701 3190 οῖ
2741 3139 2806 3208 δὴ
2855 3139 3020 3210 τέχνῃ
3059 3141 3150 3192 καὶ
3180 3145 3245 3209 τῇ
3281 3144 3634 3213 προσηκούσῃ
3683 3145 3977 3214 ἐπιμελείᾳ

747 3213 1201 3282 [τίηθίρίίθοθηίί
1224 3212 1647 3280 τείρυωίαιίιυε
1665 3213 2302 3279 Ρθτιυτδθιείηευιίποο
2333 3244 2376 3301 C
2407 3232 2508 3300 τὴν
2542 3231 2753 3284 ἐκείνου
2803 3232 2957 3286 νόσον
2993 3233 3306 3302 ἀπήλασαν.
3350 3234 3517 3288 Ταῦτ’
3563 3212 3805 3299 ἀπούσας
3835 3212 3976 3290 Χοσέ

743 3307 883 3360 ham
909 3315 967 3360 et
989 3307 1164 3375 ipsum
1204 3304 1501 3373 aliquando
1517 3313 1869 3372 aegrotantem
1899 3319 2006 3358 non
2037 3306 2217 3359 solum
2248 3306 2304 3359 in

748 3398 1080 3467 persimilem
1105 3411 1292 3450 casum
1342 3394 1619 3460 incidisse,
1654 3409 1844 3447 verum
1872 3395 2038 3449 etiam
2075 3396 2301 3464 praecla-

742 3493 992 3545 rissimas
1037 3505 1283 3560 quosque
1342 3489 1584 3542 medicos
1622 3504 1688 3544 ex
1715 3489 1922 3544 ditione
1954 3489 2203 3544 Romana
2234 3489 2301 3544 ad

742 3601 870 3639 cum
928 3585 1126 3638 missos
1157 3585 1394 3642 venisse.
1456 3585 1550 3652 qui
1581 3593 1696 3637 arte
1742 3597 1837 3636 sua
1869 3591 1923 3636 et
1950 3597 2080 3636 cura
2118 3583 2302 3638 debita

747 3677 1127 3744 a-gritudinem
1209 3676 1358 3730 illius
1409 3675 1785 3744 dispulissent.
1847 3675 2144 3744 Legatione
2208 3676 2298 3729 tali

745 3769 930 3822 audita
963 3767 1236 3822 Chosroes
1267 3768 1438 3821 ﬂexus
1469 3776 1555 3820 est
1591 3784 1604 3820 :
1642 3775 1695 3820 et
1726 3781 1850 3820 cum
1902 3768 1955 3820 in
1985 3752 2167 3820 animo
2203 3767 2298 3820 ba-

747 3864 974 3925 buisset,
1031 3864 1202 3929 primo
1265 3875 1480 3928 quoque
1530 3870 1777 3927 tempore
1809 3859 2213 3926 expeditionem
2247 3860 2300 3911 in

743 3954 1112 4006 Romanorum
1144 3963 1338 4006 terram
1366 3951 1667 4018 suscipere,
1694 3952 1984 4004 triennales
2010 3959 2188 4004 tamen
2221 3951 2303 4003 in-

2413 3321 2566 3392 ρόης,
2592 3321 2872 3390 πειθήνιος
2926 3319 3030 3395 ἦν’
3081 3325 3173 3377 καὶ
3205 3325 3269 3392 δὴ
3321 3327 3458 3397 πρὸς
3497 3325 3623 3379 νοῦν
3672 3327 3816 3396 ἐχων
3860 3331 3975 3391 τοῖς

2417 3414 2710 3484 Ῥωμαίων
2785 3413 3147 3482 ἐπιθήσεσθαι
3197 3417 3539 3485 πράγμασιν,
3589 3417 3861 3488 ἀναϐολὴν
3918 3421 3978 3481 ἐς

2405 3505 2646 3573 τριετίαν
2675 3505 3040 3575 ἀπεχαρίζετο
3067 3509 3181 3568 τοῖς
3211 3506 3368 3576 tum;
3394 3510 3588 3576 μέρεσι
3611 3526 3626 3541 ο
3659 3509 3818 3574 δόξαν
3853 3511 3910 3566 Ἀ
3921 3530 3981 3580 ρ-

2413 3599 2601 3667 μενίαν
2631 3597 2899 3664 ἐπελθεῖν,
2925 3599 3001 3660 ὡς
3029 3598 3094 3651 ἂν
3127 3597 3291 3652 αὐτοῦ
3322 3599 3602 3670 πολεμῴη,
3636 3601 3862 3671 μηδενὸς
3910 3604 3978 3656 τὰ

2411 3693 2520 3760 ἐῷα
2554 3692 3040 3763 παρενοχλοῦντος.
3088 3695 3209 3746 Τῶν
3235 3695 3281 3748 δ’
3318 3695 3466 3765 ἑῴων
3496 3696 3638 3749 οὕτω
3677 3696 3977 3767 Ῥωμαίοις

2409 3785 2664 3854 ἐχόντων,
2695 3785 2756 3837 τὸ
2787 3785 3022 3855 Σέρμιον
3069 3787 3206 3856 πρὸς
3251 3787 3362 3839 τῶν
3409 3787 3700 3857 βαρϐάρων
3734 3788 3876 3840 ἐάλω
3902 3805 3916 3820 ο
3949 3789 3979 3841 ὃ

2413 3879 2654 3948 Γήπεδες
2688 3879 2790 3948 μέν
2820 3878 3011 3948 πρώην
3054 3880 3340 3950 ἐκράτουν,
3391 3881 3661 3950 Ἰουστίνῳ
3690 3881 3733 3932 δ’
3769 3883 3980 3950 ἀπεχαο

2416 3974 2645 4041 ρίξοντο,
2676 3974 2894 4036 ἑκόντες
2923 3975 3133 4025 ἐκεῖθεν
3167 3972 3601 4042 ἀναχωροῦντες.

743 4069 936 4125 ducias
973 4067 1216 4122 Orientis
1249 4067 1494 4136 partibus
1519 4067 1832 4120 concessit:
1869 4068 1940 4120 ita
1976 4075 2032 4120 ut
2073 4069 2434 4122 nihilominus
2470 4069 2806 4132 Armeniam,
2849 4084 2970 4136 qua:
3011 4069 3210 4122 bellum
3248 4072 3509 4123 adversus
3537 4085 3660 4123 eum
3701 4079 3974 4138 parasset,

745 4165 960 4218 neruine
1015 4179 1099 4217 res
1157 4162 1457 4217 Orientales
1517 4164 1793 4224 turbante,
1877 4163 2284 4232 aggrederetur.
2327 4166 2495 4220 Porro
2560 4166 2723 4222 rebus
2782 4165 3024 4220 Orientis
3066 4167 3118 4218 in
3145 4181 3270 4218 eum
3306 4177 3507 4220 statum
3554 4167 3826 4232 adductis,
3864 4169 3980 4222 Sir-

748 4263 913 4313 mium
942 4275 970 4312 a
1003 4258 1249 4312 barbaris
1279 4268 1493 4327 captum
1525 4269 1625 4319 est,
1653 4259 1796 4329 quod
1822 4257 2056 4326 Gepides
2103 4258 2306 4313 dudum
2353 4271 2644 4314 tenuerant
2709 4271 2765 4315 et
2823 4259 3039 4314 Justiuo
3067 4261 3422 4326 donaveram,
3472 4277 3568 4316 sua
3626 4275 3821 4332 sponte
3847 4266 3976 4318 inde

743 4351 1085 4406 accedentes.

1255 4444 1414 4512 302
1445 4444 1666 4501 carm
1702 4446 1810 4500 XL.

747 4530 811 4583 L't
845 4531 1088 4586 lustinus
1130 4532 1389 4586 Tiberium
1422 4538 1473 4585 in
1518 4537 1737 4601 imperio
1784 4537 1882 4589 sibi
1925 4538 2246 4594 aubslimcn’t
2277 4559 2296 4594 .'

812 4611 860 4653 et
890 4617 1004 4671 qua:
1041 4604 1107 4653 ad
1143 4618 1258 4654 eum
1308 4605 1536 4655 moriens
1585 4608 1647 4656 de
1688 4609 1898 4667 imperii
1948 4611 2294 4664 administra-

814 4675 953 4726 tione
982 4672 1134 4723 verba
1170 4673 1369 4739 fecerit.

815 4779 1020 4832 Interea
1056 4779 1311 4834 Tiberius
1357 4781 1572 4850 Sophia!
1618 4785 1879 4842 instinctu
1923 4788 2102 4846 Cscsar
2147 4794 2298 4848 aJu-

750 4873 919 4935 slino,
953 4873 1045 4940 qui
1085 4862 1404 4926 ineliuscuie
1434 4876 1622 4929 morbo
1672 4881 1986 4936 remittente
2041 4886 2298 4954 habebat,

742 4964 1067 5020 declaratur.
1099 4965 1368 5018 Caeterum
1403 4981 1653 5020 coroziam
1681 4970 2085 5038 imperatOriam
2116 4981 2164 5033 ei
2199 4980 2302 5032 im-

746 5057 1048 5124 positurus,
1085 5073 1150 5111 ea
1178 5059 1340 5112 verba
1371 5060 1572 5113 diserte
1601 5063 1667 5115 ad
1697 5071 1822 5117 eum
1847 5076 1931 5121 est
1962 5070 2300 5138 prolocutus,

743 5165 862 5218 quae
909 5150 1194 5204 historiam
1262 5167 1476 5207 omnem
1508 5165 1746 5211 veterem
1787 5169 1842 5212 et
1899 5178 2092 5216 novam
2140 5166 2297 5236 longe

740 5242 1184 5298 excellunt.Cum
1220 5261 1450 5317 namque
1480 5251 1725 5307 Justinus
1752 5257 2035 5310 commode
2062 5273 2159 5325 per
2216 5259 2297 5311 di-

743 5331 985 5384 lucidum
1015 5333 1361 5390 intervallum
1385 5340 1591 5395 scilicet
1630 5357 1853 5412 compos
1885 5349 2083 5400 mentis
2134 5357 2296 5416 esset,

745 5423 906 5490 idque
958 5425 1141 5479 divina
1173 5430 1535 5497 providentia,
1601 5445 1658 5487 ut
1693 5437 1849 5491 simul
1879 5449 1930 5491 et
1963 5450 2178 5507 peccata
2208 5458 2296 5493 cr-

742 5525 969 5581 t'ataque
999 5518 1113 5584 ipse
1146 5532 1240 5570 sua
1266 5522 1557 5586 proferret,
1601 5535 1654 5578 et
1683 5526 1733 5578 in
1787 5531 2174 5595 rempublicam
2214 5549 2302 5583 or-

745 5607 922 5657 dinem
959 5608 1237 5662 meliorem
1294 5613 1550 5668 inferret:
1585 5631 1819 5686 cumque
1881 5638 2093 5684 omnes,
2139 5634 2300 5689 atque

747 5699 864 5762 ipse
891 5696 1054 5750 etiam
1085 5699 1323 5755 Joannes
1354 5718 1634 5758 sacrorum
1667 5711 1916 5775 antistes,
1950 5712 2108 5777 cujus
2141 5725 2298 5765 anzca

742 5787 1117 5850 meminimus,
1157 5809 1276 5846 cum
1315 5799 1693 5850 sacerdotibus
1744 5801 1857 5851 suis
1901 5802 1951 5852 in
1994 5803 2294 5870 bypzetbro,

737 5892 859 5928 sive
930 5880 1162 5935 subdtali
1201 5885 1500 5955 impcrialis
1539 5890 1672 5942 aula:
1725 5893 1948 5960 palatio,
1974 5898 2292 5964 congregati

3005 4443 3252 4496 ΚΕΦᾹΛ.
3293 4443 3382 4496 Μ’.

2423 4538 2513 4604 Ὧς
2560 4535 2893 4600 Ἰουστῖνσς
2921 4535 3173 4600 τιϐἐριεν
3205 4537 3293 4597 είς
3320 4535 3432 4598 τὴν
3463 4533 3662 4602 ἀρχὴν
3687 4537 3981 4602 προεϐάλ-

2504 4611 2679 4662 λετοο
2709 4607 2806 4659 καί
2846 4606 2963 4657 ὅσα
3004 4606 3303 4659 ἐνουθέτει
3347 4606 3507 4668 αὐτῷ
3545 4607 3864 4661 τελευτῶν.

2488 4795 2578 4847 Ἐν
2609 4793 2664 4846 δὲ
2699 4791 2874 4863 τούτῳ
2905 4794 2999 4846 καὶ
3031 4793 3287 4862 Τιϐέριος
3336 4793 3534 4861 Σοφίας
3570 4796 3691 4856 ταῖς
3743 4795 3977 4864 εἰσηγή-

2407 4905 2527 4941 σεσι
2556 4890 2776 4957 Καῖσαρ
2806 4887 2942 4957 πρὸς
2987 4887 3276 4938 Ἰουστίνου
3324 4887 3736 4955 ἀναγορεύεται,
3777 4889 3976 4955 μικρὸν

2403 4981 2502 5048 τῆς
2529 4979 2685 5032 νόσου
2717 4979 3026 5048 ραἲσαντος.
3050 4977 3275 5030 Μέλλων
3299 4976 3352 5029 δὲ
3383 4979 3532 5048 αὐτῷ
3563 4979 3656 5030 τὸν
3689 4979 3974 5045 βασιλικὸν

2407 5073 2672 5140 στέφανον
2700 5071 3106 5142 περιτίθεσθαι,
3135 5071 3314 5124 τοιάδε
3348 5074 3486 5139 πρὸς
3530 5071 3692 5123 αὑτὸν
3738 5072 3971 5141 διαρρή-

2404 5161 2502 5230 δην
2531 5163 2772 5227 ἀνεῖπεν,
2800 5160 2836 5214 ἃ
2868 5163 3051 5213 πᾶσαν
3081 5161 3322 5231 ἱστορίαν
3362 5162 3602 5216 παλαιάν
3634 5179 3690 5216 τε
3725 5167 3822 5217 καὶ
3847 5167 3974 5218 νέαν

2405 5252 2851 5323 ὑπερηκόντιζεν,
2880 5255 2936 5305 ἐν
2967 5253 3172 5323 εὐθέτῳ
3216 5255 3514 5324 γενομένου
3545 5255 3639 5308 τοῦ
3680 5258 3973 5311 Ἰουστίνυυ

2403 5343 2538 5397 Θεοῦ
2570 5345 2816 5415 προνοίᾳ,
2847 5345 2988 5397 ὥστε
3024 5347 3118 5398 καὶ
3151 5346 3249 5408 τὰς
3285 5347 3498 5399 ἐκείνου
3528 5347 3765 5412 ἐξειπεῖν
3787 5351 3972 5419 ἁμαρ-

2401 5439 2590 5500 τάδας,
2628 5439 2834 5506 καὶτῷ
2888 5438 3251 5506 πολιτεύματι
3306 5441 3705 5510 εἰσηγήσασθαι
3736 5443 3802 5493 τὰ
3839 5460 3976 5512 χρη-

2406 5531 2654 5599 στότερα.
2691 5532 2916 5583 Πάντων
2954 5533 3058 5601 γὰρ
3121 5533 3217 5584 καὶ
3257 5532 3352 5584 τοῦ
3387 5538 3483 5602 την
3519 5536 3839 5605 ίεραρχικὴν
3872 5554 3972 5588 και

2407 5621 2601 5691 θέδραν
2635 5623 2914 5683 διέποντος
2969 5625 3238 5690 Ἰωάννου,
3273 5619 3334 5676 οὗ
3371 5628 3466 5678 καὶ
3509 5629 3745 5699 πρόσθεν
3778 5631 3974 5696 μνείαν

2405 5714 2908 5784 ἐποιησάμην,⁶συν
2958 5719 3067 5779 τοῖς
3100 5719 3238 5786 ἀμφ’
3289 5719 3454 5773 αὑτὸν
3505 5723 3562 5773 ἐν
3596 5725 3660 5792 τῇ
3718 5723 3972 5793 ὑπαίθρῳ

2403 5805 2510 5857 τῶν
2525 5806 2839 5873 ἀνακτόρων
2862 5808 3041 5858 om}:
3057 5809 3308 5874 σθέντιυν,
3331 5813 3458 5865 ἑνοα
3481 5813 3636 5884 θέμις
3656 5816 3722 5867 τὰ
3745 5816 3972 5871 τοιαῦτα

2403 5898 2696 5962 τελεῖσθαι,
2743 5900 2834 5951 τὸν
2886 5901 3174 5971 βασιλικὸν
3221 5908 3500 5976 ἀράμενος
3553 5912 3838 5980 στέφανον,
3873 5916 3970 5966 καὶ
