4244 6438
276 413 387 478 3ἓὸ

1186 424 1787 489 Εεσιεδιλετιοε
1827 430 2221 498 ΙῙΙΞἸὉΠΙΑΞ
2257 441 2403 506 LIB.
2454 443 2639 510 XVII.

275 534 377 596 τὴν
417 532 714 601 πορφυρᾶν
748 534 1013 603 χλαῖναν·
1063 539 1159 590 καὶ
1205 539 1416 607 μέλλων
1444 541 1614 595 ταῦτα
1646 558 1833 612 περιτι

1894 555 1937 607 Α
1966 562 2172 615 essent,
2208 568 2319 621 quo
2375 557 2497 612 loco
2556 560 2670 614 haec

3433 462 3541 529 326

2729 562 2815 632 agi
2875 562 3257 643 celebrarique
3317 577 3397 632 fas
3429 591 3532 643 est,

272 622 425 673 θὲναι
456 620 535 688 τῷ
571 624 835 695 Τιϐερίῳ,
878 629 1083 697 κόμητι
1125 630 1241 683 ὄντι
1280 632 1391 685 τῶν
1439 631 1772 697 ὲξκουϐίτων
1801 654 1833 688 τη

272 714 546 741 _-.c_---..
622 718 799 741 ---η-
860 722 967 741 __.
994 721 1147 741 .-μμ
1212 722 1320 741 ..λ
1552 727 1634 741 .,.
1822 721 1833 741 τ

2227 620 2236 621 ,
2764 620 2789 632 υ
2920 620 2949 621 π
2971 620 3257 643 "'—"'I""
3317 620 3397 632 ""
3429 620 3530 643 """

1964 640 2374 710 imperatoriam
2406 666 2665 706 coronam
2732 659 3046 729 SUstollens,
3088 680 3530 741 purpureamque

270 714 567 785 πρότερον,
621 718 799 772 τοιάδε
857 721 1151 793 παρρησίᾳ
1208 722 1425 789 ἐξεῖπε·
1485 742 1503 776 ι
1552 727 1641 795 Μή
1702 721 1833 825 σε,ἓ

3088 714 3529 741 r__r-..-_....,..-

1962 742 2193 798 vestem.
2219 748 2278 792 ut
2307 754 2371 794 ea
2409 740 2633 797 Tiberio
2666 744 2992 819 imponeret,
3022 757 3115 825 qui
3153 773 3342 816 comes
3369 774 3529 818 antea

268 806 538 875 βέλτιστε.
566 808 667 876 τῆς
700 812 1009 877 φαντασίας
1058 815 1092 883 ή
1140 815 1319 885 σκηνή
1356 816 1453 869 καὶ
1485 818 1517 884 ή
1565 817 1833 912 ἀμπεχόνι

1960 825 2343 883 excubitorum
2422 832 2623 900 fuerat,
2678 806 2760 893 ita
2808 806 3529 912 propalam—tievrbavl‘ecii:

267 898 531 952 πλανάτω
563 915 575 929 ο
610 895 692 964 οἷς
726 902 821 954 καὶ
859 904 1022 968 αὐτὸς
1055 906 1155 957 οὑκ
1191 908 1271 969 εἰς
1318 908 1441 961 δέον
1490 910 1852 981 παρασυρεὶς,

1964 935 1983 967 ε
2012 917 2086 972 Ne
2117 930 2188 984 te,
2222 922 2307 974 vir
2332 926 2557 994 optime,
2598 930 2790 986 umbra
2822 933 2922 988 ista
2957 937 3257 1005 phantasia:
3287 960 3384 1000 seu
3435 963 3527 1010 ap-

266 992 460 1044 ξλαθον
512 994 756 1063 ἐμαυτὸν
793 998 916 1059 ταῖς
968 998 1231 1068 ὲσχάταις
1286 1003 1499 1064 ποιναῖς
1550 1001 1833 1055 ὑπεύθυνοι

1957 1019 2181 1077 paratus
2236 992 2397 1081 huius
2453 1026 2509 1070 et
2542 1021 2709 1077 vestis
2744 1022 2861 1079 haec
2897 992 3209 1097 decipiat:—
3228 1024 3432 1103 quibus
3471 992 3521 1091 ;t

266 1089 644 1154 καταστήσας.
676 1089 767 1140 Σοὶ
803 1089 860 1142 δὲ
901 1090 1133 1162 μελήσει
1166 1092 1261 1146 καὶ
1290 1094 1391 1157 τὰς
1429 1096 1567 1165 ἐμὰς
1599 1097 1852 1167 ἁμαρτά-

260 1175 356 1237 δας
408 1177 776 1248 ιπανορθοῦν.
827 1179 1276 1251 Ἐπανορθώσεις
1306 1184 1384 1248 δδ,
1429 1185 1609 1248 καλῶς
1639 1204 1696 1238 τε
1734 1187 1850 1258 ἅμα

261 1269 357 1320 καὶ
390 1270 666 1332 εὐπειθῶς
697 1271 964 1339 διεξάγων
1006 1274 1109 1344 τὴν
1163 1272 1465 1331 πολιτείαν.
1499 1278 1611 1348 Μὴ*
1641 1283 1861 1334 πάντά-⁷

263 1379 401 1415 πασι
454 1363 513 1416 δὲ
553 1363 770 1428 τούτοις
821 1367 979 1436 αίροῦ
1031 1368 1321 1423 πείθεσθαι
1372 1370 1523 1442 (τοὺς
1577 1373 1848 1444 ἄρχοντας

261 1451 617 1522 ὑποδεικνύς)
652 1469 665 1482 ·
694 1455 789 1506 καὶ
813 1456 921 1526 γὰρ
952 1455 1106 1509 αὐτοί
1157 1475 1224 1527 με
1258 1452 1340 1521 οἷς
1369 1459 1501 1529 ὁρᾷς
1530 1460 1725 1525 δεινοῖς
1752 1478 1847 1514 πε-

258 1542 537 1613 ριέϐαλον.
572 1563 591 1596 ι
634 1545 748 1598 Καὶ
775 1546 910 1602 άλλα
937 1548 996 1601 δὲ
1025 1549 1251 1602 τοιαῦτα
1277 1550 1509 1620 ὶπῆγεν,
1548 1550 1583 1605 ἃ
1607 1552 1670 1622 δή
1707 1551 1845 1622 πρὸς

250 1641 601 1710 κατάπληξιν
656 1644 752 1696 καὶ
828 1643 1081 1714 δακρύων
1129 1648 1391 1717 κρουνοὺς
1444 1648 1839 1717 παρεκίνησεν.

252 1732 529 1798 ’Υστερον
559 1734 617 1786 δὲ
648 1736 867 1788 πάντων
898 1737 1151 1807 ἐπήγαγε
1177 1755 1192 1771 ·
1237 1757 1255 1790 ι
1305 1739 1554 1809 Τίμησον
1587 1740 1678 1793 τὸν
1705 1740 1839 1793 Θεὸν

1962 1098 2099 1167 ipse,
2130 1115 2494 1173 praeterquam
2518 1106 2763 1178 deceret,
2797 1119 3151 1173 transversim
3178 1098 3386 1193 raptus,
3418 1144 3522 1184 non

1954 1193 2099 1245 sensi
2138 1195 2410 1265 meipsum
2436 1202 2708 1269 supremis
2737 1208 2918 1273 poenis
2942 1209 3240 1279 obnoxium
3272 1219 3519 1274 reddere.

1950 1279 2073 1336 Tibi
2098 1298 2231 1339 vero
2258 1299 2402 1341 cura:
2432 1289 2559 1355 erit,
2590 1301 2651 1347 ut
2686 1306 2909 1363 peccata
2941 1316 3159 1371 quoque
3202 1320 3323 1361 mea
3357 1312 3500 1362 corri

1949 1385 2064 1439 gas.
2101 1372 2359 1445 Corriges
2389 1390 2594 1445 autem,
2629 1383 2673 1439 si
2729 1398 2877 1441 recte
2903 1400 2959 1443 et
3019 1391 3253 1463 benigne
3298 1414 3517 1469 rempu-

1947 1458 2149 1517 blicam
2179 1463 2591 1526 administrabis
2622 1492 2635 1526 :
2672 1490 2774 1529 nec
2802 1480 3027 1535 omnino
3052 1458 3177 1537 istis
3200 1485 3294 1540 tibi
3322 1458 3493 1556 paren

1946 1550 2076 1604 dum
2104 1554 2212 1607 erit
2245 1555 2547 1628 (principes
2581 1561 3015 1634 demonstrans),
3057 1587 3181 1627 nam
3209 1584 3262 1630 et
3286 1550 3387 1646 ipsi
3438 1596 3519 1634 me

1947 1644 2001 1696 in
2038 1659 2133 1699 eas
2195 1663 2333 1716 quas
2386 1652 2571 1707 cernis
2608 1671 2882 1714 aerumnas
2933 1665 3307 1734 conjecerunt.
3343 1689 3362 1722 ι
3403 1672 3517 1726 Alia

1942 1731 2171 1804 insuper
2193 1739 2314 1807 ejus
2344 1743 2563 1810 generis
2588 1746 2836 1816 adduxit,
2873 1766 2993 1820 qua:
3018 1756 3084 1810 ad
3115 1764 3515 1817 consternatio-

250 1827 346 1879 καὶ
378 1827 481 1898 τὴν
510 1827 849 1897 Ἐκκλησίαν
886 1829 1073 1896 αὐτοῦ,
1103 1831 1199 1884 καὶ
1239 1830 1340 1901 τὴν
1398 1830 1566 1886 πάλαι
1602 1833 1701 1902 μὲν
1739 1834 1833 1903 σὴν

1889 1903 1910 1916 ι
1946 1840 2073 1881 nem
2110 1838 2170 1883 et
2201 1830 2469 1903 lacrymas
2504 1838 3032 1907 prolixasauditores
3080 1864 3514 1916 commoverunt.

247 1920 452 1991 κυρίαν
492 1920 585 1973 καὶ
611 1920 927 1987 δέσποιναν,
960 1923 1057 1975 νῦν
1090 1923 1144 1976 δέ
1175 1941 1269 1976 σου
1307 1928 1517 1996 μητέρα
1543 1962 1560 1980 .
1594 1931 1654 1980 (li
1686 1929 1833 1998 ἔχον-

1889 1903 1911 1958 3
1939 1917 2223 1976 Postremo
2261 1941 2390 1981 vero
2417 1903 2663 1985 omnium
2693 1931 2910 1991 intulit:
2959 1957 2977 1990 ι
3004 1940 3222 1997 Honora
3257 1946 3428 2002 Deum
3461 1960 3513 2004 ct

243 2028 336 2075 τες
370 2013 567 2066 οὐσίαν
616 2014 893 2083 ἐχέτωσαν
920 2030 936 2046 ο
973 2009 1055 2079 οἷς
1107 2016 1182 2087 μή
1236 2020 1525 2087 πρόσεστι,
1561 2021 1831 2093 δώρησαι.

245 2106 467 2174 Ὠσπερ
521 2106 579 2158 δὲ
627 2105 834 2173 σαυτῷ,
872 2104 1019 2159 οὕτω
1058 2110 1153 2161 καὶ
1188 2110 1327 2162 πᾶσι
1364 2109 1624 2180 πρόσεχε.
1658 2111 1833 2165 Γνῶθι

241 2199 301 2251 δὲ
330 2199 415 2261 τίς
444 2196 613 2269 ἦσθα,
641 2200 738 2250 καὶ
781 2199 867 2260 τίς
897 2199 993 2251 νῦν
1039 2201 1283 2270 σήμερον
1307 2196 1378 2255 εἴ.
1412 2204 1473 2256 Ei
1504 2204 1549 2256 δ’
1576 2204 1834 2273 ἁμαρτά·

240 2301 356 2335 νειν
417 2288 479 2336 οὺ
539 2283 746 2351 βούλει,
784 2284 862 2353 μὴ
894 2284 1269 2356 ὑπερηφάνως
1320 2287 1583 2342 διάκεισο.
1620 2290 1691 2343 Σὺ
1723 2291 1832 2361 γάρ

238 2374 377 2443 ὁρᾷς
411 2376 494 2437 τίς
528 2375 639 2443 ἐγὼ
673 2375 779 2444 πρὸ
812 2376 1013 2445 μικροῦ
1049 2378 1141 2429 καὶ
1179 2376 1233 2429 τί
1266 2375 1360 2432 νῦν
1410 2382 1526 2450 είμι
1565 2383 1829 2453 σήμερον.

240 2467 463 2533 ’Δγάπα
500 2469 606 2536 πρὸ
635 2467 854 2520 πάντων
880 2467 1004 2529 τοὺς
1028 2468 1267 2537 πένητας
1296 2485 1308 2499 ·
1345 2473 1438 2525 καὶ
1465 2472 1829 2543 ἐλεημοσύναι

242 2561 321 2630 μὴ
367 2561 782 2614 ὲκλειπέτωσαν
814 2562 921 2613 ἀπὸ
955 2562 1072 2614 σοῦ.
1112 2580 1132 2614 ι
1178 2563 1560 2633 Γεγενημένης
1586 2564 1632 2616 δ’
1662 2566 1829 2636 εὐχῆς

238 2656 347 2708 ὑπὸ
380 2654 479 2706 τοῦ
517 2654 845 2723 ἀρχιερέως.
874 2657 902 2707 ό
934 2654 1186 2724 Τιϐέριος
1246 2656 1350 2708 ὑπὸ
1374 2658 1500 2720 τοὺς
1539 2658 1704 2721 πόδας
1750 2658 1828 2729 τῷ

238 2748 457 2815 βασιλεῖ
508 2746 761 2817 ἔρριπτο.
819 2745 878 2798 Ὀ
909 2745 965 2799 δὲ
1002 2746 1288 2799 ὑπολαϐὼν
1324 2747 1464 2816 ἔφη’
1502 2766 1520 2799 ι
1570 2747 1699 2801 Ἐὰν
1743 2748 1828 2801 θέ-

232 2843 360 2912 λῃς,
396 2840 519 2909 είμί
544 2854 558 2869 ⁶
598 2840 697 2893 ἐὰν
729 2838 913 2908 θέλῃς,
962 2836 1065 2891 οῦκ
1121 2842 1237 2909 εἰμι
1262 2855 1275 2868 ·
1310 2840 1337 2891 ὀ
1373 2839 1503 2903 Θεὸς
1531 2841 1557 2891 ό
1590 2842 1824 2909 ποιήσας

230 2936 327 2986 τὸν
362 2931 600 3002 οὐρανὸν
637 2932 734 2984 καὶ
778 2932 879 2999 τὴν
928 2933 1056 3000 γῆν,
1102 2932 1278 2985 πάντα
1326 2932 1429 2985 ὅσα
1474 2932 1824 3002 ἐπελαθόμην

230 3028 418 3079 εἰπεῖν
446 3024 744 3087 σοι,αὐτδς
794 3026 877 3086 είς
929 3024 1028 3092 τὴν
1080 3023 1181 3092 σὴν
1232 3023 1463 3093 καρδίαν
1497 3024 1821 3095 ὶπεμϐαλεῖ,

231 3116 521 3189 στηρίζων
558 3116 654 3170 καὶ
695 3117 985 3184 στοιχειῶν
1018 3132 1076 3167 σε
1126 3116 1203 3183 τῷ
1232 3115 1514 3187 ἁγνοτάτῳ
1545 3116 1694 3186 φόϐῳ
1721 3116 1824 3169 αὺ-

228 3211 351 3276 τοῦ,
384 3209 456 3261 δι’
480 3200 545 3261 οὗ
575 3210 803 3277 σύμπαν
846 3223 928 3258 σοι
963 3206 1339 3277 κατορθωθείη
1373 3206 1485 3259 τῶν
1508 3205 1756 3299 ἀγαθῶν.
1796 3225 1817 3260 s
1849 3237 1896 3299 ο

227 3304 353 3357 Ἐπ’
386 3302 486 3369 ἔτη
518 3300 576 3352 δὲ
608 3300 853 3368 τέσσαρα
905 3297 1281 3365 συνδιαγαγὼν
1331 3297 1568 3368 Τιϐερίῳ
1598 3298 1822 3351 Ἰουστῖο

226 3412 318 3457 νος
349 3396 379 3446 ὁ
413 3393 537 3455 νέος
568 3390 816 3443 ἐκλείπει
851 3391 910 3443 τὸ
946 3390 1067 3461 ζῇν,
1102 3390 1167 3461 ιβ’
1196 3391 1298 3461 μὶν
1330 3390 1453 3443 καθ’
1495 3390 1688 3445 ἑαυτὸν
1722 3392 1821 3463 τὴν

225 3488 412 3559 ἀρχὴν
462 3486 744 3553 διοικήσας
800 3486 899 3537 σὺν
936 3484 1072 3554 μησὶ
1105 3484 1242 3536 δέκα
1292 3484 1427 3553 πρὸς
1478 3484 1554 3554 τῷ
1600 3486 1816 3554 ήμίσει,

226 3584 323 3635 καὶ
347 3582 521 3650 ἕτερα
552 3580 797 3649 τέσσαρα
835 3579 975 3648 μετὰ
1012 3577 1297 3648 Τιϐερίου,
1348 3578 1518 3647 μηνὸς
1566 3578 1777 3641 δέοντος
1800 3592 1816 3607 ⁸

221 3678 297 3739 ὼς
322 3672 471 3727 εἶναι
503 3674 575 3726 τὰ
613 3675 792 3726 πάντα
846 3673 942 3743 ἐτη
998 3678 1077 3736 ις’
1126 3672 1265 3740 πρὸς
1320 3672 1488 3741 μησὶν
1538 3672 1694 3727 ἐννέα
1722 3673 1818 3725 καὶ

220 3766 425 3835 ἥμισυ.
454 3754 628 3822 Οὗτος
655 3762 683 3812 ό
717 3761 1029 3821 ἰουστῖνος,
1058 3758 1160 3810 ὅσα
1187 3758 1215 3811 ὁ
1257 3759 1579 3820 Ίουστιανὸς
1612 3759 1816 3829 ᾠκοδό-

224 3873 373 3929 μησε
403 3854 715 3923 φιλοτίμως
760 3851 1055 3914 διατεθεὶς,
1102 3850 1447 3921 προσθήκαις
1482 3852 1579 3903 καὶ
1605 3852 1811 3922 ἀναθήο

223 3968 361 4020 μασι
397 3946 796 4009 κατεκάλλυνε,
823 3948 917 3997 καὶ
948 3944 1257 4013 κειμηλίοις
1287 3942 1502 4006 πολλοῖς
1530 3958 1545 3976 ο
1579 3946 1813 3998 πεσόντα

217 4045 276 4096 δὲ
305 4042 405 4096 καὶ
448 4040 545 4093 τὸν
590 4039 791 4109 δροφον
827 4035 920 4089 τοῦ
961 4036 1201 4105 μεγάλου
1234 4037 1359 4100 νεὼ,
1384 4038 1479 4089 ἐπὶ
1512 4035 1574 4089 ιε’
1614 4039 1813 4107 πήχεις

218 4134 551 4202 ἁνυψώσας,
574 4131 712 4199 πρὸς
732 4130 793 4182 τὸ
826 4129 1268 4199 εὐπρεπέστερον
1304 4128 1727 4197 μετεσκεύασεν,
1752 4131 1813 4193 ἐς

220 4223 336 4279 οἷον
363 4226 571 4293 ὁρᾶται
599 4225 701 4293 τὴν
733 4224 999 4292 σήμερον.
1053 4220 1459 4283 Εὐσεϐἑστατος
1486 4221 1543 4273 δὲ
1571 4221 1668 4287 ὢν,
1691 4222 1812 4276 λίαν

223 4324 313 4373 τον
352 4319 475 4389 βίον
508 4315 965 4385 ὶκδεδιῃτημὲνος
1000 4313 1318 4382 ἐτύγχανεν.
1347 4312 1686 4399 namque;
1716 4315 1811 4368 καὶ

221 4416 252 4481 η
289 4408 560 4481 παροῦσα
594 4405 1042 4471 ἑπτακαιδεκάτη
1080 4421 1173 4473 μοι
1207 4403 1315 4457 τῶν
1343 4404 1596 4475 ἱστοριῶν
1620 4407 1811 4475 χρόνον

219 4506 357 4558 ἑτῶν
389 4502 681 4571 τεττάρων
711 4500 849 4570 προς
874 4501 984 4561 τοῖς
1022 4499 1292 4567 ἑξήκοντα
1320 4496 1419 4550 σὺν
1448 4498 1616 4567 μησὶν
1640 4498 1807 4551 ὀκτώ·

1937 2008 2240 2070 Ecclesiam
2297 2018 2438 2089 ejus,
2494 2030 2549 2076 et
2604 2025 2735 2080 olim
2764 2029 2985 2096 quidem
3035 2033 3222 2089 heram
3249 2041 3510 2097 ctdomi-

1936 2114 2086 2166 nam,
2154 2121 2302 2163 nunc
2356 2124 2492 2165 vero
2541 2124 2772 2171 matrem
2800 2128 2968 2176 tuam.
3003 2121 3105 2188 Qui
3132 2125 3421 2184 facultates
3452 2140 3509 2185 et

1936 2196 2305 2259 possessiones
2336 2200 2556 2268 habent,
2590 2204 2824 2261 habeant
2854 2227 2866 2271 ;
2923 2212 3128 2280 quibus
3163 2231 3241 2270 ea:
3270 2217 3491 2284 desunt,

1889 2280 1897 2290 ’
1932 2288 2013 2343 eis
2036 2289 2234 2345 tribue.
2267 2292 2501 2351 Perinde
2527 2306 2692 2368 atque
2720 2301 2772 2355 in
2807 2303 3062 2372 teipsum,
3092 2308 3164 2360 ita
3194 2308 3248 2362 in
3302 2326 3495 2367 omnes

1932 2378 2178 2434 animum
2241 2381 2486 2439 intende.
2552 2388 2728 2444 Nosce
2753 2406 2882 2445 vero
2906 2402 2961 2448 et
2987 2396 3112 2464 quis
3130 2408 3287 2454 antea
3312 2401 3501 2468 fueris,

1931 2478 1988 2523 et
2011 2471 2133 2539 quis
2165 2472 2327 2529 hodie
2356 2476 2531 2537 iactus
2548 2480 2646 2537 sis.
2676 2482 2732 2538 Si
2765 2501 2997 2553 peccare
3038 2507 3147 2546 non
3184 2494 3289 2559 vis,
3323 2512 3390 2550 ne
3420 2514 3505 2551 ar-

1930 2574 2130 2630 rogans
2159 2569 2501 2635 otsuperbus
2554 2571 2743 2629 fueris.
2771 2575 2890 2646 Ipse
2910 2595 3143 2651 namque
3175 2585 3348 2650 vides,
3379 2590 3503 2656 quis

1929 2664 2029 2720 ego
2052 2654 2216 2721 paulo
2245 2669 2371 2713 ante
2423 2660 2643 2726 fuerim,
2673 2674 2729 2720 et
2775 2668 2906 2737 quid
2974 2688 3118 2728 nunc
3178 2678 3302 2730 sim.
3362 2654 3501 2732 Pau-

1934 2754 2093 2809 peres
2146 2744 2202 2798 in
2260 2749 2453 2816 primis
2538 2752 2724 2823 dilige.
2778 2769 2833 2811 et
2914 2759 3274 2835 eleemosyuae
3355 2772 3497 2838 apud

1929 2842 1979 2887 te
2042 2851 2150 2891 non
2190 2838 2464 2896 deﬁciant.
2504 2861 2523 2895 ι
2580 2845 2794 2903 Etcum
2856 2840 3103 2921 precatio
3134 2858 3202 2911 ab
3234 2860 3496 2929 episcopo

1930 2926 2079 2981 facta
2107 2943 2273 2996 esset,
2310 2934 2565 2991 Tiberius
2598 2939 2665 2993 ad
2693 2942 2859 3010 pedes
2886 2945 3232 3015 imperatoris
3342 2926 3497 3022 abj—e-

1926 3018 2023 3074 cit.
2066 3022 2242 3091 Atque
2266 3024 2354 3079 ille
2375 3027 2753 3099 subiuierens,
2819 3054 2835 3085 ι
2890 3035 3197 3109 δίλίηιιυὶι,
3231 3018 3493 3112 volueris,

1924 3127 2081 3180 sum;
2118 3116 2162 3168 si
2198 3118 2461 3182 nolueris.
2494 3136 2597 3175 non
2622 3138 2763 3179 sum.
2797 3126 2940 3183 Deus
2980 3132 3072 3200 qui
3126 3134 3255 3190 iecit
3296 3140 3493 3194 caelum

1924 3214 1981 3259 et
2036 3214 2259 3273 terram.
2307 3211 2489 3265 omnia
2533 3228 2875 3288 quaecunque
2936 3221 3031 3276 tibi
3059 3223 3244 3281 dicere
3280 3229 3493 3287 oblitus

1928 3312 2071 3364 sum,
2130 3301 2245 3370 ipse
2279 3302 2332 3355 in
2368 3305 2612 3360 animum
2645 3319 2798 3363 tuum
2834 3312 3111 3382 subjiciet,
3138 3319 3492 3388 conﬁrmans.

1927 3400 2089 3460 atque
2128 3392 2324 3463 abipso
2355 3397 2517 3467 803
2544 3416 2688 3455 nunc
2717 3403 2876 3457 initio
2911 3407 3205 3466 instituens
3252 3422 3305 3467 te
3370 3431 3495 3470 san-

1928 3485 2186 3541 ctissimo
2218 3488 2415 3544 timore
2470 3506 2601 3558 suo;
2659 3510 2759 3562 per
2802 3512 2963 3565 quem
3004 3503 3184 3557 omnia
3217 3506 3313 3560 tibi
3346 3522 3492 3565 recte

1925 3586 2089 3645 atque
2115 3578 2349 3635 feliciter
2381 3584 2643 3639 evenient
2668 3587 2867 3641 bona.»
2902 3590 3151 3647 Justinus
3178 3597 3369 3667 junior
3397 3605 3489 3657 ubi

1926 3669 1979 3722 in
2000 3670 2361 3739 imperiocum
2381 3675 2599 3730 Tiberio
2616 3694 2787 3733 annos
2809 3690 3049 3749 quatuor
3063 3690 3355 3756 exegisset,
3383 3697 3489 3748 vita

1920 3763 2181 3816 excessit.
2228 3763 2347 3833 Ipse
2385 3768 2537 3823 solus
2577 3771 2739 3824 anuis
2776 3772 3075 3830 duodecim
3122 3790 3177 3833 et
3206 3786 3491 3841 mensibus

1920 3851 2108 3907 decem
2143 3870 2268 3909 cum
2304 3858 2537 3913 dimidio
2576 3862 2866 3932 imperium
2930 3868 3286 3936 gubernavit:
3362 3892 3485 3931 cum

1921 3944 2142 4000 Tiberio
2174 3951 2331 4003 annis
2361 3963 2621 4020 quatuor.
2690 3972 2876 4011 mense
2931 3976 3039 4013 uno
3068 3964 3283 4031 minus,
3321 3969 3393 4022 ita
3430 3980 3489 4024 ut

1919 4035 2136 4104 imperii
2192 4040 2314 4107 ejus
2361 4042 2705 4099 anniomnes
2766 4049 3003 4104 sedecim
3051 4054 3181 4118 sint,
3239 4066 3293 4110 et
3339 4076 3487 4115 men-

1919 4142 2007 4182 ses
2065 4144 2260 4184 novem
2313 4148 2438 4187 cum
2491 4136 2741 4193 dimidio.
2794 4141 3060 4209 Justinus,
3146 4164 3486 4223 quaecunque

1918 4222 2116 4290 templa
2144 4222 2484 4281 Justinianus
2509 4243 2701 4297 magna
2732 4246 2863 4285 usus
2901 4234 3230 4292 liberalitate
3267 4222 3482 4311 magni-

1918 4311 2017 4366 ﬁce
2037 4315 2368 4379 construxit,
2411 4332 2474 4371 ea
2506 4320 2936 4389 accessionibus,
2963 4324 3205 4383 donariis
3239 4340 3293 4385 et
3316 4336 3483 4389 sacris

1915 4403 2062 4457 vasis
2113 4406 2362 4473 pluribus
2398 4408 2511 4478 ipse
2536 4414 2844 4469 exornavit.
2880 4416 2944 4470 Et
2991 4432 3261 4475 summam
3302 4423 3478 4493 Magni

1918 4496 2102 4565 templi
2138 4501 2465 4555 testudinem
2524 4504 2837 4573 collapsam,
2899 4518 2952 4563 et
2982 4512 3295 4579 quindecim
3327 4517 3480 4570 cubi-

218 4598 466 4669 ὁπηνίκα
500 4595 715 4664 κόσμου
780 4592 881 4663 μὲν
935 4592 1054 4655 ἔτος
1109 4596 1163 4655 ς’
1216 4589 1572 4659 ἐνενηκοστὸν
1602 4590 1807 4657 ὄγδοον,

1919 4597 2003 4642 tos
2025 4589 2267 4653 sustulit,
2298 4599 2355 4645 et
2382 4593 2786 4663 decentissime,
2824 4601 2895 4653 ita
2928 4609 2987 4653 ut
3020 4602 3183 4657 hodie
3211 4609 3478 4668 cernitur,

217 4691 325 4744 ἀπὸ
355 4690 418 4744 δὲ
449 4689 553 4758 τῆς
604 4686 759 4749 θείας
811 4684 906 4738 τοῦ
955 4683 1160 4753 Κυρίου
1192 4681 1508 4752 γεννήσεως
1542 4688 1593 4751 φ’
1624 4681 1808 4751 τρίτον

218 4785 311 4836 καὶ
340 4780 714 4851 ἐνενηκοστὸν
743 4778 1086 4847 ἐπεραίνετο.

1919 4679 2181 4733 restituit.
2235 4681 2300 4735 Et
2350 4699 2471 4737 cum
2502 4687 2723 4754 pietatis
2750 4700 2897 4744 esset
2922 4692 3383 4761 studiosissimus,
3424 4700 3476 4753 in

1929 4771 2037 4825 vita
2096 4775 2409 4841 quotidiana
2449 4788 2629 4832 tamen
2670 4798 2934 4850 perquam
2994 4785 3291 4843 dissolutus
3353 4790 3477 4844 fuit.

220 4876 384 4929 Liber
445 4874 539 4927 hic
602 4870 964 4925 historiarum
1032 4870 1279 4926 decimus
1334 4870 1602 4940 septimus
1660 4877 1875 4935 tempus
1918 4865 2300 4933 complectitur
2362 4874 2637 4942 sexaginta
2688 4884 2741 4927 et
2780 4889 3016 4944 quatnnr
3047 4896 3310 4935 annorum
3364 4887 3474 4951 (1),

443 4967 463 4983 ι
536 4964 653 4983 κκι.-
719 4964 934 4983 --_J!._
1000 4964 1175 4983 --_2-_
1224 4962 1542 4983 #:ll--:_-_e-
1584 4959 1969 4983 ..---..--ζ..ι..ιι
2014 4968 2235 4983 Anon”..-
2316 4977 2338 4983 -
2417 4964 2459 4983 .l!
2510 4968 2517 4975 ο
2718 4980 2727 4983 -
2906 4971 2939 4983 Ιί
3043 4972 3051 4981 -
3105 4971 3114 4980 -
3276 4973 3304 4983 ,.
3349 4974 3358 4983 .

217 4981 348 5023 cum
406 4967 481 5022 ab
520 4964 659 5019 orbe
712 4964 939 5018 condito
996 4964 1178 5018 sexies
1222 4962 1544 5017 millesimus
1584 4959 1972 5029 nonagesimus
2012 4968 2255 5022 octavus,
2314 4977 2343 5015 a
2410 4964 2593 5021 divina
2643 4980 2824 5022 autem
2905 4971 3117 5026 Dmniui
3193 4973 3475 5029 nativitatc

216 5060 707 5135 quingentesimus
744 5060 1132 5129 nonagesimus
1178 5056 1375 5113 tertius
1410 5068 1665 5126 ageretur
1692 5072 1893 5112 annus.

283 5267 362 5336 (Ι)
387 5263 748 5332 Computatio
776 5274 1049 5316 annorum
1078 5257 1315 5336 istorum
1341 5274 1464 5314 eum
1485 5258 1605 5336 aliis
1634 5258 1795 5313 chro—
1900 5260 2022 5314 dam
2054 5262 2203 5336 enim
2238 5260 2423 5336 obitus
2478 5261 2675 5336 lustini
2720 5262 2785 5336 in
2827 5276 3030 5317 annum
3088 5261 3304 5318 Domini
3343 5264 3475 5333 582,

214 5329 357 5396 uicis
383 5329 763 5405 scriptoribus
796 5348 908 5390 non
935 5331 1257 5389 concordat.
1284 5329 1598 5386 Secundum
1626 5345 1789 5400 quos-

1904 5332 2204 5387 secundutn
2241 5332 2379 5386 alios
2411 5335 2466 5385 iu
2493 5333 2595 5389 576
2626 5333 2835 5387 incidit.
