4244 6438
685 425 786 489 327

1905 407 2314 470 NICEPHORI
2359 401 2699 466 CALLISTI.

1114 547 3546 594 Μ

3821 379 3928 442 328

1282 723 2281 862 ΝΙΚΗΦΟΡΟΥ
2355 708 3347 848 ΚΑΛΛΙΣΤΟΥ

1931 982 2070 1038 ΤΟΥ
2126 978 2648 1037 ΧΔΝΘΟΠΟΥΔΟΥ

1057 1179 2402 1304 ΕΚΚΑΗΣΙΑΣΤΙΚ
2431 1177 2653 1290 ΗΣ
2761 1170 3463 1294 ΙΣΤΟΡΙΑ
3499 1170 3584 1281 Σ

1991 1434 2377 1524 ΤΟΜΟΣ
2448 1425 2632 1516 IH'.

1307 1821 1432 1971 Ν
1441 1808 2353 1971 ICEPHORI
2467 1798 3332 1960 CALLISTI

2095 2074 2626 2144 XANTHOPULI

1143 2263 2528 2392 ECCLESIASTICIE
2663 2253 3522 2371 HISTORUE

1919 2509 2323 2602 TOMUS
2408 2505 2782 2600 XVIII.

1224 2908 1393 2980 sos
1439 2903 1664 2961 CAPUT
1737 2903 1779 2957 I.

2990 2894 3248 2950 ΚΕΦΔΛ.
3286 2895 3366 2950 Α’.

732 3013 806 3070 Dc
833 3006 1166 3082 imperatoris
1207 3005 1395 3058 Tiberii
1427 3002 1668 3082 imperio,
1700 3016 1804 3082 qua
1832 2996 2095 3082 imperiali
2123 2992 2301 3065 digni-
2397 2991 2408 3041 l

2294 3020 2301 3035 .
2397 2983 2681 3082 Hspbrﬁq;
2702 2985 3270 3082 toﬁ’abroxpa'rop‘oc
3308 2990 3568 3082 Τιϐερίου
3598 2988 3795 3082 ἀρχῆς
3817 3007 3831 3022 ·
3868 2991 3970 3045 καί

1109 3085 1215 3129 tate
1239 3084 1286 3127 et
1310 3070 1696 3141 magniﬁcentia
1728 3070 1905 3140 fuerit.

802 3194 1072 3260 Suscepta
1118 3186 1334 3257 imperii
1380 3184 1867 3250 administratione
1929 3180 2184 3235 Tiberius
2231 3177 2298 3230 ad

734 3297 923 3356 partes
972 3297 1161 3336 omnes
1229 3277 1550 3346 reipublicae
1598 3291 1661 3330 se
1708 3275 2004 3339 convertit,
2065 3281 2124 3326 ut
2173 3268 2323 3326 eum'

735 3375 1084 3443 disciplinam
1136 3370 1447 3424 rectissime
1518 3367 1737 3421 civilem
1807 3366 2142 3427 restitueret,
2187 3373 2301 3415 tum

734 3464 952 3518 bellicis
1026 3458 1474 3530 expeditionibus
1547 3455 1988 3510 commodissime
2080 3465 2302 3505 omnem

739 3555 969 3609 Romani
1003 3551 1220 3622 imperii
1271 3549 1534 3603 ditionem
1593 3557 1948 3616 recuperaret
1990 3556 2047 3600 et
2096 3545 2303 3600 consti-

739 3654 939 3698 tueret.
969 3643 1093 3697 Fuit
1123 3651 1303 3694 autem
1338 3639 1596 3692 Tiberius
1628 3647 1871 3706 procera
1905 3636 2153 3704 corporis
2196 3644 2309 3690 sta-

743 3746 865 3788 tura
915 3741 972 3787 et
1025 3732 1176 3786 vultu
1224 3747 1332 3784 non
1382 3730 1560 3782 solunt
1613 3729 1756 3781 inter
1807 3727 2085 3796 principes
2136 3726 2308 3788 viros,

741 3838 932 3875 verum
958 3823 1120 3875 etiam
1155 3834 1348 3873 omnes
1390 3832 1558 3886 prope
1593 3815 1844 3870 homines
1893 3813 2304 3868 decentissima.

742 3919 820 3972 Ita
857 3927 917 3970 ut
950 3916 1119 3968 forma
1146 3911 1368 3981 quidem
1408 3908 1642 3978 imperio
1667 3908 1880 3976 dignus,
1909 3908 2094 3959 animo
2124 3915 2308 3958 autem

750 4009 998 4078 placidus
1029 4016 1197 4068 esset,
1231 4013 1285 4057 et
1328 4004 1420 4071 qui
1453 3999 1794 4054 humanitate
1826 4009 1881 4052 et
1929 3996 2310 4052 misericordia

746 4119 910 4169 quam
968 4099 1200 4153 maxime
1235 4096 1517 4166 gauderet,
1578 4095 1697 4161 ipso
1739 4092 1916 4146 solum
1967 4098 2212 4160 aspectu,
2251 4097 2312 4142 ut

746 4195 818 4245 ita
850 4191 1051 4254 dicam,
1084 4203 1275 4242 omnes
1324 4186 1391 4239 ad
1436 4200 1493 4238 se
1537 4184 1776 4237 invitatis
1824 4191 1986 4249 atque
2037 4180 2307 4234 alliciens.

750 4283 855 4337 Eas
912 4292 1093 4334 autent
1149 4278 1370 4332 divitias
1423 4285 1478 4330 et
1531 4275 1717 4342 capias
1779 4274 1986 4341 amplas
2037 4273 2141 4327 sibi
2192 4287 2311 4325 esse

752 4373 1001 4441 putabat,
1034 4370 1076 4424 si
1129 4369 1338 4435 prolixe
1375 4381 1483 4418 nun
1540 4364 1714 4417 solum
1782 4363 1848 4416 ad
1906 4363 2313 4425 necessitatem,

750 4463 844 4516 sed
880 4463 1042 4515 etiam
1096 4460 1162 4513 ad
1201 4457 1592 4512 abundantiam
1642 4455 1762 4507 aliis
1827 4453 2141 4523 largiretur.
2204 4453 2317 4508 Nec

752 4555 843 4607 ille
878 4553 1206 4620 respiciebat
1248 4549 1379 4619 quid
1417 4549 1666 4616 recipere
1703 4555 1975 4613 petentem
2011 4553 2314 4614 oporteret,

755 4646 847 4698 sed
877 4645 1008 4713 quid
1059 4644 1447 4712 imperatorem
1490 4640 1860 4694 Romanorum
1901 4639 2031 4694 dare
2076 4640 2314 4694 deceret.

753 4736 907 4800 Quod
942 4736 986 4788 si
1018 4735 1136 4787 auri
1166 4733 1464 4803 quidquam
1511 4731 1577 4784 ad
1610 4747 1734 4785 eum
1768 4731 2143 4800 perveniebat,
2192 4733 2316 4784 vio-

752 4828 935 4881 lenter
960 4842 1083 4880 cum
1133 4825 1479 4880 subditorum
1512 4824 1770 4894 lacrymis
1815 4824 2129 4884 collectum,
2159 4823 2315 4876 adul-

756 4921 993 4972 terinum
1033 4918 1084 4970 id
1111 4928 1164 4970 et
1193 4917 1447 4985 rubigine
1477 4916 1771 4968 obductum
1801 4929 1919 4968 esse
1948 4915 2316 4968 existimabat.

759 5012 993 5065 Proinde
1031 5009 1244 5063 civibus
1299 5009 1529 5063 ditionis
1589 5024 1702 5062 suae
1761 5007 2018 5061 omnibus
2075 5022 2318 5059 annuum

760 5105 925 5155 etiam
993 5100 1260 5153 tributum
1321 5100 1533 5154 remisit
1602 5119 1615 5153 :
1677 5099 1844 5168 809
1891 5105 1945 5152 et
1994 5112 2323 5166 quocunque

759 5208 918 5261 agros
968 5192 1374 5245 Vadaarmanes
1424 5191 1773 5260 expeditione
1828 5205 1926 5243 sua
1991 5199 2319 5253 vastaverat,

760 5286 1106 5338 immunitate
1165 5294 1220 5337 et
1288 5282 1544 5337 libertate
1592 5297 1802 5336 summa
1863 5282 2123 5344 donavit,
2179 5282 2318 5335 ultra

2531 3057 2610 3120 ὡς
2634 3057 2960 3120 ,βασιλικός
2999 3074 3088 3120 τις
3117 3056 3212 3109 καὶ
3233 3056 3707 3128 μεγαλοπρεπὴς(
3730 3060 3828 3132 ἦν.

2481 3170 2936 3237 ’Υποζωσάμενος
2965 3169 3018 3222 δὲ
3043 3169 3138 3240 τὴν
3156 3170 3423 3240 βασίλειον
3446 3173 3622 3243 ἀρχὴν
3641 3177 3669 3228 ὁ
3698 3175 3974 3243 Τιϐέριος,

2404 3265 2658 3329 παντοῖος
2709 3261 2937 3329 ἐγίνετο,
2991 3262 3059 3314 τά
3125 3280 3185 3314 τε
3243 3265 3341 3333 τῆς
3403 3265 3678 3327 πολιτείας
3741 3265 3980 3335 μάλιστα

2403 3355 2685 3425 ἀνορθοῦν,
2747 3359 2842 3408 καὶ
2878 3356 3231 3424 στρατηγίαις
3283 3356 3529 3423 ἀρίσταις
3573 3357 3671 3425 τὴν
3735 3359 3981 3420 ὑπήκοον

2407 3450 2589 3500 πᾶσαν
2614 3448 2783 3516 ῥῶσαι
2811 3449 2903 3499 καὶ
2968 3447 3403 3517 ἀνακτήσασθαι.
3435 3445 3543 3500 Ἦν
3575 3450 3632 3501 δὲ
3662 3451 3690 3501 ὁ
3728 3449 3982 3519 Τιϐέριος

2411 3541 2670 3609 μέγιστός
2697 3556 2752 3592 τε
2777 3540 2837 3592 τὸ
2876 3540 3033 3608 σῶμα
3060 3542 3153 3592 καὶ
3182 3539 3282 3610 τὴν
3311 3539 3432 3607 δψιν
3466 3540 3611 3609 μάλα
3675 3543 3984 3611 διαπρεπέ-

2411 3649 2604 3694 ora-ro;
2627 3634 2688 3684 οὐ
2725 3633 2884 3697 μόνον
2917 3632 3026 3685 τῶν
3058 3635 3116 3684 ὲν
3151 3633 3444 3702 ῥπεροχαῐς
3477 3634 3666 3693 ὄντων.
3713 3636 3853 3688 ἀλλὰ
3888 3637 3985 3688 καὶ

2410 3725 2628 3778 πάντων
2658 3724 2960 3792 ἀνθρώπων
3003 3724 3209 3794 σχεδόν.
3252 3726 3341 3787 Ὠς
3393 3721 3534 3780 εἶναι
3581 3727 3641 3780 rb
3691 3728 3790 3795 μὲν
3841 3726 3985 3791 εἶδος

2409 3817 2557 3880 ἄξιον
2585 3819 2915 3887 τυραννίδος,
2950 3819 3048 3887 τὴν
3075 3820 3132 3872 δέ
3157 3837 3217 3881 γε
3245 3819 3426 3888 ψυχὴν
3453 3822 3637 3889 ἤπιος,
3673 3824 3766 3874 καὶ
3792 3821 3984 3889 φιλαν-

2415 3909 2626 3978 Θρωπίᾳ
2650 3908 2880 3976 μάλιστα
2904 3909 3108 3978 χαίρων
3139 3911 3299 3979 εἴπερ
3331 3929 3436 3974 τις,
3471 3913 3579 3964 κάκ
3634 3912 3804 3980 μόνης
3855 3914 3986 3976 Θέας

2413 4002 2622 4062 πάντας
2653 4002 2727 4062 ὡς
2764 4002 2940 4053 εἰπεῖν
2971 4001 3335 4070 δεξιούμενος.
3402 4003 3619 4068 Ἠγεῖτο
3653 4004 3709 4055 δὲ
3752 4004 3988 4056 πλοῦτον

2418 4092 2617 4160 μᾶλλον
2652 4092 2744 4144 καὶ
2781 4094 3101 4160 περιουσίαν
3127 4093 3387 4162 λαμπρὰν
3417 4093 3596 4161 ἑαυτῷ
3623 4095 3682 4146 τὸ
3713 4095 3988 4156 πλουσίως

2415 4185 2676 4251 ἐπαρκεῖν
2697 4183 2755 4234 οὐ
2788 4183 2848 4235 rb
2881 4185 3016 4252 rrpr
3069 4187 3258 4254 χρείαν
3308 4186 3500 4253 μόνην,
3527 4186 3660 4238 ά).λά
3713 4189 3804 4238 καὶ
3845 4187 3990 4240 κατὰ

2418 4276 2476 4328 τὸ
2507 4275 2840 4345 περιούσιον.
2877 4276 2950 4328 Οὐ
2983 4277 3088 4345 γάρ
3138 4293 3222 4329 τοι
3289 4277 3647 4341 διεσχοπείτο,
3699 4279 3750 4328 τί
3809 4277 3992 4348 χρεὼν

2420 4369 2506 4436 εἴη
2536 4367 2716 4419 λαὸεῖν
2751 4367 2842 4419 τὸν
2891 4365 3167 4429 αίτοῦντα,
3215 4367 3332 4419 ἀλλ’
3364 4367 3392 4419 ὃ
3423 4367 3636 4437 βασιλεί
3699 4369 3993 4436 Ῥωμαίων

2420 4456 2606 4509 δοῦναι
2637 4458 2931 4528 προσήκει.
2966 4458 3028 4510 Ei
3059 4457 3115 4509 δέ
3156 4474 3259 4510 που
3299 4458 3394 4511 καὶ
3421 4459 3622 4528 χρυσὸς
3684 4461 3830 4528 αὑτῴ
3887 4455 3994 4530 ἧκε

2422 4549 2651 4620 δάκρυσι
2679 4550 2770 4602 καὶ
2805 4547 2944 4617 βίαις
2975 4549 3304 4616 ἐρανισθεὶς,
3333 4549 3527 4601 τοῦτον
3555 4551 3612 4602 δὲ
3639 4551 3746 4620 ἄρα
3803 4553 3996 4623 x5661;-

2423 4639 2516 4694 λον
2546 4641 2639 4693 καὶ
2671 4640 2752 4694 ίοῦ
2784 4640 3035 4708 ἔμπλεων
3055 4638 3214 4710 ᾠετο.
3246 4641 3440 4694 Ἐνοεν
3467 4659 3549 4694 τοι
3587 4643 3682 4696 καὶ
3722 4644 3800 4714 τῷ
3849 4645 3995 4713 ὑπη-

2423 4735 2534 4803 κόῳ
2561 4732 2723 4785 παντὶ
2781 4734 3024 4784 ἐπέτειον
3071 4735 3242 4801 ἀνῆκε
3293 4733 3658 4802 δασμολογίαν
3695 4751 3708 4764 ·
3755 4737 3850 4788 καὶ
3894 4736 3998 4787 ὅσα

2423 4825 2532 4878 τῶν
2561 4826 2852 4895 κτημάτων
2894 4824 3326 4895 Οὑαδααρμάνης
3355 4826 3524 4880 ἐπιὼν
3580 4829 3913 4896 ἐλυμήνατο,
3939 4831 4001 4892 ἐς

2427 4918 2736 4988 ὑπερδολὴν
2768 4918 3089 4988 ἠλευθέρου,
3115 4919 3175 4971 οὐ
3207 4921 3342 4988 πρός
3383 4937 3437 4972 τι
3481 4921 3679 4989 μέτρον
3721 4922 3824 4989 τῆς
3875 4922 4003 4990 βλά-

2426 5008 2547 5079 ϐης.
2578 5010 2648 5062 Δί
2670 5026 2730 5061 τε
2754 5009 2906 5078 παρὰ
2934 5011 3097 5078 νόμον
3121 5011 3298 5074 δόσεις
3349 5014 3462 5073 τοῖς
3499 5011 3759 5081 ἄρχουσιν
3809 5014 4002 5082 εἰάθη-

2428 5118 2527 5154 σαν
2557 5143 2573 5168 ,
2613 5098 2700 5164 αἷς
2731 5104 2777 5152 oi
2810 5103 3002 5171 πρώην
3036 5104 3276 5171 βασιλεῖς
3305 5103 3364 5156 rb
3415 5103 3656 5172 ὑπήκοον
3709 5106 4005 5173 διεπίπρα-

2430 5180 2594 5246 σκρνο
2630 5188 2705 5248 ὧν
2751 5196 2909 5265 χάριν
2938 5196 3031 5248 καὶ
3078 5196 3387 5263 ἐγγράφους
3442 5197 3649 5249 ἐτίθετο
3702 5197 4002 5262 διατάξεις,

2427 5281 2566 5334 ὥστε
2597 5285 2672 5351 μὴ
2709 5285 3043 5353 πράττεσθαι
3074 5285 3349 5354 ἀσφαλείᾳ
3380 5286 3472 5338 τοῦ
3513 5287 3819 5355 μέλλοντος.

763 5376 982 5428 modum
1035 5375 1199 5429 etiam
1266 5386 1318 5428 et
1371 5374 1684 5428 detrimenti
1735 5373 1940 5442 accepti
1995 5374 2286 5426 rationem.
2330 5374 2734 5443 lilagistratibus
2791 5392 3011 5444 quoque
3072 5387 3130 5431 et
3195 5379 3494 5446 dignitates
3541 5380 3862 5447 gerentibus
3897 5381 4005 5433 lar-

762 5469 996 5538 gitiones
1051 5467 1360 5535 illegilitnas
1424 5466 1789 5528 condonavit,
1846 5465 2049 5534 quibus
2106 5466 2325 5534 priores
2400 5466 2764 5535 imperatores
2824 5469 3077 5522 subditos
3154 5470 3257 5538 ipsi
3347 5484 3478 5524 suos
3550 5471 3792 5525 vendere
3854 5473 4006 5528 soliti

764 5563 985 5617 fuerant
1033 5579 1046 5613 :

1101 5573 1237 5628 quas
1291 5559 1362 5612 ob
1414 5575 1503 5613 res
1561 5567 1616 5612 et
1672 5557 2098 5613 constitutiones
2155 5555 2327 5612 edidit
2367 5572 2435 5611 ne
2507 5557 2638 5626 quid
2703 5557 2974 5630 ejusmodi
3010 5559 3064 5613 in
3097 5568 3372 5629 posterum
3396 5561 3860 5622 committeretur.
