4244 6438
276 425 384 490 333

1133 426 1732 486 ECCLESI.\S'I‘IC.1’.
1776 425 2157 484 HISTORle
2195 426 2338 488 LIB.
2387 427 2601 489 XVIII.

3410 425 3512 502 Sal

273 541 624 599 Θεουπὸλεως
663 541 770 592 τῶν
801 541 960 609 ἱερῶν
1009 543 1298 610 ἡγουμένῳ
1343 545 1598 608 ἐγένετο·
1630 544 1848 603 πυκνῶς
1883 551 1922 602 Α

1835 561 1848 603 ;
1883 551 1922 602 Α
1956 542 2246 608 pervenir..
2278 541 2340 595 Et
2376 557 2499 596 cum
2529 559 2594 598 eo
2618 547 2839 600 nomine
2880 547 3224 617 frequentius
3272 549 3337 604 ad
3386 569 3511 608 eum

272 649 333 683 τε
371 633 508 699 παρ’
533 633 697 684 αὑτὸν
734 633 954 700 φοιτῶν,
990 634 1160 700 μείζω
1203 634 1428 699 δύναμιν
1461 635 1522 685 ἑκ
1558 635 1655 700 τῆς
1717 635 1850 699 πρδς

274 725 438 776 αὐτὸν
467 725 672 792 ἐμνᾶτο
699 725 915 795 σχολῆς.
952 721 1121 788 Οὗτος
1168 726 1348 778 τοίνυν
1376 729 1404 778 ὁ
1434 726 1738 787 Ἀνατόλιος
1775 728 1851 778 εί-

271 815 462 868 δὼλων
491 815 709 879 θυσίαις
761 819 1122 887 προσανέχειν
1165 819 1512 888 διελεγχθεὶς,

271 926 359 968 τις
383 910 485 961 σὺν
516 910 698 972 ἄλλοις
725 910 912 963 δεινῶν
947 913 1266 981 ἀτοπήμασι
1318 915 1569 979 φωρᾶται
1596 931 1849 982 συνισχη-

274 1001 455 1066 μένος.
487 1001 694 1069 Δώροις
717 1002 770 1054 δὲ
796 1003 887 1054 τὸν
935 1004 1035 1069 τῆς
1084 1004 1160 1056 Em
1203 1003 1505 1072 ἡγούμενον
1555 1004 1847 1072 μετελθὼν,

272 1093 610 1161 παραδραχίι
643 1094 741 1146 σὺν
773 1097 886 1156 τοῖς
919 1095 1056 1161 ἀμφ’
1087 1095 1251 1148 αὐτὸν
1275 1097 1478 1166 διέδρα.
1505 1095 1695 1150 Πολλοὶ
1744 1097 1850 1165 γὰρ

274 1183 375 1234 σὺν
397 1185 550 1252 αὐτῷ
575 1183 823 1238 ἑάλωσαν
855 1187 932 1255 τῷ
969 1187 1257 1255 μιάσματι,
1291 1189 1340 1239 εί
1398 1188 1472 1257 μὴ
1525 1189 1586 1240 τὸ
1647 1189 1849 1258 πλῆθος

269 1274 665 1344 διαταραχθὲν,
698 1277 760 1328 τὸ
791 1278 1016 1345 σκέμμα
1056 1280 1319 1332 διέλυσεν.
1382 1279 1754 1342 Ἐπετώθαζον
1791 1280 1848 1332 δὲ

270 1366 367 1416 καὶ
397 1366 490 1418 τὸν
521 1367 687 1434 ἱερέα,
715 1368 790 1429 ὡς
822 1368 931 1436 ἄρα
959 1369 1045 1436 εἴη
1082 1371 1173 1422 καὶ
1209 1372 1366 1432 αὐτὸς
1398 1375 1507 1434 τοῖς
1548 1354 1878 1436 ἁλιτσιιρίοιςς

270 1462 717 1529 κεκοινωνηκὼς.
753 1461 859 1514 Καί
886 1479 970 1524 τις
994 1462 1203 1531 δαίμων
1232 1466 1498 1534 ταραξίας
1544 1469 1633 1518 καὶ
1665 1465 1849 1536 ἁλιτήο

269 1567 391 1618 ριος
427 1551 606 1612 ἐνίους
633 1553 942 1616 ἀνέπειθεν,
970 1555 1045 1616 ὼς
1076 1557 1159 1625 είη
1196 1558 1291 1608 καὶ
1311 1558 1528 1620 θυσίαις
1556 1560 1652 1612 σὺν
1693 1559 1850 1611 'Ava-

266 1642 435 1711 τολίῳ
463 1645 831 1712 χρησάμενος.
868 1645 972 1699 Καὶ
1004 1647 1202 1714 μικροῦ
1233 1648 1299 1700 ἂν
1328 1647 1594 1718 διεφθάρη
1641 1650 1847 1720 Γρηγο-

269 1749 390 1800 ριος
423 1735 641 1800 μεγάλα
671 1736 793 1787 κατ’
823 1735 988 1790 αὑτοῦ
1035 1738 1307 1804 ὀργῶντας
1350 1738 1442 1792 τοῦ
1490 1739 1660 1808 δήμου
1693 1754 1706 1768 ⁸
1759 1738 1850 1792 καὶ

266 1825 364 1875 ἐπὶ
391 1827 551 1878 τόσον
578 1825 645 1879 τὰ
675 1830 774 1896 τῆς
801 1831 992 1897 φήμης
1021 1829 1329 1898 διέδραμεν,
1365 1830 1440 1893 ὼς
1490 1832 1583 1883 καὶ
1607 1833 1696 1884 τὸν
1750 1831 1846 1899 βα-

266 1916 426 1970 σιλέα
458 1918 734 1987 Τιϐέριον,
769 1921 844 1988 μὴ
869 1919 938 1972 δι’
965 1921 1150 1986 ἄλλου,
1181 1922 1313 1975 ἀλλὰ
1331 1923 1400 1974 δι’
1420 1923 1592 1991 αὐτῆς
1633 1923 1849 1974 Ἀνατο-

265 2011 385 2063 λίου
415 2012 602 2080 φωνῆς
631 2012 866 2080 τάληθὲς
899 2014 1135 2082 θηρᾶσαι
1166 2015 1389 2084 θελῆσαι
1421 2019 1519 2083 τῆς
1542 2018 1804 2085 μέμψεως
1828 2033 1842 2047 ·

265 2103 359 2153 καὶ
383 2101 520 2170 δῆτα
553 2102 768 2156 κελεύει
798 2104 889 2156 τόν
915 2121 975 2156 τε
1015 2104 1322 2158 Ἀνατόλιον
1348 2107 1442 2157 καὶ
1470 2107 1520 2159 οἱ
1565 2107 1663 2160 σὺν
1693 2105 1844 2173 αὑτῷ

266 2195 516 2261 ἥλωσαν,
557 2195 663 2248 ἀνὰ
678 2197 780 2263 τὴν
809 2197 1072 2265 βασιλέως
1099 2197 1294 2252 ἐλθεῖν.
1329 2199 1395 2251 ‘A
1415 2197 1479 2266 δὴ
1511 2198 1849 2266 μεμαθηκὼς

275 2285 610 2350 Ἀνατόλιος,
645 2289 710 2356 τῇ
741 2288 840 2355 τῆς
902 2289 1247 2357 Θεομήτορος
1298 2288 1469 2342 εικόνι
1513 2290 1695 2342 ἐκεῖσὲ
1744 2307 1846 2342 που

263 2381 325 2429 ὲν
363 2381 432 2447 τῇ
485 2380 680 2450 εἱρκτῇ
730 2379 978 2448 καλωδίῳ
1023 2382 1319 2451 ᾑωρημένῃ
1376 2383 1622 2451 ἐκτρέχει
1674 2383 1850 2436 ὀπίσω

262 2471 514 2539 στρέψας
547 2472 626 2522 τὼ
654 2473 826 2539 χεῖρε,
855 2473 931 2532 ὡς
965 2473 1126 2540 δῆθεν
1155 2474 1415 2527 ἱκετεύων
1448 2492 1506 2526 τε
1537 2476 1626 2527 καὶ
1659 2474 1846 2542 δεόμε-

260 2578 374 2623 νος.
425 2560 494 2612 'H
525 2561 582 2613 δὲ
623 2562 740 2629 ἅμα
774 2563 874 2629 μὲν
904 2563 997 2614 τὸν
1031 2565 1199 2634 ἐναγῆ
1237 2566 1333 2618 καὶ⁸
1387 2567 1673 2632 ἐξάγιστον
1701 2569 1846 2619 ὲκεί-

258 2667 352 2702 νον
385 2651 803 2718 μυσαττομένη,
835 2651 954 2718 ἅμα
990 2649 1048 2702 δὲ
1077 2655 1172 2704 καὶ
1204 2653 1296 2704 τὸν
1324 2655 1603 2722 ἀλιτήριον
1632 2655 1846 2721 ἐξελέγ-

259 2758 484 2806 χουσα,
555 2742 636 2802 εἰς
702 2741 996 2794 τοῦπισθεν
1071 2745 1419 2796 παντάπασιν
1495 2747 1842 2813 ἀπεστράφη,

254 2832 464 2901 (θαῦμα
532 2834 736 2902 φρίκης
811 2835 1011 2902 μεστὸν
1067 2840 1162 2886 καὶ
1211 2836 1364 2886 ἐσαεὶ
1413 2837 1845 2903 μνημονεύεσοαι

251 2927 413 2990 ἄξιον
433 2941 448 2956 ο
477 2924 507 2976 ὃ
535 2925 600 2991 δὴ
629 2930 832 2987 πάντες
865 2927 916 2976 οἵ
935 2925 981 2978 τ’
1012 2926 1313 2994 ἑμφρουροι
1352 2928 1443 2976 καὶ
1479 2929 1525 2976 οἱ
1557 2927 1654 2993 τὴν
1683 2928 1850 2993 φυλα-

255 3019 362 3084 κὴν
429 3017 903 3084 ἐπιτετραμμένοι
945 3018 1190 3069 κατεῖδον
1265 3033 1322 3067 τε
1366 3019 1457 3068 καὶ
1522 3020 1634 3077 τοῖς
1682 3018 1847 3069 πᾶσιν

254 3107 627 3176 ἀνήγγειλαν.
667 3108 730 3160 'H
759 3107 804 3159 δ’
841 3108 1006 3160 είκὼν
1033 3109 1126 3161 καί
1165 3124 1280 3160 τισι
1315 3108 1425 3159 τῶν
1484 3109 1688 3161 πιστῶν
1742 3111 1842 3160 ἐω-

1569 819 1866 886 ἐξάγιστος.

1955 631 2080 694 iret,
2112 641 2436 700 potestatem
2479 634 2740 704 majorem
2763 652 2827 690 ex
2852 637 2966 707 ejus
2997 641 3396 696 consuetudine
3430 655 3515 697 est

1952 737 2301 782 consecutus.
2352 727 2637 784 Anatolius
2685 729 2790 784 iste
2839 733 3070 787 crimine
3119 730 3511 788 sacrificiorum

1952 816 2060 871 diis
2092 817 2395 872 oblatorum
2419 827 2731 884 accusatus,
2775 835 2881 874 una
2912 837 3034 875 cum
3069 824 3210 888 aliis,
3252 833 3310 877 ut
3361 839 3517 878 sacer

1952 919 2007 963 et
2035 912 2411 976 exsecrabilis,
2446 927 2531 966 res
2569 927 2760 982 graves
2799 925 2853 968 et
2905 914 3176 969 absurdas
3227 917 3516 971 admisisse

1952 1011 2269 1071 compertus
2305 1013 2409 1057 est.
2434 1005 2703 1058 Caeterum
2739 1017 2861 1059 cum
2909 1007 3153 1062 Orientis
3199 1011 3514 1076 praefectum

1953 1092 2114 1147 donis
2139 1106 2525 1163 expugnasset.
2579 1110 2771 1165 parum
2818 1098 2991 1153 abfuit
3045 1099 3179 1168 quin
3234 1111 3339 1154 una
3389 1116 3514 1155 cum

1953 1184 2316 1252 popularibus
2370 1184 2488 1238 suis
2536 1185 2713 1250 (multi
2746 1203 2981 1255 namque
3034 1203 3155 1241 eum
3205 1203 3274 1242 eo
3319 1189 3515 1255 piaculi

1951 1274 2070 1342 ejus
2109 1275 2404 1343 participes
2443 1275 2587 1342 capti
2641 1275 2876 1341 fuerant)
2919 1277 3177 1330 evaserit.
3229 1275 3518 1330 Μιιιιὶιυιιυ

1953 1375 2162 1426 autem,
2195 1373 2343 1418 motu
2394 1367 2691 1430 concitato,
2717 1369 2949 1421 consilio
2999 1368 3090 1421 tali
3148 1366 3364 1422 obviam
3433 1369 3516 1421 iit.

1957 1457 2130 1509 lllusit
2159 1472 2221 1510 ea
2259 1458 2490 1512 antistiti
2525 1474 2768 1528 quoque,
2807 1460 2961 1527 quasi
2987 1471 3042 1514 et
3087 1461 3201 1529 ipse
3240 1461 3516 1516 detestan-

1955 1549 2146 1600 dorum
2180 1549 2399 1601 illorum
2453 1549 2735 1603 hominum
2785 1551 2968 1606 socius
3013 1563 3176 1606 esset.
3225 1553 3390 1622 812
3455 1553 3520 1606 Et

1952 1639 2164 1695 (fremor)
2212 1641 2434 1705 quidam
2484 1641 2783 1696 seditiosus
2820 1653 2876 1697 et
2927 1644 3190 1713 peStilens
3242 1646 3520 1700 nonnullis

1954 1743 2323 1797 persuaserat,
2361 1733 2507 1801 quod
2541 1731 2835 1801 Gregorius
2875 1735 3039 1788 etiam
3083 1750 3207 1788 cum
3267 1735 3519 1790 Anatolio

1953 1822 2338 1877 sacrificasset.
2365 1825 2538 1892 Atque
2579 1825 2624 1878 is
2655 1840 2824 1893 prope
2865 1842 2893 1876 a
2953 1827 3109 1894 plebe
3168 1826 3519 1881 vehementer

1955 1916 2149 1969 infesta
2176 1926 2229 1970 et
2273 1916 2412 1970 irata
2441 1917 2762 1971 interfectus
2791 1928 2893 1972 est.
2924 1917 2990 1972 Et
3026 1919 3079 1972 in
3126 1929 3337 1974 tantum
3372 1920 3514 1973 fama

1952 2004 2073 2075 ejus
2107 2008 2185 2060 rei
2228 2006 2520 2065 inerebuit.
2552 2019 2611 2064 ut
2641 2008 2895 2064 Tiberius
2945 2024 3166 2078 quoque
3221 2011 3517 2080 imperator

1953 2111 2061 2150 non
2101 2099 2263 2153 aliter
2294 2110 2458 2167 atque
2487 2114 2584 2168 per
2617 2101 2788 2168 ipsius
2819 2100 3056 2155 Anatolii
3099 2115 3310 2166 vocem,
3333 2103 3517 2157 crimi-

1953 2189 2037 2243 nis
2092 2191 2210 2259 ejus
2265 2193 2550 2246 veritatem
2619 2192 2950 2258 investigare
3008 2194 3262 2248 voluerit.
3332 2194 3518 2264 Itaque

1950 2281 2284 2348 Anatolium,
2319 2295 2374 2338 et
2407 2286 2652 2352 quicum
2698 2300 2766 2338 eo
2814 2287 2956 2354 capti
2993 2297 3170 2349 erant,
3215 2285 3520 2342 Constant?-

1952 2374 2190 2442 nopolim
2227 2375 2416 2428 venire
2439 2375 2614 2444 jubet.
2643 2376 2798 2442 Quod
2833 2379 2928 2432 ubi
2975 2378 3264 2433 Anatolius
3311 2395 3516 2448 cogno-

1953 2465 2048 2530 vit,
2075 2466 2143 2520 ad
2180 2465 2274 2519 Dei
2314 2465 2614 2521 Genitricis
2642 2467 2932 2538 imaginem
2970 2470 3023 2523 in
3055 2484 3275 2524 carcere
3315 2470 3514 2524 alicubi

1949 2573 2013 2609 ex
2033 2557 2275 2612 funiculo
2298 2559 2917 2628 depcndentevaersis
2939 2561 2991 2614 in
3011 2572 3220 2632 tergum
3241 2564 3517 2627 manibus,

1952 2653 2249 2717 procurrit,
2292 2651 2654 2719 supplicantis
2703 2653 2912 2708 scilicet
2959 2665 3015 2707 et
3061 2654 3406 2723 deprecantis
3462 2657 3517 2710 in

1953 2757 2183 2796 rnorem.
2228 2742 2294 2796 At
2327 2743 2414 2795 illa
2469 2743 2746 2812 impurum
2800 2753 2856 2799 et
2917 2747 3313 2801 exsecrandum
3367 2748 3518 2802 illum

1949 2835 2251 2897 detestans,
2295 2835 2456 2890 simul
2485 2845 2541 2890 et
2569 2837 2820 2892 criminis
2868 2839 3004 2892 tanti
3057 2854 3315 2907 arguens,
3349 2850 3518 2893 totam

1949 2941 2008 2980 se
2031 2929 2100 2980 ab
2130 2943 2196 2981 eo
2220 2930 2460 2981 avertit:
2493 2928 2756 2982 miraculo
2784 2930 2997 2984 medius
3028 2931 3187 2986 fidius
3222 2931 3519 2994 horrcndo.

1949 3029 2005 3072 et
2037 3020 2300 3074 memoria
2331 3022 2665 3090 sempiterna
2713 3022 2880 3091 digno
2923 3041 2934 3076 :
2965 3025 3109 3092 quod
3163 3026 3364 3092 captivi
3398 3037 3519 3078 om-

1952 3127 2073 3176 nes,
2100 3114 2192 3182 qui
2246 3115 2300 3166 in
2328 3115 2574 3167 custodia
2608 3105 2995 3178 servaba’ntur,
3028 3127 3083 3170 et
3138 3117 3338 3184 quibus
3389 3130 3519 3169 cura

254 3201 409 3268 ράθη
435 3199 575 3267 πρὸς
606 3200 703 3268 τὴν
726 3201 927 3265 ἑαυτῆς
955 3201 1242 3266 ἐκδίκησιν
1272 3201 1468 3262 αὐτοὺς
1497 3199 1837 3268 ὲρεθίζουσα,
1871 3220 1914 3272 ς

1871 3220 1914 3272 (ς
1949 3205 2188 3257 carceris
2225 3207 2516 3258 commissa
2540 3195 2738 3266 fuerat,
2766 3207 2943 3280 oculis
2967 3207 3069 3274 ipsi
3098 3207 3213 3261 suis
3241 3208 3513 3270 viderunt,

253 3295 550 3361 φάσκουσα
594 3293 669 3354 ὡς
693 3294 803 3362 ἄρα
835 3294 919 3362 εἴη
953 3295 1242 3362 ἐνυϐρίσας
1301 3293 1503 3364 σφόδρα
1532 3293 1608 3362 τῷ
1637 3294 1842 3361 ταύτης

257 3388 359 3456 σιῷ
413 3387 746 3448 Ἀνατόλιος.
789 3385 876 3446 Ὧς
906 3386 964 3438 δὲ
996 3388 1135 3437 κατὰ
1173 3389 1272 3453 τὴν
1296 3386 1567 3448 Βύζαντος
1599 3387 1840 3452 ἐγεγόνει

252 3480 549 3548 μαστίγων
587 3495 645 3530 τε
701 3480 821 3541 ταῖς
873 3477 1201 3547 ὑπερϐολαῖς
1250 3477 1540 3540 αἰκισθεὶς,
1580 3479 1730 3529 οὐδέν
1789 3496 1838 3528 τι

250 3573 400 3624 κατὰ
430 3571 528 3623 τοῦ
565 3573 759 3641 ἱερέως
809 3571 1044 3634 ἐξεῖπεν.
1098 3571 1324 3639 Ἐπίσης
1357 3572 1414 3622 δὲ
1454 3575 1678 3624 κάκεῖσε
1725 3589 1839 3638 μει-

249 3668 429 3727 ζόνων
462 3663 652 3716 κακῶν
684 3665 779 3715 καὶ
828 3665 1070 3722 στάσεως
1102 3665 1274 3724 αίτιος
1301 3663 1378 3732 τῷ
1409 3663 1564 3733 δήμῳ
1595 3666 1832 3730 ἐγένετο.

249 3760 365 3810 Καὶ
403 3759 518 3826 γὰρ
564 3756 760 3824 ψήφων
817 3756 1079 3808 δοθέντων
1131 3756 1304 3817 ἐνίους
1357 3754 1837 3825 ὲξοστρακίζεσθαι

248 3853 342 3902 καὶ
391 3852 471 3917 μὴ
508 3849 877 3916 ἀναιρεῖσθαι,
925 3849 954 3900 ὁ
1019 3847 1190 3915 δῆμος
1237 3846 1315 3916 τῷ
1343 3847 1473 3916 θείῳ
1501 3846 1648 3917 ζῄλῳ
1705 3849 1836 3900 ἁνα-

247 3943 498 4009 φὶηεγεὶς.
535 3941 594 3989 τὸ
643 3940 749 3989 πᾶν
803 3941 1056 4005 συνέχεεν
1105 3939 1464 4006 ἐκταράσσων
1493 3952 1508 3968 ο
1540 3935 1837 4005 ἀγριαίνων

242 4053 305 4086 τε
334 4035 432 4085 καὶ
463 4032 811 4100 χαλεπαίνων
853 4031 979 4090 τοὺς
1012 4027 1535 4097 ἐξοστρακισθέντας
1587 4031 1834 4097 ἀναρπά-

243 4143 417 4186 στους
440 4125 678 4194 ποιήσας
701 4123 798 4175 καὶ
829 4122 1089 4181 ἀκατίους
1121 4120 1430 4187 ἐνθέμενος,
1467 4119 1676 4181 ζῶντας
1704 4121 1834 4189 πυρὶ

242 4215 643 4285 κατηκόντιζε.
677 4211 952 4279 Τοιαύτην
980 4211 1074 4264 τοῦ
1104 4212 1277 4280 δήμου
1305 4209 1486 4278 ψῆφον
1522 4211 1831 4276 Ξςενεγκόν-

240 4329 356 4374 τος,
387 4304 812 4374 διελοιδοροῦντό
851 4321 909 4356 τε
945 4305 1061 4370 ἅμα
1120 4303 1351 4373 βασιλεῖ,
1386 4303 1477 4355 καὶ
1531 4302 1699 4354 πολλὰ
1739 4302 1832 4355 τοῦ

241 4401 404 4469 σφῶν
457 4398 649 4465 ἱερέως
700 4397 962 4465 Εὑτυχίου
1015 4396 1370 4460 κατεϐοῶντο,
1403 4394 1477 4456 ὡς
1512 4394 1611 4463 τὴν
1651 4394 1832 4446 πίστιν

237 4487 771 4555 καταπροῖεμὲνων,
793 4485 841 4538 οἱ
893 4489 985 4537 καὶ
1019 4487 1111 4536 τὸν
1151 4485 1409 4554 Εὑτύχιον
1435 4483 1830 4552 διαχρήσασθαι

1952 3307 2001 3348 «ιι
2037 3296 2299 3349 omnibus
2360 3298 2767 3350 renuntiarunt.
2837 3298 3016 3366 Imago
3079 3300 3193 3367 ipsa
3265 3299 3517 3352 fidelibus

1948 3388 2111 3440 etiam
2139 3388 2462 3456 quibusdam
2496 3398 2788 3457 conspecta
2827 3400 2911 3444 est
2960 3405 3056 3444 eos
3106 3390 3173 3443 ad
3233 3399 3518 3444 contume-

1950 3478 2076 3530 liam
2106 3493 2261 3534 suam
2296 3479 3042 3562 vindicandaukconcitare,
3095 3480 3232 3535 Filio
3286 3496 3388 3535 suo
3447 3488 3515 3532 an

1949 3569 2196 3622 Anatolio
2223 3570 2621 3625 contumeliose
2653 3570 2904 3640 injuriam
2931 3570 3128 3624 factam
3159 3586 3280 3626 esse
3300 3572 3511 3626 dicens.

1949 3662 2239 3730 Postquam
2270 3677 2399 3716 vero
2452 3661 2771 3732 Byzantium
2810 3663 3095 3716 Anatolius
3127 3663 3304 3726 venit,
3333 3673 3390 3716 et
3419 3663 3516 3716 fla-

1947 3753 2059 3822 gris
2095 3771 2257 3824 quam
2295 3757 2531 3809 maxime
2579 3763 2756 3809 tortus
2811 3765 2914 3815 est,
2977 3755 3114 3809 nihil
3177 3765 3264 3810 est
3321 3769 3512 3811 contra

1945 3848 2261 3915 episcopum
2299 3847 2638 3916 prolocutus.
2675 3843 2870 3897 Verum
2903 3846 2976 3898 ibi
3017 3860 3234 3914 quoque
3295 3861 3517 3915 magno-

1947 3954 2066 3992 rum
2099 3938 2367 3992 malorum
2397 3947 2452 3991 et
2483 3937 2775 3992 seditionis
2800 3934 2999 4005 populo
3029 3938 3145 4005 ipse
3181 3953 3304 3992 cum
3337 3953 3512 4006 popu-

1943 4031 2150 4086 laribus
2197 4032 2312 4084 suis
2360 4045 2524 4084 causa
2572 4028 2695 4083 fuit.
2749 4029 2886 4082 Cum
2934 4044 3168 4098 namque
3220 4031 3510 4100 quosdam,

1944 4122 2228 4176 senlentiis
2249 4119 2505 4180 ferendis,
2535 4136 2641 4173 non
2669 4120 3011 4188 jugulamlos.
3047 4122 3141 4174 sed
3189 4123 3510 4178 ostracismo

1945 4214 2256 4267 multandos
2288 4226 2406 4267 esse
2456 4213 2758 4282 jndicatum
2802 4220 2964 4273 esset,
2997 4211 3147 4279 plebs
3175 4212 3291 4266 z'elo
3320 4213 3508 4272 divino

1943 4321 2196 4377 accensa,
2226 4306 2535 4358 universam
2567 4303 2756 4357 urbem
2789 4303 3107 4356 turbulento
3140 4314 3290 4357 tnotu
3325 4304 3500 4373 reple-

1942 4397 2056 4451 vit:
2085 4396 2420 4463 sagviensque
2450 4404 2506 4448 et
2545 4395 2783 4464 graviter
2833 4409 2952 4447 eam
2983 4410 3095 4447 rem
3158 4395 3358 4460 ferens,
3412 4411 3509 4450 eos

1939 4488 2032 4554 qui
2091 4486 2156 4538 ad
2243 4485 2501 4539 exsilium
2578 4484 2822 4538 damuati
2878 4484 3118 4550 fuerant,
3176 4496 3384 4554 raptos,
3455 4495 3514 4543 et

235 4580 520 4650 ἔμελλονο
571 4580 668 4631 καὶ
717 4577 844 4635 τοὺς
908 4577 1008 4645 τὴν
1059 4576 1286 4644 ζήτησιν
1331 4578 1834 4644 ἐπιτετραμμένους
1869 4571 1910 4625 D

1830 4571 2250 4644 :Dpiscatoriis
2305 4576 2532 4629 navibus
2582 4574 2888 4643 impositos,
2965 4575 3074 4642 igni
3138 4576 3292 4630 vivos
3361 4595 3506 4633 com-

234 4675 426 4741 πάντη
488 4673 798 4740 περιιόντες
850 4671 944 4721 καὶ
990 4671 1208 4730 τούτους
1272 4669 1710 4737 ἀνερευνώμενοι
1741 4685 1754 4700 ⁸
1782 4669 1830 4720 εί

236 4769 318 4834 μὴ
348 4767 382 4834 ἡ
413 4764 476 4815 τὸ
507 4764 618 4815 πᾶν
647 4763 909 4814 διέπουσα
931 4761 1051 4814 θεία
1099 4763 1328 4829 πρόνοια
1359 4761 1599 4821 ἐκείνους
1637 4761 1735 4828 μὲν
1765 4763 1829 4812 ὲκ

235 4858 414 4924 μέσου
445 4854 656 4906 τούτων
690 4854 1000 4922 ἀνήρπασε,
1037 4851 1098 4902 τὸ
1152 4850 1209 4903 at
1261 4850 1383 4913 ζέον
1435 4851 1530 4902 τοῦ
1569 4851 1826 4902 τοσούτου

232 4949 488 5017 πλήθους
539 4945 865 5013 καταδραχὺ
928 4942 1142 5006 ἔσϐεσε,
1202 4943 1430 5012 μηδενὸς
1477 4945 1825 5013 circumlato;

231 5037 566 5107 γενομένου.
604 5036 665 5086 ὐ
689 5033 734 5086 δ’
769 5033 1068 5092 ’Λνατὸλιος
1109 5032 1317 5103 θηρίοις
1366 5036 1436 5086 τὰ
1463 5032 1653 5101 πρῶτα
1686 5032 1826 5085 κατὰ

1935 4667 2254 4723 bussit.'Et
2305 4683 2427 4720 eum
2509 4668 2744 4734 p0pulus
2833 4666 3099 4735 ejusmodi
3177 4669 3506 4726 sententiam

1936 4761 2083 4824 tulit,
2121 4773 2238 4814 tum
2273 4757 2516 4814 convicia
2555 4757 2719 4810 etiam
2783 4758 2837 4810 in
2902 4758 3292 4826 imperatorem
3349 4759 3499 4828 jecit.

1931 4864 1987 4907 et
2014 4853 2277 4905 adversus
2313 4852 2635 4918 episcopum
2666 4864 2827 4902 suum
2872 4849 3203 4919 Eutycbium
3234 4851 3502 4905 vocifera-

1932 4956 2018 5000 tus
2037 4955 2144 5008 cst,
2176 4943 2402 5011 perinde
2441 4952 2604 5009 atque
2637 4941 2712 4994 illi
2739 4940 2900 4994 fidem
2951 4940 3306 5008 abjecissent.
3354 4943 3496 5006 Quin

1930 5035 2225 5089 multitudo
2299 5034 2624 5103 Eutychium
2707 5046 2948 5101 quoque,
3011 5047 3215 5101 eosque
3295 5035 3499 5101 quibus

1927 5131 2159 5197 quastio
2189 5127 2443 5180 mandata
2473 5127 2670 5182 fuerat.
2702 5125 2756 5178 in
2785 5123 2920 5178 locis
2944 5124 3233 5187 omnibus,
3269 5124 3493 5178 investi-

1927 5229 2080 5287 gatos
2109 5217 2501 5278 interfecisset,
2533 5217 2636 5270 nisi
2667 5231 2788 5284 quae
2827 5216 3010 5269 omnia
3045 5216 3314 5284 gubernat
3346 5215 3490 5269 divr-

1927 5326 1994 5362 na
2031 5307 2398 5371 Providentia,
2431 5308 2554 5361 illos
2584 5308 2804 5375 quidem
2827 5321 2858 5360 e
2888 5307 3070 5360 medio
3103 5306 3488 5374 subripuisset,

1928 5397 2251 5452 ferocientis
2297 5407 2480 5469 autem
2531 5396 2901 5450 multitudinis
2932 5397 3182 5450 ardorem
3230 5395 3490 5462 paulatim

1926 5493 1999 5543 ita
2043 5489 2405 5549 restinxisset.
2455 5467 2520 5540 ἰιι
2575 5488 2711 5540 nihil
2763 5487 2986 5541 absurdi
3024 5484 3488 5540 connnitteretur.

1924 5581 2093 5633 Porro
2123 5577 2408 5631 Anatolius
2438 5578 2631 5630 bestiis
2679 5577 2913 5644 primum
2971 5577 3024 5628 in
3081 5575 3487 5644 amphitheatro

1923 5673 2191 5743 objectus,
2220 5680 2275 5724 et
2309 5669 2528 5722 abunde
2560 5669 2628 5722 ab
2659 5670 2765 5722 illis
2818 5670 3134 5731 dilaniatus,
3171 5669 3223 5720 in
3268 5681 3488 5720 crucem

1926 5777 2109 5834 p0stca
2140 5774 2223 5819 est
2247 5774 2422 5818 actus.
2466 5764 2667 5817 Verum
2716 5778 2784 5816 ne
2815 5766 2896 5816 sic
2943 5763 3160 5832 quidem
3195 5761 3484 5830 impiorum

1925 5859 2253 5926 flagitiorum
2301 5871 2460 5925 pmna
2492 5865 2575 5908 est
2605 5854 2922 5908 defunctus.
2981 5852 3145 5921 813
3203 5851 3485 5920 Siquide-

227 5135 291 5185 τὸ
323 5129 714 5198 ἀμφιθέατρον
737 5125 976 5186 ἐκδοθεὶς
1009 5127 1105 5178 καὶ
1125 5123 1323 5186 ἱκανῶς
1349 5124 1573 5183 ἐκείνοις
1595 5123 1828 5174 διασπαο

229 5223 493 5295 ραχθεὶς,
541 5221 735 5270 ἔπειτα
793 5217 1247 5278 ἀνεσκολοπίξετο
1281 5254 1296 5278 ,
1359 5215 1478 5284 μηδ’
1525 5213 1667 5266 οὓτω
1717 5216 1824 5266 τῶν

222 5315 473 5367 ἀνοσίων
505 5311 686 5380 ἔργων
703 5309 855 5360 λύσιν
887 5307 1188 5376 εὑράμενος
1223 5323 1236 5335 ο
1273 5309 1334 5357 τὸ
1378 5305 1487 5374 γὰρ
1540 5304 1822 5370 ἐξάγιστον

224 5407 452 5458 ἐκείνου
489 5404 651 5470 σῶμα
685 5399 759 5471 [οἱ
793 5399 968 5470 λύκοι]
1015 5402 1073 5450 τὸ
1123 5400 1196 5466 μή
1255 5414 1381 5449 ποτε
1418 5396 1623 5465 ἱστορίᾳ
1669 5395 1822 5446 δοθὲν

225 5495 649 5562 καταγαγόντες
684 5492 919 5552 ἐκεῖθεν,
969 5491 1153 5556 θοίνην
1195 5488 1406 5547 ἑαυτοῖς
1462 5487 1817 5552 διενείμαντο.

220 5591 338 5643 Καί
376 5605 466 5647 τις
497 5587 544 5639 δ’
576 5588 634 5638 ὲν
669 5583 973 5653 ’Δντιοχεὶᾳ
997 5580 1209 5650 παρὼν,
1245 5579 1604 5648 προεφοίσαζε
1641 5581 1708 5632 τὰ
1735 5577 1820 5629 ἐπ’

216 5675 374 5748 αὑτῷ
399 5679 772 5747 γενησόμενα.
808 5676 916 5729 Καὶ
972 5676 1081 5742 γάρ
1109 5691 1224 5736 πως
1261 5673 1411 5740 ἔλεγε
1447 5673 1569 5725 καθ’
1620 5673 1819 5731 ὕπνους

220 5775 357 5824 ἰδεῖν
383 5772 465 5832 ὡς
501 5774 534 5840 η
573 5771 716 5822 κατὰ
759 5769 1072 5821 ’Δνατολίου
1104 5767 1284 5836 ψῆφος
1321 5768 1411 5817 καὶ
1441 5767 1550 5817 τῶν
1579 5767 1675 5817 σὺν
1724 5767 1820 5817 a6-

214 5867 299 5934 τῴ
330 5865 409 5935 τῷ
433 5866 598 5933 δήμῳ
626 5861 1040 5930 διακριθήσεται
1076 5876 1088 5888 '
1117 5860 1210 5913 καί
1231 5875 1313 5920 τις
1366 5858 1422 5910 δὲ
1483 5859 1656 5926 μέγας
1710 5858 1817 5910 τῶν
