4244 6438
279 414 385 476 337

1138 414 1740 480 ΕΟΟιΕΞΙΑδΤΙΕιΕ
1777 415 2163 476 HISTORIle
2205 417 2349 478 LIB.
2393 417 2614 479 XVIII.

3422 421 3533 487 338

280 522 394 572 κῶν
418 521 714 589 ταγμάτων
755 523 976 590 ἡγεμὼν
1021 525 1322 592 ἐτύγχανεν
1366 526 1462 586 ῶν,
1512 528 1746 595 ἄγχιστα
1797 528 1860 598 δὴ

1895 538 1934 590 Α
1966 527 2148 588 datur,
2175 544 2284 581 non
2327 529 2560 597 capitur,
2590 535 2645 581 et
2698 529 2836 583 locis
2880 527 2947 583 ad
2978 528 3205 583 insidias
3249 532 3531 599 capiendis

274 615 378 676 τῆς
416 615 597 682 μάχης
630 615 1022 681 γεγενημένου,
1059 615 1161 678 ἔξω
1197 633 1256 667 τε
1308 617 1478 684 βελῶν
1510 619 1583 680 ὡς
1619 618 1853 685 μάλιστα

277 702 645 766 καθεστῶτος,
700 705 793 756 καὶ
840 707 938 757 σὺν
978 708 1089 767 τοῖς
1147 707 1285 774 ἀμφ’
1345 709 1505 759 αὐτὸν
1551 708 1856 776 ἀνακράτος

275 799 632 864 χρησαμένου
672 799 816 864 φυγῇ
855 797 1190 866 ’ἐπανήκων
1223 797 1269 849 δ’
1301 797 1511 850 ἐκεῖθεν
1572 798 1662 848 ἐπὶ
1716 797 1856 867 λαμ-

277 889 439 956 προῖς
467 889 578 949 τοῖς
608 888 915 955 τροπαίοις,
946 888 1212 957 θρίαμϐον
1251 888 1482 956 κατῆγε,
1521 889 1614 940 καὶ
1642 889 1726 941 διὰ
1754 888 1856 940 πά-

278 995 377 1045 σης
411 979 578 1046 ἤγετο
608 979 876 1048 γλώσσης.
918 977 976 1032 Ὀ
1005 979 1050 1030 δ’
1104 973 1195 1032 ὧδ’
1221 979 1663 1049 ὑπερϐαλλούσης
1690 981 1854 1046 τιμῆς

275 1070 509 1138 προῖὼν,
545 1073 639 1122 καὶ
669 1071 726 1132 ἐς
748 1073 848 1138 τὴν
879 1070 1152 1139 βασίλειον
1188 1073 1476 1141 περιωπήν
1524 1071 1734 1124 ἄνεισι·
1762 1072 1854 1122 'l't-

276 1160 468 1229 ϐερίου
495 1163 636 1229 πρὸς
669 1165 735 1231 τῇ
788 1163 1020 1232 τελευτῇ
1071 1164 1433 1227 καθεστῶτος,
1469 1165 1566 1232 τήν
1604 1180 1661 1215 τε
1694 1163 1854 1215 παῖδα

275 1251 603 1318 Αὐγούσταν
622 1254 716 1305 καὶ
737 1253 839 1322 τὴν
852 1253 1030 1324 ἀρχὴν
1049 1256 1170 1307 ἀντὶ
1193 1256 1394 1324 φερνῆς
1415 1255 1854 1325 παραδεδωκότος

273 1344 428 1410 αὑτῷ
465 1361 480 1376 ·
512 1345 695 1413 ὀλίγον
761 1348 860 1414 μὲν
929 1348 1020 1401 ἐπὶ
1069 1349 1134 1416 τῇ
1206 1347 1451 1421 βασιλεία
1486 1347 1852 1414 διαγεγονότος

272 1436 548 1497 ἐνιαυτὸν,
592 1438 787 1506 ἀγήρω
815 1438 871 1490 δὲ
898 1440 1118 1507 μνήμην
1140 1438 1218 1506 τῷ
1244 1441 1407 1492 παντὶ
1429 1437 1854 1506 καταλείψαντος

273 1528 480 1596 χρόνῳ,
517 1524 600 1590 οἷς
631 1527 690 1580 εὖ
727 1529 984 1597 πράττων
1037 1530 1133 1582 τὸν
1186 1529 1302 1598 βίον
1341 1529 1556 1597 ἐγένετο
1590 1548 1602 1560 ·
1635 1529 1669 1581 ἂ.
1711 1529 1854 1598 λόγῳ

274 1620 600 1688 περιλαϐεῖν
631 1620 693 1672 οὐ
730 1621 875 1673 πάνυ
906 1637 989 1673 τοι
1023 1621 1201 1692 ῥᾴδιον
1230 1621 1624 1687 καταφαίνεται
1653 1638 1667 1653 ·
1704 1622 1854 1689 μέγι⁴

274 1729 403 1764 στον
427 1711 472 1762 δ’
505 1711 658 1781 αὑτῷ
684 1712 791 1765 τῶν
822 1714 1252 1782 πεπραγμένων,
1287 1716 1380 1766 καὶ
1413 1713 1472 1765 δν
1501 1716 1568 1783 τῇ
1603 1714 1853 1785 βασιλεία

271 1805 668 1859 καταλελοίπει
689 1807 913 1875 κλῆρον,
936 1809 1037 1875 τὴν
1062 1807 1155 1860 τοῦ
1195 1807 1513 1876 θαυμαστοῦ
1539 1808 1850 1875 Μαυρικίου

269 1894 621 1964 ἀνάρρησιν*
671 1893 728 1955 ὃς
783 1895 879 1946 καὶ⁵
934 1895 1034 1956 τὰς
1083 1895 1395 1962 προσούσας
1453 1895 1675 1962 κλήσεις
1721 1896 1858 1946 ἐκεί-

267 1999 382 2043 νοις
447 1982 731 2050 διένειμε·
792 1983 883 2035 τὸν
952 1984 1053 2051 μὲν
1116 1986 1421 2053 Μαυρίκιον
1471 1986 1561 2036 καὶ
1603 1985 1854 2056 Τιϐέριον

271 2075 625 2142 προσειπὼν,
661 2075 761 2143 τὴν
805 2075 862 2126 δέ
917 2077 1236 2141 Αύγούσταν
1286 2077 1379 2127 καὶ
1437 2077 1854 2127 Κωνσταντῖναν

270 2167 754 2233 προσαγορεύσας.
785 2167 896 2219 Kai.
926 2169 1106 2218 τοίνυν
1147 2167 1222 2219 ὅτ’
1284 2168 1457 2219 ἐδόκει
1483 2168 1732 2238 Τιϐέριον
1758 2171 1855 2235 τῆς

271 2256 531 2308 ἐντεῦθεν
549 2258 737 2309 λοιπὸν
759 2258 964 2328 λήξεως
1013 2260 1444 2328 μεταϐήσεσθαι,
1473 2262 1566 2312 καὶ
1599 2264 1710 2321 τοῖς
1757 2263 1854 2328 τῆς

271 2367 300 2412 ς
315 2347 495 2410 ύσεως
513 2350 610 2400 καὶ
627 2350 793 2401 αὐτὸν
820 2351 1069 2402 ὑπείκειν
1087 2352 1333 2418 θεσμοῖς,
1357 2352 1620 2418 μελαίνης
1644 2355 1854 2403 ἐπικει-

272 2440 446 2508 μένης
462 2441 647 2508 χολῆς,
668 2442 975 2510 Μαυρίκιος
999 2442 1099 2510 μὲν
1116 2443 1483 2511 ἀνηγορεύετο
1504 2459 1518 2473 ·
1538 2443 1631 2494 καὶ
1647 2444 1852 2504 νεάζων

267 2537 334 2601 τῇ
378 2533 683 2601 ἁλουργίδι,
719 2535 818 2601 τῆς
853 2535 1328 2604 αύτοκρατορικῆς
1359 2535 1514 2598 ἀξίας
1550 2537 1642 2585 καὶ
1686 2535 1852 2602 τιμῆς

270 2624 674 2692 μετελάγχανε.
705 2625 814 2676 Καὶ
841 2626 950 2695 γὰρ
965 2625 1205 2694 φοράδην
1227 2626 1412 2694 ἀχθεὶς
1445 2627 1472 2677 ὁ
1495 2626 1767 2693 Τιϐέριος,
1785 2629 1849 2694 τῇ

264 2715 436 2767 ὐπαίθ
448 2733 525 2784 ρῳ
538 2716 646 2767 τῶν
663 2715 954 2783 βασιλείων
972 2718 1107 2785 αὐλῇ
1123 2719 1214 2768 τὸν
1230 2720 1328 2785 τῆς
1349 2717 1670 2786 ίεραρχικῆς
1685 2717 1848 2769 καθὲο

265 2808 405 2876 δρας
430 2808 854 2877 ἐπειλημμένον
875 2810 1216 2874 συγκαλέσας
1236 2809 1510 2878 (Ἰωάννης
1526 2809 1582 2859 δέ
1601 2807 1852 2876 τηνικαῦ-

264 2917 336 2951 τα
353 2902 485 2960 τοὺς
515 2900 618 2966 τῆς
655 2899 984 2969 Ἐκκλησίας
1011 2903 1100 2952 καὶ
1123 2899 1450 2952 ἐτιδιίθυνεν
1466 2901 1852 2968 οίακας),πρδς

273 2992 332 3042 δὲ
358 2993 453 3042 καὶ
481 2991 575 3043 τὸν
605 2991 864 3057 ξύλλογον
892 2993 1002 3042 τῶν
1035 2992 1196 3060 ίερῶν
1216 2991 1540 3060 ἀξιωμάτων
1570 2991 1849 3059 ἀθροίσας,

263 3083 367 3149 τήν
399 3099 461 3132 τε
491 3083 622 3150 περὶ
666 3082 832 3134 αὑτὸν
888 3082 1219 3151 δορυφορίαν
1271 3085 1360 3133 καὶ
1423 3081 1692 3150 φυλακὴν,
1758 3082 1852 3134 καὶ

266 3178 388 3228 ὅσοι
423 3175 490 3245 δὴ
524 3178 588 3244 τῇ
625 3175 883 3244 βασιλείῳ
901 3179 1034 3243 τιμῇ
1090 3175 1506 3242 συντετάχαται,
1545 3175 1678 3226 ἀλλὰ
1744 3177 1850 3244 μὴν

269 3266 364 3316 καὶ
423 3265 552 3316 ὅσον
598 3262 693 3314 τοῦ
755 3263 928 3330 δήμου
985 3261 1260 3329 ἐπίσημον
1291 3300 1306 3324 ,
1353 3261 1600 3328 γλῶτταν
1655 3263 1849 3314 ἑαυτοῦ

262 3354 510 3407 ἐποιεῖτο
541 3354 634 3404 τὸν
708 3353 984 3421 Ἰωάννην,
1036 3353 1204 3420 ἄνδρα
1260 3353 1466 3419 ῥήτορα
1524 3352 1617 3402 καὶ
1670 3356 1851 3420 νόμων

265 3449 412 3518 ῐδριν
448 3446 802 3513 Ῥωμαϊκῶν,
834 3446 889 3507 δ;
923 3447 1171 3513 διάτορον
1211 3445 1457 3511 γλῶτταν
1509 3445 1713 3513 αὐχῶν,
1751 3463 1847 3514 με·

264 3540 602 3610 γαληγορῶν
627 3539 857 3591 διετέλει
891 3538 960 3590 τὰ
992 3537 1259 3605 βασιλέως
1293 3550 1308 3566 ·
1338 3535 1396 3586 ὃν
1427 3535 1705 3604 ἐπιχωρίῳ
1735 3553 1848 3602 φω·

261 3639 328 3703 νῇ
364 3633 632 3700 Ῥωμαῖοι
668 3630 1002 3699 κοιαίστωρα
1027 3629 1374 3696 ὀνομάζουσι.
1415 3626 1606 3696 Παρῆν
1645 3626 1778 3692 γοῦν
1819 3629 1846 3678 ὁ

262 3725 633 3793 αὐτοκράτωρ
668 3723 760 3773 ἐπὶ
791 3724 859 3789 τῇ
914 3719 1008 3771 τοῦ
1057 3721 1179 3772 νέου
1232 3719 1494 3786 βασιλέως
1547 3717 1851 3786 χειροτονίᾳ

264 3820 388 3886 ἃμα
417 3820 484 3886 τῇ
522 3815 673 3868 παιδί
704 3814 1111 3882 Κωνσταντίνῃ,
1145 3814 1211 3882 ήν
1251 3811 1544 3880 Μαυρικίῳ
1596 3809 1710 3875 βίον
1757 3811 1851 3860 καὶ

264 3913 444 3979 τύχης
471 3910 591 3977 ἃμα
633 3906 895 3960 κοινωνὸν
924 3907 1194 3957 ἐποιεῖτο·
1231 3904 1395 3971 πρινὴ
1453 3902 1583 3968 γοῦν
1619 3902 1854 3970 ἐγχειρί-

268 4020 364 4054 σαι
387 4002 490 4070 τὴν
521 4000 850 4068 ἀνάρρησιν,
887 3998 963 4064 τῷ
995 3994 1238 4062 συλλόγῳ
1275 3992 1412 4062 τῷδε
1442 3993 1811 4060 διωμιλήσατο
1839 4006 1852 4023 ο

1967 618 2148 692 hostes
2175 619 2332 673 facile
2366 619 2647 687 praevenit.
2677 618 2781 674 Sed
2813 630 2862 674 et
2894 620 3331 684 Tlieodericltus,
3395 623 3529 698 Scy-

1964 710 2233 764 thicorum
2285 713 2360 779 (1)
2410 711 2667 764 ordinum
2721 711 2850 776 dux,
2892 714 2943 765 in
2979 729 3151 782 pugna
3184 730 3291 766 non
3351 713 3527 776 affuit,

1963 818 2148 857 verum
2182 812 2333 857 extra
2369 803 2600 857 telorum
2626 805 2834 872 jactum
2867 821 3027 873 quam
3065 807 3296 858 maxime
3348 805 3532 865 congio

1964 905 2135 957 stens,
2166 909 2222 947 se
2253 908 2374 947 cum
2411 896 2526 950 suis
2563 895 2750 950 elIusze
2797 896 2934 964 fugae
2984 897 3277 949 commisit.
3332 895 3414 948 Ab
3468 911 3531 948 ea

1967 985 2191 1040 victoria
2224 1000 2346 1038 cum
2387 987 2743 1055 amplissimis
2775 987 2996 1054 tropaeis
3028 1002 3304 1046 reversus,
3340 986 3530 1040 trium-

1965 1077 2133 1144 phum
2160 1077 2292 1145 egit,
2320 1087 2482 1144 atque
2514 1078 2758 1131 omnium
2785 1077 3068 1128 hominum
3096 1091 3190 1128 ore
3223 1075 3533 1126 celebratus

1965 1181 2072 1223 est.
2106 1169 2317 1223 Summi
2351 1186 2479 1224 vero
2539 1171 2763 1224 honoris
2813 1169 2902 1222 via
2965 1183 3308 1236 nrogressus,
3365 1167 3528 1219 etiam

1962 1260 2027 1313 ad
2083 1261 2361 1327 imperiale
2422 1261 2697 1330 fastigium
2748 1260 3093 1321 conscendit,
3128 1274 3249 1310 cum
3311 1257 3530 1310 Tiberio

1957 1353 2066 1422 jam
2100 1351 2224 1406 vitae
2271 1353 2390 1406 ﬁnis
2417 1352 2654 1414 adesset,
2692 1351 2783 1419 qui
2836 1351 2915 1404 illi
2977 1351 3141 1402 filiam
3207 1350 3528 1417 Augustam,

1965 1455 2024 1499 et
2066 1461 2188 1498 cum
2218 1461 2280 1498 ea
2305 1445 2426 1498 loco
2459 1445 2602 1498 dotis
2644 1443 2937 1510 imperium
2986 1443 3160 1509 ipsum
3190 1441 3368 1492 dedit.
3413 1439 3530 1492 Non

1961 1537 2049 1590 ille
2082 1537 2299 1606 quidem
2332 1536 2492 1606 longo
2525 1535 2820 1588 admodum
2882 1546 3127 1600 tempore
3209 1533 3261 1584 in
3301 1531 3532 1598 imperio

1966 1639 2266 1694 transacto,
2316 1630 2408 1684 sed
2462 1638 2822 1682 monumento
2856 1638 3036 1680 tamen
3098 1625 3431 1691 sempiterno
3465 1623 3528 1675 ad

1962 1734 2136 1774 avum
2169 1735 2330 1773 omne
2361 1719 2570 1783 relicto,
2608 1733 2704 1786 per
2746 1732 2833 1770 res
2873 1732 3010 1785 quas
3045 1730 3140 1785 per
3200 1716 3360 1768 vitam
3391 1715 3530 1766 bene

1973 1810 2108 1877 egit.
2158 1809 2262 1863 Eas
2304 1824 2432 1862 vero
2485 1809 2670 1862 verbis
2722 1808 3040 1875 complecti,
3092 1821 3195 1858 non
3259 1805 3332 1857 ita
3378 1803 3532 1856 facile

1895 1890 1934 1943 Β
1964 1899 2198 1952 videtur.
2233 1899 2521 1952 Maximum
2559 1907 2736 1952 autem
2779 1898 2950 1965 probe
3001 1895 3070 1948 ab
3118 1909 3183 1949 eo
3230 1902 3528 1962 gestorum.

1956 1999 2010 2044 et
2042 1993 2198 2059 quasi
2225 1991 2476 2059 quaedam
2506 1989 2821 2053 haereditas,
2851 2004 3013 2055 quam
3057 1985 3290 2054 imperio
3319 1993 3443 2053 post
3473 1999 3528 2036 se

1957 2081 2196 2148 reliquit,
2228 2082 2360 2135 illud
2389 2091 2491 2144 est,
2515 2082 2659 2150 quod
2692 2080 3036 2140 Mauricium,
3058 2079 3230 2131 virum
3260 2075 3533 2128 admiran-

1956 2174 2105 2239 dum,
2137 2175 2520 2242 imperatorem
2550 2173 2908 2227 renuntiavit.
2930 2172 3072 2238 Quin
3109 2171 3274 2224 etiam
3306 2169 3526 2222 nomina

1953 2280 2050 2318 sua
2083 2280 2286 2333 genero
2325 2273 2379 2320 et
2410 2264 2531 2318 ﬁlia“:
2561 2264 2784 2328 indidit,
2820 2263 3081 2316 Mauricio
3111 2260 3332 2331 quidrnt
3368 2259 3529 2312 Tibe-

1961 2358 2052 2416 rii,
2086 2357 2343 2424 Augustae
2367 2370 2499 2408 vero
2549 2353 2922 2408 Constantina:
2974 2353 3195 2406 nomine
3246 2350 3527 2418 imposito.

1953 2446 2135 2514 Itaque
2159 2461 2283 2499 cum
2331 2445 2582 2498 Tiberius
2605 2445 2839 2509 videret,
2874 2459 2940 2496 ex
2977 2445 3076 2496 hac
3109 2443 3368 2508 deinceps
3419 2439 3528 2490 vita

1953 2536 2056 2588 sibi
2117 2536 2498 2605 migrandum,
2549 2545 2871 2603 naturaeque
2930 2535 3143 2601 legibus
3225 2530 3528 2587 cedendum

1959 2639 2101 2689 esse,
2143 2636 2261 2678 atra
2298 2626 2450 2679 illum
2485 2625 2581 2679 bili
2611 2625 2908 2693 aﬂligente,
2949 2622 3243 2677 Mauricius
3296 2622 3529 2687 impera-

1957 2725 2042 2769 tor
2068 2715 2269 2778 dictus,
2301 2731 2544 2784 purpura
2570 2716 2908 2784 conspicuus
2941 2714 3208 2767 honorem
3249 2720 3306 2764 et
3355 2709 3531 2777 digni-

1955 2816 2119 2860 tatem
2175 2823 2338 2860 mera:
2368 2823 2704 2875 summeque
2750 2806 3031 2874 potestatis
3087 2804 3314 2870 recepit.
3367 2798 3530 2870 815

1956 2898 2216 2952 Tiberius
2275 2898 2482 2952 etenim
2539 2900 2594 2950 in
2647 2897 2983 2966 hypaathram
3040 2896 3185 2947 illam
3234 2890 3532 2960 impcrialis

1956 2989 2142 3057 palatii
2208 2989 2389 3042 aulam
2450 2980 3168 3058 progressus,'antistitem
3245 2997 3528 3037 sacrorum

1955 3081 2213 3148 (Joannes
2275 3089 2459 3135 autem
2514 3089 2628 3134 tum
2662 3081 2843 3133 adhuc
2885 3078 3139 3135 Ecclesia:
3183 3076 3397 3130 clavum
3435 3089 3530 3142 gu-

1954 3172 2239 3241 bernabat)
2276 3189 2340 3226 co
2393 3174 2663 3237 evocavit,
2696 3180 2861 3240 atque
2921 3172 3148 3238 insuper
3194 3175 3528 3221 conventum

1955 3281 2244 3318 sacrarum
2275 3266 2600 3334 dignitatum
2632 3266 2835 3333 coegit,
2865 3263 3270 3329 satellitumque
3304 3274 3530 3314 suorum

1953 3365 2009 3410 ct
2039 3357 2287 3425 corporis
2323 3356 2638 3423 custodum,
2663 3370 2852 3409 eorum
2886 3369 3105 3424 quoque
3131 3351 3225 3411 qui
3256 3350 3526 3413 imperiali

1956 3448 2151 3502 honori
2215 3459 2602 3502 accensentur.
2674 3448 2812 3500 Tum
2867 3455 3050 3499 autem
3098 3446 3413 3512 quicunque
3470 3443 3526 3494 in

1961 3539 2165 3606 populo
2205 3540 2450 3605 prazclari
2486 3545 2665 3602 erant,
2695 3540 2764 3590 ad
2799 3553 2857 3590 se
2890 3536 3123 3598 accivit,
3173 3534 3266 3587 ubi
3310 3533 3532 3586 nomine

1954 3631 2077 3699 ejus
2111 3629 2351 3684 Joannes
2385 3631 2549 3684 verba
2571 3631 2720 3692 fecit,
2764 3638 2950 3682 orator
3001 3628 3276 3696 egregius,
3325 3634 3380 3678 et
3427 3623 3535 3677 Ro-

1959 3738 2244 3776 manarum
2324 3724 2500 3792 legum
2569 3725 2799 3793 peritus,
2853 3731 2907 3777 et
2976 3731 3204 3790 propter
3265 3721 3533 3788 insignem

1964 3814 2338 3882 eloquentiam
2376 3815 2895 3884 imperatorisjussa
2928 3829 3026 3881 pro
3072 3812 3339 3865 concione
3370 3825 3534 3880 expo-

1964 3919 2093 3959 nere
2147 3907 2364 3968 solttus,
2424 3921 2586 3973 quem
2665 3905 2960 3959 vernacula
3043 3903 3229 3969 lingua
3303 3901 3532 3954 Romani

1966 4005 2295 4064 quaestorem
2347 3996 2554 4049 dicunt.
2599 3994 2801 4048 Aderat
2862 3995 3030 4063 igitur
3071 3994 3368 4063 imperator
3420 3993 3534 4060 ipse

272 4102 326 4151 in
367 4097 495 4149 novi
529 4092 799 4163 principis
852 4091 1146 4151 electione,
1183 4104 1291 4143 una
1319 4102 1443 4140 cum
1489 4088 1596 4140 lilia
1657 4086 2035 4157 Constantina,
2066 4107 2225 4160 quam
2291 4090 2557 4145 Mauricio
2624 4091 2748 4144 vitae
2783 4090 3025 4145 simulet
3059 4090 3290 4144 fortuna:
3331 4088 3533 4142 sociam

269 4191 523 4246 dederat.
550 4187 712 4242 Prius
739 4195 921 4240 autem
943 4198 1107 4253 quam
1133 4178 1483 4251 imperatoris
1529 4179 1657 4234 novi
1683 4181 2021 4237 renuntiatio
2088 4183 2551 4253 promulgaretur,
2613 4184 2681 4236 ad
2742 4189 3072 4237 conventum
3107 4195 3232 4234 eum
3265 4181 3339 4233 ita
3371 4179 3535 4233 verba

265 4286 395 4342 fecit
433 4298 447 4333 :

867 4399 1120 4453 κΕψΑΑ.
1179 4396 1269 4462 ς’.

267 4494 614 4567 Δημηγορζα
667 4490 932 4567 Τιϐερίου
989 4489 1096 4567 τοῦ
1130 4486 1592 4567 -αρτρκρὰτρρος
1617 4485 1727 4567 ,ἐζ-τι
1780 4483 1855 4552 τῇ

371 4554 713 4632 dir-alipilum
750 4554 1087 4628 Μαυρικιου
1105 4557 1363 4626 ρηθεῖσα
1399 4557 1478 4621 τῷ
1511 4554 1746 4621 πλήθει.

341 4702 359 4732 ι
409 4679 649 4748 ’Ἄνδρες
686 4675 980 4742 Ῥωμαῖοι,
1021 4672 1196 4740 ὄνομα
1236 4668 1677 4737 πολυθρύλλητον
1713 4667 1857 4722 ᾶπα-

263 4793 350 4827 σιν
382 4773 590 4828 ἔθνεσι,
624 4768 718 4821 καὶ
742 4765 808 4820 δι’
830 4763 1084 4820 εὔκλειαν
1109 4761 1269 4831 δόξης
1299 4764 1411 4821 τοῖς
1443 4759 1702 4814 ἁπάντων
1733 4759 1858 4809 στό-

265 4885 406 4936 μασι
442 4861 856 4932 περικείμενον·
900 4857 995 4910 νῦν
1037 4854 1270 4924 μεγάλαι
1300 4853 1409 4906 τῶν
1447 4852 1652 4904 ὠδίνων
1693 4867 1857 4920 φρον-

260 4963 411 5022 τίδες
449 4957 577 5024 ἐμοὶ
611 4952 1019 5021 περιίστανται.
1069 4951 1134 5002 Ἠ
1186 4949 1285 5014 μὲν
1338 4946 1446 5016 γὰρ
1477 4945 1512 4998 ἃ
1539 4944 1858 4998 καταλιπεῖν

261 5056 386 5109 δέον
421 5049 612 5110 καλῶς
646 5046 911 5099 διαθεῖναι
962 5042 1280 5108 ἐπείγουσαο
1315 5041 1347 5107 ἡ
1372 5039 1417 5090 δ’
1438 5037 1763 5104 ἐπιταράττει
1791 5035 1855 5100 τῇ

269 5141 577 5213 μεταθέσει
601 5139 702 5205 τῆς
735 5133 1084 5199 διαζεύξεως.
1119 5129 1454 5196 Κατεπείγει
1481 5127 1590 5196 γὰρ
1628 5127 1730 5193 τῆς
1773 5126 1858 5176 ἐν-

264 5236 425 5288 θένδε
462 5230 653 5301 βιοτῆς
679 5229 808 5289 τοὺς
838 5228 1035 5292 λόγους
1079 5221 1420 5292 παραθέσθαι
1457 5218 1534 5284 τῷ
1568 5218 1677 5269 τῶν
1721 5215 1859 5269 ὅλων

262 5321 621 5397 δημιουργῷ.
655 5321 768 5374 Καί
793 5336 858 5385 γε
889 5316 986 5365 νῦν
1016 5317 1138 5384 ἐμοὶ
1171 5318 1203 5385 ὴ
1235 5314 1402 5367 πάλαι
1437 5312 1717 5384 παρρησία
1767 5312 1859 5361 καὶ

264 5423 428 5474 ἂδεια
490 5413 755 5483 περιδεής
814 5427 904 5476 μοι
969 5409 1116 5479 μάλα
1188 5406 1551 5459 καθίσταται.
1603 5401 1698 5464 Οἷς
1751 5402 1860 5469 γὰρ

267 5507 520 5581 ἀφθονία
563 5506 668 5572 τῆς
720 5501 969 5565 ἐξουσίας
1024 5500 1310 5568 πρόσεστι,
1363 5495 1534 5547 πλείω
1566 5494 1631 5562 δὴ
1673 5493 1765 5544 καὶ⁵
1795 5491 1861 5543 τὰ

267 5600 579 5670 σφάλματα
613 5596 760 5656 εἰκὸς
793 5592 1042 5646 ἕπεσθαι.
1110 5590 1250 5644 Ἀλλ’
1285 5591 1430 5654 ὅμως
1480 5588 1535 5638 αἱ
1586 5586 1713 5652 περὶ
1761 5583 1861 5648 τῆς

269 5691 564 5762 βασιλείας
645 5690 781 5755 ἡμῖν
828 5685 1084 5753 ὀξύτερον
1131 5678 1538 5739 ἐπιϐάλλουσιν,
1573 5677 1669 5744 οὐχ
1719 5673 1860 5727 οὕτω

345 5831 426 5914 gl)
472 5826 576 5882 llic
597 5839 818 5893 quoque
847 5823 1037 5878 Gottlii
1067 5820 1280 5892 Scythae
1303 5816 1582 5870 dicuntur.

1890 4395 1939 4455 D

2569 4389 2799 4444 CAPUT
2839 4388 2929 4444 Vl.

1957 4483 2141 4539 Oratio
2172 4482 2726 4552 Tibertit'mperatoris
2753 4484 2807 4535 in
2835 4481 3089 4552 electione
3110 4490 3158 4534 et
3173 4481 3536 4552 designatione

2330 4549 2595 4617 Mauricii,
2637 4553 2705 4603 ad
2735 4551 2985 4620 populum
3011 4552 3175 4604 dicta.

2035 4669 2180 4724 «Viri
2215 4667 2473 4734 Romani,
2513 4666 2994 4738 praeclarissimum
3015 4664 3156 4734 apud
3174 4678 3367 4718 omnes
3392 4679 3527 4731 gen-

1962 4768 2044 4815 tes
2078 4775 2302 4823 nomen,
2343 4769 2398 4812 et
2429 4766 2654 4827 propter
2683 4757 3102 4824 amplitudinem
3129 4753 3316 4822 gloriae
3349 4754 3529 4806 omni-

1960 4855 2062 4908 bus
2098 4852 2346 4906 omnium
2399 4851 2605 4920 linguis
2658 4848 3130 4904 celeberrimum:
3189 4861 3397 4915 magna:
3448 4863 3531 4898 me

1959 4960 2106 4998 nunc
2140 4960 2286 4998 curae
2333 4953 2390 4997 et
2421 4941 2824 5004 sollicitudines
2855 4941 3241 4994 circumstant.
3285 4936 3530 5001 Quarum

1961 5036 2165 5099 altera),
2202 5045 2260 5088 ut
2287 5049 2408 5102 quae
2447 5047 2532 5085 me
2579 5031 2896 5099 relinquere
2951 5035 3189 5096 oportet.
3248 5040 3313 5077 ea
3382 5033 3529 5076 recte

1960 5127 2315 5188 constituam,
2374 5124 2687 5192 adurgent:
2747 5121 2932 5174 alterae
2988 5133 3162 5181 vam,
3206 5114 3532 5184 migratione

1961 5218 2100 5285 ipsa,
2130 5231 2237 5285 qua
2269 5233 2296 5268 a
2322 5215 2478 5268 vobis
2508 5213 2814 5283 disjungar,
2860 5216 3162 5264 exterrent.
3187 5207 3262 5259 Ea
3295 5217 3533 5267 namque

1963 5311 2231 5362 rationem
2268 5316 2400 5360 acta:
2429 5306 2520 5360 hic
2568 5305 2690 5358 vitm
2734 5298 3107 5355 universitatis
3141 5297 3305 5364 hujus
3335 5291 3531 5348 condi-

1962 5399 2065 5452 tori
2095 5397 2327 5452 reddere
2355 5398 2518 5464 cogit.
2567 5396 2634 5449 Et
2666 5409 2814 5447 nunc
2859 5401 3120 5452 usurpata
3150 5388 3288 5442 mihi
3319 5385 3529 5439 dudutn

1962 5493 2187 5545 libertas
2231 5500 2285 5546 et
2345 5489 2614 5543 securitas
2661 5490 2714 5540 in
2758 5485 3108 5538 timiditatem
3142 5481 3417 5548 ingentem
3449 5486 3533 5531 est

1964 5598 2249 5638 conversa.
2277 5583 2486 5647 Quibus
2516 5583 2717 5637 etenim
2745 5581 3006 5651 prolixior
3027 5585 3111 5632 est
3144 5575 3380 5630 faciendi
3407 5585 3531 5640 qua:

1964 5675 2138 5729 velint
2177 5684 2439 5743 potestas,
2474 5691 2568 5729 eos
2603 5685 2821 5743 peccata
2850 5673 3002 5742 plura
3039 5671 3216 5724 solent
3244 5675 3527 5732 consequa.
