4244 6438
706 377 813 446 839

1925 377 2340 440 NICEPHORI
2387 378 2469 442 CA
2485 380 2726 441 LLlSTl

3853 375 3960 442 340

710 491 972 549 Scdeuim
1033 505 1198 558 quam
1231 490 1300 546 de
1343 489 1572 560 imperio
1607 491 1833 561 concepi
1865 506 2078 552 curam,
2103 491 2286 544 acrius
2321 495 2358 548 Α

2284 525 2286 537 ι
2321 495 2358 548 Α
2391 495 2595 564 ταύτην
2626 495 2701 558 ὡς
2731 495 2887 568 ἔτυχε
2916 497 3273 557 καταθέσθαι,
3297 495 3413 548 ἀλλ’
3441 494 3499 557 ὃς
3525 493 3594 547 ἂν
3643 493 3812 562 αὐτὴν
3859 511 3960 545 κα-

715 599 802 642 tne
835 591 1012 654 urget,
1048 592 1108 638 ut
1147 581 1408 637 videlicet
1447 597 1557 636 non
1610 592 1819 638 temere
1849 583 2069 653 quidvis
2098 583 2166 636 de
2195 598 2281 635 re-

713 676 930 742 publica
984 675 1305 741 decernam,
1332 675 1426 731 sed
1456 676 1551 746 qui
1582 691 1702 730 eam
1733 683 1883 731 recte
1913 675 2279 740 administret,

715 769 1071 823 substituam.
1117 767 1572 838 Quandoquidem
1639 784 1742 824 nec
1792 769 1926 823 mihi
1990 769 2282 838 imperium

715 860 782 914 ad
849 860 1184 927 voluptatem
1214 870 1271 916 et
1300 860 1544 915 «delicias
1590 861 1839 930 corporis
1889 860 2285 924 consectandos

717 951 1079 1006 commissum
1116 948 1240 1005 fuit.
1270 948 1457 1019 Neque
1481 964 1613 1005 vero
1654 951 1874 1006 fortuna
1921 960 2132 1006 tantum
2162 952 2283 1005 ani-

717 1057 866 1095 mum
885 1057 1064 1099 meum
1089 1043 1259 1111 angit,
1284 1058 1474 1098 verum
1498 1045 1662 1098 etiam
1694 1055 1890 1098 natura
1921 1045 2058 1113 ipsa.
2081 1044 2282 1098 Eodem

716 1132 862 1184 enim
887 1141 940 1186 ct
966 1133 1256 1201 imperium
1302 1145 1359 1189 et
1393 1135 1595 1204 coniux
1625 1143 1679 1189 et
1725 1134 1886 1189 liberi
1922 1146 2280 1190 concurrunt.

720 1224 854 1278 Nam
900 1226 1193 1294 imperium
1225 1227 1525 1296 sapientem
1570 1227 1990 1297 gubernatorem
2032 1227 2285 1296 requirit,

720 1318 916 1387 eonjuv
969 1319 1253 1373 viduitatis
1309 1330 1618 1376 curatorem
1668 1321 2079 1391 mquissimum,
2126 1321 2286 1375 liberi

723 1423 906 1476 porro,
939 1411 1032 1479 qui
1065 1426 1159 1465 cos
1188 1411 1353 1466 ducat
1390 1420 1448 1467 et
1469 1412 1747 1479 defendat,
1775 1423 2034 1475 tutorem,
2062 1423 2288 1483 propter

721 1503 896 1555 {etatis
933 1501 1387 1570 imbecillitatem,
1427 1515 1482 1560 et
1537 1516 1767 1569 naturae,
1812 1508 2048 1562 maxime
2097 1508 2290 1561 mulie-

723 1591 858 1656 bris,
892 1593 1283 1649 inﬁrmitatem.
1316 1593 1590 1650 Castorum
1643 1604 1855 1649 natura:
1906 1610 2288 1665 saepenumero

721 1692 1021 1738 contemno
1041 1685 1525 1751 necessitudinem,
1553 1689 1745 1743 morbo
1781 1689 2070 1758 ingruente
2092 1707 2104 1740 :
2124 1687 2290 1758 816

721 1774 968 1843 despicio
1014 1777 1181 1833 etiam
1227 1779 1454 1839 liberos,
1481 1789 1537 1833 et
1571 1779 1860 1848 coniugem
1914 1779 2068 1832 nihili
2119 1779 2282 1840 facio,

726 1865 969 1933 mihique
1014 1867 1128 1936 jam
1191 1870 1330 1923 mori
1360 1869 1572 1937 videor,
1615 1879 1671 1924 et
1721 1870 2106 1926 sollicitudinis
2137 1871 2287 1939 ejus-

726 1956 874 2011 modi
925 1957 1238 2014 libertatem
1293 1975 1626 2030 consequor.
1669 1961 1769 2016 Vix
1834 1971 2012 2014 autem
2079 1962 2288 2030 cogita-

727 2051 904 2105 tiones
935 2052 1070 2107 tales
1092 2051 1326 2120 depono,
1345 2068 1469 2107 cum
1490 2053 1622 2107 mihi
1651 2052 1866 2123 imperii
1887 2068 2018 2108 cura
2039 2053 2288 2110 incessit.

726 2141 845 2196 Non
881 2144 1056 2198 solum
1085 2145 1231 2198 enim
1253 2147 1616 2200 certaminum
1635 2146 1882 2200 omnium
1913 2145 2089 2205 multo
2118 2146 2289 2198 maxi-

729 2249 876 2287 mum
916 2245 1025 2297 est,
1081 2237 1354 2292 creditum
1401 2237 1503 2290 sibi
1549 2248 1827 2306 sceptrum
1881 2253 1980 2306 pro
2011 2253 2075 2291 eo
2127 2244 2291 2305 atque

726 2341 826 2394 par
864 2339 950 2381 est
979 2343 1328 2392 conservare,
1354 2345 1547 2384 verum
1575 2330 1740 2384 etiam
1774 2328 2150 2383 [nereditatem
2184 2328 2289 2382 im-

725 2419 888 2486 perii,
931 2421 1005 2473 ita
1043 2431 1103 2476 ut
1129 2421 1307 2484 decet,
1337 2421 1404 2475 ad
1433 2436 1528 2476 eos
1573 2435 1712 2490 quos
1740 2426 1979 2490 oportet,
2013 2419 2290 2474 transmit—

727 2522 866 2566 tere.
917 2512 1185 2581 Equidem
1239 2527 1456 2581 aequum
1513 2528 1633 2568 esse
1676 2511 1970 2566 admodum
2028 2511 2290 2574 arbitror,

726 2603 1107 2659 deeessoribns
1152 2605 1498 2675 principibus
1527 2619 1880 2660 successores
1927 2603 2129 2658 debere
2173 2619 2292 2661 esse

725 2699 1163 2766 praestantiores.
1227 2707 1284 2751 ut
1338 2699 1556 2751 illorum
1618 2705 1799 2751 errata
1844 2696 1932 2752 isti
1989 2695 2291 2764 corrigunt.

725 2788 882 2854 Quod
922 2789 1024 2851 nisi
1087 2789 1214 2850 ﬁat,
1267 2787 1482 2856 imperii
1530 2786 1702 2856 ipsius
1753 2786 2016 2842 ditionem
2050 2801 2290 2851 onmem,

727 2889 1017 2948 propterea
1052 2880 1196 2949 quod
1250 2877 1619 2934 imbecillibus
1659 2877 2034 2934 fundamentis
2064 2879 2294 2942 nitatur,

726 2969 836 3024 labi
878 2980 931 3022 et
975 2985 1234 3026 corruere
1281 2986 1504 3028 necesse
1560 2982 1663 3026 est.
1700 2969 1924 3026 Talibus
1968 2971 2117 3024 curis
2169 2986 2293 3023 cum

727 3063 943 3116 animus
973 3079 1124 3118 meus
1166 3064 1550 3126 conﬁceretur,
1587 3078 1650 3118 ea
1677 3079 1795 3134 quae
1843 3079 1932 3118 res
1981 3079 2173 3128 omnes
2211 3079 2298 3117 re-

2386 586 2490 647 λῶς
2519 586 3022 657 διακυϐερνήσειεν.
3085 587 3240 639 Ἐπεί
3271 584 3354 637 τοί
3381 600 3445 651 γε
3466 581 3576 636 οὐδ’
3604 581 3726 650 ἐμοὶ
3749 597 3959 648 κατηγρ

2387 679 2587 747 γύηται
2614 681 2707 733 ἐπί
2737 696 2796 732 τε
2824 683 2887 750 τῇ
2921 683 3100 750 τρυφῇ
3132 680 3225 732 καὶ
3256 677 3515 747 κολακείᾳ
3545 673 3638 727 τοῦ
3683 673 3955 742 σώματος.

2387 771 2591 841 Τρύχει
2641 771 2697 824 δέ.
2747 789 2817 842 με
2866 772 3024 842 οὑχή
3069 769 3207 841 τύχη
3261 770 3444 837 μόνον.
3489 767 3623 822 ἀλλὰ
3672 767 3766 820 καὶ
3796 764 3960 834 φύσις

2388 865 2549 930 αύτή.
2595 863 2685 917 Ἐν
2713 864 2895 935 ταυτῷ
2932 864 3044 933 γὰρ
3072 863 3107 934 ἦ
3137 880 3195 916 τε
3226 861 3477 932 βασιλεία
3504 861 3599 918 καὶ
3626 861 3660 929 ἡ
3697 861 3840 927 γυνὴ
3864 857 3962 910 καὶ

2387 953 2574 1015 παῖδες
2609 953 2961 1007 ιπιτίοενται·
3009 955 3042 1024 ἡ
3080 954 3181 1024 μὲν
3215 952 3380 1020 σοφὸν
3413 950 3660 1021 ἡγεμόνα
3693 947 3959 1017 ζητοῦσα,

2389 1045 2528 1117 γυνὴ
2551 1045 2607 1099 δὲ
2635 1045 2866 1116 χηρειας
2896 1045 3172 1116 κηδεμόνα
3199 1045 3630 1100 ἐπιεικέστατον
3665 1043 3714 1094 οἱ
3750 1041 3806 1092 δὲ
3833 1040 3962 1091 παῖ-

2388 1137 2499 1200 δες,
2532 1137 2879 1206 χειραγωγοῦ
2907 1137 2967 1190 τὸ
2992 1135 3179 1195 ἀτελὲς
3209 1137 3305 1203 τῆς
3336 1134 3553 1204 ἡλικίας
3581 1128 3964 1201 προϐεϐλημέ-

2390 1247 2493 1292 νοι,
2521 1232 2615 1282 καὶ
2647 1233 2883 1299 μάλιστα
2908 1232 2969 1282 τὸ
2990 1231 3089 1299 τῆς
3129 1229 3344 1301 θηλείας
3386 1229 3601 1296 φύσεως
3631 1224 3964 1278 ἀσθενέσταο

2388 1339 2503 1375 τον.
2546 1323 2706 1375 Ἀλλὰ
2734 1326 2825 1376 εἰν
2859 1323 2956 1391 μὶν
2982 1323 3080 1394 τῆς
3107 1326 3323 1392 φύσεως
3357 1318 3672 1391 περιφρονῶ
3699 1317 3966 1376 πολλάκις

2389 1415 2609 1483 δεσμὸν,
2656 1417 3020 1483 ἐπικειμένης
3068 1416 3164 1484 τῆς
3210 1414 3405 1467 νόσου⁸
3454 1409 3716 1480 ὑπερορῶ·
3756 1410 3812 1465 δὲ
3868 1406 3968 1458 καὶ

2391 1507 2618 1570 παίδων,
2654 1507 2749 1560 καὶ
2798 1506 2925 1574 παρ’
2953 1504 3108 1556 οὐδέν
3154 1521 3246 1574 μοι
3284 1503 3345 1556 τὺ
3376 1501 3619 1569 γύναιον,
3655 1499 3829 1553 δοκῶν
3863 1499 3966 1568 ἤδη

2389 1598 2668 1662 τεθνάναι,
2702 1600 2797 1650 καὶ
2827 1595 3115 1664 λαγχάνων
3142 1596 3239 1663 τῆς
3268 1595 3484 1647 τοιᾶσδε
3516 1593 3860 1663 προμηθείας
3906 1592 3968 1644 τὸ

2390 1689 2721 1758 ιλευθέριον.
2768 1687 2937 1743 Οὔπω
2961 1688 3018 1742 δὲ
3044 1687 3198 1740 ταῦτ’
3246 1687 3604 1752 ἀποτίθεμαι.
3639 1685 3746 1739 Καὶ
3775 1685 3808 1754 η
3839 1684 3969 1750 περὶ

2390 1783 2501 1839 τῶν
2526 1783 2823 1851 σκήπτρων
2852 1780 3126 1850 εἰστρέχει
3154 1779 3400 1850 φροντίς.
3427 1779 3504 1830 Ού
3534 1777 3646 1849 γάρ
3687 1793 3776 1829 τοι
3802 1777 3968 1844 μόνον

2391 1873 2619 1940 ἀγώνων
2650 1873 2797 1924 ἐστὶν
2823 1874 2849 1924 ό
2890 1873 3147 1942 μέγιστος
3181 1871 3241 1924 τὸ
3282 1869 3650 1939 ἐμπιστευθὲν
3681 1869 3968 1937 σκῆπτρον

2391 1963 2780 2031 προσηκόντως
2811 1960 3159 2032 διατηρῆσαι,
3187 1959 3324 2015 ἀλλὰ
3357 1959 3453 2012 καὶ
3496 1959 3557 2009 τὸ
3586 1957 3812 2018 δεόντως
3860 1973 3963 2008 πα-

2394 2053 2684 2121 ραπέμψαι
2706 2054 2799 2105 τὶν
2827 2051 3027 2122 κλῆρον
3065 2046 3145 2112 οἷς
3191 2051 3319 2120 χρὴ,
3352 2049 3540 2118 ἔμοιγε
3573 2049 3722 2116 μάλα
3755 2047 3968 2114 λελόγι-

2395 2163 2520 2198 σται
2545 2145 2750 2197 δίκαιον
2779 2145 2886 2196 τῶν
2911 2145 3195 2214 προτέρων
3218 2143 3499 2212 ἡγεμόνων
3525 2136 3666 2194 εἶναι
3694 2146 3821 2202 τοὺς
3849 2140 3968 2192 δευ·

2392 2237 2584 2304 τέρους
2608 2234 2889 2304 ἀμείνους,
2921 2236 2995 2297 ὡς
3024 2234 3092 2287 ἂν
3133 2229 3212 2296 οἷς
3247 2235 3479 2295 ἐκείνοις
3520 2233 3718 2302 συνέση
3753 2232 3971 2301 σφαλῆ-

2393 2344 2504 2390 ναι,
2532 2321 2679 2380 οὗτοι
2707 2325 2808 2396 τὴν
2839 2327 3114 2398 σφετέραν
3163 2325 3454 2396 διόρθωσιν
3485 2328 3869 2393 ἀπαγὰγωσιν.
3907 2325 3970 2382 Εἰ

2394 2418 2436 2469 δ’
2454 2417 2566 2482 οὖν,
2584 2419 2723 2471 ἀλλὰ
2744 2418 2969 2487 σύμπαν
3000 2420 3059 2472 τὸ
3095 2419 3331 2488 ὑπήκοον
3353 2419 3566 2488 ἀνάγκη
3590 2418 3973 2471 διολισθαίνειν

2395 2510 2616 2579 ἀδρανεῖ
2636 2509 2865 2579 κρηπῖδι
2892 2510 2991 2578 τὴν
3023 2509 3305 2582 βασιλείαν
3337 2511 3652 2580 ἑδράσαντι.
3677 2509 3972 2569 Τοιαύταις

2396 2606 2677 2672 φροντίσιν
2714 2602 3096 2655 ἐκδαπανῶντί
3154 2620 3246 2673 μοι
3292 2603 3392 2673 τὴν
3429 2601 3631 2672 ψυχὴν,
3663 2602 3698 2671 ἡ
3748 2605 3973 2658 πάντων

2397 2696 2590 2765 ἔφορος
2623 2696 2855 2764 Πρόνοια
2894 2695 3186 2766 ἐπίκουρος
3219 2696 3353 2764 ἡμῖν
3382 2695 3491 2747 τῶν
3525 2696 3704 2746 πόνων
3732 2695 3970 2760 γίνεται,

2397 2787 2492 2838 καὶ
2517 2791 2636 2848 ταῖς
2673 2786 2828 2855 ἡμῶν
2857 2785 3072 2854 βουλαῖς
3101 2787 3274 2838 αἴσιον
3304 2787 3366 2838 τὸ
3399 2788 3561 2851 κῦρος
3591 2786 3789 2852 ἐπάγει
3813 2801 3828 2816 ο
3879 2785 3975 2836 καὶ

2397 2881 2508 2931 τῶν
2539 2877 2658 2946 μετ’
2703 2878 2804 2948 ἐμὲ
2842 2877 3232 2947 βασιλεύσοντα
3283 2879 3557 2948 λαμπρῶς
3597 2877 3971 2930 ἀναδείκνυσιν

2399 2974 2712 3042 Μαυρίκιον
2746 2973 2983 3033 τουτονὶ,
3016 2971 3188 3042 ἄνδρα
3236 2971 3494 3040 λυσιτελῆ
3533 2969 3633 3040 μὶν
3684 2972 3797 3030 τοῖς
3834 2968 3976 3021 Ῥω-

2405 3065 2580 3134 μαίων
2607 3065 2896 3134 γενόμενον
2950 3066 3262 3135 πράγμασι,
3313 3063 3545 3124 πολλούς
3573 3079 3632 3115 τε
3675 3063 3771 3114 καὶ
3803 3061 3980 3128 μεγά-

726 3156 889 3223 spicit
933 3157 1282 3213 Providentia
1310 3197 1327 3216 .
1373 3159 1660 3214 laboribus
1711 3161 1919 3214 nostris
1979 3158 2292 3221 succurrit,
2323 3173 2365 3228 α
2400 3158 2402 3205 ἶ

2323 3173 2365 3228 ρ
2400 3158 2525 3218 λους
2550 3157 2769 3225 ἀγῶνας
2799 3157 3170 3225 διενεγκόντα·
3205 3156 3280 3219 ὡς
3312 3155 3378 3210 ἄν
3402 3173 3485 3217 τις
3520 3156 3687 3217 εῐποι,
3718 3153 3979 3222 ἀρραϐῶ-

728 3245 1132 3315 consiliumque
1171 3259 1421 3302 nostrum
1467 3249 1771 3314 auspicata,
1811 3251 2140 3307 auctoritate
2195 3263 2293 3301 sua

730 3336 1074 3394 conﬁrmavit
1098 3379 1114 3403 ,
1145 3347 1201 3392 et
1244 3353 1371 3393 eum
1411 3341 1507 3402 qui
1537 3351 1658 3410 post
1689 3355 1775 3397 me
1808 3340 2092 3410 magnifice
2124 3341 2295 3405 impe-

733 3438 952 3480 raturus
976 3434 1083 3491 est,
1125 3427 1425 3484 declaravit
1457 3447 1475 3487 :
1528 3431 1853 3489 Mauricium
1890 3435 2080 3497 istum,
2113 3431 2295 3486 virum

731 3517 811 3569 rei
856 3516 1121 3573 Romanae
1179 3534 1444 3592 perquam
1479 3523 1668 3578 utilem
1709 3535 1763 3580 et
1804 3524 2178 3589 commodum,
2205 3525 2300 3594 qui

733 3609 888 3677 plura
919 3618 975 3667 et
1002 3626 1197 3681 magna
1225 3615 1525 3670 certamina
1560 3616 1814 3686 pertulit,
1842 3627 1895 3671 ct
1917 3617 2071 3687 quasi
2106 3633 2301 3686 quem-

732 3703 857 3759 dam
909 3705 1301 3773 arrliabonem,
1359 3717 1417 3762 ut
1473 3710 1546 3764 ita
1585 3710 1789 3776 dicam,
1850 3710 2047 3764 futurae
2070 3725 2188 3765 sua:
2235 3711 2302 3764 de

734 3797 950 3853 civibus
1018 3799 1363 3870 subditisque
1417 3815 1565 3856 cura:
1635 3809 1691 3858 et
1749 3802 2112 3873 providentis
2157 3803 2302 3870 apud

736 3893 1130 3962 rempublicam
1160 3893 1439 3963 deposuit.
1474 3893 1630 3950 llunc
1663 3894 1843 3966 ipsum
1864 3895 2029 3950 hodie
2062 3895 2302 3964 impera-

739 3994 911 4040 torem
970 3985 1343 4056 couspicietis.
1378 3985 1552 4040 Tanta
1607 3996 1794 4042 autem
1835 3987 2194 4058 persuasione
2248 3996 2306 4040 et

739 4078 937 4131 Iiducia
965 4076 1120 4131 illum
1167 4077 1415 4132 maxima:
1443 4079 1689 4137 omnium
1721 4079 2187 4134 administrationi
2213 4077 2308 4132 ad-

739 4169 920 4231 hibeo,
947 4169 1372 4240 haudquaquam
1400 4180 1583 4226 mente
1604 4171 1944 4237 claudicans,
1971 4181 2069 4226 aut
2090 4187 2305 4237 errans,

2400 3266 2497 3310 νας
2523 3245 2638 3307 οἷόν
2666 3266 2818 3312 τινας
2865 3248 3405 3318 προκατατιθίμενον
3436 3247 3535 3314 τῆς
3573 3246 3720 3315 ἀμφὶ
3747 3246 3808 3298 τδ
3835 3246 3980 3314 ὖπή⁹

2399 3360 2527 3397 κοον
2548 3343 2701 3411 αὐτῷ
2728 3343 2992 3414 ἐσομένης
3029 3343 3312 3410 προνοίας.
3335 3343 3537 3396 Τοῦτον
3580 3341 3764 3393 τοίνυν
3810 3339 3979 3392 αύτο-

2402 3434 2646 3504 κράτορα
2675 3433 2918 3503 τήμερον
2942 3432 3159 3502 ὕφεσθε·
3202 3431 3346 3486 οὕτω
3390 3431 3447 3486 δὲ
3480 3429 3762 3492 πεποιθώς
3813 3431 3931 3498 εἰμι
3960 3469 3978 3493 ,

2402 3528 2496 3581 καὶ
2550 3525 2895 3598 θαρρούντως
2938 3523 3216 3581 ἐπιϐάλλω
3257 3527 3321 3596 τῇ
3360 3523 3599 3598 μεγίστῃ
3625 3523 3738 3576 τῶν
3768 3523 3982 3591 διοική-

2405 3637 2543 3673 σεων
2575 3621 2843 3690 μηδαμῶς
2871 3617 3128 3688 χωλεύων
3157 3617 3302 3676 κατὰ
3329 3618 3596 3681 διάνοιαν,
3617 3618 3693 3678 ῶς
3723 3617 3786 3669 οὐ
3815 3614 3984 3684 μόνον

2402 3716 2502 3783 τὴν
2529 3713 2836 3784 βασιλείαν,
2866 3712 3002 3766 ἀλλά
3030 3712 3128 3764 καὶ
3167 3710 3231 3764 τὸ
3262 3710 3558 3781 Θυγάτριον
3606 3711 3786 3779 τούτῳ
3812 3726 3984 3763 κατα-

2406 3805 2668 3869 πιστεύω,
2686 3804 2991 3877 τηλικούτῳ
3009 3803 3222 3873 φύσεως
3241 3804 3482 3874 δνεχύρῳ
3500 3803 3792 3873 οαῤῥύνων
3809 3803 3981 3872 ὑμᾶς.

2411 3901 2475 3952 Ὃ
2500 3899 2563 3968 δή
2598 3916 2692 3968 μοι
2720 3897 2816 3951 καὶ
2858 3898 3069 3966 ἐφόδιον
3112 3896 3474 3968 ψυχαγωγίας
3505 3896 3833 3951 ἀποίσεσθαι
3891 3913 3983 3964 μοι

2405 3993 2548 4048 δοκῶ
2598 3993 2698 4061 τῆς
2759 3992 2984 4061 μακρᾶς
3055 3991 3152 4044 καὶ
3203 3992 3620 4060 ἀωποστρὸφου
3671 3989 3983 4059 ἐκδημίας.

2419 4087 2612 4156 Ὑμεῖς
2640 4087 2698 4139 δέ
2741 4102 2830 4153 μοι
2881 4085 3160 4156 μάρτυρες
3204 4083 3473 4156 ἀξιόχρεῳ
3521 4087 3618 4153 τῆς
3684 4083 3985 4152 καλλίστης

2406 4181 2568 4251 τῆσδε
2597 4177 2924 4244 συντάξεως·
2953 4177 3013 4242 ιξ
3066 4175 3143 4232 ὦν
3179 4193 3240 4231 τε
3282 4177 3441 4248 ἡμῶν
3476 4177 3644 4231 παλαι
3670 4177 3804 4229 ποτε
3832 4178 3989 4229 ἔπει-

749 4273 808 4316 ut
856 4279 963 4316 non
1014 4264 1176 4329 modo
1212 4264 1502 4334 imperium
1537 4265 1610 4328 ei,
1647 4281 1838 4321 verum
1886 4265 2049 4320 etiam
2083 4265 2304 4320 ﬁliolam
2412 4297 2425 4350 ι

2412 4279 2614 4350 ράοητε
2663 4275 2762 4346 τὴν
2819 4273 3122 4343 ἡγεμονίαν
3178 4271 3564 4340 ήνιοχούντων,
3621 4271 3716 4325 καὶ
3771 4273 3987 4324 τουτονὶ

742 4360 983 4422 credam,
1027 4355 1252 4427 pignore
1298 4365 1449 4412 tanto
1486 4368 1698 4412 natura:
1747 4358 1941 4427 ipsius,
2003 4359 2150 4414 bono
2210 4373 2308 4413 vos
2411 4392 2418 4422 ε

2411 4368 3006 4441 συμπαρομαρτοῦντος
3034 4365 3156 4420 λίαν
3188 4367 3322 4436 ἡμῖν
3350 4363 3793 4435 ιμφρονίστατα.
3825 4365 3898 4418 Σὺ
3929 4365 3986 4418 δέ

743 4449 930 4502 animo
984 4463 1104 4504 esse
1146 4450 1367 4520 jubens.
1407 4450 1463 4507 ld
1508 4450 1654 4520 quod
1706 4452 1856 4506 velut
1911 4450 2308 4506 consolationis
2347 4524 2379 4532 _
2415 4485 2419 4532 ι

2347 4524 2379 4532 _
2415 4483 2527 4532 μοι,
2567 4462 2864 4531 Μαυρίκιε,
2893 4457 3183 4517 κάλλιστον
3237 4458 3370 4526 ἡμῖν
3423 4456 3717 4524 ἐπιτάφιον
3743 4457 3844 4528 τὴν
3886 4457 3988 4528 σὴν

743 4542 1025 4606 viaticum,
1059 4559 1271 4600 mecum
1321 4544 1456 4600 mihi
1493 4546 1708 4600 laturus
1756 4544 1823 4598 ad
1867 4544 2083 4614 longam
2126 4545 2306 4609 istam,
2347 4524 2419 4624 "‘1

2347 4524 2388 4577 Β
2415 4524 2898 4626 ᾖασιλείαννποιῶν
2927 4549 3185 4603 διατέλειο
3238 4524 3336 4601 καὶ
3367 4547 3461 4601 τὸν
3491 4549 3624 4618 ἐμὸν
3653 4524 3827 4616 τάφον
3863 4524 3989 4612 sui;

745 4635 889 4690 unde
931 4636 1134 4690 reverti
1169 4651 1276 4690 non
1322 4635 1508 4700 liceat,
1536 4637 1912 4707 migrationem
1956 4637 2172 4691 videor.
2202 4637 2310 4692 Vos
2415 4668 2421 4694 ι

2415 4649 2538 4708 σαῖς
2567 4647 2790 4715 ἀρεταῖς
2817 4643 3129 4711 διακόσμει⁶
3160 4641 3301 4711 μήτε
3361 4643 3463 4702 τὰς
3518 4639 3627 4694 τῶν
3690 4656 3774 4692 σοι
3825 4657 3990 4693 πεπι-

745 4731 852 4800 ipsi
879 4740 1063 4785 autem
1097 4729 1283 4785 idonei
1318 4739 1375 4786 et
1411 4727 1519 4786 ﬁde
1547 4730 1695 4802 digni
1730 4729 2114 4801 pulcherrima:
2147 4730 2311 4800 hujus
2411 4757 2421 4790 ς

2411 4738 2716 4791 στευκότων
2738 4734 3011 4806 αἰσχύνων
3058 4735 3301 4800 ἐλπίδας,
3334 4733 3460 4804 μήτ’
3492 4734 3707 4802 ἀρετῶν
3738 4733 3993 4804 ἐπιλελη-

744 4825 1109 4882 ordinationis
1156 4834 1325 4882 testes
1354 4825 1488 4879 mihi
1525 4827 1681 4888 estis,
1711 4841 1778 4880 ex
1807 4839 1875 4878 eo
1920 4823 2066 4895 quod
2113 4837 2308 4883 eorum
2411 4850 2420 4881 ς

2411 4831 2610 4900 σμένος
2639 4830 2748 4886 τῶν
2801 4828 2934 4893 σῶν,
2971 4828 3066 4880 καὶ
3113 4825 3209 4880 τοῦ
3260 4828 3390 4895 πρὶν
3449 4825 3707 4894 εὐγενοῦς
3759 4826 3859 4894 τῆς
3891 4827 3990 4895 σῆς

746 4917 842 4986 qui
876 4917 1165 4988 imperium
1196 4928 1444 4974 nostrum
1481 4917 1688 4972 dudum
1737 4915 2220 4977 administrarunt,
2253 4922 2309 4968 et
2409 4942 2422 4973 ι

2409 4921 2590 4993 ψυχῆς
2642 4921 2717 4984 ὡς
2769 4920 3009 4992 μάλιστα
3037 4919 3414 4990 δραπετεύωνο
3444 4917 3567 4972 ὅθεν
3615 4917 3712 4972 καὶ
3763 4918 3990 4988 χαλίνου

745 5009 911 5078 hujus
929 5009 1199 5078 praecipue
1222 5009 1325 5062 viri
1346 5009 1649 5077 periculum
1678 5007 1908 5070 fecistis,
1939 5009 2030 5076 qui
2063 5007 2310 5075 prudeu—
2415 5017 2421 5069 ;

2415 5017 2560 5088 λόγῳ
2599 5015 2659 5068 τὸ
2689 5015 2785 5084 τῆς
2839 5013 3088 5079 ἐξουσίας
3120 5011 3425 5084 ἀγέρωχον,
3469 5010 3564 5064 καὶ
3614 5009 3906 5082 φιλοσοφίᾳ
3929 5012 3993 5068 τὸ

747 5101 958 5157 tissime
982 5115 1084 5155 nos
1104 5110 1191 5157 est
1219 5109 1591 5156 consecutus.
1612 5103 1696 5158 Tu
1723 5116 1879 5163 vero.
1914 5100 2162 5164 Maurici,
2190 5100 2310 5170 pul-

745 5192 1082 5253 cherrimum
1101 5193 1234 5248 mihi
1258 5194 1599 5265 epitaphium
1633 5196 1923 5265 imperium
1946 5204 2100 5248 tuum
2127 5197 2310 5249 lacere

745 5297 932 5352 perge,
963 5292 1022 5339 et
1076 5285 1387 5355 sepulcrum
1419 5301 1601 5341 meum
1635 5286 1938 5341 virtutibus
1986 5291 2095 5341 tuis
2147 5301 2310 5340 exor-

746 5391 814 5430 na
846 5376 921 5448 (l)
951 5417 966 5443 ,
1023 5393 1201 5448 neque
1245 5394 1398 5448 spem
1447 5394 1638 5434 eorum
1690 5380 1785 5450 qui
1847 5380 1944 5434 tibi
2006 5380 2310 5436 concrediti

748 5479 902 5533 sunt.
939 5485 1038 5541 per
1066 5473 1301 5528 dedecus
1326 5471 1541 5538 fallens,
1573 5488 1751 5544 neque
1776 5473 2012 5530 virtutes
2042 5473 2159 5542 ipse
2193 5483 2314 5530 tuas

748 5562 1015 5616 oblivioni
1072 5563 1317 5627 tradens,
1368 5575 1423 5628 et
1475 5566 1638 5621 veluti
1686 5566 1974 5635 pristinam
2023 5566 2190 5620 animi
2234 5566 2312 5620 tui

749 5657 1174 5725 generositatem
1199 5658 1435 5728 fugiens.
1483 5658 1713 5715 Proinde
1762 5660 2047 5734 potestatis
2077 5659 2316 5720 insolen-

2415 5108 2512 5162 τοῦ
2535 5108 2768 5180 κράτους
2799 5106 3003 5174 σκάφος
3026 5105 3259 5168 οίάκιζε.
3301 5102 3368 5158 Ἢ
3391 5102 3502 5174 γὰρ
3527 5101 3780 5173 βασιλεία
3795 5104 3994 5172 χρῆμά

2416 5220 2470 5256 τι
2499 5203 2610 5255 τῶν
2634 5199 2856 5271 ὑψηλῶν
2887 5199 3185 5269 μετέωρον,
3206 5197 3265 5260 ις
3298 5197 3439 5267 μέγα
3465 5197 3555 5250 τὸν
3578 5195 3784 5266 ταύτης
3812 5197 3990 5265 ὑπερ.

2417 5293 2728 5363 καθήμενον
2761 5292 3016 5362 αἴρουσα,
3061 5291 3153 5342 καὶ⁸
3195 5289 3322 5354 τοὺς
3367 5287 3663 5363 λογισμοὺς
3693 5285 3994 5354 ἐκμοχλεύφ

2415 5400 2572 5437 ουσα.
2605 5379 2909 5434 Οῐεσθαιδέ
2967 5396 3024 5433 σε
3057 5381 3235 5451 χρεὼν
3287 5379 3364 5450 μὴ
3423 5379 3644 5432 πάντων
3699 5378 3997 5446 ὑπερέχειν

2413 5473 2698 5545 φρονήσει·
2745 5473 2795 5525 εί
2851 5471 2946 5524 καὶ
2990 5472 3059 5525 τὰ
3110 5473 3211 5540 τῆς
3261 5470 3434 5540 τύχης
3484 5467 3844 5536 ὑπερϐάλλει,
3899 5468 3996 5520 καὶ

2415 5565 2595 5636 ὑψηλὰ
2635 5563 3074 5617 κατεσκεύασται
3127 5563 3280 5634 παρὰ
3338 5566 3572 5625 πάντας.
3609 5561 3731 5614 Τῶν
3778 5577 3846 5628 γε
3884 5559 3996 5629 μὴν

2420 5657 2675 5726 ὑπηκόων
2753 5657 2853 5725 τὴν
2925 5654 3164 5724 εὔνοιαν,
3235 5656 3267 5728 ἢ
3332 5656 3423 5708 τὸν
3503 5653 3672 5724 φόϐον
3732 5651 3995 5724 θηρεύειν

823 5819 900 5890 (1)
950 5818 1385 5875 Pulc‘berrimum
1455 5820 1770 5876 decedentis
1827 5820 2091 5891 principis
2135 5819 2490 5892 epitaphium,
2535 5779 2714 5874 bonus
2743 5829 3046 5875 successor.
