4244 6438
270 366 366 429 3η

1127 363 1730 429 ΕΕΟΙΕΒῘΑΒΤΙΟᾸΞ
1763 367 2148 430 ΗῐδΤΟΙῖΙΕ
2179 375 2332 436 LIB.
2373 377 2598 439 XVIII.

3409 383 3513 450 349

270 483 477 552 πειρῶ.
543 482 648 533 Τὸν
697 481 741 534 δ’
792 479 1012 550 ἔλεγχον
1078 483 1277 550 μᾶλλον
1336 484 1526 550 ἀγάπα
1585 485 1925 548 θωπείας,Α

1837 491 2084 548 .Atiam
2139 496 2349 549 ratione
2403 496 2484 550 fac
2533 497 2743 562 frenos,
2799 507 2856 553 et
2913 497 3273 567 philasOphlzc
3307 503 3513 555 artibus

264 568 464 638 οἷάπερ
498 570 822 622 διδάσκαλον
855 569 1197 625 καθεστῶτα.
1240 573 1454 640 Πὲιρυκε
1499 576 1604 644 γάρ
1655 594 1770 637 πως
1805 578 1837 645 ἠ

266 663 485 724 ἐξουσία
518 663 874 733 ἀνουθέτητόν
900 680 952 715 τι
996 665 1208 732 χρῆμα,
1235 668 1326 716 καὶ
1376 667 1624 729 παιδείας
1658 669 1837 738 ἥκιστ’

265 755 596 824 ἀνεχομένη.
645 756 757 823 Πρὸ
788 757 896 809 τῶν
942 758 1051 808 σῶν
1093 756 1388 824 ὀφθαλμῶν
1435 759 1466 826 ἠ
1521 759 1641 828 δίκη
1693 777 1840 812 συνε-

265 848 537 916 ερεύουσα
573 849 852 917 παρέστω,
891 850 1309 919 πρυτανεύουσα
1351 849 1448 919 τὴν
1502 850 1610 903 τῶν
1648 850 1841 919 βεϐιω-

271 939 453 1003 μένων
481 939 770 992 ἀντίδοσιν.
804 940 1012 1007 Nam:
1045 941 1100 992 δὲ
1135 942 1227 991 καὶ
1251 942 1347 1010 τὴν
1377 942 1663 1011 πορφύραν
1693 943 1845 994 εὐτε-

267 1031 361 1091 λές
395 1047 448 1081 τι
481 1031 648 1099 ῥάκος
684 1047 763 1080 σοι
798 1031 1145 1100 ἐπικείμενον
1175 1031 1251 1102 τῷ
1287 1033 1622 1100 φιλοσοφεῖνο
1663 1037 1754 1086 τὸν
1787 1034 1843 1087 δέ

266 1138 331 1188 γε
392 1126 663 1191 στέφανον
719 1124 778 1176 ὃν
828 1125 1190 1195 περίκεισαι,
1253 1127 1416 1194 μηδὲν
1469 1127 1692 1179 διοίσειν
1737 1129 1846 1180 τῶν

267 1213 414 1280 ἀμφὶ
439 1215 553 1275 τοῖς
588 1215 856 1280 αἰγιαλοῖς
887 1219 1000 1274 τοῖς
1025 1215 1333 1278 Θαλαττίοις
1369 1217 1846 1286 περικλυζομένων

264 1305 540 1372 ψηφίδων.
573 1306 647 1356 Τδ
685 1306 740 1357 δὲ
788 1307 889 1374 τῆς
924 1308 1242 1378 ἁλουργίδος
1296 1307 1455 1370 ᾶνῦος
1488 1312 1713 1376 στυγνὸν
1760 1307 1843 1372 ὃν,

265 1397 418 1448 δοκεῖ
455 1414 546 1466 μοι
579 1399 694 1459 τοῖς
729 1398 1012 1467 βασιλεῦσι
1047 1402 1372 1470 παρεγγυᾷν
1393 1401 1453 1453 τδ
1487 1402 1848 1469 μετριοπαθὲς

269 1488 366 1540 ἐπὶ
402 1491 524 1552 ταῖς
548 1491 886 1558 εὐπραγίαις
920 1494 1133 1544 ἀσκεῖνο
1168 1494 1263 1545 καὶ
1307 1495 1381 1562 μὴ
1416 1493 1848 1562 περιγάννυσθαι

267 1579 370 1632 καὶ
407 1582 780 1649 φρυάττεσθαι
812 1585 878 1652 τῇ
911 1585 1156 1653 πενθίμῳ
1204 1585 1376 1655 ταύτῃ
1423 1587 1520 1652 τῆς
1553 1585 1847 1655 μοναρχίας

276 1675 468 1742 στολῇ·
507 1677 567 1728 οὐ
619 1678 730 1744 γὰρ
779 1678 1033 1741 ἐξουσίαν
1087 1679 1423 1740 ἀκόλαστον,
1478 1680 1592 1731 ἀλλ’
1642 1681 1851 1745 ἔνδοξον

271 1766 480 1833 μᾶλλον
512 1768 761 1820 δουλείαν
792 1771 851 1822 τὸ
874 1771 971 1838 τῆς
1009 1771 1290 1841 βασιλείας
1323 1774 1598 1841 σκῆπτρον
1631 1772 1848 1838 φιλοσο-

266 1828 390 1920 ξρεῖν
425 1856 849 1923 ἐπαγγέλλεται.
889 1828 1162 1924 ’ἡγείσθω
1194 1828 1295 1927 τῆς
1338 1828 1519 1928 ὀργῆς.
1557 1859 1618 1910 τδ
1643 1828 1851 1924 ,φιλάν-
1887 1828 1926 1880 B

267 1948 517 2013 ορωπον,
550 1949 648 2013 τῆς
700 1949 756 2000 δὲ
790 1951 1270 2018 μεγαλοφροσύνης
1315 1953 1342 2001 ὁ
1392 1951 1576 2019 φόϐος.
1610 1953 1718 2004 Καὶ
1747 1951 1851 2018 γὰρ

265 2038 364 2088 καὶ
398 2040 522 2098 ταῖς
557 2039 838 2106 μελίτταις
892 2041 924 2107 ἡ
958 2041 1119 2109 φύσις
1171 2043 1445 2110 ἡγεμόνας
1492 2042 1724 2104 διέταξε·
1757 2041 1852 2092 καὶ

266 2132 364 2180 τὸν
395 2130 553 2195 σφῶν
590 2130 816 2198 βασιλέα
867 2135 961 2184 καὶ
995 2135 1206 2202 κέντρῳ
1237 2133 1604 2198 καθώπλισεν,
1662 2133 1849 2204 ὥσπερ

269 2236 324 2270 τι
363 2221 573 2288 κράτος
596 2221 908 2289 αὐτόματον
935 2223 1364 2292 ὲγκεντρίξουσά
1401 2241 1518 2286 πως
1554 2223 1722 2292 αὐτῷ.
1761 2225 1849 2278 ἵνα

269 2315 368 2364 καὶ
404 2312 670 2376 πλήττειν
695 2314 809 2381 ἔχοι
839 2315 929 2366 τὸν
962 2315 1036 2383 μὴ
1091 2317 1479 2385 προσηκόντως
1509 2317 1853 2385 πειθόμενον.

281 2404 426 2456 Ἀλλ’
455 2405 662 2473 ἥκιστα
695 2405 881 2475 ἑκείνῃ
905 2407 966 2458 τὸ
997 2409 1224 2477 κέντρον
1267 2410 1616 2475 τυραννικὸν,
1668 2409 1852 2476 δημω-

273 2496 438 2560 eos;
477 2496 534 2547 δὲ
568 2497 770 2564 μᾶλλον
802 2503 892 2548 καὶ
924 2497 1154 2552 δίκαιον.
1207 2500 1416 2552 Οὐκοῦν
1463 2500 1684 2567 ἐκείνης
1731 2498 1854 2549 ἰσό-

1941 585 2216 653 sapienter
2270 588 2527 656 potentim
2559 591 2815 657 scapham
2867 592 3162 658 gubernes.
3208 591 3503 658 Imperium

1942 692 2176 746 namque
2221 693 2305 731 res
2356 677 2603 746 quadam
2645 690 2728 732 est
2794 680 3047 732 sublimis
3083 688 3138 733 et
3185 683 3420 740 excelsa,
3462 682 3512 732 in

1943 769 2112 822 altum
2169 770 2335 839 817
2364 769 2458 838 qui
2506 768 2557 824 ei
2613 771 2853 825 insident
2892 772 3211 833 sustollens.
3257 780 3312 825 et
3363 783 3508 826 recte

1945 860 2178 929 cogitata
2209 862 2512 916 excutiens.
2551 861 2773 917 Minime
2825 879 2956 917 vero
2999 864 3313 934 opinionem
3369 879 3515 927 eam,

1945 952 2087 1020 quod
2127 952 2413 1019 prudentia
2448 955 2703 1008 omnibus
2753 962 2998 1015 anteeas.
3034 956 3294 1025 concipe,
3325 971 3518 1024 quam-

1954 1045 2034 1099 vis
2064 1043 2305 1109 fortuna,
2330 1061 2449 1113 qua:
2483 1046 2578 1100 tibi
2623 1046 2875 1100 sublimis
2905 1047 3154 1112 contigit,
3212 1061 3401 1100 omnes
3430 1063 3518 1101 ειι⁴

1954 1149 2130 1203 peres.
2165 1136 2338 1189 Porro
2373 1137 2571 1190 civium
2608 1147 2659 1190 et
2693 1137 3039 1192 subditorum
3079 1138 3516 1192 benevolentiam

1947 1225 2130 1294 potius
2161 1240 2322 1294 quam
2378 1235 2578 1281 metum
2626 1229 2710 1281 fac
2741 1231 3084 1282 consecteris
3112 1270 3127 1293 ,
3170 1237 3222 1282 et
3261 1228 3519 1297 objurga-

1948 1319 2156 1372 tionem
2199 1321 2389 1388 magis,
2407 1321 2635 1388 perinde
2667 1330 2826 1389 atque
2856 1321 3172 1392 magistrum
3199 1320 3514 1389 quemdam,

1950 1424 2114 1478 quam
2156 1411 2616 1472 assentationem,
2667 1413 3053 1480 complectare.
3087 1411 3334 1465 Potestas
3365 1426 3518 1464 nam-

1950 1514 2055 1568 que
2099 1515 2188 1554 res
2242 1502 2486 1570 quaedam
2536 1509 2659 1567 est,
2712 1517 2834 1570 qua:
2891 1501 3172 1555 admoneri
3226 1501 3519 1568 docerique

1950 1592 2110 1650 nolit.
2134 1603 2182 1646 et
2214 1593 2631 1661 castigationem
2664 1609 2804 1663 :cgre
2837 1596 2994 1648 ferat.
3024 1594 3163 1647 Ante
3188 1593 3378 1645 oculos
3400 1604 3521 1645 tuos

1954 1683 2198 1736 assidens
2214 1683 2432 1736 Justitia
2463 1681 2714 1746 excubet,
2736 1700 2856 1753 qua:
2884 1685 3007 1737 vita:
3030 1696 3228 1736 nostrae
3245 1684 3518 1736 actionum

1955 1774 2453 1827 remunerationem
2483 1789 2580 1842 pro
2625 1789 2836 1826 summa
2885 1791 2979 1828 sna
3011 1781 3283 1842 potestate
3314 1771 3520 1825 consti-

1958 1863 2079 1916 tuit.
2126 1864 2425 1932 Purpuram
2458 1864 2682 1932 perinde
2723 1875 2886 1932 atque
2936 1865 3097 1917 vilem
3148 1878 3387 1931 pannum
3424 1862 3518 1917 tibi

1956 1953 2215 2020 injectum
2259 1966 2400 2014 esse,
2429 1966 2526 2019 per
2564 1953 2927 2021 philosOphize
2973 1951 3208 2004 studium
3245 1952 3518 2005 existima.

1953 2042 2221 2097 Coronam
2255 2051 2436 2096 autem
2470 2059 2573 2110 qua
2601 2054 2765 2112 caput
2793 2054 2944 2096 tuum
2981 2049 3224 2096 cinctum
3249 2051 3353 2102 est,
3380 2040 3519 2096 nihil

1956 2149 1981 2183 a
2013 2132 2212 2201 lapillis
2243 2134 2336 2201 qui
2367 2135 2513 2188 circa
2549 2135 3003 2187 marinumlittus
3026 2133 3285 2187 ﬂuctibus
3308 2132 3523 2184 alluun-

1956 2233 2066 2288 tur,
2096 2223 2317 2278 diﬂ'erre
2349 2235 2498 2293 puta.
2535 2226 2654 2294 Ipse
2709 2239 2963 2294 purpurae
3012 2223 3111 2277 llos
3137 2262 3151 2285 ,
3181 2223 3324 2291 quod
3385 2223 3519 2275 sub-

1965 2315 2174 2368 tristior
2223 2326 2324 2377 est,
2369 2316 2646 2369 exhortari
2710 2315 2841 2368 mihi
2886 2314 3163 2383 principes
3192 2313 3429 2372 videtur,
3463 2319 3524 2364 ut

1961 2405 2394 2459 moderationem
2423 2406 2588 2458 animi
2613 2407 2774 2459 rebus
2803 2405 3061 2458 secundis
3087 2417 3303 2456 servare
3330 2414 3522 2454 assue-

1957 2504 2129 2555 scant,
2165 2509 2342 2563 neque
2388 2493 2616 2548 nimium
2661 2494 2932 2554 lastentur,
2977 2501 3071 2546 aut
3115 2493 3361 2546 luctuosa
3419 2491 3522 2543 ista

274 2586 419 2650 μεΘα
455 2586 718 2652 μιμηταὶ,
753 2586 802 2637 εί
838 2588 913 2654 μή
950 2605 1013 2654 γε
1041 2589 1197 2655 λόγος
1219 2590 1504 2658 δεδύνηται
1529 2589 1848 2658 χαρίζεσθαι

1843 2605 1848 2639 ι
1959 2586 2290 2640 monarchiae
2318 2587 2454 2640 stola
2492 2587 2818 2654 superbiant
2844 2586 2947 2653 (l).
2982 2585 3199 2652 Imperii
3250 2582 3519 2651 siquidem

273 2678 370 2727 καὶ
404 2677 475 2726 τὰ
509 2677 758 2743 μείζονα.
791 2677 980 2729 Ταῦτα
1010 2679 1110 2747 μὲν
1138 2680 1166 2730 ὁ
1200 2680 1499 2750 προϐολεύς
1530 2681 1641 2747 ἐγώ
1669 2695 1682 2710 ⁸
1713 2679 1854 2742 ’ἐξεις

1844 2697 1854 2740 ;
1950 2687 2226 2746 sceptrum
2256 2693 2365 2731 non
2419 2678 2838 2731 immoderatam
2886 2685 3208 2743 potestatem
3233 2713 3247 2734 ,
3280 2673 3371 2727 sed
3403 2674 3520 2742 glo-

269 2769 327 2818 δὲ
364 2768 466 2836 τῆς
494 2769 721 2837 γνώμης
759 2768 951 2838 ὥσπερ
989 2771 1260 2842 δικαστὴν
1305 2773 1403 2840 τὴν
1448 2772 1698 2836 ἐξουσίαν
1735 2771 1856 2822 ase-

1847 2799 1856 2810 -
1955 2771 2152 2823 riosam
2207 2770 2393 2837 potius
2437 2769 2755 2823 servitutem
2815 2781 3076 2820 exercere
3127 2763 3523 2818 admonet.lraa

274 2877 502 2923 καστον,
537 2860 569 2929 ἦ
604 2860 855 2929 τιμῶσαν
890 2862 986 2924 τὰς
1022 2863 1245 2931 ἀρετὰς,
1277 2864 1311 2932 ἢ
1341 2864 1440 2932 τὴν
1469 2862 1670 2916 κακίαν
1719 2878 1859 2928 φαυη

1848 2891 1859 2902 -
1955 2860 2190 2928 imperet
2260 2859 2575 2912 humanitas
2626 2868 2681 2912 et
2744 2856 3143 2921 misericordia,
3202 2853 3524 2923 arrogantia:

271 2952 557 3014 λίζουσαν.
600 2971 619 3004 ι

1958 2961 2138 3006 autem
2171 2951 2359 3003 timor.
2404 2947 2538 3002 Nam
2585 2961 2640 3004 et
2673 2948 2868 3017 apibus
2913 2957 3108 3002 natura
3136 2947 3304 3000 duces
3338 2945 3521 3009 dedit;

269 3062 580 3114 earumque
612 3063 795 3117 regem
847 3050 1040 3103 aculeo
1081 3052 1236 3118 quasi
1313 3050 1548 3119 quadam
1621 3057 1919 3118 spontanea
1958 3059 2016 3104 et
2079 3048 2316 3100 naturali
2370 3053 2639 3113 potestate
2699 3047 2932 3099 armavit
2989 3045 3106 3112 (9),
3164 3051 3223 3096 ut
3285 3057 3526 3111 pungere

271 3143 441 3189 etiam
485 3153 612 3192 cum
665 3138 857 3205 possit.
908 3140 1001 3206 qui
1049 3140 1291 3207 legitime
1334 3155 1443 3194 non
1487 3147 1696 3208 pareat.
1731 3138 1838 3192 Sed
1879 3140 1997 3208 apis
2058 3138 2282 3192 minime
2350 3137 2715 3206 tyrannieum,
2754 3152 2942 3189 verum
2990 3134 3268 3189 communi
3302 3131 3522 3187 utilitati

271 3234 622 3286 commodum
661 3234 937 3302 eljuslttm
990 3234 1238 3286 aculeum
1273 3235 1455 3288 habet.
1524 3233 1708 3302 Itaque
1771 3232 1919 3287 illius
1992 3233 2181 3287 saltem
2231 3233 2438 3286 erimus
2505 3233 2840 3294 imitatores,
2896 3230 3165 3298 siquidem
3221 3229 3361 3282 ratio
3411 3228 3524 3294 ipsa

272 3324 507 3377 consilia
546 3324 772 3375 meliora
796 3325 1066 3391 subjicere
1113 3338 1218 3376 non
1247 3326 1444 3381 valeat.
1475 3323 1742 3392 Equidem
1811 3325 1876 3377 ad
1918 3333 1970 3377 te
2035 3325 2175 3385 haec,
2223 3323 2395 3376 veluti
2429 3321 2728 3391 productor
2763 3333 2892 3375 tuus
2932 3331 2987 3375 et
3025 3335 3246 3389 parcns.
3294 3312 3521 3374 Consilii

274 3427 467 3474 autem
515 3417 684 3470 nostri
725 3416 965 3484 jutlic-em
1049 3416 1279 3470 habebis
1338 3427 1686 3486 potestatem,
1756 3417 1824 3470 ab
1883 3415 2171 3470 aﬂ‘ectione
2242 3415 2390 3469 omni
2437 3424 2493 3468 et
2543 3413 2863 3468 muneribus
2906 3414 3283 3483 incorruptam
3314 3453 3331 3478 ,
3362 3411 3524 3471 simul

274 3521 330 3562 et
387 3513 625 3562 virtutes
672 3509 816 3576 ipsas
863 3520 1347 3569 remunerantem.
1401 3519 1456 3564 et
1513 3510 1645 3564 vitia
1703 3522 2073 3566 coercentem.
2114 3527 2132 3560 ι

893 3650 1144 3703 ΚΕΦᾹΛ.
1180 3649 1253 3702 Z'.

317 3798 324 3803 _
352 3741 496 3810 Περὶ
524 3741 636 3809 τῆς
664 3740 929 3810 ὁράσεως
958 3742 1056 3794 καὶ
1082 3743 1368 3808 τελευτῆς
1398 3741 1651 3810 Τιϐερίου
1685 3742 1787 3795 τοῦ

815 3877 819 3881 ,
854 3811 1314 3880 αὐτοκράτορος.

355 3929 492 3979 Ὅτε
545 3925 731 3977 τοίνυν
784 3926 852 3978 τὰ
913 3928 1012 3994 τῆς
1069 3926 1358 3991 διαλέξεως
1414 3926 1745 3996 ὲπερατοῦτο
1785 3926 1862 3994 τῷ

270 4016 678 4085 αὐτοκράτορι,
713 4015 849 4066 πολὺ
878 4016 938 4066 τὸ
972 4015 1204 4085 δάκρυον
1243 4017 1395 4086 ἐρῤει
1429 4017 1734 4085 ἀνιωμένου
1769 4019 1861 4068 τοῦ

285 4107 538 4175 ὑπηκόου
566 4105 647 4174 τῷ
682 4105 864 4159 πάθει.
916 4101 1053 4158 Εἶτα
1095 4106 1193 4175 τὴν
1229 4108 1501 4174 στεφάνην
1532 4111 1559 4160 ὁ
1613 4107 1863 4173 βασιλεὺς

282 4198 590 4266 ἀράμενος,
631 4197 728 4264 τήν
759 4211 819 4247 τε
852 4197 1142 4264 πορφυρᾶν
1195 4195 1444 4264 χλαμύδα
1489 4197 1722 4266 ἁλιπεϊχε
1776 4197 1865 4248 τὸν

287 4289 576 4356 Καίσαρα.
606 4285 784 4354 Πολλὴ
819 4285 875 4336 δὲ
915 4285 1024 4338 τῶν
1067 4286 1322 4352 ὑπηκόων
1370 4288 1402 4355 ἡ
1449 4286 1543 4354 τῆς
1593 4287 1864 4355 εὐφημίας

285 4378 540 4445 ιξηχεῐτο
591 4376 712 4445 βοή.
755 4375 820 4428 Oi
870 4375 968 4444 μὲν
1001 4377 1111 4444 γὰρ
1145 4377 1237 4428 τὸν
1289 4379 1736 4446 προστησάμενον
1765 4377 1866 4446 τῆς

287 4470 585 4531 εὐϐουλίας
637 4469 930 4537 ἀγάμενοι,
979 4469 1027 4520 οἱ
1073 4468 1130 4521 δὲ
1180 4469 1274 4520 τὸν
1321 4470 1730 4540 ἀναρρηθένταο
1785 4464 1867 4532 οἷς

286 4562 487 4616 ἑαυτὸν
543 4562 641 4629 τῆς
687 4559 963 4628 τοσαύτης
1009 4560 1313 4629 ἡγεμονίας
1371 4561 1641 4631 παρέθετο
1695 4563 1863 4626 ἄξιον.

289 4655 505 4721 Ἀμφω
536 4651 592 4702 δὲ
617 4651 708 4702 τὸν
738 4650 946 4702 τούτων
974 4651 1237 4708 ἁπάντων
1263 4653 1434 4703 αῐτιον
1460 4652 1766 4721 εὐφήμουν.
1793 4655 1866 4716 ὡς

286 4745 470 4794 πάντα
502 4741 896 4809 ξυμφερόντως
919 4741 1358 4810 οἰκονομήσαντα
1383 4784 1394 4794 .
1455 4743 1542 4802 Ὠς
1570 4743 1626 4795 δὲ
1669 4744 1736 4796 τὰ
1769 4744 1868 4810 τῆς

286 4834 718 4902 ἀναγορεύσεως
786 4835 933 4887 κατά
987 4837 1113 4898 τούς
1183 4835 1499 4904 βασιλικοὺς
1554 4840 1868 4892 ἁπετελεῖτο

289 4925 562 4993 θεσμοὺς,
597 4924 689 4974 ἐπὶ
715 4924 816 4992 τὴν
841 4925 1039 4976 ἑαυτοῦ
1085 4927 1274 4994 κλίνην
1317 4928 1620 4992 ἀναζεύξας
1653 4929 1680 4980 δ
1713 4930 1867 4997 βασι-

290 5016 441 5077 λεὺς,
465 5017 601 5083 ὄναρ
625 5015 870 5067 τεθέατο.
912 5015 1118 5068 Ἐδόκει
1144 5016 1252 5086 γὰρ
1283 5018 1565 5086 πάγκαλόν
1599 5037 1652 5071 τι
1677 5022 1866 5091 χρῆμα

291 5107 486 5177 ἀνδρὸς
508 5106 637 5170 ὄψιν
667 5107 816 5173 ὁρᾷν,
854 5106 998 5173 λόγῳ
1027 5108 1125 5176 μὲν
1154 5109 1411 5176 ἄρρητον,
1439 5114 1625 5180 γραφῇ
1661 5112 1716 5163 δὲ
1739 5113 1866 5180 ἁμί-

296 5210 492 5264 μητον·
520 5193 686 5264 ἐσθὴς
711 5194 902 5264 ἐκείνῳ
921 5195 1090 5265 λευκὴ
1110 5196 1199 5248 τὸν
1218 5198 1381 5250 τόπον
1399 5199 1862 5267 περιαυγάζουσα.

367 5352 447 5413 (1)
491 5349 802 5419 Antigonus
835 5367 931 5405 rex
980 5349 1149 5406 ﬁlium
1204 5353 1439 5408 intuitus
1484 5355 1715 5411 subditis
1756 5357 1869 5410 vio-

296 5424 508 5493 lentius
567 5430 820 5493 utentem;
845 5436 906 5493 ac
951 5423 1241 5487 superbius
1269 5439 1283 5476 ι
1319 5424 1433 5475 Οὐκ
1460 5421 1638 5493 οἶσθα,
1671 5427 1864 5493 inquit,

296 5487 343 5542 ὦ
373 5493 494 5548 παῖ,
537 5491 639 5608 tiu
681 5489 959 5552 βασιλείαν
1003 5493 1160 5559 ὴαῶν
1198 5493 1403 5556 ἔνδοξον
1429 5487 1859 5558 εἶναιδουλείανέ

297 5563 402 5608 huc
426 5569 534 5608 est.
581 5556 773 5608 t'escis.
802 5557 900 5608 ﬁli-
935 5561 1258 5608 dominatum
1282 5572 1515 5608 nostrum
1541 5563 1859 5608 mlendidam

297 5563 402 5614 hoc
426 5569 534 5617 est,
581 5557 773 5630 Nescis.
800 5557 900 5630 ﬁli,
935 5557 1258 5613 dominatum
1282 5572 1515 5616 nostrum
1541 5557 1867 5630 splendidam

301 5647 409 5680 me
424 5631 730 5699 servitutem
751 5628 774 5678 ?
799 5629 1066 5682 Pindarus
1084 5647 1321 5698 quoque,
1348 5628 1576 5686 omnem
1595 5634 1794 5699 regiam
1814 5645 1868 5685 et

302 5700 541 5751 aulicam
578 5698 944 5760 phantasiam.
1002 5701 1144 5752 sicut
1175 5716 1293 5750 eam
1335 5701 1509 5755 Lucas
1562 5698 1681 5756 Ath
1741 5718 1864 5754 xm

306 5776 487 5821 vocat.
533 5767 778 5836 ἐμφανὲς
805 5782 925 5824 esse
961 5771 1158 5823 cecinit
1185 5771 1348 5835 ἅλγος
1385 5788 1399 5824 :
1455 5773 1558 5826 hoc
1610 5780 1712 5834 est.
1741 5773 1862 5823 illu-

2458 3652 2626 3722 διε
2655 3651 2875 3707 CAPUT
2922 3650 3030 3706 vn.

2136 3748 2214 3801 De
2245 3749 2441 3803 visione
2467 3757 2518 3800 et
2557 3756 2720 3800 morte
2754 3745 2944 3799 Tiberii
2991 3745 3344 3812 imperatoris.

2031 3927 2165 3982 Cum
2223 3927 2385 3996 igitur
2420 3925 2713 3994 imperator
2755 3923 2916 3978 linem
2960 3921 3228 3978 orationis
3283 3921 3527 3998 fecisset.

1962 4020 2111 4074 cives
2140 4028 2194 4073 et
2218 4019 2420 4074 subditi
2454 4006 2678 4086 propter
2709 4017 2954 4071 dolorem
2986 4031 3096 4084 quo
3126 4014 3527 4078 aﬂiciebautur,

1964 4112 2188 4165 multam
2245 4111 2350 4163 vim
2402 4110 2766 4179 Iacrymarum
2851 4107 3238 4176 profuderunt.
3324 4107 3529 4161 Deinde

1965 4201 2230 4255 sublatam
2278 4200 2579 4268 imperator
2637 4213 2892 4252 coronam
2921 4207 2976 4252 et
3008 4212 3339 4266 purpuream
3373 4196 3524 4250 chla-

1966 4290 2180 4359 mydem
2211 4288 2412 4346 Ca3sari
2470 4286 2852 4342 circumdedit.
2895 4286 2972 4344 Ibi
3025 4295 3139 4338 tum
3179 4285 3526 4339 subditorum

1966 4382 2383 4437 acclamationes
2426 4391 2481 4434 et
2535 4380 2924 4447 gratulationes
2967 4378 3272 4439 exauditae.
3330 4379 3526 4448 partim

1969 4483 2076 4528 tam
2108 4472 2377 4527 commodi
2419 4471 2631 4524 consilii
2665 4481 2969 4533 auctorem,
3007 4471 3208 4539 partim
3237 4470 3417 4538 ipsum
3444 4485 3529 4523 re-

1968 4565 2280 4618 nuntiatum
2321 4562 2624 4631 principem
2675 4570 2896 4631 propter
2931 4577 3023 4615 eas
3061 4561 3261 4628 quibus
3317 4575 3374 4614 se
3427 4561 3530 4614 im-

1969 4657 2120 4725 perio
2170 4655 2391 4722 dignum
2458 4653 2784 4724 praestiterat
2833 4654 3096 4715 virtutes,
3137 4652 3410 4706 admirati.
3445 4652 3532 4705 In-

1971 4747 2164 4817 primis
2195 4762 2326 4799 vero
2389 4744 2644 4799 laudibus
2691 4759 2880 4798 earum
2915 4759 3096 4806 rerum
3121 4743 3367 4801 omnium
3402 4757 3530 4796 con-

1974 4838 2299 4901 ciliatorcm,
2333 4837 2427 4905 qui
2459 4836 2713 4890 universa
2744 4833 3188 4889 commodissime
3221 4833 3528 4900 dispensat,

1972 4929 2302 4982 extulerunt.
2348 4928 2450 4983 Ubi
2495 4942 2624 4980 vero
2673 4927 2740 4981 ad
2777 4927 2924 4980 hunc
2968 4926 3186 4978 modum
3240 4925 3532 4982 Mauricius

1976 5019 2341 5087 imperatoriis
2394 5019 2736 5072 cmremoniis
2783 5019 3041 5086 princeps
3082 5025 3165 5070 est
3195 5016 3529 5078 declaratus.

1975 5111 2270 5178 imperator
2308 5111 2423 5178 ipse
2465 5111 2517 5164 in
2568 5111 2708 5164 lecto
2751 5124 2850 5162 suo
2898 5109 3190 5178 repositus,
3226 5111 3279 5162 iu
3325 5111 3533 5167 somnis

1973 5200 2074 5254 viri
2110 5203 2347 5270 speciem
2393 5217 2459 5259 ea
2505 5202 2704 5270 forma,
2746 5217 2866 5273 qum
2918 5215 3095 5270 neque
3131 5202 3319 5256 verbo.
3356 5216 3532 5270 neque

1975 5367 2137 5410 ιιι-ειη
2174 5357 2466 5411 miseriam.

2045 5427 2121 5494 (Ξ)
2165 5426 2281 5480 Νοη
2311 5437 2526 5481 constat
2587 5426 2732 5481 inter
2766 5437 3041 5488 auctores.
3114 5442 3207 5480 rex
3246 5426 3533 5480 nullumne

1973 5498 2123 5549 solus
2160 5497 2356 5549 habent
2387 5498 2658 5558 aculeum,
2685 5499 2969 5564 majestate
2994 5505 3204 5550 tantmn
3236 5505 3480 5548 armatus
3513 5532 3528 5553 ι

1972 5583 2039 5619 an
2071 5566 2287 5620 dederit
2323 5580 2448 5616 eum
2481 5566 2701 5632 quidem
2737 5577 2949 5626 natura.
2976 5567 3068 5620 sed
3115 5581 3272 5620 usum
3307 5565 3382 5619 illi
3414 5573 3530 5617 tan-

1975 5646 2088 5688 tum
2120 5635 2412 5702 negaverit.
2453 5634 2599 5688 Istud
2633 5645 2867 5698 constat,
2920 5638 3306 5701 imperatorem
3339 5635 3532 5688 aculeo

1975 5722 2078 5759 non
2130 5716 2229 5769 utt,
2261 5712 2368 5759 etc.
2407 5704 2572 5772 (Plin.
2601 5705 2700 5759 lib.
2741 5721 2802 5768 ll,
2841 5719 2958 5775 cap.
2997 5706 3109 5763 I7.)
