4244 6438
711 383 812 448 343

1928 375 2351 437 NICEPHORI
2395 376 2743 436 CALIJSTI

3853 363 3960 432 3N

708 491 911 556 scripto
946 487 1177 556 exprimi
1231 495 1396 554 queat
1422 524 1435 545 ,
1485 493 1541 536 et
1577 491 1724 538 veste
1765 493 1872 536 tam
1910 467 2164 548 candida,
2219 494 2280 538 ut
2312 488 2353 543 Α

2277 488 2353 543 ,Α
2393 484 2453 533 ⁸0
2483 485 2538 536 δὲ
2566 486 2742 562 τοιάδε
2793 483 2868 550 τῷ
2923 483 3165 548 Καίσαρι
3222 481 3373 546 ἔλεγε
3433 477 3953 554 συνδημηγορούοης

703 581 1016 634 cubiculum
1071 579 1246 646 ipsum
1301 578 1619 640 illustraret,
1651 576 1809 631 vidit.
1859 575 1953 628 Vir
2004 577 2070 638 is,
2109 590 2274 627 manu

705 681 982 738 protensa,
1019 670 1142 723 talia
1187 668 1351 722 verba
1383 668 1449 721 ad
1487 683 1610 721 eum
1645 676 1730 722 cst
1761 666 2005 736 profatus
2036 684 2048 719 :
2089 683 2107 716 ι
2152 665 2277 719 lla-c

707 764 826 826 tibi,
877 762 1086 818 Tiberi.
1144 769 1226 814 ter
1257 769 1510 813 sanctum
1559 760 1769 812 Numen
1831 758 2153 811 renuntiat:
2192 759 2277 824 ty—

705 855 858 908 ranni
889 853 1058 922 impii.
1085 853 1302 919 imperii
1330 852 1762 922 tuitemporibus
1785 866 1893 904 non
1925 850 2268 904 exstabunt.»

708 947 999 1010 Postquam
1068 955 1248 999 autem
1309 946 1624 1014 evigilavit,
1687 954 1743 997 et
1807 944 2082 998 somnium
2131 944 2274 998 istud

703 1036 892 1090 amicis
929 1037 1204 1105 exposuit.
1256 1036 1469 1105 legibus
1522 1035 1720 1088 deinde
1761 1044 1991 1096 natura),
2025 1035 2276 1104 Quamvis

706 1127 1003 1196 imperator
1034 1139 1203 1193 esset,
1243 1128 1560 1189 obsecutus,
1593 1135 1867 1181 terrenam
1913 1126 2152 1180 tunicam
2183 1127 2275 1179 de-

707 1220 912 1284 posuit.
954 1220 1138 1273 anima
1173 1235 1290 1273 eam
1336 1219 1503 1271 veluti
1548 1218 1964 1274 tabernaculum
1999 1217 2273 1286 quoddam

706 1309 1073 1376 relinquente,
1098 1317 1153 1363 et
1180 1310 1244 1362 ad
1270 1309 1426 1362 sedes
1455 1323 1720 1378 supernas
1746 1307 2019 1361 evolante.
2041 1306 2275 1375 Imperio

707 1398 963 1454 Tiberius
993 1417 1114 1454 cum
1149 1400 1366 1458 Justino
1402 1401 1597 1462 tribus,
1637 1399 1786 1452 solus
1821 1409 2002 1452 autem
2039 1407 2276 1465 quatuor

704 1490 864 1542 annis
893 1491 1109 1560 praefuit
1135 1490 1210 1558 (l)
1243 1491 1376 1559 :qui
1415 1499 1764 1557 posteaquam
1796 1491 1848 1542 in
1878 1490 2272 1561 imperatprum

705 1583 958 1648 sepulcro
1000 1584 1290 1651 repositus.
1326 1593 1442 1640 est.
1483 1582 1732 1636 homines
1754 1599 1944 1636 omnes
1976 1583 2042 1636 ad
2076 1582 2275 1636 Mauri-

703 1671 872 1738 cium,
904 1675 1131 1742 perinde
1164 1684 1328 1742 atque
1379 1675 1646 1727 satellites
1679 1675 1928 1728 conversi
1967 1692 1979 1724 :
2013 1685 2067 1728 et
2103 1675 2274 1743 lacry—

707 1775 825 1825 mar,
847 1764 1048 1828 quibus
1073 1763 1275 1816 Tiberii
1295 1762 1459 1816 funus
1489 1763 1763 1830 prosecuti
1794 1763 2031 1824 fuerant,
2055 1779 2122 1816 eo
2154 1765 2271 1831 ipso

2384 577 2532 642 αὐτῷ
2564 581 2662 646 τῆς
2690 578 2873 645 χειρὸς
2907 578 2965 628 ὲν
2989 574 3066 642 τῷ
3094 575 3355 642 σχήματι·
3401 591 3418 622 ι
3451 571 3585 623 Τάδε
3640 588 3745 630 σοι,
3799 570 3956 621 1165'-

2389 683 2493 734 ριε.
2527 668 2586 719 τὸ
2618 667 2916 736 Τρισάγιον
2950 667 3120 734 λέγει’
3159 668 3223 720 Οί
3266 666 3521 736 τύραννοι
3546 664 3647 734 τῆς
3698 663 3953 727 ἀσεϐείας

2382 761 2475 813 ἐπὶ
2529 762 2626 828 τῆς
2681 761 2779 828 σῆς
2834 759 3114 829 βασιλείας
3170 761 3231 812 οὑ
3293 760 3611 827 φοιτήσουσι
3656 758 3890 827 χρόνοις.
3929 775 3946 805 ι

2397 852 2454 903 '0
2487 853 2542 904 δὲ
2572 853 2862 922 διανήψας,
2897 854 2994 906 καὶ¹
3033 854 3095 906 τὸ
3144 853 3396 905 ἐνύπνιον
3448 850 3716 911 ἐπειπὼν,
3762 851 3952 901 ἔπειτα

2379 945 2494 1003 τοῖς
2521 943 2622 1012 τῆς
2651 945 2864 1011 φύσεως
2882 945 3251 1014 ὲπειθάρχησε
3273 944 3486 1012 νόμοις,
3512 946 3560 995 εί
3589 943 3680 994 καὶ
3700 941 3953 1010 βασιλεὺς

2379 1031 2679 1101 ἐτύγχανεν
2707 1032 2802 1084 ὤν’
2840 1033 2933 1085 καὶ
2964 1032 3058 1084 τὸν
3103 1035 3292 1101 γήϊνον
3333 1030 3659 1102 χιτωνίσκον
3697 1029 3952 1090 ἀπέθετο,

2379 1117 2490 1175 οἷόν
2517 1142 2638 1177 τινα
2684 1123 2891 1193 σκηνὴν
2931 1125 3032 1193 τῆς
3081 1124 3260 1194 ψυχῆς
3309 1121 3716 1189 καταλιπούσης
3765 1121 3950 1180 αὐτὸν,

2381 1218 2472 1270 καὶ
2507 1217 2642 1286 πρὸς
2667 1217 2733 1270 τὰ
2767 1219 2973 1271 ἀνωθεν
3004 1218 3295 1284 διαδάσης,
3321 1216 3414 1284 ἔτη
3439 1216 3684 1285 τέσσαρα
3701 1215 3800 1283 τῆς
3829 1216 3954 1282 ἡγε-

2383 1308 2570 1376 μονίας
2629 1309 2944 1377 κατάρξας.
3013 1308 3102 1369 Ὠς
3155 1308 3200 1360 δ’
3254 1309 3460 1360 ἐκεῖνον
3490 1309 3520 1358 ὁ
3550 1308 3656 1360 τῶν
3692 1305 3954 1374 βασιλέων

2380 1401 2678 1468 ὑπεδέχετο
2706 1402 2897 1468 τάφος,
2930 1400 3025 1451 ἐπὶ
3049 1400 3151 1470 τὴν
3184 1403 3240 1462 ἐς
3275 1401 3582 1468 Μαυρίκιον
3626 1398 3951 1468 δορυφορίαν

2381 1491 2526 1551 ἄπας
2571 1491 2894 1557 ὲτράποντο·
2951 1494 3044 1544 καὶ¹
3096 1492 3156 1544 τὸ
3215 1492 3361 1544 κατά
3414 1491 3666 1561 Τιϐέριον
3720 1491 3953 1558 δάκρυον

2378 1579 2695 1648 αὐθημερον
2746 1581 2923 1649 πέρας
2977 1581 3308 1651 ἐλάμϐανεν.
3345 1582 3457 1652 Οὐχ
3510 1581 3652 1636 οὕτω
3686 1581 3795 1649 γὰρ
3845 1583 3952 1641 τοῖς

2377 1671 2685 1737 ἀνθρώποις
2712 1673 2819 1725 τῶν
2855 1675 3272 1744 παρῳχημένων
3317 1677 3474 1727 ἐστὶν
3505 1674 3838 1742 ἀνάμνησις,
3881 1673 3952 1734 ὡς

2376 1767 2406 1830 ἡ
2447 1767 2572 1832 περὶ
2604 1765 2670 1817 τά
2702 1766 2943 1835 παρόντα
2971 1769 3110 1818 κατὰ
3149 1766 3384 1835 σπουδῆς
3418 1767 3732 1832 ἐπιμέλεια.

712 1854 798 1907 die
855 1856 1125 1909 restincta:
1182 1864 1331 1910 sunt.
1381 1857 1497 1909 Non
1553 1857 1699 1909 enim
1765 1857 2015 1911 homines
2069 1864 2276 1911 tantum
2318 1857 2716 1925 pransi-iturum
2771 1859 3107 1924 meminisse,
3163 1868 3428 1926 quantum
3449 1857 3735 1928 prasentia
3760 1867 3952 1910 curare

714 1959 768 2003 et
802 1948 981 2002 colere
1017 1948 1213 2002 solent.

1301 2066 1522 2123 CAPUT
1569 2068 1698 2123 Vlll.

709 2160 784 2212 De
818 2159 1059 2213 Mauricii
1083 2161 1349 2228 confugio.
1387 2171 1434 2212 et
1477 2164 1695 2229 conjuge
1720 2161 1832 2227 ejus
1861 2161 2114 2228 Augusta.
2136 2158 2280 2224 Qua—

777 2230 862 2286 lis.
902 2231 1086 2294 quibus
1123 2230 1369 2300 moribus.
1419 2247 1521 2297 quo
1571 2247 1776 2298 genere,
1818 2240 1866 2284 et
1905 2232 2090 2300 quibus
2119 2232 2282 2282 animi

777 2301 1134 2370 affectionibus
1173 2299 1463 2352 Mauricius
1503 2300 1679 2365 fuerit.

776 2414 879 2469 Ubi
923 2415 1215 2468 Mauricius
1251 2415 1537 2483 imperiunm
1584 2415 1854 2482 suscepit.
1900 2426 1956 2470 et
1993 2414 2277 2469 Tiberium

704 2508 844 2559 satis
873 2506 1070 2567 eluxit,
1108 2505 1327 2573 nuptias
1359 2507 1596 2574 primum
1626 2517 1780 2577 parat
1801 2545 1814 2567 ,
1846 2509 2276 2575 Augustamqnc,

704 2611 826 2664 quae
855 2607 911 2650 et
934 2597 1288 2650 Constantina
1345 2596 1646 2659 dicebatur,
1668 2599 2019 2652 matrimonio
2047 2598 2277 2651 solemni

705 2688 1098 2754 imperatorum
1135 2688 1240 2741 rltu
1272 2688 1376 2741 sibi
1405 2688 1604 2758 jungit.
1632 2689 1798 2758 819
1827 2690 2041 2758 Nuptize
2068 2689 2279 2759 magni-

711 2776 812 2830 tice
855 2792 1082 2844 prorsus
1124 2777 1388 2845 imperiali
1425 2794 1621 2847 pompa
1652 2782 1963 2844 celebratae,
1993 2789 2049 2834 et
2083 2780 2275 2849 epula-

707 2869 884 2921 tiones
932 2867 1232 2935 splendidze
1300 2868 1600 2935 publicitus
1663 2884 1761 2936 per
1816 2868 2004 2921 urbem
2056 2883 2277 2920 omnem

709 2961 912 3028 populo
939 2961 1090 3013 datm.
1112 2959 1407 3028 Apparatui
1458 2968 1607 3013 tanto
1640 2960 1845 3013 aﬂuere
1875 2973 2002 3014 vera
2030 2960 2082 3013 in
2110 2960 2276 3013 Deum

709 3052 885 3120 pietas
933 3060 989 3105 et
1038 3052 1386 3120 imperatoria
1427 3051 1718 3120 Majestas,
1751 3052 2009 3105 satellitio
2071 3051 2274 3104 Mauri-

707 3142 854 3196 cium
882 3143 1240 3212 ejusdemque
1259 3145 1546 3212 conjugem
1568 3144 1954 3198 decentissime
1986 3145 2272 3210 stipantes.

708 3244 765 3290 et
812 3235 957 3289 dona
1010 3237 1090 3290 eis
1139 3250 1302 3302 quam
1359 3235 1920 3290 honorificentissime
1954 3235 2270 3302 offerentes.

709 3329 805 3382 llla
831 3342 1066 3397 namque
1093 3328 1299 3382 canitie
1330 3328 1646 3383 veneranda
1671 3367 1687 3390 ,
1715 3328 2149 3396 decentibusque
2179 3344 2275 3379 ru-

2990 2070 3238 2122 ΚΕΦΑΛ.
3282 2070 3360 2122 Η’.

2386 2159 2522 2228 Περ)
2557 2161 2662 2228 τοῦ
2711 2159 2901 2228 γάμου
2934 2163 3260 2225 Μαιιρικιόυ
3314 2159 3412 2213 καὶ
3440 2161 3826 2228 Αὐγούστηςο
3856 2160 3952 2209 καί

2454 2225 2577 2293 οἷος
2608 2226 2686 2297 ἦν
2714 2225 2952 2299 εὸἦθος
2977 2232 3075 2283 καί
3106 2231 3171 2283 τὸ
3205 2230 3381 2296 γένος
3428 2225 3670 2283 καίτὸν
3700 2229 3811 2296 τῆς
3840 2232 3953 2297 ψυ-

2455 2317 2488 2365 χ
2500 2299 2567 2366 ἧς
2594 2301 2832 2365 τρόπον.

2465 2415 2616 2466 Ἐπεὶ
2646 2416 2703 2468 δὲ
2732 2416 3038 2486 Μαυρίκιος
3063 2415 3450 2484 περιεϐάλλετο
3475 2416 3574 2483 τὴν
3608 2416 3804 2485 ἀρχὴν,
3837 2417 3955 2469 lxa-

2381 2507 2484 2568 νιῖις
2519 2508 2609 2560 τὸν
2642 2508 2867 2575 βασιλέα
2898 2509 3287 2578 Θρηνήσας,τά
3314 2511 3441 2577 περὶ
3471 2510 3564 2561 τὸν
3597 2511 3775 2576 γάμον
3806 2507 3953 2576 πρώ-

2380 2614 2538 2648 τιστα
2559 2597 2867 2666 ἐξηρτύετο·
2889 2599 2982 2648 καὶ
3002 2598 3074 2658 ὼς
3094 2597 3256 2667 νόμος
3282 2595 3616 2665 βασιλεῦσιν,
3633 2595 3952 2660 Αύγούσταν

2380 2687 2478 2752 τὴν
2507 2689 2600 2738 καὶ
2629 2688 3041 2738 Κωνσταντῖναν
3088 2684 3461 2748 είσοικίζεται·
3509 2683 3947 2753 μεγαλοπρεπῶς

2379 2797 2437 2830 τε
2469 2780 2584 2844 ἅμα
2619 2780 2712 2830 καὶ
2748 2778 3042 2846 βασιλικῶς
3070 2780 3168 2845 τῆς
3209 2779 3435 2845 πομπῆς
3482 2778 3593 2829 τῶν
3635 2777 3833 2844 γάμων
3860 2793 3951 2842 γε-

2381 2873 2712 2938 γενημένης,
2761 2869 3043 2939 ἀγερώχου
3083 2869 3435 2939 δημοθοινίας
3488 2867 3800 2936 ἑκασταχοῦ
3852 2867 3949 2934 τὴν

2381 2964 2536 3014 πόλιν
2561 2961 2953 3031 περιεπούσης.
2988 2962 3179 3031 Παρῆν
3208 2961 3264 3014 δὲ
3290 2961 3397 3030 ἀρα
3446 2961 3523 3027 τῷ
3573 2960 3736 3028 γάμῳ
3771 2957 3949 3010 θεοσέ-

2379 3056 2501 3106 6ειά
2525 3071 2582 3106 τε
2619 3054 2713 3106 καὶ
2743 3053 2988 3123 βασιλεία
3006 3052 3406 3122 δορυφοροῦσαι
3432 3051 3500 3104 τὰ
3523 3051 3948 3118 ἐκπρεπέστατα

2379 3149 2470 3199 καὶ
2514 3147 2918 3216 ὂωροφοροῦσαι
2953 3145 3021 3199 τά
3047 3145 3369 3214 τιμιώτατα.
3423 3143 3642 3211 Πατέρα
3693 3139 3804 3208 γὰρ
3854 3142 3949 3192 καὶ

2380 3241 2591 3310 μητέρα
2609 3241 2901 3309 παρείχετο
2917 3240 3212 3303 θεοσέϐεια,
3231 3239 3306 3307 τῷ
3329 3237 3592 3305 αἱδεσίμῳ
3609 3236 3710 3300 τῆς
3732 3234 3895 3285 πολιᾶ
3909 3250 3946 3292 ‘,

2377 3334 2469 3384 καὶ
2507 3332 2583 3400 τῷ
2615 3333 2714 3400 τῆς
2748 3331 2952 3402 ρυτίδος
2991 3330 3171 3398 σεμνῷ
3216 3331 3306 3380 τὸν
3361 3329 3539 3396 γάμον
3591 3324 3944 3390 ἀγιάσοντας·

705 3421 805 3490 gis,
835 3419 980 3490 quod
1009 3427 1168 3475 antea
1198 3421 1471 3475 memoria
1506 3421 1780 3491 proditum
1820 3437 1929 3477 non
1957 3431 2064 3485 est.
2108 3421 2276 3489 patris
2303 3415 2345 3472 C
2378 3449 2381 3469 ι

2270 3439 2276 3472 ι
2303 3415 2345 3472 C
2378 3425 2405 3475 ὃ
2446 3423 2647 3495 μήποθ’
2679 3422 2964 3492 ἱστορηθὲν
3007 3421 3254 3488 Ιἔγνωμεν
3285 3436 3298 3448 ο
3325 3417 3591 3485 ἀδελφούς
3621 3433 3681 3468 τε
3710 3415 3946 3483 ὡραίους

706 3520 871 3578 atque
906 3511 1116 3575 matris,
1158 3511 1378 3580 nuptias
1421 3512 1899 3576 sanctificantium,
1932 3511 2272 3580 fratrumque

708 3612 1086 3668 venustorum,
1114 3605 1456 3675 conjugalem
1499 3615 1818 3676 apparatum
1862 3605 2272 3667 exornantium,

706 3696 883 3749 vicem
933 3696 1208 3765 praestitit.
1258 3694 1386 3750 llaec
1441 3707 1649 3760 autem,
1692 3711 1759 3750 ex
1790 3712 1926 3752 auro
1959 3706 2271 3752 contextam

703 3801 936 3852 vestem,
978 3803 1221 3859 purpura
1252 3797 1309 3842 et
1339 3788 1538 3842 Indicis
1583 3790 1896 3858 margaritis
1934 3790 2272 3850 distinctam,

706 3894 808 3933 nec
860 3893 968 3932 non
1005 3894 1242 3933 coronas
1271 3880 1625 3972 auroﬁmulto
1659 3888 1714 3933 et
1755 3880 1954 3948 lapillis
1985 3881 2274 3952 pellucidis

709 3970 1122 4039 resplendentcs
1149 3969 1419 4038 przebuit,
1452 3978 1615 4038 atque
1647 3985 1838 4025 omnes
1861 3973 1953 4040 qni
1983 3973 2276 4040 dignitates

707 4057 1167 4133 magistratusque
1212 4062 1475 4131 gerebant
1501 4061 1799 4123 excitavit,
1854 4073 1912 4116 ut
1963 4064 2271 4131 splendide,

708 4172 818 4224 quo
884 4155 1131 4222 dignosci
1189 4162 1431 4223 possent,
1489 4154 1757 4214 coronati,
1798 4154 1946 4207 faces
2000 4155 2276 4223 nuptiales

705 4249 1100 4312 accenderent,
1151 4253 1594 4316 conventumque
1642 4246 2025 4314 sponsalitium
2059 4246 2278 4315 hymnis

704 4348 870 4409 atque
931 4339 1264 4393 carminibus
1323 4339 1686 4393 celebrarent.
1744 4336 1819 4390 lta
1883 4347 1944 4426 ut
2003 4340 2277 4408 conjicere

706 4434 918 4493 liceret,
951 4448 1230 4501 nunquam
1257 4432 1402 4501 apud
1437 4432 1688 4485 homines
1717 4442 1982 4500 apparatu
2008 4446 2074 4484 eo
2096 4435 2280 4499 splen-
2326 4440 2332 4456 '

707 4527 893 4580 .lidius
934 4524 1231 4593 quidquam
1269 4522 1562 4578 exstitisse.
1594 4523 1952 4591 Demophilus
1999 4538 2149 4586 sane,
2190 4538 2277 4577 res

708 4620 982 4672 Romanas
1003 4617 1344 4681 describens,
1370 4615 1718 4670 Plutarchum
1735 4617 2162 4671 Chmronensem
2194 4617 2277 4669 di-

708 4720 853 4763 serte
887 4708 1090 4762 dixisse
1126 4707 1311 4775 refert,
1343 4720 1568 4777 propter
1593 4708 1761 4760 solum
1797 4709 1984 4762 urbem
2017 4709 2269 4774 Romam,
2307 4743 2350 4799 υ

705 4803 964 4854 virtutem
1011 4808 1066 4852 et
1113 4798 1384 4852 fortunam
1430 4800 1571 4852 inter
1618 4815 1676 4854 se
1720 4800 1900 4854 ftedus
1952 4801 2221 4869 pepigisse
2259 4818 2270 4853 :

707 4906 808 4961 ego
828 4901 1008 4943 autem
1035 4890 1282 4953 dixerim,
1310 4904 1492 4944 veram
1519 4891 1682 4944 etiam
1719 4891 1774 4945 in
1812 4892 1981 4944 Deum
2016 4892 2270 4960 pietatem

707 4994 760 5038 et
780 4983 1115 5046 felicitatem,
1155 4982 1207 5034 in
1241 4982 1356 5035 solo
1390 4981 1652 5037 Mauricio
1694 4983 2079 5052 conjunctione
2117 4985 2271 5048 inita,

705 5072 1050 5132 convenisse,
1096 5071 1239 5139 quod
1274 5073 1447 5140 pietas
1483 5073 1693 5126 scilicet
1741 5073 2056 5127 felicitatem
2091 5077 2144 5127 in
2171 5091 2270 5142 po-

707 5170 956 5216 testatem
982 5175 1134 5215 suam
1157 5159 1444 5228 redegerit,
1479 5161 1838 5230 eamdemque
1861 5179 2044 5217 errare
2074 5174 2130 5217 et
2159 5165 2269 5218 labi

705 5269 928 5320 prorsus
959 5268 1066 5306 non
1128 5252 1462 5321 permiserit.
1513 5251 1704 5307 Postea
1761 5256 1925 5308 etiam
1984 5256 2276 5311 Mauricius

705 5348 841 5403 illud
901 5346 1086 5399 studio
1143 5344 1353 5408 habuit,
1401 5357 1461 5398 ut
1509 5360 1619 5398 non
1667 5345 1830 5400 modo
1861 5363 2113 5415 corpore,
2178 5350 2275 5403 sed

706 5439 895 5493 animo
941 5451 1159 5505 quoque
1205 5451 1500 5505 purpuram
1552 5445 1716 5506 atque
1746 5453 2003 5493 coronam
2034 5441 2274 5493 circum-

705 5531 898 5586 ferret.
946 5530 1106 5583 Solus
1161 5543 1395 5597 namque
1427 5544 1492 5581 ex
1521 5530 1797 5598 prioribus
1842 5531 2268 5600 imperatoribus

708 5621 811 5675 sibi
842 5621 945 5688 ipsi
976 5619 1284 5688 imperavit,
1320 5629 1376 5672 et
1419 5633 1581 5673 verus
1609 5633 1732 5674 cum
1755 5637 1965 5675 summa
1996 5633 2266 5692 potestate

775 5734 851 5803 (l)
882 5734 1033 5788 Paul.
1070 5732 1341 5803 Diaconus
1368 5746 1540 5803 annos
1584 5743 1790 5799 septem
1849 5736 2130 5789 Tiberium
2167 5740 2266 5792 im-

703 5802 925 5874 perasse
958 5802 1149 5859 scribit
1188 5816 1202 5854 :
1235 5802 1494 5868 Evagrius
1552 5804 1726 5857 solum
1779 5820 1952 5860 annos
2006 5818 2262 5876 quatuor,

2375 3518 2473 3586 τὴν
2498 3517 2771 3586 γαμήλιον
2803 3514 3030 3584 πομπὴν
3060 3512 3518 3581 ὲκσεμνύνοντας.
3572 3507 3636 3561 Ἥ
3655 3508 3712 3560 δὲ
3743 3508 3940 3576 χρυσό-

2378 3626 2581 3662 παστον
2611 3607 2930 3675 ἀμπεχόνην
2979 3603 3258 3673 ἁλουργίδι
3307 3602 3403 3654 καὶ
3445 3601 3614 3662 λίθοις
3670 3615 3951 3664 κεκοσμη-

2380 3703 2545 3770 μένην
2575 3698 2774 3758 Ἰνδῶν,
2804 3699 2898 3749 καὶ
2933 3696 3232 3764 στεφάνους
3269 3693 3448 3763 πολλῷ
3475 3688 3663 3763 χρυσῷ
3699 3691 3796 3742 καὶ
3827 3694 3948 3750 ταῖς

2378 3796 2438 3846 ἐκ
2488 3794 2654 3844 λίθων
2684 3792 2986 3856 διαυγεὲαις
3035 3787 3527 3854 τιμαλφεστάτους·
3585 3785 3834 3845 ἅπαντάς
3889 3801 3948 3834 τε

2376 3887 2502 3944 τοὺς
2551 3885 2606 3934 ὲν
2648 3880 2922 3950 ἀξιώματι
2964 3879 3283 3949 γαμηλίους
3355 3877 3563 3945 κηροὺς
3610 3877 3949 3935 ἀνάπτοντας

2380 3979 2472 4029 καὶ
2509 3975 2940 4046 μεγαλοπρεπῶς
2983 3975 3348 4043 ὲστεμμένους
3377 3973 3433 4037 ἐξ
3463 3967 3538 4024 ὧν
3569 3971 3948 4040 γνωρίζοιντο,

2378 4072 2470 4121 καὶ
2505 4069 2606 4138 τὴν
2650 4070 3019 4136 νυμφαγωγὸν
3075 4070 3386 4135 πανήγυριν
3423 4063 3819 4133 ἀνυιινοῦντας·
3873 4062 3950 4122 ὡς

2379 4162 2620 4221 εἰκάσαι,
2680 4159 2847 4227 μηδὲν
2901 4160 3009 4210 τῶν
3060 4161 3118 4210 ἐν
3179 4156 3490 4222 ἀνθρώποις
3562 4157 3662 4221 τῆς
3720 4153 3949 4221 πομπῆς

2380 4253 2592 4319 ἐκείνης
2625 4251 3175 4319 σεμνοπρεπέστερον
3199 4249 3557 4303 καθεστάναι.
3622 4248 3684 4300 '0
3723 4248 3821 4315 μὲν
3855 4243 3951 4298 οὖν

2379 4343 2706 4410 Δημόφιλος,
2743 4342 2812 4393 τὰ
2852 4343 2993 4394 κατά
3027 4341 3250 4411 Ῥώμην
3275 4343 3634 4409 ἁναγφάφων,
3663 4339 3950 4407 Πλούταρς

2380 4434 2473 4502 χὸν
2509 4449 2643 4501 φησι
2677 4432 2767 4482 τὸν
2791 4429 3077 4498 Χαιρωνέα
3111 4429 3296 4496 σαφῶς
3326 4429 3519 4491 εἰπεῖν,
3561 4428 3636 4488 ώς
3685 4427 3774 4479 διὰ
3817 4427 3952 4479 ταύ-

2381 4540 2478 4592 την
2516 4523 2686 4591 μόνην
2718 4520 3040 4572 ἐσπείσαντο
3062 4519 3203 4586 πρὸς
3261 4513 3502 4587 ἀλλήλας
3535 4520 3717 4588 ,ἀρετή
3749 4535 3806 4569 τε
3853 4521 3952 4569 καὶ

2379 4617 2537 4685 τύχη.
2573 4613 2718 4682 Ἐγὼ
2760 4613 2804 4665 δ’
2837 4613 2902 4666 ἂν
2933 4612 3119 4681 φαίην,
3151 4611 3228 4674 ὡς
3255 4613 3350 4664 καὶ
3375 4612 3655 4664 θεοσέϐεια
3716 4612 3813 4663 καὶ
3857 4612 3954 4662 εύ-

2380 4705 2630 4775 δαιμονία
2659 4705 2752 4757 ἐπὶ
2785 4706 2933 4774 μόνῳ
2957 4703 3250 4773 Μαυρικίῳ
3284 4703 3569 4772 συνῆλθον,
3625 4703 3726 4772 τῆς
3759 4703 3954 4755 Osos:-

2381 4800 2531 4860 δείας
2561 4797 2900 4867 βιασαμένης
2933 4797 2992 4847 τὸ
3051 4796 3327 4864 εὔδαιμον,
3383 4795 3479 4846 καὶ
3514 4797 3952 4866 περιτρέπεσθαι

2379 4892 2725 4942 παντάπασιν
2785 4889 2883 4941 οὐκ
2913 4887 3192 4955 ἐνδούσης.
3241 4886 3578 4940 Ἑσπούδακε
3621 4887 3677 4940 δὲ
3736 4887 3949 4947 λοιπὸν,

2378 4985 2476 5036 οὐκ
2507 4986 2561 5035 ἐν
2589 4981 2664 5050 τῷ
2713 4980 2923 5050 σώματι
2954 4981 3134 5048 μόνον.
3181 4981 3319 5032 ἀλλὰ
3346 4979 3452 5047 γάρ
3483 4980 3578 5032 καὶ
3612 4983 3668 5032 ὲν
3697 4984 3759 5048 τῇ
3794 4960 3958 5050 ψυχῇ

2378 5075 2768 5146 περιϐαλέσθαι
2812 5076 2911 5143 τὴν
2947 5074 3237 5140 ἁλουργίδα
3283 5091 3340 5126 τε
3394 5073 3607 5126 καὶτὸν
3656 5074 3948 5140 στέφανον·

2381 5171 2538 5240 μόνος
2556 5172 2659 5221 οιαὶ
2700 5171 2804 5237 γὰρ
2834 5167 2939 5219 τῶν
2965 5169 3153 5234 πρώην
3183 5165 3449 5235 βασιλέων
3493 5164 3690 5217 ἑαυτοῦ
3721 5165 3951 5234 βεϐασί-

2375 5264 2555 5315 λευκε·
2579 5262 2676 5314 καὶ
2723 5259 3081 5327 αὐτοκράτωρ
3139 5258 3306 5319 ὄντως
3345 5257 3657 5325 γενόμενος,
3699 5259 3798 5326 τὴν
3834 5259 3949 5310 τῶν

2374 5355 2563 5408 παθῶν
2617 5352 3007 5423 ὀχλοκράτειαν
3053 5354 3116 5402 ἐκ
3170 5351 3267 5418 τῆς
3317 5353 3522 5412 οἰκείας
3574 5351 3948 5422 ὲξενηλάτησε

2375 5449 2570 5517 ψυχῆς
2604 5448 3032 5516 ἀριστοκρατίαν
3065 5444 3118 5495 δὲ
3150 5447 3259 5504 τοῖς
3291 5444 3485 5495 ἑαυτοῦ
3514 5448 3948 5514 καταστησάμε.

2377 5557 2464 5601 νος
2488 5539 2790 5605 λογισμοῖς,
2825 5536 2932 5591 ζῶν
2963 5535 3164 5603 ἀρετῆς
3197 5533 3420 5602 ἄγαλμα
3444 5535 3637 5586 ἑαυτὸν
3664 5536 3950 5606 παρέσχει-

2375 5652 2453 5697 το,
2486 5631 2622 5702 πρὸς
2661 5631 2892 5700 μίμησιν
2940 5626 3284 5678 ἐκπαιὸεύων
3336 5628 3396 5678 τὸ
3457 5629 3733 5697 ὑπήκοον.
3768 5625 3948 5695 Οὗτος

2378 5745 2465 5824 μ’).
2496 5766 2545 5803 v.
2585 5759 2705 5824 cap.
2733 5744 2820 5808 25,
2862 5743 2932 5795 ita
2968 5753 3027 5795 ut
3079 5743 3323 5812 reliquos
3383 5752 3492 5798 tres
3538 5757 3660 5797 cum
3719 5743 3948 5799 Justino

2377 5823 2676 5886 imperarit.
