4244 6438
349 376 458 440 345

1241 388 1836 453 ΕΕΟῙΕΞΙΑετἸΕᾸΞ
1881 397 2260 458 HISTORIA)
2303 401 2444 460 LIB.
2494 401 2714 465 Χνίῐῐ.

3494 403 3598 469 ³68

346 495 642 563 τοιγαροῦν
673 497 734 549 τὸ
760 499 858 566 μὶν
889 501 1228 570 πορρωτέρω
1262 509 1417 566 γένος
1448 506 1535 555 καὶ
1573 505 1808 572 τοῦνομα
1863 510 1925 560 ἐκ
1958 521 1994 573 Α

1916 526 1925 560 ι
1958 521 1994 573 Α
2033 510 2286 578 princeps
2323 513 2713 568 ochlocratiam
2745 530 2838 568 seu
2891 515 3265 569 turbulentum
3303 514 3592 568 aﬂ'ectuum

344 589 446 653 τεῆς
481 589 868 660 πρεσϐυτέρας
920 589 1073 646 εἷλκε
1154 594 1394 664 Ῥώμης·
1428 599 1489 649 τὸ
1515 599 1570 649 δέ
1595 615 1657 663 γε
1713 617 1916 669 προσε-

346 682 441 748 χὲς
471 683 620 750 αὑτῴ
649 685 802 748 γένος
831 684 1159 753 Ἀραϐισσὺν
1200 689 1434 758 πατρίδα
1466 692 1833 760 ἐπεγράφετο,
1880 695 1914 763 ἢ

346 774 410 842 δὴ
439 775 534 827 τοῦ
585 775 973 830 Καππαδοκῶν
1021 780 1206 844 ἔθνους
1238 783 1372 835 ἐστί.
1434 784 1716 855 Φρενήρης
1762 785 1818 837 δὲ
1843 785 1916 838 ὢν

345 867 487 935 ἀνὴρ
520 869 613 919 καὶ
646 869 903 936 ἀγχίνους
935 871 1003 922 τὰ
1033 873 1290 940 μάλιστα,
1346 874 1584 944 ἀκριϐὴς
1622 876 1719 944 τὴν
1771 877 1915 929 δίαι-

343 971 448 1011 ταν
469 962 566 1012 καὶ
607 961 983 1032 ἀπεξεσμένος
1034 964 1323 1036 ἐτύγχανε,
1367 969 1605 1038 γαστρός
1661 986 1720 1021 τε
1752 971 1918 1039 ἐκράο

347 1067 432 1101 τει
464 1055 578 1112 τοῖς
600 1053 924 1119 ἀναγκαίοις
959 1056 1143 1123 μόνοις
1180 1058 1275 1110 καὶ
1304 1058 1652 1128 εὐπορίστοις
1698 1062 1918 1131 χρώμε-

344 1161 457 1204 νος.
493 1143 779 1213 Ἀδόνητον
804 1146 849 1198 δ’
884 1145 970 1216 ἐφ’
992 1147 1198 1202 ἂπασιν
1256 1152 1452 1203 ἑαυτὸν
1504 1155 1782 1222 παρέχων,
1818 1156 1916 1216 τὰς

347 1235 624 1300 ἐντεύξεις
649 1240 761 1298 τοῖς
795 1240 1014 1303 πολλοῖς
1054 1242 1154 1292 οὐκ
1177 1242 1506 1311 εὐπρόσοδος
1557 1242 1649 1312 ἦν,
1681 1248 1790 1299 οὐδ’
1825 1244 1920 1300 αὖ-

347 1324 431 1386 θις
464 1327 750 1396 ἀνειμένος
773 1330 869 1392 τὰς
900 1333 1095 1393 ἀκοάς·
1139 1334 1199 1386 τὸ
1233 1334 1332 1402 μὶν
1364 1333 1472 1404 γὰρ
1519 1338 1600 1400 εἰς
1658 1341 1923 1409 περιφρό-

283 1418 286 1421 ’
347 1436 507 1486 νησιν
574 1422 720 1486 ἄγει,
762 1423 824 1474 τὸ
853 1423 910 1476 δέ
965 1426 1202 1493 πάροδον
1243 1428 1532 1495 ὑπανοίγει
1557 1431 1783 1502 θωπείᾳ.
1811 1435 1921 1486 Καὶ

345 1511 532 1563 τοίνυν
559 1512 658 1571 τὰς
687 1515 788 1581 μέν
822 1517 902 1577 είς
953 1517 1116 1568 αὖτὶν
1167 1520 1404 1582 εἰσόδους
1460 1523 1689 1585 σπανίας
1728 1526 1921 1592 παρεί-

344 1619 494 1668 χετνι,
551 1607 646 1657 καὶ
699 1606 906 1670 ταύτας
961 1613 1435 1680 ἐσπουδασμένοις·
1517 1617 1649 1684 περὶ
1710 1616 1766 1668 δέ
1824 1618 1921 1679 τὰς

343 1696 518 1757 ἀκοὰς
556 1699 668 1754 τοῖς
731 1704 1010 1768 περιττοῖς
1056 1703 1150 1754 καὶ
1195 1705 1474 1771 ἀνονήτοις
1526 1700 1732 1771 ταύτας
1785 1711 1922 1763 durs-

345 1800 609 1850 φραττεν’
637 1785 699 1838 οὐ
741 1789 896 1857 κηρῷ
922 1791 1058 1840 κατὰ
1092 1793 1189 1857 τὴν
1225 1791 1465 1861 ποίησιν,
1503 1795 1646 1862 λόγῳ
1684 1797 1737 1848 δὲ
1785 1798 1915 1863 μᾶλ-

340 1874 434 1924 λον
463 1874 539 1937 ὡς
568 1875 772 1945 ἄριστα
835 1879 982 1931 κλεῖν
1033 1883 1223 1944 αὐταῖς
1256 1883 1347 1935 τὸν
1405 1887 1618 1956 καίριον
1648 1889 1806 1955 λόγον
1841 1888 1919 1944 εἷο
1949 1870 1994 1927 Β

339 1985 430 2018 ναι
463 1969 635 2032 τιθεὶς
659 2010 675 2034 ,
708 1971 946 2035 εὐθέτως
999 1974 1057 2025 ἐν
1097 1979 1216 2038 ταῖς
1245 1977 1547 2041 διαλέξεσιν
1589 1983 1920 2050 ἀνοιγνῦσαν

338 2075 398 2109 τε
450 2059 575 2126 ἄμα
619 2064 713 2114 καὶ
755 2065 1180 2121 ἀποκλείουσαν.
1253 2072 1521 2137 ’Δμαθίαν
1571 2073 1628 2125 δέ
1672 2075 1771 2143 τὴν
1822 2078 1916 2130 τοῦ

340 2150 585 2218 θράσους
613 2158 849 2222 μητέρα,
885 2159 975 2210 καὶ
1005 2158 1209 2212 δειλίαν
1232 2162 1328 2228 τὴν
1369 2167 1772 2236 ἀπῳκισμένην
1823 2173 1916 2222 καὶ

339 2241 639 2312 σύνθρονον
685 2248 861 2317 ταύτῃ
915 2247 1088 2312 οὕτως
1122 2253 1403 2314 ἀπώσατο,
1455 2256 1528 2316 ὡς
1571 2257 1631 2308 τὸ
1669 2260 1767 2326 μὲν
1802 2278 1917 2312 κιν-

334 2332 583 2400 δύνευμα
613 2336 902 2391 εύὸουλίαν
937 2339 1099 2401 εἶναι.
1145 2345 1237 2396 τὸν
1269 2346 1322 2399 δὲ
1376 2348 1532 2409 ὄκνον
1590 2352 1912 2419 ἀσφάλειανο

333 2427 567 2496 ἀνδρίας
634 2432 692 2484 δὲ
745 2436 837 2487 καὶ
892 2439 1211 2504 φρονήσεως
1279 2446 1393 2506 τοῖς
1481 2449 1689 2516 καιροῖς
1764 2450 1916 2517 ὀχου-

341 2522 524 2586 μένων
587 2527 682 2578 καὶ
745 2530 843 2589 τὰς
910 2531 1067 2598 ἡνίας
1153 2539 1630 2603 πρυτανευόντων,
1701 2544 1836 2609 πρὸς
1891 2544 1917 2596 ὃ

337 2615 409 2668 ἂν
435 2619 720 2672 ἐπιτάττοι
751 2623 782 2676 ἡ
834 2624 1010 2690 χρεία,
1050 2627 1144 2676 καὶ
1195 2628 1293 2693 τὴν
1331 2629 1520 2697 ὕφεσιν
1545 2635 1640 2686 καὶ
1666 2636 1918 2687 ἐπίτασιν

334 2708 525 2760 αὐτῶν
559 2711 669 2762 τῶν
696 2714 905 2783 ὁρμῶν,
941 2717 1126 2786 μέτρῳ
1157 2721 1262 2771 τινὶ
1288 2723 1379 2773 καὶ
1411 2723 1603 2794 ῥυθμῷ
1634 2727 1917 2793 γίγνεσθαι

335 2803 750 2869 παρεσκεύασε.

2023 615 2222 658 statum
2266 622 2332 659 et
2391 609 2573 660 animo
2606 609 2721 676 ipse
2757 623 2858 661 suo
2897 609 3083 677 eiecit,
3112 619 3275 678 atque
3307 610 3594 661 aristocra-

2023 699 2152 752 tiam
2196 701 2312 752 sive
2354 701 2701 769 optimatium
2737 703 3182 771 gubernationem
3226 702 3280 754 in
3308 701 3596 768 cogitatio-

2022 791 2187 843 nibus
2235 793 2594 860 consiliisque
2633 793 2746 846 suis
2788 794 3098 852 constituit,
3132 794 3307 845 vivam
3351 791 3592 858 seipsum

2024 881 2240 933 virtutis
2280 891 2536 945 statuam,
2567 894 2626 936 ut
2654 883 2803 936 cives
2837 895 3000 951 atque
3031 881 3280 935 subditos
3309 883 3373 934 ad
3409 880 3592 932 imita-

2024 977 2224 1029 tionem
2250 978 2333 1031 sui
2364 979 2630 1038 erudiret.
2667 979 2937 1047 pra-beas.
2965 977 3062 1030 ilic
3104 991 3302 1030 nomen
3333 987 3388 1030 et
3419 977 3592 1045 geritis

2023 1070 2291 1121 vetustius
2338 1083 2405 1123 ex
2451 1070 2620 1122 veteri
2670 1068 2838 1122 Roma
2897 1070 3084 1126 traxit.
3140 1066 3590 1136 propinquiorem

2021 1171 2202 1214 autem
2235 1161 2609 1228 cognationem
2637 1175 2700 1214 ex
2727 1160 2984 1214 Arabisso
3017 1163 3189 1228 patria
3233 1159 3446 1221 habuit,
3471 1172 3592 1222 mm

2023 1257 2198 1322 gentis
2238 1254 2631 1322 Cappadocum
2663 1265 2764 1306 est.
2794 1255 2916 1307 Fuit
2948 1263 3130 1304 autem
3166 1255 3246 1303 vir
3270 1251 3510 1320 prudens
3540 1258 3595 1302 et

2023 1350 2194 1399 solers
2220 1349 2473 1406 maxime,
2499 1348 2552 1398 in
2589 1349 2698 1399 vita
2731 1347 3051 1413 quotidiana
3080 1354 3136 1397 et
3181 1344 3325 1396 victu
3364 1357 3591 1394 accura-

2026 1453 2110 1494 tus
2140 1439 2458 1492 admodum.
2497 1440 2686 1493 Ventri
2727 1439 2952 1492 minime
2989 1438 3234 1497 indulsit,
3265 1435 3593 1488 necessariis

2026 1540 2231 1584 tantum
2261 1540 2318 1585 et
2346 1532 2651 1601 [rogalibus
2681 1534 2820 1586 cibis
2864 1547 3019 1590 usus,
3060 1531 3225 1599 820
3247 1537 3591 1589 constante!"

2025 1640 2080 1678 se
2119 1635 2172 1679 et
2204 1627 2492 1679 immotum
2528 1627 2580 1678 iu
2603 1625 2768 1679 rebus
2785 1627 3041 1678 omnibus
3062 1622 3372 1693 praebuit.A
3405 1621 3591 1672 miritis

2024 1718 2160 1771 adiri
2202 1733 2258 1772 se
2287 1727 2342 1773 et
2372 1719 2656 1772 conveniri
2690 1734 2796 1771 non
2832 1718 2984 1770 facile
3013 1730 3208 1784 passus
3241 1723 3324 1767 est
3352 1754 3366 1773 ,
3414 1728 3593 1779 neque

2027 1810 2078 1862 in
2131 1799 2452 1862 'Iiominibus
2507 1810 2793 1863 audiendis
2847 1811 3147 1863 dissolutus
3185 1819 3280 1862 aut
3329 1805 3594 1861 remissus

2025 1902 2149 1955 I'uit.
2208 1901 2454 1955 Alterum
2500 1904 2644 1955 enim
2695 1912 3065 1968 contemptum
3121 1904 3303 1963 all‘ert,
3359 1901 3591 1952 alterum

2027 2002 2206 2044 autem
2266 1993 2622 2045 assentationi
2682 1994 2889 2045 aditum
2946 1992 3169 2059 przebct.
3229 1991 3415 2058 Itaque
3482 2005 3590 2040 non

2028 2085 2360 2152 frequenter.
2403 2096 2456 2139 et
2511 2095 2718 2140 tantum
2767 2089 2832 2139 dc
2863 2086 3030 2138 rebus
3080 2085 3339 2152 gravibus
3373 2092 3593 2135 acturos

2025 2176 2090 2229 ad
2127 2192 2186 2230 se
2219 2177 2465 2231 homines
2491 2177 2731 2237 admisit,
2766 2187 2818 2229 ct
2843 2192 3004 2230 aures
3038 2176 3388 2229 sermonibus
3423 2173 3592 2225 inuti-

2027 2271 2168 2322 libus
2206 2277 2261 2322 et
2301 2271 2463 2322 fatuis
2498 2272 2695 2323 clausit
2750 2281 2803 2322 et
2839 2269 3156 2322 obturavit:
3206 2283 3310 2318 non
3347 2281 3469 2317 cera
3503 2266 3593 2315 ille

2025 2365 2263 2430 quidem,
2298 2367 2439 2418 sicut
2495 2366 2637 2432 apud
2678 2374 2863 2430 poetas
2903 2373 3007 2422 est.
3041 2364 3132 2414 sed
3167 2363 3378 2412 ratione
3410 2362 3592 2426 potius

2025 2471 2188 2521 quam
2218 2455 2658 2509 commodissime
2701 2465 2958 2522 tanquam
2995 2453 3225 2512 clavem,
3260 2450 3338 2502 sic
3388 2461 3592 2515 oppor-

2029 2549 2313 2600 luuitalent
2359 2564 2481 2600 cum
2533 2547 2694 2600 modo
2744 2547 3094 2613 conjunctam
3141 2544 3249 2596 illis
3281 2543 3587 2609 imponens.

2025 2657 2144 2707 qiue
2194 2642 2244 2692 in
2294 2641 2583 2709 colloquiis
2637 2650 2783 2692 recte
2836 2649 2892 2692 et
2927 2637 3244 2705 tempestive
3277 2647 3585 2688 sermonem

2024 2734 2264 2797 aperiret
2299 2732 2459 2784 simul
2489 2741 2542 2785 et
2567 2731 2872 2785 clauderet.
2905 2730 3176 2783 luscitiam
3210 2741 3360 2784 vero,
3386 2726 3595 2794 jactan-

2029 2827 2111 2877 lia:
2135 2836 2188 2878 et
2231 2825 2529 2878 icrocitatis
2563 2839 2860 2894 parentem.
2898 2824 3355 2888 timiditatcmque
3387 2821 3592 2872 sociam

335 2894 462 2963 ejus
487 2906 543 2949 et
577 2899 859 2961 comitem,
893 2901 1024 2956 itaa
1057 2919 1115 2958 se
1181 2906 1387 2973 reiecit,
1463 2918 1518 2961 ut
1579 2926 1762 2964 rerum
1831 2918 2160 2976 agendarum
2209 2926 2485 2989 aggressio
2543 2922 2677 2975 bene
2720 2923 2882 2987 ccepti
2939 2919 3195 2975 consilii.
3259 2912 3597 2968 intermissio

332 2997 520 3041 autem
581 2999 637 3042 et
697 2992 924 3046 tarditas
964 3005 1125 3050 certae
1185 2999 1496 3054 securitatis
1552 3013 1719 3066 esset,
1778 3021 1900 3057 cuiu
1967 3009 2188 3062 interim
2236 3012 2502 3066 fortitudo
2577 3022 2632 3066 ct
2679 3011 2964 3078 prudentia
2989 3024 3047 3062 se
3129 3007 3442 3073 ειὶιθιιιβυδ
3495 3017 3586 3062 π’

333 3084 778 3148 conunodarenl,
809 3098 864 3141 et
891 3091 1260 3157 gubernacula
1291 3096 1358 3148 ad
1392 3114 1478 3150 res
1519 3114 1581 3150 ex
1622 3115 1719 3152 usu
1786 3104 2053 3168 gerendas
2099 3118 2514 3168 converterent,
2559 3107 3052 3174 remissioncnique
3105 3111 3270 3170 atque
3324 3097 3594 3157 iutentiO'

333 3192 464 3230 ueni
501 3188 833 3248 cmptoruni,
879 3193 936 3237 ut
973 3186 1350 3243 moderatione
1397 3193 1631 3260 quadam
1661 3205 1718 3247 et
1743 3196 1938 3252 ordine
1973 3200 2413 3260 institueremur.
2446 3212 2722 3254 curarent.

947 3328 1199 3386 ΚΕΦΛΛ.
1238 3329 1315 3383 Θ’.

333 3419 500 3472 Ὅσα
550 3418 774 3488 σημεῖα
811 3423 1118 3499 Μανρικίφ
1181 3423 1528 3499 τὴνάρχὴν
1584 3429 1743 3495 αὐτῷ
1771 3450 1920 3499 μνη-

730 3493 1066 3559 στευόμενα
1096 3495 1542 3562 προητήσαντο.

412 3603 605 3670 Τούτῳ
648 3605 703 3656 δὲ
731 3604 839 3674 ἄρα
875 3609 971 3658 καὶ
1000 3608 1194 3661 πολλα).
1217 3609 1514 3682 θεοσημίαι
1540 3615 1788 3682 ἐγένοντο
1820 3618 1918 3686 τὴν

333 3699 626 3768 βασιλείαν
659 3699 852 3766 ὥσπερ
883 3700 1302 3768 προμνώμεναι.
1337 3704 1446 3756 Καὶ
1477 3707 1582 3776 γὰρ
1605 3709 1694 3759 ἐπὶ
1725 3709 1916 3778 πόρρω

332 3791 574 3854 νυκτῶν,
609 3790 757 3843 ἔνεον
775 3791 886 3842 τῶν
916 3792 1238 3861 ἀνακτόρων
1298 3795 1666 3863 ἐπιθυμιῶντι
1721 3800 1811 3852 τὸν
1845 3803 1920 3854 is-

336 3886 434 3952 ρὸν
456 3880 609 3936 οἷκον
636 3886 735 3952 τῆς
766 3882 1134 3953 Θεομὴτορος.
1160 3885 1217 3948 ὃς
1247 3887 1342 3939 τοῦ
1364 3887 1745 3945 Ἰουστινιανοῦ
1784 3897 1919 3963 πρὸς

332 3977 451 4029 τῶν
506 3975 836 4046 Ἀντιοχέων
878 3977 1168 4045 ἐπίκλησιν
1208 3979 1358 4047 ἔσχε,
1400 3981 1458 4032 τὸ
1503 3984 1705 4036 πέπλον
1748 3979 1792 4053 ᾧ
1825 3990 1920 4055 τὴν

332 4070 562 4138 θυωρὸν
593 4069 930 4136 ἀμφιέννυσι
962 4069 1265 4139 τράπεζαν,
1335 4073 1705 4142 πυρίφλεκτον
1763 4094 1923 4145 γεγο-

334 4164 522 4215 νέναι·
551 4162 627 4223 ὠς
661 4162 761 4215 καὶ
819 4161 955 4232 πρὸς
989 4162 1256 4231 ἔκπληξιν
1316 4167 1412 4217 κα)¹
1444 4167 1656 4236 θάμϐος
1716 4170 1921 4238 ἥκοντα

336 4256 436 4308 τὸν
517 4256 835 4327 Μαυρίκιον
896 4258 1073 4311 δεῖσαι
1137 4259 1198 4309 τὸ
1250 4259 1432 4327 ἔργον·
1484 4261 1812 4329 παρεστῶτα
1864 4262 1922 4314 δὲ

335 4349 657 4419 Γρηγόριον
678 4349 771 4400 τὸν
802 4351 898 4417 τῆς
926 4351 1134 4412 πόλεως
1163 4352 1452 4420 ίεράρχην,
1477 4353 1644 4420 φάναι
1680 4354 1822 4406 θεῖόν
1870 4373 1922 4406 τι

334 4446 400 4496 τὸ
431 4446 627 4514 χρῆμα
661 4440 827 4508 εἶναι,
861 4443 954 4495 καί
1000 4460 1124 4496 τινα
1154 4445 1211 4496 δὲ
1279 4445 1564 4510 ξενίζοντα
1612 4447 1705 4500 καὶ
1765 4446 1925 4516 ἔξοχα

338 4535 712 4606 προμηνύειν.
753 4536 865 4588 Καὶ
909 4535 1100 4588 ἄλλοτε
1131 4536 1188 4588 δὲ
1227 4538 1372 4595 κατὰ
1402 4539 1502 4607 τὴν
1541 4538 1615 4590 ἕω
1643 4538 1920 4605 διάγοντα,

335 4625 583 4696 Χριστὸν
612 4624 762 4695 αὑτῷ
800 4627 850 4677 οἱ
899 4627 1232 4694 ἐπιφανῆναι
1286 4627 1435 4698 ῦπαρ
1497 4631 1590 4681 καὶ
1646 4631 1924 4698 ἐκδίκησιν

2620 3339 2844 3399 CAPUT
2889 3339 2975 3395 iX.

2094 3431 2224 3494 Qua?
2254 3436 2512 3501 prtcsagia
2565 3433 2910 3502 prccedonlia
2951 3429 3212 3481 Mauricio
3245 3427 3519 3492 imperium

2619 3502 3000 3568 portrnderiut.

2093 3616 2343 3685 Prodigia
2378 3632 2596 3684 quoque
2644 3616 2906 3668 divini.us
2942 3613 3209 3675 accidere,
3255 3627 3376 3679 qua
3419 3613 3591 3678 impc-

2023 3711 2163 3764 rium
2197 3710 2458 3763 Mauricio
2489 3709 2909 3778 portenderunt.
2943 3706 2998 3759 lu
3033 3707 3258 3760 multum
3311 3706 3457 3758 enim
3495 3720 3592 3756 nc-

2023 3813 2162 3856 ctem
2217 3817 2328 3854 rem
2379 3802 2616 3853 divinam
2675 3817 2738 3854 co
2788 3799 3055 3860 faciente,
3097 3807 3260 3864 atque
3301 3797 3586 3848 incensuru

2023 3896 2304 3958 oﬂ'crentc,
2365 3895 2414 3946 iu
2462 3893 2681 3946 basilica
2727 3893 2866 3946 sacri
2903 3891 2996 3943 Dei
3034 3890 3329 3944 Geuitricis
3375 3888 3586 3956 templi,

2025 3987 2165 4055 quod
2199 4002 2225 4038 a
2257 3986 2563 4039 Justiniano
2596 3986 2736 4053 apud
2765 3985 3138 4038 Autioclienos
3173 3997 3369 4035 nomen
3400 3981 3587 4038 habet,

2026 4080 2203 4131 velum
2247 4092 2357 4146 quo
2417 4090 2762 4130 sacrosancta
2824 4093 3011 4130 mensa
3076 4076 3408 4144 contegitur,
3462 4076 3585 4142 igne

2023 4171 2421 4237 comprehenso
2456 4169 2610 4230 arsit,
2653 4170 2724 4222 ita
2775 4181 2833 4222 ut
2862 4170 2913 4221 iu
2944 4180 3226 4237 stuporem
3253 4179 3306 4221 et
3334 4177 3585 4221 conster-

2027 4261 2298 4314 nationem
2333 4260 2616 4326 conjectus
2658 4257 2952 4314 Mauricius
3023 4258 3089 4312 ad
3121 4274 3239 4311 eam
3275 4273 3386 4310 rem
3428 4273 3591 4326 expa-

2026 4363 2293 4406 vesccrct.
2347 4350 2642 4420 Gregorius
2689 4359 2868 4404 autem
2925 4350 3078 4403 urbis
3113 4352 3230 4419 ejus
3278 4349 3593 4412 liicrarcha,

2027 4443 2119 4511 qui
2153 4442 2224 4496 ibi
2257 4457 2491 4510 prmsens
2520 4442 2749 4503 astabat,
2787 4440 3036 4493 divinum
3067 4441 3326 4508 quiddam
3368 4441 3417 4492 id
3447 4456 3589 4501 esse,

2028 4543 2190 4600 atque
2221 4548 2309 4586 res
2332 4547 2498 4585 novas
2529 4543 2582 4586 et
2609 4534 2875 4587 sublimes
2903 4533 3228 4585 denuntiare
3266 4532 3421 4584 dixit.
3455 4530 3591 4584 Cum

2028 4640 2159 4678 vero
2202 4625 2254 4678 in
2297 4626 2519 4679 Oriente
2560 4625 2853 4694 aliquando
2899 4626 3193 4679 Slauricius
3217 4632 3384 4689 esset,
3429 4624 3593 4679 Chri-

334 4695 550 4788 ζητεῖν.
581 4720 760 4787 Ὅπερ
795 4718 1052 4787 ἀντ.κρυς
1089 4718 1370 4784 βασιλείαν
1404 4695 1616 4792 ⁷ἐδήλου
1676 4695 1924 4792 προμνη-
1959 4695 1998 4749 D

1919 4752 1924 4761 -
1959 4695 1998 4749 θ
2030 4729 2147 4771 stus
2177 4716 2227 4770 ei
2269 4719 2513 4787 vigilanti
2571 4719 2859 4772 manifesto
2901 4719 3179 4786 apparuit,
3233 4717 3379 4770 etab
3419 4731 3505 4778 eo,
3539 4726 3595 4769 ut

335 4811 695 4876 στευόμενον.
728 4795 887 4876 Παρὰ
919 4811 1062 4870 τίνος
1101 4809 1210 4878 γὰρ
1239 4810 1304 4862 ἂν
1354 4811 1595 4880 Χριστὸς
1640 4813 1920 4882 ἐκδίκησιν

333 4907 366 4974 ῆ
405 4903 563 4971 παρὰ
625 4900 916 4970 βασιλέως,
965 4904 1058 4954 καὶ
1108 4903 1282 4964 οὕτως
1307 4905 1362 4963 ἐς
1424 4906 1585 4956 αὑτὸν
1645 4904 1918 4966 εὐσεϐοῦς,

333 4997 609 5065 ἐζήτησεν
633 4994 740 5060 iv;
799 4995 909 5045 Καὶ
958 4993 1201 5062 ἕτεραδὲ
1245 4995 1372 5059 ἄξια
1420 4995 1577 5061 λόγου
1648 5000 1740 5048 καὶ
1782 4999 1829 5049 oi
1863 4998 1920 5057 ἐς

336 5089 457 5156 φῶς
486 5085 658 5138 αὑτὸν
691 5087 1107 5156 προαγαγόντες
1139 5087 1494 5154 ἀνήγγειλαν.
1549 5090 1606 5138 ’0
1661 5091 1761 5158 μὲν
1813 5093 1922 5162 γὰρ

335 5181 525 5249 πατὴρ
554 5177 743 5244 αὑτοῦ,
785 5180 876 5233 ὅτε
909 5182 1108 5250 γεννᾴν
1163 5181 1326 5233 αὑτὸν
1360 5182 1607 5250 ἔμελλεν,
1663 5185 1792 5254 ὄναρ
1824 5203 1922 5253 με-

337 5276 540 5343 γίστην
579 5272 709 5324 ίδεῖν
737 5272 984 5341 ἄμπελον
1037 5273 1225 5340 ἔλεγεν
1264 5275 1329 5326 ἐκ
1364 5276 1463 5345 τῆς
1517 5276 1682 5328 αὑτοῦ
1739 5278 1924 5346 κοίτης

335 5364 707 5432 ἀναδραμεῖν,
760 5363 956 5433 βότρυς
1013 5383 1073 5417 τε
1137 5367 1488 5436 παμπληθεῖς
1545 5370 1637 5420 καὶ
1689 5369 1926 5436 ὡραίους

339 5456 497 5524 μάλα
532 5456 734 5523 ἁθρόον
775 5457 1204 5527 ἀναϐλαστῆσαι,
1247 5461 1343 5511 καὶ
1375 5461 1690 5530 περικύκλῳ
1714 5464 1927 5514 ἀπαιω-

340 5551 536 5625 ρῆσαι.
588 5547 658 5599 Ἠ
688 5549 744 5600 δέ
790 5565 853 5613 γε
888 5553 1072 5618 μήτηρ
1122 5551 1266 5603 κατὰ
1328 5551 1418 5602 τίιν
1468 5553 1561 5604 τοῦ
1598 5553 1777 5617 τόκουι
1805 5570 1925 5604 και-

341 5642 437 5710 ρδν
487 5643 554 5692 ἐκ
618 5641 722 5707 γῆς
788 5641 1100 5705 ξενίζουσαν
1125 5663 1247 5696 τινα
1295 5647 1388 5698 καὶ
1447 5646 1920 5714 παρηλλαγμένην

342 5735 530 5800 ἔλεγεν
562 5734 794 5787 εὐωδίαν
842 5738 1204 5807 ἀναῤῥυῆναι,
1275 5741 1384 5792 Καὶ
1439 5742 1498 5790 τὸ
1548 5741 1791 5806 γραῶδες
1855 5741 1917 5807 δὴ

339 5824 500 5876 τοῦτο
540 5825 639 5875 καὶ
691 5827 814 5898 ἐμοὶ
853 5829 988 5892 τέως
1024 5829 1254 5883 ἄπιστον
1288 5829 1622 5897 προσετίθει,
1659 5828 1916 5891 πολλάκις

2028 4811 2388 4864 contumelias
2411 4812 2512 4864 sibi
2546 4811 2722 4864 illatas
2755 4811 3082 4872 vindicaret,
3117 4810 3290 4878 petiit.
3311 4809 3441 4874 Quae
3461 4824 3594 4864 sane

2027 4913 2174 4958 certa
2204 4905 2270 4957 de
2299 4904 2526 4973 imperio
2553 4907 2672 4973 ejus
2705 4905 2964 4957 divinatio
2997 4905 3118 4956 l'uit.
3151 4903 3196 4956 Α
3223 4918 3332 4970 quo
3358 4918 3595 4975 namque

2027 4997 2279 5052 Christus
2333 4997 2653 5057 vindictam.
2703 5009 3066 5066 praeterquam
3116 5000 3182 5050 ab
3238 4999 3590 5067 imperatore,

2029 5099 2192 5158 atque
2231 5106 2296 5143 eo
2328 5099 2610 5156 tantopere
2643 5091 2696 5141 in
2746 5089 2897 5142 illum
2955 5091 3066 5156 pio,
3099 5089 3421 5157 exigendam
3450 5089 3598 5142 cilia-

2027 5181 2271 5252 gitaret?
2327 5180 2439 5233 Alia
2500 5190 2760 5248 prazterea
2818 5181 2977 5249 821
3033 5191 3336 5234 memoratu
3396 5181 3593 5250 digna,

2028 5274 2118 5341 qui
2150 5287 2275 5326 eum
2325 5272 2378 5324 in
2423 5271 2600 5326 lucem
2636 5274 3034 5340 produxerunt,
3085 5272 3152 5325 de
3196 5288 3261 5326 eo
3316 5276 3593 5331 renuntia-

2030 5371 2174 5416 runt.
2238 5364 2398 5418 Pater
2456 5380 2692 5432 namque
2746 5366 2969 5427 retulit,
3022 5381 3146 5419 cum
3188 5362 3598 5434 'procreaturus

2029 5472 2153 5510 eum
2183 5465 2347 5519 esset,
2391 5456 2444 5508 in
2488 5458 2693 5509 somnis
2743 5471 2801 5509 se
2839 5458 3128 5508 maximam
3167 5459 3332 5510 vitem
3369 5457 3593 5517 vidisse,

2029 5564 2148 5614 qua:
2172 5563 2235 5600 cx
2255 5549 2510 5601 cubiculo
2540 5563 2638 5602 suo
2677 5559 2794 5600 orta
2837 5548 3145 5611 cmerscrit,
3172 5548 3461 5616 omniaque
3499 5564 3593 5615 ge-

2027 5642 2172 5692 neris
2215 5648 2459 5693 maturos
2506 5641 2692 5694 botros
2743 5641 3098 5693 circumcirca
3136 5639 3434 5707 pendentes
3471 5653 3596 5706 pro-

2028 5733 2229 5787 tulerit.
2294 5731 2464 5787 Mater
2513 5750 2638 5786 vero
2683 5733 2798 5797 ipsa
2856 5743 3044 5800 partus
3093 5744 3414 5801 tciupore,e
3448 5742 3593 5786 terra

2025 5842 2224 5882 novum
2256 5829 2550 5896 quemdam
2600 5835 2652 5883 et
2687 5828 2988 5882 vari-antem
3041 5827 3325 5882 suavitatis
3367 5826 3590 5882 odorem
