  <div class='ocr_page' id='page_1' title='image "/cluster/home/n/w/nwhite01/storage/ocr_20150623/147/nnc1.0046980555/179.png"; bbox 0 0 4244 6438; ppageno 0'>
   <div class='ocr_carea' id='block_1_1' title="bbox 708 409 813 473">
    <p class='ocr_par' dir='ltr' id='par_1_1' title="bbox 708 409 813 473">
     <span class='ocr_line' id='line_1_1' title="bbox 708 409 813 473; baseline 0.01 -2"><span class='ocrx_word' id='word_1_1' title='bbox 708 409 813 473; x_wconf 72' lang='lat'><strong>347</strong></span> 
     </span>
    </p>
   </div>
   <div class='ocr_carea' id='block_1_2' title="bbox 1922 409 2715 473">
    <p class='ocr_par' dir='ltr' id='par_1_2' title="bbox 1922 409 2715 473">
     <span class='ocr_line' id='line_1_2' title="bbox 1922 409 2715 473; baseline -0.004 -2"><span class='ocrx_word' id='word_1_2' title='bbox 1922 409 2338 471; x_wconf 80' lang='lat' dir='ltr'><strong>NICEPHORI</strong></span> <span class='ocrx_word' id='word_1_3' title='bbox 2377 410 2715 473; x_wconf 73' lang='lat' dir='ltr'><strong>CALLISTI</strong></span> 
     </span>
    </p>
   </div>
   <div class='ocr_carea' id='block_1_3' title="bbox 3837 413 3939 481">
    <p class='ocr_par' dir='ltr' id='par_1_3' title="bbox 3837 413 3939 481">
     <span class='ocr_line' id='line_1_3' title="bbox 3837 413 3939 481; baseline 0.069 -8"><span class='ocrx_word' id='word_1_4' title='bbox 3837 413 3939 481; x_wconf 62' lang='lat'><strong>348</strong></span> 
     </span>
    </p>
   </div>
   <div class='ocr_carea' id='block_1_4' title="bbox 710 523 2386 598">
    <p class='ocr_par' dir='ltr' id='par_1_4' title="bbox 710 523 2386 598">
     <span class='ocr_line' id='line_1_4' title="bbox 710 523 2386 598; baseline 0.005 -19"><span class='ocrx_word' id='word_1_5' title='bbox 710 525 980 579; x_wconf 76' lang='lat' dir='ltr'><strong>redditum</strong></span> <span class='ocrx_word' id='word_1_6' title='bbox 1021 538 1140 580; x_wconf 87' lang='lat' dir='ltr'><strong>csse</strong></span> <span class='ocrx_word' id='word_1_7' title='bbox 1201 526 1356 592; x_wconf 82' lang='lat' dir='ltr'><strong>dixit,</strong></span> <span class='ocrx_word' id='word_1_8' title='bbox 1388 526 1517 583; x_wconf 90' lang='lat' dir='ltr'><strong>illud</strong></span> <span class='ocrx_word' id='word_1_9' title='bbox 1559 528 1783 597; x_wconf 98' lang='lat' dir='ltr'><strong>insuper</strong></span> <span class='ocrx_word' id='word_1_10' title='bbox 1805 565 1822 592; x_wconf 86' lang='lat'><strong>,</strong></span> <span class='ocrx_word' id='word_1_11' title='bbox 1850 528 1995 598; x_wconf 90' lang='lat' dir='ltr'><strong>quod</strong></span> <span class='ocrx_word' id='word_1_12' title='bbox 2028 525 2270 582; x_wconf 87' lang='lat' dir='ltr'><strong>anicula-</strong></span> <span class='ocrx_word' id='word_1_13' title='bbox 2299 523 2386 587; x_wconf 71' lang='grc' dir='ltr'><strong>Α)</strong></span> 
     </span>
    </p>
   </div>
   <div class='ocr_carea' id='block_1_5' title="bbox 2263 523 3939 598">
    <p class='ocr_par' dir='ltr' id='par_1_5' title="bbox 2263 523 3939 596">
     <span class='ocr_line' id='line_1_5' title="bbox 2263 523 3939 596; baseline 0.004 -21"><span class='ocrx_word' id='word_1_14' title='bbox 2263 532 2343 587; x_wconf 78' lang='grc' dir='ltr'><strong>»Α</strong></span> <span class='ocrx_word' id='word_1_15' title='bbox 2369 523 2603 593; x_wconf 76' lang='grc' dir='ltr'>λὲγουσα</span> <span class='ocrx_word' id='word_1_16' title='bbox 2641 528 2731 578; x_wconf 80' lang='grc' dir='ltr'>καὶ</span> <span class='ocrx_word' id='word_1_17' title='bbox 2760 527 2861 596; x_wconf 72' lang='grc' dir='ltr'><strong>τὴν</strong></span> <span class='ocrx_word' id='word_1_18' title='bbox 2900 526 2969 595; x_wconf 81' lang='grc' dir='ltr'><strong>ἦν</strong></span> <span class='ocrx_word' id='word_1_19' title='bbox 3002 544 3171 595; x_wconf 74' lang='grc' dir='ltr'>φασιν</span> <span class='ocrx_word' id='word_1_20' title='bbox 3216 528 3564 596; x_wconf 75' lang='grc' dir='ltr'>Ἔμπουσαν,</span> <span class='ocrx_word' id='word_1_21' title='bbox 3612 526 3752 582; x_wconf 85' lang='grc' dir='ltr'>Γιλὼ</span> <span class='ocrx_word' id='word_1_22' title='bbox 3808 529 3939 581; x_wconf 81' lang='grc' dir='ltr'>δ’ἇν</span> 
     </span>
    </p>
   </div>
   <div class='ocr_carea' id='block_1_6' title="bbox 712 618 2273 689">
    <p class='ocr_par' dir='ltr' id='par_1_6' title="bbox 712 618 2273 689">
     <span class='ocr_line' id='line_1_6' title="bbox 712 618 2273 689; baseline 0.003 -20"><span class='ocrx_word' id='word_1_23' title='bbox 712 633 831 670; x_wconf 89' lang='lat' dir='ltr'><strong>rum</strong></span> <span class='ocrx_word' id='word_1_24' title='bbox 868 628 974 677; x_wconf 81' lang='lat' dir='ltr'><strong>est.</strong></span> <span class='ocrx_word' id='word_1_25' title='bbox 1022 630 1077 672; x_wconf 91' lang='lat' dir='ltr'><strong>et</strong></span> <span class='ocrx_word' id='word_1_26' title='bbox 1120 618 1250 671; x_wconf 89' lang='lat' dir='ltr'><strong>mihi</strong></span> <span class='ocrx_word' id='word_1_27' title='bbox 1286 635 1452 689; x_wconf 86' lang='lat' dir='ltr'><strong>prope</strong></span> <span class='ocrx_word' id='word_1_28' title='bbox 1504 621 1844 685; x_wconf 83' lang='lat' dir='ltr'><strong>incredibile,</strong></span> <span class='ocrx_word' id='word_1_29' title='bbox 1884 620 2111 686; x_wconf 80' lang='lat' dir='ltr'><strong>addens,</strong></span> <span class='ocrx_word' id='word_1_30' title='bbox 2145 636 2273 689; x_wconf 84' lang='lat' dir='ltr'><strong>per-</strong></span> 
     </span>
    </p>
   </div>
   <div class='ocr_carea' id='block_1_7' title="bbox 711 710 2272 780">
    <p class='ocr_par' dir='ltr' id='par_1_7' title="bbox 711 710 2272 780">
     <span class='ocr_line' id='line_1_7' title="bbox 711 710 2272 780; baseline 0.003 -18"><span class='ocrx_word' id='word_1_31' title='bbox 711 724 852 778; x_wconf 67' lang='lat' dir='ltr'><strong>saepe</strong></span> <span class='ocrx_word' id='word_1_32' title='bbox 884 725 1002 763; x_wconf 84' lang='lat' dir='ltr'><strong>eam</strong></span> <span class='ocrx_word' id='word_1_33' title='bbox 1052 725 1170 778; x_wconf 65' lang='lat' dir='ltr'><strong>quae</strong></span> <span class='ocrx_word' id='word_1_34' title='bbox 1220 710 1455 780; x_wconf 89' lang='lat' dir='ltr'><strong>Empusa</strong></span> <span class='ocrx_word' id='word_1_35' title='bbox 1491 724 1741 776; x_wconf 93' lang='lat' dir='ltr'><strong>vocatur,</strong></span> <span class='ocrx_word' id='word_1_36' title='bbox 1804 713 1943 766; x_wconf 89' lang='lat' dir='ltr'><strong>alius</strong></span> <span class='ocrx_word' id='word_1_37' title='bbox 1989 727 2121 767; x_wconf 91' lang='lat' dir='ltr'><strong>vero</strong></span> <span class='ocrx_word' id='word_1_38' title='bbox 2152 712 2272 767; x_wconf 78' lang='lat' dir='ltr'><strong>Gilo</strong></span> 
     </span>
    </p>
   </div>
   <div class='ocr_carea' id='block_1_8' title="bbox 712 801 2273 869">
    <p class='ocr_par' dir='ltr' id='par_1_8' title="bbox 712 801 2273 869">
     <span class='ocr_line' id='line_1_8' title="bbox 712 801 2273 869; baseline 0.004 -17"><span class='ocrx_word' id='word_1_39' title='bbox 712 801 931 865; x_wconf 76' lang='lat' dir='ltr'><strong>dixerit,</strong></span> <span class='ocrx_word' id='word_1_40' title='bbox 982 802 1241 857; x_wconf 88' lang='lat' dir='ltr'><strong>inl&#39;antem</strong></span> <span class='ocrx_word' id='word_1_41' title='bbox 1268 820 1333 858; x_wconf 82' lang='lat' dir='ltr'><strong>ex</strong></span> <span class='ocrx_word' id='word_1_42' title='bbox 1366 804 1622 859; x_wconf 90' lang='lat' dir='ltr'><strong>cubiculo</strong></span> <span class='ocrx_word' id='word_1_43' title='bbox 1644 844 1658 869; x_wconf 87' lang='lat'><strong>,</strong></span> <span class='ocrx_word' id='word_1_44' title='bbox 1697 806 1863 859; x_wconf 88' lang='lat' dir='ltr'><strong>veluti</strong></span> <span class='ocrx_word' id='word_1_45' title='bbox 1891 821 2017 860; x_wconf 91' lang='lat' dir='ltr'><strong>eum</strong></span> <span class='ocrx_word' id='word_1_46' title='bbox 2041 806 2273 861; x_wconf 81' lang='lat' dir='ltr'><strong>devora-</strong></span> 
     </span>
    </p>
   </div>
   <div class='ocr_carea' id='block_1_9' title="bbox 714 894 2271 955">
    <p class='ocr_par' dir='ltr' id='par_1_9' title="bbox 714 894 2271 955">
     <span class='ocr_line' id='line_1_9' title="bbox 714 894 2271 955; baseline 0.006 -12"><span class='ocrx_word' id='word_1_47' title='bbox 714 901 910 954; x_wconf 83' lang='lat' dir='ltr'><strong>turam,</strong></span> <span class='ocrx_word' id='word_1_48' title='bbox 953 894 1212 948; x_wconf 79' lang='lat' dir='ltr'><strong>extulisse</strong></span> <span class='ocrx_word' id='word_1_49' title='bbox 1242 937 1256 955; x_wconf 85' lang='lat'><strong>.</strong></span> <span class='ocrx_word' id='word_1_50' title='bbox 1290 895 1427 949; x_wconf 87' lang='lat' dir='ltr'><strong>nihil</strong></span> <span class='ocrx_word' id='word_1_51' title='bbox 1452 905 1630 950; x_wconf 88' lang='lat' dir='ltr'><strong>tamen</strong></span> <span class='ocrx_word' id='word_1_52' title='bbox 1665 896 1977 950; x_wconf 86' lang='lat' dir='ltr'><strong>detrimenti</strong></span> <span class='ocrx_word' id='word_1_53' title='bbox 2001 896 2271 952; x_wconf 76' lang='lat' dir='ltr'><strong>eiall‘erre</strong></span> 
     </span>
    </p>
   </div>
   <div class='ocr_carea' id='block_1_10' title="bbox 711 982 2274 1058">
    <p class='ocr_par' dir='ltr' id='par_1_10' title="bbox 711 982 2274 1058">
     <span class='ocr_line' id='line_1_10' title="bbox 711 982 2274 1058; baseline 0.006 -26"><span class='ocrx_word' id='word_1_54' title='bbox 711 982 973 1048; x_wconf 76' lang='lat' dir='ltr'><strong>potuisse.</strong></span> <span class='ocrx_word' id='word_1_55' title='bbox 1004 984 1143 1048; x_wconf 60' lang='grc' dir='ltr'><strong>ρηῑη</strong></span> <span class='ocrx_word' id='word_1_56' title='bbox 1186 992 1243 1037; x_wconf 90' lang='lat' dir='ltr'><strong>et</strong></span> <span class='ocrx_word' id='word_1_57' title='bbox 1299 985 1533 1056; x_wconf 79' lang='lat' dir='ltr'><strong>Symeon</strong></span> <span class='ocrx_word' id='word_1_58' title='bbox 1572 987 1679 1049; x_wconf 85' lang='lat' dir='ltr'><strong>ille,</strong></span> <span class='ocrx_word' id='word_1_59' title='bbox 1728 988 1820 1056; x_wconf 92' lang='lat' dir='ltr'><strong>qui</strong></span> <span class='ocrx_word' id='word_1_60' title='bbox 1879 1003 2045 1058; x_wconf 91' lang='lat' dir='ltr'><strong>prope</strong></span> <span class='ocrx_word' id='word_1_61' title='bbox 2083 988 2274 1042; x_wconf 79' lang='lat' dir='ltr'><strong>Antio-</strong></span> 
     </span>
    </p>
   </div>
   <div class='ocr_carea' id='block_1_11' title="bbox 712 1072 2269 1147">
    <p class='ocr_par' dir='ltr' id='par_1_11' title="bbox 712 1072 2269 1147">
     <span class='ocr_line' id='line_1_11' title="bbox 712 1072 2269 1147; baseline 0.007 -25"><span class='ocrx_word' id='word_1_62' title='bbox 712 1072 889 1126; x_wconf 82' lang='lat' dir='ltr'><strong>rhiam</strong></span> <span class='ocrx_word' id='word_1_63' title='bbox 916 1077 1205 1128; x_wconf 74' lang='lat' dir='ltr'><strong>stationem</strong></span> <span class='ocrx_word' id='word_1_64' title='bbox 1238 1076 1292 1129; x_wconf 91' lang='lat' dir='ltr'><strong>in</strong></span> <span class='ocrx_word' id='word_1_65' title='bbox 1331 1078 1583 1132; x_wconf 87' lang='lat' dir='ltr'><strong>columna</strong></span> <span class='ocrx_word' id='word_1_66' title='bbox 1620 1078 1832 1139; x_wconf 88' lang='lat' dir='ltr'><strong>habuit,</strong></span> <span class='ocrx_word' id='word_1_67' title='bbox 1878 1089 2142 1147; x_wconf 85' lang='lat' dir='ltr'><strong>quantum</strong></span> <span class='ocrx_word' id='word_1_68' title='bbox 2180 1080 2269 1133; x_wconf 81' lang='lat' dir='ltr'><strong>vix</strong></span> 
     </span>
    </p>
   </div>
   <div class='ocr_carea' id='block_1_12' title="bbox 712 1164 2274 1238">
    <p class='ocr_par' dir='ltr' id='par_1_12' title="bbox 712 1164 2274 1238">
     <span class='ocr_line' id='line_1_12' title="bbox 712 1164 2274 1238; baseline 0.006 -24"><span class='ocrx_word' id='word_1_69' title='bbox 712 1164 851 1220; x_wconf 75' lang='lat' dir='ltr'><strong>alius</strong></span> <span class='ocrx_word' id='word_1_70' title='bbox 892 1166 1203 1233; x_wconf 86' lang='lat' dir='ltr'><strong>quisquam,</strong></span> <span class='ocrx_word' id='word_1_71' title='bbox 1251 1167 1411 1222; x_wconf 88' lang='lat' dir='ltr'><strong>bonis</strong></span> <span class='ocrx_word' id='word_1_72' title='bbox 1456 1169 1715 1236; x_wconf 87' lang='lat' dir='ltr'><strong>operibus</strong></span> <span class='ocrx_word' id='word_1_73' title='bbox 1758 1170 2079 1238; x_wconf 79' lang='lat' dir='ltr'><strong>peragendis</strong></span> <span class='ocrx_word' id='word_1_74' title='bbox 2127 1185 2274 1224; x_wconf 92' lang='lat' dir='ltr'><strong>eom-</strong></span> 
     </span>
    </p>
   </div>
   <div class='ocr_carea' id='block_1_13' title="bbox 714 1256 2269 1329">
    <p class='ocr_par' dir='ltr' id='par_1_13' title="bbox 714 1256 2269 1329">
     <span class='ocr_line' id='line_1_13' title="bbox 714 1256 2269 1329; baseline 0.006 -22"><span class='ocrx_word' id='word_1_75' title='bbox 714 1256 1083 1322; x_wconf 81' lang='lat' dir='ltr'><strong>modissituus,</strong></span> <span class='ocrx_word' id='word_1_76' title='bbox 1113 1268 1169 1311; x_wconf 90' lang='lat' dir='ltr'><strong>et</strong></span> <span class='ocrx_word' id='word_1_77' title='bbox 1199 1258 1344 1311; x_wconf 89' lang='lat' dir='ltr'><strong>omni</strong></span> <span class='ocrx_word' id='word_1_78' title='bbox 1390 1259 1650 1314; x_wconf 90' lang='lat' dir='ltr'><strong>virtutum</strong></span> <span class='ocrx_word' id='word_1_79' title='bbox 1691 1276 1890 1329; x_wconf 75' lang='lat' dir='ltr'><strong>genere</strong></span> <span class='ocrx_word' id='word_1_80' title='bbox 1916 1263 2269 1325; x_wconf 87' lang='lat' dir='ltr'><strong>clarissimus,</strong></span> 
     </span>
    </p>
   </div>
   <div class='ocr_carea' id='block_1_14' title="bbox 717 1348 2275 1419">
    <p class='ocr_par' dir='ltr' id='par_1_14' title="bbox 717 1348 2275 1419">
     <span class='ocr_line' id='line_1_14' title="bbox 717 1348 2275 1419; baseline 0.006 -19"><span class='ocrx_word' id='word_1_81' title='bbox 717 1362 822 1401; x_wconf 79' lang='lat' dir='ltr'><strong>non</strong></span> <span class='ocrx_word' id='word_1_82' title='bbox 848 1348 1010 1400; x_wconf 79' lang='lat' dir='ltr'><strong>nmdo</strong></span> <span class='ocrx_word' id='word_1_83' title='bbox 1050 1352 1216 1403; x_wconf 88' lang='lat' dir='ltr'><strong>multa</strong></span> <span class='ocrx_word' id='word_1_84' title='bbox 1259 1366 1357 1419; x_wconf 86' lang='lat' dir='ltr'><strong>per</strong></span> <span class='ocrx_word' id='word_1_85' title='bbox 1389 1352 1777 1407; x_wconf 84' lang='lat' dir='ltr'><strong>divinationem</strong></span> <span class='ocrx_word' id='word_1_86' title='bbox 1812 1354 1968 1417; x_wconf 79' lang='lat' dir='ltr'><strong>dixit,</strong></span> <span class='ocrx_word' id='word_1_87' title='bbox 2009 1354 2103 1408; x_wconf 86' lang='lat' dir='ltr'><strong>sed</strong></span> <span class='ocrx_word' id='word_1_88' title='bbox 2145 1353 2275 1409; x_wconf 75' lang='lat' dir='ltr'><strong>fecit</strong></span> 
     </span>
    </p>
   </div>
   <div class='ocr_carea' id='block_1_15' title="bbox 716 1438 2271 1513">
    <p class='ocr_par' dir='ltr' id='par_1_15' title="bbox 716 1438 2271 1513">
     <span class='ocr_line' id='line_1_15' title="bbox 716 1438 2271 1513; baseline 0.005 -22"><span class='ocrx_word' id='word_1_89' title='bbox 716 1438 900 1502; x_wconf 76' lang='lat' dir='ltr'><strong>etiam,</strong></span> <span class='ocrx_word' id='word_1_90' title='bbox 943 1456 1063 1507; x_wconf 70' lang='lat' dir='ltr'><strong>quae</strong></span> <span class='ocrx_word' id='word_1_91' title='bbox 1106 1440 1395 1511; x_wconf 89' lang='lat' dir='ltr'><strong>imperium</strong></span> <span class='ocrx_word' id='word_1_92' title='bbox 1432 1445 1547 1511; x_wconf 78' lang='lat' dir='ltr'><strong>ejus</strong></span> <span class='ocrx_word' id='word_1_93' title='bbox 1598 1444 1972 1513; x_wconf 68' lang='lat' dir='ltr'><strong>designarent.</strong></span> <span class='ocrx_word' id='word_1_94' title='bbox 2013 1444 2271 1500; x_wconf 87' lang='lat' dir='ltr'><strong>Sedenim</strong></span> 
     </span>
    </p>
   </div>
   <div class='ocr_carea' id='block_1_16' title="bbox 712 1529 2274 1605">
    <p class='ocr_par' dir='ltr' id='par_1_16' title="bbox 712 1529 2274 1605">
     <span class='ocr_line' id='line_1_16' title="bbox 712 1529 2274 1605; baseline 0.008 -26"><span class='ocrx_word' id='word_1_95' title='bbox 712 1529 912 1582; x_wconf 83' lang='lat' dir='ltr'><strong>lalihus</strong></span> <span class='ocrx_word' id='word_1_96' title='bbox 942 1532 1263 1597; x_wconf 85' lang='lat' dir='ltr'><strong>parentibus</strong></span> <span class='ocrx_word' id='word_1_97' title='bbox 1305 1545 1621 1603; x_wconf 86' lang='lat' dir='ltr'><strong>procreatus</strong></span> <span class='ocrx_word' id='word_1_98' title='bbox 1643 1576 1656 1597; x_wconf 84' lang='lat'><strong>,</strong></span> <span class='ocrx_word' id='word_1_99' title='bbox 1690 1547 1851 1605; x_wconf 83' lang='lat' dir='ltr'><strong>atque</strong></span> <span class='ocrx_word' id='word_1_100' title='bbox 1882 1540 1945 1590; x_wconf 90' lang='lat' dir='ltr'><strong>ad</strong></span> <span class='ocrx_word' id='word_1_101' title='bbox 1980 1538 2126 1592; x_wconf 86' lang='lat' dir='ltr'><strong>hunc</strong></span> <span class='ocrx_word' id='word_1_102' title='bbox 2158 1552 2274 1591; x_wconf 88' lang='lat' dir='ltr'><strong>mo-</strong></span> 
     </span>
    </p>
   </div>
   <div class='ocr_carea' id='block_1_17' title="bbox 714 1620 2273 1696">
    <p class='ocr_par' dir='ltr' id='par_1_17' title="bbox 714 1620 2273 1696">
     <span class='ocr_line' id='line_1_17' title="bbox 714 1620 2273 1696; baseline 0.006 -25"><span class='ocrx_word' id='word_1_103' title='bbox 714 1620 842 1671; x_wconf 87' lang='lat' dir='ltr'><strong>dum</strong></span> <span class='ocrx_word' id='word_1_104' title='bbox 874 1620 1136 1675; x_wconf 84' lang='lat' dir='ltr'><strong>educatus</strong></span> <span class='ocrx_word' id='word_1_105' title='bbox 1163 1625 1324 1678; x_wconf 82' lang='lat' dir='ltr'><strong>simul</strong></span> <span class='ocrx_word' id='word_1_106' title='bbox 1354 1635 1411 1679; x_wconf 89' lang='lat' dir='ltr'><strong>et</strong></span> <span class='ocrx_word' id='word_1_107' title='bbox 1455 1626 1668 1689; x_wconf 90' lang='lat' dir='ltr'><strong>doctus,</strong></span> <span class='ocrx_word' id='word_1_108' title='bbox 1698 1626 1820 1681; x_wconf 86' lang='lat' dir='ltr'><strong>talis</strong></span> <span class='ocrx_word' id='word_1_109' title='bbox 1850 1627 2013 1681; x_wconf 89' lang='lat' dir='ltr'><strong>etiam</strong></span> <span class='ocrx_word' id='word_1_110' title='bbox 2042 1644 2273 1696; x_wconf 88' lang='lat' dir='ltr'><strong>sponsus</strong></span> 
     </span>
    </p>
   </div>
   <div class='ocr_carea' id='block_1_18' title="bbox 713 1711 2270 1788">
    <p class='ocr_par' dir='ltr' id='par_1_18' title="bbox 713 1711 2270 1788">
     <span class='ocr_line' id='line_1_18' title="bbox 713 1711 2270 1788; baseline 0.004 -23"><span class='ocrx_word' id='word_1_111' title='bbox 713 1721 768 1765; x_wconf 84' lang='lat' dir='ltr'><strong>et</strong></span> <span class='ocrx_word' id='word_1_112' title='bbox 796 1711 1068 1779; x_wconf 83' lang='lat' dir='ltr'><strong>princeps,</strong></span> <span class='ocrx_word' id='word_1_113' title='bbox 1113 1715 1374 1782; x_wconf 75' lang='lat' dir='ltr'><strong>Augusta,</strong></span> <span class='ocrx_word' id='word_1_114' title='bbox 1398 1732 1520 1785; x_wconf 78' lang='lat' dir='ltr'><strong>qua:</strong></span> <span class='ocrx_word' id='word_1_115' title='bbox 1543 1728 1598 1769; x_wconf 91' lang='lat' dir='ltr'><strong>et</strong></span> <span class='ocrx_word' id='word_1_116' title='bbox 1617 1717 1973 1772; x_wconf 86' lang='lat' dir='ltr'><strong>Constantina</strong></span> <span class='ocrx_word' id='word_1_117' title='bbox 2003 1720 2270 1788; x_wconf 87' lang='lat' dir='ltr'><strong>appellata</strong></span> 
     </span>
    </p>
   </div>
   <div class='ocr_carea' id='block_1_19' title="bbox 709 1805 2272 1873">
    <p class='ocr_par' dir='ltr' id='par_1_19' title="bbox 709 1805 2272 1873">
     <span class='ocr_line' id='line_1_19' title="bbox 709 1805 2272 1873; baseline 0.008 -22"><span class='ocrx_word' id='word_1_118' title='bbox 709 1811 815 1861; x_wconf 74' lang='lat' dir='ltr'><strong>est,</strong></span> <span class='ocrx_word' id='word_1_119' title='bbox 844 1817 1013 1856; x_wconf 78' lang='lat' dir='ltr'><strong>uxore</strong></span> <span class='ocrx_word' id='word_1_120' title='bbox 1042 1805 1263 1857; x_wconf 74' lang='lat' dir='ltr'><strong>(tomum</strong></span> <span class='ocrx_word' id='word_1_121' title='bbox 1310 1807 1470 1859; x_wconf 83' lang='lat' dir='ltr'><strong>ducta</strong></span> <span class='ocrx_word' id='word_1_122' title='bbox 1506 1807 1682 1862; x_wconf 81' lang='lat' dir='ltr'><strong>factus</strong></span> <span class='ocrx_word' id='word_1_123' title='bbox 1705 1850 1718 1873; x_wconf 94' lang='lat'><strong>,</strong></span> <span class='ocrx_word' id='word_1_124' title='bbox 1756 1809 2048 1865; x_wconf 76' lang='lat' dir='ltr'><strong>Mauricius</strong></span> <span class='ocrx_word' id='word_1_125' title='bbox 2072 1810 2137 1863; x_wconf 87' lang='lat' dir='ltr'><strong>ad</strong></span> <span class='ocrx_word' id='word_1_126' title='bbox 2170 1810 2272 1864; x_wconf 91' lang='lat' dir='ltr'><strong>im-</strong></span> 
     </span>
    </p>
   </div>
   <div class='ocr_carea' id='block_1_20' title="bbox 717 1895 2269 1975">
    <p class='ocr_par' dir='ltr' id='par_1_20' title="bbox 717 1895 2269 1975">
     <span class='ocr_line' id='line_1_20' title="bbox 717 1895 2269 1975; baseline 0.011 -31"><span class='ocrx_word' id='word_1_127' title='bbox 717 1895 925 1961; x_wconf 85' lang='lat' dir='ltr'><strong>perium</strong></span> <span class='ocrx_word' id='word_1_128' title='bbox 988 1901 1256 1964; x_wconf 84' lang='lat' dir='ltr'><strong>pervenit.</strong></span> <span class='ocrx_word' id='word_1_129' title='bbox 1310 1900 1457 1965; x_wconf 84' lang='lat' dir='ltr'><strong>Quas</strong></span> <span class='ocrx_word' id='word_1_130' title='bbox 1502 1918 1634 1956; x_wconf 81' lang='lat' dir='ltr'><strong>vero</strong></span> <span class='ocrx_word' id='word_1_131' title='bbox 1674 1905 1839 1958; x_wconf 91' lang='lat' dir='ltr'><strong>etiam</strong></span> <span class='ocrx_word' id='word_1_132' title='bbox 1900 1920 1986 1959; x_wconf 76' lang='lat' dir='ltr'><strong>res</strong></span> <span class='ocrx_word' id='word_1_133' title='bbox 2020 1909 2269 1975; x_wconf 81' lang='lat' dir='ltr'><strong>gesserit,</strong></span> 
     </span>
    </p>
   </div>
   <div class='ocr_carea' id='block_1_21' title="bbox 715 1986 2271 2062">
    <p class='ocr_par' dir='ltr' id='par_1_21' title="bbox 715 1986 2271 2062">
     <span class='ocr_line' id='line_1_21' title="bbox 715 1986 2271 2062; baseline 0.01 -25"><span class='ocrx_word' id='word_1_134' title='bbox 715 1986 941 2041; x_wconf 67' lang='lat' dir='ltr'><strong>histaria</strong></span> <span class='ocrx_word' id='word_1_135' title='bbox 979 1989 1113 2058; x_wconf 84' lang='lat' dir='ltr'><strong>ipsa,</strong></span> <span class='ocrx_word' id='word_1_136' title='bbox 1149 1992 1336 2045; x_wconf 86' lang='lat' dir='ltr'><strong>divino</strong></span> <span class='ocrx_word' id='word_1_137' title='bbox 1380 1994 1681 2062; x_wconf 87' lang='lat' dir='ltr'><strong>epitulante</strong></span> <span class='ocrx_word' id='word_1_138' title='bbox 1729 1996 1954 2061; x_wconf 80' lang='lat' dir='ltr'><strong>auxilio,</strong></span> <span class='ocrx_word' id='word_1_139' title='bbox 1996 1998 2271 2053; x_wconf 85' lang='lat' dir='ltr'><strong>ostendet.</strong></span> 
     </span>
    </p>
   </div>
   <div class='ocr_carea' id='block_1_22' title="bbox 1329 2106 1662 2166">
    <p class='ocr_par' dir='ltr' id='par_1_22' title="bbox 1329 2106 1662 2166">
     <span class='ocr_line' id='line_1_22' title="bbox 1329 2106 1662 2166; baseline 0.021 -7"><span class='ocrx_word' id='word_1_140' title='bbox 1329 2106 1552 2162; x_wconf 60' lang='lat' dir='ltr'><strong>CAPUT</strong></span> <span class='ocrx_word' id='word_1_141' title='bbox 1592 2108 1662 2166; x_wconf 76' lang='grc' dir='ltr'><strong>Χ.</strong></span> 
     </span>
    </p>
   </div>
   <div class='ocr_carea' id='block_1_23' title="bbox 717 2190 2268 2259">
    <p class='ocr_par' dir='ltr' id='par_1_23' title="bbox 717 2190 2268 2259">
     <span class='ocr_line' id='line_1_23' title="bbox 717 2190 2268 2259; baseline 0.008 -18"><span class='ocrx_word' id='word_1_142' title='bbox 717 2190 789 2243; x_wconf 83' lang='lat' dir='ltr'><strong>De</strong></span> <span class='ocrx_word' id='word_1_143' title='bbox 828 2192 1104 2247; x_wconf 79' lang='lat' dir='ltr'><strong>clementia</strong></span> <span class='ocrx_word' id='word_1_144' title='bbox 1136 2204 1185 2247; x_wconf 85' lang='lat' dir='ltr'><strong>et</strong></span> <span class='ocrx_word' id='word_1_145' title='bbox 1215 2196 1577 2250; x_wconf 72' lang='lat' dir='ltr'><strong>misericordia</strong></span> <span class='ocrx_word' id='word_1_146' title='bbox 1625 2195 1897 2259; x_wconf 75' lang='lat' dir='ltr'><strong>Mauricii,</strong></span> <span class='ocrx_word' id='word_1_147' title='bbox 1928 2208 1980 2252; x_wconf 81' lang='lat' dir='ltr'><strong>et</strong></span> <span class='ocrx_word' id='word_1_148' title='bbox 2000 2198 2065 2251; x_wconf 78' lang='lat' dir='ltr'><strong>de</strong></span> <span class='ocrx_word' id='word_1_149' title='bbox 2094 2200 2268 2253; x_wconf 78' lang='lat' dir='ltr'><strong>admi-</strong></span> 
     </span>
    </p>
   </div>
   <div class='ocr_carea' id='block_1_24' title="bbox 1058 2266 1919 2336">
    <p class='ocr_par' dir='ltr' id='par_1_24' title="bbox 1058 2266 1919 2336">
     <span class='ocr_line' id='line_1_24' title="bbox 1058 2266 1919 2336; baseline 0.008 -21"><span class='ocrx_word' id='word_1_150' title='bbox 1058 2266 1368 2318; x_wconf 78' lang='lat' dir='ltr'><strong>nistratione</strong></span> <span class='ocrx_word' id='word_1_151' title='bbox 1405 2267 1589 2318; x_wconf 81' lang='lat' dir='ltr'><strong>bellica</strong></span> <span class='ocrx_word' id='word_1_152' title='bbox 1626 2267 1919 2336; x_wconf 75' lang='lat' dir='ltr'><strong>Philippici.</strong></span> 
     </span>
    </p>
   </div>
   <div class='ocr_carea' id='block_1_25' title="bbox 783 2374 2272 2444">
    <p class='ocr_par' dir='ltr' id='par_1_25' title="bbox 783 2374 2272 2444">
     <span class='ocr_line' id='line_1_25' title="bbox 783 2374 2272 2444; baseline 0.006 -17"><span class='ocrx_word' id='word_1_153' title='bbox 783 2374 919 2428; x_wconf 78' lang='lat' dir='ltr'><strong>illud</strong></span> <span class='ocrx_word' id='word_1_154' title='bbox 958 2377 1121 2443; x_wconf 79' lang='lat' dir='ltr'><strong>igitur</strong></span> <span class='ocrx_word' id='word_1_155' title='bbox 1170 2376 1220 2430; x_wconf 83' lang='lat' dir='ltr'><strong>ei</strong></span> <span class='ocrx_word' id='word_1_156' title='bbox 1270 2379 1324 2430; x_wconf 92' lang='lat' dir='ltr'><strong>in</strong></span> <span class='ocrx_word' id='word_1_157' title='bbox 1368 2379 1556 2444; x_wconf 87' lang='lat' dir='ltr'><strong>primis</strong></span> <span class='ocrx_word' id='word_1_158' title='bbox 1601 2380 1782 2433; x_wconf 89' lang='lat' dir='ltr'><strong>studio</strong></span> <span class='ocrx_word' id='word_1_159' title='bbox 1816 2381 1938 2444; x_wconf 80' lang='lat' dir='ltr'><strong>fuit,</strong></span> <span class='ocrx_word' id='word_1_160' title='bbox 1977 2390 2035 2435; x_wconf 92' lang='lat' dir='ltr'><strong>ut</strong></span> <span class='ocrx_word' id='word_1_161' title='bbox 2072 2397 2138 2436; x_wconf 86' lang='lat' dir='ltr'><strong>ne</strong></span> <span class='ocrx_word' id='word_1_162' title='bbox 2169 2383 2272 2435; x_wconf 84' lang='lat' dir='ltr'><strong>ali-</strong></span> 
     </span>
    </p>
   </div>
   <div class='ocr_carea' id='block_1_26' title="bbox 709 2471 2274 2548">
    <p class='ocr_par' dir='ltr' id='par_1_26' title="bbox 709 2471 2274 2548">
     <span class='ocr_line' id='line_1_26' title="bbox 709 2471 2274 2548; baseline 0.01 -32"><span class='ocrx_word' id='word_1_163' title='bbox 709 2471 865 2539; x_wconf 77' lang='lat' dir='ltr'><strong>rnjns</strong></span> <span class='ocrx_word' id='word_1_164' title='bbox 895 2474 986 2539; x_wconf 89' lang='lat' dir='ltr'><strong>qui</strong></span> <span class='ocrx_word' id='word_1_165' title='bbox 1017 2472 1405 2540; x_wconf 83' lang='lat' dir='ltr'><strong>perduellionis</strong></span> <span class='ocrx_word' id='word_1_166' title='bbox 1426 2484 1480 2527; x_wconf 94' lang='lat' dir='ltr'><strong>et</strong></span> <span class='ocrx_word' id='word_1_167' title='bbox 1505 2475 1642 2528; x_wconf 67' lang='lat' dir='ltr'><strong>lzesa:</strong></span> <span class='ocrx_word' id='word_1_168' title='bbox 1667 2478 1966 2545; x_wconf 76' lang='lat' dir='ltr'><strong>maiestatis</strong></span> <span class='ocrx_word' id='word_1_169' title='bbox 1998 2492 2124 2530; x_wconf 79' lang='lat' dir='ltr'><strong>reus</strong></span> <span class='ocrx_word' id='word_1_170' title='bbox 2151 2494 2274 2548; x_wconf 75' lang='lat' dir='ltr'><strong>age-</strong></span> 
     </span>
    </p>
   </div>
   <div class='ocr_carea' id='block_1_27' title="bbox 712 2564 2271 2628">
    <p class='ocr_par' dir='ltr' id='par_1_27' title="bbox 712 2564 2271 2628">
     <span class='ocr_line' id='line_1_27' title="bbox 712 2564 2271 2628; baseline 0.007 -18"><span class='ocrx_word' id='word_1_171' title='bbox 712 2569 888 2617; x_wconf 53' lang='lat' dir='ltr'><strong>retur.</strong></span> <span class='ocrx_word' id='word_1_172' title='bbox 956 2564 1272 2628; x_wconf 68' lang='lat' dir='ltr'><strong>sanguinem</strong></span> <span class='ocrx_word' id='word_1_173' title='bbox 1336 2564 1665 2618; x_wconf 71' lang='lat' dir='ltr'><strong>effunderet.</strong></span> <span class='ocrx_word' id='word_1_174' title='bbox 1719 2566 1810 2619; x_wconf 89' lang='lat' dir='ltr'><strong>Sic</strong></span> <span class='ocrx_word' id='word_1_175' title='bbox 1842 2568 2271 2622; x_wconf 73' lang='lat' dir='ltr'><strong>Alatuundarum</strong></span> 
     </span>
    </p>
   </div>
   <div class='ocr_carea' id='block_1_28' title="bbox 712 2653 2271 2726">
    <p class='ocr_par' dir='ltr' id='par_1_28' title="bbox 712 2653 2271 2726">
     <span class='ocr_line' id='line_1_28' title="bbox 712 2653 2271 2726; baseline 0.006 -24"><span class='ocrx_word' id='word_1_176' title='bbox 712 2653 1054 2704; x_wconf 75' lang='lat' dir='ltr'><strong>Srenitarutu</strong></span> <span class='ocrx_word' id='word_1_177' title='bbox 1092 2655 1449 2708; x_wconf 84' lang='lat' dir='ltr'><strong>Barbarorttm</strong></span> <span class='ocrx_word' id='word_1_178' title='bbox 1492 2656 1712 2720; x_wconf 88' lang='lat' dir='ltr'><strong>ducem,</strong></span> <span class='ocrx_word' id='word_1_179' title='bbox 1754 2659 1845 2726; x_wconf 88' lang='lat' dir='ltr'><strong>qui</strong></span> <span class='ocrx_word' id='word_1_180' title='bbox 1879 2660 2271 2726; x_wconf 72' lang='lat' dir='ltr'><strong>rempublicam</strong></span> 
     </span>
    </p>
   </div>
   <div class='ocr_carea' id='block_1_29' title="bbox 708 2745 2275 2813">
    <p class='ocr_par' dir='ltr' id='par_1_29' title="bbox 708 2745 2275 2813">
     <span class='ocr_line' id='line_1_29' title="bbox 708 2745 2275 2813; baseline 0.005 -19"><span class='ocrx_word' id='word_1_181' title='bbox 708 2745 1044 2813; x_wconf 79' lang='lat' dir='ltr'><strong>prodiderat,</strong></span> <span class='ocrx_word' id='word_1_182' title='bbox 1086 2762 1192 2798; x_wconf 85' lang='lat' dir='ltr'><strong>non</strong></span> <span class='ocrx_word' id='word_1_183' title='bbox 1238 2746 1530 2812; x_wconf 79' lang='lat' dir='ltr'><strong>interfecit,</strong></span> <span class='ocrx_word' id='word_1_184' title='bbox 1574 2749 1667 2802; x_wconf 80' lang='lat' dir='ltr'><strong>sed</strong></span> <span class='ocrx_word' id='word_1_185' title='bbox 1713 2765 1816 2801; x_wconf 87' lang='lat' dir='ltr'><strong>una</strong></span> <span class='ocrx_word' id='word_1_186' title='bbox 1852 2765 1973 2803; x_wconf 88' lang='lat' dir='ltr'><strong>cum</strong></span> <span class='ocrx_word' id='word_1_187' title='bbox 2015 2765 2180 2802; x_wconf 75' lang='lat' dir='ltr'><strong>uxore</strong></span> <span class='ocrx_word' id='word_1_188' title='bbox 2219 2760 2275 2802; x_wconf 77' lang='lat' dir='ltr'><strong>et</strong></span> 
     </span>
    </p>
   </div>
   <div class='ocr_carea' id='block_1_30' title="bbox 714 2838 2271 2908">
    <p class='ocr_par' dir='ltr' id='par_1_30' title="bbox 714 2838 2271 2908">
     <span class='ocr_line' id='line_1_30' title="bbox 714 2838 2271 2908; baseline 0.003 -22"><span class='ocrx_word' id='word_1_189' title='bbox 714 2838 901 2889; x_wconf 81' lang='lat' dir='ltr'><strong>liberis</strong></span> <span class='ocrx_word' id='word_1_190' title='bbox 956 2838 1280 2904; x_wconf 80' lang='lat' dir='ltr'><strong>quihusdam</strong></span> <span class='ocrx_word' id='word_1_191' title='bbox 1338 2840 1391 2891; x_wconf 94' lang='lat' dir='ltr'><strong>in</strong></span> <span class='ocrx_word' id='word_1_192' title='bbox 1430 2839 1661 2893; x_wconf 88' lang='lat' dir='ltr'><strong>insulam</strong></span> <span class='ocrx_word' id='word_1_193' title='bbox 1711 2840 1949 2895; x_wconf 77' lang='lat' dir='ltr'><strong>Siciliam</strong></span> <span class='ocrx_word' id='word_1_194' title='bbox 1996 2841 2271 2908; x_wconf 77' lang='lat' dir='ltr'><strong>deportari</strong></span> 
     </span>
    </p>
   </div>
   <div class='ocr_carea' id='block_1_31' title="bbox 720 2929 2275 3001">
    <p class='ocr_par' dir='ltr' id='par_1_31' title="bbox 720 2929 2275 3001">
     <span class='ocr_line' id='line_1_31' title="bbox 720 2929 2275 3001; baseline 0.004 -22"><span class='ocrx_word' id='word_1_195' title='bbox 720 2930 993 2998; x_wconf 64' lang='lat' dir='ltr'><strong>praecepit.</strong></span> <span class='ocrx_word' id='word_1_196' title='bbox 1042 2929 1188 2983; x_wconf 91' lang='lat' dir='ltr'><strong>Idem</strong></span> <span class='ocrx_word' id='word_1_197' title='bbox 1236 2930 1345 2984; x_wconf 87' lang='lat' dir='ltr'><strong>lilio</strong></span> <span class='ocrx_word' id='word_1_198' title='bbox 1378 2932 1496 2999; x_wconf 88' lang='lat' dir='ltr'><strong>ejus</strong></span> <span class='ocrx_word' id='word_1_199' title='bbox 1538 2931 1798 2985; x_wconf 79' lang='lat' dir='ltr'><strong>Naamani</strong></span> <span class='ocrx_word' id='word_1_200' title='bbox 1846 2933 1994 2990; x_wconf 76' lang='lat' dir='ltr'><strong>fecit.</strong></span> <span class='ocrx_word' id='word_1_201' title='bbox 2032 2933 2124 3001; x_wconf 88' lang='lat' dir='ltr'><strong>qui</strong></span> <span class='ocrx_word' id='word_1_202' title='bbox 2161 2949 2275 2985; x_wconf 84' lang='lat' dir='ltr'><strong>ma-</strong></span> 
     </span>
    </p>
   </div>
   <div class='ocr_carea' id='block_1_32' title="bbox 717 3019 2273 3088">
    <p class='ocr_par' dir='ltr' id='par_1_32' title="bbox 717 3019 2273 3088">
     <span class='ocr_line' id='line_1_32' title="bbox 717 3019 2273 3088; baseline 0.004 -19"><span class='ocrx_word' id='word_1_203' title='bbox 717 3019 838 3072; x_wconf 80' lang='lat' dir='ltr'><strong>cula</strong></span> <span class='ocrx_word' id='word_1_204' title='bbox 881 3034 1105 3088; x_wconf 76' lang='lat' dir='ltr'><strong>prorsus</strong></span> <span class='ocrx_word' id='word_1_205' title='bbox 1154 3029 1208 3073; x_wconf 87' lang='lat' dir='ltr'><strong>et</strong></span> <span class='ocrx_word' id='word_1_206' title='bbox 1250 3020 1510 3086; x_wconf 89' lang='lat' dir='ltr'><strong>probrum</strong></span> <span class='ocrx_word' id='word_1_207' title='bbox 1557 3022 1732 3076; x_wconf 78' lang='lat' dir='ltr'><strong>civilis</strong></span> <span class='ocrx_word' id='word_1_208' title='bbox 1758 3022 2273 3076; x_wconf 74' lang='lat' dir='ltr'><strong>’administrationis</strong></span> 
     </span>
    </p>
   </div>
   <div class='ocr_carea' id='block_1_33' title="bbox 716 3113 2274 3184">
    <p class='ocr_par' dir='ltr' id='par_1_33' title="bbox 716 3113 2274 3184">
     <span class='ocr_line' id='line_1_33' title="bbox 716 3113 2274 3184; baseline 0.001 -19"><span class='ocrx_word' id='word_1_209' title='bbox 716 3113 839 3177; x_wconf 87' lang='lat' dir='ltr'><strong>luit,</strong></span> <span class='ocrx_word' id='word_1_210' title='bbox 869 3121 923 3165; x_wconf 74' lang='lat' dir='ltr'><strong>et</strong></span> <span class='ocrx_word' id='word_1_211' title='bbox 948 3115 1342 3181; x_wconf 82' lang='lat' dir='ltr'><strong>quamplurima</strong></span> <span class='ocrx_word' id='word_1_212' title='bbox 1386 3113 1587 3184; x_wconf 81' lang='lat' dir='ltr'><strong>ﬂagitia</strong></span> <span class='ocrx_word' id='word_1_213' title='bbox 1630 3115 1684 3168; x_wconf 90' lang='lat' dir='ltr'><strong>in</strong></span> <span class='ocrx_word' id='word_1_214' title='bbox 1729 3123 2016 3184; x_wconf 87' lang='lat' dir='ltr'><strong>utramque</strong></span> <span class='ocrx_word' id='word_1_215' title='bbox 2051 3115 2274 3168; x_wconf 65' lang='lat' dir='ltr'><strong>Phaeni-</strong></span> 
     </span>
    </p>
   </div>
   <div class='ocr_carea' id='block_1_34' title="bbox 2373 618 3939 690">
    <p class='ocr_par' dir='ltr' id='par_1_34' title="bbox 2373 618 3939 690">
     <span class='ocr_line' id='line_1_34' title="bbox 2373 618 3939 690; baseline -0.002 -18"><span class='ocrx_word' id='word_1_216' title='bbox 2373 618 2531 680; x_wconf 78' lang='grc' dir='ltr'>ἄλλος</span> <span class='ocrx_word' id='word_1_217' title='bbox 2555 618 2720 679; x_wconf 76' lang='grc' dir='ltr'>εἴποι.</span> <span class='ocrx_word' id='word_1_218' title='bbox 2749 618 2852 687; x_wconf 83' lang='grc' dir='ltr'>τῆς</span> <span class='ocrx_word' id='word_1_219' title='bbox 2911 620 3101 690; x_wconf 86' lang='grc' dir='ltr'>κοίτης</span> <span class='ocrx_word' id='word_1_220' title='bbox 3157 621 3474 688; x_wconf 78' lang='grc' dir='ltr'><strong>μεταθεῖναι</strong></span> <span class='ocrx_word' id='word_1_221' title='bbox 3533 622 3593 672; x_wconf 70' lang='grc' dir='ltr'>τδ</span> <span class='ocrx_word' id='word_1_222' title='bbox 3637 619 3838 688; x_wconf 82' lang='grc' dir='ltr'><strong>βρέφος</strong></span> <span class='ocrx_word' id='word_1_223' title='bbox 3865 621 3939 682; x_wconf 80' lang='grc' dir='ltr'><strong>ὡς</strong></span> 
     </span>
    </p>
   </div>
   <div class='ocr_carea' id='block_1_35' title="bbox 2372 696 3939 782">
    <p class='ocr_par' dir='ltr' id='par_1_35' title="bbox 2372 696 3939 782">
     <span class='ocr_line' id='line_1_35' title="bbox 2372 696 3939 782; baseline 0 -19"><span class='ocrx_word' id='word_1_224' title='bbox 2372 709 2532 763; x_wconf 75' lang='grc' dir='ltr'>τοῦτο</span> <span class='ocrx_word' id='word_1_225' title='bbox 2567 709 2903 779; x_wconf 71' lang='grc' dir='ltr'>βρὼξουσαν,</span> <span class='ocrx_word' id='word_1_226' title='bbox 2963 712 3235 782; x_wconf 75' lang='grc' dir='ltr'><strong>μηδαμῶς</strong></span> <span class='ocrx_word' id='word_1_227' title='bbox 3270 696 3333 763; x_wconf 80' lang='grc' dir='ltr'>δὲ</span> <span class='ocrx_word' id='word_1_228' title='bbox 3390 712 3719 779; x_wconf 78' lang='grc' dir='ltr'><strong>δυνηθεῖσαν</strong></span> <span class='ocrx_word' id='word_1_229' title='bbox 3780 710 3939 764; x_wconf 81' lang='grc' dir='ltr'>τοῦτο</span> 
     </span>
    </p>
   </div>
   <div class='ocr_carea' id='block_1_36' title="bbox 2372 800 3939 871">
    <p class='ocr_par' dir='ltr' id='par_1_36' title="bbox 2372 800 3939 871">
     <span class='ocr_line' id='line_1_36' title="bbox 2372 800 3939 871; baseline -0.002 -18"><span class='ocrx_word' id='word_1_230' title='bbox 2372 800 2733 870; x_wconf 76' lang='grc' dir='ltr'>λυμήνασθαι.</span> <span class='ocrx_word' id='word_1_231' title='bbox 2789 800 2951 855; x_wconf 68' lang='grc' dir='ltr'>Ἀλλὰ</span> <span class='ocrx_word' id='word_1_232' title='bbox 2984 801 3079 853; x_wconf 80' lang='grc' dir='ltr'><strong>καὶ</strong></span> <span class='ocrx_word' id='word_1_233' title='bbox 3143 800 3443 871; x_wconf 83' lang='grc' dir='ltr'>Συμεώνης</span> <span class='ocrx_word' id='word_1_234' title='bbox 3497 802 3701 861; x_wconf 78' lang='grc' dir='ltr'>ἐκεῖνος</span> <span class='ocrx_word' id='word_1_235' title='bbox 3758 801 3786 851; x_wconf 87' lang='grc' dir='ltr'><strong>ό</strong></span> <span class='ocrx_word' id='word_1_236' title='bbox 3842 800 3939 865; x_wconf 79' lang='grc' dir='ltr'>τῆς</span> 
     </span>
    </p>
   </div>
   <div class='ocr_carea' id='block_1_37' title="bbox 2373 892 3942 962">
    <p class='ocr_par' dir='ltr' id='par_1_37' title="bbox 2373 892 3942 962">
     <span class='ocr_line' id='line_1_37' title="bbox 2373 892 3942 962; baseline -0.001 -17"><span class='ocrx_word' id='word_1_237' title='bbox 2373 892 2646 962; x_wconf 74' lang='grc' dir='ltr'>Ἀντιόχου</span> <span class='ocrx_word' id='word_1_238' title='bbox 2673 893 2840 960; x_wconf 73' lang='grc' dir='ltr'>ἐγγὺς</span> <span class='ocrx_word' id='word_1_239' title='bbox 2871 894 2969 962; x_wconf 82' lang='grc' dir='ltr'>τὴν</span> <span class='ocrx_word' id='word_1_240' title='bbox 3016 895 3110 947; x_wconf 72' lang='grc' dir='ltr'><strong>ἐπὶ</strong></span> <span class='ocrx_word' id='word_1_241' title='bbox 3140 893 3319 952; x_wconf 86' lang='grc' dir='ltr'>κίονος</span> <span class='ocrx_word' id='word_1_242' title='bbox 3380 894 3574 946; x_wconf 77' lang='grc' dir='ltr'><strong>στάσιν</strong></span> <span class='ocrx_word' id='word_1_243' title='bbox 3635 892 3942 957; x_wconf 63' lang='grc' dir='ltr'>πεπυιημέυ</span> 
     </span>
    </p>
   </div>
   <div class='ocr_carea' id='block_1_38' title="bbox 2372 982 3931 1055">
    <p class='ocr_par' dir='ltr' id='par_1_38' title="bbox 2372 982 3931 1055">
     <span class='ocr_line' id='line_1_38' title="bbox 2372 982 3931 1055; baseline -0.001 -17"><span class='ocrx_word' id='word_1_244' title='bbox 2372 1001 2481 1048; x_wconf 84' lang='grc' dir='ltr'>νος,</span> <span class='ocrx_word' id='word_1_245' title='bbox 2505 983 2958 1055; x_wconf 66' lang='grc' dir='ltr'><strong>πρακτικώτατος</strong></span> <span class='ocrx_word' id='word_1_246' title='bbox 2985 986 3142 1055; x_wconf 81' lang='grc' dir='ltr'>εἴπερ</span> <span class='ocrx_word' id='word_1_247' title='bbox 3175 1001 3260 1048; x_wconf 80' lang='grc' dir='ltr'><strong>τις</strong></span> <span class='ocrx_word' id='word_1_248' title='bbox 3291 985 3609 1053; x_wconf 82' lang='grc' dir='ltr'>γενόμενος,</span> <span class='ocrx_word' id='word_1_249' title='bbox 3669 982 3760 1034; x_wconf 71' lang='grc' dir='ltr'>καὶ</span> <span class='ocrx_word' id='word_1_250' title='bbox 3810 983 3931 1037; x_wconf 76' lang='grc' dir='ltr'>ταῖς</span> 
     </span>
    </p>
   </div>
   <div class='ocr_carea' id='block_1_39' title="bbox 2374 1074 3935 1145">
    <p class='ocr_par' dir='ltr' id='par_1_39' title="bbox 2374 1074 3935 1145">
     <span class='ocr_line' id='line_1_39' title="bbox 2374 1074 3935 1145; baseline -0.003 -17"><span class='ocrx_word' id='word_1_251' title='bbox 2374 1076 2693 1144; x_wconf 69' lang='grc' dir='ltr'>ἐπαλλήλοις</span> <span class='ocrx_word' id='word_1_252' title='bbox 2724 1075 2831 1128; x_wconf 86' lang='grc' dir='ltr'><strong>τῶν</strong></span> <span class='ocrx_word' id='word_1_253' title='bbox 2863 1076 3075 1143; x_wconf 78' lang='grc' dir='ltr'><strong>ἀρετῶν</strong></span> <span class='ocrx_word' id='word_1_254' title='bbox 3112 1075 3540 1145; x_wconf 75' lang='grc' dir='ltr'>ἐπισημότατος.</span> <span class='ocrx_word' id='word_1_255' title='bbox 3593 1074 3767 1126; x_wconf 84' lang='grc' dir='ltr'>πολλά</span> <span class='ocrx_word' id='word_1_256' title='bbox 3812 1089 3935 1124; x_wconf 88' lang='grc' dir='ltr'>τινα</span> 
     </span>
    </p>
   </div>
   <div class='ocr_carea' id='block_1_40' title="bbox 2373 1164 3936 1237">
    <p class='ocr_par' dir='ltr' id='par_1_40' title="bbox 2373 1164 3936 1237">
     <span class='ocr_line' id='line_1_40' title="bbox 2373 1164 3936 1237; baseline -0.003 -18"><span class='ocrx_word' id='word_1_257' title='bbox 2373 1167 2548 1235; x_wconf 82' lang='grc' dir='ltr'>τούτῳ</span> <span class='ocrx_word' id='word_1_258' title='bbox 2567 1168 2627 1220; x_wconf 80' lang='grc' dir='ltr'>οὐ</span> <span class='ocrx_word' id='word_1_259' title='bbox 2670 1169 3030 1237; x_wconf 77' lang='grc' dir='ltr'>προεφοίὸασε</span> <span class='ocrx_word' id='word_1_260' title='bbox 3057 1168 3243 1235; x_wconf 87' lang='grc' dir='ltr'>μόνον,</span> <span class='ocrx_word' id='word_1_261' title='bbox 3270 1166 3403 1219; x_wconf 70' lang='grc' dir='ltr'>ἀλλὰ</span> <span class='ocrx_word' id='word_1_262' title='bbox 3433 1167 3529 1220; x_wconf 76' lang='grc' dir='ltr'>καὶ</span> <span class='ocrx_word' id='word_1_263' title='bbox 3575 1164 3807 1235; x_wconf 70' lang='grc' dir='ltr'>ἔπραξε,</span> <span class='ocrx_word' id='word_1_264' title='bbox 3835 1164 3936 1231; x_wconf 81' lang='grc' dir='ltr'>τὴν</span> 
     </span>
    </p>
   </div>
   <div class='ocr_carea' id='block_1_41' title="bbox 2378 1255 3937 1329">
    <p class='ocr_par' dir='ltr' id='par_1_41' title="bbox 2378 1255 3937 1329">
     <span class='ocr_line' id='line_1_41' title="bbox 2378 1255 3937 1329; baseline -0.003 -18"><span class='ocrx_word' id='word_1_265' title='bbox 2378 1258 2646 1329; x_wconf 82' lang='grc' dir='ltr'>βασίλειον</span> <span class='ocrx_word' id='word_1_266' title='bbox 2701 1260 2878 1329; x_wconf 81' lang='grc' dir='ltr'>ἀρχὴν</span> <span class='ocrx_word' id='word_1_267' title='bbox 2962 1259 3399 1329; x_wconf 77' lang='grc' dir='ltr'>μνηστευόμενα.</span> <span class='ocrx_word' id='word_1_268' title='bbox 3484 1257 3645 1311; x_wconf 69' lang='grc' dir='ltr'>Ἀλλὰ</span> <span class='ocrx_word' id='word_1_269' title='bbox 3696 1255 3937 1316; x_wconf 77' lang='grc' dir='ltr'>τοιοῦτος</span> 
     </span>
    </p>
   </div>
   <div class='ocr_carea' id='block_1_42' title="bbox 2377 1344 3937 1413">
    <p class='ocr_par' dir='ltr' id='par_1_42' title="bbox 2377 1344 3937 1413">
     <span class='ocr_line' id='line_1_42' title="bbox 2377 1344 3937 1413; baseline 0.001 -18"><span class='ocrx_word' id='word_1_270' title='bbox 2377 1344 2477 1411; x_wconf 81' lang='grc' dir='ltr'><strong>μὲν</strong></span> <span class='ocrx_word' id='word_1_271' title='bbox 2507 1347 2536 1397; x_wconf 85' lang='grc' dir='ltr'>ὁ</span> <span class='ocrx_word' id='word_1_272' title='bbox 2566 1347 2891 1413; x_wconf 81' lang='grc' dir='ltr'>Μαυρίκιος”</span> <span class='ocrx_word' id='word_1_273' title='bbox 2920 1348 3008 1412; x_wconf 58' lang='lat' dir='ltr'><strong>ita:</strong></span> <span class='ocrx_word' id='word_1_274' title='bbox 3041 1346 3299 1399; x_wconf 80' lang='grc' dir='ltr'><strong>τοιούτων</strong></span> <span class='ocrx_word' id='word_1_275' title='bbox 3354 1345 3411 1399; x_wconf 66' lang='grc' dir='ltr'>δὲ</span> <span class='ocrx_word' id='word_1_276' title='bbox 3482 1347 3575 1397; x_wconf 57' lang='grc' dir='ltr'><strong>καὶ¹</strong></span> <span class='ocrx_word' id='word_1_277' title='bbox 3619 1344 3762 1397; x_wconf 80' lang='grc' dir='ltr'>οὕτω</span> <span class='ocrx_word' id='word_1_278' title='bbox 3806 1361 3937 1413; x_wconf 86' lang='grc' dir='ltr'>τρα-</span> 
     </span>
    </p>
   </div>
   <div class='ocr_carea' id='block_1_43' title="bbox 2375 1434 3939 1504">
    <p class='ocr_par' dir='ltr' id='par_1_43' title="bbox 2375 1434 3939 1504">
     <span class='ocr_line' id='line_1_43' title="bbox 2375 1434 3939 1504; baseline 0.001 -19"><span class='ocrx_word' id='word_1_279' title='bbox 2375 1435 2497 1503; x_wconf 84' lang='grc' dir='ltr'>φείς</span> <span class='ocrx_word' id='word_1_280' title='bbox 2528 1452 2583 1486; x_wconf 84' lang='grc' dir='ltr'><strong>τε</strong></span> <span class='ocrx_word' id='word_1_281' title='bbox 2620 1434 2737 1503; x_wconf 77' lang='grc' dir='ltr'>ἅμα</span> <span class='ocrx_word' id='word_1_282' title='bbox 2778 1436 2870 1488; x_wconf 75' lang='grc' dir='ltr'>καὶ</span> <span class='ocrx_word' id='word_1_283' title='bbox 2908 1436 3242 1498; x_wconf 77' lang='grc' dir='ltr'>παιδευθεὶς,</span> <span class='ocrx_word' id='word_1_284' title='bbox 3280 1435 3472 1490; x_wconf 83' lang='grc' dir='ltr'>τοῦτον</span> <span class='ocrx_word' id='word_1_285' title='bbox 3501 1436 3593 1489; x_wconf 63' lang='grc' dir='ltr'><strong>τὶν</strong></span> <span class='ocrx_word' id='word_1_286' title='bbox 3615 1436 3815 1504; x_wconf 78' lang='grc' dir='ltr'><strong>τρόπον</strong></span> <span class='ocrx_word' id='word_1_287' title='bbox 3844 1434 3939 1487; x_wconf 68' lang='grc' dir='ltr'>καὶ</span> 
     </span>
    </p>
   </div>
   <div class='ocr_carea' id='block_1_44' title="bbox 2373 1525 3938 1599">
    <p class='ocr_par' dir='ltr' id='par_1_44' title="bbox 2373 1525 3938 1599">
     <span class='ocr_line' id='line_1_44' title="bbox 2373 1525 3938 1599; baseline 0.001 -22"><span class='ocrx_word' id='word_1_288' title='bbox 2373 1525 2605 1593; x_wconf 79' lang='grc' dir='ltr'><strong>νυμφίος</strong></span> <span class='ocrx_word' id='word_1_289' title='bbox 2632 1525 2742 1595; x_wconf 74' lang='grc' dir='ltr'>ἅμα</span> <span class='ocrx_word' id='word_1_290' title='bbox 2774 1528 2865 1581; x_wconf 70' lang='grc' dir='ltr'>καὶ</span> <span class='ocrx_word' id='word_1_291' title='bbox 2899 1528 3154 1595; x_wconf 77' lang='grc' dir='ltr'>βασιλεὺς</span> <span class='ocrx_word' id='word_1_292' title='bbox 3185 1530 3276 1581; x_wconf 78' lang='grc' dir='ltr'>ὲπί</span> <span class='ocrx_word' id='word_1_293' title='bbox 3310 1529 3411 1599; x_wconf 78' lang='grc' dir='ltr'><strong>τὴν</strong></span> <span class='ocrx_word' id='word_1_294' title='bbox 3464 1527 3757 1594; x_wconf 73' lang='grc' dir='ltr'>ἐπίφθονον</span> <span class='ocrx_word' id='word_1_295' title='bbox 3793 1543 3938 1594; x_wconf 81' lang='grc' dir='ltr'>παρ-</span> 
     </span>
    </p>
   </div>
   <div class='ocr_carea' id='block_1_45' title="bbox 2373 1617 3937 1689">
    <p class='ocr_par' dir='ltr' id='par_1_45' title="bbox 2373 1617 3937 1689">
     <span class='ocr_line' id='line_1_45' title="bbox 2373 1617 3937 1689; baseline -0.012 -3"><span class='ocrx_word' id='word_1_296' title='bbox 2373 1617 2535 1686; x_wconf 70' lang='grc' dir='ltr'>ῆλθεν</span> <span class='ocrx_word' id='word_1_297' title='bbox 2586 1619 2801 1688; x_wconf 71' lang='grc' dir='ltr'><strong>ἀρχὴν,</strong></span> <span class='ocrx_word' id='word_1_298' title='bbox 2851 1620 3170 1687; x_wconf 77' lang='grc' dir='ltr'>Αὐγούσταν</span> <span class='ocrx_word' id='word_1_299' title='bbox 3227 1622 3326 1689; x_wconf 78' lang='grc' dir='ltr'>τὴν</span> <span class='ocrx_word' id='word_1_300' title='bbox 3375 1620 3470 1674; x_wconf 74' lang='grc' dir='ltr'>καὶ</span> <span class='ocrx_word' id='word_1_301' title='bbox 3525 1620 3937 1671; x_wconf 78' lang='grc' dir='ltr'>Κωνσταντῖναν</span> 
     </span>
    </p>
   </div>
   <div class='ocr_carea' id='block_1_46' title="bbox 2374 1707 3936 1781">
    <p class='ocr_par' dir='ltr' id='par_1_46' title="bbox 2374 1707 3936 1781">
     <span class='ocr_line' id='line_1_46' title="bbox 2374 1707 3936 1781; baseline 0 -21"><span class='ocrx_word' id='word_1_302' title='bbox 2374 1711 2822 1780; x_wconf 67' lang='grc' dir='ltr'>εἰσοικισάμενος.</span> <span class='ocrx_word' id='word_1_303' title='bbox 2859 1712 2924 1765; x_wconf 84' lang='grc' dir='ltr'>Τί</span> <span class='ocrx_word' id='word_1_304' title='bbox 2954 1712 3010 1763; x_wconf 77' lang='grc' dir='ltr'>δὲ</span> <span class='ocrx_word' id='word_1_305' title='bbox 3039 1712 3147 1780; x_wconf 78' lang='grc' dir='ltr'>ἄρα</span> <span class='ocrx_word' id='word_1_306' title='bbox 3176 1711 3268 1764; x_wconf 69' lang='grc' dir='ltr'>καὶ</span> <span class='ocrx_word' id='word_1_307' title='bbox 3308 1711 3462 1781; x_wconf 82' lang='grc' dir='ltr'><strong>αὖτῷ</strong></span> <span class='ocrx_word' id='word_1_308' title='bbox 3500 1707 3832 1778; x_wconf 71' lang='grc' dir='ltr'>διεπράχθη,</span> <span class='ocrx_word' id='word_1_309' title='bbox 3867 1707 3936 1760; x_wconf 75' lang='grc' dir='ltr'>τὰ</span> 
     </span>
    </p>
   </div>
   <div class='ocr_carea' id='block_1_47' title="bbox 2374 1800 3940 1873">
    <p class='ocr_par' dir='ltr' id='par_1_47' title="bbox 2374 1800 3940 1873">
     <span class='ocr_line' id='line_1_47' title="bbox 2374 1800 3940 1873; baseline 0.012 -22"><span class='ocrx_word' id='word_1_310' title='bbox 2374 1800 2609 1868; x_wconf 79' lang='grc' dir='ltr'>καθεξῆς</span> <span class='ocrx_word' id='word_1_311' title='bbox 2637 1803 2733 1870; x_wconf 85' lang='grc' dir='ltr'>τῆς</span> <span class='ocrx_word' id='word_1_312' title='bbox 2783 1802 3021 1873; x_wconf 84' lang='grc' dir='ltr'>ιστοριας</span> <span class='ocrx_word' id='word_1_313' title='bbox 3048 1804 3302 1873; x_wconf 78' lang='grc' dir='ltr'><strong>δηλώσει,</strong></span> <span class='ocrx_word' id='word_1_314' title='bbox 3365 1805 3465 1873; x_wconf 84' lang='grc' dir='ltr'><strong>τῆς</strong></span> <span class='ocrx_word' id='word_1_315' title='bbox 3496 1802 3649 1865; x_wconf 77' lang='grc' dir='ltr'>θείας</span> <span class='ocrx_word' id='word_1_316' title='bbox 3700 1801 3940 1871; x_wconf 77' lang='grc' dir='ltr'>ἡγουμέ-</span> 
     </span>
    </p>
   </div>
   <div class='ocr_carea' id='block_1_48' title="bbox 2374 1892 2681 1962">
    <p class='ocr_par' dir='ltr' id='par_1_48' title="bbox 2374 1892 2681 1962">
     <span class='ocr_line' id='line_1_48' title="bbox 2374 1892 2681 1962; baseline -0.01 -3"><span class='ocrx_word' id='word_1_317' title='bbox 2374 1892 2681 1962; x_wconf 74' lang='grc' dir='ltr'><strong>νηςροπῆς.</strong></span> 
     </span>
    </p>
   </div>
   <div class='ocr_carea' id='block_1_49' title="bbox 2976 2091 3323 2149">
    <p class='ocr_par' dir='ltr' id='par_1_49' title="bbox 2976 2091 3323 2149">
     <span class='ocr_line' id='line_1_49' title="bbox 2976 2091 3323 2149; baseline 0.003 -1"><span class='ocrx_word' id='word_1_318' title='bbox 2976 2094 3204 2149; x_wconf 80' lang='grc' dir='ltr'><strong>ΚΕΦΑΛ</strong></span> <span class='ocrx_word' id='word_1_319' title='bbox 3217 2135 3229 2148; x_wconf 93' lang='grc'><strong>.</strong></span> <span class='ocrx_word' id='word_1_320' title='bbox 3267 2091 3323 2149; x_wconf 74' lang='lat'><strong>1&#39;.</strong></span> 
     </span>
    </p>
   </div>
   <div class='ocr_carea' id='block_1_50' title="bbox 2374 2186 3937 2256">
    <p class='ocr_par' dir='ltr' id='par_1_50' title="bbox 2374 2186 3937 2256">
     <span class='ocr_line' id='line_1_50' title="bbox 2374 2186 3937 2256; baseline 0.01 -29"><span class='ocrx_word' id='word_1_321' title='bbox 2374 2188 2513 2252; x_wconf 77' lang='grc' dir='ltr'>Περ.</span> <span class='ocrx_word' id='word_1_322' title='bbox 2572 2203 2681 2252; x_wconf 80' lang='grc' dir='ltr'><strong>της</strong></span> <span class='ocrx_word' id='word_1_323' title='bbox 2733 2188 3107 2253; x_wconf 75' lang='grc' dir='ltr'><strong>συμπαθείας</strong></span> <span class='ocrx_word' id='word_1_324' title='bbox 3142 2186 3492 2253; x_wconf 79' lang='grc' dir='ltr'>Μαυρικίου,</span> <span class='ocrx_word' id='word_1_325' title='bbox 3543 2188 3638 2241; x_wconf 77' lang='grc' dir='ltr'><strong>καί</strong></span> <span class='ocrx_word' id='word_1_326' title='bbox 3666 2186 3799 2256; x_wconf 79' lang='grc' dir='ltr'>περὶ</span> <span class='ocrx_word' id='word_1_327' title='bbox 3827 2187 3937 2256; x_wconf 78' lang='grc' dir='ltr'>τῆς</span> 
     </span>
    </p>
   </div>
   <div class='ocr_carea' id='block_1_51' title="bbox 2758 2257 3547 2335">
    <p class='ocr_par' dir='ltr' id='par_1_51' title="bbox 2758 2257 3547 2323">
     <span class='ocr_line' id='line_1_51' title="bbox 2758 2257 3547 2323; baseline 0.006 -16"><span class='ocrx_word' id='word_1_328' title='bbox 2758 2257 3121 2323; x_wconf 75' lang='grc' dir='ltr'><strong>στρατηγίας</strong></span> <span class='ocrx_word' id='word_1_329' title='bbox 3165 2257 3547 2312; x_wconf 73' lang='grc' dir='ltr'>Φιλιππικοῦ.</span> 
     </span>
    </p>
   </div>
   <div class='ocr_carea' id='block_1_52' title="bbox 2455 2366 3935 2441">
    <p class='ocr_par' dir='ltr' id='par_1_52' title="bbox 2455 2366 3935 2441">
     <span class='ocr_line' id='line_1_52' title="bbox 2455 2366 3935 2441; baseline 0.002 -22"><span class='ocrx_word' id='word_1_330' title='bbox 2455 2366 2826 2436; x_wconf 70' lang='grc' dir='ltr'>Ἐσπουδάσθη</span> <span class='ocrx_word' id='word_1_331' title='bbox 2878 2369 3165 2438; x_wconf 79' lang='grc' dir='ltr'><strong>τοιγαροῦν</strong></span> <span class='ocrx_word' id='word_1_332' title='bbox 3220 2369 3370 2439; x_wconf 85' lang='grc' dir='ltr'><strong>αὐτῷ</strong></span> <span class='ocrx_word' id='word_1_333' title='bbox 3426 2371 3533 2441; x_wconf 83' lang='grc' dir='ltr'>πρὸ</span> <span class='ocrx_word' id='word_1_334' title='bbox 3587 2371 3696 2425; x_wconf 83' lang='grc' dir='ltr'><strong>τῶν</strong></span> <span class='ocrx_word' id='word_1_335' title='bbox 3758 2371 3935 2423; x_wconf 79' lang='grc' dir='ltr'>ἄλλων</span> 
     </span>
    </p>
   </div>
   <div class='ocr_carea' id='block_1_53' title="bbox 2378 2456 3935 2532">
    <p class='ocr_par' dir='ltr' id='par_1_53' title="bbox 2378 2456 3935 2532">
     <span class='ocr_line' id='line_1_53' title="bbox 2378 2456 3935 2532; baseline 0.003 -24"><span class='ocrx_word' id='word_1_336' title='bbox 2378 2456 2600 2527; x_wconf 73' lang='grc' dir='ltr'>μηδενὸς</span> <span class='ocrx_word' id='word_1_337' title='bbox 2657 2456 2766 2509; x_wconf 90' lang='grc' dir='ltr'><strong>τῶν</strong></span> <span class='ocrx_word' id='word_1_338' title='bbox 2816 2458 3093 2510; x_wconf 83' lang='grc' dir='ltr'>ὑποδίκων</span> <span class='ocrx_word' id='word_1_339' title='bbox 3152 2462 3218 2530; x_wconf 77' lang='grc' dir='ltr'>τῇ</span> <span class='ocrx_word' id='word_1_340' title='bbox 3279 2459 3528 2532; x_wconf 77' lang='grc' dir='ltr'>βασιλείᾳ</span> <span class='ocrx_word' id='word_1_341' title='bbox 3584 2461 3935 2513; x_wconf 75' lang='grc' dir='ltr'>παντάπασιν</span> 
     </span>
    </p>
   </div>
   <div class='ocr_carea' id='block_1_54' title="bbox 2374 2546 3935 2622">
    <p class='ocr_par' dir='ltr' id='par_1_54' title="bbox 2374 2546 3935 2622">
     <span class='ocr_line' id='line_1_54' title="bbox 2374 2546 3935 2622; baseline 0.003 -21"><span class='ocrx_word' id='word_1_342' title='bbox 2374 2546 2516 2619; x_wconf 73' lang='grc' dir='ltr'>αἷμα</span> <span class='ocrx_word' id='word_1_343' title='bbox 2563 2551 2780 2620; x_wconf 74' lang='grc' dir='ltr'>ἐκχέαι·</span> <span class='ocrx_word' id='word_1_344' title='bbox 2826 2548 2950 2601; x_wconf 79' lang='grc' dir='ltr'>οὔτε</span> <span class='ocrx_word' id='word_1_345' title='bbox 3001 2551 3180 2603; x_wconf 88' lang='grc' dir='ltr'>τοίνυν</span> <span class='ocrx_word' id='word_1_346' title='bbox 3223 2551 3654 2622; x_wconf 74' lang='grc' dir='ltr'>’Λλαμούνδαρον</span> <span class='ocrx_word' id='word_1_347' title='bbox 3690 2553 3782 2605; x_wconf 69' lang='grc' dir='ltr'>τὸν</span> <span class='ocrx_word' id='word_1_348' title='bbox 3829 2552 3935 2605; x_wconf 84' lang='grc' dir='ltr'><strong>τῶν</strong></span> 
     </span>
    </p>
   </div>
   <div class='ocr_carea' id='block_1_55' title="bbox 2376 2642 3935 2713">
    <p class='ocr_par' dir='ltr' id='par_1_55' title="bbox 2376 2642 3935 2713">
     <span class='ocr_line' id='line_1_55' title="bbox 2376 2642 3935 2713; baseline 0.001 -20"><span class='ocrx_word' id='word_1_349' title='bbox 2376 2642 2667 2711; x_wconf 76' lang='grc' dir='ltr'>Σκηνητῶν</span> <span class='ocrx_word' id='word_1_350' title='bbox 2694 2642 2982 2711; x_wconf 72' lang='grc' dir='ltr'>βαρϐάρων</span> <span class='ocrx_word' id='word_1_351' title='bbox 3029 2643 3130 2713; x_wconf 78' lang='grc' dir='ltr'>τὴν</span> <span class='ocrx_word' id='word_1_352' title='bbox 3178 2643 3476 2713; x_wconf 81' lang='grc' dir='ltr'>ἡγεμονίαν</span> <span class='ocrx_word' id='word_1_353' title='bbox 3524 2645 3935 2713; x_wconf 72' lang='grc' dir='ltr'>ἐπιτετραμμέ-</span> 
     </span>
    </p>
   </div>
   <div class='ocr_carea' id='block_1_56' title="bbox 2374 2734 3933 2803">
    <p class='ocr_par' dir='ltr' id='par_1_56' title="bbox 2374 2734 3933 2803">
     <span class='ocr_line' id='line_1_56' title="bbox 2374 2734 3933 2803; baseline -0.001 -16"><span class='ocrx_word' id='word_1_354' title='bbox 2374 2752 2483 2798; x_wconf 85' lang='grc' dir='ltr'>νον,</span> <span class='ocrx_word' id='word_1_355' title='bbox 2533 2735 2631 2803; x_wconf 83' lang='grc' dir='ltr'>τὴν</span> <span class='ocrx_word' id='word_1_356' title='bbox 2686 2736 2962 2789; x_wconf 76' lang='grc' dir='ltr'>πολιτείαν</span> <span class='ocrx_word' id='word_1_357' title='bbox 3020 2736 3471 2803; x_wconf 80' lang='grc' dir='ltr'>καταπροδόντα,.</span> <span class='ocrx_word' id='word_1_358' title='bbox 3513 2738 3754 2788; x_wconf 65' lang='grc' dir='ltr'>ἀνεῦιενο</span> <span class='ocrx_word' id='word_1_359' title='bbox 3817 2734 3933 2788; x_wconf 80' lang='grc' dir='ltr'>ἀλλ’</span> 
     </span>
    </p>
   </div>
   <div class='ocr_carea' id='block_1_57' title="bbox 2376 2824 3934 2893">
    <p class='ocr_par' dir='ltr' id='par_1_57' title="bbox 2376 2824 3934 2893">
     <span class='ocr_line' id='line_1_57' title="bbox 2376 2824 3934 2893; baseline 0 -16"><span class='ocrx_word' id='word_1_360' title='bbox 2376 2824 2665 2893; x_wconf 75' lang='grc' dir='ltr'>ὑπερόριον</span> <span class='ocrx_word' id='word_1_361' title='bbox 2696 2826 2846 2893; x_wconf 87' lang='grc' dir='ltr'><strong>νήσῳ</strong></span> <span class='ocrx_word' id='word_1_362' title='bbox 2877 2827 2982 2876; x_wconf 72' lang='grc' dir='ltr'>τινὶ</span> <span class='ocrx_word' id='word_1_363' title='bbox 3030 2826 3136 2877; x_wconf 89' lang='grc' dir='ltr'><strong>τῶν</strong></span> <span class='ocrx_word' id='word_1_364' title='bbox 3182 2826 3418 2878; x_wconf 84' lang='grc' dir='ltr'>Σικελῶν</span> <span class='ocrx_word' id='word_1_365' title='bbox 3452 2827 3775 2888; x_wconf 73' lang='grc' dir='ltr'>κατεδίκαζε</span> <span class='ocrx_word' id='word_1_366' title='bbox 3808 2827 3934 2878; x_wconf 83' lang='grc' dir='ltr'>σύν-</span> 
     </span>
    </p>
   </div>
   <div class='ocr_carea' id='block_1_58' title="bbox 2374 2916 3934 2981">
    <p class='ocr_par' dir='ltr' id='par_1_58' title="bbox 2374 2916 3934 2981">
     <span class='ocr_line' id='line_1_58' title="bbox 2374 2916 3934 2981; baseline 0.001 -14"><span class='ocrx_word' id='word_1_367' title='bbox 2374 2932 2488 2980; x_wconf 85' lang='grc' dir='ltr'><strong>αμα</strong></span> <span class='ocrx_word' id='word_1_368' title='bbox 2536 2916 2754 2981; x_wconf 74' lang='grc' dir='ltr'>γυναικὶ</span> <span class='ocrx_word' id='word_1_369' title='bbox 2808 2917 2903 2969; x_wconf 69' lang='grc' dir='ltr'><strong>καὶ</strong></span> <span class='ocrx_word' id='word_1_370' title='bbox 2961 2917 3174 2978; x_wconf 74' lang='grc' dir='ltr'>τέκνοις</span> <span class='ocrx_word' id='word_1_371' title='bbox 3226 2918 3422 2978; x_wconf 70' lang='grc' dir='ltr'>ἐνίοιςο</span> <span class='ocrx_word' id='word_1_372' title='bbox 3486 2916 3682 2981; x_wconf 74' lang='grc' dir='ltr'>ἐπίσης</span> <span class='ocrx_word' id='word_1_373' title='bbox 3733 2917 3791 2970; x_wconf 80' lang='grc' dir='ltr'>δὲ</span> <span class='ocrx_word' id='word_1_374' title='bbox 3840 2919 3934 2969; x_wconf 80' lang='grc' dir='ltr'>καὶ</span> 
     </span>
    </p>
   </div>
   <div class='ocr_carea' id='block_1_59' title="bbox 2374 3005 3938 3077">
    <p class='ocr_par' dir='ltr' id='par_1_59' title="bbox 2374 3005 3938 3077">
     <span class='ocr_line' id='line_1_59' title="bbox 2374 3005 3938 3077; baseline 0.001 -19"><span class='ocrx_word' id='word_1_375' title='bbox 2374 3005 2677 3075; x_wconf 79' lang='grc' dir='ltr'>Νααμάνην</span> <span class='ocrx_word' id='word_1_376' title='bbox 2704 3006 2793 3058; x_wconf 72' lang='grc' dir='ltr'><strong>τὸν</strong></span> <span class='ocrx_word' id='word_1_377' title='bbox 2840 3008 3049 3059; x_wconf 80' lang='grc' dir='ltr'>ἐκείνου</span> <span class='ocrx_word' id='word_1_378' title='bbox 3097 3009 3259 3061; x_wconf 82' lang='grc' dir='ltr'>παῖδα</span> <span class='ocrx_word' id='word_1_379' title='bbox 3282 3023 3298 3039; x_wconf 75' lang='grc' dir='ltr'>ο</span> <span class='ocrx_word' id='word_1_380' title='bbox 3336 3007 3527 3077; x_wconf 76' lang='grc' dir='ltr'>κηλίδα</span> <span class='ocrx_word' id='word_1_381' title='bbox 3556 3008 3817 3075; x_wconf 81' lang='grc' dir='ltr'>ἄντικρυς</span> <span class='ocrx_word' id='word_1_382' title='bbox 3843 3010 3938 3060; x_wconf 76' lang='grc' dir='ltr'>τοῦ</span> 
     </span>
    </p>
   </div>
   <div class='ocr_carea' id='block_1_60' title="bbox 2375 3098 3937 3171">
    <p class='ocr_par' dir='ltr' id='par_1_60' title="bbox 2375 3098 3937 3171">
     <span class='ocr_line' id='line_1_60' title="bbox 2375 3098 3937 3171; baseline 0.003 -23"><span class='ocrx_word' id='word_1_383' title='bbox 2375 3098 2767 3166; x_wconf 80' lang='grc' dir='ltr'>πολιτεύματος</span> <span class='ocrx_word' id='word_1_384' title='bbox 2800 3100 3165 3165; x_wconf 80' lang='grc' dir='ltr'>ἀναφανέντα,</span> <span class='ocrx_word' id='word_1_385' title='bbox 3198 3101 3294 3154; x_wconf 77' lang='grc' dir='ltr'>καὶ</span> <span class='ocrx_word' id='word_1_386' title='bbox 3348 3101 3520 3171; x_wconf 85' lang='grc' dir='ltr'>μυρία</span> <span class='ocrx_word' id='word_1_387' title='bbox 3571 3101 3937 3169; x_wconf 76' lang='grc' dir='ltr'>εἰργασμένον</span> 
     </span>
    </p>
   </div>
   <div class='ocr_carea' id='block_1_61' title="bbox 716 3189 2392 3274">
    <p class='ocr_par' dir='ltr' id='par_1_61' title="bbox 716 3189 2392 3274">
     <span class='ocr_line' id='line_1_61' title="bbox 716 3189 2392 3274; baseline 0.002 -19"><span class='ocrx_word' id='word_1_388' title='bbox 716 3207 853 3257; x_wconf 82' lang='lat' dir='ltr'><strong>ciam</strong></span> <span class='ocrx_word' id='word_1_389' title='bbox 884 3215 934 3258; x_wconf 82' lang='lat' dir='ltr'><strong>et</strong></span> <span class='ocrx_word' id='word_1_390' title='bbox 981 3217 1265 3274; x_wconf 84' lang='lat' dir='ltr'><strong>utramque</strong></span> <span class='ocrx_word' id='word_1_391' title='bbox 1302 3206 1639 3261; x_wconf 69' lang='lat' dir='ltr'><strong>Palmsﬁnam</strong></span> <span class='ocrx_word' id='word_1_392' title='bbox 1690 3209 1759 3261; x_wconf 88' lang='lat' dir='ltr'><strong>ita</strong></span> <span class='ocrx_word' id='word_1_393' title='bbox 1805 3208 2047 3267; x_wconf 71' lang='lat' dir='ltr'><strong>admisit,</strong></span> <span class='ocrx_word' id='word_1_394' title='bbox 2080 3216 2138 3259; x_wconf 92' lang='lat' dir='ltr'><strong>ut</strong></span> <span class='ocrx_word' id='word_1_395' title='bbox 2175 3223 2271 3260; x_wconf 74' lang='grc' dir='ltr'>(εο-</span> <span class='ocrx_word' id='word_1_396' title='bbox 2298 3189 2343 3246; x_wconf 72' lang='lat' dir='ltr'>c</span> <span class='ocrx_word' id='word_1_397' title='bbox 2375 3207 2392 3242; x_wconf 85' lang='grc'><strong>¹¹</strong></span> 
     </span>
    </p>
   </div>
   <div class='ocr_carea' id='block_1_62' title="bbox 2264 3189 3940 3274">
    <p class='ocr_par' dir='ltr' id='par_1_62' title="bbox 2264 3189 3940 3263">
     <span class='ocr_line' id='line_1_62' title="bbox 2264 3189 3940 3263; baseline -0.001 -19"><span class='ocrx_word' id='word_1_398' title='bbox 2264 3234 2271 3244; x_wconf 96' lang='grc'>.</span> <span class='ocrx_word' id='word_1_399' title='bbox 2298 3189 2343 3246; x_wconf 82' lang='lat' dir='ltr'><strong>C</strong></span> <span class='ocrx_word' id='word_1_400' title='bbox 2375 3190 2443 3243; x_wconf 72' lang='grc' dir='ltr'><strong>τὰ</strong></span> <span class='ocrx_word' id='word_1_401' title='bbox 2472 3189 2667 3248; x_wconf 77' lang='grc' dir='ltr'>ἄτοπα,</span> <span class='ocrx_word' id='word_1_402' title='bbox 2710 3191 2800 3243; x_wconf 83' lang='grc' dir='ltr'>ὲπί</span> <span class='ocrx_word' id='word_1_403' title='bbox 2831 3206 2887 3241; x_wconf 86' lang='grc' dir='ltr'><strong>τε</strong></span> <span class='ocrx_word' id='word_1_404' title='bbox 2925 3192 3178 3261; x_wconf 80' lang='grc' dir='ltr'>Φοινίκην</span> <span class='ocrx_word' id='word_1_405' title='bbox 3210 3192 3478 3263; x_wconf 73' lang='grc' dir='ltr'>ἑκατέραν</span> <span class='ocrx_word' id='word_1_406' title='bbox 3508 3195 3603 3248; x_wconf 75' lang='grc' dir='ltr'>καὶ</span> <span class='ocrx_word' id='word_1_407' title='bbox 3632 3194 3800 3259; x_wconf 81' lang='grc' dir='ltr'>ἄμφω</span> <span class='ocrx_word' id='word_1_408' title='bbox 3840 3194 3940 3253; x_wconf 72' lang='grc' dir='ltr'><strong>τὰς</strong></span> 
     </span>
    </p>
   </div>
   <div class='ocr_carea' id='block_1_63' title="bbox 721 3298 2273 3369">
    <p class='ocr_par' dir='ltr' id='par_1_63' title="bbox 721 3298 2273 3369">
     <span class='ocr_line' id='line_1_63' title="bbox 721 3298 2273 3369; baseline 0.001 -19"><span class='ocrx_word' id='word_1_409' title='bbox 721 3301 848 3351; x_wconf 82' lang='lat' dir='ltr'><strong>hnrs</strong></span> <span class='ocrx_word' id='word_1_410' title='bbox 880 3299 998 3366; x_wconf 77' lang='lat' dir='ltr'><strong>ejus</strong></span> <span class='ocrx_word' id='word_1_411' title='bbox 1045 3298 1275 3353; x_wconf 86' lang='lat' dir='ltr'><strong>barbara</strong></span> <span class='ocrx_word' id='word_1_412' title='bbox 1312 3301 1621 3367; x_wconf 87' lang='lat' dir='ltr'><strong>provincias</strong></span> <span class='ocrx_word' id='word_1_413' title='bbox 1645 3317 1735 3353; x_wconf 81' lang='lat' dir='ltr'><strong>cas</strong></span> <span class='ocrx_word' id='word_1_414' title='bbox 1772 3300 1975 3369; x_wconf 63' lang='lat' dir='ltr'><strong>rapEttis</strong></span> <span class='ocrx_word' id='word_1_415' title='bbox 2010 3301 2273 3367; x_wconf 79' lang='lat' dir='ltr'><strong>compila-</strong></span> 
     </span>
    </p>
   </div>
   <div class='ocr_carea' id='block_1_64' title="bbox 717 3392 2274 3459">
    <p class='ocr_par' dir='ltr' id='par_1_64' title="bbox 717 3392 2274 3459">
     <span class='ocr_line' id='line_1_64' title="bbox 717 3392 2274 3459; baseline 0.003 -18"><span class='ocrx_word' id='word_1_416' title='bbox 717 3392 787 3444; x_wconf 88' lang='lat' dir='ltr'><strong>rit</strong></span> <span class='ocrx_word' id='word_1_417' title='bbox 820 3402 981 3459; x_wconf 89' lang='lat' dir='ltr'><strong>atque</strong></span> <span class='ocrx_word' id='word_1_418' title='bbox 1011 3392 1317 3459; x_wconf 83' lang='lat' dir='ltr'><strong>diripueril.</strong></span> <span class='ocrx_word' id='word_1_419' title='bbox 1352 3392 1485 3446; x_wconf 89' lang='lat' dir='ltr'><strong>Cum</strong></span> <span class='ocrx_word' id='word_1_420' title='bbox 1520 3392 1920 3445; x_wconf 73' lang='lat' dir='ltr'><strong>Alamundazus</strong></span> <span class='ocrx_word' id='word_1_421' title='bbox 1948 3408 1976 3444; x_wconf 84' lang='lat' dir='ltr'><strong>a</strong></span> <span class='ocrx_word' id='word_1_422' title='bbox 2013 3392 2274 3445; x_wconf 76' lang='lat' dir='ltr'><strong>Romanis</strong></span> 
     </span>
    </p>
   </div>
   <div class='ocr_carea' id='block_1_65' title="bbox 720 3483 2273 3552">
    <p class='ocr_par' dir='ltr' id='par_1_65' title="bbox 720 3483 2273 3552">
     <span class='ocr_line' id='line_1_65' title="bbox 720 3483 2273 3552; baseline 0.001 -16"><span class='ocrx_word' id='word_1_423' title='bbox 720 3496 912 3552; x_wconf 81' lang='lat' dir='ltr'><strong>captus</strong></span> <span class='ocrx_word' id='word_1_424' title='bbox 950 3493 1112 3543; x_wconf 77' lang='lat' dir='ltr'><strong>esset,</strong></span> <span class='ocrx_word' id='word_1_425' title='bbox 1150 3492 1205 3535; x_wconf 83' lang='lat' dir='ltr'><strong>et</strong></span> <span class='ocrx_word' id='word_1_426' title='bbox 1232 3499 1353 3535; x_wconf 75' lang='lat' dir='ltr'><strong>eum</strong></span> <span class='ocrx_word' id='word_1_427' title='bbox 1396 3483 1722 3537; x_wconf 87' lang='lat' dir='ltr'><strong>Naamanem</strong></span> <span class='ocrx_word' id='word_1_428' title='bbox 1754 3498 1945 3536; x_wconf 87' lang='lat' dir='ltr'><strong>omnes</strong></span> <span class='ocrx_word' id='word_1_429' title='bbox 1986 3484 2273 3537; x_wconf 75' lang='lat' dir='ltr'><strong>sententiis</strong></span> 
     </span>
    </p>
   </div>
   <div class='ocr_carea' id='block_1_66' title="bbox 715 3574 2273 3643">
    <p class='ocr_par' dir='ltr' id='par_1_66' title="bbox 715 3574 2273 3643">
     <span class='ocr_line' id='line_1_66' title="bbox 715 3574 2273 3643; baseline -0.001 -15"><span class='ocrx_word' id='word_1_430' title='bbox 715 3577 826 3629; x_wconf 73' lang='lat' dir='ltr'><strong>Sttis</strong></span> <span class='ocrx_word' id='word_1_431' title='bbox 869 3578 932 3627; x_wconf 87' lang='lat' dir='ltr'><strong>ad</strong></span> <span class='ocrx_word' id='word_1_432' title='bbox 965 3576 1193 3643; x_wconf 55' lang='lat' dir='ltr'><strong>capitale</strong></span> <span class='ocrx_word' id='word_1_433' title='bbox 1236 3576 1558 3643; x_wconf 70' lang='lat' dir='ltr'><strong>supplicium</strong></span> <span class='ocrx_word' id='word_1_434' title='bbox 1596 3576 2039 3637; x_wconf 79' lang='lat' dir='ltr'><strong>condenmarent,</strong></span> <span class='ocrx_word' id='word_1_435' title='bbox 2079 3574 2273 3627; x_wconf 83' lang='lat' dir='ltr'><strong>Mauri-</strong></span> 
     </span>
    </p>
   </div>
   <div class='ocr_carea' id='block_1_67' title="bbox 717 3668 2271 3737">
    <p class='ocr_par' dir='ltr' id='par_1_67' title="bbox 717 3668 2271 3737">
     <span class='ocr_line' id='line_1_67' title="bbox 717 3668 2271 3737; baseline 0.001 -17"><span class='ocrx_word' id='word_1_436' title='bbox 717 3670 831 3722; x_wconf 74' lang='lat' dir='ltr'><strong>cius</strong></span> <span class='ocrx_word' id='word_1_437' title='bbox 888 3670 1001 3737; x_wconf 78' lang='lat' dir='ltr'><strong>ipse</strong></span> <span class='ocrx_word' id='word_1_438' title='bbox 1055 3669 1325 3722; x_wconf 79' lang='lat' dir='ltr'><strong>hominem</strong></span> <span class='ocrx_word' id='word_1_439' title='bbox 1384 3668 1433 3721; x_wconf 92' lang='lat' dir='ltr'><strong>in</strong></span> <span class='ocrx_word' id='word_1_440' title='bbox 1468 3668 1661 3737; x_wconf 84' lang='lat' dir='ltr'><strong>libera</strong></span> <span class='ocrx_word' id='word_1_441' title='bbox 1716 3668 1963 3722; x_wconf 87' lang='lat' dir='ltr'><strong>enstodia</strong></span> <span class='ocrx_word' id='word_1_442' title='bbox 2027 3669 2271 3731; x_wconf 59' lang='lat' dir='ltr'><strong>inclusit,</strong></span> 
     </span>
    </p>
   </div>
   <div class='ocr_carea' id='block_1_68' title="bbox 710 3761 2270 3832">
    <p class='ocr_par' dir='ltr' id='par_1_68' title="bbox 710 3761 2270 3832">
     <span class='ocr_line' id='line_1_68' title="bbox 710 3761 2270 3832; baseline 0.001 -18"><span class='ocrx_word' id='word_1_443' title='bbox 710 3764 872 3831; x_wconf 72' lang='lat'><strong>322</strong></span> <span class='ocrx_word' id='word_1_444' title='bbox 916 3778 1087 3831; x_wconf 77' lang='lat' dir='ltr'><strong>neque</strong></span> <span class='ocrx_word' id='word_1_445' title='bbox 1136 3762 1352 3832; x_wconf 77' lang='lat' dir='ltr'><strong>gravius</strong></span> <span class='ocrx_word' id='word_1_446' title='bbox 1399 3762 1691 3831; x_wconf 85' lang='lat' dir='ltr'><strong>quidquam</strong></span> <span class='ocrx_word' id='word_1_447' title='bbox 1741 3761 1807 3815; x_wconf 87' lang='lat' dir='ltr'><strong>de</strong></span> <span class='ocrx_word' id='word_1_448' title='bbox 1856 3776 1921 3814; x_wconf 83' lang='lat' dir='ltr'><strong>eo</strong></span> <span class='ocrx_word' id='word_1_449' title='bbox 1966 3762 2270 3824; x_wconf 88' lang='lat' dir='ltr'><strong>constituit,</strong></span> 
     </span>
    </p>
   </div>
   <div class='ocr_carea' id='block_1_69' title="bbox 708 3848 2272 3919">
    <p class='ocr_par' dir='ltr' id='par_1_69' title="bbox 708 3848 2272 3919">
     <span class='ocr_line' id='line_1_69' title="bbox 708 3848 2272 3919; baseline 0 -17"><span class='ocrx_word' id='word_1_450' title='bbox 708 3851 1169 3919; x_wconf 74' lang='lat' dir='ltr'><strong>queiuadnimlnm</strong></span> <span class='ocrx_word' id='word_1_451' title='bbox 1212 3850 1278 3904; x_wconf 89' lang='lat' dir='ltr'><strong>ab</strong></span> <span class='ocrx_word' id='word_1_452' title='bbox 1317 3865 1382 3905; x_wconf 88' lang='lat' dir='ltr'><strong>eo</strong></span> <span class='ocrx_word' id='word_1_453' title='bbox 1430 3849 1496 3903; x_wconf 92' lang='lat' dir='ltr'><strong>de</strong></span> <span class='ocrx_word' id='word_1_454' title='bbox 1529 3848 1649 3903; x_wconf 67' lang='lat' dir='ltr'><strong>aliis</strong></span> <span class='ocrx_word' id='word_1_455' title='bbox 1678 3848 1923 3917; x_wconf 84' lang='lat' dir='ltr'><strong>plurimis</strong></span> <span class='ocrx_word' id='word_1_456' title='bbox 1969 3848 2155 3902; x_wconf 88' lang='lat' dir='ltr'><strong>itidem</strong></span> <span class='ocrx_word' id='word_1_457' title='bbox 2189 3858 2272 3904; x_wconf 86' lang='lat' dir='ltr'><strong>est</strong></span> 
     </span>
    </p>
   </div>
   <div class='ocr_carea' id='block_1_70' title="bbox 712 3942 2273 4009">
    <p class='ocr_par' dir='ltr' id='par_1_70' title="bbox 712 3942 2273 4009">
     <span class='ocr_line' id='line_1_70' title="bbox 712 3942 2273 4009; baseline -0.001 -12"><span class='ocrx_word' id='word_1_458' title='bbox 712 3945 933 3998; x_wconf 80' lang='lat' dir='ltr'><strong>lacttun.</strong></span> <span class='ocrx_word' id='word_1_459' title='bbox 955 3944 1311 3997; x_wconf 79' lang='lat' dir='ltr'><strong>Orientalium</strong></span> <span class='ocrx_word' id='word_1_460' title='bbox 1331 3943 1610 4009; x_wconf 88' lang='lat' dir='ltr'><strong>c0piarum</strong></span> <span class='ocrx_word' id='word_1_461' title='bbox 1633 3942 1824 3996; x_wconf 86' lang='lat' dir='ltr'><strong>ducem</strong></span> <span class='ocrx_word' id='word_1_462' title='bbox 1848 3942 2080 4009; x_wconf 87' lang='lat' dir='ltr'><strong>primum</strong></span> <span class='ocrx_word' id='word_1_463' title='bbox 2108 3942 2273 3998; x_wconf 83' lang='lat' dir='ltr'><strong>Joan-</strong></span> 
     </span>
    </p>
   </div>
   <div class='ocr_carea' id='block_1_71' title="bbox 719 4034 2270 4103">
    <p class='ocr_par' dir='ltr' id='par_1_71' title="bbox 719 4034 2270 4103">
     <span class='ocr_line' id='line_1_71' title="bbox 719 4034 2270 4103; baseline -0.001 -14"><span class='ocrx_word' id='word_1_464' title='bbox 719 4053 839 4090; x_wconf 85' lang='lat' dir='ltr'><strong>nem</strong></span> <span class='ocrx_word' id='word_1_465' title='bbox 873 4036 1137 4089; x_wconf 82' lang='lat' dir='ltr'><strong>Thracem</strong></span> <span class='ocrx_word' id='word_1_466' title='bbox 1170 4037 1375 4088; x_wconf 84' lang='lat' dir='ltr'><strong>creavit</strong></span> <span class='ocrx_word' id='word_1_467' title='bbox 1410 4051 1424 4089; x_wconf 87' lang='lat'><strong>:</strong></span> <span class='ocrx_word' id='word_1_468' title='bbox 1462 4037 1553 4103; x_wconf 89' lang='lat' dir='ltr'><strong>qui</strong></span> <span class='ocrx_word' id='word_1_469' title='bbox 1592 4050 1721 4088; x_wconf 86' lang='lat' dir='ltr'><strong>sane</strong></span> <span class='ocrx_word' id='word_1_470' title='bbox 1753 4034 1916 4087; x_wconf 81' lang='lat' dir='ltr'><strong>rebus</strong></span> <span class='ocrx_word' id='word_1_471' title='bbox 1948 4034 2270 4101; x_wconf 85' lang='lat' dir='ltr'><strong>quibusdam</strong></span> 
     </span>
    </p>
   </div>
   <div class='ocr_carea' id='block_1_72' title="bbox 718 4125 2273 4197">
    <p class='ocr_par' dir='ltr' id='par_1_72' title="bbox 718 4125 2273 4197">
     <span class='ocr_line' id='line_1_72' title="bbox 718 4125 2273 4197; baseline 0.001 -20"><span class='ocrx_word' id='word_1_472' title='bbox 718 4144 1023 4197; x_wconf 73' lang='lat' dir='ltr'><strong>perperam,</strong></span> <span class='ocrx_word' id='word_1_473' title='bbox 1090 4127 1417 4195; x_wconf 87' lang='lat' dir='ltr'><strong>quibusdam</strong></span> <span class='ocrx_word' id='word_1_474' title='bbox 1484 4126 1649 4179; x_wconf 88' lang='lat' dir='ltr'><strong>etiam</strong></span> <span class='ocrx_word' id='word_1_475' title='bbox 1711 4125 1848 4179; x_wconf 90' lang='lat' dir='ltr'><strong>bene</strong></span> <span class='ocrx_word' id='word_1_476' title='bbox 1883 4126 2138 4194; x_wconf 78' lang='lat' dir='ltr'><strong>pernetis,</strong></span> <span class='ocrx_word' id='word_1_477' title='bbox 2184 4125 2273 4179; x_wconf 86' lang='lat' dir='ltr'><strong>ni-</strong></span> 
     </span>
    </p>
   </div>
   <div class='ocr_carea' id='block_1_73' title="bbox 717 4217 2269 4288">
    <p class='ocr_par' dir='ltr' id='par_1_73' title="bbox 717 4217 2269 4288">
     <span class='ocr_line' id='line_1_73' title="bbox 717 4217 2269 4288; baseline -0.003 -14"><span class='ocrx_word' id='word_1_478' title='bbox 717 4223 788 4275; x_wconf 82' lang='lat' dir='ltr'><strong>hil</strong></span> <span class='ocrx_word' id='word_1_479' title='bbox 828 4221 1120 4274; x_wconf 85' lang='lat' dir='ltr'><strong>admodum</strong></span> <span class='ocrx_word' id='word_1_480' title='bbox 1156 4219 1418 4273; x_wconf 80' lang='lat' dir='ltr'><strong>memoria</strong></span> <span class='ocrx_word' id='word_1_481' title='bbox 1455 4217 1675 4288; x_wconf 87' lang='lat' dir='ltr'><strong>dignum</strong></span> <span class='ocrx_word' id='word_1_482' title='bbox 1722 4218 1911 4288; x_wconf 79' lang='lat' dir='ltr'><strong>gessit.</strong></span> <span class='ocrx_word' id='word_1_483' title='bbox 1958 4218 2086 4271; x_wconf 88' lang='lat' dir='ltr'><strong>Post</strong></span> <span class='ocrx_word' id='word_1_484' title='bbox 2127 4218 2269 4271; x_wconf 80' lang='lat' dir='ltr'><strong>hunc</strong></span> 
     </span>
    </p>
   </div>
   <div class='ocr_carea' id='block_1_74' title="bbox 719 4310 2273 4383">
    <p class='ocr_par' dir='ltr' id='par_1_74' title="bbox 719 4310 2273 4383">
     <span class='ocr_line' id='line_1_74' title="bbox 719 4310 2273 4383; baseline -0.001 -18"><span class='ocrx_word' id='word_1_485' title='bbox 719 4314 1037 4383; x_wconf 67' lang='lat' dir='ltr'><strong>praefectura</strong></span> <span class='ocrx_word' id='word_1_486' title='bbox 1068 4329 1132 4367; x_wconf 87' lang='lat' dir='ltr'><strong>ea</strong></span> <span class='ocrx_word' id='word_1_487' title='bbox 1177 4312 1482 4381; x_wconf 90' lang='lat' dir='ltr'><strong>Philippico</strong></span> <span class='ocrx_word' id='word_1_488' title='bbox 1505 4310 1582 4381; x_wconf 89' lang='lat' dir='ltr'><strong>(l)</strong></span> <span class='ocrx_word' id='word_1_489' title='bbox 1614 4310 1939 4365; x_wconf 82' lang='lat' dir='ltr'><strong>demandata</strong></span> <span class='ocrx_word' id='word_1_490' title='bbox 1984 4319 2085 4371; x_wconf 80' lang='lat' dir='ltr'><strong>est,</strong></span> <span class='ocrx_word' id='word_1_491' title='bbox 2121 4310 2273 4363; x_wconf 79' lang='lat' dir='ltr'><strong>illau-</strong></span> 
     </span>
    </p>
   </div>
   <div class='ocr_carea' id='block_1_75' title="bbox 717 4394 2270 4469">
    <p class='ocr_par' dir='ltr' id='par_1_75' title="bbox 717 4394 2270 4469">
     <span class='ocr_line' id='line_1_75' title="bbox 717 4394 2270 4469; baseline -0.003 -12"><span class='ocrx_word' id='word_1_492' title='bbox 717 4394 838 4458; x_wconf 71' lang='lat' dir='ltr'><strong>ricii</strong></span> <span class='ocrx_word' id='word_1_493' title='bbox 886 4404 1214 4458; x_wconf 87' lang='lat' dir='ltr'><strong>necessario.</strong></span> <span class='ocrx_word' id='word_1_494' title='bbox 1250 4401 1384 4455; x_wconf 87' lang='lat' dir='ltr'><strong>Nam</strong></span> <span class='ocrx_word' id='word_1_495' title='bbox 1421 4403 1648 4455; x_wconf 85' lang='lat' dir='ltr'><strong>alteram</strong></span> <span class='ocrx_word' id='word_1_496' title='bbox 1687 4415 1939 4454; x_wconf 88' lang='lat' dir='ltr'><strong>sororum</strong></span> <span class='ocrx_word' id='word_1_497' title='bbox 1971 4402 2091 4469; x_wconf 77' lang='lat' dir='ltr'><strong>ejus</strong></span> <span class='ocrx_word' id='word_1_498' title='bbox 2129 4398 2270 4454; x_wconf 82' lang='lat' dir='ltr'><strong>Gor-</strong></span> 
     </span>
    </p>
   </div>
   <div class='ocr_carea' id='block_1_76' title="bbox 719 4490 2273 4563">
    <p class='ocr_par' dir='ltr' id='par_1_76' title="bbox 719 4490 2273 4563">
     <span class='ocr_line' id='line_1_76' title="bbox 719 4490 2273 4563; baseline -0.001 -17"><span class='ocrx_word' id='word_1_499' title='bbox 719 4498 861 4549; x_wconf 87' lang='lat' dir='ltr'><strong>diam</strong></span> <span class='ocrx_word' id='word_1_500' title='bbox 918 4496 972 4548; x_wconf 90' lang='lat' dir='ltr'><strong>in</strong></span> <span class='ocrx_word' id='word_1_501' title='bbox 1024 4494 1265 4563; x_wconf 77' lang='lat' dir='ltr'><strong>legitimo</strong></span> <span class='ocrx_word' id='word_1_502' title='bbox 1318 4492 1671 4546; x_wconf 87' lang='lat' dir='ltr'><strong>matrimonio</strong></span> <span class='ocrx_word' id='word_1_503' title='bbox 1724 4491 1935 4546; x_wconf 84' lang='lat' dir='ltr'><strong>habuit.</strong></span> <span class='ocrx_word' id='word_1_504' title='bbox 1973 4490 2072 4545; x_wconf 89' lang='lat' dir='ltr'><strong>Hic</strong></span> <span class='ocrx_word' id='word_1_505' title='bbox 2131 4491 2273 4545; x_wconf 87' lang='lat' dir='ltr'><strong>ultra</strong></span> 
     </span>
    </p>
   </div>
   <div class='ocr_carea' id='block_1_77' title="bbox 718 4580 2273 4655">
    <p class='ocr_par' dir='ltr' id='par_1_77' title="bbox 718 4580 2273 4655">
     <span class='ocr_line' id='line_1_77' title="bbox 718 4580 2273 4655; baseline -0.005 -14"><span class='ocrx_word' id='word_1_506' title='bbox 718 4587 1014 4641; x_wconf 53' lang='lat' dir='ltr'><strong>confinium</strong></span> <span class='ocrx_word' id='word_1_507' title='bbox 1047 4599 1391 4655; x_wconf 79' lang='lat' dir='ltr'><strong>progressus,</strong></span> <span class='ocrx_word' id='word_1_508' title='bbox 1446 4584 1625 4637; x_wconf 87' lang='lat' dir='ltr'><strong>omnia</strong></span> <span class='ocrx_word' id='word_1_509' title='bbox 1691 4594 1841 4636; x_wconf 86' lang='lat' dir='ltr'><strong>vasta</strong></span> <span class='ocrx_word' id='word_1_510' title='bbox 1897 4580 2066 4643; x_wconf 87' lang='lat' dir='ltr'><strong>dedit,</strong></span> <span class='ocrx_word' id='word_1_511' title='bbox 2111 4582 2273 4636; x_wconf 85' lang='lat' dir='ltr'><strong>etin-</strong></span> 
     </span>
    </p>
   </div>
   <div class='ocr_carea' id='block_1_78' title="bbox 715 4670 2274 4749">
    <p class='ocr_par' dir='ltr' id='par_1_78' title="bbox 715 4670 2274 4749">
     <span class='ocr_line' id='line_1_78' title="bbox 715 4670 2274 4749; baseline -0.004 -17"><span class='ocrx_word' id='word_1_512' title='bbox 715 4689 933 4749; x_wconf 70' lang='lat' dir='ltr'><strong>gentem</strong></span> <span class='ocrx_word' id='word_1_513' title='bbox 975 4677 1206 4745; x_wconf 68' lang='lat' dir='ltr'><strong>praedam</strong></span> <span class='ocrx_word' id='word_1_514' title='bbox 1254 4675 1386 4744; x_wconf 83' lang='lat' dir='ltr'><strong>egit,</strong></span> <span class='ocrx_word' id='word_1_515' title='bbox 1439 4674 1814 4746; x_wconf 84' lang='lat' dir='ltr'><strong>plurimosque</strong></span> <span class='ocrx_word' id='word_1_516' title='bbox 1863 4689 1929 4728; x_wconf 81' lang='lat' dir='ltr'><strong>ex</strong></span> <span class='ocrx_word' id='word_1_517' title='bbox 1988 4670 2274 4726; x_wconf 85' lang='lat' dir='ltr'><strong>nobilitate</strong></span> 
     </span>
    </p>
   </div>
   <div class='ocr_carea' id='block_1_79' title="bbox 714 4752 2276 4835">
    <p class='ocr_par' dir='ltr' id='par_1_79' title="bbox 714 4752 2276 4835">
     <span class='ocr_line' id='line_1_79' title="bbox 714 4752 2276 4835; baseline -0.006 -11"><span class='ocrx_word' id='word_1_518' title='bbox 714 4752 999 4831; x_wconf 27' lang='lat' dir='ltr'><strong>tia&#39;isibcna,</strong></span> <span class='ocrx_word' id='word_1_519' title='bbox 1046 4764 1201 4835; x_wconf 83' lang='lat' dir='ltr'><strong>quasi</strong></span> <span class='ocrx_word' id='word_1_520' title='bbox 1260 4764 1403 4818; x_wconf 86' lang='lat' dir='ltr'><strong>aliud</strong></span> <span class='ocrx_word' id='word_1_521' title='bbox 1448 4780 1636 4834; x_wconf 80' lang='lat' dir='ltr'><strong>agens,</strong></span> <span class='ocrx_word' id='word_1_522' title='bbox 1682 4763 1816 4817; x_wconf 78' lang='lat' dir='ltr'><strong>ferri</strong></span> <span class='ocrx_word' id='word_1_523' title='bbox 1864 4762 2276 4832; x_wconf 82' lang='lat' dir='ltr'><strong>gladiorumque</strong></span> 
     </span>
    </p>
   </div>
   <div class='ocr_carea' id='block_1_80' title="bbox 718 4840 2275 4932">
    <p class='ocr_par' dir='ltr' id='par_1_80' title="bbox 718 4840 2275 4932">
     <span class='ocr_line' id='line_1_80' title="bbox 718 4840 2275 4932; baseline -0.007 -17"><span class='ocrx_word' id='word_1_524' title='bbox 718 4840 862 4932; x_wconf 66' lang='lat' dir='ltr'><strong>opus</strong></span> <span class='ocrx_word' id='word_1_525' title='bbox 892 4861 1215 4914; x_wconf 74' lang='lat' dir='ltr'><strong>succisivum</strong></span> <span class='ocrx_word' id='word_1_526' title='bbox 1260 4857 1407 4911; x_wconf 84' lang='lat' dir='ltr'><strong>fecit.</strong></span> <span class='ocrx_word' id='word_1_527' title='bbox 1453 4857 1601 4910; x_wconf 85' lang='lat' dir='ltr'><strong>Idem</strong></span> <span class='ocrx_word' id='word_1_528' title='bbox 1627 4870 1757 4910; x_wconf 91' lang='lat' dir='ltr'><strong>vero</strong></span> <span class='ocrx_word' id='word_1_529' title='bbox 1782 4856 1853 4922; x_wconf 71' lang='lat' dir='ltr'><strong>let</strong></span> <span class='ocrx_word' id='word_1_530' title='bbox 1892 4853 1957 4906; x_wconf 88' lang='lat' dir='ltr'><strong>ad</strong></span> <span class='ocrx_word' id='word_1_531' title='bbox 1997 4852 2275 4922; x_wconf 85' lang='lat' dir='ltr'><strong>Trigidem</strong></span> 
     </span>
    </p>
   </div>
   <div class='ocr_carea' id='block_1_81' title="bbox 724 4945 2281 5021">
    <p class='ocr_par' dir='ltr' id='par_1_81' title="bbox 724 4945 2281 5021">
     <span class='ocr_line' id='line_1_81' title="bbox 724 4945 2281 5021; baseline -0.007 -11"><span class='ocrx_word' id='word_1_532' title='bbox 724 4970 937 5010; x_wconf 75' lang='lat' dir='ltr'><strong>amnem</strong></span> <span class='ocrx_word' id='word_1_533' title='bbox 964 4956 1091 5021; x_wconf 86' lang='lat' dir='ltr'><strong>egit.</strong></span> <span class='ocrx_word' id='word_1_534' title='bbox 1134 4950 1401 5006; x_wconf 89' lang='lat' dir='ltr'><strong>Coullictu</strong></span> <span class='ocrx_word' id='word_1_535' title='bbox 1455 4964 1672 5017; x_wconf 87' lang='lat' dir='ltr'><strong>quoque</strong></span> <span class='ocrx_word' id='word_1_536' title='bbox 1718 4961 1909 5018; x_wconf 83' lang='lat' dir='ltr'><strong>magno</strong></span> <span class='ocrx_word' id='word_1_537' title='bbox 1938 4961 2059 5001; x_wconf 91' lang='lat' dir='ltr'><strong>cum</strong></span> <span class='ocrx_word' id='word_1_538' title='bbox 2100 4945 2281 4999; x_wconf 87' lang='lat' dir='ltr'><strong>Persis</strong></span> 
     </span>
    </p>
   </div>
   <div class='ocr_carea' id='block_1_82' title="bbox 719 5035 2278 5114">
    <p class='ocr_par' dir='ltr' id='par_1_82' title="bbox 719 5035 2278 5114">
     <span class='ocr_line' id='line_1_82' title="bbox 719 5035 2278 5114; baseline -0.008 -13"><span class='ocrx_word' id='word_1_539' title='bbox 719 5046 887 5108; x_wconf 71' lang='lat' dir='ltr'><strong>facto,</strong></span> <span class='ocrx_word' id='word_1_540' title='bbox 920 5042 1134 5114; x_wconf 87' lang='lat' dir='ltr'><strong>plurimi</strong></span> <span class='ocrx_word' id='word_1_541' title='bbox 1164 5058 1231 5095; x_wconf 80' lang='lat' dir='ltr'><strong>ex</strong></span> <span class='ocrx_word' id='word_1_542' title='bbox 1252 5042 1525 5105; x_wconf 87' lang='lat' dir='ltr'><strong>hostibus,</strong></span> <span class='ocrx_word' id='word_1_543' title='bbox 1551 5039 1644 5109; x_wconf 89' lang='lat' dir='ltr'><strong>qui</strong></span> <span class='ocrx_word' id='word_1_544' title='bbox 1678 5039 1798 5092; x_wconf 84' lang='lat' dir='ltr'><strong>aliis</strong></span> <span class='ocrx_word' id='word_1_545' title='bbox 1837 5038 2188 5107; x_wconf 65' lang='lat' dir='ltr'><strong>praestabant,</strong></span> <span class='ocrx_word' id='word_1_546' title='bbox 2222 5035 2278 5088; x_wconf 92' lang='lat' dir='ltr'><strong>in</strong></span> 
     </span>
    </p>
   </div>
   <div class='ocr_carea' id='block_1_83' title="bbox 724 5128 2284 5202">
    <p class='ocr_par' dir='ltr' id='par_1_83' title="bbox 724 5128 2284 5202">
     <span class='ocr_line' id='line_1_83' title="bbox 724 5128 2284 5202; baseline -0.006 -11"><span class='ocrx_word' id='word_1_547' title='bbox 724 5140 841 5199; x_wconf 78' lang='lat' dir='ltr'><strong>acie</strong></span> <span class='ocrx_word' id='word_1_548' title='bbox 872 5136 1188 5191; x_wconf 90' lang='lat' dir='ltr'><strong>ceciderunt</strong></span> <span class='ocrx_word' id='word_1_549' title='bbox 1216 5155 1227 5188; x_wconf 91' lang='lat'>:</span> <span class='ocrx_word' id='word_1_550' title='bbox 1259 5150 1363 5188; x_wconf 92' lang='lat' dir='ltr'><strong>non</strong></span> <span class='ocrx_word' id='word_1_551' title='bbox 1393 5134 1549 5202; x_wconf 86' lang='lat' dir='ltr'><strong>pauci</strong></span> <span class='ocrx_word' id='word_1_552' title='bbox 1581 5131 1688 5185; x_wconf 87' lang='lat' dir='ltr'><strong>vivi</strong></span> <span class='ocrx_word' id='word_1_553' title='bbox 1720 5130 1861 5199; x_wconf 82' lang='lat' dir='ltr'><strong>capti</strong></span> <span class='ocrx_word' id='word_1_554' title='bbox 1894 5138 2041 5183; x_wconf 89' lang='lat' dir='ltr'><strong>sunt.</strong></span> <span class='ocrx_word' id='word_1_555' title='bbox 2071 5128 2284 5181; x_wconf 84' lang='lat' dir='ltr'><strong>Cohor-</strong></span> 
     </span>
    </p>
   </div>
   <div class='ocr_carea' id='block_1_84' title="bbox 728 5223 2282 5301">
    <p class='ocr_par' dir='ltr' id='par_1_84' title="bbox 728 5223 2282 5301">
     <span class='ocr_line' id='line_1_84' title="bbox 728 5223 2282 5301; baseline -0.008 -18"><span class='ocrx_word' id='word_1_556' title='bbox 728 5242 838 5301; x_wconf 68' lang='lat' dir='ltr'><strong>tem</strong></span> <span class='ocrx_word' id='word_1_557' title='bbox 890 5229 1111 5299; x_wconf 90' lang='lat' dir='ltr'><strong>insuper</strong></span> <span class='ocrx_word' id='word_1_558' title='bbox 1139 5226 1429 5297; x_wconf 86' lang='lat' dir='ltr'><strong>quamdam</strong></span> <span class='ocrx_word' id='word_1_559' title='bbox 1458 5223 1747 5278; x_wconf 87' lang='lat' dir='ltr'><strong>Persarum</strong></span> <span class='ocrx_word' id='word_1_560' title='bbox 1801 5236 1921 5290; x_wconf 70' lang='lat' dir='ltr'><strong>qute</strong></span> <span class='ocrx_word' id='word_1_561' title='bbox 1970 5228 2282 5289; x_wconf 89' lang='lat' dir='ltr'><strong>opportuno</strong></span> 
     </span>
    </p>
   </div>
   <div class='ocr_carea' id='block_1_85' title="bbox 727 5309 2284 5381">
    <p class='ocr_par' dir='ltr' id='par_1_85' title="bbox 727 5309 2284 5381">
     <span class='ocr_line' id='line_1_85' title="bbox 727 5309 2284 5381; baseline -0.011 -3"><span class='ocrx_word' id='word_1_562' title='bbox 727 5324 849 5378; x_wconf 86' lang='lat' dir='ltr'><strong>loco</strong></span> <span class='ocrx_word' id='word_1_563' title='bbox 882 5320 933 5373; x_wconf 89' lang='lat' dir='ltr'><strong>in</strong></span> <span class='ocrx_word' id='word_1_564' title='bbox 958 5319 1164 5373; x_wconf 89' lang='lat' dir='ltr'><strong>tumulo</strong></span> <span class='ocrx_word' id='word_1_565' title='bbox 1199 5316 1539 5379; x_wconf 87' lang='lat' dir='ltr'><strong>consederat,</strong></span> <span class='ocrx_word' id='word_1_566' title='bbox 1569 5329 1691 5368; x_wconf 90' lang='lat' dir='ltr'><strong>cum</strong></span> <span class='ocrx_word' id='word_1_567' title='bbox 1717 5326 1911 5381; x_wconf 87' lang='lat' dir='ltr'><strong>capere</strong></span> <span class='ocrx_word' id='word_1_568' title='bbox 1939 5318 2142 5379; x_wconf 87' lang='lat' dir='ltr'><strong>posset,</strong></span> <span class='ocrx_word' id='word_1_569' title='bbox 2164 5309 2284 5362; x_wconf 93' lang='lat' dir='ltr'><strong>nul-</strong></span> 
     </span>
    </p>
   </div>
   <div class='ocr_carea' id='block_1_86' title="bbox 728 5403 2282 5477">
    <p class='ocr_par' dir='ltr' id='par_1_86' title="bbox 728 5403 2282 5477">
     <span class='ocr_line' id='line_1_86' title="bbox 728 5403 2282 5477; baseline -0.01 -8"><span class='ocrx_word' id='word_1_570' title='bbox 728 5418 798 5475; x_wconf 78' lang='lat' dir='ltr'><strong>lis</strong></span> <span class='ocrx_word' id='word_1_571' title='bbox 828 5414 1074 5468; x_wconf 77' lang='lat' dir='ltr'><strong>alicctam</strong></span> <span class='ocrx_word' id='word_1_572' title='bbox 1097 5412 1254 5466; x_wconf 85' lang='lat' dir='ltr'><strong>malis</strong></span> <span class='ocrx_word' id='word_1_573' title='bbox 1271 5410 1498 5472; x_wconf 84' lang='lat' dir='ltr'><strong>dimisit,</strong></span> <span class='ocrx_word' id='word_1_574' title='bbox 1523 5424 1643 5477; x_wconf 68' lang='lat' dir='ltr'><strong>quae</strong></span> <span class='ocrx_word' id='word_1_575' title='bbox 1660 5422 1717 5461; x_wconf 87' lang='lat' dir='ltr'><strong>se</strong></span> <span class='ocrx_word' id='word_1_576' title='bbox 1748 5418 2147 5475; x_wconf 81' lang='lat' dir='ltr'><strong>persuasuram</strong></span> <span class='ocrx_word' id='word_1_577' title='bbox 2172 5403 2282 5472; x_wconf 83' lang='lat' dir='ltr'><strong>regi</strong></span> 
     </span>
    </p>
   </div>
   <div class='ocr_carea' id='block_1_87' title="bbox 732 5501 2286 5573">
    <p class='ocr_par' dir='ltr' id='par_1_87' title="bbox 732 5501 2286 5573">
     <span class='ocr_line' id='line_1_87' title="bbox 732 5501 2286 5573; baseline -0.01 -12"><span class='ocrx_word' id='word_1_578' title='bbox 732 5521 829 5561; x_wconf 86' lang='lat' dir='ltr'><strong>suo</strong></span> <span class='ocrx_word' id='word_1_579' title='bbox 859 5520 981 5559; x_wconf 90' lang='lat' dir='ltr'><strong>esse</strong></span> <span class='ocrx_word' id='word_1_580' title='bbox 1014 5511 1315 5573; x_wconf 84' lang='lat' dir='ltr'><strong>receperat,</strong></span> <span class='ocrx_word' id='word_1_581' title='bbox 1336 5510 1392 5554; x_wconf 93' lang='lat' dir='ltr'><strong>ut</strong></span> <span class='ocrx_word' id='word_1_582' title='bbox 1415 5501 1587 5569; x_wconf 89' lang='lat' dir='ltr'><strong>primo</strong></span> <span class='ocrx_word' id='word_1_583' title='bbox 1604 5513 1820 5568; x_wconf 87' lang='lat' dir='ltr'><strong>quoque</strong></span> <span class='ocrx_word' id='word_1_584' title='bbox 1846 5506 2086 5563; x_wconf 87' lang='lat' dir='ltr'><strong>tempore</strong></span> <span class='ocrx_word' id='word_1_585' title='bbox 2106 5501 2286 5547; x_wconf 87' lang='lat' dir='ltr'><strong>orato-</strong></span> 
     </span>
    </p>
   </div>
   <div class='ocr_carea' id='block_1_88' title="bbox 735 5584 2283 5665">
    <p class='ocr_par' dir='ltr' id='par_1_88' title="bbox 735 5584 2283 5665">
     <span class='ocr_line' id='line_1_88' title="bbox 735 5584 2283 5665; baseline -0.008 -16"><span class='ocrx_word' id='word_1_586' title='bbox 735 5614 821 5652; x_wconf 88' lang='lat' dir='ltr'><strong>res</strong></span> <span class='ocrx_word' id='word_1_587' title='bbox 848 5596 911 5651; x_wconf 87' lang='lat' dir='ltr'><strong>ad</strong></span> <span class='ocrx_word' id='word_1_588' title='bbox 930 5611 1053 5651; x_wconf 88' lang='lat' dir='ltr'><strong>eum</strong></span> <span class='ocrx_word' id='word_1_589' title='bbox 1077 5596 1143 5650; x_wconf 88' lang='lat' dir='ltr'><strong>de</strong></span> <span class='ocrx_word' id='word_1_590' title='bbox 1172 5610 1302 5665; x_wconf 88' lang='lat' dir='ltr'><strong>pace</strong></span> <span class='ocrx_word' id='word_1_591' title='bbox 1335 5594 1592 5646; x_wconf 87' lang='lat' dir='ltr'><strong>mitteret.</strong></span> <span class='ocrx_word' id='word_1_592' title='bbox 1624 5590 1815 5642; x_wconf 77' lang='lat' dir='ltr'><strong>Multas</strong></span> <span class='ocrx_word' id='word_1_593' title='bbox 1836 5598 2093 5657; x_wconf 71' lang='lat' dir='ltr'><strong>prmterea</strong></span> <span class='ocrx_word' id='word_1_594' title='bbox 2116 5600 2203 5637; x_wconf 81' lang='lat' dir='ltr'><strong>res</strong></span> <span class='ocrx_word' id='word_1_595' title='bbox 2230 5584 2283 5637; x_wconf 93' lang='lat' dir='ltr'><strong>in</strong></span> 
     </span>
    </p>
   </div>
   <div class='ocr_carea' id='block_1_89' title="bbox 733 5671 2287 5764">
    <p class='ocr_par' dir='ltr' id='par_1_89' title="bbox 733 5671 2287 5764">
     <span class='ocr_line' id='line_1_89' title="bbox 733 5671 2287 5764; baseline -0.01 -21"><span class='ocrx_word' id='word_1_596' title='bbox 733 5688 1053 5764; x_wconf 72' lang='lat' dir='ltr'><strong>pracfeCtut-a</strong></span> <span class='ocrx_word' id='word_1_597' title='bbox 1075 5702 1171 5741; x_wconf 85' lang='lat' dir='ltr'><strong>sua</strong></span> <span class='ocrx_word' id='word_1_598' title='bbox 1192 5684 1404 5756; x_wconf 79' lang='lat' dir='ltr'><strong>egregie</strong></span> <span class='ocrx_word' id='word_1_599' title='bbox 1423 5681 1611 5754; x_wconf 78' lang='lat' dir='ltr'><strong>gessit,</strong></span> <span class='ocrx_word' id='word_1_600' title='bbox 1631 5695 1753 5733; x_wconf 88' lang='lat' dir='ltr'><strong>eum</strong></span> <span class='ocrx_word' id='word_1_601' title='bbox 1773 5679 1837 5733; x_wconf 85' lang='lat' dir='ltr'><strong>ab</strong></span> <span class='ocrx_word' id='word_1_602' title='bbox 1864 5676 2105 5731; x_wconf 82' lang='lat' dir='ltr'><strong>exercitu</strong></span> <span class='ocrx_word' id='word_1_603' title='bbox 2128 5671 2287 5744; x_wconf 80' lang='lat' dir='ltr'><strong>quid-</strong></span> 
     </span>
    </p>
   </div>
   <div class='ocr_carea' id='block_1_90' title="bbox 2382 3280 3943 3349">
    <p class='ocr_par' dir='ltr' id='par_1_90' title="bbox 2382 3280 3943 3349">
     <span class='ocr_line' id='line_1_90' title="bbox 2382 3280 3943 3349; baseline 0.003 -18"><span class='ocrx_word' id='word_1_604' title='bbox 2382 3280 2770 3343; x_wconf 76' lang='grc' dir='ltr'>Παλαιστίνας·</span> <span class='ocrx_word' id='word_1_605' title='bbox 2814 3282 2885 3342; x_wconf 82' lang='grc' dir='ltr'>ὡς</span> <span class='ocrx_word' id='word_1_606' title='bbox 2940 3283 3031 3332; x_wconf 76' lang='grc' dir='ltr'>καὶ</span> <span class='ocrx_word' id='word_1_607' title='bbox 3099 3283 3321 3349; x_wconf 77' lang='grc' dir='ltr'>σύμπαν</span> <span class='ocrx_word' id='word_1_608' title='bbox 3380 3284 3532 3336; x_wconf 85' lang='grc' dir='ltr'>λείαν</span> <span class='ocrx_word' id='word_1_609' title='bbox 3594 3284 3783 3337; x_wconf 78' lang='grc' dir='ltr'>θέσθαι</span> <span class='ocrx_word' id='word_1_610' title='bbox 3847 3285 3943 3337; x_wconf 76' lang='grc' dir='ltr'>καὶ</span> 
     </span>
    </p>
   </div>
   <div class='ocr_carea' id='block_1_91' title="bbox 2379 3373 3941 3454">
    <p class='ocr_par' dir='ltr' id='par_1_91' title="bbox 2379 3373 3941 3454">
     <span class='ocr_line' id='line_1_91' title="bbox 2379 3373 3941 3454; baseline 0.001 -30"><span class='ocrx_word' id='word_1_611' title='bbox 2379 3373 2931 3454; x_wconf 64' lang='grc' dir='ltr'>ἐξανδραποδίσασθαι</span> <span class='ocrx_word' id='word_1_612' title='bbox 2965 3373 3051 3425; x_wconf 75' lang='grc' dir='ltr'>διὰ</span> <span class='ocrx_word' id='word_1_613' title='bbox 3102 3375 3209 3426; x_wconf 85' lang='grc' dir='ltr'><strong>τῶν</strong></span> <span class='ocrx_word' id='word_1_614' title='bbox 3240 3374 3379 3443; x_wconf 79' lang='grc' dir='ltr'>ἀμφ’</span> <span class='ocrx_word' id='word_1_615' title='bbox 3426 3374 3589 3427; x_wconf 65' lang='grc' dir='ltr'>αὑτὸν</span> <span class='ocrx_word' id='word_1_616' title='bbox 3620 3374 3941 3444; x_wconf 78' lang='grc' dir='ltr'>βαρϐαρων,</span> 
     </span>
    </p>
   </div>
   <div class='ocr_carea' id='block_1_92' title="bbox 2380 3464 3938 3535">
    <p class='ocr_par' dir='ltr' id='par_1_92' title="bbox 2380 3464 3938 3535">
     <span class='ocr_line' id='line_1_92' title="bbox 2380 3464 3938 3535; baseline 0.001 -17"><span class='ocrx_word' id='word_1_617' title='bbox 2380 3466 2597 3518; x_wconf 84' lang='grc' dir='ltr'>πάντων</span> <span class='ocrx_word' id='word_1_618' title='bbox 2645 3482 2704 3517; x_wconf 88' lang='grc' dir='ltr'><strong>τε</strong></span> <span class='ocrx_word' id='word_1_619' title='bbox 2750 3465 2914 3517; x_wconf 76' lang='grc' dir='ltr'>αὐτοῦ</span> <span class='ocrx_word' id='word_1_620' title='bbox 2962 3464 3501 3535; x_wconf 76' lang='grc' dir='ltr'>καταψηφισαμένων</span> <span class='ocrx_word' id='word_1_621' title='bbox 3545 3466 3637 3518; x_wconf 80' lang='grc' dir='ltr'>τὸν</span> <span class='ocrx_word' id='word_1_622' title='bbox 3681 3466 3938 3520; x_wconf 77' lang='grc' dir='ltr'>θάνατον.</span> 
     </span>
    </p>
   </div>
   <div class='ocr_carea' id='block_1_93' title="bbox 2380 3557 3940 3627">
    <p class='ocr_par' dir='ltr' id='par_1_93' title="bbox 2380 3557 3940 3627">
     <span class='ocr_line' id='line_1_93' title="bbox 2380 3557 3940 3627; baseline -0.001 -16"><span class='ocrx_word' id='word_1_623' title='bbox 2380 3557 2450 3611; x_wconf 87' lang='lat'>&#39;0</span> <span class='ocrx_word' id='word_1_624' title='bbox 2481 3575 2536 3610; x_wconf 86' lang='grc' dir='ltr'><strong>τε</strong></span> <span class='ocrx_word' id='word_1_625' title='bbox 2582 3557 3011 3627; x_wconf 79' lang='grc' dir='ltr'>Ἀλαμούνδαρος</span> <span class='ocrx_word' id='word_1_626' title='bbox 3043 3559 3147 3613; x_wconf 75' lang='grc' dir='ltr'><strong>ὑπὸ</strong></span> <span class='ocrx_word' id='word_1_627' title='bbox 3178 3559 3338 3627; x_wconf 83' lang='grc' dir='ltr'>χεῖρα</span> <span class='ocrx_word' id='word_1_628' title='bbox 3377 3557 3671 3625; x_wconf 84' lang='grc' dir='ltr'>Ῥωμαίοις</span> <span class='ocrx_word' id='word_1_629' title='bbox 3699 3558 3940 3623; x_wconf 69' lang='grc' dir='ltr'>ιγένετο,</span> 
     </span>
    </p>
   </div>
   <div class='ocr_carea' id='block_1_94' title="bbox 2377 3648 3935 3719">
    <p class='ocr_par' dir='ltr' id='par_1_94' title="bbox 2377 3648 3935 3719">
     <span class='ocr_line' id='line_1_94' title="bbox 2377 3648 3935 3719; baseline -0.001 -17"><span class='ocrx_word' id='word_1_630' title='bbox 2377 3650 2531 3713; x_wconf 73' lang='grc' dir='ltr'>οὗτος</span> <span class='ocrx_word' id='word_1_631' title='bbox 2564 3653 2621 3701; x_wconf 78' lang='grc' dir='ltr'>ὲν</span> <span class='ocrx_word' id='word_1_632' title='bbox 2650 3650 2906 3719; x_wconf 73' lang='grc' dir='ltr'>ἐλευθέρᾳ</span> <span class='ocrx_word' id='word_1_633' title='bbox 2932 3649 3144 3717; x_wconf 77' lang='grc' dir='ltr'>φυλακῇ</span> <span class='ocrx_word' id='word_1_634' title='bbox 3178 3649 3547 3717; x_wconf 77' lang='grc' dir='ltr'>περικλείσας,</span> <span class='ocrx_word' id='word_1_635' title='bbox 3566 3650 3716 3701; x_wconf 78' lang='grc' dir='ltr'>οὐδὲν</span> <span class='ocrx_word' id='word_1_636' title='bbox 3743 3648 3935 3718; x_wconf 71' lang='grc' dir='ltr'>ἕτερον</span> 
     </span>
    </p>
   </div>
   <div class='ocr_carea' id='block_1_95' title="bbox 2379 3740 3939 3812">
    <p class='ocr_par' dir='ltr' id='par_1_95' title="bbox 2379 3740 3939 3812">
     <span class='ocr_line' id='line_1_95' title="bbox 2379 3740 3939 3812; baseline -0.002 -18"><span class='ocrx_word' id='word_1_637' title='bbox 2379 3744 2622 3812; x_wconf 70' lang='grc' dir='ltr'>ἐπήγαγε</span> <span class='ocrx_word' id='word_1_638' title='bbox 2675 3741 2782 3794; x_wconf 89' lang='grc' dir='ltr'><strong>τῶν</strong></span> <span class='ocrx_word' id='word_1_639' title='bbox 2845 3741 3075 3794; x_wconf 54' lang='grc' dir='ltr'>δεινῶν</span> <span class='ocrx_word' id='word_1_640' title='bbox 3134 3742 3279 3794; x_wconf 70' lang='grc' dir='ltr'>καθὰ</span> <span class='ocrx_word' id='word_1_641' title='bbox 3326 3741 3391 3812; x_wconf 83' lang='grc' dir='ltr'>δὴ</span> <span class='ocrx_word' id='word_1_642' title='bbox 3440 3742 3534 3794; x_wconf 78' lang='grc' dir='ltr'>καὶ</span> <span class='ocrx_word' id='word_1_643' title='bbox 3580 3740 3669 3808; x_wconf 75' lang='grc' dir='ltr'><strong>ἐφ’</strong></span> <span class='ocrx_word' id='word_1_644' title='bbox 3725 3741 3939 3811; x_wconf 81' lang='grc' dir='ltr'>ἑτέροις</span> 
     </span>
    </p>
   </div>
   <div class='ocr_carea' id='block_1_96' title="bbox 2378 3833 3939 3906">
    <p class='ocr_par' dir='ltr' id='par_1_96' title="bbox 2378 3833 3939 3906">
     <span class='ocr_line' id='line_1_96' title="bbox 2378 3833 3939 3906; baseline -0.001 -20"><span class='ocrx_word' id='word_1_645' title='bbox 2378 3836 2649 3897; x_wconf 73' lang='grc' dir='ltr'>πλείστοις</span> <span class='ocrx_word' id='word_1_646' title='bbox 2696 3833 2928 3906; x_wconf 84' lang='grc' dir='ltr'>ἀριθμοῦ</span> <span class='ocrx_word' id='word_1_647' title='bbox 2972 3835 3247 3902; x_wconf 79' lang='grc' dir='ltr'>κρείττοσι</span> <span class='ocrx_word' id='word_1_648' title='bbox 3293 3835 3644 3905; x_wconf 71' lang='grc' dir='ltr'>διεπράξατο.</span> <span class='ocrx_word' id='word_1_649' title='bbox 3681 3834 3805 3887; x_wconf 87' lang='grc' dir='ltr'>Τῶν</span> <span class='ocrx_word' id='word_1_650' title='bbox 3839 3835 3939 3902; x_wconf 80' lang='grc' dir='ltr'>μὲν</span> 
     </span>
    </p>
   </div>
   <div class='ocr_carea' id='block_1_97' title="bbox 2376 3926 3939 3998">
    <p class='ocr_par' dir='ltr' id='par_1_97' title="bbox 2376 3926 3939 3998">
     <span class='ocr_line' id='line_1_97' title="bbox 2376 3926 3939 3998; baseline -0.001 -19"><span class='ocrx_word' id='word_1_651' title='bbox 2376 3926 2468 3980; x_wconf 80' lang='grc' dir='ltr'><strong>οὖν</strong></span> <span class='ocrx_word' id='word_1_652' title='bbox 2510 3927 2694 3998; x_wconf 77' lang='grc' dir='ltr'><strong>Ἐᾠων</strong></span> <span class='ocrx_word' id='word_1_653' title='bbox 2728 3927 3031 3996; x_wconf 81' lang='grc' dir='ltr'>στρατηγὸν</span> <span class='ocrx_word' id='word_1_654' title='bbox 3056 3927 3354 3997; x_wconf 69' lang='grc' dir='ltr'>ταγμάτων</span> <span class='ocrx_word' id='word_1_655' title='bbox 3393 3926 3589 3998; x_wconf 87' lang='grc' dir='ltr'>πρῶτα</span> <span class='ocrx_word' id='word_1_656' title='bbox 3615 3928 3714 3996; x_wconf 83' lang='grc' dir='ltr'>μὲν</span> <span class='ocrx_word' id='word_1_657' title='bbox 3758 3926 3939 3979; x_wconf 68' lang='grc' dir='ltr'>Ἰωάνο</span> 
     </span>
    </p>
   </div>
   <div class='ocr_carea' id='block_1_98' title="bbox 2377 4018 3939 4089">
    <p class='ocr_par' dir='ltr' id='par_1_98' title="bbox 2377 4018 3939 4089">
     <span class='ocr_line' id='line_1_98' title="bbox 2377 4018 3939 4089; baseline -0.001 -18"><span class='ocrx_word' id='word_1_658' title='bbox 2377 4038 2474 4089; x_wconf 71' lang='grc' dir='ltr'>νην</span> <span class='ocrx_word' id='word_1_659' title='bbox 2507 4020 2693 4089; x_wconf 78' lang='grc' dir='ltr'>Θρᾷκα</span> <span class='ocrx_word' id='word_1_660' title='bbox 2722 4019 2781 4071; x_wconf 80' lang='grc' dir='ltr'><strong>τὸ</strong></span> <span class='ocrx_word' id='word_1_661' title='bbox 2810 4018 2965 4081; x_wconf 80' lang='grc' dir='ltr'>γένος</span> <span class='ocrx_word' id='word_1_662' title='bbox 2997 4020 3292 4086; x_wconf 80' lang='grc' dir='ltr'>χειροτονεῖ</span> <span class='ocrx_word' id='word_1_663' title='bbox 3316 4033 3331 4047; x_wconf 89' lang='grc'><strong>·</strong></span> <span class='ocrx_word' id='word_1_664' title='bbox 3368 4018 3427 4081; x_wconf 79' lang='grc' dir='ltr'>ὃς</span> <span class='ocrx_word' id='word_1_665' title='bbox 3463 4018 3581 4073; x_wconf 78' lang='grc' dir='ltr'>ἔνια</span> <span class='ocrx_word' id='word_1_666' title='bbox 3621 4020 3719 4088; x_wconf 74' lang='grc' dir='ltr'><strong>μὲν</strong></span> <span class='ocrx_word' id='word_1_667' title='bbox 3751 4020 3939 4086; x_wconf 59' lang='grc' dir='ltr'>ἁμαρ.</span> 
     </span>
    </p>
   </div>
   <div class='ocr_carea' id='block_1_99' title="bbox 2377 4108 3943 4177">
    <p class='ocr_par' dir='ltr' id='par_1_99' title="bbox 2377 4108 3943 4177">
     <span class='ocr_line' id='line_1_99' title="bbox 2377 4108 3943 4177; baseline -0.001 -12"><span class='ocrx_word' id='word_1_668' title='bbox 2377 4111 2506 4175; x_wconf 86' lang='grc' dir='ltr'>τὼν,</span> <span class='ocrx_word' id='word_1_669' title='bbox 2535 4112 2625 4165; x_wconf 82' lang='grc' dir='ltr'>ὲπί</span> <span class='ocrx_word' id='word_1_670' title='bbox 2668 4128 2777 4163; x_wconf 87' lang='grc' dir='ltr'>τισι</span> <span class='ocrx_word' id='word_1_671' title='bbox 2826 4108 2883 4163; x_wconf 85' lang='grc' dir='ltr'>δὲ</span> <span class='ocrx_word' id='word_1_672' title='bbox 2945 4111 3041 4163; x_wconf 72' lang='grc' dir='ltr'>καὶ</span> <span class='ocrx_word' id='word_1_673' title='bbox 3090 4109 3577 4177; x_wconf 74' lang='grc' dir='ltr'>διαγωνισάμενος,</span> <span class='ocrx_word' id='word_1_674' title='bbox 3614 4110 3751 4170; x_wconf 80' lang='grc' dir='ltr'>τέως</span> <span class='ocrx_word' id='word_1_675' title='bbox 3787 4111 3943 4163; x_wconf 70' lang='grc' dir='ltr'>οὐδέν</span> 
     </span>
    </p>
   </div>
   <div class='ocr_carea' id='block_1_100' title="bbox 2377 4200 3943 4272">
    <p class='ocr_par' dir='ltr' id='par_1_100' title="bbox 2377 4200 3943 4272">
     <span class='ocr_line' id='line_1_100' title="bbox 2377 4200 3943 4272; baseline -0.003 -16"><span class='ocrx_word' id='word_1_676' title='bbox 2377 4221 2431 4256; x_wconf 89' lang='grc' dir='ltr'><strong>τι</strong></span> <span class='ocrx_word' id='word_1_677' title='bbox 2470 4203 2745 4270; x_wconf 79' lang='grc' dir='ltr'>ἀξιόλογον</span> <span class='ocrx_word' id='word_1_678' title='bbox 2788 4202 3114 4272; x_wconf 77' lang='grc' dir='ltr'>διεπράξατο</span> <span class='ocrx_word' id='word_1_679' title='bbox 3135 4218 3147 4231; x_wconf 95' lang='grc'><strong>·</strong></span> <span class='ocrx_word' id='word_1_680' title='bbox 3180 4200 3319 4270; x_wconf 69' lang='grc' dir='ltr'>μετὰ</span> <span class='ocrx_word' id='word_1_681' title='bbox 3346 4201 3403 4253; x_wconf 77' lang='grc' dir='ltr'>δὲ</span> <span class='ocrx_word' id='word_1_682' title='bbox 3435 4201 3643 4264; x_wconf 78' lang='grc' dir='ltr'>τοῦτον,</span> <span class='ocrx_word' id='word_1_683' title='bbox 3675 4201 3943 4252; x_wconf 71' lang='grc' dir='ltr'>Φιλιππι-</span> 
     </span>
    </p>
   </div>
   <div class='ocr_carea' id='block_1_101' title="bbox 2378 4292 3943 4365">
    <p class='ocr_par' dir='ltr' id='par_1_101' title="bbox 2378 4292 3943 4365">
     <span class='ocr_line' id='line_1_101' title="bbox 2378 4292 3943 4365; baseline -0.002 -17"><span class='ocrx_word' id='word_1_684' title='bbox 2378 4295 2471 4357; x_wconf 83' lang='grc' dir='ltr'>κὸς</span> <span class='ocrx_word' id='word_1_685' title='bbox 2530 4295 2667 4365; x_wconf 82' lang='grc' dir='ltr'>ἀνὴρ</span> <span class='ocrx_word' id='word_1_686' title='bbox 2730 4293 2829 4365; x_wconf 83' lang='grc' dir='ltr'>τὴν</span> <span class='ocrx_word' id='word_1_687' title='bbox 2872 4294 3047 4365; x_wconf 80' lang='grc' dir='ltr'>ἀρχὴν</span> <span class='ocrx_word' id='word_1_688' title='bbox 3109 4292 3513 4363; x_wconf 73' lang='grc' dir='ltr'>ἑνεχειρίζετο,</span> <span class='ocrx_word' id='word_1_689' title='bbox 3571 4293 3737 4362; x_wconf 77' lang='grc' dir='ltr'>κῆδος</span> <span class='ocrx_word' id='word_1_690' title='bbox 3798 4292 3943 4361; x_wconf 76' lang='grc' dir='ltr'>μετὰ</span> 
     </span>
    </p>
   </div>
   <div class='ocr_carea' id='block_1_102' title="bbox 2378 4382 3940 4457">
    <p class='ocr_par' dir='ltr' id='par_1_102' title="bbox 2378 4382 3940 4457">
     <span class='ocr_line' id='line_1_102' title="bbox 2378 4382 3940 4457; baseline -0.005 -14"><span class='ocrx_word' id='word_1_691' title='bbox 2378 4389 2688 4457; x_wconf 85' lang='grc' dir='ltr'>Μαυρικίου</span> <span class='ocrx_word' id='word_1_692' title='bbox 2744 4386 2918 4455; x_wconf 73' lang='grc' dir='ltr'>ἔχωνο</span> <span class='ocrx_word' id='word_1_693' title='bbox 2974 4385 3176 4456; x_wconf 74' lang='grc' dir='ltr'>θατέρᾳ</span> <span class='ocrx_word' id='word_1_694' title='bbox 3232 4387 3341 4454; x_wconf 70' lang='grc' dir='ltr'><strong>γὰρ</strong></span> <span class='ocrx_word' id='word_1_695' title='bbox 3399 4384 3509 4437; x_wconf 88' lang='grc' dir='ltr'><strong>τῶν</strong></span> <span class='ocrx_word' id='word_1_696' title='bbox 3572 4382 3818 4450; x_wconf 81' lang='grc' dir='ltr'>ἀδελφῶν</span> <span class='ocrx_word' id='word_1_697' title='bbox 3872 4388 3940 4453; x_wconf 77' lang='grc' dir='ltr'>τῇ</span> 
     </span>
    </p>
   </div>
   <div class='ocr_carea' id='block_1_103' title="bbox 2379 4476 3940 4549">
    <p class='ocr_par' dir='ltr' id='par_1_103' title="bbox 2379 4476 3940 4549">
     <span class='ocr_line' id='line_1_103' title="bbox 2379 4476 3940 4549; baseline -0.002 -18"><span class='ocrx_word' id='word_1_698' title='bbox 2379 4479 2573 4549; x_wconf 79' lang='grc' dir='ltr'>Γορδὶα</span> <span class='ocrx_word' id='word_1_699' title='bbox 2623 4479 2715 4531; x_wconf 70' lang='grc' dir='ltr'><strong>ἐπὶ</strong></span> <span class='ocrx_word' id='word_1_700' title='bbox 2760 4479 2949 4547; x_wconf 78' lang='grc' dir='ltr'>λέχους</span> <span class='ocrx_word' id='word_1_701' title='bbox 3003 4479 3258 4547; x_wconf 72' lang='grc' dir='ltr'>κοινωνία</span> <span class='ocrx_word' id='word_1_702' title='bbox 3309 4476 3549 4545; x_wconf 76' lang='grc' dir='ltr'>ἐννόμως</span> <span class='ocrx_word' id='word_1_703' title='bbox 3611 4476 3940 4547; x_wconf 83' lang='grc' dir='ltr'>συνήρχετο.</span> 
     </span>
    </p>
   </div>
   <div class='ocr_carea' id='block_1_104' title="bbox 2381 4566 3945 4639">
    <p class='ocr_par' dir='ltr' id='par_1_104' title="bbox 2381 4566 3945 4639">
     <span class='ocr_line' id='line_1_104' title="bbox 2381 4566 3945 4639; baseline 0.019 -46"><span class='ocrx_word' id='word_1_704' title='bbox 2381 4572 2479 4633; x_wconf 72' lang='grc' dir='ltr'>.ος</span> <span class='ocrx_word' id='word_1_705' title='bbox 2519 4570 2643 4639; x_wconf 59' lang='grc' dir='ltr'>περὶ</span> <span class='ocrx_word' id='word_1_706' title='bbox 2685 4569 2753 4621; x_wconf 76' lang='grc' dir='ltr'><strong>τὰ,</strong></span> <span class='ocrx_word' id='word_1_707' title='bbox 2794 4569 3025 4639; x_wconf 77' lang='grc' dir='ltr'>μεθόρια</span> <span class='ocrx_word' id='word_1_708' title='bbox 3069 4568 3331 4636; x_wconf 86' lang='grc' dir='ltr'>γεγονὼς,</span> <span class='ocrx_word' id='word_1_709' title='bbox 3365 4568 3542 4620; x_wconf 78' lang='grc' dir='ltr'>πάντα</span> <span class='ocrx_word' id='word_1_710' title='bbox 3580 4566 3649 4620; x_wconf 79' lang='grc' dir='ltr'>τὰ</span> <span class='ocrx_word' id='word_1_711' title='bbox 3701 4570 3761 4621; x_wconf 71' lang='grc' dir='ltr'><strong>ἐν</strong></span> <span class='ocrx_word' id='word_1_712' title='bbox 3812 4572 3945 4623; x_wconf 73' lang='grc' dir='ltr'>ποσὶ</span> 
     </span>
    </p>
   </div>
   <div class='ocr_carea' id='block_1_105' title="bbox 2378 4658 3945 4730">
    <p class='ocr_par' dir='ltr' id='par_1_105' title="bbox 2378 4658 3945 4730">
     <span class='ocr_line' id='line_1_105' title="bbox 2378 4658 3945 4730; baseline 0.003 -22"><span class='ocrx_word' id='word_1_713' title='bbox 2378 4659 2723 4730; x_wconf 72' lang='grc' dir='ltr'>ληϊσάμενος,</span> <span class='ocrx_word' id='word_1_714' title='bbox 2760 4659 3008 4729; x_wconf 82' lang='grc' dir='ltr'>μεγάλων</span> <span class='ocrx_word' id='word_1_715' title='bbox 3054 4658 3313 4728; x_wconf 70' lang='grc' dir='ltr'>λαφύρων</span> <span class='ocrx_word' id='word_1_716' title='bbox 3345 4658 3616 4729; x_wconf 74' lang='grc' dir='ltr'>ἐγκρατὴς</span> <span class='ocrx_word' id='word_1_717' title='bbox 3664 4661 3945 4728; x_wconf 68' lang='grc' dir='ltr'>ἐγεγόνει·</span> 
     </span>
    </p>
   </div>
   <div class='ocr_carea' id='block_1_106' title="bbox 2380 4750 3948 4820">
    <p class='ocr_par' dir='ltr' id='par_1_106' title="bbox 2380 4750 3948 4820">
     <span class='ocr_line' id='line_1_106' title="bbox 2380 4750 3948 4820; baseline 0 -16"><span class='ocrx_word' id='word_1_718' title='bbox 2380 4753 2477 4805; x_wconf 74' lang='grc' dir='ltr'>καὶ</span> <span class='ocrx_word' id='word_1_719' title='bbox 2505 4755 2632 4815; x_wconf 65' lang='grc' dir='ltr'>τοὺς</span> <span class='ocrx_word' id='word_1_720' title='bbox 2675 4751 2961 4813; x_wconf 82' lang='grc' dir='ltr'>πλείστους</span> <span class='ocrx_word' id='word_1_721' title='bbox 3001 4750 3111 4802; x_wconf 91' lang='grc' dir='ltr'><strong>τῶν</strong></span> <span class='ocrx_word' id='word_1_722' title='bbox 3142 4750 3482 4820; x_wconf 80' lang='grc' dir='ltr'>εὐπατριδῶν</span> <span class='ocrx_word' id='word_1_723' title='bbox 3514 4752 3608 4803; x_wconf 81' lang='grc' dir='ltr'>καὶ</span> <span class='ocrx_word' id='word_1_724' title='bbox 3643 4750 3702 4803; x_wconf 76' lang='grc' dir='ltr'>εὖ</span> <span class='ocrx_word' id='word_1_725' title='bbox 3749 4756 3948 4819; x_wconf 83' lang='grc' dir='ltr'>γένους</span> 
     </span>
    </p>
   </div>
   <div class='ocr_carea' id='block_1_107' title="bbox 2379 4843 3945 4912">
    <p class='ocr_par' dir='ltr' id='par_1_107' title="bbox 2379 4843 3945 4912">
     <span class='ocr_line' id='line_1_107' title="bbox 2379 4843 3945 4912; baseline 0.003 -17"><span class='ocrx_word' id='word_1_726' title='bbox 2379 4845 2481 4911; x_wconf 75' lang='grc' dir='ltr'><strong>ἀνὰ</strong></span> <span class='ocrx_word' id='word_1_727' title='bbox 2506 4844 2602 4912; x_wconf 79' lang='grc' dir='ltr'><strong>τὴν</strong></span> <span class='ocrx_word' id='word_1_728' title='bbox 2625 4843 2839 4895; x_wconf 74' lang='grc' dir='ltr'>Νίσιϐιν</span> <span class='ocrx_word' id='word_1_729' title='bbox 2868 4843 3116 4912; x_wconf 80' lang='grc' dir='ltr'>ἐχόντων,</span> <span class='ocrx_word' id='word_1_730' title='bbox 3156 4843 3343 4910; x_wconf 78' lang='grc' dir='ltr'>ξίφους</span> <span class='ocrx_word' id='word_1_731' title='bbox 3374 4843 3653 4911; x_wconf 74' lang='grc' dir='ltr'>πάρεργον</span> <span class='ocrx_word' id='word_1_732' title='bbox 3682 4845 3945 4900; x_wconf 73' lang='grc' dir='ltr'>ἐποιεῖτο.</span> 
     </span>
    </p>
   </div>
   <div class='ocr_carea' id='block_1_108' title="bbox 2395 4935 3950 5007">
    <p class='ocr_par' dir='ltr' id='par_1_108' title="bbox 2395 4935 3950 5007">
     <span class='ocr_line' id='line_1_108' title="bbox 2395 4935 3950 5007; baseline 0 -17"><span class='ocrx_word' id='word_1_733' title='bbox 2395 4937 2623 5005; x_wconf 79' lang='grc' dir='ltr'>Ἐπίσης</span> <span class='ocrx_word' id='word_1_734' title='bbox 2677 4936 2731 4989; x_wconf 82' lang='grc' dir='ltr'>δὲ</span> <span class='ocrx_word' id='word_1_735' title='bbox 2788 4936 2882 4989; x_wconf 77' lang='grc' dir='ltr'><strong>καὶ</strong></span> <span class='ocrx_word' id='word_1_736' title='bbox 2943 4936 3053 4997; x_wconf 85' lang='grc' dir='ltr'>τοῖς</span> <span class='ocrx_word' id='word_1_737' title='bbox 3105 4936 3234 5005; x_wconf 78' lang='grc' dir='ltr'>περὶ</span> <span class='ocrx_word' id='word_1_738' title='bbox 3267 4935 3493 5007; x_wconf 86' lang='grc' dir='ltr'>Τίγριδα</span> <span class='ocrx_word' id='word_1_739' title='bbox 3546 4938 3638 4990; x_wconf 86' lang='grc' dir='ltr'><strong>τὸν</strong></span> <span class='ocrx_word' id='word_1_740' title='bbox 3701 4939 3950 5005; x_wconf 72' lang='grc' dir='ltr'>ποταμὸν</span> 
     </span>
    </p>
   </div>
   <div class='ocr_carea' id='block_1_109' title="bbox 2383 5026 3947 5097">
    <p class='ocr_par' dir='ltr' id='par_1_109' title="bbox 2383 5026 3947 5097">
     <span class='ocr_line' id='line_1_109' title="bbox 2383 5026 3947 5097; baseline 0.001 -18"><span class='ocrx_word' id='word_1_741' title='bbox 2383 5029 2637 5081; x_wconf 73' lang='grc' dir='ltr'>ἐποιεῖτο.</span> <span class='ocrx_word' id='word_1_742' title='bbox 2672 5027 2975 5097; x_wconf 76' lang='grc' dir='ltr'>Συμϐἁλλει</span> <span class='ocrx_word' id='word_1_743' title='bbox 3020 5026 3076 5080; x_wconf 75' lang='grc' dir='ltr'>δὲ</span> <span class='ocrx_word' id='word_1_744' title='bbox 3125 5026 3343 5097; x_wconf 79' lang='grc' dir='ltr'>στρατῷ</span> <span class='ocrx_word' id='word_1_745' title='bbox 3390 5027 3611 5095; x_wconf 75' lang='grc' dir='ltr'>μεγάλῳ</span> <span class='ocrx_word' id='word_1_746' title='bbox 3659 5030 3755 5081; x_wconf 81' lang='grc' dir='ltr'>καὶ</span> <span class='ocrx_word' id='word_1_747' title='bbox 3806 5030 3947 5097; x_wconf 81' lang='grc' dir='ltr'><strong>Πέρ-</strong></span> 
     </span>
    </p>
   </div>
   <div class='ocr_carea' id='block_1_110' title="bbox 2388 5120 3947 5191">
    <p class='ocr_par' dir='ltr' id='par_1_110' title="bbox 2388 5120 3947 5191">
     <span class='ocr_line' id='line_1_110' title="bbox 2388 5120 3947 5191; baseline -0.001 -18"><span class='ocrx_word' id='word_1_748' title='bbox 2388 5134 2538 5185; x_wconf 81' lang='grc' dir='ltr'>σαις’</span> <span class='ocrx_word' id='word_1_749' title='bbox 2582 5122 2675 5174; x_wconf 70' lang='grc' dir='ltr'>καὶ</span> <span class='ocrx_word' id='word_1_750' title='bbox 2720 5121 3023 5190; x_wconf 81' lang='grc' dir='ltr'>ἀξιομάχου</span> <span class='ocrx_word' id='word_1_751' title='bbox 3082 5120 3402 5188; x_wconf 76' lang='grc' dir='ltr'>συμπλοκῆς</span> <span class='ocrx_word' id='word_1_752' title='bbox 3452 5120 3771 5190; x_wconf 80' lang='grc' dir='ltr'>γενομένης,</span> <span class='ocrx_word' id='word_1_753' title='bbox 3807 5122 3947 5191; x_wconf 80' lang='grc' dir='ltr'>Περ-</span> 
     </span>
    </p>
   </div>
   <div class='ocr_carea' id='block_1_111' title="bbox 2388 5208 3951 5279">
    <p class='ocr_par' dir='ltr' id='par_1_111' title="bbox 2388 5208 3951 5279">
     <span class='ocr_line' id='line_1_111' title="bbox 2388 5208 3951 5279; baseline 0.001 -17"><span class='ocrx_word' id='word_1_754' title='bbox 2388 5210 2498 5262; x_wconf 88' lang='grc' dir='ltr'><strong>σῶν</strong></span> <span class='ocrx_word' id='word_1_755' title='bbox 2539 5211 2589 5262; x_wconf 93' lang='grc' dir='ltr'><strong>οί</strong></span> <span class='ocrx_word' id='word_1_756' title='bbox 2636 5211 2880 5267; x_wconf 79' lang='grc' dir='ltr'>πλεῖστοι</span> <span class='ocrx_word' id='word_1_757' title='bbox 2929 5210 3023 5262; x_wconf 80' lang='grc' dir='ltr'>καὶ</span> <span class='ocrx_word' id='word_1_758' title='bbox 3082 5208 3414 5279; x_wconf 80' lang='grc' dir='ltr'>προῦχοντες</span> <span class='ocrx_word' id='word_1_759' title='bbox 3460 5211 3777 5263; x_wconf 75' lang='grc' dir='ltr'>πίπτουσιν.</span> <span class='ocrx_word' id='word_1_760' title='bbox 3836 5214 3951 5265; x_wconf 77' lang='grc' dir='ltr'><strong>Οὐκ</strong></span> 
     </span>
    </p>
   </div>
   <div class='ocr_carea' id='block_1_112' title="bbox 2386 5297 3952 5371">
    <p class='ocr_par' dir='ltr' id='par_1_112' title="bbox 2386 5297 3952 5371">
     <span class='ocr_line' id='line_1_112' title="bbox 2386 5297 3952 5371; baseline 0.001 -17"><span class='ocrx_word' id='word_1_761' title='bbox 2386 5301 2704 5371; x_wconf 74' lang='grc' dir='ltr'>ἐλαχίστους</span> <span class='ocrx_word' id='word_1_762' title='bbox 2748 5301 2803 5354; x_wconf 74' lang='grc' dir='ltr'>δὲ</span> <span class='ocrx_word' id='word_1_763' title='bbox 2856 5301 2949 5354; x_wconf 74' lang='grc' dir='ltr'>καὶ</span> <span class='ocrx_word' id='word_1_764' title='bbox 2988 5300 3229 5370; x_wconf 79' lang='grc' dir='ltr'>ζωγρὶας</span> <span class='ocrx_word' id='word_1_765' title='bbox 3273 5297 3455 5354; x_wconf 76' lang='grc' dir='ltr'>εἶλεν·</span> <span class='ocrx_word' id='word_1_766' title='bbox 3504 5301 3639 5355; x_wconf 77' lang='grc' dir='ltr'>ἀλλὰ</span> <span class='ocrx_word' id='word_1_767' title='bbox 3689 5302 3781 5354; x_wconf 89' lang='grc' dir='ltr'><strong>καί</strong></span> <span class='ocrx_word' id='word_1_768' title='bbox 3826 5320 3952 5357; x_wconf 84' lang='grc' dir='ltr'>τινα</span> 
     </span>
    </p>
   </div>
   <div class='ocr_carea' id='block_1_113' title="bbox 2387 5393 3953 5464">
    <p class='ocr_par' dir='ltr' id='par_1_113' title="bbox 2387 5393 3953 5464">
     <span class='ocr_line' id='line_1_113' title="bbox 2387 5393 3953 5464; baseline -0.001 -18"><span class='ocrx_word' id='word_1_769' title='bbox 2387 5394 2544 5462; x_wconf 83' lang='grc' dir='ltr'>λόχον</span> <span class='ocrx_word' id='word_1_770' title='bbox 2591 5394 2646 5445; x_wconf 78' lang='grc' dir='ltr'><strong>ἓν</strong></span> <span class='ocrx_word' id='word_1_771' title='bbox 2697 5410 2800 5446; x_wconf 86' lang='grc' dir='ltr'>τινι</span> <span class='ocrx_word' id='word_1_772' title='bbox 2850 5395 2956 5447; x_wconf 87' lang='grc' dir='ltr'><strong>τῶν</strong></span> <span class='ocrx_word' id='word_1_773' title='bbox 3018 5394 3237 5463; x_wconf 65' lang='grc' dir='ltr'>εὐφυῶν</span> <span class='ocrx_word' id='word_1_774' title='bbox 3311 5393 3600 5461; x_wconf 69' lang='grc' dir='ltr'>γεωλόφων</span> <span class='ocrx_word' id='word_1_775' title='bbox 3650 5394 3953 5464; x_wconf 81' lang='grc' dir='ltr'>δυνάμενος</span> 
     </span>
    </p>
   </div>
   <div class='ocr_carea' id='block_1_114' title="bbox 2389 5483 3953 5554">
    <p class='ocr_par' dir='ltr' id='par_1_114' title="bbox 2389 5483 3953 5554">
     <span class='ocr_line' id='line_1_114' title="bbox 2389 5483 3953 5554; baseline -0.001 -17"><span class='ocrx_word' id='word_1_776' title='bbox 2389 5484 2611 5549; x_wconf 62' lang='grc' dir='ltr'><strong>ἔξελεῖν,</strong></span> <span class='ocrx_word' id='word_1_777' title='bbox 2643 5485 2873 5549; x_wconf 82' lang='grc' dir='ltr'>ἀπαθεῖς</span> <span class='ocrx_word' id='word_1_778' title='bbox 2929 5485 3114 5537; x_wconf 87' lang='grc' dir='ltr'>κακῶν</span> <span class='ocrx_word' id='word_1_779' title='bbox 3166 5483 3371 5547; x_wconf 77' lang='grc' dir='ltr'>εἴασεν,</span> <span class='ocrx_word' id='word_1_780' title='bbox 3407 5484 3827 5554; x_wconf 80' lang='grc' dir='ltr'>ὑπεσχημένους</span> <span class='ocrx_word' id='word_1_781' title='bbox 3861 5486 3953 5537; x_wconf 68' lang='grc' dir='ltr'><strong>τὸν</strong></span> 
     </span>
    </p>
   </div>
   <div class='ocr_carea' id='block_1_115' title="bbox 2394 5574 3951 5646">
    <p class='ocr_par' dir='ltr' id='par_1_115' title="bbox 2394 5574 3951 5646">
     <span class='ocr_line' id='line_1_115' title="bbox 2394 5574 3951 5646; baseline -0.002 -19"><span class='ocrx_word' id='word_1_782' title='bbox 2394 5576 2542 5642; x_wconf 76' lang='grc' dir='ltr'>σφῶν</span> <span class='ocrx_word' id='word_1_783' title='bbox 2596 5574 2818 5644; x_wconf 79' lang='grc' dir='ltr'>βασιλέα</span> <span class='ocrx_word' id='word_1_784' title='bbox 2876 5576 3082 5629; x_wconf 84' lang='grc' dir='ltr'>πείθειν</span> <span class='ocrx_word' id='word_1_785' title='bbox 3145 5576 3275 5645; x_wconf 82' lang='grc' dir='ltr'>περὶ</span> <span class='ocrx_word' id='word_1_786' title='bbox 3328 5578 3550 5646; x_wconf 84' lang='grc' dir='ltr'>εἰρήνης</span> <span class='ocrx_word' id='word_1_787' title='bbox 3610 5576 3735 5627; x_wconf 87' lang='grc' dir='ltr'>ὅσον</span> <span class='ocrx_word' id='word_1_788' title='bbox 3784 5575 3951 5644; x_wconf 80' lang='grc' dir='ltr'>ταχος</span> 
     </span>
    </p>
   </div>
   <div class='ocr_carea' id='block_1_116' title="bbox 2395 5660 3953 5739">
    <p class='ocr_par' dir='ltr' id='par_1_116' title="bbox 2395 5660 3953 5739">
     <span class='ocr_line' id='line_1_116' title="bbox 2395 5660 3953 5739; baseline -0.002 -20"><span class='ocrx_word' id='word_1_789' title='bbox 2395 5666 2651 5738; x_wconf 78' lang='grc' dir='ltr'>πρέσσεις</span> <span class='ocrx_word' id='word_1_790' title='bbox 2705 5668 3028 5738; x_wconf 74' lang='grc' dir='ltr'>ἐκπέμπειν.</span> <span class='ocrx_word' id='word_1_791' title='bbox 3088 5668 3266 5722; x_wconf 79' lang='grc' dir='ltr'>Πολλὰ</span> <span class='ocrx_word' id='word_1_792' title='bbox 3320 5669 3376 5721; x_wconf 76' lang='grc' dir='ltr'>δὲ</span> <span class='ocrx_word' id='word_1_793' title='bbox 3431 5668 3522 5739; x_wconf 71' lang='grc' dir='ltr'>καὶ</span> <span class='ocrx_word' id='word_1_794' title='bbox 3568 5660 3733 5738; x_wconf 77' lang='grc' dir='ltr'>ἕτερα</span> <span class='ocrx_word' id='word_1_795' title='bbox 3788 5666 3953 5735; x_wconf 82' lang='grc' dir='ltr'>λόγου</span> 
     </span>
    </p>
   </div>
   <div class='ocr_carea' id='block_1_117' title="bbox 810 5816 2653 5897">
    <p class='ocr_par' dir='ltr' id='par_1_117' title="bbox 810 5816 2653 5897">
     <span class='ocr_line' id='line_1_117' title="bbox 810 5816 2653 5897; baseline -0.009 -14"><span class='ocrx_word' id='word_1_796' title='bbox 810 5829 887 5897; x_wconf 83' lang='lat' dir='ltr'><strong>(l)</strong></span> <span class='ocrx_word' id='word_1_797' title='bbox 921 5827 1257 5896; x_wconf 76' lang='lat' dir='ltr'><strong>Philippices</strong></span> <span class='ocrx_word' id='word_1_798' title='bbox 1291 5824 1422 5888; x_wconf 79' lang='lat' dir='ltr'><strong>dux,</strong></span> <span class='ocrx_word' id='word_1_799' title='bbox 1458 5820 1727 5885; x_wconf 83' lang='lat' dir='ltr'><strong>Mauricii,</strong></span> <span class='ocrx_word' id='word_1_800' title='bbox 1762 5818 2068 5875; x_wconf 83' lang='lat' dir='ltr'><strong>secundum</strong></span> <span class='ocrx_word' id='word_1_801' title='bbox 2108 5816 2431 5877; x_wconf 87' lang='lat' dir='ltr'><strong>Diaconum,</strong></span> <span class='ocrx_word' id='word_1_802' title='bbox 2467 5826 2653 5882; x_wconf 79' lang='lat' dir='ltr'><strong>gener.</strong></span> 
     </span>
    </p>
   </div>
  </div>
