4244 6438
294 405 400 470 349

1096 407 1695 468 ΕΟΟΗΞΞΙΑὸΤΙΟᾸζ
1732 407 2122 474 ΗΙΒΤΟἨΙᾸΞ
2160 417 2311 481 LIB.
2352 419 2576 480 XVlll.

3462 419 3569 491 350

291 532 420 594 ἄξια
470 529 805 597 διεπράξατο
857 529 1206 599 στρατηγῶν,
1264 530 1411 582 Ξπαν
1477 531 1727 598 περιττδν
1780 532 1874 585 καὶ

1980 535 2110 603 quid
2139 545 2286 592 esset
2335 539 2498 592 molle
2539 547 2702 608 atque
2733 537 2928 594 inutile
2961 537 3265 607 reiecisset,
3295 549 3349 594 et
3379 545 3564 598 omnia

288 627 565 688 ϐλακῶδες
595 626 688 679 τοῦ
717 623 953 690 στρατοῦ
984 625 1215 689 ίξὼσας,
1247 624 1340 674 καί
1374 639 1480 674 τινι
1507 623 1709 693 χαλινῷ
1740 626 1876 692 πρὸς

285 722 348 770 τὸ
393 720 628 789 κόσμιον
681 717 948 770 εὔτακτον
999 715 1456 788 μεταρῤυομίσσς
1503 716 1690 770 αὐτόν.
1740 718 1876 786 Περὶ

284 812 364 871 ὧν
418 817 531 876 τοῖς
586 811 770 871 ἄλλοις
833 809 1222 879 συγγραφεῦσι
1279 809 1606 861 καταλιπεῖν
1665 810 1876 862 δίκαιον

285 910 509 976 ἥγημαι
537 922 552 936 ⁸
584 901 668 968 οἷς
696 907 724 956 ό
750 903 912 971 λόγος
945 905 1010 971 τῇ
1053 901 1254 973 ἀγνοίᾳ
1279 901 1742 970 περιολισθαίνων
1781 903 1876 954 καὶ

287 999 683 1067 ἀποχωλεύων,
734 998 768 1067 ἢ
813 998 1161 1071 προσπαϐείςι
1207 996 1605 1065 Θρυπτόμενος,
1649 995 1681 1064 ἢ
1727 996 1879 1047 ἀντι-

285 1094 498 1163 stultqu
555 1093 864 1159 δουλεύων,
927 1092 1038 1144 τῶν
1096 1091 1314 1162 ἀληθῶν
1387 1091 1465 1154 ὡς
1542 1087 1881 1161 ποῤῥωτέρω

287 1191 478 1262 χωρεῖ.

890 1303 1148 1358 ΚΕΦΑΛ.
1179 1299 1281 1356 ΙΑ⁹.

289 1401 430 1465 Περὶ
457 1398 569 1464 τῆς
595 1399 1027 1466 προχειρίσεως
1063 1396 1329 1459 Πρίσκου
1359 1392 1465 1466 τοῦ
1515 1391 1877 1466 στρατηγοῦ.

362 1462 476 1522 kal
508 1462 590 1534 ὥς
611 1462 651 1522 ὁ
676 1462 932 1532 dif-dcor-
959 1468 1149 1519 αὑτὸν
1177 1463 1622 1532 παρωσάμενοι,
1655 1465 1880 1532 Γερμαε-
1921 1462 1936 1481 ⁸

360 1541 476 1593 rer
496 1539 859 1607 στρατηγεῖν
879 1538 1077 1590 εἶλον-τ
1087 1554 1138 1591 0.

363 1655 481 1707 Καὶ
516 1652 710 1706 τοῦτον
752 1653 809 1704 δέ
855 1652 1158 1721 διαδέχεται
1200 1651 1460 1719 Πρίσκος,
1497 1649 1597 1720 τὴν
1647 1666 1880 1718 στρατη-

289 1747 420 1814 γίδα
455 1747 662 1812 μετιὼν
702 1745 988 1808 ἐξουσίαν·
1023 1748 1086 1796 οὗ
1122 1745 1416 1813 πρόχειρος
1462 1761 1546 1802 τις
1598 1742 1690 1794 καὶ
1722 1735 1880 1803 οὗτος

291 1842 376 1900 είς
417 1838 570 1903 θέαν,
615 1837 738 1890 ούδέ
787 1837 928 1907 πλὴν
975 1837 1083 1888 τῶν
1132 1837 1452 1904 ἀναγκαίων
1503 1836 1830 1904 εὐπρόσοδος
1857 1851 1870 1865 ο

293 1931 556 1986 ἐντεῦθεν
611 1931 814 2000 μᾶλλον
865 1930 935 1983 es
981 1929 1153 1983 πολλὰ
1201 1930 1449 1998 οίόμενος
1497 1929 1873 1995 καταπραττεο

290 2029 444 2089 σθαι,
484 2029 544 2078 ἐν
589 2025 669 2092 τῷ
716 2024 841 2077 καθ’
894 2024 1087 2077 ἑαυτὸν
1117 2019 1279 2087 εἶναι,
1332 2023 1428 2076 καὶ
1473 2023 1547 2091 μὴ
1599 2022 1876 2075 ἐπίκοινον

286 2122 491 2174 ἑαυτὸν
536 2121 653 2184 τοῖς
689 2119 824 2173 πᾶσι
865 2120 1169 2188 παρέχειν·
1202 2118 1279 2181 ὡς
1325 2116 1578 2171 ἐντεῦθεν
1628 2119 1724 2169 καὶ
1769 2118 1878 2170 τῶν

286 2212 399 2266 ὑπὸ
437 2213 602 2281 χεῖρα
635 2213 744 2264 δέει
785 2211 987 2280 μᾶλλον
1020 2212 1136 2273 τοῖς
1165 2209 1556 2278 κελευομένοις
1602 2209 1876 2262 ὑπείκειν.

300 2303 462 2354 Ἐπεὶ
513 2302 563 2356 δ’
616 2303 849 2371 ἀφίκετο
897 2304 979 2364 είς
1030 2300 1093 2353 τὸ
1143 2301 1531 2369 στρατόπεδον,
1566 2299 1666 2368 τὴν
1707 2299 1879 2365 ὀφρὺν

285 2394 468 2460 αῐρων
517 2393 616 2444 xal.
679 2391 819 2460 πρὸς
875 2389 1040 2458 ὄγκον
1103 2389 1340 2458 μάλιστα
1394 2389 1878 2456 διεσκευασμένος,

289 2483 583 2552 προύτίθει
608 2487 720 2544 τοῖς
751 2481 1119 2553 στρατιώταις
1144 2481 1266 2533 τινὰ
1302 2479 1432 2549 περὶ
1461 2485 1558 2548 τῆς
1585 2482 1641 2531 ἐν
1677 2480 1879 2547 μάχαις

289 2575 622 2646 καρτερίας,
659 2577 756 2629 καὶ
780 2576 911 2643 περὶ
942 2574 1044 2642 τῆς
1073 2571 1350 2639 ἀσφαλοῦς
1378 2570 1709 2634 ἐξοπλίσεως
1733 2587 1747 2600 ο
1785 2568 1881 2620 καὶ

288 2663 368 2722 ὧν
393 2668 578 2738 χρεὼν
613 2669 679 2719 ἐκ
733 2665 845 2719 τῶν
879 2666 1076 2717 κοινῶν
1108 2664 1424 2727 ἀπολαύειν,
1468 2662 1504 2716 ἃ
1541 2665 1636 2715 καὶ
1684 2662 1883 2730 πρότε-

291 2775 392 2828 ρον
424 2759 770 2828 πεπυσμένοι
801 2754 966 2827 ἦσαν,
998 2757 1060 2809 τό
1102 2755 1152 2809 τ’
1189 2757 1269 2817 είς
1318 2754 1592 2820 προῦπτον
1621 2752 1884 2822 ἐξέρῤησ-

291 2850 506 2906 σοντὸν
534 2849 727 2917 Θυμὸν,
762 2851 857 2902 καὶ
904 2847 1070 2916 ὁμόσε
1116 2848 1190 2914 τῇ
1230 2847 1402 2914 σκηνῇ
1439 2845 1653 2896 ἐκείνου
1697 2843 1883 2911 χωρή-

291 2957 518 3002 σαντες,
553 2940 706 2991 λείαν
758 2937 1048 2990 ἐποιοῦντο
1089 2936 1159 2988 τὰ
1211 2934 1614 3005 προστυχόντα,
1662 2931 1886 3002 λῃστρι-

293 3037 544 3104 κώτερον
575 3033 780 3103 μᾶλλον
807 3031 840 3101 ἦ
867 3031 1352 3102 βαρϐαρικώτερον
1393 3026 1754 3096 διακείμενοι,
1790 3024 1888 3081 καὶ

291 3130 330 3196 ἃ.
390 3129 508 3181 τῶν
563 3125 867 3196 κειμηλίων
926 3125 1078 3194 αὑτῷ
1144 3121 1733 3193 μεγαλοπρεπέστερον
1779 3120 1887 3173 διε-

1980 630 2135 696 quasi
2155 629 2486 700 quibusdam
2515 629 2686 684 frenis
2716 630 2782 684 ad
2807 629 3159 700 disciplinam
3193 632 3482 688 honestam
3509 650 3567 688 et

1982 721 2235 777 ordinem
2267 724 2472 777 bonum
2519 723 2661 792 apud
2693 723 2882 792 copias
2921 723 3190 778 militares
3233 725 3565 795 redegisset.

1983 815 2057 869 De
2073 813 2278 884 quibus
2298 814 2458 871 rebus
2483 830 2704 885 aequum
2718 829 2840 869 esse
2855 815 3007 877 duxi.
3026 815 3151 868 aliis
3171 817 3564 886 scriptoribus.

1985 915 2044 961 ut
2075 916 2408 968 memorent,
2454 909 2810 978 relinquere:
2860 923 3098 969 quorum
3145 911 3320 962 oratio
3365 909 3566 978 partim

1982 999 2304 1068 ignorantia
2343 999 2653 1055 lubricitate
2687 998 3026 1062 claudicans,
3054 1002 3253 1070 partim
3299 1001 3386 1054 vel
3430 1001 3568 1056 alle-

1981 1093 2164 1147 clione
2194 1093 2297 1148 sibi
2331 1092 2643 1161 indulgens.
2673 1093 2758 1149 vel
2790 1092 2918 1146 odio
2952 1093 3118 1147 etiam
3163 1094 3475 1149 inserviens
3537 1111 3568 1149 a

1989 1199 2118 1238 vero
2149 1183 2472 1254 plerumque
2501 1183 2721 1254 longius
2751 1183 3013 1240 discedit.

2595 1296 2825 1353 CAPUT
2870 1296 2960 1353 ΧΙ.

1983 1389 2058 1444 De
2095 1390 2360 1458 facilitate
2391 1391 2716 1462 simplicique
2747 1401 3016 1460 apparatu
3056 1391 3224 1445 Prisci
3253 1392 3376 1445 belli
3401 1391 3568 1443 duris.

2055 1462 2122 1515 Et
2154 1474 2211 1514 ut
2237 1464 2373 1514 hunc
2412 1463 2670 1514 exercitus
2709 1463 2949 1531 rejecerit
2981 1502 2994 1525 ,
3041 1463 3494 1532 Ger-manumque,
3517 1471 3574 1514 ut

2054 1535 2339 1589 exercitum
2370 1536 2600 1593 duceret,
2640 1537 2843 1602 legerit.

2055 1649 2193 1703 lluic
2221 1647 2764 1716 autem,pra:fectura
2791 1648 3109 1703 militarium
3133 1649 3421 1718 copiarum
3449 1662 3574 1702 sus-

1981 1751 2138 1811 cepta
2160 1785 2175 1808 ,
2205 1743 2477 1796 successit
2508 1741 2732 1796 Priscus
2763 1757 2778 1795 :
2810 1741 2904 1810 qui
2939 1752 2995 1796 et
3027 1743 3142 1812 ipse
3174 1757 3282 1795 non
3320 1741 3480 1795 facile
3512 1756 3572 1794 se

1981 1836 2221 1905 conspici
2258 1835 2589 1904 patiebatur,
2623 1843 2680 1888 et
2702 1842 2913 1889 tantum
2938 1849 2968 1888 a
2994 1834 3323 1890 necessariis
3354 1844 3410 1888 et
3435 1834 3573 1886 ami-

1980 1933 2060 1986 cis
2093 1929 2368 1995 adibatur,
2397 1944 2465 1984 eo
2514 1928 2736 1983 demum
2791 1928 2956 1982 modo
2985 1943 3044 1982 se
3081 1929 3250 1981 multa
3287 1927 3574 1983 confectu-

1981 2038 2101 2076 rum
2132 2038 2258 2078 esse
2299 2032 2476 2087 ratus,
2517 2021 2561 2076 si
2598 2022 2652 2075 in
2696 2019 2977 2091 publicum
3009 2037 3118 2074 non
3152 2021 3419 2089 prodiret,
3467 2035 3563 2072 ne-

1981 2131 2089 2184 que
2137 2131 2195 2170 se
2251 2130 2602 2170 communem
2653 2114 2912 2169 omnibus
2965 2115 3281 2182 pneberet:
3336 2113 3567 2181 perinde

1982 2219 2149 2278 atque
2187 2222 2253 2263 ex
2285 2223 2348 2262 ea
2376 2221 2562 2268 causa,
2593 2207 2688 2275 qui
2725 2206 2980 2275 potestati
3015 2207 3137 2277 ejus
3171 2205 3376 2260 subditi
3411 2214 3569 2259 erant

1983 2301 2210 2364 milites,
2273 2309 2421 2355 metu
2482 2299 2727 2362 adducti,
2785 2297 3051 2366 imperata
3105 2297 3300 2351 facturi
3360 2307 3568 2351 essent.

1981 2393 2275 2464 Postquam
2305 2403 2488 2448 autem
2524 2391 2828 2461 supercilio
2857 2392 3077 2446 sublato
3108 2392 3173 2444 ad
3213 2393 3567 2461 splendorem

1985 2489 2220 2557 superbe
2265 2489 2593 2549 instructus.
2648 2486 2712 2539 ad
2753 2484 3053 2539 exercitum
3090 2495 3174 2538 est
3213 2500 3564 2553 progressus,

1987 2591 2044 2634 et
2096 2579 2163 2633 ad
2232 2579 2437 2634 milites
2485 2579 2652 2633 verba
2702 2578 2947 2647 qua‘dam
3012 2579 3077 2629 de
3130 2576 3456 2630 fortitudine
3513 2577 3564 2630 in

1986 2672 2153 2734 bello,
2199 2671 2364 2741 823
2401 2681 2458 2726 et
2507 2672 2847 2725 accuratiore
2879 2681 3180 2734 armatura,
3228 2677 3339 2722 tum
3386 2679 3570 2724 autem

1985 2763 2053 2818 de
2084 2764 2325 2832 praemiis
2358 2779 2479 2833 qua:
2520 2778 2586 2816 cx
2610 2763 2832 2832 publico
2854 2764 3130 2833 recepturi
3165 2772 3370 2824 essent,
3410 2763 3569 2822 fecit,

1987 2871 2109 2924 quze
2166 2856 2245 2909 illi
2293 2865 2453 2909 antea
2506 2857 2723 2926 cognita
2756 2855 3054 2918 habebant,
3087 2857 3140 2909 in
3178 2866 3428 2924 apertum
3489 2857 3570 2908 ira

1987 2962 2180 3002 eorum
2217 2949 2492 3016 prorupit.
2536 2948 2724 3017 Itaque
2765 2949 2973 3017 impetu
3028 2949 3082 3003 in
3114 2955 3408 3003 tentorium
3448 2949 3571 3016 ejus

1987 3038 2133 3094 facto
2165 3040 2508 3108 praedonum,
2541 3048 2635 3093 aut
2673 3039 3050 3106 .Barbarorum
3088 3056 3263 3104 more,
3302 3040 3570 3110 quidquid

1992 3131 2067 3187 ibi
2112 3142 2467 3202 repererunt,
2504 3133 2866 3202 diripuerunt
2915 3147 2929 3183 :
2981 3141 3038 3186 et
3067 3148 3431 3202 quascunque
3469 3133 3572 3187 ha-

296 3222 580 3276 σκεύαστο
636 3220 1079 3289 ὑφαρπάζοντες.
1141 3217 1251 3271 Καί
1303 3233 1369 3285 γε
1436 3216 1505 3270 ἂν
1567 3214 1662 3268 καὶ
1721 3214 1885 3280 αὐτὸς

1999 3225 2119 3280 buit
2166 3225 2450 3294 splendide
2498 3236 2838 3293 comparatas
2897 3225 3193 3294 magnique
3245 3227 3407 3295 pretii
3461 3241 3571 3294 res,

295 3316 531 3380 ἀταξίας
592 3313 826 3381 στρατοῦ
874 3312 1260 3384 παρανάλωμα
1309 3310 1563 3378 γέγονεν,
1593 3311 1644 3364 εί
1677 3311 1750 3380 μή
1781 3326 1887 3363 τινι

294 3408 498 3466 ἑπιδά,
535 3406 715 3475 ἵππῳ,
747 3403 852 3456 ἀνά
906 3403 1008 3471 τὴν
1041 3402 1309 3457 Ἔδεσσαν
1339 3399 1629 3463 διεσώζετο
1651 3415 1667 3430 ο
1698 3401 1766 3468 ἢν
1792 3400 1891 3454 καὶ

297 3498 629 3568 πέμψαντες
656 3535 673 3560 ,
735 3493 1061 3569 ἐπεχείρουν
1123 3492 1442 3560 πολιορκεῖν
1503 3489 1596 3542 τὸν
1669 3488 1890 3558 φυγάδα

300 3593 619 3664 στρατηγὸν
665 3591 1064 3660 ἐξαιτούμενοι.
1133 3589 1224 3653 Ὠς
1269 3589 1327 3641 δὲ
1387 3589 1438 3641 οί
1492 3585 1640 3640 ἔνδον
1688 3588 1888 3656 ἥκιστα

301 3690 641 3749 ἐνεδίδοσαν,
671 3687 878 3736 ἐκεῖνον
915 3683 1017 3752 μὲν
1066 3682 1228 3735 είων·
1264 3680 1551 3750 Γερμανὸν
1590 3680 1646 3732 δέ
1692 3679 1786 3730 τὸν
1831 3680 1889 3729 ἐν

299 3781 620 3851 Διδανησία
661 3780 762 3849 τῆς
802 3777 1057 3846 Φοινίκης
1103 3775 1218 3828 τῶν
1266 3771 1679 3845 στρατιωτικῶν
1725 3786 1893 3823 κατα-

299 3878 484 3944 λόγων
514 3873 613 3943 τὴν
648 3872 825 3942 ἀρχὴν
857 3866 1361 3938 ἐπιτετραμμένον,
1398 3865 1653 3917 πλεῖστον
1702 3863 1894 3914 ἐκϐια-

305 3971 562 4037 σάμενοι,
606 3964 859 4035 ἡγεμόνα
894 3961 1047 4030 σφίσι
1081 3955 1500 4029 χειροτονοῦσι·
1547 3957 1641 4008 καὶ
1689 3953 1889 4023 μικροῦ

255 4081 259 4084 ·
303 4066 424 4117 δεῖν
460 4063 526 4114 τό
571 4075 633 4124 γε
683 4061 762 4120 είς
796 4057 996 4116 αὐτοὺς
1043 4049 1197 4125 ἧκον,
1230 4053 1324 4104 καὶ
1356 4049 1736 4118 αὐτοκράτορα
1768 4046 1893 4098 τοῦ-

303 4175 406 4210 τον
457 4151 941 4224 προεχειρίσαντο.
987 4144 1145 4198 Ἐπεὶ
1207 4145 1315 4213 γὰρ
1373 4142 1658 4196 ἐπέκειντο
1708 4139 1896 4192 ἐκϐιά-

306 4254 523 4317 (avrae,
544 4250 571 4298 ό
597 4247 643 4295 δ’
673 4242 948 4295 ἀντέτεινε
978 4237 1338 4317 σφόδρα,ἰέρις
1369 4236 1572 4301 ἀμφοῖν
1599 4234 1892 4300 ἀνήπτετο·

303 4345 388 4414 τῷ
451 4341 555 4410 μὲν
598 4339 675 4408 μὴ
745 4333 1053 4405 βιάζεσθαι,
1113 4333 1226 4388 τοῖς
1274 4329 1320 4382 δ’
1377 4325 1778 4397 ἐξεργάσασθαι
1833 4327 1894 4377 τὸ

307 4438 630 4508 ἐγχείρημα
657 4449 670 4463 °
702 4431 845 4483 ὥστε
878 4428 974 4482 καὶ
1005 4426 1237 4480 κτείνειν
1259 4421 1542 4493 ἠπείλουν,
1569 4421 1618 4472 εί
1648 4419 1723 4489 μὴ
1753 4417 1895 4470 ἑκὼν

306 4534 547 4600 δέχοιτο.
574 4523 682 4577 Τοῦ
708 4523 766 4576 δέ
797 4521 891 4574 καὶ
917 4519 1122 4588 μᾶλλον
1153 4514 1311 4567 τοῦτο
1337 4510 1613 4582 αἱρεῖσθαι
1645 4508 1888 4562 δεικνύν-

1995 3334 2091 3375 eas
2123 3319 2487 3373 sustulerunt.
2532 3321 2654 3386 Ipse
2702 3333 2923 3388 quoque
2960 3319 3013 3373 in
3061 3333 3129 3372 eo
3158 3319 3432 3374 exercitus
3482 3329 3573 3372 tu.

1991 3412 2164 3468 multu
2193 3412 2477 3482 jugulatns
2507 3409 2728 3473 fuisset,
2758 3412 2866 3465 nisi
2896 3426 3041 3480 equo
3069 3427 3372 3468 conscenso
3403 3412 3575 3466 Edes-

1991 3517 2106 3558 sam
2153 3501 2504 3569 profugisset.
2529 3498 2704 3566 Quam
2760 3502 2927 3556 missa
2963 3517 3030 3556 eo
3060 3502 3344 3572 copiarum
3393 3514 3569 3571 parte,

1994 3595 2116 3650 dedi
2165 3594 2273 3648 sibi
2324 3592 2616 3663 fugitivum
2655 3595 2848 3647 ducem
2902 3594 3268 3663 postulantes,
3316 3594 3570 3648 obsidere

1990 3697 2117 3742 sunt
2149 3687 2408 3756 aggressi.
2432 3685 2700 3740 Caeterum
2723 3685 2811 3739 ubi
2845 3686 3106 3740 Edesseni
3140 3688 3195 3741 id
3225 3702 3340 3740 non
3366 3688 3567 3750 fecere,

1992 3779 2235 3834 Priscum
2267 3779 2487 3849 quidem
2521 3778 2600 3834 illi
2628 3778 3000 3847 reliquerunt,
3048 3778 3383 3833 Germanum
3413 3795 3569 3843 vero,

1992 3871 2310 3925 militarium
2341 3871 2396 3925 in
2425 3869 2711 3925 Libanesia
2747 3870 3035 3924 Phtenices
3055 3871 3314 3925 ordinum
3345 3870 3565 3934 ducem,

1995 3964 2164 4018 multa
2191 3963 2241 4017 ei
2275 3962 2327 4014 vi
2353 3962 2621 4025 adhibita,
2662 3962 2929 4017 exercitui
2966 3963 3285 4031 praefecere,
3348 3980 3568 4033 parum-

1995 4071 2103 4125 que
2137 4057 2274 4110 adeo
2303 4056 2499 4119 abfuit,
2548 4056 2682 4124 quin
2708 4071 2833 4110 eum
2864 4057 3052 4116 etiam,
3085 4065 3350 4125 quantum
3381 4058 3434 4110 in
3461 4058 3572 4120 illis

1995 4141 2161 4202 situm
2183 4155 2321 4211 erat,
2341 4147 2728 4214 imperatorem
2756 4148 3078 4216 delegerint.
3101 4149 3394 4218 Postquam
3421 4150 3566 4201 enim

1994 4240 2046 4294 vi
2079 4240 2358 4293 hominem
2385 4240 2627 4310 aggressi
2664 4250 2814 4304 sunt,
2846 4251 3010 4309 atque
3037 4241 3126 4294 ille
3152 4241 3232 4295 eis
3266 4241 3564 4294 vehemen-

1997 4339 2081 4384 ter
2123 4329 2345 4395 restitit,
2380 4330 2661 4385 contentio
2705 4331 2848 4383 inter
2899 4339 3162 4400 utrosque
3209 4341 3399 4385 exorta
3441 4341 3568 4385 est:

1997 4423 2090 4478 illo
2126 4423 2373 4493 quidem,
2404 4438 2473 4477 ne
2499 4425 2550 4477 ri
2580 4434 3010 4493 expugnaretur,
3038 4425 3429 4489 contendente,
3485 4425 3572 4480 bis

1998 4526 2202 4578 autem,
2243 4525 2302 4570 ut
2329 4516 2470 4585 quod
2499 4516 2793 4583 cmpissent
2826 4515 3174 4585 perﬁcerent,
3210 4517 3285 4571 ita
3317 4517 3573 4571 laboran-

307 4593 430 4685 τος,
459 4619 554 4672 ἐπί
584 4632 739 4677 τινας
792 4613 1064 4680 λωϐήσεις
1112 4607 1210 4661 καὶ
1244 4607 1477 4668 ἀτόπους
1519 4604 1707 4662 αίκίας
1733 4603 1885 4671 ἐτρά·

2001 4611 2168 4671 tibus,
2196 4620 2256 4664 ut
2279 4609 2481 4664 eadem
2503 4610 2553 4664 ei
2593 4625 2829 4679 quoque.
2861 4608 2966 4662 nisi
2995 4609 3238 4663 oblatum
3269 4610 3563 4680 imperium

311 4731 504 4769 παντο,
555 4710 797 4777 οίόμενοι
851 4705 928 4775 μὴ
961 4699 1075 4756 οίόν
1120 4717 1180 4754 τε
1224 4697 1367 4752 εἶναι
1401 4696 1648 4752 ὕποίσειν
1678 4696 1852 4757 αὐτάς
1879 4711 1893 4725 ·

314 4804 461 4875 μηδέ
489 4800 600 4870 γὰρ
630 4798 696 4850 ἀν
726 4797 823 4848 καὶ
854 4795 955 4862 τῆς
999 4791 1217 4861 φύσεως
1247 4789 1348 4842 καὶ
1380 4787 1477 4858 τῆς
1501 4787 1722 4857 ἡλικίας
1751 4783 1897 4836 οὕτω

312 4891 753 4966 περιφρονῆσαι.
789 4886 903 4949 Καὶ
930 4884 1042 4937 τῶν
1075 4881 1265 4938 δεινῶν
1297 4897 1360 4950 γε
1396 4881 1760 4949 κατήρχοντο,
1797 4880 1896 4929 σὺν

312 4984 585 5054 εὐλαϐείᾳ
627 4981 726 5033 καὶ
776 4977 953 5047 φειδοῖ
996 4990 1103 5028 τινι
1148 4971 1343 5042 πεῖραν
1374 4971 1764 5041 προσάγοντες.
1807 4968 1898 5030 Ὠς

309 5083 365 5135 δὲ
404 5081 503 5132 καὶ
553 5076 638 5128 ἐτι
667 5070 946 5141 πρόθυμος
977 5069 1070 5120 ἐπὶ
1121 5065 1334 5127 τούτοις
1367 5058 1456 5136 ἦν,
1500 5062 1652 5124 τέλος
1683 5061 1898 5129 διόμνυ-

313 5173 445 5228 σθαι
487 5159 938 5236 κατηνάγκαζον,
959 5156 996 5230 ἧ
1031 5157 1138 5228 μὴν
1170 5156 1337 5209 πιστά
1365 5153 1620 5228 φυλάξειν
1645 5152 1897 5212 ἐκείνοις,

313 5267 412 5316 καὶ
469 5261 669 5329 ἄρχειν
719 5254 1053 5325 ἀρχόμενον,
1112 5249 1337 5320 κρατεῖν
1389 5264 1446 5299 τε
1496 5244 1895 5318 κρατούμενον,

312 5353 415 5410 καὶ
463 5347 829 5416 δουλούμενον
876 5341 1161 5407 δεσπόζειν
1208 5334 1243 5413 ᾗ
1286 5337 1586 5409 βούλοιντο.
1633 5337 1791 5390 Ὅσοι
1841 5335 1898 5388 δέ

312 5437 705 5510 ταξιάρχαι,ἢ
747 5434 992 5504 λοχαγοὶ,
1021 5434 1116 5486 καὶ
1155 5432 1448 5502 χιλίαρχοι,
1501 5429 1533 5500 ἢ
1571 5427 1898 5489 ἐκατοστύος

314 5539 346 5604 ῆ
377 5532 614 5592 δεκάδος
649 5526 792 5600 ἦσαν
826 5527 1216 5595 κατάρχοντες,
1255 5525 1496 5585 ἐκείνους
1528 5523 1680 5591 σφῶν
1719 5520 1902 5574 αὐτῶν

317 5624 770 5685 ἀπελαύνοντες,
833 5619 924 5682 οὓς
999 5619 1191 5688 ἢθελον
1260 5616 1732 5686 ἀντεχειροτόνουν
1799 5614 1900 5676 τὰς

319 5719 493 5787 ἀρχάς
544 5715 971 5781 ἐπιτρέποντες·
1025 5713 1117 5762 καὶ
1171 5709 1473 5777 ἀναφανδὸν
1518 5710 1574 5770 ἐς
1620 5707 1720 5777 τὴν
1751 5705 1903 5774 βατι-

321 5810 473 5863 ὶείαν
507 5805 836 5876 ἐξύϐριζον·
872 5804 969 5857 καὶ
1000 5805 1292 5872 πραότεροι
1337 5800 1439 5870 μὲν
1465 5800 1572 5852 τῶν
1609 5799 1899 5870 βαρϐάρων

321 5905 433 5970 τοῖς
459 5897 750 5956 συντελέσι
793 5895 910 5952 τῶν
936 5897 1117 5968 φόρων
1161 5891 1302 5960 ἦσαν
1344 5896 1656 5964 γινόμενοι·
1686 5892 1902 5970 προμά-

1998 4701 2321 4769 susciperet,
2367 4701 2728 4756 minarentur.
2770 4699 2878 4755 Sed
2912 4702 3060 4755 enim
3096 4716 3221 4756 cum
3260 4701 3568 4758 Germanus

1997 4808 2056 4848 se
2087 4794 2154 4847 ad
2189 4794 2392 4848 caedem
2424 4793 2803 4862 perferendam
2839 4794 3044 4862 potius,
3077 4809 3239 4862 quam
3286 4794 3351 4847 ad
3388 4805 3572 4864 tyran-

1998 4885 2184 4940 nidem
2231 4885 2630 4955 suscipiendam
2676 4895 2922 4954 paratum
2964 4901 3086 4940 esse
3129 4887 3463 4949 ostenderet,
3498 4887 3566 4941 ad

1997 4977 2360 5033 contumelias
2429 4976 2818 5040 quasdam,et
2875 4976 3107 5030 verbera
3161 4977 3406 5046 indigna,
3468 4980 3569 5030 mia

2000 5070 2148 5125 nime
2203 5071 2354 5124 illum
2416 5085 2480 5124 ea
2530 5070 2869 5139 perlaturum
2923 5086 3088 5133 esse,
3126 5071 3270 5140 quod
3319 5086 3420 5124 nec
3474 5087 3570 5123 na-

2003 5174 2179 5216 turam
2248 5177 2351 5217 nec
2416 5173 2631 5216 atatem
2699 5163 2817 5231 ipse
2869 5180 3022 5216 suam
3079 5165 3149 5216 ita
3204 5163 3569 5232 despectnrus

1999 5263 2168 5318 esset,
2197 5254 2448 5309 arbitrati
2470 5264 2868 5308 convenerunt.
2899 5256 3084 5323 Etjam
3117 5255 3336 5323 injuriis
3369 5255 3568 5323 Magi:-

1999 5362 2103 5417 que
2133 5347 2313 5400 virum
2346 5345 2559 5401 allicere
2598 5356 2900 5414 cmperant,
2943 5362 3067 5400 eum
3120 5347 3386 5416 religione
3436 5363 3568 5416 qua-

1999 5438 2122 5491 dam
2158 5439 2374 5507 parcius
2418 5437 2484 5491 de
2523 5453 2590 5491 eo
2625 5437 2933 5506 periculum
2981 5438 3264 5494 facientes.
3295 5438 3430 5494 Cum
3463 5457 3563 5491 au-

2003 5536 2112 5580 tem
2177 5526 2431 5579 alacriter
2487 5526 2652 5580 etiam
2703 5535 2816 5581 tum
2865 5528 2922 5581 in
2975 5530 3245 5584 sententia
3303 5544 3400 5582 sua
3444 5546 3567 5599 per-

2002 5627 2300 5682 severaret,
2339 5617 2700 5686 jurejurando
2751 5623 2968 5673 tandem
2994 5620 3062 5674 ab
3095 5635 3161 5674 eo
3193 5631 3442 5689 accepto,
3496 5621 3562 5673 ad

2005 5710 2164 5762 tidem
2193 5709 2272 5761 eis
2307 5709 2629 5763 servandam
2664 5711 2814 5764 illum
2868 5727 3116 5783 coegere.
3166 5713 3256 5768 Sic
3304 5715 3414 5778 ille,
3459 5731 3560 5781 pro

2002 5820 2067 5856 eo
2093 5812 2256 5871 atque
2303 5803 2503 5856 milites
2545 5804 2788 5867 voluere,
2825 5806 3032 5861 invitus
3077 5808 3339 5876 imperata
3384 5809 3559 5860 facere

2005 5893 2247 5958 adactus,
2281 5892 2587 5963 imperavit.
2621 5893 2684 5948 Et
2717 5899 2969 5962 potestati
3003 5898 3274 5964 subditus,
3308 5909 3540 5966 potesta.
