4244 6438
674 430 771 497 35d

1892 419 2307 485 NICEPHORI
2348 417 2689 479 CALLISTI

3820 413 3925 476 35‘2

678 552 785 595 tem
825 540 1021 608 gessit,
1073 546 1234 604 atque
1270 536 1324 589 in
1376 537 1694 588 servitutem
1733 543 1959 595 tractus,
1996 531 2243 585 domina-
2271 531 2354 595 Α]

2234 531 2455 595 -Αχων
2503 527 2556 577 δὲ
2611 527 2889 587 πολιτείας
2942 528 2974 597 ἢ
3025 526 3415 598 συμμάχων,ῆ
3470 526 3582 588 πῶς
3640 526 3709 577 ἂν
3740 523 3910 581 ἄλλως

676 635 880 688 tionem
925 633 1066 701 apud
1105 646 1199 684 eos
1227 631 1497 683 exercuit.
1553 628 1882 695 Quicunque
1924 640 2054 677 vero
2087 631 2245 678 erant

678 720 935 772 ordinum
984 717 1262 780 ductores,
1322 717 1404 768 vel
1460 714 1725 783 prwi'eeti,
1758 717 1843 768 vel
1888 714 2116 775 tribuni,
2159 713 2245 766 vel

678 810 1049 871 eentariooes,
1110 809 1193 862 vel
1259 808 1609 868 decuriones.
1669 808 1752 862 eis
1816 808 2059 877 rejectis,
2116 807 2244 874 qui-

682 900 785 951 lms
816 898 918 967 ipsi
967 900 1168 951 milites
1202 899 1479 960 volebant,
1515 906 1808 967 potestates
1840 898 1976 951 tales
2019 898 2245 950 deman-

680 989 904 1048 darunt.
962 1000 1015 1044 et
1071 990 1360 1044 manifesto
1408 992 1459 1043 in
1516 991 1855 1058 majestatem
1908 990 2242 1060 imperialem

682 1080 1054 1147 deliquerunt.
1093 1082 1160 1135 Et
1208 1083 1457 1134 mitiores
1482 1082 1704 1149 quidem
1741 1082 1820 1135 illi
1866 1083 1918 1134 in
1950 1082 2246 1149 vectigales

679 1181 733 1222 et
772 1171 1087 1223 tributarios
1118 1160 1369 1240 populos,
1402 1188 1564 1239 quam
1614 1173 1837 1226 Barbari
1881 1189 2003 1226 esse
2042 1174 2243 1234 solent.

679 1260 854 1322 fuere,
902 1275 932 1313 a
961 1263 1463 1330 prOpugnatoribus
1520 1280 1671 1328 vero,
1723 1274 1817 1317 aut
1861 1265 2245 1318 defensoribus

681 1351 1017 1425 reipublicae,
1049 1362 1143 1406 aut
1169 1367 1279 1421 quo
1317 1355 1531 1408 tandem
1564 1370 1657 1409 eos
1690 1356 1913 1409 nomine
1939 1355 2246 1425 appellem?

679 1457 840 1507 quam
892 1443 1207 1512 longissime
1246 1445 1496 1500 abfuere.
1545 1446 1734 1514 Neque
1780 1448 1926 1501 enim
1970 1448 2246 1501 mensuris

680 1532 954 1599 aiiquibus
984 1544 1078 1587 aut
1109 1536 1372 1589 dimensis
1406 1537 1746 1591 frumentum
1788 1538 1893 1591 sibi
1931 1540 2241 1596 sumebant.

678 1631 771 1675 aut
817 1630 1001 1676 vetere
1041 1625 1430 1681 distributione
1474 1628 1717 1683 contenti
1769 1636 1946 1693 erant,
1993 1629 2246 1683 stationi-

678 1713 849 1767 busvc
874 1716 1174 1784 designatis
1210 1733 1267 1771 se
1301 1721 1675 1784 continebant,
1711 1721 1805 1773 sed
1862 1721 2007 1788 quod
2045 1721 2244 1788 cuique

679 1821 865 1857 eorum
897 1810 1184 1863 consilium
1213 1819 1268 1862 et
1301 1811 1554 1865 voluntas
1595 1827 1692 1864 sua
1730 1812 2022 1881 suggessit,
2061 1811 2115 1864 id
2144 1810 2241 1864 de-

682 1915 828 1953 mum
860 1900 1026 1971 824
1054 1902 1134 1955 fas
1161 1904 1465 1971 modusque
1513 1912 1569 1957 et
1609 1918 1867 1957 mensura
1907 1897 2045 1957 erat.
2088 1903 2248 1961 Hisce

2348 622 2581 687 εἴποιμι,
2618 618 2966 671 παντάπασιν
3012 617 3315 689 ἀλλοτρίως
3344 620 3642 670 διέκειντο·
3701 618 3775 683 μή
3809 632 3916 666 τιτι

2351 715 2569 779 μέτροις
2620 709 2652 778 ἢ
2703 712 2967 778 σταθμοῖς
3020 710 3119 773 τὰς
3179 710 3406 771 σιτὶσεις
3441 711 3658 770 ἑαυτοῖς
3696 706 3916 776 ποριζὸ-

2351 820 2523 871 μενοι,
2554 803 2584 869 ἢ
2616 804 2730 862 τοῖς
2770 805 2834 855 ὲκ
2883 802 3117 857 παλαιοῦ
3146 801 3663 869 ηάπονενεμημένοις
3711 799 3916 868 ἀρκού-

2350 912 2502 963 μενοι
2526 913 2539 925 ·
2568 895 2684 948 ἀλλ’
2712 896 2740 947 ὃ
2770 912 2823 947 τι
2854 895 2920 947 ἂν
2948 898 2979 964 ή
3006 895 3198 965 γνώμη
3232 896 3326 947 καὶ
3359 896 3390 963 ἡ
3420 892 3676 963 βούλησις
3703 892 3916 958 ἑκάστῳ

2345 995 2602 1065 ἠγόρευε,
2641 993 2849 1056 τούτοις
2896 993 3094 1062 θεσμὸς
3138 994 3232 1045 καὶ
3268 990 3659 1059 νενομισμένον
3717 990 3916 1058 μέτρον

2347 1087 2629 1157 ἐτύγχανε.
2678 1086 2940 1148 Βασιλεὺς
2992 1086 3048 1137 δὲ
3090 1083 3269 1137 ταῦτα
3324 1084 3536 1153 μαθὼν,
3569 1083 3749 1143 καλῶς
3796 1082 3915 1134 δια-

2348 1178 2520 1230 θεῖναι
2554 1177 2726 1232 ταῦτα
2752 1177 3080 1230 Φιλιππικὸν
3122 1178 3212 1229 τὸν
3238 1174 3509 1245 κηδεστὴν
3555 1172 3712 1234 αὖθις
3744 1171 3915 1237 επεμσ

2348 1288 2449 1322 πεν
2472 1287 2486 1301 ·
2518 1270 2576 1321 ὃν
2614 1272 2774 1339 μήτοι
2809 1285 2872 1335 γε
2919 1266 2947 1318 δ
2994 1269 3223 1337 στρατὸς
3248 1267 3348 1319 οὐκ
3375 1266 3626 1329 ἐδέξαντο
3648 1280 3660 1292 ·
3694 1266 3915 1330 ὅσῳπερ

2348 1363 2439 1414 καὶ
2491 1363 2646 1415 ἅτινα
2704 1361 3002 1429 προσήκειν
3047 1360 3243 1427 ἐκείνῳ
3299 1358 3331 1427 ἢ
3387 1357 3536 1425 γένει
3594 1356 3625 1424 ἢ
3674 1352 3915 1407 διαθέσει

2345 1451 2609 1517 ἔγνωσαν.
2653 1452 2711 1502 ὲν
2755 1454 2868 1513 τοῖς
2901 1450 3148 1521 ἐσχάτοις
3179 1448 3244 1502 ἂν
3280 1448 3483 1517 ὑπέσχε
3513 1445 3605 1498 τὸν
3649 1444 3912 1500 κίνδυνον,

2346 1547 2394 1595 εί
2441 1543 2515 1613 μὴ
2571 1543 2739 1609 σιγῶν
2782 1542 3030 1595 διετέλει.
3080 1543 3202 1593 Τῶν
3252 1541 3310 1593 δὲ
3364 1537 3711 1608 πραγμάτων
3740 1534 3914 1591 οὕτως

2344 1634 2707 1704 ᾑωρημένων,
2740 1633 2989 1687 ἐπάνεισι
3022 1634 3121 1701 τῆς
3166 1628 3563 1701 βασιλευούσης
3608 1626 3915 1696 Γρηγόριος

2343 1725 2373 1775 δ
2403 1724 2500 1793 τῆς
2524 1724 2906 1787 Θεουπούλεως
2943 1724 3204 1794 πρόεδρος
3224 1725 3317 1776 τὸν
3348 1721 3685 1790 περίπυστον
3708 1720 3916 1769 ἐκεῖνον

2346 1815 2533 1881 ἀγῶνα
2578 1816 2898 1885 νενικηκὼς,
2938 1816 2996 1870 ὃν
3039 1816 3139 1869 οὐκ
3186 1815 3292 1868 ἄπο
3325 1812 3517 1882 καιροῦ
3566 1829 3655 1880 μοι
3708 1811 3920 1875 γένοιτο

2278 1872 2321 1926 Β
2349 1872 2595 1961 διελθεῖν.

679 1998 844 2050 rebus
892 2001 1144 2067 cognitis,
1206 2001 1504 2067 imperator
1551 2000 1915 2069 Philippicum
1968 2002 2244 2055 sororium
2285 2017 2467 2064 suum,
2523 2004 2615 2072 qui
2696 2018 2759 2056 ea
2812 2014 2960 2056 recte
3037 2002 3419 2064 constitueret,
3469 2001 3536 2054 ad
3618 1995 3918 2053 exercitum

678 2090 889 2142 remisit
920 2109 931 2141 :
965 2108 1124 2158 quem
1152 2100 1360 2145 tantum
1394 2092 1549 2146 abest
1585 2104 1645 2145 ut
1672 2095 1873 2147 milites
1906 2094 2238 2163 receperint,
2280 2102 2339 2146 ut
2404 2095 2723 2164 quicunque
2750 2095 2892 2149 inter
2955 2108 3052 2148 eos
3081 2093 3164 2146 vel
3210 2106 3412 2161 genere
3459 2089 3738 2144 hominem
3787 2101 3920 2139 con-

680 2184 908 2249 tingere,
962 2183 1047 2235 vel
1096 2183 1386 2237 alIectionc
1429 2184 1507 2237 illi
1563 2184 1705 2238 bene
1752 2185 1893 2238 velle
1939 2184 2282 2247 viderentur,
2323 2199 2654 2245 extremum.
2698 2186 2802 2240 nisi
2877 2200 2936 2240 se
2968 2185 3191 2239 silentio
3231 2192 3541 2247 tuerentur,
3565 2181 3803 2234 adierint
3835 2196 3923 2249 pe'

680 2276 938 2329 rieulum.
979 2275 1179 2328 Verum
1230 2276 1377 2328 enim
1420 2291 1551 2330 vero
1582 2291 1707 2329 cum
1775 2291 1835 2331 se
1884 2276 1957 2330 ita
2022 2292 2109 2331 res
2174 2277 2463 2343 haberent,
2499 2295 2563 2333 ex
2600 2280 2733 2333 urbe
2762 2279 3066 2347 imperante
3096 2276 3394 2346 Gregorius
3440 2276 3673 2329 antistes
3744 2274 3921 2326 Theo-

682 2374 961 2440 politanus
1006 2375 1285 2437 discessit,
1323 2373 1684 2429 celeberrimo
1718 2376 1808 2430 illo
1842 2376 2143 2432 certamine
2174 2391 2274 2446 per
2320 2376 2600 2432 victoriam
2668 2376 2986 2442 defunctus,
3017 2375 3163 2445 quod
3208 2376 3311 2431 hoc
3341 2375 3465 2429 loco
3490 2387 3923 2429 commemorare

680 2481 790 2522 non
828 2464 1272 2533 intempeStivum
1305 2464 1495 2519 fuerit.

1270 2578 1497 2635 CAPUT
1541 2579 1656 2634 XII;

683 2671 759 2724 De
783 2671 877 2725 lite
896 2674 1032 2724 inter
1062 2672 1319 2741 Asterium
1341 2680 1387 2721 ct
1408 2670 1719 2738 Gregorium
1742 2670 2012 2741 Thcopoh’s
2050 2675 2248 2741 episco-

855 2758 1016 2811 pum:
1045 2751 1091 2794 ct
1130 2750 1184 2794 ut
1209 2739 1486 2810 Gregorius
1514 2757 1729 2793 causam
1764 2739 2066 2798 obtinuerit.

752 2922 1001 2977 Asterius
1017 2922 1235 2990 quidam
1257 2937 1320 2975 ea
1357 2930 1677 2988 tempestate
1697 2919 1976 2974 Orientem
1999 2920 2243 2989 regebat.

683 3014 749 3067 Et
781 3030 912 3069 cum
943 3014 1225 3067 contentio
1259 3013 1307 3065 ei
1340 3029 1462 3066 cum
1509 3012 1771 3081 Gregorio
1824 3013 2244 3075 intercessisset,

684 3109 955 3174 principes
985 3106 1223 3158 civitatis
1246 3105 1465 3158 Asterie
1493 3104 1760 3167 faventes,
1802 3106 2027 3159 hostiles
2067 3113 2249 3171 partes

681 3208 812 3254 sunt
840 3199 1035 3252 set-uti.
1066 3198 1210 3250 Idem
1245 3212 1274 3249 a
1305 3212 1492 3265 magna
1522 3197 1704 3265 populi
1738 3208 1916 3265 parte,
1942 3205 1997 3249 et
2031 3196 2099 3249 ab
2126 3196 2249 3263 opi-

682 3292 877 3351 tieibus
895 3290 1123 3343 iactetur.
1152 3291 1255 3342 Pro
1291 3305 1348 3342 se
1380 3291 1523 3343 enim
1554 3293 1805 3359 quisque.
1838 3290 2064 3357 perinde
2086 3299 2250 3358 atque

682 3383 1057 3449 gravissimam
1117 3380 1375 3450 iujuriant
1434 3382 1757 3447 accepisset,
1818 3379 2118 3433 contendit.
2183 3379 2253 3433 Ει

685 3475 852 3542 plebi,
897 3482 955 3526 ut
983 3474 1287 3527 maledictis
1315 3473 1632 3541 pontiﬁcem
1670 3472 2073 3541 proseinderet,
2124 3488 2252 3540 per-

685 3567 912 3619 missum
951 3578 1037 3620 est
1074 3585 1085 3618 :
1143 3582 1363 3633 unoque
1398 3576 1620 3634 sumpto
1666 3565 1897 3618 consilio
1940 3563 2019 3617 illi
2058 3578 2251 3617 omnes

687 3660 739 3712 in
779 3658 881 3709 viis
916 3655 1151 3725 publicis
1185 3667 1236 3709 et
1267 3656 1495 3731 theatris
1526 3655 1959 3717 deambulantes,
1984 3652 2253 3707 conviciis

686 3764 805 3821 qua:
836 3749 888 3802 in
927 3750 1243 3817 episc0pum
1280 3748 1742 3816 conjiciebantur,
1789 3760 1913 3799 cum
1956 3745 2070 3799 risu
2100 3745 2252 3798 laeta-

687 3843 904 3896 buntur.
950 3848 994 3894 Α
1025 3842 1221 3910 quibus
1271 3841 1435 3895 etiam
1482 3840 1682 3894 scenici
1720 3838 1822 3907 ipsi
1856 3854 1964 3892 non
2009 3838 2254 3891 abstine-

688 3938 836 3990 bant.
876 3934 949 3988 Ea
993 3949 1125 3988 vero
1157 3935 1223 3987 de
1252 3948 1415 3986 causa
1452 3933 1801 4000 magistratus
1846 3929 2065 3984 Asterie
2092 3929 2253 3983 abro-

683 4039 879 4103 gatur:
905 4043 1144 4096 eumque
1166 4027 1401 4081 Joannes
1424 4025 1643 4093 quidam
1674 4024 2003 4092 imperatore
2024 4022 2253 4091 juhcnte

686 4118 810 4181 init,
861 4117 1219 4185 qumstionem
1256 4116 1458 4170 habere
1491 4116 1559 4167 de
1590 4115 1752 4167 rebus
1804 4113 1965 4164 motis
2014 4118 2070 4164 et
2120 4126 2253 4164 cau-

686 4224 800 4265 sam
852 4209 1163 4278 primariam
1205 4208 1453 4261 excitatae
1492 4205 1861 4260 contentionis
1916 4204 2250 4272 investigare

682 4304 870 4373 jussus
904 4317 918 4353 :
948 4301 1031 4353 vir
1062 4315 1173 4353 non
1209 4300 1280 4352 ita
1313 4313 1571 4368 magnus,
1608 4313 1709 4351 nec
1756 4296 2050 4350 admodum
2072 4297 2255 4349 consi-

685 4389 930 4452 deratus,
967 4398 1021 4442 et
1046 4388 1137 4456 qui
1166 4404 1273 4441 non
1311 4389 1471 4440 modo
1505 4388 1661 4440 talem
1696 4396 1751 4438 et
1781 4393 1984 4439 tantam
2020 4398 2245 4439 causam

687 4483 909 4535 minime
944 4480 1285 4549 dijudicare.
1342 4479 1438 4532 sed
1478 4493 1545 4531 ne
1583 4492 1803 4546 parvam
1840 4476 2060 4545 quidem
2096 4476 2250 4528 litem

2942 2577 3195 2632 ΚΕΦᾹΛ.
3229 2576 3331 2630 ΙΒ’.

2353 2671 2490 2738 Περὶ
2522 2670 2632 2739 τῆς
2654 2669 2881 2738 μεταξὺ
2917 2671 3219 2736 Ἀστερίου
3248 2669 3342 2739 καὶ
3404 2668 3741 2739 Γρηγορίίου
3812 2670 3921 2723 τοῦ

2425 2738 2808 2803 Θεουπόλεως
2833 2739 3123 2805 διαφορᾶς
3147 2753 3163 2767 '
3205 2738 3305 2791 καὶ
3333 2739 3414 2802 ὡς
3468 2738 3766 2804 ὑπερέσχε
3815 2740 3927 2805 τὴν

2421 2811 2598 2877 δίκην
2625 2812 2749 2876 Γρη
2759 2810 2971 2877 γόριος.

2435 2920 2713 2990 Ἀστέριός
2756 2938 2839 2983 τις
2888 2919 3193 2989 τηνικαῦτα
3243 2920 3545 2989 ἐτύγχανεν
3575 2920 3652 2973 ῶν
3700 2921 3798 2989 τὴν
3826 2922 3927 2989 τῆς

2352 3013 2471 3065 Ἕω
2501 3011 2849 3081 διαχειρίζων
2878 3014 3075 3082 ἀρχήν·
3104 3013 3280 3083 ἔριδος
3305 3013 3363 3065 δέ
3386 3030 3528 3076 τινος
3560 3013 3763 3081 μεταξὺ
3779 3015 3924 3065 ὲκεί-

2353 3122 2445 3157 νου
2498 3107 2591 3157 καὶ
2631 3105 2669 3155 Γ
2675 3104 2933 3173 ρηγορίου
2984 3104 3422 3173 ὑπαναφθείσης,
3459 3104 3522 3156 τὸ
3571 3104 3672 3172 τῆς
3717 3105 3927 3167 πόλεως

2352 3198 2602 3264 ἔκκριτον
2628 3199 2709 3255 εἰς
2757 3196 3036 3264 ’Λστέριον
3068 3196 3262 3265 ρἐαν,
3294 3194 3432 3264 πρὸς
3475 3197 3772 3250 ἀντίπαλον
3814 3198 3925 3250 διε-

2353 3287 2516 3357 κρίθη
2554 3289 2769 3355 μοῖραν.
2804 3286 2919 3338 Οὐκ
2945 3286 3129 3353 ὀλίγον
3160 3287 3216 3338 δὲ
3249 3289 3346 3338 καὶ
3388 3286 3484 3340 τοῦ
3511 3288 3798 3357 δημώδους
3830 3290 3927 3341 καὶ

2350 3378 2475 3430 ὅσον
2503 3380 2635 3448 περὶ
2658 3378 2850 3445 τέχνας
2882 3370 3267 3445 προσελάϐετο.
3287 3377 3549 3431 Ἐκαστοι
3579 3379 3689 3447 γὰρ
3726 3374 3919 3447 ὥσπέρ

2351 3469 2652 3539 ἀνήκεστόν
2714 3486 2768 3521 τι
2819 3468 3015 3521 παθεῖν
3076 3468 3433 3523 διετείνοντο·
3500 3471 3595 3521 καὶ
3650 3471 3846 3537 ἠφίετο
3901 3475 3931 3522 ὀ

2351 3559 2522 3628 δῆμος
2576 3563 2667 3613 τὸν
2716 3563 2869 3630 ἱερέα
2900 3563 3245 3633 βλασφημεῖν
3274 3578 3289 3593 ο
3340 3564 3433 3615 καὶ
3471 3565 3605 3630 μιᾶς
3636 3564 3927 3632 γενόμενοι

2353 3654 2603 3721 γνώμης,
2639 3652 2694 3705 ἐν
2718 3671 2775 3704 τε
2807 3655 3104 3723 λεωφόροις
3145 3654 3241 3706 καὶ
3291 3657 3403 3715 τοῖς
3438 3653 3691 3723 θεάτροις
3730 3656 3929 3715 ἰόντες,

2352 3744 2475 3805 ταῖς
2524 3742 2664 3793 κατὰ
2711 3742 2805 3795 τοῦ
2864 3742 3055 3812 ἱερέως
3106 3741 3484 3812 βλασφημίαις
3520 3741 3927 3810 ἑπεγγελῶντες

2354 3835 2594 3904 ἔχαιρον,
2629 3835 2747 3888 οὐδὲ
2774 3835 2882 3887 τῶν
2920 3836 3028 3887 ἀπὺ
3063 3835 3175 3887 τῶν
3206 3835 3425 3903 σκηνῶν
3455 3836 3662 3889 τούτων
3691 3837 3933 3905 ἀποσχο·

2356 3928 2552 3996 μένων,
2585 3929 2682 3979 Διά
2726 3944 2809 3980 τοι
2841 3927 3012 3981 ταῦτα
3058 3928 3298 3981 παύεται
3340 3928 3441 3995 μὲν
3487 3929 3587 3997 τῆς
3632 3930 3934 3997 ἡγεμονίας

2366 4022 2683 4091 Ἀστέριος·
2744 4021 3001 4090 Ἰωάννης
3053 4021 3111 4074 δέ
3160 4037 3249 4083 τις
3306 4020 3441 4088 πρὸς
3474 4006 3594 4072 ’τοῦ
3663 4020 3935 4088 βασιλέως

2354 4112 2526 4183 αὐτὴν
2588 4112 2996 4182 ἔγχειρὶζεται,
3061 4114 3372 4178 κελευσθεὶς
3433 4114 3671 4184 ζητῆσαί
3740 4130 3799 4164 τε
3864 4115 3935 4166 τά

2356 4205 2672 4274 κινούμενα,
2706 4205 2802 4257 καὶ
2835 4205 2896 4257 τὸ
2936 4205 3036 4274 τῆς
3072 4205 3349 4276 συστάσης
3386 4204 3565 4274 ἔριδος
3619 4204 3936 4272 κεφαλαιω-

2354 4300 2641 4366 δέστερονο
2683 4299 2827 4369 ἀνὴρ
2870 4299 3104 4369 σμικρός
3145 4316 3203 4351 τε
3262 4299 3355 4352 καὶ
3388 4294 3805 4367 ὀλιγογνὼμων,
3832 4299 3935 4348 καὶ

2359 4393 2519 4459 μήτοι
2562 4408 2625 4458 γε
2671 4392 2769 4461 τὴν
2801 4391 3057 4461 τοιαύτην
3092 4397 3183 4444 καὶ
3226 4390 3495 4462 τοσαύτην
3528 4389 3792 4443 ὑπόθεσιν
3819 4385 3936 4451 οἷὸς

2356 4499 2416 4534 τε
2444 4482 2520 4534 ὢν
2563 4483 2861 4550 διακρῖναι,
2896 4482 3014 4537 ἀλλ’
3044 4483 3167 4536 οὐδὲ
3212 4483 3409 4552 μικρόν
3440 4500 3492 4535 τι
3537 4481 3765 4535 δικίδιον
3813 4481 3937 4533 δια-

686 4572 942 4630 decidere
991 4579 1087 4622 aut
1141 4570 1347 4622 certius
1364 4583 1694 4638 cegnoscere
1727 4577 1927 4636 posset.
1959 4566 2132 4620 Porro
2156 4564 2248 4619 ubi
2281 4571 2362 4641 DZ

2281 4583 2330 4641 ι)
2356 4570 2647 4636 λύσασθαι,
2670 4571 2703 4642 ἥ
2726 4572 2967 4640 ἁκριὸῶς
2998 4573 3314 4639 διαγνῶναι.
3348 4572 3569 4625 Πολλῶν
3593 4573 3650 4624 δὲ
3674 4570 3932 4640 θορύὸων

689 4664 877 4717 urbem
926 4663 1320 4716 Antiochenam
1372 4662 1580 4728 magnis
1628 4662 1890 4714 adversus
1945 4658 2248 4713 antistitem

690 4754 867 4811 turbis
907 4754 1174 4822 implevit,
1207 4761 1261 4805 et
1304 4752 1497 4806 edictis
1524 4751 1839 4820 propositis,
1865 4750 1910 4803 si
1939 4750 2061 4818 quis
2082 4762 2251 4816 expe-

692 4848 784 4903 riri
810 4847 936 4911 jure
974 4854 1162 4897 contra
1208 4845 1360 4896 illum
1400 4844 1584 4908 vellet,
1635 4859 1692 4897 se
1718 4858 1842 4896 eum
1877 4841 1943 4895 ad
1974 4840 2247 4911 agendum

691 4938 1057 4993 admissurum
1089 4952 1209 4989 esse
1236 4937 1619 5005 promulgavit,
1654 4950 1760 4987 non
1800 4935 2026 5002 exiguos
2055 4934 2252 4986 adver-

692 5044 784 5081 sus
837 5027 1136 5080 antistitem
1195 5026 1408 5078 libellos
1464 5042 1493 5078 a
1549 5025 1874 5093 quibusdam
1929 5024 2253 5092 argentaria:

694 5133 891 5175 mensa:
924 5117 1192 5185 praefectis
1230 5118 1439 5185 accepit
1469 5135 1481 5169 :
1539 5118 1593 5169 in
1623 5118 1824 5185 quibus
1846 5114 2144 5185 Gregorius
2172 5117 2253 5168 iu-

690 5207 1071 5267 simulabatur,
1119 5206 1263 5273 quod
1295 5223 1415 5259 cum
1448 5221 1635 5259 sorore
1685 5220 1803 5264 sua.
1848 5205 1967 5258 viro
1996 5205 2085 5258 alii
2118 5219 2252 5257 con-

685 5299 894 5369 juncta,
932 5314 1030 5367 per
1069 5300 1335 5353 incestum
1375 5299 1785 5363 consuevisset;
1820 5304 2082 5366 praeterea
2108 5295 2254 5366 quod

690 5391 904 5448 felicem
936 5392 1294 5459 pacatumque
1342 5391 1495 5444 urbis
1525 5401 1722 5443 statum
1756 5404 2002 5459 persaepe
2034 5398 2255 5457 pertur-

696 5484 895 5537 basset.
929 5482 1182 5539 Sedenim
1230 5482 1300 5535 de
1360 5481 1579 5535 civitate
1635 5482 1851 5534 turbata
1902 5483 2111 5535 crimen
2154 5482 2260 5535 sibi

697 5571 995 5643 obiectum.
1019 5591 1119 5643 pro
1148 5590 1214 5629 eo
1239 5583 1404 5642 atque
1437 5574 1636 5641 potuit,
1668 5573 1890 5626 refellit.
1923 5572 1996 5626 De
2030 5573 2261 5642 reliquis

694 5677 875 5723 autem
906 5668 1087 5721 causis
1119 5667 1183 5717 ad
1234 5665 1503 5735 judicium
1540 5673 1595 5719 et
1625 5666 1995 5734 cognitionem
2032 5667 2261 5732 impera-

696 5759 831 5813 loris
860 5767 911 5812 ct
944 5758 1130 5827 synodi
1174 5758 1507 5824 provocavit.
1534 5758 1697 5827 825
1737 5758 1922 5825 Itaque
1946 5757 2251 5812 Constanti-

700 5851 937 5919 nopolim
968 5865 1185 5904 causam
1217 5849 1465 5904 dicturus
1506 5851 1667 5904 venit.
1695 5852 1913 5905 AlIucre
1945 5850 2019 5903 ibi
2041 5850 2251 5919 judicio

2349 4665 2450 4730 τὴν
2482 4662 2754 4731 Ἀντιόχου
2785 4662 2926 4714 κατὰ
2949 4660 3045 4714 τοῦ
3075 4664 3266 4733 ἱερέως
3292 4663 3603 4733 ἐμπλήσας,
3637 4664 3938 4734 προγράμ-

2356 4756 2504 4824 ματά
2529 4772 2588 4807 τε
2616 4755 2973 4823 ὕφαπλὼσας,
3003 4756 3057 4807 εἴ
3079 4772 3165 4817 τις
3187 4759 3327 4809 κατὰ
3356 4755 3450 4808 τοῦ
3476 4755 3575 4825 τῆς
3599 4755 3937 4826 Ἐκκλησίας

2353 4850 2619 4917 προέδρου
2652 4850 2895 4917 βούλοιτο
2923 4848 3126 4915 λέγειν,
3155 4849 3375 4912 ἕτοιμον
3400 4843 3543 4900 εἶναι
3576 4848 3933 4917 προσίεσθαι,

2351 4939 2453 4989 οὐκ
2488 4937 2775 5008 ἐλαχίστας
2828 4937 3048 5005 γραφάς
3096 4936 3217 4989 κατ’
3265 4936 3478 4988 ἐκείνου
3527 4936 3742 5005 ἐδέχετο
3778 4937 3939 5002 παρά

2354 5047 2517 5081 τινων
2546 5029 2827 5098 τραπέζης
2858 5030 3138 5104 ἀργυρίων
3172 5029 3592 5097 προεστηκότων
3618 5046 3632 5059 ·
3664 5027 3721 5079 αἰ
3763 5045 3941 5095 κατη-

2357 5123 2575 5191 γόρουν,
2603 5123 2678 5185 ὡς
2708 5123 2791 5191 εἴη
2816 5122 3117 5191 Γρηγόριος
3145 5123 3208 5191 τῇ
3249 5122 3353 5191 toi;
3379 5122 3667 5188 ὲπιμανεὶς
3696 5119 3933 5189 ἀδελφῇ,

2357 5213 2511 5280 ἀνδρὶ
2554 5213 2648 5264 καὶ
2694 5212 2866 5263 ταῦτα
2894 5212 3065 5280 ἑτέρῳ
3111 5211 3518 5282 συνῳκισμένῃ.
3551 5211 3694 5279 Πρὸς
3726 5211 3785 5262 δὲ
3843 5211 3942 5262 καὶ

2357 5305 2433 5365 ὡς
2455 5304 2540 5372 εῐη
2565 5307 2633 5373 τῇ
2661 5304 2753 5371 τῆς
2802 5304 3010 5364 πόλεως
3039 5304 3297 5373 εὐετηρίᾳ
3331 5303 3613 5371 πολλαχῶς
3662 5304 3940 5370 διαλυμη-

2359 5396 2612 5463 νάμενος.
2656 5396 2818 5448 Ἀλλά
2869 5393 2996 5462 περὶ
3049 5396 3149 5465 μὲν
3181 5396 3283 5461 τῆς
3333 5396 3514 5464 λύμης
3565 5395 3642 5458 ὡς
3698 5397 3827 5459 ἐνῆν
3878 5394 3941 5445 τδ

2362 5487 2615 5556 ἔγκλημα
2642 5485 2953 5541 ἀπεδύσατο
2978 5502 2992 5515 ο
3040 5486 3168 5554 περί
3198 5503 3261 5554 γε
3297 5487 3405 5557 μὴν
3423 5487 3529 5538 τῶν
3566 5486 3745 5538 ἄλλων
3779 5484 3943 5554 pact»

2361 5580 2457 5632 λέα
2493 5595 2552 5630 τε
2599 5580 2691 5630 καὶ
2742 5580 2840 5647 τήν
2896 5576 3113 5630 σύνοδον
3158 5578 3351 5646 κριτὰς
3402 5579 3499 5630 καὶ
3553 5577 3940 5645 διαγνώμονας

2367 5670 2645 5722 ἐπεκάλει.
2680 5669 2790 5721 Καὶ
2835 5668 2898 5733 δὴ
2936 5669 3077 5721 κατὰ
3110 5670 3210 5735 τὴν
3254 5668 3521 5737 βασιλέως
3556 5663 3747 5736 γέγονε
3782 5669 3943 5720 πόλιν

2367 5764 2463 5822 τὰς
2496 5760 2791 5827 ἀπολογίας
2831 5759 3060 5826 ὑφέξων.
3093 5759 3351 5829 Παρῆσαν
3394 5760 3449 5811 δὲ
3487 5742 3577 5813 καί
3627 5762 3677 5812 οῑ
3705 5760 3949 5813 ἑκαστα-

2369 5852 2464 5921 χοῦ
2538 5852 2874 5920 πατριάρχαι
2933 5853 2998 5920 τῇ
3054 5852 3280 5922 τοιαύτῃ
3339 5852 3669 5922 συζητήσει·
3740 5855 3791 5905 οι
3842 5855 3945 5922 μὲν
