4244 6438
753 413 856 481 355

742 622 942 675 lectulo
972 619 1242 672 sublatum
1274 615 1404 667 fune
1432 611 1796 672 demiserunt,
1837 623 1960 661 eum
2007 608 2149 660 alius
2193 618 2305 659 ter-

742 730 816 766 ne
839 722 1018 765 motus
1050 710 1226 763 locum
1255 707 1420 760 alium
1451 703 1624 757 ruinis
1651 702 1716 755 ad
1742 702 1795 755 id
1824 698 2189 770 patefecisset.
2210 714 2306 767 per

738 819 901 872 quem
932 800 1236 871 periculum
1268 797 1567 852 imminens
1590 796 1922 864 ell'ugerunt.
1947 793 2064 845 Alia
2087 806 2305 861 quoque

740 909 828 946 res
875 891 1133 945 salutaris
1167 888 1287 941 urbi
1326 884 1549 949 accidit,
1591 884 1829 950 benigno
1866 889 1923 934 et
1959 878 2301 933 miseriCordi

739 987 850 1041 Deo
881 977 1124 1039 bonitate
1170 990 1226 1033 et
1257 980 1483 1033 lenitate
1511 992 1608 1031 sua
1661 975 1839 1028 minas
1880 973 2301 1042 comprimente,

739 1077 1220 1142 miseratimiisquc
1275 1082 1332 1127 ct
1391 1067 1778 1124 misericordia:
1832 1066 1981 1133 virga
2033 1064 2305 1132 castigare

740 1172 1020 1225 hominum
1063 1168 1195 1221 vitia
1256 1171 1553 1219 statuente.
1602 1160 1738 1215 Nam
1794 1157 2003 1211 nullum
2051 1164 2302 1210 exortum

736 1273 821 1317 est
851 1260 1192 1321 incendium,
1225 1274 1350 1309 ettm
1378 1256 1600 1323 quidem
1628 1253 1832 1305 multus
1854 1249 2056 1317 ubique
2089 1248 2141 1300 in
2170 1247 2302 1299 urbe
2342 1318 2345 1321 _

742 1360 886 1407 esset
921 1353 1079 1421 ignis.
1136 1350 1190 1401 in
1227 1348 1363 1403 locis
1413 1348 1545 1415 ipsis
1601 1344 1833 1406 scilicet,
1877 1340 2212 1406 priVatisque
2246 1345 2303 1390 et

739 1444 971 1513 publicis
1022 1442 1288 1503 lucernis,
1334 1438 1676 1497 loruat‘ibtls,
1720 1434 1953 1495 balneis,
1989 1431 2191 1484 culinis
2247 1438 2303 1480 et

736 1536 969 1590 ollieinis
1003 1534 1147 1596 aliis,
1202 1533 1254 1585 in
1291 1531 1492 1599 quibus
1523 1529 1749 1596 Opiﬁces
1792 1539 1937 1579 artes
1983 1538 2111 1576 suas
2145 1535 2303 1575 exer-

736 1637 882 1682 cent.
911 1627 1063 1681 Multi
1098 1636 1279 1679 autem
1324 1638 1390 1675 ex
1423 1620 1590 1676 claris
1629 1629 1679 1673 et
1729 1616 2034 1687 insignibus
2072 1612 2205 1666 viris
2236 1627 2303 1663 ro

1969 393 2395 468 NICEPHORI
2435 402 2621 461 CALL
2636 401 2777 461 lSTl

745 534 885 598 ipse,
917 538 965 579 et
995 526 1086 594 qui
1122 524 1170 577 ei
1215 529 1412 593 praesto
1453 530 1610 574 erant
1644 535 1659 571 :
1693 516 1786 585 qui
1820 515 1997 585 ipsmu
2033 533 2138 569 una
2186 531 2309 569 rum
2339 577 2345 587 ε

2413 533 2520 569 των
2570 517 2597 565 ὑ
2611 513 2881 580 ηεξατ-αγσῦ
2892 531 3002 574 ντες

3879 393 3976 459 356

3064 506 3203 580 ἦσαν
3261 508 3536 561 κινῖὺνιςιν.
3595 508 3702 560 Καὶ
3749 507 3875 562 ἄλλο
3925 511 3979 559 δὲ

2415 609 2482 676 τῇ
2535 606 2688 658 πόλει
2750 608 3019 676 σωτήριον
3076 603 3389 670 ἐπεγένετο,
3440 601 3533 652 τοῦ
3592 600 3976 670 φιλανθρώπου

2415 694 2552 747 Θεοῦ
2617 696 2789 763 φειδοῖ
2841 695 2939 765 τὴν
2988 694 3220 762 ἀπειλὴν
3278 690 3631 760 ἁναῖχόντος,
3687 688 3870 741 οἴκτου
3922 704 3979 739 τε

2414 789 2595 858 κλάδῳ
2619 790 2712 841 καὶ
2739 788 2890 842 ἐλέου
2934 787 3273 857 σωφρονίσαι
3306 786 3404 854 τὴν
3444 786 3642 837 κακίαν
3683 782 3980 852 προελομέ-

2414 898 2526 932 νου.
2564 880 2701 932 Οὖδὲ
2740 882 2849 947 γάρ
2878 896 2961 940 τις
3008 878 3337 947 ὲίιπρησμδς
3368 877 3636 945 ἐγεγόνει,
3680 877 3775 928 καὶ
3809 874 3981 927 ταῦτα

2404 992 2452 1024 .1:
2485 972 2608 1026 λλοῦ
2659 972 2831 1038 πυρὸς
2876 971 3189 1039 ἁπανταχοῦ
3238 972 3306 1041 τῇ
3354 969 3503 1022 πόλει
3554 970 3768 1031 ἐνόντος
3815 968 3879 1020 ἐκ
3922 979 3980 1019 τε

2409 1062 2519 1114 τῶν
2567 1061 2839 1131 ἐσχαρῶν,
2892 1062 2987 1114 καὶ
3030 1062 3143 1114 τῶν
3193 1061 3391 1113 κοινῶν
3445 1076 3505 1111 τε
3555 1061 3649 1111 καὶ
3696 1057 3981 1111 ἰδιωτικῶν

2410 1152 2639 1223 λύχνων,
2670 1154 2780 1204 τῶν
2805 1169 2863 1205 τε
2897 1154 3133 1220 πνιγὲων
3177 1153 3273 1204 καὶ
3324 1150 3645 1220 βαλανείων,
3676 1148 3979 1201 ὀπτανείων

2408 1262 2466 1296 τε
2516 1248 2609 1298 καὶ
2650 1245 2827 1298 ἄλλων
2871 1247 2971 1297 ὅσα
3032 1246 3160 1314 περὶ
3207 1246 3304 1314 τὴν
3358 1245 3629 1315 βέναυσον
3676 1243 4011 1319 ἡσχόληται.

2407 1339 2625 1407 τέχνην.
2660 1337 2851 1390 Πολλοὶ
2873 1338 2929 1389 δὲ
2964 1339 3057 1390 καὶ
3089 1336 3196 1388 τῶν
3230 1338 3522 1404 ἐπισήμων
3555 1336 3650 1389 καὶ
3680 1334 3977 1400 ἀξιολόγων
4007 1322 4019 1388 ἕ

2859 1432 3143 1497 σεισμοῖςο
3188 1423 3263 1482 ὧν
3308 1426 3387 1492 εἷς
3422 1425 3488 1498 ἦν
3540 1431 3627 1481 καὶ
3672 1431 3700 1481 ὁ
3748 1427 3978 1497 πρόσθεν

2974 1519 3270 1589 Ἀστέριος,
3334 1518 3494 1589 ἔργον
3560 1519 3669 1571 τῶν
3738 1515 3978 1583 σεισμῶν

2406 1431 2651 1483 ἑάλωσαν
2692 1434 2801 1492 τοῖς

2405 1521 2438 1588 ἡ
2448 1523 2537 1587 {Liv
2606 1537 2623 1569 ε
2637 1521 2729 1588 Lar,
2738 1521 2896 1587 μένος

2404 1608 2612 1676 γεγονὼ
2624 1631 2662 1670 ς.

738 1733 899 1776 terrae
951 1732 1099 1773 motu
1140 1718 1485 1770 interierunt.
1522 1716 1765 1779 anrum
1822 1726 1963 1764 unus
2012 1708 2176 1763 etiam
2212 1705 2335 1771 iuit,
2391 1720 2556 1774 quem
2598 1706 2763 1774 paulo
2821 1718 2948 1763 ante
2993 1709 3258 1771 diximus.
3295 1704 3567 1769 Asterius,
3597 1704 3977 1759 conenssioni-

736 1816 840 1870 bus
873 1812 1133 1884 ejusmodi
1166 1820 1219 1863 et
1250 1812 1407 1863 ruina
1435 1810 1803 1861 exanimatus.

1184 1914 1188 1918 ’
1315 1926 1535 1981 caper
1583 1923 1721 1978 xw.

741 2021 805 2076 Ut
844 2022 1035 2075 milites
1101 2024 1386 2075 militarcm
1437 2020 1769 2081 disciplinam
1818 2015 2169 2083 reiiqucrint:
2231 2015 2301 2066 ad

805 2108 930 2159 quos
963 2099 1269 2159 imperator,
1298 2102 1350 2140 ut
1383 2105 1465 2141 eos
1496 2105 1560 2140 at.
1605 2086 1822 2156 ofﬁciunt
1852 2088 2097 2138 reducere
2122 2093 2300 2138 lenta-

806 2171 905 2224 γει,
928 2163 1235 2231 Gregorium
1265 2161 1422 2212 irrisit.

806 2276 985 2345 Atque
1023 2276 1174 2329 urbis
1220 2274 1392 2343 ipsius
1428 2271 1701 2341 publicam
1742 2269 1950 2323 cladem
2004 2268 2298 2338 imperator

736 2370 969 2435 pecunia
1019 2369 1139 2420 data
1186 2366 1391 2418 solatus
1435 2376 1539 2419 est.
1586 2363 1641 2416 lu
1679 2362 1922 2416 exercita
1955 2377 2082 2415 vero
2106 2362 2297 2415 eadem

732 2470 853 2515 erat
886 2460 1122 2514 defectio
1154 2470 1317 2527 atque
1366 2457 1595 2510 rebellio
1629 2471 1641 2508 :
1670 2456 1809 2508 adeo
1841 2465 1897 2508 ut
1927 2455 2138 2507 finitimi
2168 2453 2298 2506 Bar-

735 2552 851 2606 bari
902 2550 1189 2606 conlertim
1240 2562 1533 2603 excurrere
1588 2550 1643 2601 in
1691 2547 1986 2600 Romanam
2033 2545 2296 2600 ditionem

734 2643 1025 2697 auderent.
1064 2642 1389 2696 Persuasum
1430 2655 1668 2709 namque
1703 2640 1999 2704 habebant,
2035 2655 2115 2704 se,
2152 2639 2299 2708 quod

736 2734 848 2787 illis
877 2748 1037 2787 nemo
1056 2733 1270 2791 obviam
1300 2740 1564 2785 venturus
1591 2742 1755 2797 esset,
1786 2749 1853 2786 ex
1885 2732 2154 2785 sententia
2177 2746 2298 2799 quae

735 2824 937 2877 vellent
967 2824 1227 2877 facturos.
1261 2821 1481 2875 Atenim
1512 2820 1615 2875 boc
1672 2822 1753 2876 sic
1783 2821 1894 2876 illis
1918 2820 2296 2890 opinantibus,

731 2912 1044 2967 Germanus
1091 2927 1216 2966 eum
1275 2913 1356 2965 eis
1412 2926 1550 2979 quas
1600 2924 1784 2965 secum
1842 2910 2081 2964 habebat
2126 2910 2301 2978 cepiis

732 3005 999 3069 occurrit,
1027 3011 1082 3057 et
1123 3012 1270 3057 tanta
1322 3002 1644 3056 lortitudine
1682 3003 1861 3056 vietor
1910 3018 2006 3057 eos
2034 3004 2296 3069 concidit,

732 3106 797 3149 ut
836 3111 906 3149 ne
939 3094 1165 3151 nuntius
1194 3094 1413 3162 quidem
1462 3091 1633 3147 cladis
1676 3095 1797 3161 ejus
1842 3092 2024 3147 Persis
2078 3094 2297 3149 relictus

729 3186 919 3241 fuerit.
954 3186 1256 3256 Imperator
1282 3184 1372 3239 ubi
1411 3200 1530 3237 eam
1563 3198 1679 3237 rem
1711 3184 1989 3253 cognovit,
2017 3185 2178 3254 827
2208 3186 2293 3240 in-

2984 1914 3232 1970 ΚΕΦΛΛ.
3288 1914 3387 1970 1Δ’.

2420 2008 2512 2072 ’.Ως
2547 2007 2653 2061 τοῦ
2688 2009 2949 2076 στρατοῦ
2979 2008 3453 2075 agundam-tor.
3495 2011 3800 2074 ,βασιλεὺς
3839 2013 3979 2079 πέμ-

2479 2095 2611 2130 πων
2669 2079 3044 2145 Γρηγόριον,
3104 2080 3543 2147 μεταστρέφειν
3580 2081 3856 2148 ἐπειρᾶτο
3913 2082 3980 2135 τὸ

2479 2148 2842 2216 στράτευμα.

2490 2262 2648 2315 Ἀλλὰ
2701 2265 2760 2314 τὸ
2822 2262 2922 2332 μὲν
2980 2262 3080 2325 τῆς
3142 2262 3350 2327 πόλεως
3405 2264 3684 2335 πάνδημον
3725 2266 3897 2327 πάθος
3954 2268 3982 2319 ό

2407 2354 2665 2425 βασιὶεὶς
2743 2354 3183 2424 παρεμυθήσατο
3260 2358 3545 2427 χρήμασιο
3622 2360 3690 2411 τὰ
3766 2361 3822 2411 δὲ
3886 2362 3979 2412 τοῦ

2406 2445 2641 2513 στρατοῦ
2725 2446 2919 2514 ἐπίσης
2991 2442 3137 2515 εἶχεν
3204 2449 3692 2518 ἁποστατήσαντα,
3741 2450 3816 2513 ὡς
3885 2453 3982 2504 καὶ

2617 2541 2862 2606 γείτονας
2942 2538 3253 2608 βαρϐάρους
3335 2528 3530 2609 ἀόρόον
3607 2542 3977 2596 ὲπεισπεσεῖν.

2424 2629 2735 2682 Ἐπείοοντο
2770 2632 2877 2699 γὰρ
2911 2634 2984 2701 μή
3011 2649 3133 2685 τινα
3160 2632 3413 2701 ἐμποδὼν
3442 2633 3780 2703 καταστῆναι
3808 2635 3982 2703 πράτ-

2405 2738 2519 2773 τειν
2573 2719 2610 2773 ἃ
2657 2720 2971 2789 βούλοιντο·
3004 2722 3124 2776 ἀλλ’
3169 2724 3549 2792 ἀντιμέτωπος
3602 2725 3757 2779 ταῦτ’
3794 2727 3977 2797 οίομέο

2406 2832 2517 2877 νοις
2544 2813 2754 2877 τούτοις
2791 2814 2969 2866 ἔπεισι
3015 2814 3294 2884 Γερμανὸς
3327 2816 3426 2868 σὺν
3473 2818 3586 2880 τοῖς
3630 2817 3769 2888 ἀμφ’
3793 2819 3978 2873 αὐτόν.

2406 2906 2563 2960 Οὓ;ω
2605 2907 2663 2960 δὲ
2716 2907 3066 2974 κατακρὰτος
3113 2906 3280 2960 νικῶν
3328 2907 3674 2979 διέφθειρεν,
3727 2910 3801 2974 ὼς
3858 2912 3980 2981 μηδ’

2406 2997 2638 3064 ἄγγελον
2665 2998 2763 3067 τῆς
2796 2998 3080 3067 συμφορᾶς
3115 2997 3353 3068 Πέρσαις
3385 2999 3803 3069 ὑπολειφθῆναι.
3834 3002 3980 3054 Ἀλλ’

2405 3092 2435 3142 ὁ
2478 3088 2729 3157 βασιλεὺς
2772 3088 2944 3143 ταῦτα
2990 3088 3203 3159 μαθὼν,
3257 3091 3518 3160 μεγάλοις
3584 3094 3838 3162 χρήμασι
3890 3095 3981 3147 τὸν

2407 3178 2639 3248 στρατὸν
2687 3178 2968 3249 ἠμείϐετο.
3007 3180 3290 3234 Ἐντεῦθεν
3339 3180 3396 3234 δὲ
3443 3183 3723 3251 Γερμανὺν
3770 3183 3983 3251 ἀναγα-

2404 2540 2532 2600 τῦὺς

727 3287 949 3347 gentem
979 3279 1269 3347 pecuniam
1304 3276 1574 3331 exercitui
1617 3275 1864 3337 donavit,
1904 3284 1961 3330 et
1989 3275 2180 3331 ducem
2216 3266 2345 3346 ip-i

2405 3269 2535 3338 γὼν,
2587 3270 2682 3323 καί
2730 3287 2887 3334 τινας
2939 3272 3038 3323 σὺν
3084 3269 3237 3340 αὐτῷ
3268 3274 3348 3334 εἰς
3394 3273 3576 3341 κρίσιν
3607 3272 3837 3342 προῆγε.
3873 3275 3981 3327 Καὶ

731 3381 856 3420 sum
886 3366 1015 3420 inde
1042 3380 1166 3420 cum
1206 3366 1540 3434 quibusdam
1581 3365 1676 3435 qui
1720 3379 1847 3419 eum
1880 3380 1944 3419 eo
1991 3377 2147 3420 erant
2172 3382 2301 3421 evo-

731 3469 938 3523 catum,
996 3457 1049 3511 in
1092 3456 1360 3527 judicium
1407 3456 1689 3527 produxit.
1725 3454 1803 3511 lbi
1849 3457 2064 3527 judices
2109 3473 2300 3512 omnes

730 3549 951 3619 capitali
1011 3549 1133 3603 illos
1167 3549 1436 3618 supplicio
1484 3548 1941 3603 condemnarunt.
1990 3548 2299 3618 Imperator

735 3656 866 3695 vero
901 3657 1009 3694 non
1045 3641 1208 3694 modo
1240 3641 1295 3694 in
1332 3640 1453 3694 illos
1490 3656 1597 3693 non
1630 3639 2039 3705 animadvertit,
2069 3642 2161 3695 sed
2198 3642 2296 3694 ho-

717 3732 962 3788 .noribus
990 3732 1156 3787 etiam
1200 3745 1257 3785 et
1303 3731 1545 3800 praemiis
1586 3745 1683 3785 eos
1727 3730 2003 3801 dignatus,
2049 3731 2300 3807 benigni-

731 3832 951 3891 tateque
1005 3822 1111 3877 alia
1184 3822 1487 3876 liberaliter
1557 3832 1883 3891 prosecutus
1948 3831 2055 3877 est.
2121 3825 2298 3891 Atque

729 3928 856 3967 cum
891 3914 993 3965 boe
1020 3910 1077 3965 in
1105 3919 1249 3965 statu
1284 3926 1373 3964 res
1402 3910 1646 3965 Orientis
1677 3920 1846 3976 esset,
1876 3910 2085 3966 Abares
2122 3912 2209 3965 bis
2239 3912 2296 3966 in

730 4004 785 4059 id
823 4004 970 4074 quod
1003 4012 1228 4057 vocatur
1255 4002 1475 4071 Longus
1524 4017 1717 4057 murus
1757 4003 2105 4073 expeditione
2134 4006 2296 4067 facta,

729 4096 1082 4165 Singidonem
1132 4103 1188 4149 et
1237 4094 1583 4157 Anchialum,
1633 4093 2007 4165 Graeciamque
2055 4080 2295 4162 omnem,

729 4197 894 4257 atque
944 4186 1112 4242 urbes
1139 4193 1195 4240 et
1241 4186 1461 4241 castella
1501 4185 1608 4241 alia
1649 4197 2036 4257 expugnarunt
2085 4187 2299 4242 hostili-

730 4288 927 4348 terque
960 4279 1329 4348 diripuerunt.
1360 4279 1485 4334 aliis
1516 4279 1741 4348 quidem
1776 4281 1901 4349 igne
1933 4281 2295 4349 consumptis,

728 4370 850 4424 aliis
889 4380 1073 4425 autem
1102 4372 1384 4427 crudelem
1408 4374 1461 4425 in
1498 4371 1720 4426 modum
1742 4374 1941 4428 excisis
1969 4391 1983 4427 :
2011 4384 2297 4443 propterea

725 4459 872 4527 quod
907 4459 1018 4514 illis
1046 4461 1333 4515 resisteret
1362 4477 1547 4528 nemo,
1597 4472 1654 4517 et
1693 4463 1927 4517 maxima
1961 4478 2084 4534 pars
2114 4465 2299 4533 copia—

728 4564 849 4603 rum
878 4550 1200 4604 militarium
1230 4553 1285 4605 in
1319 4550 1543 4607 Oriente
1565 4562 1894 4607 moraretur.
1914 4553 2032 4619 Quo
2061 4556 2297 4624 impera-

728 4649 815 4693 tor
849 4638 1122 4695 Andream
1167 4640 1516 4711 imperalitnn
1558 4644 1857 4698 satellitum
1910 4644 2005 4714 qui
2052 4646 2290 4713 primum

728 4730 1023 4799 praiectus
1053 4731 1181 4796 luit,
1215 4732 1386 4800 misit,
1418 4733 1511 4803 qui
1539 4735 1828 4800 exercitui,
1862 4744 1922 4789 ut
1959 4737 2172 4804 priores
2200 4753 2294 4791 or-

724 4823 1227 4880 dinumlductores
1272 4834 1328 4880 et
1377 4827 1667 4895 prtefectos
1720 4842 1914 4882 rursus
1960 4829 2286 4898 reciperent,

724 4916 1105 4984 persuaderet.
1134 4915 1390 4973 Sedenim
1425 4933 1547 4972 cum
1601 4919 1805 4975 milites
1835 4920 2087 4974 mandata
2118 4937 2181 4974 ea
2224 4937 2291 4976 ne

725 5006 915 5061 audire
958 5008 1180 5077 quidem
1233 5011 1592 5075 sustinerent,
1647 5012 1943 5081 Gregorius
2000 5028 2118 5066 eam
2175 5030 2287 5067 rem

724 5098 1026 5166 expedivit.
1064 5098 1197 5154 Erat
1227 5101 1503 5170 siquidem
1534 5104 1613 5156 vir
1645 5104 1711 5158 ad
1746 5119 1834 5159 res
1865 5106 2130 5160 maximas
2160 5122 2291 5159 ron-

726 5189 988 5247 iicieudas
1015 5192 1287 5247 idoneus:
1338 5204 1394 5249 et
1434 5197 1710 5251 exercitus
1745 5198 2065 5262 universus,
2119 5209 2177 5252 ιιι
2212 5201 2286 5253 ita

724 5282 925 5346 dicam,
957 5284 1189 5339 multum
1222 5287 1273 5341 ei
1307 5287 1660 5343 observantia
1698 5290 1865 5344 simul
1897 5302 1952 5345 et
1980 5296 2286 5347 reverentia

728 5373 975 5428 exhibuit
1004 5375 1290 5433 honorem.
1328 5379 1560 5445 Quidam
1595 5383 1742 5435 enim
1790 5384 2020 5452 pecunia
2065 5385 2185 5440 data
2218 5386 2287 5438 ab

727 5465 846 5532 ipso
877 5468 1153 5524 conciliati
1186 5468 1422 5535 fuerant,
1456 5473 1677 5542 quidam
1711 5484 1916 5529 vestem
1942 5488 2285 5544 acceperant.

725 5556 985 5613 Nonnulli
1020 5572 1148 5630 potu
1186 5563 1438 5633 ciboque,
1463 5575 1517 5619 et
1542 5566 1664 5620 aliis
1695 5567 1919 5636 insuper
1950 5569 2134 5630 rebus,
2167 5584 2288 5637 qu.e

726 5649 1041 5705 hominibus
1074 5654 1125 5706 in
1164 5664 1306 5708 terra
1349 5656 1527 5711 aliena
1580 5658 1906 5729 degentibus
1940 5661 2005 5712 ad
2044 5675 2201 5712 usum
2232 5669 2285 5712 et

724 5750 1106 5798 necessitatem
1138 5746 1433 5799 commoda:
1462 5756 1611 5811 sunt,
1663 5747 1881 5801 abunde
1904 5748 1973 5801 ab
2005 5763 2071 5801 eo
2096 5747 2283 5801 referti

726 5840 903 5887 erant.
934 5833 1075 5891 Tum
1106 5846 1313 5904 autem,
1339 5838 1652 5909 quicunque
1694 5839 1909 5897 delectu
1959 5838 2147 5895 babito
2187 5854 2282 5910 per

2403 3360 2611 3425 πάντες
2671 3360 2772 3430 μὲν
2824 3362 3028 3432 ἀθρόον
3081 3363 3313 3417 θάνατον
3379 3364 3609 3417 ἐκείνων
3667 3367 3983 3435 κατεψηφί-

2403 3470 2566 3507 σαντο
2587 3470 2603 3485 ’
2633 3454 2889 3523 βασιλεὺς
2914 3456 2974 3508 δὲ
3002 3456 3159 3509 τόσον
3189 3458 3288 3509 οὐκ
3315 3458 3635 3523 ἒκολάσατο,
3668 3459 3749 3512 ὅτι
3784 3476 3847 3526 γε
3882 3460 3979 3512 καὶ

2402 3546 2584 3615 γερῶν
2622 3547 2775 3616 ἠξίου
2807 3547 3083 3616 μεγάλων,
3112 3551 3207 3602 καὶ
3258 3549 3435 3611 ἄλλως
3482 3550 3980 3620 φιλοφρονούμενος

2400 3637 2655 3692 διετέλει.
2685 3637 2777 3692 Ἐν
2805 3638 3018 3704 τούτοις
3055 3640 3165 3692 τῶν
3215 3640 3399 3711 Ἐᾠων
3430 3641 3622 3708 ὄντων,
3656 3645 3705 3695 oi
3740 3642 3983 3712 ’Δσαρες

2399 3728 2479 3792 δἰς
2526 3733 2619 3785 ἐπὶ
2662 3732 2723 3784 τὸ
2770 3734 3105 3801 καλούμενον
3152 3734 3383 3803 Μακρὸν
3430 3735 3610 3803 τεῖχος
3642 3732 3743 3803 τὴν
3790 3733 3982 3785 ἔλασιν

2402 3825 2785 3893 ποιησάμενοι,
2818 3826 3121 3893 Σιγγηδόνα
3151 3842 3210 3877 τε
3256 3826 3351 3878 καὶ
3388 3824 3699 3896 Ἀγχίαλον,
3732 3826 3981 3880 Ἑλλάδα

2398 3934 2457 3968 τε
2490 3917 2825 3979 πᾶσαν,.καὶ
2876 3916 3060 3978 πόλεις
3106 3915 3275 3979 ἄλλας
3324 3917 3419 3970 καὶ
3467 3918 3707 3986 φρούρτα
3761 3916 3983 3987 πολιορο

2401 4007 2622 4071 κοῦντες
2648 4007 3135 4078 ἠνδραποδίσαντο,
3164 4009 3236 4062 τὰ
3278 4010 3379 4079 μὲν
3426 4011 3564 4079 πυρὶ
3597 4004 3997 4076 δαπανῶντες,’

2398 4100 2468 4153 τὰ
2507 4102 2563 4152 δὲ
2597 4101 2692 4153 καὶ
2723 4100 2960 4165 ἀφειδῶς
3005 4100 3439 4170 διαφθείροντες,
3473 4101 3684 4162 οὐδενὸς
3716 4102 3979 4156 ἀνθιστα-

2404 4191 2566 4257 μένου
2600 4189 2681 4258 τῷ
2715 4192 2787 4243 τὰ
2843 4191 3013 4244 πολλὰ
3047 4191 3156 4243 τῶν
3207 4193 3638 4262 στρατευμάτων
3666 4193 3975 4263 διατρίϐειν

2398 4281 2503 4333 ἀνὰ
2537 4282 2636 4352 τὴν
2665 4282 2742 4335 Em
2768 4298 2784 4315 ·
2836 4284 2924 4351 ἐφ’
2970 4283 3037 4353 ἢν
3083 4283 3337 4353 βασιλεὺς
3370 4282 3649 4353 ’Δνδρέαν,
3682 4286 3791 4338 τῶν
3820 4288 3983 4354 βασι-

2398 4372 2568 4425 λικῶν
2596 4374 2961 4428 ὑπασπιστῶν
3011 4378 3081 4428 τα
3132 4376 3326 4445 πρῶτα
3383 4377 3701 4445 γενόμενον,
3752 4377 3979 4449 ἔπεμπε

2399 4465 2579 4517 πειθοί
2624 4482 2734 4518 τινι
2781 4467 2874 4519 τὸν
2927 4467 3161 4536 στρατὸν
3218 4465 3596 4537 μεθελκύσειισ
3648 4469 3789 4522 ὥστε
3847 4472 3980 4532 τοὺς

2402 4556 2699 4626 προτέρους
2747 4556 3077 4627 ταξιάρχους
3127 4559 3224 4610 καὶ
3273 4560 3541 4626 λοχαγοὺς
3590 4559 3749 4623 αὖθις
3802 4562 3981 4614 εἰσδέ-

2401 4648 2621 4713 ξασθαι.
2683 4642 2782 4710 Οἷς
2830 4648 2949 4701 οὐδὲ
3005 4648 3199 4718 μέχρις
3254 4649 3410 4703 ὤτων
3466 4652 3870 4721 εἰσδεξαμένοις
3919 4657 3981 4707 τὸ

2400 4739 2725 4802 κελευσθὲν,
2780 4740 3066 4809 Γρηγορίῳ
3125 4740 3188 4793 τὸ
3250 4744 3486 4811 πρᾶγμα
3557 4743 3975 4808 διεσκευάζετο.

2398 4826 2522 4894 Οῗος
2576 4835 2686 4901 γάρ
2722 4848 2782 4884 τε
2824 4827 2893 4901 ἦν
2930 4834 3049 4907 ταῖς
3084 4832 3370 4904 ἀληθείαις
3420 4838 3487 4887 τὰ
3541 4835 3781 4904 μέγιστα
3822 4840 3980 4907 ἐξερ-

2398 4923 2673 4988 γάσασθαι
2696 4937 2711 4950 ⁸
2761 4923 2899 4976 ἀλλὰ
2944 4903 3039 4975 καὶ
3072 4924 3318 4992 σύμπαν,
3357 4925 3435 4987 ὡς
3481 4926 3677 4991 εἰπεῖν,
3712 4928 3775 4980 τὸ
3809 4903 3979 4998 στρα-

2397 5010 2621 5064 τόπεδον
2654 5006 3078 5083 πολλὴν’ὲκείνῳ
3121 5014 3365 5083 ἀπένεμε
3396 5015 3498 5085 τὴν
3533 5017 3699 5087 τιμὴν
3745 5019 3889 5072 αἰδοῖ
3912 5038 3973 5073 τε

2395 5101 2531 5170 ὁμοῦ
2557 5102 2652 5155 καὶ
2686 5088 3097 5173 σεδάσμιότιιτι.
3127 5106 3191 5157 Ol
3228 5106 3331 5174 μὲν
3366 5111 3476 5175 γὰρ
3518 5110 3799 5178 χρήμασιν
3831 5106 3976 5181 ἦσαν

2395 5196 2527 5263 παρ’
2561 5195 2773 5248 ἐκείνου
2810 5196 3160 5259 δεξιωοέντες
3185 5210 3202 5229 ⁸
3256 5200 3305 5250 oi
3357 5197 3403 5250 δ’
3456 5200 3685 5268 ἐσθῆτος
3718 5201 3978 5272 ἀπήλασα

2398 5303 2536 5338 σανο
2573 5286 2724 5340 ἄλλοι
2783 5288 2839 5340 δὲ
2893 5288 3119 5357 βρωτοῖς
3170 5304 3231 5342 τε
3296 5292 3387 5342 καὶ
3449 5293 3657 5360 πόμασι
3709 5294 3805 5345 καὶ
3856 5298 3974 5356 τοῖς

2395 5377 2576 5440 ἄλλοις
2622 5378 2721 5429 ὅσα
2782 5378 2919 5445 πρὸς
2968 5380 3160 5446 χρείαν
3209 5380 3521 5449 ὑπερορίοις
3550 5382 3817 5450 ἀνδράσιν
3848 5386 3976 5437 ἑπι-

2394 5470 2601 5538 τήδεια,
2656 5470 2905 5538 ἀφθόνως
2955 5472 3166 5541 ἐκεῖθεν
3210 5474 3465 5543 ἐτρύφων
3498 5489 3512 5502 ’
3543 5474 3719 5536 ἄλλως
3764 5492 3826 5528 τι
3872 5481 3975 5529 καὶ

2394 5561 2508 5613 ὅσοι
2537 5562 2601 5612 ἐκ
2640 5562 2942 5628 καταλόγου
2976 5562 3502 5632 στρατολογηοέντες
3538 5560 3702 5634 ἦσαν,
3728 5566 3798 5619 δι’
3828 5568 3978 5620 ὲκεί-

2392 5670 2485 5703 νου
2519 5652 2826 5723 παρῄεσαν.
2862 5654 2970 5707 Καὶ
3025 5656 3091 5724 δὴ
3142 5656 3337 5725 πρῶτα
3369 5656 3809 5727 ἀγγελιαφόρους
3840 5662 3973 5713 ἑκα-

2396 5745 2593 5814 σταχοῦ
2640 5746 2864 5814 πέμψας
2893 5750 3018 5811 τοὺς
3049 5748 3125 5815 τῷ
3173 5749 3390 5820 στρατῷ
3420 5752 3488 5804 τὰ
3523 5751 3717 5821 πρῶτα
3751 5752 3976 5805 τελοῦν-

2393 5854 2511 5905 τας,
2546 5837 2759 5907 ἀγείρει
2790 5840 2870 5921 ,ὲν
2919 5839 3210 5911 Διτάρδοις
3260 5843 3467 5914 χωρίῳ,
3525 5844 3759 5915 διέχοντι
3802 5845 3977 5897 Θεον-
