4244 6438
319 419 433 481 357

1192 420 1793 484 ECCLESIASTICE.
1834 423 2224 486 HISTORUF
2266 429 2410 492 LIB.
2461 432 2678 496 XVIII.

3480 446 3590 521 ιω

313 531 528 591 πόλεως
567 532 713 599 ἀμφὶ
759 530 1106 600 τριακοσίους
1169 533 1419 595 σταδίους
1450 547 1462 560 ·
1511 536 1641 603 παρ’
1676 528 1756 597 οἷς
1810 534 1904 585 καὶ
1936 549 1987 604 Α

1936 549 1987 604 Α
2014 548 2422 593 sacramentum
2458 542 2697 597 militare
2727 543 2780 598 in
2819 547 3126 618 catalogum
3152 554 3374 625 ascripti
3406 572 3580 627 erant,

312 624 478 684 αὐτὸς
495 624 827 692 γενόμενος,
844 626 1050 692 καίπερ
1076 624 1398 695 κλινοπετὴς
1422 626 1519 688 ὢν,
1536 625 1682 688 ἔλεξε
1706 626 1909 678 τοιάδεο

2023 645 2120 697 per
2154 632 2331 699 ipsum
2360 631 2412 685 ld
2440 635 2724 689 consecuti
2752 636 2988 694 fuerant.
3036 642 3105 697 Et
3130 646 3365 713 primum
3396 649 3486 704 ille
3514 656 3581 708 ad

311 714 433 770 loca
461 718 671 776 omnia.
715 716 925 769 nuntiis
967 718 1033 769 ad
1060 732 1157 771 eos
1189 717 1369 772 missis
1415 716 1505 786 qui
1541 719 1844 789 principem
1886 720 2067 775 locum
2110 724 2167 777 in
2216 728 2462 780 exercitu
2507 727 2851 793 obtinebant,
2884 733 3087 790 milites
3124 738 3178 792 in
3203 739 3464 807 Litarbis,
3492 761 3579 801 re-

310 808 479 877 gione
519 824 551 862 a
599 808 865 878 Thcopoli
907 810 1126 864 circiter
1157 819 1401 865 trecenta
1426 810 1599 865 stadia
1631 812 1890 879 distante,
1932 820 2304 887 congregavit.
2374 820 2456 876 Ad
2519 838 2658 891 quos
2698 838 2825 879 cum
2859 828 2976 897 ipse
3008 845 3226 903 quoque
3257 835 3457 895 deinde
3489 857 3581 898 vc.

308 906 509 970 nisset,
540 906 755 958 tametsi
790 905 844 958 in
868 903 1014 959 lecto
1043 905 1411 971 decumbens,
1437 907 1707 978 ejusmodi
1731 911 1895 965 verba
1938 912 2065 967 fecit
2097 930 2109 966 :

912 1044 1163 1098 ΚΕΦΑΛ.
1202 1046 1303 1100 1Ε’.

308 1138 653 1205 Δημηῇορία
680 1139 1017 1210 Γρηγορίορ
1043 1137 1150 1191 τοῦ
1183 1138 1565 1206 Θεουπόλεως
1611 1143 1763 1210 πρὸς
1786 1142 1895 1195 τὸν

780 1208 1136 1263 ἀποστάντα
1158 1212 1444 1277 στρατόν.

386 1342 405 1374 ι
454 1322 681 1392 Ἀνδρες
726 1320 989 1388 Ῥωμαῖοι
1038 1322 1133 1373 καὶ
1180 1322 1360 1388 λόγοις
1420 1324 1513 1376 καὶ
1546 1324 1891 1393 πράγμασιν,

301 1413 470 1483 ᾤμην
519 1414 622 1482 μὲν
671 1412 783 1481 ἐγὼ
833 1414 897 1465 έκ
952 1412 1152 1465 πολλοῦ
1208 1413 1304 1485 τὴν
1341 1414 1496 1483 ὑμῶν
1553 1414 1689 1484 πρὸς
1744 1418 1891 1484 ἡμᾶς

302 1508 535 1561 ἔσεσθαι
586 1507 808 1574 ἄφιξιν,
870 1509 982 1569 τοῖς
1033 1508 1374 1575 ὲπισυμὸἄσι
1429 1508 1614 1579 κοινὴν
1666 1511 1893 1580 γνώμην

300 1601 752 1671 ποιησομένους·
785 1600 878 1652 καὶ
912 1600 1110 1669 βουλὴν
1159 1601 1363 1670 ὑφῆναι
1415 1602 1513 1671 τῆς
1557 1604 1620 1656 ἐκ
1659 1604 1891 1659 παλαιοῦ

299 1697 523 1759 εὐνοίας
563 1697 710 1749 τοῦτ’
759 1698 1243 1767 ἐπαγγελλομένης
1271 1714 1285 1728 ο
1320 1699 1443 1769 ἥτις
1492 1699 1890 1763 ἀνενδοιάστως

298 1791 418 1848 τοῖς
470 1790 956 1858 προηγησαμένοις
1018 1791 1078 1843 τὸ
1127 1791 1345 1860 βέϐαιον
1410 1790 1597 1860 ἔσχεν,
1656 1793 1743 1845 ὅτε
1800 1795 1891 1845 τὸν

298 1882 701 1949 ἐπιγενόμενον
748 1884 878 1952 ὑμῖν
916 1884 1076 1937 σάλον
1128 1886 1239 1946 τοῖς
1275 1885 1605 1951 ἐπιτηδείοις
1654 1885 1890 1950 έδεξιού-

298 1990 441 2042 μην.
472 1973 616 2025 Ἀλλ’
666 1974 788 2026 ἐπεὶ
837 1974 899 2026 τὸ
944 1975 1104 2045 μέχρι
1141 1974 1237 2027 τοῦ
1280 1977 1550 2045 παρόντος
1586 1976 1887 2047 παρώφθη-

298 2083 430 2133 μεν,
459 2065 672 2119 ἄνωθεν
722 2068 855 2129 ῐσως
903 2066 978 2137 μὴ
1032 2070 1316 2138 ἐνδοσίμου
1363 2072 1764 2140 γεγενημένου,
1815 2072 1889 2133 ὡς

294 2157 370 2209 ἄν
396 2175 462 2225 γε
503 2144 710 2229 Πέρσαι
744 2160 847 2227 τὴν
890 2160 1182 2228 Ῥωμαίων
1232 2163 1455 2232 ἀνδρίαν
1486 2166 1684 2231 γνοῖεν,
1725 2182 1890 2218 κατα-

296 2251 785 2319 στρατηγηθέντες
824 2253 916 2304 ὑπ’
967 2253 1199 2323 ἀνδράσι
1254 2256 1423 2323 μήπω
1471 2257 1653 2326 μάχης
1697 2274 1890 2309 πεπει-

293 2342 567 2411 ραμένοις
601 2359 614 2373 ⁸
658 2343 718 2395 τὸ
776 2343 822 2397 δ’
852 2344 1126 2412 ἡμέτερον
1178 2348 1500 2415 ἀκραιφνῶς
1553 2347 1743 2401 εὔνουν
1794 2349 1886 2402 διὰ

290 2436 523 2489 πάντων
563 2438 865 2505 γνωσθείη.
901 2437 1123 2507 βασάνῳ
1170 2441 1518 2509 χρησάμενον
1562 2442 1639 2510 τῷ
1684 2444 1885 2513 καιρῷ,

289 2530 395 2581 καὶ
426 2531 539 2589 τοῖς
571 2529 753 2596 ἔργοις
791 2530 937 2597 μάλα
970 2534 1338 2600 μαρτυρηθέν·
1378 2532 1469 2585 καί
1499 2550 1562 2601 γε
1612 2535 1887 2602 δείξαντες

293 2622 456 2690 ἔχετε
488 2622 563 2684 ὡς
608 2624 703 2673 καὶ
750 2622 888 2690 πρὸς
918 2622 1046 2685 τοὺς
1077 2625 1465 2694 ἡγησαμένους
1504 2628 1659 2695 ὑμῶν
1696 2631 1885 2691 κακῶς

291 2704 581 2783 διετέθητε
614 2730 641 2749 ο·
685 2715 783 2767 καὶ
844 2713 1039 2776 οὕτως,
1084 2715 1239 2771 οὐδὲν
1307 2717 1437 2787 ὑμῖν
1514 2721 1623 2772 τῶν
1690 2721 1886 2773 κοινῶν

288 2808 767 2879 προίργιαίτερον
797 2824 812 2839 ·
868 2806 969 2874 ἄγε
1010 2806 1147 2873 δῆτα
1193 2808 1307 2875 εἴγε
1349 2809 1693 2877 βουλομένοις
1757 2813 1885 2881 ὑμῖν

287 2905 433 2966 ἐστι,
466 2903 624 2969 κοινῇ
664 2902 793 2968 περὶ
826 2900 937 2952 τῶν
971 2901 1262 2971 πρακτέων
1302 2902 1785 2972 διασκοπήσωμεν.
1823 2906 1882 2960 ’0

286 2994 535 3063 χρηστὸς
566 2992 726 3062 ήμῶν
780 2991 1034 3060 βασιλεὺς
1077 2993 1221 3063 ὑμᾶς
1260 2997 1672 3065 προσκαλεῖται,
1701 3001 1883 3069 ἀμνη-

287 3103 451 3139 στιαν
513 3087 625 3136 τῶν
688 3090 1174 3157 προηγησαμένων
1244 3090 1761 3159 ἐπαγγελλόμενος’
1823 3092 1883 3143 τὸ

288 3178 434 3246 πρὸς
484 3179 545 3230 τὸ
596 3178 875 3245 ὁμόφυλον
905 3180 1063 3248 ὑμῶν
1091 3180 1305 3247 εὔνουν,
1340 3185 1437 3235 καὶ
1474 3184 1573 3251 τὴν
1602 3188 1755 3255 παρὰ
1790 3188 1881 3240 τὸν

2620 1054 2844 1112 CAPUT
2876 1056 2990 1113 XV.

2002 1140 2186 1196 Oratio
2243 1141 2488 1215 Gregorii
2554 1145 2827 1230 Theopolis
2878 1153 3105 1223 episcopi
3156 1157 3227 1210 ad
3262 1160 3573 1227 defectam»

2434 1230 2439 1235 '
2634 1228 2937 1275 exercitum.

2076 1345 2095 1378 ‹
2133 1325 2246 1382 Viri
2274 1322 2345 1383 et
2401 1330 2583 1386 verbis
2618 1341 2672 1388 et
2733 1334 2898 1391 rebus
2942 1338 3073 1404 ipsis
3122 1342 3393 1409 Romani,
3432 1346 3575 1400 arbi-

2003 1426 2181 1474 tratus
2228 1422 2448 1491 quidem
2496 1439 2616 1478 sum
2664 1425 2872 1480 dudum
2920 1445 3017 1483 vos
3066 1432 3131 1484 ad
3183 1450 3267 1488 me
3312 1449 3576 1491 venturos

1997 1512 2192 1576 fuisse,
2250 1526 2310 1568 ut
2360 1516 2426 1570 de
2477 1517 2558 1570 eis
2605 1533 2726 1586 quae
2771 1520 3093 1576 acciderunt
3142 1525 3305 1582 rebus
3355 1544 3569 1584 mecum

1998 1605 2299 1659 sententias
2343 1608 2847 1672 communicaretis,
2888 1613 3291 1683 consiliumque
3343 1632 3574 1687 capere.

1997 1696 2087 1749 tis.
2125 1696 2293 1765 idque
2329 1708 2510 1761 vetus,
2556 1715 2677 1768 quae
2726 1701 2858 1753 mihi
2905 1703 3187 1759 vobiscum
3239 1707 3565 1770 intercessit,

1998 1786 2377 1841 benevolentia
2440 1790 2677 1858 pollicita
2737 1801 2820 1845 est
2861 1810 2875 1846 :
2918 1810 3038 1862 qua:
3095 1797 3318 1865 quidem
3377 1801 3570 1855 ofhciis

1994 1892 2123 1945 erga
2156 1895 2253 1933 vos
2284 1881 2559 1949 prioribus
2587 1896 2739 1938 certo
2768 1886 3088 1942 confirmata
3118 1898 3222 1954 est,
3250 1891 3419 1962 828
3442 1909 3564 1946 cum

1995 1973 2175 2026 navali
2228 1983 2408 2028 vestro
2458 1980 2648 2038 motui,
2692 1988 2745 2031 et
2795 1979 2888 2046 qui
2941 1994 3065 2034 eum
3114 1984 3438 2039 subsecutus
3482 1998 3567 2039 est

1996 2067 2276 2129 tumultui,
2314 2068 2477 2122 rebus
2514 2072 2842 2124 necessariis
2876 2072 3120 2141 praebitis
3152 2078 3424 2129 succurri.
3458 2076 3563 2131 Sed

1993 2160 2045 2213 id
2082 2161 2349 2214 hactenus
2399 2161 2605 2215 factum
2642 2177 2748 2214 non
2784 2175 2886 2227 est,
2922 2166 3066 2233 quod
3105 2167 3334 2221 fortasse
3367 2169 3564 2224 diebus

1992 2250 2375 2319 superioribus
2401 2251 2620 2305 occasio
2650 2254 2715 2304 ad
2743 2266 2862 2305 eam
2892 2269 3005 2307 rem
3039 2256 3267 2322 prmhita
3305 2271 3412 2309 non
3441 2257 3511 2310 sit
3545 2278 3559 2310 :

1989 2342 2197 2396 scilicet
2238 2351 2296 2395 ut
2334 2342 2511 2397 Persa:
2552 2357 2678 2398 vere
2720 2344 3089 2399 Romanorum
3160 2347 3560 2413 fortitudinem,

1988 2436 2060 2490 ab
2089 2438 2171 2490 eis
2202 2437 2336 2490 viris
2368 2437 2459 2506 qui
2505 2436 2645 2492 duce
2686 2448 2962 2504 carerent,
2997 2439 3124 2493 victi
3169 2450 3335 2509 atque
3373 2442 3560 2509 proﬂi-

1988 2530 2117 2599 gati,
2152 2531 2560 2600 perspicerent;
2593 2540 2755 2601 atque
2790 2541 2849 2585 ut
2881 2532 3095 2587 sincera
3125 2546 3304 2588 vestra
3334 2535 3386 2588 in
3419 2550 3563 2588 rem-

1991 2624 2261 2691 publicam
2291 2624 2669 2678 benevolentia
2705 2627 2969 2693 temporis
2991 2626 3402 2695 opportunitate
3432 2642 3560 2695 spe-

1988 2726 2152 2780 ctata,
2196 2734 2491 2788 rerumque
2536 2720 2775 2788 ipsarum
2824 2719 3135 2774 testimonio
3179 2722 3557 2789 comprobata,

1986 2827 2051 2864 ex
2101 2820 2252 2878 parte
2302 2810 2450 2865 omni
2504 2818 2943 2881 cognosceretur.
2997 2806 3325 2869 Declarastis
3382 2816 3555 2883 siqui-

1985 2903 2134 2965 dem,
2165 2917 2288 2955 cum
2320 2903 2582 2957 adversus
2616 2904 2786 2957 duces
2814 2913 3024 2957 vestros
3053 2904 3239 2958 dolore
3272 2905 3553 2964 commoti.

1990 2994 2131 3047 male
2181 2994 2406 3047 animati
2456 2994 2659 3061 fuistis,
2708 2996 2845 3048 nihil
2898 2995 3053 3049 vobis
3101 3010 3223 3050 esse
3275 2998 3556 3066 republica

1984 3084 2266 3152 antiquius
2297 3094 2357 3138 et
2386 3084 2767 3153 praestabilius.
2798 3085 3002 3139 Verum
3033 3086 3289 3155 agedum,
3322 3090 3369 3143 si
3400 3089 3555 3142 vobis

1984 3174 2221 3235 videtur.
2253 3178 2621 3230 communiter
2649 3176 2780 3245 quid
2820 3176 2963 3231 facto
2998 3193 3142 3246 opus
3176 3180 3269 3241 sit,
3301 3180 3555 3247 dispicia¢

287 3272 543 3339 πόλεμον
589 3270 907 3339 εὐανδρίαν,
944 3272 1068 3324 ἀντὶ
1100 3272 1315 3325 θαλλῶν
1366 3276 1650 3345 ἱκετηρίας
1683 3278 1880 3330 ἀποδε-
1907 3283 1955 3342 C

1987 3282 2127 3320 mus.
2170 3266 2337 3320 Vocat
2371 3282 2465 3320 vos
2496 3266 2562 3320 ad
2610 3282 2667 3322 se
2712 3268 2982 3337 benignus
3014 3268 3313 3338 imperator
3348 3283 3549 3334 noster,
3646 3264 3648 3267 ’

289 3364 570 3432 ξάμενος·
605 3362 827 3431 ἀσφαλῆ
881 3364 1113 3434 ἐνέχυρα
1163 3366 1339 3419 ταῦτα
1386 3368 1559 3429 διδοὺς
1606 3368 1734 3437 ὑμῖν
1780 3371 1878 3440 τῆς

284 3458 546 3525 ἀφέσεως
573 3472 588 3487 ο
626 3457 989 3525 διαγορεύων,
1017 3458 1093 3521 ὡς
1148 3460 1196 3511 εί
1232 3462 1259 3511 ό
1308 3460 1385 3513 πά
1401 3478 1489 3513 ιτα
1541 3462 1684 3536 χειρὶ
1717 3464 1878 3515 κατέο

283 3572 405 3623 χων
431 3553 503 3619 τῇ
535 3551 724 3619 εὐνοίᾳ
754 3552 814 3603 τὸ
862 3551 1028 3604 πλέον
1060 3554 1242 3621 ἀφῆκε
1266 3570 1281 3585 ο
1323 3550 1419 3606 καὶ
1447 3554 1556 3606 τῶν
1590 3555 1877 3624 ἐγκλημά-

284 3662 401 3698 των
432 3645 534 3713 τὴν
562 3644 799 3712 εὐθύνην
827 3644 996 3704 λύσας
1025 3644 1113 3697 διὰ
1142 3644 1244 3713 τῆς
1276 3646 1500 3714 ἀνδρίας
1533 3647 1684 3714 ὑμῶν
1708 3646 1877 3712 ἔδειξε

286 3740 519 3797 πάντως
571 3738 912 3805 σαφέστατος
943 3739 972 3789 ὁ
1000 3736 1103 3803 τῆς
1153 3738 1563 3805 συγχωρήσεως
1608 3738 1832 3808 ἐλεγχος
1856 3754 1875 3772 ο

285 3832 412 3893 πῶς
463 3830 589 3899 οὐχ).
645 3830 741 3881 καὶ
796 3828 962 3891 αὐτὸς
1019 3828 1225 3896 ἕψομαι
1287 3832 1352 3897 τῇ
1410 3828 1531 3898 θείᾳ
1581 3830 1748 3900 ψήφῳ
1806 3831 1876 3885 δι’

283 3923 545 3990 ἀνάγκης
583 3919 920 3988 ἐπειγούσης
951 3918 1102 3972 λύειν
1131 3919 1191 3971 τὸ
1236 3918 1528 3989 ἐγκλημα;
1566 3920 1760 3973 Τοίνυν
1810 3922 1879 3991 ἢν

284 4017 418 4083 ιμοὶ
470 4012 761 4082 πείθησθε,
796 4010 975 4076 εἴξατε
1015 4011 1272 4080 τάχιστα,
1307 4012 1382 4081 μὴ
1432 4013 1876 4083 καταπροέμενοι

280 4106 380 4158 τὸν
435 4107 660 4173 καιρὸν,
710 4103 807 4156 tvo.
850 4103 931 4171 μὴ
974 4101 1321 4173 διολισθήσας
1368 4105 1595 4173 ἄσχετος
1643 4104 1873 4171 γένοιτο.

282 4198 577 4270 Δυσχερὴς
631 4196 741 4268 γὰρ
781 4196 1130 4267 ,κρατεῖσθαι
1196 4198 1605 4269 παραδραμών⁸
1673 4202 1879 4266 ἀγανα-

282 4292 465 4357 κτῶν,
495 4291 574 4353 ὠς
620 4291 687 4347 ἀν
733 4301 817 4352 τις
862 4289 1029 4353 εἴποι,
1057 4290 1140 4343 ὅτι
1187 4307 1252 4357 γε
1282 4291 1590 4357 παροπτέος
1623 4292 1873 4359 έγένετο·

282 4387 381 4439 καὶ
411 4385 497 4445 δὶς
525 4383 735 4453 ληπτὸς
778 4377 920 4435 εἶναι
953 4384 1054 4434 οὐκ
1099 4384 1375 4449 ἀνέχεται.
1407 4383 1518 4436 Καὶ
1567 4382 1630 4451 δὴ
1675 4384 1876 4454 κληρο-

284 4483 578 4548 νομήσατε
607 4476 739 4537 τοὺς
784 4475 1030 4543 πατέρας
1069 4476 1169 4543 τῆς
1206 4475 1487 4543 εὐηκοῖας,
1524 4472 1714 4543 ὥσπερ
1740 4476 1876 4543 δῆτα

284 4576 381 4624 καὶ
424 4570 531 4638 τῆς
567 4568 792 4636 ἀνδρίας
822 4563 1209 4635 κεκλήρωσθε,
1243 4566 1330 4619 ἵνα
1366 4566 1454 4619 διὰ
1491 4567 1707 4619 πάντων
1741 4567 1875 4636 μᾶλ-

286 4667 381 4717 λον
428 4663 699 4729 Ῥωμαῖοι
729 4660 1003 4729 δειχθῆτε,
1040 4662 1136 4714 καὶ
1169 4660 1244 4729 μή
1279 4676 1366 4723 τις
1398 4659 1551 4728 ὑμῶν
1580 4661 1873 4729 ἐπιδράμοι

289 4756 511 4825 μῶμος,
546 4754 580 4821 ἢ
610 4752 803 4817 νόθους
851 4752 999 4819 ὑμᾶς
1028 4752 1122 4805 καὶ
1170 4738 1635 4821 παρεγγράπτους
1684 4752 1875 4819 γόνους

284 4841 578 4917 ἀτίοφανῇ.
612 4847 676 4897 Oi
706 4845 815 4913 γὰρ
852 4845 997 4913 ὑμᾶς
1030 4844 1198 4910 ἀξίίος
1225 4843 1320 4896 τοῦ
1354 4846 1548 4911 γένους
1582 4845 1872 4913 φύσαντες,

286 4917 394 4994 irrit
450 4941 572 5000 τοῖς
622 4937 855 4999 ὑπάτοις
918 4936 1013 4989 καὶ
1071 4929 1351 5005 βασιλεῦσι
1402 4937 1747 5005 ταττόμενοι,
1796 4938 1875 5007 τῷ

283 5033 473 5093 καλῶς
524 5028 817 5091 πείθεσθαι
868 5028 966 5081 καὶ
1020 5030 1086 5096 τῇ
1145 5027 1371 5095 έμφύτῳ
1429 5029 1623 5099 ἀνδρίᾳ
1665 5028 1729 5081 τὸ
1778 5028 1873 5082 νῦν

285 5123 623 5189 οικούμενον
676 5120 789 5173 πᾶν
837 5120 905 5187 τῇ
966 5108 1257 5185 Ῥωμαίων
1305 5118 1446 5185 ἀρχῇ
1475 5119 1870 5191 ὑπηγάγοντο.

288 5215 537 5275 Μάλλιος
583 5214 694 5279 γάρ
744 5210 1114 5279 Τορκουᾶτος,
1143 5208 1236 5261 τὸν
1276 5211 1498 5279 γνήσιον
1541 5210 1703 5263 παῖδα
1749 5227 1873 5264 στει-

287 5313 447 5379 φάνῳ
518 5305 846 5375 περιδήσας,
877 5305 1127 5357 ἀνεῖλεν·
1192 5304 1386 5375 ἀνδρίᾳ
1452 5305 1553 5372 μὲν
1619 5307 1873 5360 πλεῖστον

283 5402 666 5469 διενεγκόντα,
701 5397 993 5450 πείθεσθαι
1040 5397 1095 5449 δὲ
1142 5397 1344 5465 ἥκιστα
1385 5396 1627 5452 Θέλοντα.
1673 5396 1735 5449 Ἡ
1764 5399 1871 5466 γὰρ

281 5496 394 5550 τῶν
451 5495 711 5561 ἀγόντων
751 5491 1033 5555 εὐϐουλία,
1068 5491 1163 5542 καὶ
1210 5489 1319 5541 τῶν
1358 5490 1647 5557 ἀγομένων
1691 5492 1751 5542 τὸ
1783 5490 1871 5541 εύέ

284 5590 499 5651 πειθὲς,
535 5585 774 5639 πλεῖστα
807 5584 903 5634 καὶ
936 5586 1169 5651 μέγιστα
1198 5580 1305 5633 τῶν
1334 5580 1553 5648 ἀγαθῶν
1591 5582 1868 5648 πεφύκασι

283 5676 764 5749 κατεργάζεσθαι.
808 5676 869 5727 Εί
921 5674 977 5726 δέ
1013 5690 1116 5725 που
1169 5675 1395 5743 θάτερον
1423 5672 1516 5724 τοῦ
1544 5674 1736 5742 ἑτέρου
1770 5690 1870 5742 χη-

286 5776 460 5846 ρεύει,
493 5768 733 5840 χωλεύοι
767 5770 833 5821 ἂν
861 5770 919 5819 ἐν
978 5768 1055 5834 τῷ
1086 5766 1246 5835 μέρει
1277 5767 1369 5817 καὶ
1401 5769 1869 5833 περιτρεπόμενον

288 5869 613 5937 σφάλλεται,
632 5864 734 5934 τῆς
759 5863 940 5934 ἄριστ’
972 5862 1201 5932 ἐχούσης
1229 5861 1521 5932 ξυνωρίδος
1552 5860 1866 5930 διεζευγμέ-

1979 3358 2299 3413 amnestiam
2326 3374 2422 3412 seu
2453 3359 2784 3413 oblivionem
2803 3371 2965 3429 atque
3000 3360 3381 3431 impunitatem
3414 3379 3550 3432 pra:-

1982 3450 2269 3504 teritorum
2333 3450 2660 3505 delictorum
2726 3453 3087 3519 promittens,
3149 3465 3206 3508 et
3270 3456 3548 3525 egregium

1979 3550 2221 3596 vestrum
2291 3556 2418 3611 erga
2485 3542 2881 3612 rempublicam
2943 3545 3225 3612 animum,
3294 3548 3549 3618 belloque

1983 3634 2226 3704 gerendo
2258 3633 2663 3699 fortitudinem,
2698 3650 2798 3703 pro
2836 3637 3259 3705 supplicantium
3292 3642 3551 3709 gratiaru-

1977 3745 2084 3799 que
2109 3731 2410 3797 petentium
2436 3731 2729 3789 frondibus
2759 3733 3055 3802 recipiens,
3092 3745 3245 3789 certo
3285 3739 3545 3792 nimirum

1980 3824 2207 3893 pignore
2254 3824 2357 3877 isto
2400 3824 2614 3879 veniam
2659 3825 2819 3880 nobis
2862 3827 3193 3894 concedens,
3224 3840 3389 3898 atque
3432 3831 3547 3885 haec

1978 3917 2096 3985 ipse
2136 3932 2323 3971 secum
2360 3928 2621 3987 reputans
2650 3933 2666 3972 :
2692 3917 3144 3989 Quandoquidem
3175 3923 3268 3991 qui
3304 3938 3391 3977 res
3426 3924 3546 3976 uni-

1978 4024 2164 4066 versas
2210 4028 2375 4065 manu
2423 4027 2524 4068 sua
2572 4014 2820 4069 continet
2854 4015 2995 4069 Deus
3026 4016 3345 4087 benignitati
3378 4021 3547 4088 pluri-

1979 4118 2150 4169 mum,
2192 4114 2373 4158 errata
2422 4104 2806 4171 condonanda,
2848 4106 3061 4172 tribuit,
3098 4118 3155 4162 et
3198 4124 3296 4177 per
3328 4112 3547 4165 fortitu-

1980 4194 2162 4249 dinem
2212 4204 2473 4261 vestram,
2511 4195 2776 4250 rationem
2823 4197 2892 4253 de
2942 4200 3266 4257 criminibus
3310 4203 3545 4257 redden-

1978 4287 2101 4341 dam
2146 4287 2399 4353 remisit,
2447 4289 3045 4359 manifestissmumque
3084 4294 3272 4359 gratiae
3317 4296 3543 4349 omnino

1976 4382 2132 4436 facta:
2189 4381 2452 4436 indicium
2506 4382 2758 4436 exhibuit
2798 4402 2811 4437 :
2852 4384 3130 4451 quomodo
3177 4400 3279 4456 ego
3325 4402 3546 4457 quoque

1976 4474 2223 4527 divinum
2263 4473 2553 4534 calculum,
2582 4472 2675 4542 qui
2716 4473 2852 4528 mihi
2885 4475 3229 4530 remittenda:
3263 4493 3417 4532 noxae
3448 4495 3545 4533 ne-

1979 4566 2290 4620 cessitatem
2321 4564 2574 4634 imponit,
2609 4579 2715 4619 non
2748 4566 2980 4634 sequar?
3012 4567 3243 4622 Proinde
3274 4568 3319 4623 si
3351 4585 3542 4638 parere

1979 4657 2114 4710 mihi
2162 4656 2378 4720 voletis,
2426 4651 2683 4720 Romani,
2724 4656 3014 4712 confestim
3057 4660 3313 4724 credetis,
3361 4678 3542 4730 neque

1978 4744 2181 4802 tantam
2225 4749 2486 4818 temporis
2527 4750 2995 4820 opportunitatem
3046 4754 3326 4819 praeterire
3373 4756 3543 4823 patie-

1976 4840 2131 4903 mini,
2174 4856 2242 4895 ne
2291 4855 2416 4894 eum
2460 4839 2551 4894 illa
2598 4840 2872 4909 effugerit,
2914 4841 3307 4910 comprehendi
3352 4853 3538 4912 postea

1973 4944 2233 5002 nequeat.
2268 4933 2389 4988 Non
2421 4933 2580 4987 facile
2614 4948 2851 5002 namque
2875 4943 3160 5003 postquam
3195 4938 3539 5004 praetervola-

1974 5025 2074 5088 vit,
2114 5024 2381 5094 -capitur;
2418 5024 2844 5094 quodammodo,
2886 5035 2947 5079 ut
2996 5026 3195 5094 aliquis
3245 5026 3409 5093 dicat,
3454 5028 3539 5081 in-

1975 5119 2138 5187 digne
2192 5117 2409 5175 ferens.
2459 5116 2607 5186 quod
2667 5116 2911 5186 neglecta
2968 5127 3391 5187 contemptaque
3441 5119 3532 5175 sit.

1974 5212 2151 5277 Atque
2197 5225 2256 5264 se
2306 5224 2496 5263 rursus
2552 5209 2817 5278 prehendi
2874 5211 3096 5263 omnino
3148 5225 3257 5263 non
3309 5211 3535 5279 patitur.

1972 5302 2160 5371 Itaque
2199 5311 2413 5371 patrum
2451 5310 2762 5355 vestrorum
2797 5300 3119 5353 obedientia:
3161 5300 3534 5355 haereditatem

1972 5395 2205 5459 cernite,
2239 5394 2402 5448 sicuti
2447 5394 2500 5447 in
2545 5393 2887 5447 fortitudinis
2920 5409 3115 5447 eorum
3154 5393 3371 5447 laudem
3412 5410 3536 5447 suc-

1972 5488 2216 5543 cessistis
2247 5507 2261 5541 :
2302 5496 2362 5539 ut
2391 5488 2540 5540 omni
2566 5502 2631 5540 ex
2658 5494 2812 5554 parte
2845 5500 2941 5539 vos
2978 5486 3252 5540 Romanos
3280 5501 3399 5540 esse
3435 5489 3532 5541 de-

1971 5582 2224 5643 claretis,
2277 5596 2452 5649 neque
2500 5579 2855 5648 reprehensio
2909 5579 3018 5633 ulla
3066 5579 3220 5632 vobis
3264 5579 3527 5642 incessat,

1971 5687 2091 5740 quae
2124 5672 2455 5739 illegitituam
2489 5686 2585 5724 vos
2618 5682 2675 5725 et
2720 5671 3082 5725 adulterinam
3129 5672 3370 5725 sobolem
3411 5684 3535 5723 esst:

1971 5772 2181 5832 arguat.
2210 5764 2310 5827 Qui
2342 5778 2575 5831 namque
2605 5764 2700 5829 ita,
2726 5774 2785 5816 ut
2813 5764 3057 5817 Romano
3082 5778 3280 5831 genere
3306 5765 3533 5829 dignum

1971 5867 2107 5923 erat,
2144 5872 2239 5909 vos
2269 5864 2631 5925 proel-carum
2665 5858 2920 5925 majores,
2956 5856 3174 5926 regibus
3208 5863 3261 5907 et
3291 5855 3530 5908 consuli—
