4244 6438
729 417 834 479 359

1936 407 2351 473 NICE'PHORI
2390 406 2733 471 CALLlSTl

3852 401 3955 466 360

729 537 829 585 itus
876 532 1097 591 subditi,
1144 533 1245 582 rite
1296 533 1561 599 imperata
1612 528 1883 590 Ιίιείιηιιιη,
1930 539 1986 579 (ξι
2030 540 2143 577 rem
2197 536 2292 588 pro
2324 532 2405 582 At

2278 537 2292 574 >
2324 532 2363 582 ,.\
2395 541 2509 591 νης.
2543 524 2629 590 Mr;
2660 523 2833 571 τοίνυν
2872 520 2959 571 τοῦ
2991 520 3175 572 λοιποῦ
3212 520 3404 587 μέλετε
3432 533 3445 547 '
3480 516 3739 586 πείσθητε
3770 517 3827 571 δέ
3866 536 3954 587 μοι

728 625 887 678 insita
945 623 1268 677 fottitutline
1329 623 1587 691 praeclare
1641 620 1915 689 gerendo,
1972 620 2285 671 universum

730 729 997 769 terrarum
1056 714 1245 767 orbem
1304 714 1550 766 Romano
1610 711 1840 779 imperio
1902 709 2282 778 subjugarunt.

728 805 960 858 Manlius
993 782 1141 858 cette
1180 802 1489 870 Torquatus
1525 816 1683 853 suum
1729 800 1842 867 ipse
1886 797 2056 851 ﬁlium
2088 810 2287 850 corona

725 906 1051 950 exornatum
1098 896 1280 949 securi
1328 894 1537 962 percuti
1580 892 1763 963 jussit,
1799 889 2125 944 fortitudine
2168 888 2290 957 qui-

727 988 849 1039 dem
899 986 1051 1038 illum
1094 986 1388 1054 plurimum
1430 992 1799 1054 praestantem,
1834 981 2063 1050 imperio
2106 988 2286 1033 autem

728 1078 950 1130 minime
984 1092 1173 1147 parere
1215 1076 1511 1129 volentem.
1542 1074 1712 1144 829
1744 1074 1891 1128 Bono
1926 1087 2160 1140 namque
2191 1070 2291 1123 du-

726 1184 849 1221 eum
899 1167 1149 1229 consilio,
1182 1174 1239 1219 ct
1276 1175 1526 1234 prompta
1571 1165 1804 1217 militum
1849 1160 2139 1216 obediendi
2190 1175 2288 1212 vo-

728 1264 957 1322 luntate,
994 1258 1243 1327 plurima:
1282 1266 1338 1310 et
1393 1258 1640 1311 maximae
1688 1271 1774 1309 res
1819 1269 2080 1324 prospere
2120 1253 2289 1309 conli-

727 1350 968 1401 t-inntur.
1000 1350 1069 1401 At
1101 1348 1142 1401 si
1175 1347 1407 1400 alterum
1441 1346 1509 1399 ab
1540 1347 1711 1399 altero
1773 1346 2111 1414 sejungatur,
2144 1343 2295 1398 elau-

726 1440 909 1492 tiicare
949 1447 1156 1506 partem
1189 1437 1439 1497 alteram,
1472 1445 1527 1490 et
1558 1435 1751 1490 collabi
1782 1450 2029 1489 eversam
2065 1448 2290 1489 necesse

727 1542 834 1591 est,
869 1531 1074 1597 Optimo
1106 1528 1337 1583 dttarum
1371 1528 1595 1581 istarum
1628 1528 1894 1580 virtutum
1937 1526 2052 1595 pari
2088 1525 2286 1580 diviso.

728 1619 960 1672 Proinde
985 1632 1050 1671 ne
1081 1618 1316 1687 amplius
1343 1616 1698 1679 cunctamini,
1720 1615 1964 1684 mihique
1990 1616 2081 1684 qui
2112 1629 2291 1668 sacer-

725 1712 824 1763 dos
858 1709 948 1764 llei
988 1724 1129 1773 sum,
1161 1717 1215 1760 et
1248 1718 1430 1776 partes
1461 1722 1610 1761 meas
1645 1706 1855 1760 medius
1884 1709 2026 1759 inter
2056 1707 2291 1774 impera-

727 1812 897 1852 torem
921 1809 974 1851 ct
999 1799 1299 1853 exercitum
1325 1798 1633 1865 interpono,
1662 1803 1871 1863 parete,
1901 1806 2062 1865 atque
2104 1805 2289 1850 osten-

2392 614 2526 679 ἱερεῖ
2583 628 2642 677 γε
2695 612 2808 664 δντι
2857 609 3012 673 Θεοῦ,
3074 609 3320 681 βασιλείᾳ
3376 609 3468 663 καὶ
3530 607 3752 678 στρατῷ
3804 626 3956 675 μεσισ

2388 704 2594 755 τεύοντι
2622 719 2637 733 ·
2669 704 2762 754 καὶ
2818 702 3029 767 δείξατε
3071 704 3147 765 ὡς
3195 704 3258 755 ού
3312 701 3632 772 τυραννικὸς
3675 703 3705 753 ό
3734 701 3956 767 τρόπος,

2389 795 2504 847 ἀλλ’
2534 796 2909 865 ἀγανάκτησις
2942 796 3148 857 ἔνδικος
3180 796 3319 865 πρὸς
3349 795 3544 865 καιρδν
3575 790 3645 862 ἦν
3673 793 3817 845 κατὰ
3848 792 3957 843 τῶν

2389 890 2448 941 οὐ
2490 889 2877 958 προσηκόντως
2922 889 3376 958 στρατηγούντων
3421 888 3595 957 ὑμῶν.
3633 887 3694 939 Ei
3732 885 3839 953 γὰρ
3880 883 3956 948 μὴ

2390 982 2617 1049 τάχιστα
2644 982 2888 1051 πρόσιτε,
2917 980 3027 1048 ἐγὼ
3065 981 3166 1050 μὲν
3194 980 3576 1048 ἁφοσιὼσομαι
3610 976 3706 1029 καὶ
3738 978 3839 1043 τὴν
3875 977 3954 1035 εἰς

2390 1075 2449 1125 τὸ
2481 1073 2778 1141 πολίτευμα
2804 1072 3040 1138 εὔνοιαν,
3074 1073 3168 1127 καὶ
3207 1075 3305 1144 τὴν
3334 1074 3415 1135 είς
3465 1073 3609 1140 ὑμᾶς
3661 1069 3868 1138 φιλίαν,
3899 1073 3960 1119 ea

2393 1162 2536 1224 εἰκὸς
2568 1163 2789 1216 διελθών
2814 1183 2827 1196 ·
2864 1165 2993 1233 ύμῖν
3018 1164 3076 1217 δὲ
3108 1165 3377 1236 προσήκει
3405 1166 3651 1226 σκοπεῖν,
3675 1163 3788 1220 τοῖς
3816 1160 3959 1211 οὕτω

2390 1254 2713 1321 τυραννοῦσι
2748 1256 2816 1307 τὰ
2860 1254 3103 1307 ἔπαθλα·
3150 1255 3226 1324 πῆ
3278 1256 3385 1324 γὰρ
3417 1254 3566 1322 λήξει
3615 1256 3675 1306 ἐν
3724 1256 3855 1323 ύμῖν
3889 1254 3959 1305 τὰ

2395 1345 2676 1413 παρόντας
2710 1347 2804 1409 Ἐς
2835 1348 2999 1401 ταυτὸ
3030 1347 3135 1415 γὰρ
3182 1348 3326 1416 ὑμᾶς
3379 1342 3518 1399 εἶναι
3557 1348 3667 1399 τῶν
3711 1348 3772 1399 ού
3815 1348 3959 1398 πάνυ

2392 1451 2442 1485 τι
2488 1435 2687 1502 ῥᾳδίων
2718 1435 2874 1487 ἐστί’
2917 1436 3082 1489 πόθεν
3119 1439 3228 1505 γὰρ
3278 1440 3308 1508 ὴ
3362 1439 3472 1491 τῶν
3519 1440 3833 1507 ἀναγκαίων
3864 1440 3959 1490 καί

2392 1528 2609 1596 ὡραίων
2637 1532 2963 1601 συγκομιδὴ,
2998 1534 3029 1603 ἢ
3059 1527 3134 1587 ὧν
3170 1535 3410 1588 θάλαττα
3440 1537 3503 1606 τῇ
3536 1537 3753 1608 ἠπείρῳ
3787 1549 3960 1608 προσ-

2392 1619 2546 1685 νέμει
2582 1620 2641 1671 τὸ
2678 1622 2825 1683 nixo;
2855 1624 3265 1694 συναρήγουσα,
3300 1626 3349 1689 εί
3379 1627 3452 1696 μή
3482 1643 3544 1695 γε
3579 1629 3958 1697 τοῖςὸμοςρύ-

2392 1709 2506 1772 λοις
2560 1712 2640 1773 είς
2692 1714 2872 1783 μάχην
2930 1715 3119 1783 ίόντες,
3165 1718 3261 1770 καὶ
3318 1720 3388 1772 τὰ
3435 1720 3657 1773 πάντων
3702 1723 3962 1791 αἴσχιστα

2393 1800 2624 1869 δράσητε
2677 1803 2794 1870 ἃμα
2853 1805 2946 1856 καὶ
3007 1806 3291 1875 πείσησθε,
3358 1809 3449 1861 καὶ
3500 1804 3611 1862 οἷον
3664 1809 3725 1862 τὸ
3782 1812 3960 1877 τέλος,

725 1892 868 1952 dite,
902 1906 1009 1942 non
1045 1889 1388 1959 tyranuicum
1421 1903 1652 1949 morem,
1685 1889 1776 1940 sed
1807 1888 2010 1956 justam
2048 1888 2293 1957 indigna-
2326 1877 2365 1930 Β
2398 1912 2401 1933 ι

2284 1877 2365 1930 -Β
2398 1890 2669 1957 σποράδες
2738 1894 3013 1961 γινόμενοι
3067 1897 3417 1966 βιοτεύσηοθε
3491 1902 3584 1953 καὶ
3636 1904 3960 1971 παραπέδας

728 1982 954 2046 tionem,
997 1980 1062 2034 ad
1119 1981 1284 2035 breve
1338 1991 1571 2047 tempus,
1612 1979 1756 2046 quod
1811 1978 2071 2032 adversus
2124 1980 2293 2035 duces

727 2080 939 2126 vestros
970 2075 1150 2125 minus
1190 2070 1432 2139 legitime
1478 2070 1809 2136 imperantes
1860 2070 2069 2138 egistis,
2100 2070 2290 2125 fuisse.

726 2165 840 2217 l‘iisi
876 2165 1020 2215 enim
1055 2178 1218 2230 quam
1252 2162 1487 2236 primum
1521 2161 1589 2213 ad
1623 2160 2011 2228 imperatorem
2042 2173 2287 2216 vestrum

722 2252 1108 2313 :tccurreritis,
1158 2265 1258 2319 ego
1309 2248 1532 2317 quidem
1587 2248 1751 2303 simul
1804 2258 1859 2301 et
1907 2252 2181 2319 egregiam
2234 2254 2289 2306 in

725 2343 1119 2411 rempublicam
1157 2324 1515 2403 voluntatem,
1548 2349 1604 2394 et
1642 2340 1975 2411 singularem
2021 2357 2149 2411 erga
2192 2360 2289 2399 vos

726 2449 991 2496 .nnorent,
1028 2447 1124 2501 pro
1160 2431 1338 2485 oﬂtcio
1369 2447 1515 2497 meo,
1547 2441 1735 2485 sancte
1774 2432 2147 2501 prtcstiterim.
2185 2435 2287 2490 Vo-

728 2527 809 2578 bis
845 2537 1026 2578 autem
1057 2527 1224 2579 etiam
1260 2535 1420 2593 atque
1449 2524 1613 2578 etiam
1645 2524 1941 2579 videndum
1975 2525 2160 2590 fuerit,
2190 2527 2285 2596 qui

2397 1980 2612 2045 πάντως
2642 1983 2675 2051 ἡ
2705 1984 2829 2053 δίκη
2862 1987 3153 2056 ἀνέχεσθαι
3202 1991 3402 2059 ἥκιστα
3436 1993 3737 2062 δυναμένης
3771 1995 3964 2055 Δόντες

2396 2069 2488 2125 οὖν
2543 2075 2755 2138 ἑαυτοῖς
2809 2076 2988 2141 δεξιὰς
3052 2080 3145 2132 καὶ
3197 2082 3276 2151 τῷ
3318 2084 3694 2154 πολιτεύματι,
3738 2089 3799 2137 τὸ
3844 2087 3965 2139 δέον

2399 2168 2763 2235 σκοπήσωμεν
2787 2184 2801 2198 ⁸
2830 2171 2925 2222 καὶ
2956 2170 3052 2222 νῦν
3083 2172 3342 2241 μάλιστα,
3378 2176 3464 2228 ὅτε
3513 2178 3605 2229 καὶ
3659 2179 3753 2231 τοῦ
3791 2196 3967 2247 σωτη-

2400 2255 2515 2326 ρίου
2570 2260 2776 2322 πάθους
2820 2263 2917 2324 τὰς
2972 2265 3205 2334 ἡμέρας,
3255 2267 3348 2319 καὶ
3393 2268 3494 2339 τῆς
3543 2274 3818 2339 παναγίας
3870 2274 3967 2327 τ-’.ὗ

2398 2349 2643 2418 Σωτῆρος
2676 2353 2835 2422 ἡμῶν
2869 2354 3043 2423 Ἰησοῦ
3074 2358 3310 2425 Χριστοῦ
3339 2362 3688 2425 ἀναστάσεως
3726 2382 3966 2435 συναρη-

2395 2440 2601 2508 γούσας
2631 2445 2724 2496 καὶ
2775 2449 3391 2520 συνεπιλαμϐανομένας
3438 2458 3549 2517 τοῖς
3594 2455 3791 2525 ).ιξ›οσ.δ
3825 2459 3967 2527 ἔχω-

2395 2549 2514 2599 μεν.
2559 2553 2577 2586 ι

724 2622 798 2673 ita
847 2620 1185 2688 tyrannidem
1238 2620 1605 2685 exerceretis,
1658 2635 1780 2690 quae
1834 2621 2114 2690 proposita
2178 2626 2289 2677 sint
2328 2633 2569 2695 praemia.
2635 2635 2916 2699 Quorsum
2992 2640 3140 2693 enim
3179 2640 3336 2696 vobis
3375 2659 3464 2699 res
3505 2660 3803 2715 pmsemes
3841 2665 3967 2704 em-

722 2712 890 2766 deat?
920 2712 1054 2766 Nam
1087 2721 1145 2765 ut
1172 2712 1228 2765 in
1256 2712 1359 2767 hoc
1388 2713 1506 2781 ipso
1533 2724 1895 2781 permaneant
1943 2724 2112 2779 statu,
2177 2717 2599 2791 haudquaquam
2665 2729 2824 2793 facile
2890 2730 3006 2786 ﬁeri
3040 2743 3239 2804 potest.
3273 2735 3429 2792 Unde
3460 2712 3593 2792 vero
3626 2742 3733 2795 erit
3764 2742 3967 2803 vietus,

726 2814 778 2855 ut
830 2803 1047 2872 frugum
1095 2814 1433 2859 maturarum
1480 2820 1544 2857 ex
1596 2806 1758 2873 agris,
1801 2818 1895 2860 aut
1936 2822 2126 2862 earum
2170 2826 2291 2879 qua:
2332 2829 2481 2870 mare
2525 2820 2830 2877 continenti
2882 2825 3009 2894 ipsi,
3079 2842 3178 2897 pro
3239 2845 3306 2884 eo
3334 2840 3499 2901 atque
3530 2848 3630 2901 par
3666 2843 3769 2898 est,
3802 2850 3968 2903 opem

729 2895 956 2950 terendo
1013 2895 1356 2963 suppeditat,
1414 2911 1598 2950 rerum
1666 2899 2023 2965 importatio?
2083 2901 2294 2958 Bellum
2365 2922 2495 2977 ergo
2546 2914 2903 2982 popularibus
2958 2895 3157 2975 vestris
3242 2895 3572 2979 Christianis
3625 2895 3966 2993 inferentes,

724 2997 780 3041 et
811 2987 1010 3040 bellum
1042 2986 1346 3041 abnisdem
1385 2988 1742 3055 excipientes,
1786 3005 1875 3044 res
1934 2992 2183 3046 omnium
2260 2995 2589 3054 fmdissimas
2665 3016 2721 3058 et
2764 3005 3001 3074 facietis,
3036 3021 3093 3065 et
3158 3014 3467 3082 patiemini.
3512 3017 3581 3071 Et
3608 3018 3699 3072 ubi
3743 2986 3966 3076 tandem

729 3092 1023 3150 postremo,
1055 3082 1185 3135 hinc
1213 3092 1267 3136 et
1298 3082 1421 3135 inde
1454 3083 1709 3151 dispersi,
1739 3086 1906 3139 vitam
1940 3088 2150 3156 degetis
2175 3091 2197 3143 ?
2226 3090 2286 3144 Et
2326 3109 2693 3165 consequetur
2758 3117 2786 3155 a
2862 3114 3014 3175 tergo
3052 3123 3147 3162 vos
3176 3110 3417 3166 vindicta
3451 3112 3658 3178 divina,
3691 3130 3810 3184 quae
3846 3133 3965 3186 per.

727 3176 988 3231 vieaeiatn
1027 3186 1264 3279 vestram
1313 3177 1605 3279 sustinere,
1648 3188 1741 3279 aut
1780 3182 1994 3236 veniam
2062 3186 2218 3240 τυωε
2289 3188 2354 3243 de
2395 3203 2593 3247 caetero
2639 3197 2767 3252 dare
2812 3200 3038 3256 minime
3087 3207 3310 3273 poterit.
3352 3176 3969 3279 QuaprOpter-dex'tras

723 3269 880 3322 nobis
932 3268 1164 3323 invicem
1219 3278 1274 3322 et
1325 3268 1640 3336 reipublicae
1677 3271 2012 3341 iungamus,
2065 3288 2118 3329 et
2170 3295 2284 3333 rem
2327 3282 2519 3351 ipsam,
2585 3304 2684 3355 pro
2722 3304 2788 3344 eo
2835 3302 2997 3361 atque
3046 3268 3263 3364 aequum
3311 3312 3420 3362 est,
3473 3268 3907 3360 consideremus
3953 3326 3965 3358 :

725 3360 888 3428 idque
940 3376 1084 3413 nunc
1130 3376 1293 3428 quam
1346 3362 1600 3426 maxime,
1683 3379 1807 3417 cum
1860 3360 2189 3423 salutiferae
2260 3376 2400 3439 passi

2299 3376 2529 3432 assionis
2622 3392 2677 3435 et
2740 3386 3099 3442 sanctissima:
3174 3393 3595 3449 resurrectitmis
3657 3394 3967 3454 Servatoris

723 3455 896 3507 nostri
943 3452 1069 3507 Jesu
1113 3452 1316 3507 Christi
1360 3454 1475 3507 dies
1500 3452 1690 3521 festos,
1720 3457 1815 3525 qui
1855 3460 2012 3513 nobis
2052 3463 2115 3513 ad
2163 3477 2247 3516 res
2289 3468 2542 3525 meliores
2574 3490 2733 3543 opem
2767 3488 2819 3532 ct
2856 3482 3119 3534 auxilium

1308 3590 1532 3645 CAPUT
1572 3552 1749 3646 x’vn
2321 3609 2365 3665 ρ

3152 3483 3353 3547 ferunt,
3387 3488 3616 3555 agimus.
3655 3510 3673 3539 ι

729 3707 790 3761 Ut
830 3708 1083 3760 exercitus
1126 3703 1377 3774 Gregorio
1411 3721 1639 3773 parens,
1692 3722 1903 3775 Rursum
1942 3706 2289 3776 Philippicum

1279 3777 1460 3826 ducem
1491 3777 1692 3844 legerit.

790 3916 1088 3984 Gregorius
1140 3914 1252 3967 haec
1293 3924 1461 3982 atque
1512 3913 1617 3966 alia
1667 3914 1823 3983 plura
1865 3929 1989 3969 cum
2036 3916 2291 3987 lacrymis

727 4012 962 4071 loeutus,
999 4004 1185 4058 divino
1225 4004 1466 4072 quodam
1506 4012 1641 4057 nutu
1678 4004 1733 4057 in
1768 4016 2045 4060 momento
2078 4016 2289 4077 tempo-

726 4095 800 4151 Fis
837 4098 1050 4150 animos
1084 4095 1330 4148 omnium
1367 4095 1422 4148 in
1465 4094 1627 4147 aliam
1660 4096 1985 4150 sententiam
2024 4098 2287 4153 traduxit.

726 4191 909 4256 itaque
954 4196 1011 4241 ut
1060 4187 1141 4241 eis
1188 4202 1257 4240 ex
1305 4197 1576 4240 conventu
1628 4186 1885 4241 secedere
1929 4188 2137 4252 liceret,
2178 4206 2288 4258 quo

724 4280 951 4334 seorsim
985 4278 1288 4334 deliberare
1331 4277 1399 4330 de
1439 4292 1505 4331 eo
1535 4278 1679 4346 quod
1721 4293 1936 4347 aequum
1982 4291 2130 4335 esset
2164 4296 2292 4349 pos-

724 4382 866 4435 sent,
908 4371 1208 4439 petierunt,
1285 4384 1347 4423 ac
1396 4370 1556 4438 paulo
1608 4379 1732 4439 post
1778 4372 1987 4425 reversi
2035 4373 2289 4440 potestati

727 4462 990 4516 antistitis
1033 4476 1090 4515 se
1132 4460 1528 4530 permiserunt.
1570 4460 1748 4529 Atque
1795 4462 1873 4516 illi
1920 4463 2288 4532 Philippieum

727 4553 1070 4615 nominatim,
1103 4560 1163 4605 ut
1197 4552 1350 4605 illum
1380 4551 1634 4605 videlicet
1667 4552 1849 4607 denuo
1879 4553 2077 4607 ducem
2110 4570 2292 4609 sume-

728 4654 869 4706 rent,
892 4643 1058 4713 830
1082 4642 1356 4711 alleganti,
1386 4657 1443 4696 se
1468 4652 1525 4696 et
1547 4643 1851 4697 exercitum
1880 4659 2099 4698 omnem
2128 4646 2291 4715 iuris-

720 4733 942 4800 jurandi
1002 4732 1264 4800 religione
1321 4731 1652 4785 obstrictum
1706 4748 1864 4796 esse,
1925 4734 2288 4804 Philippicum

725 4824 950 4892 posthac
990 4824 1181 4875 ducem
1217 4835 1245 4873 a
1286 4835 1344 4875 se
1389 4822 1616 4877 minime
1660 4832 1973 4892 susceptum
2012 4825 2101 4887 iri,
2135 4826 2290 4880 dixe-

725 4929 874 4968 runt.
906 4914 1108 4968 Adhac
1154 4913 1453 4983 Gregorius
1490 4914 1627 4967 nihil
1688 4926 2001 4981 cunctatus,
2029 4918 2287 4972 sacerdo-
2323 4953 2366 5007 Β

728 5016 835 5059 tem
883 5021 942 5059 se
982 5020 1082 5075 per
1128 5005 1367 5059 divinam
1413 5006 1644 5075 gratiam
1688 5022 1832 5073 esse,
1866 5019 1921 5062 et
1962 5019 2286 5079 potestatem

727 5097 972 5151 solvendi
995 5096 1272 5166 etligaudi
1297 5098 1350 5149 in
1378 5098 1516 5152 caelo
1542 5108 1596 5152 ct
1626 5098 1680 5151 in
1704 5108 1848 5153 terra
1878 5100 2081 5157 habere
2111 5103 2245 5156 dixit
2272 5119 2286 5157 :

726 5190 1073 5257 tlivinamque
1125 5204 1293 5258 super
1350 5205 1412 5243 ea
1463 5206 1521 5243 re
1566 5191 1867 5260 iussionem
1927 5194 1981 5246 in
2046 5196 2287 5250 medium

729 5280 1006 5349 produxit.
1051 5279 1187 5334 Tum
1229 5296 1361 5335 vero
1402 5283 1671 5338 militibus
1713 5299 1921 5339 morem
1959 5286 2009 5340 ei
2052 5292 2291 5356 gerenti-

730 5375 850 5434 bus,
883 5372 1294 5442 precationibus
1324 5374 1571 5429 divinum
1600 5375 1812 5430 Numen
1844 5378 2079 5446 placavit
2106 5396 2119 5432 :
2147 5390 2203 5433 et
2233 5395 2292 5434 re

727 5478 1050 5517 arcanorum
1093 5466 1479 5533 mysteriorum
1525 5466 1710 5521 divina
1748 5480 1990 5537 peracta,
2025 5470 2291 5525 immacu-

725 5554 893 5605 latum
941 5569 1141 5622 corpus
1182 5558 1437 5610 omnibus
1479 5560 1927 5614 communicavit.
1971 5562 2097 5616 Dies
2142 5564 2288 5617 enim

730 5646 821 5711 qui
851 5655 1091 5698 sanctam
1128 5648 1440 5715 passionem
1473 5649 1675 5705 Christi
1706 5653 1989 5721 prtecedit,
2022 5663 2133 5706 tum
2168 5670 2292 5722 age-

726 5738 907 5789 batur.
962 5736 1164 5794 Deinde
1210 5741 1465 5795 convivio
1508 5758 1636 5806 eos,
1679 5759 1805 5798 cum
1853 5747 2075 5801 circiter
2119 5746 2287 5801 duum

733 5827 961 5879 miilium
1021 5844 1304 5885 numerum
1368 5832 1684 5901 explerent,
1746 5836 1878 5891 toris
1931 5839 1981 5891 in
2044 5840 2287 5907 gramine

2979 3622 3226 3675 ΚΕΦΑΛ.
3270 3628 3385 3691 ις’.

2406 3703 2499 3767 Ὠς
2534 3709 2791 3790 στρατὸς
2815 3714 3131 3790 flatu-opici
3156 3720 3451 3790 πειθήνιοι
3483 3730 3817 3790 γεγονότες,
3853 3724 3967 3782 αὖ·

2535 3781 2626 3840 θις
2660 3781 2761 3830 (dir
2795 3781 3153 3838 Φιλιππικὸν
3173 3781 3414 3841 εἵλοντο
3440 3781 3804 3861 στρατηγόιᾶ

2476 3883 2533 3936 Ὀ
2566 3890 2665 3951 μὲν
2696 3888 2790 3944 οὖν
2834 3897 3071 3949 τοσαῦτα
3106 3900 3198 3951 καὶ
3234 3901 3371 3955 ἄλλα
3425 3906 3596 3958 πλείω
3642 3910 3837 3974 εἰπὼν,
3871 3918 3966 3964 καὶ

2392 3979 2783 4051 ἐπιδακρύσας,
2820 3989 2960 4057 ῥοπῇ
3007 4006 3113 4042 τινι
3149 3990 3272 4060 θείᾳ
3309 3995 3406 4057 τὰς
3442 3996 3701 4051 ἁπάντων
3735 4004 3967 4070 γνώμας

2392 4076 2447 4125 ἐν
2471 4077 2669 4142 ἀκαρεῖ
2704 4084 3105 4153 μετερρύθμιζε
3126 4104 3139 4119 ο
3171 4091 3265 4141 καὶ
3298 4091 3530 4159 ἐζήτουν
3557 4095 3651 4147 τοῦ
3699 4097 3964 4165 συλλόγου

2392 4167 2736 4232 ὑπεξελθεῖν·
2779 4176 2854 4237 ὡς
2887 4175 2952 4228 ἂν
2984 4178 3105 4230 καθ’
3133 4181 3361 4243 ἑαυτοὺς
3391 4184 3698 4253 γενόμενοι,
3731 4190 3859 4257 περὶ
3890 4182 3971 4243 ὧν

2390 4258 2497 4313 δέοι
2533 4261 2951 4329 βουλεύσωνται.
2986 4269 3097 4321 Καὶ
3133 4272 3253 4339 μετ’
3284 4273 3345 4325 ού
3381 4275 3515 4329 πολὺ
3540 4276 3789 4344 ἥκοντες,
3825 4285 3969 4348 σφᾶς

2391 4352 2587 4415 αὐτοὺς
2630 4354 2707 4423 τῷ
2742 4359 2879 4426 ἱερεῖ
2918 4361 3324 4429 ἐγχειρίζουσιο
3361 4366 3456 4417 καὶ
3498 4368 3590 4419 τὸν
3636 4370 3970 4425 φιλιππικὸν

2392 4444 2450 4509 ἐξ
2476 4445 2740 4513 ὀνόματος
2786 4451 2997 4503 είπόντι
3035 4452 3118 4505 ἵνα
3154 4450 3311 4516 αὖθις
3347 4457 3579 4511 ἕλωνται
3631 4465 3967 4529 στρατηγὸν,

2390 4539 2578 4607 ὅρκοις
2603 4540 2799 4603 δεινοῖς
2822 4541 3008 4608 ἔλεγον
3040 4546 3403 4613 διομόσασθαι
3432 4550 3526 4601 καὶ
3554 4552 3616 4602 τὸ
3647 4553 3972 4622 στράτευμα

2395 4630 2641 4699 σύμπαν,
2677 4628 2846 4702 ἦμὴν
2879 4634 3070 4688 τοῦτον
3106 4638 3179 4707 μὴ
3211 4638 3306 4691 τοῦ
3350 4640 3541 4693 λοιποῦ
3589 4642 3869 4706 δέξασθαι,
3911 4651 3971 4698 ’ω

2392 4726 2448 4777 δὲ
2483 4727 2612 4795 μήτι
2658 4728 2795 4795 πρὸς
2841 4729 3001 4783 τοῦτο
3046 4734 3321 4803 μελλήσας
3362 4737 3391 4788 ὁ
3442 4738 3652 4807 ἱερεὺς,
3681 4740 3785 4809 ἔφη
3831 4743 3972 4810 πρὸς

2394 4818 2639 4880 ἐξουσίας
2681 4817 2821 4872 εἶναι
2863 4822 3012 4874 λύειν
3058 4826 3153 4875 καὶ
3197 4826 3421 4894 δεσμεῖν
3464 4829 3559 4881 ἐπὶ
3603 4830 3708 4898 γῆς
3754 4848 3815 4882 τε
3872 4833 3973 4885 καὶ

2394 4913 2622 4981 ούρανοῦ
2642 4928 2655 4943 ο
2703 4918 2798 4967 καί
2819 4915 2919 4983 τὴν
2942 4915 3100 4969 θείαν
3126 4918 3216 4970 ἐπὶ
3237 4918 3414 4989 τούτῳ
3441 4920 3691 4976 κέλευαιν
3723 4928 3972 4995 προῆγεν

2392 5004 2471 5066 είς
2523 5005 2710 5072 μέσον.
2747 5007 2857 5059 Καὶ
2890 5007 2954 5077 δὴ
3002 5009 3099 5061 καὶ
3136 5011 3274 5075 πρὸς
3319 5010 3480 5065 τοῦτο
3526 5015 3789 5079 εἰξάντων
3828 5020 3975 5069 ἐκεί-

2393 5115 2520 5164 νων,
2542 5099 2716 5163 λιταῖς
2746 5100 3041 5164 ἐξωσιοῦτο
3066 5103 3126 5155 τὸ
3161 5104 3316 5156 Θεῖον
3337 5121 3349 5134 ·
3382 5105 3481 5169 καὶ
3512 5107 3614 5177 τὴν
3644 5108 3798 5161 θείαν
3820 5111 3973 5162 τελέ-

2393 5207 2490 5255 σας
2540 5195 2956 5260 μυσταγωγίαν,
3001 5195 3093 5248 τοῦ
3142 5196 3417 5265 ἀχράντου
3478 5198 3732 5268 σώματος
3793 5202 3970 5254 ἅπασι

2398 5283 2709 5352 μετεδίδου·
2744 5286 2930 5356 ἡμέρα
2975 5284 3084 5357 γὰρ
3129 5286 3254 5357 ἦνή
3287 5289 3391 5359 πρὸ
3436 5290 3529 5343 τοῦ
3572 5290 3731 5357 ἁγίου
3762 5293 3971 5355 πάθους

2394 5377 2653 5447 Χριστοῦ.
2686 5380 2917 5431 Ἔπειτα
2961 5383 3101 5447 σφᾶς
3152 5381 3435 5446 δ;ιπνῐσας
3484 5385 3632 5454 ἀμφὶ
3671 5386 3974 5455 δισχιλίους

2393 5467 2573 5535 ὄντας,
2606 5468 2875 5521 στιϐάδων
2906 5470 2999 5521 ἐπὶ
3032 5471 3131 5539 τῆς
3165 5472 3303 5534 πόας
3338 5473 3789 5541 σχεδιαοθέντων,
3826 5479 3975 5532 κατὰ

2392 5559 2492 5629 τὴν
2541 5561 2667 5628 ἑξῆς
2718 5562 3029 5629 ὑπέστρεφε
3055 5579 3068 5594 ·
3109 5564 3201 5615 καί
3255 5564 3427 5616 ἐδόκει
3466 5564 3817 5634 ἀθροίζεσθαι
3848 5569 3975 5621 τού-

2391 5670 2517 5716 τους
2546 5647 2598 5704 οἷ
2624 5653 2923 5720 βούλοιντο.
2964 5654 3051 5707 Ἐν
3088 5655 3289 5726 Ταρσῷ
3319 5657 3374 5707 δὲ
3406 5656 3504 5725 τῆς
3547 5657 3806 5723 Κιλικίας
3841 5661 3974 5715 ὄντα

2392 5747 2721 5799 Φιλιππικὸν
2780 5748 3186 5816 μετεστέλλετο,
3240 5750 3449 5820 καίπερ
3507 5750 3643 5820 πρὸς
3675 5752 3776 5820 τὴν
3822 5754 3977 5821 βασι-

2395 5838 2531 5902 λέως
2585 5840 3052 5908 κλιτπειγόμενον
3102 5842 3279 5895 πόλικ.
3325 5842 3534 5896 Ἐκεῖσε
3577 5838 3671 5898 οὖν
3715 5844 3969 5913 ἀγαγὼν,
