4262 6446
729 354 824 415 371

1949 370 2366 434 NlCEPllﬂlil
2412 379 2747 443 C.\I.I.lSTl

3881 383 3986 446 372

725 486 902 542 perta,
941 475 994 528 in
1029 476 1200 531 a-dem
1245 480 1549 534 venerandi
1589 483 1760 553 Sergii
1796 487 2070 546 misimus.
2111 510 2128 540 ι
2158 492 2298 546 Cum
2331 517 2351 566 θ

2352 517 2369 566 ι
2408 500 2676 566 βασιλέοιν
2706 506 2824 557 υἱοῦ
2861 508 3112 560 Καεάδου
3161 509 3252 561 τοῦ
3292 507 3564 577 ἡμετέρου
3609 504 3836 574 πατρὶς,
3889 509 3982 558 κειὶ

727 570 829 620 hac
859 568 1221 636 inscriptione
1251 571 1530 626 Chosroes
1564 591 1758 630 cruces
1793 581 1935 632 misit
1966 599 1977 634 :
2005 597 2143 649 quas
2168 585 2301 639 Gre-

721 662 909 728 gorius
941 662 1005 713 ad
1043 677 1102 716 se
1136 664 1351 726 allatas.
1386 676 1441 720 ct
1463 668 1530 720 de
1562 671 1804 724 Mauricii
1838 677 2109 729 sententia
2148 693 2300 730 acce-

726 765 867 818 ptas.
895 769 1020 807 cum
1055 770 1253 823 pompa
1282 767 1337 812 et
1384 762 1648 814 comitatu
1698 765 1893 826 tuttlto,
1940 767 2302 822 observanter

720 845 883 898 simul
924 856 979 899 et
1023 847 1280 917 religiose
1337 852 1389 905 in
1440 856 1642 923 templo
1694 860 1955 927 martyris
1984 862 2213 915 sacravit
2245 873 2300 917 et

721 937 986 1002 reposuit,
1021 937 1158 990 nihil
1200 955 1422 1008 prorsus
1455 946 1523 1011 ab
1556 946 1796 1002 ethnicis
1837 950 2082 1006 donariis
2109 951 2300 1007 Eccle-

720 1031 857 1082 siam
894 1030 1210 1086 detrimenti
1244 1049 1442 1103 capere
1470 1039 1795 1095 arbitratus.

1187 1329 1353 1399 837
1396 1330 1620 1388 CAPUT
1663 1334 1830 1389 XXII.

717 1417 794 1471 De
823 1420 970 1472 donis
1003 1437 1118 1488 qua’
1167 1422 1303 1474 idem
1333 1424 1579 1507 C/tosroes
1611 1433 1840 1483 maximo
1867 1434 2091 1501 martyri
2117 1432 2298 1507 Sergio
2348 1426 2351 1429 ’

1431 1499 1590 1552 misit.

784 1601 904 1655 Non
939 1604 1100 1672 longe
1131 1617 1313 1662 autent
1349 1619 1496 1678 post,
1533 1613 1808 1667 Chosroes
1841 1617 2007 1670 etiam
2039 1618 2143 1671 alia
2179 1635 2295 1673 mu-

715 1709 850 1749 nera
885 1697 1210 1762 fabrefacta,
1247 1713 1303 1755 et
1337 1702 1390 1756 in
1426 1718 1645 1756 sacrum
1686 1708 1864 1760 sancti
1919 1709 2174 1778 martyris
2205 1713 2295 1764 de-

717 1785 937 1838 lnbrttnt
988 1789 1180 1855 missa,
1212 1803 1378 1861 atque
1411 1794 1625 1849 discum
1657 1800 1821 1851 etiam
1851 1814 1959 1852 non
1993 1815 2292 1869 paucarum

716 1879 989 1934 minarum
1043 1888 1306 1953 ponderis
1350 1905 1602 1953 aureum,
1654 1892 1742 1944 cui
1791 1907 2046 1948 sermone
2103 1895 2292 1950 Graeco

714 1972 1049 2036 ejnscemodi
1104 1978 1391 2048 inscripsit
1441 1982 1679 2042 litteras.
1729 1985 1960 2040 donavit
2016 2005 2028 2038 :
2088 2003 2106 2036 ι
2178 1987 2291 2057 Ego

714 2062 987 2120 Chosr-oes
1037 2085 1126 2122 rex
1184 2087 1398 2141 regunt,
1439 2073 1581 2126 [ilius
1628 2075 1950 2138 llormisdte,
1986 2075 2104 2130 hmo
2138 2075 2292 2131 disco

715 2155 804 2210 isti
854 2159 1157 2227 inscripsi:
1192 2180 1300 2218 non
1355 2175 1414 2218 ut
1469 2166 1538 2220 ab
1587 2168 1912 2222 hominibus
1945 2178 2289 2238 spectentur,

714 2265 895 2317 neque
939 2263 998 2306 ιιι
1040 2255 1221 2309 verbis
1256 2258 1392 2311 meis
1423 2259 1743 2326 magnitudo
1781 2261 2080 2316 venerandi
2113 2263 2292 2316 nomi-

715 2343 803 2399 nis
831 2346 908 2398 tni
946 2347 1280 2412 innotescat,
1317 2336 1674 2420 sedpropter
1705 2353 1899 2422 scripti
1939 2348 2118 2424 ipsius
2141 2357 2288 2410 veri-

714 2445 903 2501 tatem,
935 2445 991 2490 et
1026 2439 1212 2506 plures
1249 2443 1473 2510 gratias,
1522 2443 1793 2512 pluraque
1841 2446 2127 2501 benefacta
2173 2463 2202 2501 a
2237 2458 2288 2502 te

714 2529 769 2583 in
805 2545 889 2583 me
922 2532 1170 2598 profecta
1203 2533 1302 2602 (1).
1336 2533 1638 2590 Felicitatis
1670 2537 1818 2591 enim
1856 2538 1980 2591 loco
2009 2539 2142 2592 mihi
2183 2552 2286 2602 est.

714 2631 774 2674 ttt
820 2638 1019 2675 nomen
1057 2638 1240 2678 meum
1282 2627 1334 2678 iu
1370 2629 1544 2681 sacris
1594 2631 1702 2682 tuis
1743 2631 1891 2683 vasis
1933 2632 2289 2686 circumfera-

713 2715 802 2761 tnr
843 2709 946 2777 (2).
1000 2709 1138 2765 Cum
1187 2728 1364 2766 essem
1404 2716 1456 2768 in
1495 2717 1766 2781 Beramis,
1817 2720 1949 2787 petii
2001 2737 2027 2772 a
2077 2730 2149 2785 te,
2206 2722 2290 2776 vir

712 2809 928 2862 sancte,
963 2809 1023 2855 ut
1073 2802 1124 2855 in
1179 2805 1447 2859 auxilium
1505 2807 1639 2861 mihi
1687 2809 1928 2878 venires,
1967 2821 2019 2866 et
2059 2811 2178 2866 Sira
2234 2813 2286 2868 in

715 2901 876 2945 utero
933 2895 1280 2963 conciperet.
1327 2897 1391 2951 Et
1452 2901 1902 2972 quandoquidem
1954 2904 2074 2959 Sira
2121 2906 2287 2960 Citri-

715 2984 913 3048 stiana,
963 3002 1064 3055 ego
1108 2997 1290 3042 autent
1345 2989 1545 3047 Grmca:
1581 2996 2000 3064 superstitionis
2046 3008 2289 3053 seelator

715 3093 918 3142 essem,
962 3091 1016 3134 et
1064 3082 1216 3152 leges
1265 3097 1468 3141 nostra:
1513 3089 1674 3143 nobis
1705 3090 2014 3145 libertatem
2060 3109 2284 3149 uxorem

2404 595 2722 662 εὑρεθέντος
2753 599 2810 650 ἐν
2839 602 2949 662 τοῖς
2979 603 3271 670 ἡμετέροις
3305 601 3625 671 θησαυροῖς,
3651 597 3985 665 ἐπέμψαμεν

2405 690 2461 738 ἐν
2493 690 2567 757 τῷ
2604 692 2739 760 οἴκῳ
2761 692 2854 744 τοῦ
2885 695 3199 746 πανσὲπτου
3232 695 3514 762 Σεργίου.ι
3551 693 3733 744 Ταῦτά
3767 692 3984 760 γράψας

2404 779 2674 849 Χοσρόης,
2706 783 2993 836 ἀπέστειλε
3049 788 3175 848 τοὺς
3212 785 3512 854 σταυρούςο
3560 782 3652 844 οὓς
3684 783 3984 850 Γρηγόρεος

2405 875 2714 940 Μαυρικίου
2747 877 2942 946 γνώμῃ
2971 877 3172 941 λαϐὼν,
3201 881 3298 932 σὺν
3329 879 3520 947 πομπῇ
3555 877 3650 928 καὶ
3679 875 3983 945 Copti-sopit;

2405 967 2596 1035 πολλῇ,
2633 969 2689 1030 ἐς
2736 970 2797 1020 τ’,
2830 969 2971 1039 ἱερὸν
3002 971 3096 1024 τοῦ
3144 974 3423 1042 μάρτυρος
3466 969 3680 1040 σεμνῶς
3725 970 3841 1035 ἅμα
3886 969 3982 1019 καὶ

2401 1061 2646 1123 εὐλαϐῶς
2701 1063 2938 1116 ἀνετίθει
2985 1063 3159 1126 οὕτως
3215 1064 3460 1132 ἔχοντας,
3514 1062 3686 1134 μηδὲν
3731 1063 3984 1130 οἰόμενος

2402 1151 2656 1203 ἐντεῦθεν
2687 1155 2753 1222 τῇ
2784 1153 2884 1222 τῆς
2925 1156 3253 1225 Ἐκκλησίας
3284 1156 3408 1228 δόξῃ
3455 1154 3821 1226 λυμαίνεσθκι
3871 1154 3983 1214 τοῖς

2402 1244 2638 1307 ἑθνικοῖς
2669 1247 3037 1318 ἀναθήμασιν.

2986 1365 3236 1420 ΚΕΦΑΛ.
3277 1365 3404 1419 κη’.

2403 1453 2540 1521 Περὶ
2576 1451 2695 1506 τῶν
2726 1452 2928 1522 δώρων
2956 1458 3226 1523 Χοσρόου
3255 1455 3292 1510 d
3325 1457 3400 1520 τῷ
3421 1457 3690 1525 μεγίστῳ
3723 1453 3980 1523 μάρτυρι

2893 1528 3112 1594 Σεργίῳ
3142 1527 3485 1580 ἀπέστειλε.

2469 1638 2585 1690 Οὐκ
2611 1639 2691 1700 εἰς
2727 1637 2946 1709 μακράν
2971 1639 3025 1692 δὲ
3055 1640 3304 1710 Χοσρὸης
3336 1642 3430 1694 καὶ
3465 1641 3627 1711 ’ἐτερα
3653 1640 3804 1711 δῶρα
3829 1639 3984 1710 ἐξερ-

2399 1730 2732 1799 γασάμενος,
2773 1733 3010 1800 πέμπων
3049 1733 3126 1799 τῷ
3160 1733 3288 1803 θείῳ
3323 1733 3476 1803 σηκῷ
3517 1733 3613 1786 τοῦ
3656 1732 3804 1802 ίεροῦ
3839 1733 3981 1800 μάρ-

2330 1854 2368 1908 B
2400 1841 2559 1890 τυρης
2617 1823 2925 1893 ἐχαρίζετο,
2971 1825 3064 1878 καί
3111 1843 3234 1879 τινα
3282 1826 3468 1880 δίσκον
3521 1823 3762 1898 χρυσοῦν
3818 1821 3983 1891 ὁλκὴν

2406 1911 2554 1980 μνῶν
2576 1911 2675 1964 οὐκ
2723 1913 3010 1983 ἐλαχίστην
3041 1915 3292 1968 ἕλκοντα·
3331 1917 3388 1968 ὲν
3430 1909 3474 1982 ᾧ
3512 1914 3787 1982 Ἑλλήνιον
3824 1913 3978 1980 φωνῇ

2401 2008 2465 2059 τά
2484 2008 2660 2060 τοιάδε
2679 2007 2788 2060 τῶν
2808 2009 3156 2078 γραμμάτων
3180 2009 3513 2077 ἐπέγραψενο
3536 2029 3552 2060 ι
3567 2006 3710 2075 Ἐγὼ
3730 2007 3980 2075 Χοσρόης

2405 2098 2657 2167 βασιλεὺς
2712 2098 2981 2167 βασιλέων
3033 2098 3146 2160 υἱὸς
3190 2100 3483 2168 Ὀρμίσδου
3531 2097 3599 2149 τά
3647 2097 3704 2148 ὲν
3735 2096 3868 2164 τῷδε
3903 2093 3980 2159 τῷ

2400 2191 2571 2261 δίσκῳ
2627 2193 2990 2261 γεγραμμένα
3038 2192 3137 2242 οὐκ
3186 2192 3265 2252 εἰς
3316 2191 3444 2242 θέαν
3495 2188 3820 2256 ἀνθρώπων,
3856 2185 3982 2237 οὖδὶ

2399 2277 2490 2330 ἵνα
2525 2280 2590 2329 ἐκ
2620 2279 2727 2330 τῶν
2756 2279 2932 2346 λόγων
2967 2296 3071 2343 μου
3125 2280 3184 2331 τὸ
3236 2280 3466 2347 μέγεθος
3513 2277 3607 2330 τοῦ
3662 2278 3979 2328 πανσέπτου

2399 2369 2665 2437 ὀνόματός
2704 2386 2798 2421 σου
2849 2371 3094 2439 γνωσθῇ,
3145 2371 3281 2422 ἀλλὰ
3312 2371 3400 2422 διὰ
3431 2369 3525 2439 τὴν
3561 2367 3822 2435 ἀλήθειαν
3869 2366 3981 2418 τῶν

2398 2473 2458 2524 γε
2472 2458 2826 2526 γραμμένων,
2864 2460 2956 2511 καὶ
2980 2460 3066 2511 διὰ
3093 2461 3192 2519 τάς
3219 2461 3414 2522 πολλάς
3442 2461 3673 2529 χάριτας
3691 2456 3786 2510 καὶ
3817 2457 3980 2524 εὐερ-

2401 2551 2590 2617 γεσίας
2622 2550 2686 2612 ἃς
2714 2550 2873 2621 ἔσχον
2898 2553 3048 2620 παρὰ
3086 2551 3201 2605 σοῦ.
3238 2553 3478 2621 Εὐτυχξα
3513 2553 3622 2620 γάρ
3674 2551 3763 2616 poi
3808 2552 3979 2609 ἐστιν,

2399 2642 2486 2694 ἵνα
2507 2643 2564 2694 τὸ
2583 2644 2713 2710 ἐμὸν
2731 2644 2905 2712 ὄνομα
2928 2647 3237 2715 ἐμφέρηται
3268 2649 3375 2708 τοῖς
3397 2647 3560 2715 ἱεροῖς
3582 2663 3675 2696 σου
3703 2645 3975 2697 σκεύεσιν.

2409 2735 2498 2788 Ἐν
2530 2735 2607 2805 τῷ
2640 2731 2781 2789 εἷναί
2816 2755 2881 2806 με
2940 2742 2998 2792 ὲν
3036 2740 3114 2807 τῷ
3165 2741 3429 2808 Βεραμὶς,
3481 2740 3773 2810 ᾐτησάμην
3827 2737 3978 2804 παρὰ

2401 2828 2517 2893 σοῦ,
2547 2830 2692 2895 ἇγιε,
2715 2830 2889 2882 ἐλθεῖν
2917 2833 2994 2893 είς
3021 2832 3117 2900 τὴν
3144 2831 3394 2901 βοήθειάν
3422 2849 3545 2898 μου,
3575 2833 3665 2882 καὶ
3692 2833 3749 2882 ἐν
3775 2829 3980 2895 γαστρὶ

2401 2917 2686 2968 συλλαϐεῖν
2718 2918 2904 2987 Σιρήν.
2931 2919 3040 2971 Καὶ
3069 2919 3257 2989 ἐπειδὴ
3287 2921 3317 2988 ἡ
3345 2918 3475 2988 Σερὴ
3503 2919 3804 2986 Χριστιανή
3834 2921 3976 2978 ἐστι,

2396 3009 2554 3078 κάγὼ
2595 3010 2817 3081 Ἕλλην,
2870 3013 2897 3062 ὁ
2936 3011 3207 3080 ἡμέτερος
3251 3012 3304 3064 δὲ
3338 3012 3500 3080 νόμος
3535 3011 3718 3064 ἄδειαν
3750 3012 3882 3080 ἡμῖν
3915 3012 3976 3062 οὐ

2398 3101 2628 3170 παρέχει
2681 3099 3016 3170 Χριστιανὴν
3062 3100 3206 3168 ἔχειν
3241 3102 3531 3168 γαμετήν·
3581 3101 3668 3153 διὰ
3716 3100 3976 3169 γοῦντὴν

714 3185 830 3223 eam
885 3173 1121 3227 habendi
1178 3193 1286 3231 non
1344 3181 1770 3246 permitterent,
1824 3193 2054 3253 propter
2110 3202 2351 3266 meamc

2352 3205 2360 3266 ς
2397 3193 2534 3261 ἐμὴν
2569 3193 2707 3260 πρὸς·
2749 3193 2808 3244 σὲ
2855 3192 3280 3262 εὐγνωμοσύνην
3328 3193 3408 3254 είς
3440 3192 3647 3260 ταύτην
3675 3191 3767 3243 τὸν
3809 3197 3978 3260 νῦμον

715 3277 838 3334 erga
874 3275 923 3320 te
955 3267 1422 3333 benevolentiam,
1454 3275 1572 3343 ejus
1612 3275 1785 3341 gratia
1821 3276 1968 3342 leges
2009 3277 2157 3346 ipsas
2188 3279 2285 3332 dc-

714 3361 889 3428 spexi,
922 3379 1157 3433 eamque
1189 3367 1256 3421 de
1284 3367 1374 3421 die
1407 3368 1462 3421 in
1494 3370 1635 3422 diem
1676 3370 1823 3425 inter
1851 3373 2114 3442 conjuges
2157 3388 2289 3428 vero

715 3452 1045 3523 sinceroque
1088 3473 1274 3512 amore
1320 3459 1488 3513 habui
1517 3470 1575 3515 et
1606 3461 1803 3516 habeo.
1837 3464 2016 3532 Atque
2049 3463 2119 3516 ita
2154 3464 2285 3516 mihi

715 3545 889 3599 visunt
923 3556 1028 3611 est,
1059 3549 1361 3604 bonitatem
1399 3563 1571 3616 tuam,
1607 3555 1691 3606 vir
1728 3567 1936 3618 sancte,
1969 3555 2287 3623 implorare.

715 3646 774 3688 ttt
805 3639 919 3693 lure
957 3642 1008 3692 in
1046 3652 1202 3694 utero
1235 3645 1572 3712 conciperet.
1610 3645 1744 3700 Petii
1781 3647 1886 3701 hoc
1920 3663 1948 3700 a
1982 3657 2054 3712 te,
2087 3657 2142 3702 et
2164 3658 2290 3702 voto

713 3732 1038 3787 constitui:
1099 3735 1142 3787 si
1205 3744 1422 3790 uterum
1481 3748 1721 3802 gestaret
1758 3739 1902 3802 Sira,
1961 3749 2019 3794 ut
2066 3755 2286 3794 erucem

715 3835 878 3888 quam
915 3822 1005 3875 illa
1042 3824 1386 3884 circumfert,
1422 3825 1735 3879 venerando
1761 3828 1966 3897 templo
1998 3838 2092 3880 tuo
2122 3828 2291 3880 infer-

715 3926 852 3964 rem.
899 3911 1097 3966 Vcrum
1131 3915 1249 3983 ejus
1285 3915 1361 3969 rei
1389 3917 1561 3985 gratia
1612 3933 1713 3986 ego
1738 3926 1792 3970 et
1823 3917 1945 3971 Sira
1995 3918 2288 3971 consilium

714 4006 984 4072 cepimus,
1023 4016 1080 4059 ut
1107 4019 1525 4060 monumentum
1553 4009 1791 4062 nominis
1823 4009 1922 4072 tui,
1957 4009 2041 4062 vir
2076 4017 2288 4070 sancte,

715 4095 860 4162 apud
922 4112 1024 4148 nos
1070 4108 1237 4159 esset,
1284 4113 1508 4152 crucem
1574 4115 1693 4154 eam
1747 4101 2038 4155 retinere:
2095 4101 2291 4153 statui-

717 4202 947 4257 mnsque
975 4205 1072 4257 pro
1096 4206 1180 4255 ea,
1207 4200 1259 4244 et
1286 4200 1464 4259 pretio
1489 4193 1963 4261 mstimationeque
1987 4194 2128 4263 ejus.
2157 4209 2290 4262 qna-

717 4293 798 4335 ter
823 4283 971 4337 mille
1009 4295 1062 4335 et
1093 4285 1527 4355 quadringentos
1556 4295 1792 4340 stateres
1826 4288 2149 4340 initiaresios
2181 4303 2290 4340 nutt

715 4378 1041 4440 exi-edente,
1101 4377 1400 4448 quinquies
1452 4380 1600 4433 mille
1659 4390 1895 4434 stateres
1944 4381 2183 4434 mittere.
2223 4380 2292 4434 Et

715 4486 779 4521 t-x
814 4483 922 4537 quo
953 4469 1098 4538 apud
1130 4487 1214 4524 me
1251 4471 1428 4539 ipsum
1477 4480 1660 4524 votum
1701 4471 1806 4524 tale
1837 4471 2086 4538 concepi,
2124 4479 2290 4538 atque

719 4566 834 4624 tunc
871 4569 925 4620 in
968 4566 1155 4621 animo
1190 4567 1456 4629 volutavi,
1490 4566 1854 4636 quoadusQne
1887 4565 2290 4620 Rosoehosrum

719 4657 1093 4726 pervenimus,
1138 4673 1248 4711 non
1282 4659 1470 4728 plures
1499 4675 1663 4728 quant
1695 4659 1884 4712 decem
1933 4658 2292 4711 intercessere

717 4752 858 4805 dies.
888 4750 957 4804 Et
997 4762 1078 4818 tu,
1110 4751 1195 4804 vir
1231 4762 1440 4817 sancte,
1474 4767 1580 4804 non
1616 4752 1760 4820 quod
1803 4767 1906 4822 ego
1936 4752 2135 4820 dignus
2171 4750 2292 4803 lue-

718 4845 846 4904 rim.
887 4844 981 4897 sed
1036 4845 1181 4914 quod
1228 4861 1291 4900 ea
1343 4854 1433 4898 tua
1478 4845 1549 4900 sit
1591 4845 1927 4915 benignitas.
1986 4846 2037 4897 iu
2088 4842 2294 4897 somnis

719 4935 857 4988 mihi
898 4947 1066 4992 noctu
1104 4939 1430 5005 apparuisti,
1471 4940 1809 5006 tertiumque
1864 4936 1928 4989 ad
1984 4952 2092 5000 me,
2145 4934 2291 5005 quod

721 5030 846 5082 Sira
892 5041 1139 5085 ventrem
1193 5042 1472 5101 gestatnra
1509 5042 1676 5094 esset,
1712 5030 1924 5084 dixisti.
1977 5029 2043 5082 Et
2094 5044 2194 5097 ego
2239 5028 2292 5080 in

719 5121 916 5174 erdem
946 5121 1061 5189 ipsa
1095 5121 1311 5176 visione
1345 5123 1564 5176 tertium
1611 5123 1709 5173 tibi
1745 5120 2026 5190 respondi,
2067 5118 2233 5173 Recte
2279 5135 2292 5171 :

722 5214 954 5284 proinde
1002 5217 1146 5283 quod
1199 5227 1461 5285 praestare
1494 5225 1616 5267 vota
1652 5215 2060 5282 petitionesque
2091 5213 2294 5277 soleas,

724 5322 788 5361 cx
836 5323 903 5361 eo
929 5305 1019 5360 die
1046 5307 1189 5372 Sira,
1239 5308 1294 5365 id
1342 5307 1490 5376 quod
1522 5307 1743 5365 feminis
1775 5306 2026 5359 accidere
2064 5320 2296 5359 eonsne-

723 5399 827 5458 vit,
877 5413 986 5451 non
1023 5399 1178 5451 vidit.
1216 5399 1327 5467 Ego
1358 5415 1486 5454 vero
1521 5413 1731 5452 meeum
1787 5397 1905 5465 ipse
1942 5399 2009 5450 de
2045 5397 2148 5450 hoc
2182 5411 2298 5448 ant-

725 5491 944 5560 bigens,
979 5490 1025 5544 si
1065 5491 1253 5546 verbis
1296 5490 1405 5544 tuis
1431 5491 1591 5543 tidem
1622 5505 1729 5544 non
1764 5489 2048 5552 haberem,
2081 5498 2137 5542 et
2171 5503 2298 5556 pro-

728 5591 920 5655 pterea
955 5581 1102 5649 quod
1136 5591 1363 5636 sanctus
1409 5581 1509 5645 sis,
1551 5579 1820 5648 datorque
1873 5587 2147 5643 votorum,
2185 5591 2293 5630 non

800 5765 876 5831 (Ι)
920 5763 1118 5833 Evagr.
1151 5763 1248 5817 lib.
1279 5781 1352 5821 vt.
1383 5779 1503 5832 cap.
1540 5763 1634 5817 2|.

803 5834 879 5902 (2)
913 5833 1043 5902 Quae
1083 5835 1171 5889 hic
1198 5837 1322 5890 divo
1345 5833 1634 5902 SergioCht

832 5765 876 5829 Ι)
920 5765 1118 5833 Evagr.
1151 5765 1248 5817 lib.
1279 5781 1352 5821 vt.
1383 5779 1503 5832 cap.
1540 5765 1634 5817 2|.

827 5834 879 5900 2)
913 5833 1043 5902 Qum
1083 5835 1171 5889 hic
1198 5837 1322 5890 divo
1345 5833 1816 5905 SergioCttosroes
1841 5831 2062 5903 gentilis
2083 5831 2296 5900 tribuit,

2397 3286 2677 3352 παρεῖδον·
2709 3287 2802 3338 καὶ
2829 3285 3035 3354 ταύτην
3063 3287 3118 3337 ὲν
3153 3285 3402 3352 γυναιξὶν
3429 3285 3638 3352 ἡμέραν
3670 3284 3726 3346 ἐξ
3761 3285 3978 3353 ἡμέρας

2394 3374 2452 3425 ἐν
2488 3373 2808 3442 γνησιότητι
2859 3373 3016 3442 ἔσκον
3050 3375 3144 3425 καὶ
3181 3374 3310 3442 ἔχω.
3365 3375 3472 3425 Καὶ
3521 3371 3695 3433 οὕτως
3732 3374 3976 3424 συνεῖδον

2398 3465 2494 3518 νῦν
2522 3465 2780 3534 δεηθῆναι
2819 3465 2918 3533 τῆς
2957 3467 3054 3533 σῆς
3086 3466 3445 3533 ἀγαθότητος,
3479 3465 3628 3532 ἆγιε,
3677 3465 3734 3517 ἐν
3768 3466 3974 3535 γαστρὶ

2395 3555 2685 3607 συλλαϐεῖν
2705 3555 2929 3622 ταύτην.
2965 3556 3075 3606 Καὶ
3104 3554 3398 3624 ᾐτησάμην
3423 3556 3523 3606 καὶ
3559 3552 3969 3619 συνεταξάμην,

2398 3647 2506 3708 ἶνα,
2540 3646 2635 3697 ἐὰν
2661 3647 2718 3698 ὲν
2755 3645 2953 3713 γαστρὶ
2999 3645 3243 3714 συλλάὸῃ
3278 3644 3433 3714 Σιρὴ,
3463 3644 3556 3696 τὸν
3602 3645 3838 3711 σταυρὸν
3883 3643 3977 3693 τὸν

2396 3735 2735 3805 φορούμενον
2787 3738 2918 3805 παρ’
2951 3737 3120 3803 αὐτῆς
3157 3737 3357 3805 πέμψω
3400 3735 3479 3805 τῷ
3531 3736 3826 3801 πανσέπτῳ
3876 3751 3976 3786 σου

2395 3832 2550 3898 οἴκῳ.
2589 3830 2700 3881 Καὶ
2726 3829 2918 3881 τούτου
2956 3829 3121 3882 ἕνεκα
3156 3829 3310 3897 κάγὼ
3348 3831 3439 3881 καὶ
3473 3828 3604 3897 Σερὴ
3636 3828 3729 3880 τὸν
3768 3827 3976 3879 σκοπὸν

2395 3921 2587 3973 τοῦτον
2641 3921 2856 3990 ἔχομεν,
2897 3921 2982 3972 ἵνα
3031 3922 3108 3981 εἰς
3165 3921 3513 3989 μνημόσυνον
3564 3920 3660 3971 τοῦ
3707 3920 3978 3987 ὀνόματός

2399 4030 2514 4074 σου.
2550 4015 2694 4082 ᾶγιε,
2728 4013 2918 4065 τοῦτον
2943 4013 3032 4064 τὸν
3064 4013 3297 4080 σταυρὸν
3316 4013 3630 4081 κρατῶμεν.
3658 4013 3770 4065 Καὶ
3795 4012 3978 4063 συνείο.

2395 4105 2560 4172 δομεν
2595 4103 2710 4156 ἐντ’
2744 4102 2908 4154 αὑτοῦ
2937 4103 3037 4170 τὴν
3062 4103 3232 4171 τιμὴν
3263 4103 3452 4165 αὑτοῦ,
3484 4105 3558 4172 μὴ
3591 4103 3978 4154 συντείνουσαν

2399 4197 2716 4265 περαιτέρω
2751 4196 2859 4246 τῶν
2886 4193 3345 4262 τετρακισχιλίων
3373 4193 3747 4262 τετρακοσίων
3781 4194 3981 4262 στατὴ-

2399 4307 2509 4359 ρων
2541 4285 2923 4356 μιλιαρησίων,
2957 4285 3430 4354 πεντακισχιλίους
3457 4284 3732 4354 στατῆρα;
3767 4287 3978 4351 ἐκπέμο
4034 4337 4042 4342 _

2395 4385 2516 4450 ψαι.
2546 4383 2652 4435 Καὶ
2675 4383 2731 4448 ἐξ
2755 4376 2813 4433 οὗ
2845 4381 2939 4450 τὴν
2972 4381 3229 4446 τοιαύτην
3262 4382 3319 4431 ἐν
3341 4379 3519 4447 ἐαυτῷ
3544 4379 3702 4447 ἔσχον
3734 4379 3980 4447 αἴτησιν,

2399 4479 2492 4528 καὶ
2520 4475 2691 4528 ταῦτα
2722 4473 3136 4542 διελογισάμην,
3169 4473 3273 4533 ἓως
3305 4468 3366 4525 οὗ
3395 4471 3714 4540 ἐφθάσαμεν
3758 4471 3819 4520 τὸ
3861 4470 3982 4522 Ῥο-

2327 4553 2368 4607 Ῐ)
2402 4566 2686 4635 σοχοσρον,
2737 4567 2869 4618 δέκα
2902 4566 3106 4640 ἡμέραι
3163 4565 3327 4616 πλέον
3371 4566 3430 4617 οὗ
3474 4564 3711 4633 διῆλθον·
3758 4568 3853 4620 καὶ
3885 4567 3978 4628 σὺ,

2398 4660 2543 4724 ᾶγιε,
2580 4659 2638 4710 οὑ
2671 4657 2757 4709 διά
2794 4659 2854 4710 τὸ
2905 4653 3047 4708 εἷναί
3081 4674 3149 4725 με
3194 4657 3364 4720 ἄξιον,
3404 4657 3539 4708 ἀλλὰ
3584 4656 3671 4708 διὰ
3722 4659 3822 4725 τὴν
3878 4655 3980 4726 σὴν

2402 4750 2736 4818 ἀναϐάτητά,
2775 4750 2980 4819 ἐφάνης
3019 4768 3108 4816 μοι
3144 4753 3200 4801 ἐν
3234 4751 3471 4819 ὁράματι
3503 4751 3602 4818 τῆς
3634 4750 3850 4810 νυκτός·
3881 4754 3979 4801 καὶ

2396 4843 2583 4911 τρίτον
2619 4839 2776 4905 εἶπάς
2815 4860 2926 4911 μοι,
2962 4844 3041 4896 ὅτι
3074 4843 3208 4912 Σιρὴ
3273 4845 3330 4895 ὲν
3378 4843 3576 4911 γαστρὶ
3626 4841 3760 4906 ἕξει.
3802 4841 3978 4908 Κάγὼ

2398 4936 2454 4987 ἐν
2476 4935 2622 5004 αὐτῷ
2646 4938 2720 5004 τῷ
2747 4937 2986 5004 ὁράματι
3015 4937 3195 5004 τρίτον
3229 4935 3642 5006 άνταπεκρίθην
3667 4952 3748 4987 σοι
3776 4935 3976 5002 λέγων’

2398 5011 2614 5090 Καλῶς-ο
2652 5031 2748 5082 καὶ
2781 5030 2866 5082 διὰ
2909 5030 2969 5080 τὸ
2993 5027 3132 5081 εἶναί
3177 5047 3235 5082 σε
3270 5030 3472 5098 δοτῆρα
3524 5029 3633 5081 τῶν
3665 5031 3976 5097 αἰτήσεων,

2397 5120 2460 5172 ἐκ
2511 5120 2608 5188 τῆς
2640 5119 2852 5190 ἡμέρας
2884 5120 3098 5188 ἐκείνης
3139 5121 3170 5188 ὴ
3209 5119 3342 5188 Σιρὴ
3387 5121 3448 5172 τὸ
3491 5119 3804 5186 είθισμένον
3854 5123 3978 5182 ταῖς

2397 5211 2649 5280 γυναιξὶν
2684 5213 2782 5264 οὐκ
2817 5208 2980 5264 εἶδεν.
3029 5211 3170 5277 Ἐγὼ
3205 5210 3261 5264 δὲ
3295 5211 3554 5272 διστάσας
3600 5212 3680 5271 εἰς
3714 5210 3894 5275 τοῦτο,
3925 5211 3975 5262 εί

2404 5305 2478 5375 μὴ
2518 5308 2630 5368 τοῖς
2669 5305 2848 5373 λόγοις
2884 5321 2975 5356 σου
3010 5305 3329 5367 ἐπίστευσα,
3353 5305 3444 5357 καὶ
3476 5304 3559 5355 ὅτι
3596 5304 3751 5368 άγιος
3782 5299 3834 5354 εί
3881 5305 3978 5355 καὶ

2399 5397 2564 5463 δοτὴρ
2594 5397 2703 5447 τῶν
2735 5398 3027 5464 αἰτήσεων,
3084 5396 3220 5464 μετὰ
3266 5395 3436 5448 ταῦτα
3469 5395 3535 5446 τά
3579 5396 3866 5462 γυναικεῖα
3901 5395 3975 5464 μὴ

2403 5489 2719 5556 ὑπομεῖναι,
2748 5487 2811 5538 ἐκ
2845 5485 3037 5538 τούτου
3069 5487 3242 5552 ἔγνων
3272 5487 3371 5555 τὴν
3393 5485 3628 5554 δύναμιν
3646 5484 3742 5538 τοῦ
3760 5488 3974 5554 ὁράμαο

2399 5598 2512 5643 τος,
2577 5581 2670 5632 καὶ
2722 5579 2820 5648 τὴν
2854 5578 2963 5631 τῶν
2999 5583 3152 5646 παρά
3209 5579 3304 5631 σοῦ
3361 5577 3638 5648 ῥηθέντων
3686 5577 3973 5647 ἀλήθειαν.

2401 5776 2463 5816 ea
2497 5759 2792 5815 Christiani
2816 5758 3084 5832 UniDeo.
3105 5759 3158 5813 in
3186 5775 3292 5830 quo
3324 5776 3445 5831 spes
3471 5770 3521 5817 et
3555 5775 3685 5832 Opes
3709 5775 3840 5818 suas
3864 5776 3977 5819 orn-

2402 5847 2500 5886 ncs
2533 5832 2823 5899 collocant,
2859 5830 3127 5886 tribuunt.
