4262 6446
686 398 786 458 381

1877 390 2292 451 NICEPIIORI
2344 387 2692 448 CALLlSTI

3843 376 3948 440 383

688 510 835 560 neris
874 517 999 560 ortu
1036 505 1232 576 divisi,_
1261 504 1461 573 partim
1494 503 1563 557 ab
1594 503 1719 566 Var,
1749 506 1949 572 partim
1983 522 2011 556 a
2043 504 2259 557 Cltunni
2296 539 2305 566 λ

2376 501 2706 570 τωνύμαζον.
2767 497 2999 563 Λέγεται
3033 493 3140 562 γὰρ
3187 494 3300 554 τοῖς
3358 490 3467 543 τῶν
3500 489 3720 542 Σκυθῶν
3771 490 3951 542 ἔθνεσι

686 601 1114 669 appellationem
1141 598 1364 652 habent.
1391 597 1755 666 Posteaquam
1787 607 1972 649 autem
2006 597 2074 649 de
2096 597 2262 649 rebus

614 671 618 675 ‘
687 695 1095 748 l'srndabarutu
1129 690 1388 753 diximus,
1439 688 1506 743 ad
1542 690 1828 761 historiam
1860 689 2262 742 eontexeudam

688 790 999 841 redeamus.
1038 785 1257 853 Ogorlia
1286 785 1707 853 igiturdevielo,
1740 792 1796 836 et
1823 784 2046 836 'l'ucocli
2082 784 2263 852 gentis

691 879 938 944 ριὶιιι-ἰνο
975 893 1070 930 ore
1103 878 1268 946 gladii
1320 893 1347 930 a
1385 877 1666 944 Citagauo.
1706 876 1948 937 sublato,
2006 891 2108 926 una
2139 889 2262 926 eum

692 970 815 1027 hoc,
853 967 1088 1020 nationis
1118 966 1362 1036 ejusdem
1403 979 1554 1017 eazsa:
1594 973 1722 1017 sunt
1778 962 2000 1030 triginta
2059 959 2276 1028 myrias

688 1062 808 1124 des,
847 1063 919 1114 ita
981 1069 1039 1112 ut
1113 1059 1430 1112 continuata
1481 1058 1938 1125 interemptorum
1996 1053 2264 1106 cadavera

686 1154 904 1206 dierum
941 1154 1148 1221 aliquot
1202 1149 1718 1203 initibtterint'iler.
1768 1148 1904 1201 Cum
1958 1162 2091 1198 veto
2150 1145 2266 1198 ltmc

689 1256 794 1295 tam
848 1246 1104 1310 przl'clttra
1160 1241 1418 1310 Cliagano
1450 1241 1734 1311 obtigisset
1796 1239 2050 1300 victoria,
2107 1238 2266 1292 civile

690 1333 833 1385 inter
856 1333 1064 1385 Turcos
1094 1342 1346 1385 coortum
1387 1341 1469 1385 est
1496 1332 1720 1383 bellum.
1754 1327 2039 1398 Siquidem
2073 1329 2264 1380 Turun

687 1425 906 1492 quidam
942 1424 1182 1494 Chagani
1219 1434 1501 1493 cognatus,
1533 1439 1619 1476 res
1672 1441 1842 1476 novas
1872 1424 2116 1484 molitus,
2175 1437 2266 1474 co-

690 1517 807 1581 pias
860 1531 1083 1584 magnas
1113 1517 1407 1578 contraxit,
1452 1515 1655 1583 quibus
1709 1515 1969 1581 Cltagano
2005 1527 2269 1582 congres-

691 1625 782 1662 sus
818 1610 1077 1677 superior
1107 1609 1206 1660 fuit
1244 1609 1344 1676 (l).
1377 1611 1445 1659 At
1477 1607 1570 1661 ille
1607 1607 1728 1660 aliis
1762 1607 1940 1660 tribus
1993 1605 2268 1675 Cltaganis

691 1704 743 1755 in
768 1703 1082 1755 societatem
1122 1701 1249 1754 belli
1300 1702 1531 1766 vocalis,
1579 1712 1771 1755 centra
1810 1713 2102 1770 tyrannum
2140 1715 2268 1770 pro-

690 1810 909 1861 gressus
942 1802 1024 1846 est
1067 1810 1079 1845 :
1113 1802 1169 1845 et
1200 1809 1378 1862 pugna
1412 1794 1475 1845 ad
1526 1793 1810 1845 eastellutu
1851 1791 1966 1846 Icar
1999 1790 2264 1845 commis-

692 1898 771 1949 sa,
809 1884 950 1936 inter
976 1883 1153 1936 cmdes
1183 1886 1381 1935 multas
1417 1893 1705 1950 tyrannum
1759 1883 2060 1948 interemit,
2094 1891 2149 1934 et
2179 1880 2266 1934 di-
2297 1864 2340 1922 Β

693 1975 894 2026 tionem
927 1988 1081 2026 suam
1119 1974 1482 2041 recuperavit.
1517 1974 1773 2026 Victoria:
1819 1975 1939 2042 ejus
1968 1973 2265 2042 gratulatio

693 2080 812 2116 rum
844 2064 966 2117 aliis
993 2064 1357 2131 principibus,
1385 2073 1499 2116 tum
1533 2065 1794 2117 Mauricio
1825 2065 1927 2132 ipsi
1960 2076 2045 2118 est
2098 2066 2269 2134 signi-

693 2154 870 2209 ﬁcata.
932 2156 1270 2209 Prtmmium
1327 2142 1710 2223 gratulationis
1765 2157 1887 2225 ejus
1944 2159 2051 2211 tale
2112 2159 2262 2211 luit:

699 2266 716 2299 ι
755 2249 1123 2301 Romanorum
1160 2247 1474 2314 imperatori
1518 2263 1750 2317 magnus
1772 2247 2031 2317 deSpotcs
2055 2257 2266 2317 septem

693 2339 958 2408 gentium,
1005 2347 1060 2392 et
1094 2349 1304 2407 septem
1332 2340 1483 2392 orbis
1545 2349 1706 2393 terra:
1752 2339 2034 2392 climatum
2085 2339 2268 2392 domi-

694 2448 818 2487 nus.
858 2451 876 2486 ›
912 2433 1204 2485 Enimvero
1238 2442 1480 2486 montem
1521 2432 1664 2496 lcar,
1706 2447 1934 2485 aureum
1967 2432 2270 2485 Persam-o-

694 2537 823 2581 cant
844 2567 858 2591 ,
893 2526 1159 2578 orientem
1193 2540 1386 2577 versus
1418 2525 1605 2588 situm,
1637 2535 1925 2594 prepterea
1957 2523 2104 2591 quod
2154 2522 2272 2574 frtr-

693 2634 818 2688 gum
870 2628 953 2672 est
990 2617 1385 2681 feracissimus,
1447 2617 1847 2693 pecoribuSque
1901 2625 1957 2668 et
2009 2615 2272 2686 jumentis

691 2708 1194 2780 frequentissimus.
1232 2708 1411 2761 Persis
1435 2716 1616 2761 autem
1657 2708 1741 2761 lex
1769 2719 1870 2768 est,
1899 2718 1958 2760 ut
2003 2707 2272 2775 potentis-

691 2807 831 2859 simo
861 2785 1115 2872 Clta‘gano
1151 2788 1379 2855 aureum
1432 2799 1579 2854 hunc
1643 2807 1884 2853 montem
1944 2800 2271 2870 concedant.

694 2899 862 2952 Iidem
894 2897 1108 2951 duabus
1165 2897 1315 2950 hisce
1350 2894 1517 2948 rebus
1573 2909 1801 2963 prorsus
1855 2909 1914 2948 se
1970 2894 2272 2964 gloriantes

693 2991 968 3055 eli‘erunt,
1017 2989 1163 3060 quod
1217 3003 1500 3056 nunquam
1559 2979 1887 3056 epidétuiam
1949 2987 2274 3055 pestilentia:

694 3083 958 3148 viderint,
986 3093 1040 3136 et
1066 3080 1210 3151 quod
1247 3081 1351 3134 rari
1407 3080 1462 3133 iu
1519 3079 1740 3149 regione
1786 3095 1978 3133 eorum
2012 3080 2124 3134 sint
2157 3087 2270 3133 ter-

2368 595 2531 645 τοῦτο
2562 591 2766 661 μᾶλλον
2798 589 2859 641 τὸ
2903 587 3070 655 φῦλον
3124 585 3551 653 ἐντρεχέστατον
3581 584 3673 634 καὶ
3723 581 3951 650 πολεμιο

2369 687 2613 736 κὼτατον
2648 678 2812 734 εἶναι.
2868 679 3086 746 Ἀμέλει
3119 694 3199 728 τοι
3248 677 3337 727 καὶ
3373 677 3540 743 μέχρι
3580 673 3673 726 τοῦ
3709 673 3874 743 δεῦρο
3901 675 3950 724 oi

2367 775 2711 843 ψευδὰεαρες
2749 765 2894 824 οὗτοι
2927 773 2991 839 τῇ
3027 768 3134 820 τῶν
3163 765 3337 834 γενῶν
3368 765 3509 833 ἀρχῇ
3545 763 3869 832 διῄρηνται·
3903 763 3951 813 οἱ

2373 868 2473 934 μὲν
2507 868 2614 935 γὰρ
2644 866 2703 915 ἐκ
2730 863 2824 916 τοῦ
2863 864 3033 931 Οὐαρ,
3078 863 3126 911 οἱ
3159 859 3202 910 δ’
3233 859 3294 909 ἐκ
3326 858 3419 910 τοῦ
3455 857 3620 908 Χουνι
3652 853 3954 923 ὀνομάζον·

2368 975 2480 1010 ται.
2544 956 2694 1008 Ἐπεὶ
2744 955 2799 1006 δέ
2861 954 2927 1006 τὰ
2971 954 3082 1006 τῶν
3117 951 3479 1020 ψευδαοάρων
3522 949 3654 1019 ἡμῖν
3707 948 3948 1018 εἴρηται,

2371 1053 2460 1101 ἐπὶ
2488 1049 2548 1100 τὸ
2577 1047 2675 1116 τῆς
2710 1046 2953 1116 ίστορὶας
2988 1044 3207 1112 συνεχὲς
3245 1040 3648 1108 ἐπανέλθωμεν.
3695 1039 3952 1109 Ὀγορλίσι

2369 1142 2550 1192 τοίνυν
2587 1140 2968 1210 νενικημένου,
3006 1139 3099 1190 καὶ
3141 1136 3236 1187 τοῦ
3281 1135 3489 1202 Tox)be
3539 1134 3803 1203 ἐθνάρχου
3832 1132 3927 1185 στό

2374 1250 2508 1302 ματι
2543 1232 2816 1302 ῥομφαίας
2845 1230 2978 1299 πρὸς
3006 1229 3263 1296 Χαγάιου
3292 1228 3663 1297 ἐκδεδομένου,
3698 1229 3795 1279 σὺν
3822 1227 3952 1279 τού.

2369 1342 2482 1386 τοι,
2517 1325 2876 1394 ἀναιροῦνται
2925 1324 3022 1390 τῆς
3055 1321 3235 1374 αὐτῶν
3267 1320 3444 1389 φυλῆς
3498 1319 3760 1390 μυριάδες
3799 1318 3951 1387 τριά-

2373 1435 2554 1481 κοντα,
2597 1416 2670 1476 ὡς
2701 1415 2817 1467 όδὶν
2865 1415 3094 1484 ἡμερῶν
3126 1415 3344 1482 ἐπέχειν
3391 1413 3489 1482 τὴν
3524 1414 3629 1465 τῶν
3663 1411 3951 1462 πεπτωκό-

2371 1528 2479 1561 των
2529 1509 2801 1576 σωμάτων
2852 1509 3160 1574 συνέχειαν.
3208 1507 3320 1575 Τῆς
3367 1505 3421 1557 δέ
3463 1504 3616 1571 νίκης
3664 1502 3950 1574 ἐπιφανῶς

2371 1601 2631 1668 τοιαύτης
2682 1601 2758 1668 τῷ
2792 1601 3030 1668 Χαγόινῳ
3088 1597 3491 1666 γεγενημένης,
3527 1595 3786 1664 ἐμφύλιος
3838 1598 3952 1655 τοῖς

2371 1695 2642 1763 Τούρκοις
2677 1694 2982 1760 ἐπιγίνεται
3013 1692 3272 1762 πόλεμος.
3307 1691 3549 1760 Τουροὶν
3591 1690 3698 1757 γάρ
3730 1705 3812 1747 τις
3839 1689 3956 1740 Χιμ-

2371 1789 2524 1856 γανῳ
2571 1786 2649 1854 τῷ
2693 1786 2840 1853 γένει
2898 1786 3217 1856 προσήκων,
3276 1782 3621 1849 νεωτερίζειν
3675 1780 3909 1834 ἐπέϐαλε
3939 1797 3954 1811 ·

2372 1884 2467 1934 καὶ
2515 1882 2775 1949 δυνάμεις
2832 1881 3076 1946 μεγάλας
3121 1874 3408 1948 ἀθροίσας,
3441 1877 3696 1944 Χαγὰνου
3726 1877 3958 1944 ἐπικρχ-
4025 1918 4028 1920 ν

2373 1974 2630 2043 τέστερος
2681 1969 2768 2042 ἧν.
2813 1973 3049 2034 Ἐκεῖνος
3100 1970 3146 2022 δ’
3193 1972 3414 2038 ἑτέρους
3461 1973 3610 2039 τρεῖς
3663 1970 3954 2036 Χαγανους
4033 1993 4035 1995 ί

2373 2069 2814 2137 ἑταιρισάμενος,
2864 2066 3045 2118 ἔπεισι
3106 2063 3184 2134 τῷ
3217 2064 3503 2133 τυράννῳ·
3537 2063 3631 2115 καὶ
3687 2064 3823 2132 πρὸς
3876 2063 3956 2131 τῷ

2385 2161 2535 2230 Ἰκὰρ
2566 2162 2755 2230 χωρίῳ
2785 2158 3100 2228 συμϐαλὼν,
3129 2157 3333 2210 κτείνει
3365 2157 3454 2208 τὸν
3481 2155 3750 2225 τύραννον
3787 2154 3952 2221 φόνου

2372 2253 2572 2306 πολλοῦ
2602 2252 2989 2321 προελθόντος,
3022 2251 3120 2303 καὶ
3143 2249 3242 2319 τῆς
3285 2250 3420 2312 ἰδίας
3446 2246 3601 2305 αὖθις
3639 2247 3822 2316 χώρας
3859 2265 3955 2299 κα-

2372 2342 2619 2394 θίσταται
2650 2340 2862 2410 κύριος.
2911 2340 2992 2392 ἰἀ
3019 2339 3066 2391 δ’
3107 2338 3354 2392 ἐπινίκια
3389 2342 3500 2401 τοῖς
3535 2356 3594 2389 τε
3645 2339 3825 2399 ἄλλοις
3861 2339 3957 2389 καὶ

2373 2433 2671 2501 Μαυρικξῳ
2695 2431 3049 2501 διεμηνύετο,
3080 2430 3254 2484 ταῦτα
3281 2433 3338 2482 ἐν
3369 2431 3678 2501 προοιμίοις
3711 2430 3956 2499 γράψας,

2380 2542 2397 2572 ι
2441 2524 2530 2593 Τῷ
2593 2524 2803 2593 βασιλεί
2856 2525 2964 2575 τῶν
3015 2523 3306 2592 Ῥωμαίων
3352 2524 3378 2575 ὁ
3439 2525 3614 2592 μέγας
3662 2523 3953 2591 δεσπότης,

2375 2618 2515 2667 ἑπτὰ
2547 2616 2722 2683 γενῶν
2779 2617 2875 2668 καὶ
2906 2617 3095 2685 κύριος
3150 2618 3435 2686 κλιμάτων
3481 2620 3579 2686 τῆς
3627 2613 3956 2689 οἰκουμένης

2375 2710 2537 2762 ἑπτά.
2574 2729 2592 2761 ο
2631 2711 2703 2761 Τὸ
2732 2710 2786 2763 δέ
2818 2712 2942 2781 ὅρος
2976 2713 3036 2762 τὸ
3081 2711 3231 2779 Ἰκὰρ
3269 2710 3507 2780 χρυσοῦν
3537 2714 3584 2762 oi
3621 2713 3832 2782 Πέρσαι
3859 2729 3959 2763 κα-

2375 2799 2560 2851 λοῦσιν
2592 2803 2683 2851 ἐπὶ
2717 2801 2817 2864 τὰς
2860 2801 3132 2862 ανατολας
3168 2803 3287 2869 ἔλον
3309 2801 3407 2870 τὴν
3441 2801 3676 2870 ἵδρυσιν.
3709 2802 3872 2853 υῦτω
3899 2803 3958 2853 δὲ

2377 2889 2623 2942 καλεῖται
2651 2891 2741 2943 διὰ
2771 2892 2831 2943 τὸ
2859 2892 3079 2960 δαψιλὲς
3112 2891 3221 2944 τῶν
3248 2895 3302 2944 ἐν
3323 2894 3472 2963 αύτῷ
3503 2896 3790 2963 φυομένων
3819 2911 3961 2963 καρο

2377 2982 2519 3046 πῶν,
2555 2985 2647 3034 καὶ
2691 2983 2778 3035 διὰ.
2821 2985 2880 3035 τὸ
2922 2987 3238 3053 κατάκομον
3277 2981 3419 3039 εἶναι
3470 2987 3807 3057 θρεμμάτων
3866 2989 3962 3041 καὶ

2377 3077 2702 3146 νωτοφόρων
2757 3076 2913 3139 ζώων
2961 3079 3017 3140 ἐς
3077 3078 3338 3146 μάλιστα.
3392 3079 3576 3148 Νόμος
3608 3081 3663 3133 δὲ
3718 3082 3961 3150 Πέρσαις

695 3185 974 3229 rauuotus.
1008 3172 1235 3228 Terram
1267 3165 1450 3227 autem
1482 3173 1653 3228 Caatlt
1688 3185 1742 3226 et
1775 3171 2119 3242 Sogdoancm
2135 3187 2270 3226 cou-
2303 3221 2305 3246 ι

2380 3169 2456 3239 τῷ
2489 3170 2935 3239 ἐπικρατεστέρῳ
2963 3169 3201 3240 Χα-,ἀνῳ
3230 3171 3324 3223 τοῦ
3355 3172 3562 3242 χρυσοῦ
3593 3173 3755 3242 ὅρους
3781 3191 3966 3244 παρα-

696 3268 980 3320 cussiones
995 3276 1049 3320 et
1079 3266 1418 3334 pestilentias
1442 3266 1676 3333 experiri
1708 3264 1919 3318 dicunt.
1948 3265 2114 3319 Turei
2138 3280 2273 3319 sane

696 3374 1049 3428 summopere
1079 3359 1257 3428 ignem
1295 3359 1503 3421 colunt,
1535 3373 1718 3412 aerem
1775 3370 1828 3413 el
1861 3375 2058 3427 aquam
2101 3360 2278 3412 bono-

695 3462 840 3514 rant,
877 3461 1074 3504 terram
1104 3451 1324 3520 hymnis
1353 3452 1654 3518 celebrant,
1684 3462 1738 3505 et
1781 3467 1900 3506 eam
1940 3452 2109 3504 solam
2141 3452 2275 3504 ado-

696 3555 840 3609 rant,
870 3543 1175 3611 Deumque,
1207 3544 1299 3608 qui
1324 3544 1524 3598 ccelum
1549 3553 1605 3597 et
1639 3555 1836 3598 terram
1863 3544 2128 3608 condidit,
2178 3560 2278 3598 tto-

698 3640 910 3692 tninant
947 3658 960 3692 :
996 3641 1082 3692 cui
1115 3639 1281 3693 etiam
1314 3639 1494 3708 equis,
1551 3640 1747 3706 bubus,
1786 3649 1841 3693 et
1867 3640 2065 3694 ovibus
2101 3640 2276 3694 sacri-

697 3733 884 3785 licaut.
933 3730 1261 3785 Sacerdotes
1290 3745 1510 3800 quoque
1571 3731 1794 3796 habent,
1844 3733 1937 3801 qui
1979 3732 2049 3786 de
2113 3735 2278 3788 rebus

695 3825 896 3878 futuris
926 3823 1175 3878 divinare
1238 3825 1627 3878 existimantur
1692 3844 1704 3878 :
1741 3826 1882 3894 apud
1925 3825 2112 3880 Medos
2147 3842 2278 3881 vero

695 3927 903 3986 septem
937 3916 1121 3985 populi
1155 3916 1399 3980 ordines,
1455 3931 1544 3969 res
1595 3918 1902 3986 praecipuas
1956 3918 2272 3986 expediunt.

695 4011 762 4063 Et
797 4011 879 4064 lex
909 4011 1129 4078 antiqua
1159 4009 1352 4078 partiri
1400 4007 1559 4062 aliter
1591 4011 1807 4079 negotia
1842 4027 1948 4064 non
1983 4011 2274 4080 permittit.

694 4102 863 4172 848
887 4102 987 4166 Qui
1014 4103 1162 4155 enim
1191 4103 1580 4157 Arsacidarum
1618 4104 1755 4156 ordo
1779 4104 2004 4170 dicitur,
2045 4121 2274 4175 regnum

695 4196 838 4261 apud
877 4209 935 4247 se
970 4196 1193 4257 retinet,
1244 4201 1300 4247 et
1347 4195 1468 4263 regi
1515 4195 1766 4249 diadema
1825 4196 2080 4263 imponit.
2126 4196 2276 4250 Ordo

696 4285 840 4339 alius
880 4286 956 4338 rei
990 4286 1215 4340 militari
1253 4295 1451 4354 praeest
1513 4303 1528 4340 :
1570 4287 1662 4339 alii
1725 4287 1915 4355 politia
1978 4303 2124 4341 cura:
2168 4299 2274 4343 est.

625 4393 627 4395 ·
695 4375 852 4428 Alius
904 4376 1312 4429 controversias
1373 4375 1440 4430 de
1501 4376 1760 4446 quopiam
1794 4418 1807 4442 ,
1858 4378 2005 4445 quod
2056 4379 2269 4432 arbitro

695 4469 878 4540 judice
913 4470 1176 4536 indigeat,
1224 4470 1368 4522 inter
1415 4470 1761 4539 ambigentes
1797 4483 2017 4524 exortas
2043 4473 2268 4526 decidit.

697 4561 932 4626 Quintus
963 4561 1148 4629 populi
1185 4561 1321 4612 ordo
1352 4563 1570 4629 equites
1602 4563 1763 4631 regit.
1793 4561 1897 4627 Qui
1957 4563 2104 4616 hunc
2138 4580 2272 4617 cou—
2305 4541 2352 4600 Β

698 4654 968 4721 sequitur,
1004 4654 1268 4706 tributum
1306 4668 1336 4705 a
1365 4653 1580 4708 civibus
1609 4664 1663 4708 et
1715 4655 1954 4708 subditis
1988 4655 2182 4725 exigit,
2220 4666 2276 4710 et

699 4746 848 4814 regio
875 4744 1069 4796 aerario
1089 4755 1304 4811 prarest.
1335 4745 1617 4814 Septimus
1641 4747 1783 4814 regis
1807 4761 1981 4815 equos
2010 4757 2192 4811 curat,
2221 4756 2277 4800 et

698 4845 904 4890 vestem
934 4835 1224 4888 militarem
1265 4847 1468 4890 servat.
1502 4836 1674 4890 Hasce
1705 4838 1852 4905 leges
1879 4839 1931 4890 in
1977 4839 2101 4891 aula
2130 4823 2276 4906 regia

699 4927 922 4981 Darium
955 4927 1048 4995 qui
1085 4925 1374 4996 llystaspis
1405 4927 1586 4981 dictus
1619 4938 1725 4992 est,
1770 4943 2018 4982 sacrasse
2066 4929 2273 4982 ferunt.

699 5020 968 5072 Caeterum
997 5034 1059 5071 ea
1092 5028 1249 5091 attate
1278 5018 1442 5073 Turei
1478 5019 1556 5074 illi
1599 5035 1661 5073 ex
1696 5018 1801 5072 Var
1828 5030 1884 5075 ot
1933 5020 2113 5074 Cltuui
2147 5037 2276 5091 pro.

707 5112 1002 5179 fugientes,
1040 5112 1092 5164 in
1152 5109 1430 5179 Europam
1465 5122 1755 5176 venerunt,
1787 5123 1842 5167 et
1877 5130 1934 5169 se
1985 5115 2276 5179 Abaribus,

701 5204 794 5271 qui
823 5210 924 5256 sub
965 5201 1222 5267 Cltagano
1251 5214 1411 5257 erant
1438 5206 1504 5257 ad
1560 5205 1749 5261 decem
1781 5207 1883 5275 ipsi
1916 5207 2150 5261 millium
2179 5225 2280 5260 ttu-

707 5309 917 5346 tuerum
945 5295 1342 5362 pertingvntes,
1372 5297 2063 5366 conjunxere.ITurcorum
2094 5309 2279 5352 autt-tu

701 5386 1052 5439 Orientalium
1117 5387 1408 5455 Chagauus
1449 5390 1590 5442 bello
1621 5392 1768 5443 civili
1823 5390 2097 5457 confecto,
2156 5407 2279 5459 pru-

701 5493 860 5546 Sperc
889 5493 977 5533 res
1005 5478 1432 5545 administravit,
1475 5491 1529 5534 et
1563 5483 1744 5535 missis
1787 5482 1851 5535 ad
1903 5484 2109 5536 iueolas
2139 5483 2280 5536 Tau-

702 5579 815 5637 εδει
837 5570 1051 5638 legatis,
1073 5573 1384 5625 l'wduscum
1407 5573 1515 5626 illis
1533 5574 1835 5644 legitimum
1863 5573 2008 5637 iniit,
2027 5591 2280 5644 regnum-

705 5676 811 5728 que
860 5676 1022 5715 suum
1077 5665 1313 5732 pacavit.
1368 5665 1631 5734 Princeps
1691 5683 1818 5720 κει-υ
1879 5667 1932 5719 in
1973 5667 2277 5751 "l‘attgast,

2382 3264 2602 3332 χωρεῖν.
2636 3261 2768 3312 Δυσὶ
2813 3263 2869 3313 δὲ
2914 3264 3006 3314 καὶ
3031 3262 3244 3326 τούτοις
3277 3265 3352 3326 ὡς
3383 3266 3586 3317 ἐπίπαν
3614 3269 3823 3336 Πέρσαι
3861 3286 3963 3338 με·

2380 3355 2734 3422 γαλαυλοῦσι,
2766 3354 2844 3423 τῷ
2900 3355 3172 3424 μηδέποτε
3223 3358 3433 3427 λοιμῶν
3487 3361 3789 3430 ἐπιδημίαν
3834 3365 3965 3416 0εᾶ-

2383 3448 2531 3511 σθαι,
2588 3448 2682 3498 καὶ
2736 3448 2814 3515 τῷ
2868 3450 3063 3522 σπάνιν
3115 3451 3360 3519 σεισμῶν
3411 3455 3550 3505 κατὰ
3590 3455 3688 3524 τὴν
3734 3459 3964 3510 ἐκείνων

2380 3537 2522 3592 εἶναι
2554 3542 2760 3611 χώραν.
2793 3543 2902 3611 Τήν
2950 3559 3012 3610 γε
3047 3543 3153 3613 μὴν
3187 3545 3342 3598 Κααο
3383 3548 3474 3600 καὶ
3523 3548 3831 3620 Σογδοανην
3859 3555 3960 3603 καὶ

2383 3634 2623 3702 σεισμῶν
2653 3635 2749 3686 καί
2783 3634 2988 3703 λοιμῶν
3019 3637 3074 3686 ἐν
3109 3637 3277 3708 πείρα
3302 3639 3560 3705 γενέσθαι
3591 3643 3777 3710 φασίν.
3817 3646 3882 3696 Ul
3906 3646 3962 3697 ae
3999 3697 4002 3700 ,

2381 3726 2617 3798 Τοῦρκοι
2665 3727 2811 3798 μάλα
2859 3729 3105 3792 ἐκτόπως
3144 3717 3350 3798 τιμῶσι
3399 3732 3460 3784 τὸ
3509 3733 3642 3803 πῦρ.
3689 3738 3854 3808 Ἀέρα
3905 3742 3964 3792 δὲ

2381 3821 2473 3873 καὶ
2502 3821 2646 3892 ὕδωρ
2677 3824 3003 3892 γεραίρουσι
3030 3839 3043 3852 ⁸
3063 3827 3167 3895 γῆν
3199 3825 3256 3878 δὲ
3294 3827 3549 3896 ὑμνοῦσι,
3587 3832 3965 3898 προσκυνοῦσι

2379 3912 2435 3963 δὲ
2473 3911 2613 3983 μόνῃ
2654 3912 2866 3984 ταύτῃ·
2917 3915 3009 3966 καὶ
3065 3914 3198 3967 Θεὸν
3230 3917 3559 3986 ὀνομάζουσι
3589 3923 3681 3973 τὸν
3729 3925 3829 3994 τὴν
3858 3928 3965 3996 γῆν

2381 4005 2474 4055 καὶ
2496 4004 2586 4056 τὸν
2615 4006 2849 4074 οὐρανὸν
2883 4007 3222 4076 πεποιηκότα
3247 4025 3258 4037 ·
3293 4005 3337 4076 t'p
3361 4011 3453 4062 καὶ
3485 4011 3706 4064 θύουσιν
3737 4017 3964 4078 ἵππους,

2381 4099 2506 4167 βόας
2538 4097 2633 4151 καὶ
2685 4099 2937 4167 πρόϐατα
2967 4115 2980 4129 ·
3028 4105 3123 4152 καὶ
3158 4101 3323 4171 ἱερεῖς
3374 4107 3729 4174 κεκτημένοι,
3766 4109 3817 4160 οἶ
3873 4115 3968 4164 καὶ

2377 4192 2479 4258 τὴν
2510 4190 2619 4242 τῶν
2649 4190 2957 4259 μελλόντων
2991 4191 3243 4244 δοκοῦσιν
3271 4195 3586 4250 ἐκτίθεσθαι
3615 4202 3967 4272 προαγόρευ-

2382 4299 2467 4334 σιν
2491 4299 2506 4313 ·
2547 4283 2740 4352 δήμοις
2768 4283 2813 4335 δ’
2862 4285 3002 4337 ἐπτέι
3036 4287 3190 4353 παρὰ
3220 4288 3427 4357 Μήδοις
3466 4292 3522 4342 ai
3549 4293 3659 4344 τῶν
3699 4298 3965 4363 πράξεων

2380 4377 2560 4445 τίμιαι
2586 4376 2924 4428 διαλύονται·
2946 4378 3100 4446 νόμῳ
3126 4379 3410 4451 πρεσϐύτῃ
3440 4384 3512 4450 μὴ
3542 4383 3719 4446 ἄλλως
3744 4390 3968 4443 εἰωθότι

2383 4467 2846 4537 κληρονομείσοαι
2884 4470 2952 4520 τὰ
2983 4471 3290 4541 πράγματα
3313 4489 3326 4502 ·
3365 4476 3456 4525 τὸν
3487 4476 3588 4544 μὲν
3631 4477 3725 4530 οὖν
3760 4455 3975 4549 ’Λρσαέ

2380 4562 2535 4629 κίδην
2578 4562 2971 4631 ἐπιλεγόμενον
2999 4563 3175 4634 δῆμον
3222 4568 3322 4633 τὴν
3350 4566 3633 4634 βασιλείαν
3677 4577 3964 4644 κατέχειν,

2381 4655 2477 4706 καὶ
2508 4653 2702 4706 τοῦτον
2731 4655 3082 4726 περιϐάλλειν
3120 4656 3331 4724 βασιλεί
3375 4661 3434 4711 τὸ
3462 4661 3701 4733 διάδημα
3729 4681 3742 4695 ⁸
3797 4668 3965 4721 ἄλλον

2379 4743 2435 4796 δέ
2459 4743 2632 4814 δῆμον
2663 4745 2762 4816 τῆς
2792 4747 3103 4817 πολεμικῆς
3133 4753 3465 4817 προεστάναι
3491 4755 3824 4822 συντάξεως.
3850 4761 3966 4814 Καὶ

2380 4838 2555 4907 ὲτέρῳ
2609 4839 2666 4892 αἱ
2703 4839 2982 4892 πολιτικαὶ
3026 4843 3305 4910 φροντίδες
3353 4846 3692 4900 ἀνάκεινται.
3731 4851 3963 4922 Ἕτερος

2378 4927 2436 4979 δὲ
2484 4928 2584 4991 τὰς
2633 4931 2899 4998 διαφορὰς
2943 4930 3152 4984 διαλύει
3187 4933 3296 4986 τῶν
3349 4937 3476 5006 περί
3505 4955 3556 4988 τι
3591 4955 3965 4996 καταστασια-

2379 5017 2586 5083 ζόντων
2635 5023 2731 5074 καὶ
2789 5022 3069 5090 διαιτητοῦ
3135 5025 3428 5096 δεομένων.
3485 5029 3544 5082 '0
3592 5031 3649 5083 δὲ
3703 5035 3962 5103 πέμπτος

2380 5111 2597 5178 ἡγεῖται
2635 5112 2734 5181 τῆς
2767 5113 2936 5165 ἵππου
2966 5131 2982 5144 ·
3026 5115 3121 5168 τὸν
3151 5117 3207 5169 δὲ
3244 5120 3384 5186 μετᾶ
3415 5119 3606 5174 τοῦτον
3638 5128 3964 5196 φορολογεῖν

2378 5202 2440 5254 τὸ
2474 5203 2734 5274 ὑπήκοον,
2769 5209 2858 5258 καὶ
2896 5208 2996 5259 τῶν
3029 5207 3329 5278 βασιλικῶν
3361 5217 3608 5282 ταμείων
3639 5220 3835 5290 ἐςορον
3866 5239 3964 5274 πε-

2381 5298 2615 5360 φυκέναι
2635 5313 2649 5325 ο
2686 5298 2778 5349 τὸν
2809 5299 2865 5349 δέ
2893 5299 3147 5368 ἕϐδομον,
3179 5303 3453 5373 κηδεμόνα
3480 5309 3590 5360 τῶν
3622 5311 3834 5378 ἵππων,
3865 5317 3962 5368 καὶ

2381 5385 2684 5452 πολεμικῆς
2740 5388 2964 5456 ἐσθῆτος
3007 5392 3348 5456 ἐπιστατεῖν,
3393 5397 3642 5464 Δαρείου,
3678 5399 3753 5463 ὥς
3800 5420 3961 5471 φασι,

2379 5478 2474 5529 τοῦ
2525 5477 2835 5532 Ὑστάσπου
2867 5483 3077 5533 τουτονὶ
3104 5483 3193 5535 τὸν
3228 5485 3389 5552 νόμον
3431 5488 3486 5538 ὲν
3521 5493 3632 5552 τοῖς
3664 5492 3964 5562 βασιλείοις

2379 5570 2847 5638 ἐντεμενίσαντος.
2891 5574 3047 5625 Κατὰ
3077 5574 3132 5625 δὲ
3167 5577 3354 5630 τοῦτον
3394 5580 3485 5632 τὸν
3512 5584 3728 5650 χρόνον,
3759 5589 3824 5640 ἐκ
3853 5592 3964 5644 τῶν

2379 5665 2530 5734 υὺὰρ
2588 5666 2680 5717 καὶ
2711 5666 2877 5718 Χουνι
2926 5666 3104 5736 ἕτεροι
3142 5667 3251 5720 τῶν
3310 5671 3570 5746 Τούρκων
3624 5678 3966 5753 ἀποδράιτες

779 5841 853 5911 (ι)
880 5843 1151 5897 Confundi
1179 5845 1433 5899 videntur
1458 5846 1546 5900 ltic
1573 5846 1858 5902 Pet's;'.t‘ttm
1884 5857 1934 5903 et
1962 5849 2267 5904 Turcornm
2306 5849 2548 5905 nomina.
