4262 6446
359 417 462 482 393
1217 427 1816 487 ECCLESIASI‘ICE
1861 425 2248 484 IIISTOIIHS
2285 425 2429 482 LIB.
2477 422 2696 482 XVIII.

3499 421 3626 488 394.

355 528 550 598 πρώην
603 531 833 601 χάλκεον
873 534 1228 588 ὑπαλλάττων
1282 537 1499 600 σκεῦος,
1539 539 1599 589 το
1659 537 1913 604 ἀργύρεοπ

1964 541 2006 592 Α
2037 532 2207 585 cultui
2237 532 2503 583 divinitus
2533 529 2808 582 manantis
2834 528 3096 597 unguenti
3131 527 3180 578 id
3211 525 3445 579 maxime
3469 541 3602 579 con-

351 621 678 688 άντιτίοησι,
714 627 778 693 τῇ
813 626 1038 696 λατρεία
1066 628 1170 678 τῶν
1211 629 1519 697 οεορρύτων
1554 628 1742 697 μύρων
1771 627 1928 678 τοῦτο

352 712 500 778 μάλα
562 714 625 782 δὴ
676 717 958 785 προσῆκον
1015 718 1288 784 οἰόμενος.
1358 719 1464 770 Καὶ
1518 720 1544 768 6
1599 717 1698 785 μὲν
1757 717 1928 778 οὕτως

347 805 523 855 ἐποίει
548 821 561 834 ·
589 809 616 856 6
649 806 703 858 δὲ
745 808 990 874 ποταμός
1025 810 1134 860 τῶν
1169 810 1356 877 μύρων
1384 809 1687 877 άνείργετο.
1731 807 1797 860 'lI
1821 809 1927 876 γὰρ

348 895 564 962 μάρτυς
587 897 986 967 βδελυττομένη
1013 897 1076 952 τδ
1119 901 1286 968 μῦσος
1317 902 1414 970 τὴν
1448 901 1608 970 χάριν
1641 901 1927 953 συνέστελ-

343 986 435 1037 λεο
473 989 610 1057 μηδὲ
645 991 753 1055 γὰρ
787 988 928 1043 εἷναι
973 992 1193 1060 Θεμιτὸν
1241 995 1496 1064 ἄντικρυς
1525 995 1676 1060 ἔλεγε
1727 995 1819 1046 καὶ
1848 1011 1930 1045 σι-

341 1080 496 1143 γῶσα
562 1079 623 1130 τὸ
685 1083 928 1150 καθαρὴν
980 1082 1072 1134 τοῦ
1134 1085 1207 1152 μὴ
1267 1083 1510 1152 καθαροῦ
1563 1085 1924 1150 ἐφάπτεσθαι.

341 1170 503 1222 Τοῦτ’
526 1173 616 1223 ἐπὶ
636 1172 835 1233 πολλάς
865 1175 1077 1245 ἡμέρας
1098 1177 1384 1245 γινόμενον
1402 1180 1428 1230 ὁ
1456 1179 1634 1246 ἱερεὺς
1651 1177 1922 1242 διαγνοὺς,

341 1265 397 1313 ἐν
434 1264 595 1332 δεινῴ
629 1268 903 1318 ἐποιεῖτοο
941 1269 1034 1319 καὶ
1084 1271 1330 1335 φροντίσι
1368 1270 1637 1329 ποικίλαις
1673 1271 1924 1327 διεδονεῖ-

337 1374 418 1417 το,
463 1357 576 1423 εἴγε
607 1356 677 1409 δι’
700 1359 863 1410 αὑτοῦ
893 1361 924 1426 ἡ
957 1361 1254 1429 Ἐκκλησία
1280 1361 1373 1413 τοῦ
1407 1360 1662 1412 τοσούτου
1698 1361 1922 1430 χηρεύει

338 1443 532 1499 καλοῦ.
569 1448 765 1499 Ἔνθεν
794 1467 875 1501 τοι
909 1452 1004 1503 καὶ
1036 1452 1170 1518 προς
1221 1453 1431 1520 δάκρυα
1464 1453 1559 1504 καὶ
1579 1453 1791 1520 δεήσεις
1818 1472 1922 1523 χω-

343 1537 476 1604 ρῶν,
515 1539 878 1607 κατελιπάρει
906 1541 1040 1593 Θεὸν
1077 1541 1237 1594 λῦσαι
1277 1542 1435 1594 τοῦτο
1460 1545 1519 1594 τὸ
1546 1542 1710 1611 ἄχθος
1736 1545 1828 1596 καὶ
1863 1543 1924 1596 τὸ

337 1633 645 1700 μυστήριον
697 1634 972 1698 ἀναδεῖξαι
1002 1635 1096 1687 τοῦ
1133 1637 1459 1706 πράγματος
1483 1652 1496 1665 ·
1541 1637 1635 1690 καί
1686 1655 1747 1704 γε
1785 1635 1920 1690 Θεοῦ

333 1722 518 1782 καλῶς
575 1725 1024 1792 ἀποστραφέντος
1064 1729 1123 1779 τὸ
1186 1729 1379 1792 μύσος.
1428 1728 1520 1781 καὶ
1567 1729 1668 1798 τὴν
1699 1729 1921 1794 ἄγνοιαν

330 1811 564 1873 ἐνδίκως
600 1816 996 1882 οἰκτείραντος,
1051 1819 1328 1888 κατάδηλα
1361 1817 1425 1871 δι’
1461 1819 1687 1889 ὀνείρων
1746 1821 1924 1891 τούτῳ

327 1905 398 1955 τὰ
436 1905 534 1972 τῆς
567 1905 868 1976 δεξαμενῆς
923 1912 1159 1963 ἐποιεῖτο
1214 1911 1577 1980 βδελύγματα.
1617 1913 1719 1963 Καὶ
1754 1931 1929 1982 παρα-

327 2000 526 2064 χρῆμα
564 2001 663 2068 τὴν
697 2000 755 2064 ἐξ
803 2001 1050 2069 ἀργύρου
1111 1999 1311 2071 φιάλην
1362 2003 1635 2074 ύπεξῆγεν
1668 2008 1882 2075 εκείνην
1911 2022 1924 2036 ⁸

326 2090 430 2158 τὴν
450 2091 497 2142 δ’
523 2094 585 2142 ἐκ
616 2094 824 2162 χαλκοῦ
847 2095 1204 2162 πρεσϐύτιδα,
1236 2097 1425 2166 λάτριν
1454 2095 1608 2161 αὖθις
1641 2099 1713 2161 ὡς
1757 2100 1926 2168 ἁγνὴν

329 2183 666 2252 προστίθησι
710 2185 787 2253 τῷ
821 2185 1125 2255 σεδάσματι
1157 2182 1244 2239 οἷα
1289 2189 1557 2258 παρθένον
1597 2192 1688 2242 καὶ
1726 2192 1924 2258 ἄχραν-

323 2291 445 2328 τον.
483 2276 593 2327 Καὶ
651 2276 791 2344 δῆτα
837 2278 1021 2347 βλύζει
1051 2281 1362 2347 παραυτίκα
1411 2281 1575 2334 πάλιν
1607 2284 1665 2334 τὸ
1701 2285 1880 2354 μύρον
1907 2323 1923 2350 ,

325 2367 562 2419 καὶτῶν
593 2366 901 2437 ’ὒαυμάτων
956 2371 990 2438 ἡ
1033 2371 1189 2439 χύσις
1236 2368 1393 2434 αὖθις
1442 2373 1699 2442 πηγάζει,
1737 2376 1924 2442 Στηλι-

323 2460 556 2511 τεύεται
615 2460 672 2513 δὲ
704 2461 1045 2529 διαπρυσίως
1097 2465 1156 2514 τὸ
1216 2464 1521 2532 βδέλυγμασ
1557 2467 1650 2517 καὶ
1699 2469 1731 2534 ἡ
1770 2468 1924 2530 πόλις

323 2554 431 2619 τὴν
468 2553 740 2619 σ’,ςετέραν
777 2554 933 2613 αὖθις
987 2556 1378 2622 περιὸάλλεται
1411 2557 1589 2622 δόξαν.
1625 2555 1797 2609 Τοῦτο
1843 2561 1923 2621 εἰς

321 2639 446 2696 ὦτα
482 2645 560 2714 τῷ
596 2648 889 2713 κρατοῦντι
946 2647 1237 2715 ἀνενεχοὲν
1289 2649 1378 2700 διὰ
1421 2648 1516 2704 τοῦ
1557 2650 1656 2711 τῆς
1697 2652 1920 2720 πρώτης

322 2737 745 2807 ἐπειλημμένου
779 2739 989 2808 ἀρχῆς·
1039 2741 1294 2808 Ἰωάννης
1346 2739 1498 2804 οὗτος
1527 2744 1556 2794 ὁ
1605 2743 1920 2811 Νηστευτὴς

321 2826 443 2897 ἦν’
481 2832 582 2882 καὶ
637 2829 728 2882 ὑπ’
778 2831 943 2884 αὐτοῦ
991 2835 1072 2894 εἰς
1124 2834 1218 2886 τὸν
1251 2833 1362 2886 τῶν
1415 2836 1723 2888 καταδίκων
1761 2837 1921 2903 φόνον

321 2924 590 2989 tamen;
615 2927 643 2977 6
676 2925 915 2994 κρατῶν,
943 2925 1038 2977 τοῦ
1069 2927 1336 2996 βασιλέως
1371 2929 1665 2998 μεταμέλῳ
1701 2930 1792 2980 καὶ
1821 2946 1918 2998 με-

318 3011 522 3081 τινοίᾳ
555 3011 817 3065 ἰάσασθαι
867 3012 1197 3082 βουλομένου
1248 3015 1308 3067 τὸ
1352 3015 1627 3085 ἔγκλημα,
1660 3017 1918 3085 δικαστή-

327 3119 451 3171 ριον
511 3103 772 3171 μέγιστον
800 3105 1252 3172 συναθροίζεταιο
1307 3108 1402 3159 καὶ
1463 3108 1674 3178 γοήτων
1709 3107 1920 3178 πληθὺς

2037 625 2223 679 venire
2255 625 2576 678 arbitratus.
2607 624 2782 690 Atque
2821 621 2909 674 ille
2929 620 3151 689 quidem
3184 619 3287 671 hoc
3314 619 3392 670 sic
3447 616 3601 670 fecit.

2035 719 2206 772 Rivus
2239 727 2420 772 autem
2454 714 2720 786 unguenti
2753 714 3021 766 constitit.
3058 713 3259 781 .\lartyr
3290 710 3438 763 enim
3485 710 3603 778 ipsa

2034 808 2307 876 piaculum
2348 816 2558 859 tantum
2595 806 2886 864 detestata,
2920 804 3148 871 gratiam
3181 812 3236 855 et
3289 800 3494 854 donum
3550 799 3604 852 id

2030 899 2299 953 cohibuit.
2360 895 2794 966 Haudquaquam
2844 896 2991 949 enim
3066 893 3144 945 fas
3195 908 3338 953 esse,
3415 901 3604 944 tacens

2030 992 2196 1044 etiam
2229 990 2473 1053 diccbat,
2507 1002 2565 1043 ut
2597 989 2862 1043 mundum
2926 987 3214 1040 immundo
3246 984 3600 1051 contingere-

2033 1092 2142 1135 tur.
2179 1079 2293 1135 lloc
2327 1092 2618 1149 postquam
2654 1081 2850 1134 diebus
2883 1079 3136 1147 plurimis
3163 1074 3285 1129 fieri
3348 1073 3605 1141 cognorit

2029 1172 2347 1240 episcopus,
2385 1169 2590 1241 oppido
2613 1189 2773 1240 quam
2810 1173 3050 1241 graviter
3100 1170 3244 1232 tulit,
3308 1168 3603 1232 variasque

2029 1267 2268 1318 curasin
2301 1267 2488 1317 animo
2513 1266 2628 1332 ipse
2671 1279 2794 1326 suo,
2828 1266 2972 1330 quod
3003 1263 3177 1330 ipsius
3221 1261 3378 1329 culpa
3419 1257 3606 1311 Eccle-

2029 1355 2108 1407 sia
2139 1356 2525 1410 commoditate
2575 1364 2723 1409 tanta
2761 1355 2944 1408 orbari
3002 1355 3252 1412 deberet.
3309 1352 3600 1404 volutavit.

2029 1449 2269 1504 Proinde
2299 1450 2365 1503 ad
2400 1452 2670 1517 Iaerymas
2726 1457 2781 1502 et
2844 1463 3036 1516 preces
3106 1460 3431 1504 conversus,
3491 1444 3603 1497 Deo

2027 1543 2376 1610 supplicavit,
2410 1551 2468 1594 ut
2505 1542 2646 1594 lianc
2678 1556 2792 1593 rem
2837 1549 2942 1592 tam
2974 1554 3193 1607 gravem
3245 1537 3510 1595 auferret,
3546 1543 3602 1584 et

2027 1633 2154 1686 facti
2192 1635 2311 1702 ejus
2338 1649 2559 1686 causam
2594 1633 2856 1686 latentem
2891 1631 3234 1684 ostenderet.
3292 1630 3437 1682 Deus
3475 1642 3603 1679 vero

2026 1723 2129 1776 rite
2153 1722 2613 1776 abominationem
2643 1736 2761 1774 eam
2783 1723 3046 1775 amoliens
3069 1760 3086 1787 ,
3114 1729 3167 1775 et
3196 1720 3467 1773 insvitiam
3497 1719 3602 1769 mi-

2037 1815 2340 1868 sericordia
2364 1815 2609 1884 legitime
2638 1831 3002 1883 prosequens,
3034 1814 3264 1868 antistiti
3306 1815 3359 1867 in
3392 1811 3602 1866 somnis

1964 1877 1999 1931 Β
2034 1904 2204 1957 lancis
2236 1905 2512 1973 piaculum
2540 1906 2870 1960 manifestat.
2911 1907 3004 1959 Ille
3034 1907 3218 1960 statim
3285 1915 3596 1974 argenteam

2031 1998 2271 2065 phialam
2301 1999 2583 2062 subducit,
2617 2011 2673 2053 et
2706 2001 2946 2068 priorem
2983 2001 3127 2053 illam
3155 2015 3375 2058 mream.
3409 1998 3600 2066 periu-

2029 2091 2097 2144 dc
2129 2101 2292 2160 atque
2313 2108 2503 2160 puram
2535 2102 2588 2146 et
2624 2095 2775 2158 quasi
2805 2094 3073 2162 virginem
3107 2106 3272 2161 atque
3332 2094 3600 2145 inunacu-

2032 2183 2192 2236 Iatam
2220 2184 2523 2238 ministram
2547 2186 2719 2239 cultui
2750 2186 3008 2254 religioso
3045 2185 3309 2241 restituit.
3355 2185 3420 2238 Et
3469 2202 3598 2237 ecce

2031 2273 2126 2327 tibi
2156 2275 2455 2345 derepente
2480 2287 2818 2346 unguentum
2857 2292 3072 2330 rursum
3103 2278 3359 2340 scaturit,
3385 2289 3441 2330 et
3501 2281 3602 2328 mi-

2030 2369 2342 2420 raculorum
2368 2369 2510 2421 latex
2559 2369 2740 2422 denuo
2773 2369 3037 2424 exundat.
3077 2369 3356 2422 Piaculum
3413 2379 3596 2422 autem

2026 2465 2428 2514 exsecrandum
2462 2462 2755 2516 manifesto
2781 2462 2832 2514 in
2865 2475 3117 2530 apertum
3149 2463 3495 2532 producitur,
3543 2477 3599 2518 ct

2028 2569 2134 2606 non
2162 2554 2320 2607 aliter
2354 2571 2517 2623 quam
2553 2555 2607 2608 in
2643 2556 2877 2624 publicis
2899 2557 3171 2609 columnis
3203 2557 3438 2610 incisum
3468 2574 3598 2624 pro-

2029 2647 2273 2712 ponitur,
2307 2647 2543 2715 urbique
2572 2649 2747 2717 gloria
2784 2664 2884 2701 sua
2922 2650 3196 2702 redditur.
3229 2649 3301 2703 Ea
3356 2665 3446 2702 res
3499 2651 3596 2703 ubi

2024 2736 2089 2788 ad
2113 2735 2458 2804 imperatoris
2483 2753 2664 2800 aures,
2719 2755 2816 2806 per
2866 2741 3140 2807 primaria:
3192 2741 3339 2795 sedis
3386 2742 3598 2812 episco-

2026 2842 2152 2894 pum
2183 2827 2442 2896 (Joannes
2471 2829 2516 2881 is
2539 2828 2828 2898 Jejunatnr
2861 2833 3000 2899 erat)
3020 2833 3189 2885 relata
3205 2842 3314 2896 est,
3340 2835 3596 2903 princeps

2022 2919 2089 2970 ab
2116 2919 2308 2971 eodem
2347 2920 2610 2988 episcopo
2633 2921 2699 2974 ad
2739 2938 2862 2975 reos
2890 2924 3114 2990 capitali
3146 2924 3421 2993 supplicio
3473 2941 3595 2994 per-

2020 3010 2332 3077 sequendos
2358 3011 2630 3065 excitatus
2656 3023 2740 3066 est
2767 3014 2918 3082 (nam
2948 3015 2994 3067 is
3015 3016 3393 3084 resipiscentia
3427 3029 3593 3085 atque

2021 3103 2344 3170 paenitentia
2372 3105 2578 3158 crimen
2603 3107 2880 3173 corrigere
2908 3107 3139 3175 voluit);
3171 3110 3442 3178 judicium
3492 3111 3593 3180 igi-

321 3196 697 3263 ἐμφανίζεται
719 3212 734 3228 ·
778 3196 829 3249 οἳ
873 3199 969 3251 καὶ
997 3197 1156 3266 δεινῷ
1209 3198 1635 3268 περιπλακέντες
1663 3199 1910 3269 ἀφύκτῳ,

1964 3208 1985 3264 ;
2023 3200 2112 3244 tur
2136 3192 2434 3245 maximum
2473 3194 2709 3263 cogitur,
2757 3205 2813 3248 et
2860 3197 3233 3252 maleficor'um
3290 3201 3592 3256 multitudo

320 3288 532 3338 ἐκεῖνοι
566 3287 666 3354 μὲν
701 3288 838 3355 πρὸς
868 3288 1090 3340 κόλασιν
1126 3289 1439 3354 ὲξεδίδοντο,
1466 3291 1560 3351 τὰς
1607 3292 1917 3358 προσηκού-

321 3395 429 3440 σας
456 3379 650 3441 ποινὰς
692 3381 1145 3449 εἰσπραξόμενοι·
1181 3381 1210 3432 6
1242 3383 1300 3432 δέ
1335 3396 1396 3447 γε
1441 3381 1726 3446 Παυλῖνος,
1772 3381 1915 3453 ξύλῳ

319 3475 466 3543 προς
488 3473 549 3524 τὸ
583 3474 811 3536 ἄναντες
843 3474 1096 3544 κεχηνότι
1139 3477 1645 3543 ἀνασκολοπισοεὶς,
1675 3483 1914 3552 αἰσχρῶς

315 3568 382 3617 τὺ
453 3566 557 3635 ζῇν
622 3567 1074 3637 άπορῥήγνυσινο
1125 3570 1393 3640 πρότερον
1435 3573 1534 3642 τὴν
1573 3573 1669 3627 τοῦ
1725 3577 1912 3640 παιδὸς

314 3661 657 3730 τεθεαμένος
691 3663 909 3730 σφαγήν
933 3676 949 3692 ⁹
981 3656 1052 3732 ἦν
1084 3663 1192 3731 γὰρ
1229 3664 1292 3729 δὴ
1322 3665 1414 3716 καὶ
1465 3667 1613 3736 αὐτῷ
1649 3670 1911 3736 μεταδοὺς

313 3753 641 3820 ἀρκούντως
670 3755 767 3820 τῆς
795 3755 1011 3807 ἀνοσίου
1045 3760 1384 3825 μαγγανείας
1414 3761 1480 3811 τά
1497 3762 1904 3830 τερατεύματα.

316 3845 501 3898 Τοῦτο
552 3847 653 3914 μὲν
699 3847 764 3914 δὴ
804 3849 1084 3901 τοιοῦτονο
1119 3850 1147 3902 δ
1197 3851 1253 3902 δὲ
1313 3852 1407 3903 καὶ
1438 3852 1569 3905 ἄλλο
1603 3855 1909 3923 παράδοξον

310 3940 630 4008 διεπράχθη
677 3939 800 3992 κατ’
830 3943 1012 3995 ἐκεῖνο
1060 3944 1253 4013 καιροῦ
1289 3948 1354 4014 τῇ
1383 3945 1476 3997 τοῦ
1515 3947 1691 4013 Λόγου
1728 3948 1908 4019 Μητρὶ⁵

308 4033 678 4102 διηγήσομαι.

898 4144 1155 4202 ΚΕΦΑΛ.
1198 4148 1318 4200 Af".

308 4233 526 4314 Ὂςεως
560 4235 727 4314 ἀξία.
755 4236 892 4314 δίκη
914 4239 1148 4314 ⁵μετῄει
1176 4240 1390 4314 ςτοινὰς
1425 4243 1588 4314 sicin;
1608 4247 1904 4314 ταττομένη

383 4305 442 4358 οἳ
474 4308 631 4382 rem
656 4305 977 4382 τῆςᾲχνῆς
1005 4311 1376 4377 Θεομήτορος
1399 4305 1780 4382 βλάσφημον·
1809 4305 1904 4369 πελ

385 4377 682 4442 aur-lixam
719 4375 1012 4444 γλῶτταν.

380 4487 654 4555 Ἕλληνές
705 4504 853 4549 τινες
900 4488 960 4543 ἒν
994 4508 1100 4543 τινι
1136 4494 1424 4560 συμποσίῳ
1461 4495 1550 4546 ἐπ’
1580 4498 1728 4550 οἴκου
1757 4499 1902 4562 τινος

301 4580 440 4647 περὶ
470 4573 621 4630 οἶνον
669 4581 990 4648 ποιούμενοι
1031 4583 1130 4650 τὴν
1163 4585 1468 4655 διατριϐὴν,
1520 4590 1658 4656 μετὰ
1688 4590 1749 4641 τὸ
1781 4591 1902 4651 ἄρι-
1934 4566 1974 4619 D

301 4688 432 4722 στον
482 4671 610 4722 ἐπεὶ
642 4675 736 4723 καί
770 4674 971 4736 ἱκανῶς
1017 4675 1296 4746 διάϐροχοι
1339 4679 1416 4748 τῷ
1447 4681 1594 4749 πότῳ
1624 4683 1893 4748 ἐγένοντο,

298 4763 496 4814 ἔπειτα
555 4764 904 4833 βλασφημεῖν
948 4768 1269 4835 ἐπεχείρουν
1308 4770 1399 4822 καὶ
1429 4762 1792 4842 λόιδορεῖσθαι
1829 4776 1895 4845 τῇ

297 4854 394 4907 τοῦ
451 4857 635 4917 Λόγου
674 4856 884 4924 Μητρὶ,
917 4858 1231 4910 τελευταῖον
1272 4861 1350 4928 τῷ
1379 4863 1528 4930 πότῳ
1571 4865 1895 4934 σπούδασμα

296 4947 613 5009 ἐποιοῦντο,
645 4946 724 4998 ὅσ*
773 4949 840 5000 ἄν
871 4965 959 5010 τις
994 4951 1270 5019 ἐννοήσειε
1315 4953 1424 5004 τῶν
1460 4956 1680 5008 ἀτόπων
1701 4959 1897 5013 διατω-

297 5041 588 5104 Οάζοντες.
617 5044 713 5094 καὶ
736 5043 815 5117 τῷ
852 5043 954 5111 τῆς
982 5047 1297 5114 οἰκονομίας
1332 5052 1619 5120 μυστηρίῳ
1668 5055 1897 5121 ἐπεγγε-

296 5132 526 5192 λὼντες.
578 5132 732 5181 Ἐπεὶ
785 5132 841 5184 δὲ
884 5137 943 5186 τὸ
974 5135 1190 5186 ἀνόσιον
1244 5137 1507 5202 ἔγνωστο,
1543 5143 1740 5193 ἐκεῖνοι
1794 5145 1895 5211 μὲν

293 5223 394 5284 τῆς
429 5222 742 5275 ἀκολάστου
775 5224 1031 5290 γλώσσης
1060 5226 1216 5289 ἀξίας
1251 5229 1672 5298 εὶσεπράττοντο
1701 5233 1852 5295 δίκας
1877 5245 1889 5256 ·

291 5318 321 5366 ὁ
349 5315 410 5366 δὲ
437 5314 537 5366 τοῦ
570 5313 724 5365 οἴκου
751 5313 1018 5385 δεσπότης
1050 5317 1180 5369 ἔνθα
1227 5319 1528 5388 καθήμενοι
1561 5322 1657 5389 τῆς
1689 5324 1890 5376 ἀτόπου

295 5408 662 5475 βλασφημίας
702 5408 1085 5477 ἐνεφοροῦντο,
1121 5411 1326 5479 καίπερ
1363 5414 1461 5464 οὐκ
1515 5414 1758 5482 ἀμύητος
1792 5416 1889 5480 ὣν,

289 5502 415 5552 τότε
458 5501 583 5568 μὲν,
607 5499 684 5561 ὡς
718 5501 1004 5570 ἐγχωροῦν
1035 5503 1249 5572 ἐκείνῳ,
1299 5504 1481 5574 διέδρα
1510 5507 1599 5556 τὸν
1623 5506 1886 5559 κίνδυνον.

290 5593 364 5643 Ού
401 5590 594 5659 πολλῴ
625 5591 683 5642 δὲ
714 5590 966 5662 ὕστερον,
987 5595 1177 5655 νυκτὸς
1211 5596 1356 5662 αὐτῷ
1386 5598 1735 5665 κοιμωμένῳ,
1759 5601 1890 5666 ὄναρ

287 5685 322 5752 ή
363 5683 680 5751 Θεομήτωρ
714 5684 1005 5751 ἐφίσταται
1032 5701 1044 5713 ·
1081 5689 1146 5755 ἢν
1178 5689 1444 5756 ἐρομένην
1481 5689 1724 5758 ἀκριϐῶς
1767 5689 1889 5755 ἣτις

361 5868 446 5937 (Ι)
487 5867 548 5921 In
582 5879 810 5918 crucem
859 5865 1094 5918 scilicet.

546 5962 823 6021 Γιιτῐιυι.
859 5965 971 6024 Cn.
1009 5962 1292 6022 CXLVII.

2020 3283 2214 3351 ingens
2241 3284 2590 3352 producitur.
2619 3287 2722 3354 Qui
2749 3289 2802 3341 in
2836 3306 3054 3357 gravere
3091 3308 3374 3347 carcerem
3405 3297 3592 3365 conje-

2019 3374 2115 3436 cti,
2148 3374 2216 3428 ad
2245 3377 2537 3446 supplicia,
2567 3378 2785 3434 debitas
2819 3383 3151 3450 persoluturi
3203 3401 3414 3455 poenas,
3473 3396 3589 3442 tra-

2016 3466 2116 3521 diti
2137 3478 2286 3522 sunt.
2309 3471 2458 3524 Inter
2483 3487 2623 3541 quos
2643 3473 2905 3529 Paulinus
2929 3478 2982 3530 in
3008 3479 3193 3547 palum
3225 3496 3440 3536 summa
3467 3499 3589 3552 par-

2017 3569 2066 3614 te
2108 3562 2343 3618 hiantem
2367 3563 2442 3633 (ι)
2472 3575 2649 3628 actus,
2698 3569 2934 3636 turpiter
2990 3571 3158 3625 vitam
3213 3574 3398 3629 finiit:
3457 3592 3582 3630 cum

2013 3655 2171 3723 prius
2202 3656 2367 3710 caedis
2395 3657 2487 3710 ﬁlii
2518 3660 2602 3713 sui
2626 3670 2903 3729 spectator
2935 3661 3152 3718 fuisset.
3204 3666 3367 3735 852
3403 3669 3585 3738 Siqui-

2010 3748 2136 3802 dem
2179 3758 2236 3803 et
2261 3749 2408 3803 hunc
2430 3749 2650 3805 abunde
2685 3752 2866 3822 impiae
2894 3754 3209 3823 imposturze
3249 3768 3304 3811 et
3327 3759 3584 3816 maleficii

2011 3844 2280 3911 portentis
2300 3843 2593 3899 imbuerat.
2621 3844 2796 3915 Atque
2818 3846 2925 3901 hoc
2956 3847 3029 3901 ita
3059 3861 3142 3903 est
3169 3861 3402 3919 gestum.
3425 3855 3581 3920 Quod

2006 3950 2137 3989 vero
2169 3949 2368 4004 praeter
2397 3937 2714 4006 Opinionem
2742 3954 2961 3993 omnem
2994 3941 3140 3995 aliud
3163 3958 3190 3996 a
3221 3944 3379 3998 Verbi
3407 3954 3580 4000 matre

2007 4029 2470 4097 eodemtempore
2507 4040 2592 4084 est
2630 4039 2835 4091 actum,
2872 4032 2925 4085 id
2958 4048 3178 4103 quoque
3213 4035 3475 4090 referam.

2538 4141 2763 4199 CAPUT
2800 4143 3046 4200 XXXIII.

2009 4233 2071 4288 Ut
2101 4235 2288 4302 dignas
2315 4236 2548 4312 uindicta
2570 4238 2757 4312 _divina
2785 4245 3220 4312 panasexegerit
3262 4247 3324 4298 ab
3373 4247 3446 4298 eis
3487 4247 3578 4312 qui

2073 4313 2258 4385 contra
2325 4307 2729 4385 immaculatum
2780 4307 2879 4362 Dei
2932 4307 3157 4366 Matrem
3217 4307 3578 4385 blaspheme":

2076 4376 2192 4428 ausi
2218 4385 2342 4428 sunt
2368 4393 2571 4431 movere
2603 4376 2862 4449 linquant.

2075 4486 2247 4541 Graeci
2291 4490 2513 4558 quidam
2540 4493 2655 4546 sive
2689 4495 2947 4563 gentiles,
2976 4495 3032 4550 in
3090 4499 3378 4567 cujusdam
3412 4503 3575 4557 domo

2007 4579 2384 4645 convivautes,
2416 4591 2472 4636 et
2522 4583 2653 4639 vino
2701 4601 2820 4640 sese
2878 4589 3193 4652 imitantes,
3229 4606 3357 4662 post
3409 4614 3573 4666 pran-

2007 4671 2182 4734 dium,
2207 4673 2369 4728 simul
2396 4683 2560 4743 atque
2584 4677 2715 4730 satis
2742 4678 3087 4746 adbiberant,
3120 4683 3501 4753 blasphemare
3521 4703 3577 4746 et

2008 4762 2274 4818 conviciis
2301 4767 2658 4832 proscindere
2685 4769 2842 4824 Verbi
2873 4771 3100 4826 Matrem
3159 4791 3375 4846 erepere
3411 4795 3424 4831 :
3480 4797 3575 4850 po-

2006 4862 2271 4907 stremum
2306 4855 2410 4910 hoc
2434 4859 2830 4926 compotationi
2857 4863 3182 4920 adhibentes
3217 4870 3479 4936 studium,
3516 4886 3576 4928 ut

2005 4959 2344 5016 quacunque
2424 4949 2622 5018 aliquis
2702 4967 2893 5006 eorum
2967 4960 3287 5027 excogitare
3363 4974 3571 5030 posset,

2005 5037 2246 5091 absurda
2275 5048 2438 5108 atque
2462 5041 2705 5110 indigna,
2735 5060 2831 5111 per
2853 5060 2915 5099 ea
2947 5046 3132 5102 ridens
3167 5055 3488 5107 oeconomia:
3515 5067 3572 5110 et

2003 5129 2436 5197 dispensationis
2471 5133 2664 5186 salutis
2723 5147 2923 5189 nostra:
2981 5144 3244 5208 mysterio
3291 5144 3566 5202 iliuderet.

2005 5221 2260 5289 Impietas
2294 5238 2354 5275 ea
2377 5232 2663 5292 postquam
2700 5228 2959 5294 innotuit,
2999 5231 3076 5284 illi
3114 5234 3338 5300 quidem
3370 5239 3567 5291 condi-

2002 5329 2136 5381 gnas
2165 5315 2461 5382 petulantia
2497 5317 2697 5383 linguae
2722 5335 2908 5388 poenas
2947 5323 3168 5378 dedere.
3203 5326 3424 5382 [Edium
3469 5347 3566 5384 au-

2003 5417 2132 5470 tem,
2166 5410 2440 5476 inquibus
2489 5413 2827 5467 confidentes
2879 5419 3026 5480 gravi
3078 5420 3429 5489 blasphcmiae
3484 5425 3567 5479 in-

1999 5499 2304 5563 dulseraut,
2331 5501 2606 5556 dominus.
2644 5519 2671 5557 a
2708 5508 2880 5560 sacris
2910 5511 3115 5565 nostris
3167 5527 3275 5565 non
3326 5515 3560 5581 alienus,

2003 5600 2115 5642 tum
2147 5595 2392 5658 quidem.
2420 5597 2564 5663 quod
2605 5613 2693 5650 res
2718 5599 2789 5652 ita
2816 5601 3022 5667 tulerit,
3055 5605 3362 5670 periculum
3425 5608 3561 5662 cllu-

2000 5684 2097 5750 git.
2133 5685 2245 5737 Non
2273 5686 2442 5740 multo
2471 5703 2602 5741 vero
2631 5701 2772 5758 post,
2834 5703 2994 5745 noctu
3056 5696 3102 5747 ei
3157 5698 3446 5752 dormienti
3504 5701 3560 5754 in

3055 5970 3120 6025 l3
