  <div class='ocr_page' id='page_1' title='image "/cluster/home/n/w/nwhite01/storage/ocr_20150623/147/nnc1.0046980555/203.png"; bbox 0 0 4262 6446; ppageno 0'>
   <div class='ocr_carea' id='block_1_1' title="bbox 650 424 755 493">
    <p class='ocr_par' dir='ltr' id='par_1_1' title="bbox 650 424 755 493">
     <span class='ocr_line' id='line_1_1' title="bbox 650 424 755 493; baseline -0.029 0"><span class='ocrx_word' id='word_1_1' title='bbox 650 424 755 493; x_wconf 79' lang='lat'><strong>395</strong></span> 
     </span>
    </p>
   </div>
   <div class='ocr_carea' id='block_1_2' title="bbox 1880 394 2697 461">
    <p class='ocr_par' dir='ltr' id='par_1_2' title="bbox 1880 394 2697 461">
     <span class='ocr_line' id='line_1_2' title="bbox 1880 394 2697 461; baseline -0.012 0"><span class='ocrx_word' id='word_1_2' title='bbox 1880 400 2306 461; x_wconf 78' lang='lat' dir='ltr'><strong>NICEPIIORI</strong></span> <span class='ocrx_word' id='word_1_3' title='bbox 2346 394 2697 458; x_wconf 63' lang='lat' dir='ltr'><strong>CALLlSTI</strong></span> 
     </span>
    </p>
   </div>
   <div class='ocr_carea' id='block_1_3' title="bbox 3802 378 3912 443">
    <p class='ocr_par' dir='ltr' id='par_1_3' title="bbox 3802 378 3912 443">
     <span class='ocr_line' id='line_1_3' title="bbox 3802 378 3912 443; baseline 0 0"><span class='ocrx_word' id='word_1_4' title='bbox 3802 378 3912 443; x_wconf 80' lang='lat'><strong>396</strong></span> 
     </span>
    </p>
   </div>
   <div class='ocr_carea' id='block_1_4' title="bbox 657 494 2340 600">
    <p class='ocr_par' dir='ltr' id='par_1_4' title="bbox 657 514 2340 600">
     <span class='ocr_line' id='line_1_4' title="bbox 657 514 2340 600; baseline -0.022 0"><span class='ocrx_word' id='word_1_5' title='bbox 657 544 861 600; x_wconf 82' lang='lat' dir='ltr'><strong>somnis</strong></span> <span class='ocrx_word' id='word_1_6' title='bbox 892 537 985 593; x_wconf 88' lang='lat' dir='ltr'><strong>Dei</strong></span> <span class='ocrx_word' id='word_1_7' title='bbox 1022 533 1266 591; x_wconf 79' lang='lat' dir='ltr'><strong>Gcnitrix</strong></span> <span class='ocrx_word' id='word_1_8' title='bbox 1293 528 1483 593; x_wconf 88' lang='lat' dir='ltr'><strong>astitit,</strong></span> <span class='ocrx_word' id='word_1_9' title='bbox 1518 525 1603 579; x_wconf 87' lang='lat' dir='ltr'><strong>cui</strong></span> <span class='ocrx_word' id='word_1_10' title='bbox 1640 519 1975 591; x_wconf 83' lang='lat' dir='ltr'><strong>diligentius,</strong></span> <span class='ocrx_word' id='word_1_11' title='bbox 2012 514 2225 585; x_wconf 86' lang='lat' dir='ltr'><strong>Ecquid</strong></span> <span class='ocrx_word' id='word_1_12' title='bbox 2257 522 2304 578; x_wconf 79' lang='grc' dir='ltr'><strong>Α</strong></span> <span class='ocrx_word' id='word_1_13' title='bbox 2334 533 2340 562; x_wconf 79' lang='grc' dir='ltr'><strong>ι</strong></span> 
     </span>
    </p>
   </div>
   <div class='ocr_carea' id='block_1_5' title="bbox 2229 494 3912 600">
    <p class='ocr_par' dir='ltr' id='par_1_5' title="bbox 2257 494 3912 582">
     <span class='ocr_line' id='line_1_5' title="bbox 2257 494 3912 582; baseline -0.013 -15"><span class='ocrx_word' id='word_1_14' title='bbox 2257 516 2445 582; x_wconf 81' lang='grc' dir='ltr'>Λείη,</span> <span class='ocrx_word' id='word_1_15' title='bbox 2501 510 2621 563; x_wconf 64' lang='grc' dir='ltr'>ἐπεὶ</span> <span class='ocrx_word' id='word_1_16' title='bbox 2668 505 2956 576; x_wconf 72' lang='grc' dir='ltr'><strong>γνωρίζειν</strong></span> <span class='ocrx_word' id='word_1_17' title='bbox 3023 500 3370 571; x_wconf 68' lang='grc' dir='ltr'>διωμολόγει,</span> <span class='ocrx_word' id='word_1_18' title='bbox 3438 497 3621 567; x_wconf 85' lang='grc' dir='ltr'>ἐκείνη</span> <span class='ocrx_word' id='word_1_19' title='bbox 3686 497 3745 548; x_wconf 78' lang='grc' dir='ltr'><strong>τὸ</strong></span> <span class='ocrx_word' id='word_1_20' title='bbox 3802 494 3912 546; x_wconf 86' lang='grc' dir='ltr'>τῶν</span> 
     </span>
    </p>
   </div>
   <div class='ocr_carea' id='block_1_6' title="bbox 657 612 2231 704">
    <p class='ocr_par' dir='ltr' id='par_1_6' title="bbox 657 612 2231 704">
     <span class='ocr_line' id='line_1_6' title="bbox 657 612 2231 704; baseline -0.02 -14"><span class='ocrx_word' id='word_1_21' title='bbox 657 652 737 698; x_wconf 90' lang='lat' dir='ltr'><strong>se,</strong></span> <span class='ocrx_word' id='word_1_22' title='bbox 763 646 1012 704; x_wconf 71' lang='lat' dir='ltr'><strong>quaenam</strong></span> <span class='ocrx_word' id='word_1_23' title='bbox 1056 633 1225 689; x_wconf 81' lang='lat' dir='ltr'><strong>esset,</strong></span> <span class='ocrx_word' id='word_1_24' title='bbox 1251 630 1458 679; x_wconf 86' lang='lat' dir='ltr'><strong>nosset.</strong></span> <span class='ocrx_word' id='word_1_25' title='bbox 1487 612 1865 687; x_wconf 79' lang='lat' dir='ltr'><strong>percunctanti</strong></span> <span class='ocrx_word' id='word_1_26' title='bbox 1893 627 1906 663; x_wconf 91' lang='lat'><strong>:</strong></span> <span class='ocrx_word' id='word_1_27' title='bbox 1942 617 2231 679; x_wconf 80' lang='lat' dir='ltr'><strong>postquam</strong></span> 
     </span>
    </p>
   </div>
   <div class='ocr_carea' id='block_1_7' title="bbox 662 704 2235 795">
    <p class='ocr_par' dir='ltr' id='par_1_7' title="bbox 662 704 2235 795">
     <span class='ocr_line' id='line_1_7' title="bbox 662 704 2235 795; baseline -0.018 -15"><span class='ocrx_word' id='word_1_28' title='bbox 662 727 801 795; x_wconf 83' lang='lat' dir='ltr'><strong>ipse,</strong></span> <span class='ocrx_word' id='word_1_29' title='bbox 840 736 1000 775; x_wconf 87' lang='lat' dir='ltr'><strong>nosse</strong></span> <span class='ocrx_word' id='word_1_30' title='bbox 1022 733 1081 773; x_wconf 89' lang='lat' dir='ltr'><strong>se</strong></span> <span class='ocrx_word' id='word_1_31' title='bbox 1103 731 1221 770; x_wconf 86' lang='lat' dir='ltr'><strong>eam</strong></span> <span class='ocrx_word' id='word_1_32' title='bbox 1248 711 1528 783; x_wconf 88' lang='lat' dir='ltr'><strong>professus</strong></span> <span class='ocrx_word' id='word_1_33' title='bbox 1552 718 1637 763; x_wconf 80' lang='lat' dir='ltr'><strong>est</strong></span> <span class='ocrx_word' id='word_1_34' title='bbox 1669 726 1681 758; x_wconf 73' lang='grc' dir='ltr'><strong>ε</strong></span> <span class='ocrx_word' id='word_1_35' title='bbox 1710 704 1800 758; x_wconf 93' lang='lat' dir='ltr'><strong>illa</strong></span> <span class='ocrx_word' id='word_1_36' title='bbox 1849 705 1900 759; x_wconf 88' lang='lat' dir='ltr'><strong>ei</strong></span> <span class='ocrx_word' id='word_1_37' title='bbox 1947 709 2235 756; x_wconf 85' lang='lat' dir='ltr'><strong>contume-</strong></span> 
     </span>
    </p>
   </div>
   <div class='ocr_carea' id='block_1_8' title="bbox 2338 588 3914 675">
    <p class='ocr_par' dir='ltr' id='par_1_8' title="bbox 2338 588 3914 675">
     <span class='ocr_line' id='line_1_8' title="bbox 2338 588 3914 675; baseline -0.011 -17"><span class='ocrx_word' id='word_1_38' title='bbox 2338 605 2551 675; x_wconf 75' lang='grc' dir='ltr'>ὕϐρεων</span> <span class='ocrx_word' id='word_1_39' title='bbox 2601 601 2802 656; x_wconf 78' lang='grc' dir='ltr'>ἄτοπον</span> <span class='ocrx_word' id='word_1_40' title='bbox 2846 597 3282 666; x_wconf 76' lang='grc' dir='ltr'><strong>ὑπεμίμνησκεν.</strong></span> <span class='ocrx_word' id='word_1_41' title='bbox 3338 590 3399 644; x_wconf 86' lang='lat'><strong>&#39;0</strong></span> <span class='ocrx_word' id='word_1_42' title='bbox 3427 590 3469 643; x_wconf 67' lang='grc' dir='ltr'><strong>(δ’</strong></span> <span class='ocrx_word' id='word_1_43' title='bbox 3505 591 3692 660; x_wconf 78' lang='grc' dir='ltr'>ἱκέτης</span> <span class='ocrx_word' id='word_1_44' title='bbox 3728 588 3914 651; x_wconf 82' lang='grc' dir='ltr'>ἄθλιος</span> 
     </span>
    </p>
   </div>
   <div class='ocr_carea' id='block_1_9' title="bbox 2338 682 3917 769">
    <p class='ocr_par' dir='ltr' id='par_1_9' title="bbox 2338 682 3917 769">
     <span class='ocr_line' id='line_1_9' title="bbox 2338 682 3917 769; baseline -0.01 -20"><span class='ocrx_word' id='word_1_45' title='bbox 2338 695 2406 769; x_wconf 83' lang='grc' dir='ltr'>ἦν</span> <span class='ocrx_word' id='word_1_46' title='bbox 2438 698 2530 750; x_wconf 71' lang='grc' dir='ltr'><strong>καὶ</strong></span> <span class='ocrx_word' id='word_1_47' title='bbox 2561 692 2865 764; x_wconf 73' lang='grc' dir='ltr'><strong>συγχωρεῖν</strong></span> <span class='ocrx_word' id='word_1_48' title='bbox 2920 690 3110 752; x_wconf 77' lang='grc' dir='ltr'>ἐδεῖτο,</span> <span class='ocrx_word' id='word_1_49' title='bbox 3149 688 3242 740; x_wconf 65' lang='grc' dir='ltr'>καὶ</span> <span class='ocrx_word' id='word_1_50' title='bbox 3288 685 3363 755; x_wconf 76' lang='grc' dir='ltr'>μὴ</span> <span class='ocrx_word' id='word_1_51' title='bbox 3394 686 3458 737; x_wconf 78' lang='grc' dir='ltr'><strong>ἐκ</strong></span> <span class='ocrx_word' id='word_1_52' title='bbox 3490 684 3585 737; x_wconf 81' lang='grc' dir='ltr'>τοῦ</span> <span class='ocrx_word' id='word_1_53' title='bbox 3622 682 3917 753; x_wconf 72' lang='grc' dir='ltr'><strong>προχείρου</strong></span> 
     </span>
    </p>
   </div>
   <div class='ocr_carea' id='block_1_10' title="bbox 664 776 2347 878">
    <p class='ocr_par' dir='ltr' id='par_1_10' title="bbox 664 776 2347 878">
     <span class='ocr_line' id='line_1_10' title="bbox 665 776 1263 795; baseline -0.015 -3"><span class='ocrx_word' id='word_1_54' title='bbox 665 776 801 795; x_wconf 56' lang='grc' dir='ltr'>τυ.</span> <span class='ocrx_word' id='word_1_55' title='bbox 1251 776 1263 783; x_wconf 96' lang='grc'><strong>.</strong></span> 
     </span>
     <span class='ocr_line' id='line_1_11' title="bbox 664 789 2347 878; baseline -0.017 -8"><span class='ocrx_word' id='word_1_56' title='bbox 664 817 854 870; x_wconf 83' lang='lat' dir='ltr'><strong>liarum</strong></span> <span class='ocrx_word' id='word_1_57' title='bbox 880 810 1257 878; x_wconf 74' lang='lat' dir='ltr'><strong>indignitatem</strong></span> <span class='ocrx_word' id='word_1_58' title='bbox 1292 806 1345 857; x_wconf 89' lang='lat' dir='ltr'><strong>in</strong></span> <span class='ocrx_word' id='word_1_59' title='bbox 1383 799 1705 856; x_wconf 84' lang='lat' dir='ltr'><strong>memoriam</strong></span> <span class='ocrx_word' id='word_1_60' title='bbox 1736 793 2038 850; x_wconf 81' lang='lat' dir='ltr'><strong>revocavit.</strong></span> <span class='ocrx_word' id='word_1_61' title='bbox 2094 789 2237 844; x_wconf 82' lang='lat' dir='ltr'><strong>Tum</strong></span> <span class='ocrx_word' id='word_1_62' title='bbox 2341 814 2347 842; x_wconf 73' lang='grc'><strong>4</strong></span> 
     </span>
    </p>
   </div>
   <div class='ocr_carea' id='block_1_11' title="bbox 2235 776 3918 878">
    <p class='ocr_par' dir='ltr' id='par_1_11' title="bbox 2235 776 3918 861">
     <span class='ocr_line' id='line_1_12' title="bbox 2235 776 3918 861; baseline -0.008 -20"><span class='ocrx_word' id='word_1_63' title='bbox 2235 833 2237 841; x_wconf 85' lang='grc'><strong>.</strong></span> <span class='ocrx_word' id='word_1_64' title='bbox 2341 791 2585 861; x_wconf 78' lang='grc' dir='ltr'>ἀναιρεῖν</span> <span class='ocrx_word' id='word_1_65' title='bbox 2651 786 2968 859; x_wconf 75' lang='grc' dir='ltr'>πειρᾶσθαι,</span> <span class='ocrx_word' id='word_1_66' title='bbox 3028 781 3144 835; x_wconf 78' lang='grc' dir='ltr'>ἀλλ’</span> <span class='ocrx_word' id='word_1_67' title='bbox 3198 778 3562 833; x_wconf 73' lang='grc' dir='ltr'><strong>ὑπολιπέσθαι</strong></span> <span class='ocrx_word' id='word_1_68' title='bbox 3625 776 3918 845; x_wconf 77' lang='grc' dir='ltr'><strong>μετανοίας</strong></span> 
     </span>
    </p>
   </div>
   <div class='ocr_carea' id='block_1_12' title="bbox 666 882 2240 969">
    <p class='ocr_par' dir='ltr' id='par_1_12' title="bbox 666 882 2240 969">
     <span class='ocr_line' id='line_1_13' title="bbox 666 882 2240 969; baseline -0.017 -8"><span class='ocrx_word' id='word_1_69' title='bbox 666 908 754 961; x_wconf 89' lang='lat' dir='ltr'><strong>ille</strong></span> <span class='ocrx_word' id='word_1_70' title='bbox 784 906 950 959; x_wconf 86' lang='lat' dir='ltr'><strong>miser</strong></span> <span class='ocrx_word' id='word_1_71' title='bbox 987 898 1218 969; x_wconf 84' lang='lat' dir='ltr'><strong>supplex</strong></span> <span class='ocrx_word' id='word_1_72' title='bbox 1248 898 1325 950; x_wconf 90' lang='lat' dir='ltr'><strong>illi</strong></span> <span class='ocrx_word' id='word_1_73' title='bbox 1361 908 1503 955; x_wconf 66' lang='lat' dir='ltr'><strong>esse,</strong></span> <span class='ocrx_word' id='word_1_74' title='bbox 1533 889 1861 956; x_wconf 80' lang='lat' dir='ltr'><strong>veniamque</strong></span> <span class='ocrx_word' id='word_1_75' title='bbox 1894 882 2080 939; x_wconf 87' lang='lat' dir='ltr'><strong>delicti</strong></span> <span class='ocrx_word' id='word_1_76' title='bbox 2141 896 2240 952; x_wconf 83' lang='lat' dir='ltr'><strong>pe-</strong></span> 
     </span>
    </p>
   </div>
   <div class='ocr_carea' id='block_1_13' title="bbox 671 976 2245 1053">
    <p class='ocr_par' dir='ltr' id='par_1_13' title="bbox 671 976 2245 1053">
     <span class='ocr_line' id='line_1_14' title="bbox 671 976 2245 1053; baseline -0.016 0"><span class='ocrx_word' id='word_1_77' title='bbox 671 1011 787 1053; x_wconf 88' lang='lat' dir='ltr'><strong>tere</strong></span> <span class='ocrx_word' id='word_1_78' title='bbox 824 1016 837 1051; x_wconf 87' lang='lat'><strong>:</strong></span> <span class='ocrx_word' id='word_1_79' title='bbox 876 1005 931 1050; x_wconf 90' lang='lat' dir='ltr'><strong>et</strong></span> <span class='ocrx_word' id='word_1_80' title='bbox 962 1008 1029 1048; x_wconf 91' lang='lat' dir='ltr'><strong>ne</strong></span> <span class='ocrx_word' id='word_1_81' title='bbox 1062 1002 1169 1045; x_wconf 90' lang='lat' dir='ltr'><strong>tam</strong></span> <span class='ocrx_word' id='word_1_82' title='bbox 1206 991 1313 1044; x_wconf 88' lang='lat' dir='ltr'><strong>cito</strong></span> <span class='ocrx_word' id='word_1_83' title='bbox 1352 996 1524 1039; x_wconf 90' lang='lat' dir='ltr'><strong>morte</strong></span> <span class='ocrx_word' id='word_1_84' title='bbox 1568 983 1912 1043; x_wconf 82' lang='lat' dir='ltr'><strong>multaretur,</strong></span> <span class='ocrx_word' id='word_1_85' title='bbox 1961 976 2056 1032; x_wconf 89' lang='lat' dir='ltr'><strong>sed</strong></span> <span class='ocrx_word' id='word_1_86' title='bbox 2106 984 2245 1031; x_wconf 90' lang='lat' dir='ltr'><strong>tem-</strong></span> 
     </span>
    </p>
   </div>
   <div class='ocr_carea' id='block_1_14' title="bbox 675 1068 2247 1161">
    <p class='ocr_par' dir='ltr' id='par_1_14' title="bbox 675 1068 2247 1161">
     <span class='ocr_line' id='line_1_15' title="bbox 675 1068 2247 1161; baseline -0.016 -15"><span class='ocrx_word' id='word_1_87' title='bbox 675 1108 775 1161; x_wconf 86' lang='lat' dir='ltr'><strong>pus</strong></span> <span class='ocrx_word' id='word_1_88' title='bbox 808 1090 858 1144; x_wconf 91' lang='lat' dir='ltr'><strong>ei</strong></span> <span class='ocrx_word' id='word_1_89' title='bbox 886 1085 1221 1158; x_wconf 75' lang='lat' dir='ltr'><strong>ptenitentize</strong></span> <span class='ocrx_word' id='word_1_90' title='bbox 1257 1081 1687 1148; x_wconf 89' lang='lat' dir='ltr'><strong>relinqueretur,</strong></span> <span class='ocrx_word' id='word_1_91' title='bbox 1728 1089 1912 1128; x_wconf 90' lang='lat' dir='ltr'><strong>orare.</strong></span> <span class='ocrx_word' id='word_1_92' title='bbox 1972 1070 2091 1135; x_wconf 88' lang='lat' dir='ltr'><strong>Illa,</strong></span> <span class='ocrx_word' id='word_1_93' title='bbox 2153 1068 2247 1122; x_wconf 87' lang='lat' dir='ltr'><strong>da-</strong></span> 
     </span>
    </p>
   </div>
   <div class='ocr_carea' id='block_1_15' title="bbox 674 1162 2243 1243">
    <p class='ocr_par' dir='ltr' id='par_1_15' title="bbox 674 1162 2243 1243">
     <span class='ocr_line' id='line_1_16' title="bbox 674 1162 2243 1243; baseline -0.014 -8"><span class='ocrx_word' id='word_1_94' title='bbox 674 1197 852 1238; x_wconf 87' lang='lat' dir='ltr'><strong>turam</strong></span> <span class='ocrx_word' id='word_1_95' title='bbox 878 1197 935 1236; x_wconf 90' lang='lat' dir='ltr'><strong>se</strong></span> <span class='ocrx_word' id='word_1_96' title='bbox 972 1182 1076 1235; x_wconf 92' lang='lat' dir='ltr'><strong>hoc</strong></span> <span class='ocrx_word' id='word_1_97' title='bbox 1131 1177 1204 1238; x_wconf 90' lang='lat' dir='ltr'><strong>ei,</strong></span> <span class='ocrx_word' id='word_1_98' title='bbox 1259 1189 1439 1243; x_wconf 79' lang='lat' dir='ltr'><strong>neque</strong></span> <span class='ocrx_word' id='word_1_99' title='bbox 1483 1172 1535 1223; x_wconf 90' lang='lat' dir='ltr'><strong>in</strong></span> <span class='ocrx_word' id='word_1_100' title='bbox 1595 1167 1888 1238; x_wconf 81' lang='lat' dir='ltr'><strong>praesentia</strong></span> <span class='ocrx_word' id='word_1_101' title='bbox 1938 1165 2116 1234; x_wconf 91' lang='lat' dir='ltr'><strong>ipsum</strong></span> <span class='ocrx_word' id='word_1_102' title='bbox 2168 1162 2243 1214; x_wconf 90' lang='lat' dir='ltr'><strong>ita</strong></span> 
     </span>
    </p>
   </div>
   <div class='ocr_carea' id='block_1_16' title="bbox 679 1257 2247 1343">
    <p class='ocr_par' dir='ltr' id='par_1_16' title="bbox 679 1257 2247 1343">
     <span class='ocr_line' id='line_1_17' title="bbox 679 1257 2247 1343; baseline -0.016 -13"><span class='ocrx_word' id='word_1_103' title='bbox 679 1283 854 1329; x_wconf 80' lang='lat' dir='ltr'><strong>morte</strong></span> <span class='ocrx_word' id='word_1_104' title='bbox 871 1287 1060 1343; x_wconf 79' lang='lat' dir='ltr'><strong>pcenas</strong></span> <span class='ocrx_word' id='word_1_105' title='bbox 1089 1271 1381 1327; x_wconf 86' lang='lat' dir='ltr'><strong>luiturum,</strong></span> <span class='ocrx_word' id='word_1_106' title='bbox 1409 1265 1729 1333; x_wconf 73' lang='lat' dir='ltr'><strong>promittere</strong></span> <span class='ocrx_word' id='word_1_107' title='bbox 1762 1275 1776 1312; x_wconf 91' lang='lat'><strong>:</strong></span> <span class='ocrx_word' id='word_1_108' title='bbox 1806 1257 2011 1314; x_wconf 91' lang='lat' dir='ltr'><strong>vimine</strong></span> <span class='ocrx_word' id='word_1_109' title='bbox 2039 1263 2247 1318; x_wconf 87' lang='lat' dir='ltr'><strong>autem,</strong></span> 
     </span>
    </p>
   </div>
   <div class='ocr_carea' id='block_1_17' title="bbox 678 1349 2252 1439">
    <p class='ocr_par' dir='ltr' id='par_1_17' title="bbox 678 1349 2252 1439">
     <span class='ocr_line' id='line_1_18' title="bbox 678 1349 2252 1439; baseline -0.016 -15"><span class='ocrx_word' id='word_1_110' title='bbox 678 1370 825 1439; x_wconf 85' lang='lat' dir='ltr'><strong>quod</strong></span> <span class='ocrx_word' id='word_1_111' title='bbox 856 1381 1019 1421; x_wconf 90' lang='lat' dir='ltr'><strong>manu</strong></span> <span class='ocrx_word' id='word_1_112' title='bbox 1048 1372 1263 1433; x_wconf 80' lang='lat' dir='ltr'><strong>gestare</strong></span> <span class='ocrx_word' id='word_1_113' title='bbox 1299 1361 1608 1418; x_wconf 65' lang='lat' dir='ltr'><strong>videbatur,</strong></span> <span class='ocrx_word' id='word_1_114' title='bbox 1638 1370 1812 1424; x_wconf 81' lang='lat' dir='ltr'><strong>genua</strong></span> <span class='ocrx_word' id='word_1_115' title='bbox 1852 1352 1971 1421; x_wconf 88' lang='lat' dir='ltr'><strong>ejus</strong></span> <span class='ocrx_word' id='word_1_116' title='bbox 2016 1349 2252 1403; x_wconf 80' lang='lat' dir='ltr'><strong>cireum-</strong></span> 
     </span>
    </p>
   </div>
   <div class='ocr_carea' id='block_1_18' title="bbox 680 1438 2253 1516">
    <p class='ocr_par' dir='ltr' id='par_1_18' title="bbox 680 1438 2253 1516">
     <span class='ocr_line' id='line_1_19' title="bbox 680 1438 2253 1516; baseline -0.016 -1"><span class='ocrx_word' id='word_1_117' title='bbox 680 1438 822 1516; x_wconf 84' lang='lat' dir='ltr'><strong>circa</strong></span> <span class='ocrx_word' id='word_1_118' title='bbox 901 1456 1066 1512; x_wconf 83' lang='lat' dir='ltr'><strong>veluti</strong></span> <span class='ocrx_word' id='word_1_119' title='bbox 1127 1468 1377 1513; x_wconf 78' lang='lat' dir='ltr'><strong>cxarans,</strong></span> <span class='ocrx_word' id='word_1_120' title='bbox 1471 1444 1948 1503; x_wconf 82' lang='lat' dir='ltr'><strong>circumscribere.</strong></span> <span class='ocrx_word' id='word_1_121' title='bbox 2040 1439 2096 1493; x_wconf 88' lang='lat' dir='ltr'><strong>Id</strong></span> <span class='ocrx_word' id='word_1_122' title='bbox 2159 1438 2253 1491; x_wconf 85' lang='lat' dir='ltr'><strong>ubi</strong></span> 
     </span>
    </p>
   </div>
   <div class='ocr_carea' id='block_1_19' title="bbox 685 1530 2256 1613">
    <p class='ocr_par' dir='ltr' id='par_1_19' title="bbox 685 1530 2256 1613">
     <span class='ocr_line' id='line_1_20' title="bbox 685 1530 2256 1613; baseline -0.016 -6"><span class='ocrx_word' id='word_1_123' title='bbox 685 1555 914 1613; x_wconf 83' lang='lat' dir='ltr'><strong>factum,</strong></span> <span class='ocrx_word' id='word_1_124' title='bbox 954 1549 1202 1607; x_wconf 81' lang='lat' dir='ltr'><strong>avolans,</strong></span> <span class='ocrx_word' id='word_1_125' title='bbox 1229 1545 1278 1599; x_wconf 91' lang='lat' dir='ltr'><strong>ci</strong></span> <span class='ocrx_word' id='word_1_126' title='bbox 1310 1551 1500 1612; x_wconf 83' lang='lat' dir='ltr'><strong>postea</strong></span> <span class='ocrx_word' id='word_1_127' title='bbox 1553 1555 1661 1594; x_wconf 91' lang='lat' dir='ltr'><strong>non</strong></span> <span class='ocrx_word' id='word_1_128' title='bbox 1718 1533 1988 1606; x_wconf 80' lang='lat' dir='ltr'><strong>apparuit.</strong></span> <span class='ocrx_word' id='word_1_129' title='bbox 2030 1532 2099 1585; x_wconf 85' lang='lat' dir='ltr'><strong>At</strong></span> <span class='ocrx_word' id='word_1_130' title='bbox 2144 1530 2256 1589; x_wconf 87' lang='lat' dir='ltr'><strong>ille,</strong></span> 
     </span>
    </p>
   </div>
   <div class='ocr_carea' id='block_1_20' title="bbox 684 1627 2258 1701">
    <p class='ocr_par' dir='ltr' id='par_1_20' title="bbox 684 1627 2258 1701">
     <span class='ocr_line' id='line_1_21' title="bbox 684 1627 2258 1701; baseline -0.016 -2"><span class='ocrx_word' id='word_1_131' title='bbox 684 1659 879 1700; x_wconf 86' lang='lat' dir='ltr'><strong>somno</strong></span> <span class='ocrx_word' id='word_1_132' title='bbox 910 1642 1178 1701; x_wconf 81' lang='lat' dir='ltr'><strong>discusso,</strong></span> <span class='ocrx_word' id='word_1_133' title='bbox 1256 1634 1504 1690; x_wconf 84' lang='lat' dir='ltr'><strong>membra</strong></span> <span class='ocrx_word' id='word_1_134' title='bbox 1534 1648 1598 1687; x_wconf 86' lang='lat' dir='ltr'><strong>ea</strong></span> <span class='ocrx_word' id='word_1_135' title='bbox 1646 1644 1766 1699; x_wconf 78' lang='lat' dir='ltr'><strong>quae</strong></span> <span class='ocrx_word' id='word_1_136' title='bbox 1812 1627 2020 1680; x_wconf 87' lang='lat' dir='ltr'><strong>vimine</strong></span> <span class='ocrx_word' id='word_1_137' title='bbox 2076 1632 2258 1678; x_wconf 85' lang='lat' dir='ltr'><strong>notata</strong></span> 
     </span>
    </p>
   </div>
   <div class='ocr_carea' id='block_1_21' title="bbox 688 1715 2259 1801">
    <p class='ocr_par' dir='ltr' id='par_1_21' title="bbox 688 1715 2259 1801">
     <span class='ocr_line' id='line_1_22' title="bbox 688 1715 2259 1801; baseline -0.015 -10"><span class='ocrx_word' id='word_1_138' title='bbox 688 1738 933 1801; x_wconf 91' lang='lat' dir='ltr'><strong>fuerant,</strong></span> <span class='ocrx_word' id='word_1_139' title='bbox 968 1734 1151 1788; x_wconf 86' lang='lat' dir='ltr'><strong>statim</strong></span> <span class='ocrx_word' id='word_1_140' title='bbox 1185 1730 1252 1784; x_wconf 90' lang='lat' dir='ltr'><strong>ab</strong></span> <span class='ocrx_word' id='word_1_141' title='bbox 1278 1727 1488 1796; x_wconf 85' lang='lat' dir='ltr'><strong>reliquo</strong></span> <span class='ocrx_word' id='word_1_142' title='bbox 1507 1737 1737 1792; x_wconf 83' lang='lat' dir='ltr'><strong>corpore</strong></span> <span class='ocrx_word' id='word_1_143' title='bbox 1757 1720 2006 1787; x_wconf 86' lang='lat' dir='ltr'><strong>disrupta</strong></span> <span class='ocrx_word' id='word_1_144' title='bbox 2028 1715 2259 1778; x_wconf 80' lang='lat' dir='ltr'><strong>invenit,</strong></span> 
     </span>
    </p>
   </div>
   <div class='ocr_carea' id='block_1_22' title="bbox 689 1810 2263 1893">
    <p class='ocr_par' dir='ltr' id='par_1_22' title="bbox 689 1810 2263 1893">
     <span class='ocr_line' id='line_1_23' title="bbox 689 1810 2263 1893; baseline -0.015 -9"><span class='ocrx_word' id='word_1_145' title='bbox 689 1829 897 1884; x_wconf 88' lang='lat' dir='ltr'><strong>recenti</strong></span> <span class='ocrx_word' id='word_1_146' title='bbox 948 1825 1214 1893; x_wconf 78' lang='lat' dir='ltr'><strong>sanguine</strong></span> <span class='ocrx_word' id='word_1_147' title='bbox 1248 1819 1573 1891; x_wconf 85' lang='lat' dir='ltr'><strong>proﬂuente.</strong></span> <span class='ocrx_word' id='word_1_148' title='bbox 1622 1814 1685 1867; x_wconf 87' lang='lat' dir='ltr'><strong>Et</strong></span> <span class='ocrx_word' id='word_1_149' title='bbox 1715 1815 1767 1866; x_wconf 93' lang='lat' dir='ltr'><strong>in</strong></span> <span class='ocrx_word' id='word_1_150' title='bbox 1810 1810 2087 1879; x_wconf 84' lang='lat' dir='ltr'><strong>publicum</strong></span> <span class='ocrx_word' id='word_1_151' title='bbox 2133 1822 2263 1877; x_wconf 88' lang='lat' dir='ltr'><strong>pro-</strong></span> 
     </span>
    </p>
   </div>
   <div class='ocr_carea' id='block_1_23' title="bbox 2344 867 3922 953">
    <p class='ocr_par' dir='ltr' id='par_1_23' title="bbox 2344 867 3922 953">
     <span class='ocr_line' id='line_1_24' title="bbox 2344 867 3922 953; baseline -0.013 -16"><span class='ocrx_word' id='word_1_152' title='bbox 2344 883 2555 953; x_wconf 79' lang='grc' dir='ltr'>καιρόν.</span> <span class='ocrx_word' id='word_1_153' title='bbox 2596 881 2662 933; x_wconf 81' lang='grc' dir='ltr'><strong>Ἦ</strong></span> <span class='ocrx_word' id='word_1_154' title='bbox 2696 880 2740 933; x_wconf 77' lang='grc' dir='ltr'>δ’</span> <span class='ocrx_word' id='word_1_155' title='bbox 2762 875 3133 948; x_wconf 74' lang='grc' dir='ltr'><strong>ἐπηγγέλλετο</strong></span> <span class='ocrx_word' id='word_1_156' title='bbox 3162 872 3306 925; x_wconf 78' lang='grc' dir='ltr'>τοῦτ’</span> <span class='ocrx_word' id='word_1_157' title='bbox 3337 870 3487 941; x_wconf 58' lang='grc' dir='ltr'>αὑτῷ</span> <span class='ocrx_word' id='word_1_158' title='bbox 3511 871 3792 940; x_wconf 80' lang='grc' dir='ltr'>χορηγεῖν,</span> <span class='ocrx_word' id='word_1_159' title='bbox 3823 867 3922 918; x_wconf 73' lang='grc' dir='ltr'>καὶ</span> 
     </span>
    </p>
   </div>
   <div class='ocr_carea' id='block_1_24' title="bbox 2348 963 3919 1048">
    <p class='ocr_par' dir='ltr' id='par_1_24' title="bbox 2348 963 3919 1048">
     <span class='ocr_line' id='line_1_25' title="bbox 2348 963 3919 1048; baseline -0.013 -16"><span class='ocrx_word' id='word_1_160' title='bbox 2348 977 2427 1048; x_wconf 80' lang='grc' dir='ltr'>μὴ</span> <span class='ocrx_word' id='word_1_161' title='bbox 2452 975 2547 1030; x_wconf 76' lang='grc' dir='ltr'>νῦν</span> <span class='ocrx_word' id='word_1_162' title='bbox 2575 973 2773 1027; x_wconf 80' lang='grc' dir='ltr'>διδόναι</span> <span class='ocrx_word' id='word_1_163' title='bbox 2806 973 2907 1034; x_wconf 71' lang='grc' dir='ltr'>τὰς</span> <span class='ocrx_word' id='word_1_164' title='bbox 2933 969 3110 1029; x_wconf 75' lang='grc' dir='ltr'>δίκας.</span> <span class='ocrx_word' id='word_1_165' title='bbox 3142 966 3303 1035; x_wconf 80' lang='grc' dir='ltr'>Λύγῳ</span> <span class='ocrx_word' id='word_1_166' title='bbox 3334 965 3389 1018; x_wconf 73' lang='grc' dir='ltr'>δὲ</span> <span class='ocrx_word' id='word_1_167' title='bbox 3430 964 3490 1017; x_wconf 79' lang='grc' dir='ltr'>ὃν</span> <span class='ocrx_word' id='word_1_168' title='bbox 3540 967 3606 1034; x_wconf 85' lang='grc' dir='ltr'>τῇ</span> <span class='ocrx_word' id='word_1_169' title='bbox 3638 963 3786 1033; x_wconf 54' lang='grc' dir='ltr'>λειρὶ</span> <span class='ocrx_word' id='word_1_170' title='bbox 3820 978 3919 1013; x_wconf 88' lang='grc' dir='ltr'>πε-</span> 
     </span>
    </p>
   </div>
   <div class='ocr_carea' id='block_1_25' title="bbox 2351 1056 3929 1140">
    <p class='ocr_par' dir='ltr' id='par_1_25' title="bbox 2351 1056 3929 1140">
     <span class='ocr_line' id='line_1_26' title="bbox 2351 1056 3929 1140; baseline -0.011 -19"><span class='ocrx_word' id='word_1_171' title='bbox 2351 1069 2595 1140; x_wconf 65' lang='grc' dir='ltr'>ριφέρειν</span> <span class='ocrx_word' id='word_1_172' title='bbox 2643 1063 2827 1134; x_wconf 83' lang='grc' dir='ltr'>ἐῴκει,</span> <span class='ocrx_word' id='word_1_173' title='bbox 2881 1059 3197 1131; x_wconf 78' lang='grc' dir='ltr'>περικύκλῳ</span> <span class='ocrx_word' id='word_1_174' title='bbox 3226 1060 3293 1110; x_wconf 59' lang='lat' dir='ltr'><strong>si</strong></span> <span class='ocrx_word' id='word_1_175' title='bbox 3347 1057 3556 1109; x_wconf 85' lang='grc' dir='ltr'>ἐκείνου</span> <span class='ocrx_word' id='word_1_176' title='bbox 3591 1056 3793 1122; x_wconf 80' lang='grc' dir='ltr'>γόνατα</span> <span class='ocrx_word' id='word_1_177' title='bbox 3829 1070 3929 1105; x_wconf 82' lang='grc' dir='ltr'>πε-</span> 
     </span>
    </p>
   </div>
   <div class='ocr_carea' id='block_1_26' title="bbox 2338 1147 3935 1232">
    <p class='ocr_par' dir='ltr' id='par_1_26' title="bbox 2338 1147 3935 1232">
     <span class='ocr_line' id='line_1_27' title="bbox 2338 1147 3935 1232; baseline -0.01 -20"><span class='ocrx_word' id='word_1_178' title='bbox 2338 1159 2651 1232; x_wconf 73' lang='grc' dir='ltr'>ριέγραψεν</span> <span class='ocrx_word' id='word_1_179' title='bbox 2681 1155 2869 1224; x_wconf 85' lang='grc' dir='ltr'>ὥσπερ</span> <span class='ocrx_word' id='word_1_180' title='bbox 2902 1152 3340 1222; x_wconf 76' lang='grc' dir='ltr'>διαχαραττουσα</span> <span class='ocrx_word' id='word_1_181' title='bbox 3363 1165 3376 1178; x_wconf 82' lang='lat'><strong>&#39;</strong></span> <span class='ocrx_word' id='word_1_182' title='bbox 3412 1150 3506 1201; x_wconf 67' lang='grc' dir='ltr'><strong>καὶ</strong></span> <span class='ocrx_word' id='word_1_183' title='bbox 3532 1147 3672 1200; x_wconf 86' lang='grc' dir='ltr'>οὕτω</span> <span class='ocrx_word' id='word_1_184' title='bbox 3699 1147 3935 1215; x_wconf 79' lang='grc' dir='ltr'>διαπρα-</span> 
     </span>
    </p>
   </div>
   <div class='ocr_carea' id='block_1_27' title="bbox 2354 1237 3932 1321">
    <p class='ocr_par' dir='ltr' id='par_1_27' title="bbox 2354 1237 3932 1321">
     <span class='ocr_line' id='line_1_28' title="bbox 2354 1237 3932 1321; baseline -0.011 -16"><span class='ocrx_word' id='word_1_185' title='bbox 2354 1250 2584 1321; x_wconf 80' lang='grc' dir='ltr'>ξαμένη,</span> <span class='ocrx_word' id='word_1_186' title='bbox 2607 1248 2823 1315; x_wconf 82' lang='grc' dir='ltr'>ἀπέπτη</span> <span class='ocrx_word' id='word_1_187' title='bbox 2855 1245 3065 1315; x_wconf 78' lang='grc' dir='ltr'>ἀφανὴς</span> <span class='ocrx_word' id='word_1_188' title='bbox 3114 1243 3208 1297; x_wconf 80' lang='grc' dir='ltr'><strong>τοῦ</strong></span> <span class='ocrx_word' id='word_1_189' title='bbox 3235 1240 3420 1294; x_wconf 77' lang='grc' dir='ltr'><strong>λοιποῦ</strong></span> <span class='ocrx_word' id='word_1_190' title='bbox 3458 1241 3749 1308; x_wconf 80' lang='grc' dir='ltr'><strong>γενομένη.</strong></span> <span class='ocrx_word' id='word_1_191' title='bbox 3794 1237 3855 1289; x_wconf 90' lang='lat'><strong>&#39;0</strong></span> <span class='ocrx_word' id='word_1_192' title='bbox 3877 1237 3932 1288; x_wconf 77' lang='grc' dir='ltr'>δὲ</span> 
     </span>
    </p>
   </div>
   <div class='ocr_carea' id='block_1_28' title="bbox 2355 1331 3936 1407">
    <p class='ocr_par' dir='ltr' id='par_1_28' title="bbox 2355 1331 3936 1407">
     <span class='ocr_line' id='line_1_29' title="bbox 2355 1331 3936 1407; baseline -0.009 -11"><span class='ocrx_word' id='word_1_193' title='bbox 2355 1346 2445 1397; x_wconf 71' lang='grc' dir='ltr'><strong>τὸν</strong></span> <span class='ocrx_word' id='word_1_194' title='bbox 2502 1342 2669 1395; x_wconf 89' lang='grc' dir='ltr'>ὕπνον</span> <span class='ocrx_word' id='word_1_195' title='bbox 2710 1338 3153 1407; x_wconf 74' lang='grc' dir='ltr'>ἐκτιναξάμενος,</span> <span class='ocrx_word' id='word_1_196' title='bbox 3194 1333 3567 1405; x_wconf 77' lang='grc' dir='ltr'>διαρραγέντα</span> <span class='ocrx_word' id='word_1_197' title='bbox 3624 1331 3786 1394; x_wconf 76' lang='grc' dir='ltr'>εὐθὺς</span> <span class='ocrx_word' id='word_1_198' title='bbox 3833 1331 3936 1399; x_wconf 83' lang='grc' dir='ltr'>τῆς</span> 
     </span>
    </p>
   </div>
   <div class='ocr_carea' id='block_1_29' title="bbox 2358 1424 3936 1502">
    <p class='ocr_par' dir='ltr' id='par_1_29' title="bbox 2358 1424 3936 1502">
     <span class='ocr_line' id='line_1_30' title="bbox 2358 1424 3936 1502; baseline -0.01 -14"><span class='ocrx_word' id='word_1_199' title='bbox 2358 1433 2671 1502; x_wconf 81' lang='grc' dir='ltr'>ὁλομελείας</span> <span class='ocrx_word' id='word_1_200' title='bbox 2701 1431 2945 1500; x_wconf 74' lang='grc' dir='ltr'>εὑρίσκει</span> <span class='ocrx_word' id='word_1_201' title='bbox 2968 1431 3035 1481; x_wconf 81' lang='grc' dir='ltr'>τὰ</span> <span class='ocrx_word' id='word_1_202' title='bbox 3065 1429 3220 1498; x_wconf 84' lang='grc' dir='ltr'><strong>μέλη,</strong></span> <span class='ocrx_word' id='word_1_203' title='bbox 3254 1426 3289 1479; x_wconf 71' lang='grc' dir='ltr'>ἃ</span> <span class='ocrx_word' id='word_1_204' title='bbox 3315 1427 3390 1494; x_wconf 82' lang='grc' dir='ltr'>τῷ</span> <span class='ocrx_word' id='word_1_205' title='bbox 3434 1426 3582 1494; x_wconf 84' lang='grc' dir='ltr'>λύγῳ</span> <span class='ocrx_word' id='word_1_206' title='bbox 3617 1424 3936 1494; x_wconf 71' lang='grc' dir='ltr'>διέγραψεν,</span> 
     </span>
    </p>
   </div>
   <div class='ocr_carea' id='block_1_30' title="bbox 2359 1517 3936 1597">
    <p class='ocr_par' dir='ltr' id='par_1_30' title="bbox 2359 1517 3936 1597">
     <span class='ocr_line' id='line_1_31' title="bbox 2359 1517 3936 1597; baseline -0.008 -16"><span class='ocrx_word' id='word_1_207' title='bbox 2359 1528 2587 1597; x_wconf 77' lang='grc' dir='ltr'>αἵματος</span> <span class='ocrx_word' id='word_1_208' title='bbox 2611 1523 2807 1587; x_wconf 82' lang='grc' dir='ltr'>νεαροῦ</span> <span class='ocrx_word' id='word_1_209' title='bbox 2831 1524 3195 1594; x_wconf 70' lang='grc' dir='ltr'>ἀπορρέοντος</span> <span class='ocrx_word' id='word_1_210' title='bbox 3217 1536 3228 1547; x_wconf 86' lang='grc'><strong>·</strong></span> <span class='ocrx_word' id='word_1_211' title='bbox 3255 1520 3351 1573; x_wconf 72' lang='grc' dir='ltr'>καὶ</span> <span class='ocrx_word' id='word_1_212' title='bbox 3377 1517 3661 1589; x_wconf 73' lang='grc' dir='ltr'>προτεοεὶς</span> <span class='ocrx_word' id='word_1_213' title='bbox 3683 1517 3936 1587; x_wconf 75' lang='grc' dir='ltr'>δημοσία,</span> 
     </span>
    </p>
   </div>
   <div class='ocr_carea' id='block_1_31' title="bbox 2361 1609 3939 1690">
    <p class='ocr_par' dir='ltr' id='par_1_31' title="bbox 2361 1609 3939 1690">
     <span class='ocr_line' id='line_1_32' title="bbox 2361 1609 3939 1690; baseline -0.008 -17"><span class='ocrx_word' id='word_1_214' title='bbox 2361 1622 2495 1673; x_wconf 75' lang='grc' dir='ltr'>πᾶσι</span> <span class='ocrx_word' id='word_1_215' title='bbox 2528 1619 2623 1690; x_wconf 80' lang='grc' dir='ltr'>τὴν</span> <span class='ocrx_word' id='word_1_216' title='bbox 2653 1618 2862 1670; x_wconf 73' lang='grc' dir='ltr'>ἔνδικον</span> <span class='ocrx_word' id='word_1_217' title='bbox 2893 1615 3075 1684; x_wconf 86' lang='grc' dir='ltr'>κρίσιν</span> <span class='ocrx_word' id='word_1_218' title='bbox 3096 1613 3433 1683; x_wconf 81' lang='grc' dir='ltr'>ἐξήγγελλεν.</span> <span class='ocrx_word' id='word_1_219' title='bbox 3456 1612 3519 1664; x_wconf 82' lang='grc' dir='ltr'><strong>Οἱ</strong></span> <span class='ocrx_word' id='word_1_220' title='bbox 3549 1610 3594 1663; x_wconf 81' lang='grc' dir='ltr'>δ’</span> <span class='ocrx_word' id='word_1_221' title='bbox 3623 1609 3939 1673; x_wconf 76' lang='grc' dir='ltr'>ἀκούοντες,</span> 
     </span>
    </p>
   </div>
   <div class='ocr_carea' id='block_1_32' title="bbox 2364 1702 3942 1782">
    <p class='ocr_par' dir='ltr' id='par_1_32' title="bbox 2364 1702 3942 1782">
     <span class='ocr_line' id='line_1_33' title="bbox 2364 1702 3942 1782; baseline -0.008 -14"><span class='ocrx_word' id='word_1_222' title='bbox 2364 1712 2514 1768; x_wconf 77' lang='grc' dir='ltr'>αἶνον</span> <span class='ocrx_word' id='word_1_223' title='bbox 2539 1715 2736 1782; x_wconf 72' lang='grc' dir='ltr'>ἀνῆγον</span> <span class='ocrx_word' id='word_1_224' title='bbox 2767 1710 2844 1781; x_wconf 80' lang='grc' dir='ltr'>τῷ</span> <span class='ocrx_word' id='word_1_225' title='bbox 2886 1708 3176 1779; x_wconf 78' lang='grc' dir='ltr'>παραδόξῳ</span> <span class='ocrx_word' id='word_1_226' title='bbox 3212 1706 3371 1776; x_wconf 83' lang='grc' dir='ltr'>Θεῷ,</span> <span class='ocrx_word' id='word_1_227' title='bbox 3409 1706 3501 1759; x_wconf 71' lang='grc' dir='ltr'>καὶ</span> <span class='ocrx_word' id='word_1_228' title='bbox 3541 1708 3608 1777; x_wconf 74' lang='grc' dir='ltr'>τῇ</span> <span class='ocrx_word' id='word_1_229' title='bbox 3635 1703 3815 1775; x_wconf 71' lang='grc' dir='ltr'>Μητρὶ</span> <span class='ocrx_word' id='word_1_230' title='bbox 3842 1702 3942 1756; x_wconf 80' lang='grc' dir='ltr'>τοῦ</span> 
     </span>
    </p>
   </div>
   <div class='ocr_carea' id='block_1_33' title="bbox 2366 1798 3948 1872">
    <p class='ocr_par' dir='ltr' id='par_1_33' title="bbox 2366 1798 3948 1872">
     <span class='ocr_line' id='line_1_34' title="bbox 2366 1798 3948 1872; baseline -0.007 -13"><span class='ocrx_word' id='word_1_231' title='bbox 2366 1806 2504 1859; x_wconf 88' lang='grc' dir='ltr'>Θεοῦ</span> <span class='ocrx_word' id='word_1_232' title='bbox 2538 1805 2682 1858; x_wconf 82' lang='grc' dir='ltr'>οὕτω</span> <span class='ocrx_word' id='word_1_233' title='bbox 2741 1802 2833 1855; x_wconf 80' lang='grc' dir='ltr'><strong>τοῦ</strong></span> <span class='ocrx_word' id='word_1_234' title='bbox 2874 1804 2982 1856; x_wconf 81' lang='grc' dir='ltr'><strong>τῶν</strong></span> <span class='ocrx_word' id='word_1_235' title='bbox 3012 1800 3355 1872; x_wconf 81' lang='grc' dir='ltr'>Χριστιανῶν</span> <span class='ocrx_word' id='word_1_236' title='bbox 3399 1799 3589 1868; x_wconf 81' lang='grc' dir='ltr'>γένους</span> <span class='ocrx_word' id='word_1_237' title='bbox 3638 1798 3948 1866; x_wconf 79' lang='grc' dir='ltr'>ὑπερασπι-</span> 
     </span>
    </p>
   </div>
   <div class='ocr_carea' id='block_1_34' title="bbox 689 1882 2372 1984">
    <p class='ocr_par' dir='ltr' id='par_1_34' title="bbox 689 1882 2339 1984">
     <span class='ocr_line' id='line_1_35' title="bbox 689 1882 2339 1984; baseline -0.016 -10"><span class='ocrx_word' id='word_1_238' title='bbox 689 1922 909 1981; x_wconf 73' lang='lat' dir='ltr'><strong>ductus,</strong></span> <span class='ocrx_word' id='word_1_239' title='bbox 956 1882 1162 1984; x_wconf 61' lang='lat' dir='ltr'><strong>justum</strong></span> <span class='ocrx_word' id='word_1_240' title='bbox 1224 1882 1483 1964; x_wconf 74' lang='lat' dir='ltr'><strong>omnibus</strong></span> <span class='ocrx_word' id='word_1_241' title='bbox 1538 1904 1806 1977; x_wconf 83' lang='lat' dir='ltr'><strong>judicium</strong></span> <span class='ocrx_word' id='word_1_242' title='bbox 1868 1899 2261 1969; x_wconf 80' lang='lat' dir='ltr'><strong>promulgavit.</strong></span> <span class='ocrx_word' id='word_1_243' title='bbox 2300 1882 2339 1937; x_wconf 79' lang='grc' dir='ltr'>Β</span> 
     </span>
    </p>
   </div>
   <div class='ocr_carea' id='block_1_35' title="bbox 2264 1882 3947 1984">
    <p class='ocr_par' dir='ltr' id='par_1_35' title="bbox 2300 1882 3947 1970">
     <span class='ocr_line' id='line_1_36' title="bbox 2300 1882 3947 1970; baseline -0.006 -18"><span class='ocrx_word' id='word_1_244' title='bbox 2300 1882 2339 1937; x_wconf 76' lang='grc' dir='ltr'>Β</span> <span class='ocrx_word' id='word_1_245' title='bbox 2372 1898 2538 1970; x_wconf 77' lang='grc' dir='ltr'>ζούσῃ</span> <span class='ocrx_word' id='word_1_246' title='bbox 2571 1899 2677 1962; x_wconf 75' lang='grc' dir='ltr'>ἀεὶ,</span> <span class='ocrx_word' id='word_1_247' title='bbox 2710 1899 2804 1949; x_wconf 69' lang='grc' dir='ltr'>καὶ</span> <span class='ocrx_word' id='word_1_248' title='bbox 2835 1895 3038 1966; x_wconf 83' lang='grc' dir='ltr'>τρόπον</span> <span class='ocrx_word' id='word_1_249' title='bbox 3069 1896 3256 1963; x_wconf 78' lang='grc' dir='ltr'>ἓτερον</span> <span class='ocrx_word' id='word_1_250' title='bbox 3302 1892 3359 1944; x_wconf 65' lang='grc' dir='ltr'><strong>τδ</strong></span> <span class='ocrx_word' id='word_1_251' title='bbox 3417 1888 3703 1960; x_wconf 82' lang='grc' dir='ltr'>συμπαθὲς</span> <span class='ocrx_word' id='word_1_252' title='bbox 3739 1890 3947 1943; x_wconf 79' lang='grc' dir='ltr'>ἐπιδει-</span> 
     </span>
    </p>
   </div>
   <div class='ocr_carea' id='block_1_36' title="bbox 690 1997 2261 2080">
    <p class='ocr_par' dir='ltr' id='par_1_36' title="bbox 690 1997 2261 2080">
     <span class='ocr_line' id='line_1_37' title="bbox 690 1997 2261 2080; baseline -0.015 -13"><span class='ocrx_word' id='word_1_253' title='bbox 690 2013 792 2080; x_wconf 82' lang='lat' dir='ltr'><strong>Qui</strong></span> <span class='ocrx_word' id='word_1_254' title='bbox 824 2009 1024 2063; x_wconf 80' lang='lat' dir='ltr'><strong>veroid</strong></span> <span class='ocrx_word' id='word_1_255' title='bbox 1075 2006 1390 2066; x_wconf 88' lang='lat' dir='ltr'><strong>audierunt,</strong></span> <span class='ocrx_word' id='word_1_256' title='bbox 1454 1999 1642 2053; x_wconf 86' lang='lat' dir='ltr'><strong>laudes</strong></span> <span class='ocrx_word' id='word_1_257' title='bbox 1696 1997 1825 2060; x_wconf 87' lang='lat' dir='ltr'><strong>Deo,</strong></span> <span class='ocrx_word' id='word_1_258' title='bbox 1868 2004 2096 2064; x_wconf 93' lang='lat' dir='ltr'><strong>propter</strong></span> <span class='ocrx_word' id='word_1_259' title='bbox 2153 2000 2261 2045; x_wconf 89' lang='lat' dir='ltr'><strong>tam</strong></span> 
     </span>
    </p>
   </div>
   <div class='ocr_carea' id='block_1_37' title="bbox 2374 1982 3947 2061">
    <p class='ocr_par' dir='ltr' id='par_1_37' title="bbox 2374 1982 3947 2061">
     <span class='ocr_line' id='line_1_38' title="bbox 2374 1982 3947 2061; baseline -0.006 -17"><span class='ocrx_word' id='word_1_260' title='bbox 2374 1991 2643 2061; x_wconf 79' lang='grc' dir='ltr'>κνυμένῃ,</span> <span class='ocrx_word' id='word_1_261' title='bbox 2696 1992 2798 2045; x_wconf 75' lang='grc' dir='ltr'>κᾶν</span> <span class='ocrx_word' id='word_1_262' title='bbox 2841 1990 2935 2043; x_wconf 70' lang='grc' dir='ltr'>καὶ</span> <span class='ocrx_word' id='word_1_263' title='bbox 2984 1987 3134 2056; x_wconf 70' lang='grc' dir='ltr'>παρὰ</span> <span class='ocrx_word' id='word_1_264' title='bbox 3192 1987 3354 2056; x_wconf 82' lang='grc' dir='ltr'>φύσιν</span> <span class='ocrx_word' id='word_1_265' title='bbox 3384 1986 3523 2053; x_wconf 81' lang='grc' dir='ltr'>αὑτῇ</span> <span class='ocrx_word' id='word_1_266' title='bbox 3563 1984 3625 2037; x_wconf 82' lang='grc' dir='ltr'><strong>τὸ</strong></span> <span class='ocrx_word' id='word_1_267' title='bbox 3670 1982 3947 2048; x_wconf 74' lang='grc' dir='ltr'>κολάζειν,</span> 
     </span>
    </p>
   </div>
   <div class='ocr_carea' id='block_1_38' title="bbox 697 2074 2380 2174">
    <p class='ocr_par' dir='ltr' id='par_1_38' title="bbox 697 2084 2380 2174">
     <span class='ocr_line' id='line_1_39' title="bbox 697 2084 2380 2174; baseline -0.014 -16"><span class='ocrx_word' id='word_1_268' title='bbox 697 2103 1038 2174; x_wconf 76' lang='lat' dir='ltr'><strong>inopinatum</strong></span> <span class='ocrx_word' id='word_1_269' title='bbox 1066 2097 1416 2160; x_wconf 85' lang='lat' dir='ltr'><strong>miraculum,</strong></span> <span class='ocrx_word' id='word_1_270' title='bbox 1449 2100 1765 2147; x_wconf 88' lang='lat' dir='ltr'><strong>cantarunt.</strong></span> <span class='ocrx_word' id='word_1_271' title='bbox 1802 2089 2029 2142; x_wconf 79' lang='lat' dir='ltr'><strong>Matrem</strong></span> <span class='ocrx_word' id='word_1_272' title='bbox 2076 2084 2265 2139; x_wconf 89' lang='lat' dir='ltr'><strong>itidem</strong></span> <span class='ocrx_word' id='word_1_273' title='bbox 2377 2091 2380 2153; x_wconf 56' lang='grc' dir='ltr'>ι</span> 
     </span>
    </p>
   </div>
   <div class='ocr_carea' id='block_1_39' title="bbox 2266 2074 3949 2174">
    <p class='ocr_par' dir='ltr' id='par_1_39' title="bbox 2377 2074 3949 2154">
     <span class='ocr_line' id='line_1_40' title="bbox 2377 2074 3949 2154; baseline -0.007 -16"><span class='ocrx_word' id='word_1_274' title='bbox 2377 2083 2697 2154; x_wconf 72' lang='grc' dir='ltr'>βιαζομένῃ,</span> <span class='ocrx_word' id='word_1_275' title='bbox 2753 2082 2829 2146; x_wconf 84' lang='grc' dir='ltr'>ὡς</span> <span class='ocrx_word' id='word_1_276' title='bbox 2879 2082 2943 2136; x_wconf 78' lang='grc' dir='ltr'>ἄν</span> <span class='ocrx_word' id='word_1_277' title='bbox 2994 2098 3057 2149; x_wconf 88' lang='grc' dir='ltr'><strong>γε</strong></span> <span class='ocrx_word' id='word_1_278' title='bbox 3111 2078 3179 2133; x_wconf 78' lang='grc' dir='ltr'>τὰ</span> <span class='ocrx_word' id='word_1_279' title='bbox 3232 2080 3327 2149; x_wconf 80' lang='grc' dir='ltr'><strong>τῆς</strong></span> <span class='ocrx_word' id='word_1_280' title='bbox 3379 2076 3678 2148; x_wconf 85' lang='grc' dir='ltr'>θρησκείας</span> <span class='ocrx_word' id='word_1_281' title='bbox 3737 2074 3949 2145; x_wconf 74' lang='grc' dir='ltr'>ἔμπεδα</span> 
     </span>
    </p>
   </div>
   <div class='ocr_carea' id='block_1_40' title="bbox 700 2180 2266 2260">
    <p class='ocr_par' dir='ltr' id='par_1_40' title="bbox 700 2180 2266 2260">
     <span class='ocr_line' id='line_1_41' title="bbox 700 2180 2266 2260; baseline -0.012 -11"><span class='ocrx_word' id='word_1_282' title='bbox 700 2198 793 2250; x_wconf 88' lang='lat' dir='ltr'><strong>Dei</strong></span> <span class='ocrx_word' id='word_1_283' title='bbox 836 2196 1205 2253; x_wconf 82' lang='lat' dir='ltr'><strong>celebrarunt,</strong></span> <span class='ocrx_word' id='word_1_284' title='bbox 1262 2204 1383 2260; x_wconf 73' lang='lat' dir='ltr'><strong>qua:</strong></span> <span class='ocrx_word' id='word_1_285' title='bbox 1436 2188 1508 2241; x_wconf 91' lang='lat' dir='ltr'><strong>ita</strong></span> <span class='ocrx_word' id='word_1_286' title='bbox 1561 2199 1776 2252; x_wconf 84' lang='lat' dir='ltr'><strong>semper</strong></span> <span class='ocrx_word' id='word_1_287' title='bbox 1827 2180 2266 2237; x_wconf 89' lang='lat' dir='ltr'><strong>Christianorum</strong></span> 
     </span>
    </p>
   </div>
   <div class='ocr_carea' id='block_1_41' title="bbox 2377 2178 2484 2249">
    <p class='ocr_par' dir='ltr' id='par_1_41' title="bbox 2377 2178 2484 2249">
     <span class='ocr_line' id='line_1_42' title="bbox 2377 2178 2484 2249; baseline 0 -19"><span class='ocrx_word' id='word_1_288' title='bbox 2377 2178 2484 2249; x_wconf 82' lang='grc' dir='ltr'>εἴη.</span> 
     </span>
    </p>
   </div>
   <div class='ocr_carea' id='block_1_42' title="bbox 698 2266 3951 2359">
    <p class='ocr_par' dir='ltr' id='par_1_42' title="bbox 698 2266 3951 2359">
     <span class='ocr_line' id='line_1_43' title="bbox 698 2266 3951 2359; baseline -0.009 -16"><span class='ocrx_word' id='word_1_289' title='bbox 698 2304 869 2359; x_wconf 75' lang='lat' dir='ltr'><strong>genus</strong></span> <span class='ocrx_word' id='word_1_290' title='bbox 900 2296 1168 2348; x_wconf 90' lang='lat' dir='ltr'><strong>tueretur,</strong></span> <span class='ocrx_word' id='word_1_291' title='bbox 1196 2297 1426 2353; x_wconf 63' lang='lat' dir='ltr'><strong>quaeque</strong></span> <span class='ocrx_word' id='word_1_292' title='bbox 1462 2293 1604 2332; x_wconf 86' lang='lat' dir='ltr'><strong>novo</strong></span> <span class='ocrx_word' id='word_1_293' title='bbox 1653 2274 1894 2345; x_wconf 88' lang='lat' dir='ltr'><strong>quodam</strong></span> <span class='ocrx_word' id='word_1_294' title='bbox 1953 2271 2115 2327; x_wconf 87' lang='lat' dir='ltr'><strong>modo</strong></span> <span class='ocrx_word' id='word_1_295' title='bbox 2169 2270 2518 2325; x_wconf 67' lang='lat' dir='ltr'><strong>adactionem</strong></span> <span class='ocrx_word' id='word_1_296' title='bbox 2586 2285 2713 2340; x_wconf 78' lang='lat' dir='ltr'><strong>erga</strong></span> <span class='ocrx_word' id='word_1_297' title='bbox 2773 2284 2875 2323; x_wconf 88' lang='lat' dir='ltr'><strong>nos</strong></span> <span class='ocrx_word' id='word_1_298' title='bbox 2942 2283 3097 2322; x_wconf 87' lang='lat' dir='ltr'><strong>suam</strong></span> <span class='ocrx_word' id='word_1_299' title='bbox 3135 2266 3384 2337; x_wconf 80' lang='lat' dir='ltr'><strong>quamvis</strong></span> <span class='ocrx_word' id='word_1_300' title='bbox 3434 2274 3633 2335; x_wconf 63' lang='lat' dir='ltr'><strong>prater</strong></span> <span class='ocrx_word' id='word_1_301' title='bbox 3696 2270 3951 2317; x_wconf 85' lang='lat' dir='ltr'><strong>naturam</strong></span> 
     </span>
    </p>
   </div>
   <div class='ocr_carea' id='block_1_43' title="bbox 698 2345 3955 2452">
    <p class='ocr_par' dir='ltr' id='par_1_43' title="bbox 698 2345 3955 2452">
     <span class='ocr_line' id='line_1_44' title="bbox 698 2345 3955 2452; baseline -0.007 -18"><span class='ocrx_word' id='word_1_302' title='bbox 698 2384 819 2452; x_wconf 81' lang='lat' dir='ltr'><strong>ejus</strong></span> <span class='ocrx_word' id='word_1_303' title='bbox 848 2381 939 2445; x_wconf 91' lang='lat' dir='ltr'><strong>sit,</strong></span> <span class='ocrx_word' id='word_1_304' title='bbox 978 2388 1387 2447; x_wconf 75' lang='lat' dir='ltr'><strong>utqucmquam</strong></span> <span class='ocrx_word' id='word_1_305' title='bbox 1445 2372 1655 2442; x_wconf 85' lang='lat' dir='ltr'><strong>puniat,</strong></span> <span class='ocrx_word' id='word_1_306' title='bbox 1696 2370 1747 2423; x_wconf 81' lang='lat' dir='ltr'><strong>vi</strong></span> <span class='ocrx_word' id='word_1_307' title='bbox 1804 2366 2040 2439; x_wconf 89' lang='lat' dir='ltr'><strong>quadam</strong></span> <span class='ocrx_word' id='word_1_308' title='bbox 2085 2365 2277 2421; x_wconf 85' lang='lat' dir='ltr'><strong>adacta</strong></span> <span class='ocrx_word' id='word_1_309' title='bbox 2319 2364 2655 2431; x_wconf 85' lang='lat' dir='ltr'><strong>ostenderet,</strong></span> <span class='ocrx_word' id='word_1_310' title='bbox 2722 2372 2780 2419; x_wconf 90' lang='lat' dir='ltr'><strong>ut</strong></span> <span class='ocrx_word' id='word_1_311' title='bbox 2806 2364 3019 2420; x_wconf 89' lang='lat' dir='ltr'><strong>scilicet</strong></span> <span class='ocrx_word' id='word_1_312' title='bbox 3076 2362 3265 2434; x_wconf 80' lang='lat' dir='ltr'><strong>religio</strong></span> <span class='ocrx_word' id='word_1_313' title='bbox 3294 2361 3455 2417; x_wconf 87' lang='lat' dir='ltr'><strong>nobis</strong></span> <span class='ocrx_word' id='word_1_314' title='bbox 3473 2358 3691 2420; x_wconf 77' lang='lat' dir='ltr'><strong>stabilis</strong></span> <span class='ocrx_word' id='word_1_315' title='bbox 3718 2345 3775 2415; x_wconf 82' lang='lat' dir='ltr'><strong>et</strong></span> <span class='ocrx_word' id='word_1_316' title='bbox 3799 2356 3955 2413; x_wconf 75' lang='lat' dir='ltr'><strong>firma</strong></span> 
     </span>
    </p>
   </div>
   <div class='ocr_carea' id='block_1_44' title="bbox 701 2485 869 2529">
    <p class='ocr_par' dir='ltr' id='par_1_44' title="bbox 701 2485 869 2529">
     <span class='ocr_line' id='line_1_45' title="bbox 701 2485 869 2529; baseline -0.006 0"><span class='ocrx_word' id='word_1_317' title='bbox 701 2485 869 2529; x_wconf 84' lang='lat' dir='ltr'><strong>esset.</strong></span> 
     </span>
    </p>
   </div>
   <div class='ocr_carea' id='block_1_45' title="bbox 1111 2598 1847 2675">
    <p class='ocr_par' dir='ltr' id='par_1_45' title="bbox 1111 2598 1847 2675">
     <span class='ocr_line' id='line_1_46' title="bbox 1111 2598 1847 2675; baseline -0.008 -18"><span class='ocrx_word' id='word_1_318' title='bbox 1111 2604 1283 2675; x_wconf 76' lang='lat'><strong>.353</strong></span> <span class='ocrx_word' id='word_1_319' title='bbox 1328 2600 1555 2658; x_wconf 82' lang='lat' dir='ltr'><strong>CAPUT</strong></span> <span class='ocrx_word' id='word_1_320' title='bbox 1608 2598 1847 2654; x_wconf 81' lang='lat' dir='ltr'><strong>xxxw.</strong></span> 
     </span>
    </p>
   </div>
   <div class='ocr_carea' id='block_1_46' title="bbox 710 2708 2281 2785">
    <p class='ocr_par' dir='ltr' id='par_1_46' title="bbox 710 2708 2281 2785">
     <span class='ocr_line' id='line_1_47' title="bbox 710 2708 2281 2785; baseline -0.011 -6"><span class='ocrx_word' id='word_1_321' title='bbox 710 2724 787 2779; x_wconf 79' lang='lat' dir='ltr'><strong>De</strong></span> <span class='ocrx_word' id='word_1_322' title='bbox 814 2733 993 2780; x_wconf 71' lang='lat' dir='ltr'><strong>sancto</strong></span> <span class='ocrx_word' id='word_1_323' title='bbox 1030 2720 1239 2775; x_wconf 82' lang='lat' dir='ltr'><strong>Joanne</strong></span> <span class='ocrx_word' id='word_1_324' title='bbox 1260 2717 1575 2785; x_wconf 83' lang='lat' dir='ltr'><strong>Jejunatore</strong></span> <span class='ocrx_word' id='word_1_325' title='bbox 1596 2754 1610 2777; x_wconf 93' lang='lat'><strong>,</strong></span> <span class='ocrx_word' id='word_1_326' title='bbox 1642 2708 2082 2785; x_wconf 64' lang='lat' dir='ltr'><strong>archiepiscopo“</strong></span> <span class='ocrx_word' id='word_1_327' title='bbox 2109 2708 2281 2778; x_wconf 79' lang='lat' dir='ltr'><strong>digni-</strong></span> 
     </span>
    </p>
   </div>
   <div class='ocr_carea' id='block_1_47' title="bbox 1061 2783 1929 2854">
    <p class='ocr_par' dir='ltr' id='par_1_47' title="bbox 1061 2783 1929 2854">
     <span class='ocr_line' id='line_1_48' title="bbox 1061 2783 1929 2854; baseline -0.009 -11"><span class='ocrx_word' id='word_1_328' title='bbox 1061 2799 1169 2843; x_wconf 83' lang='lat' dir='ltr'><strong>tate</strong></span> <span class='ocrx_word' id='word_1_329' title='bbox 1213 2783 1670 2854; x_wconf 58' lang='lat' dir='ltr'><strong>Constantinopoli</strong></span> <span class='ocrx_word' id='word_1_330' title='bbox 1719 2790 1929 2835; x_wconf 88' lang='lat' dir='ltr'><strong>ornato.</strong></span> 
     </span>
    </p>
   </div>
   <div class='ocr_carea' id='block_1_48' title="bbox 783 2962 2285 3032">
    <p class='ocr_par' dir='ltr' id='par_1_48' title="bbox 783 2962 2285 3032">
     <span class='ocr_line' id='line_1_49' title="bbox 783 2962 2285 3032; baseline -0.007 -5"><span class='ocrx_word' id='word_1_331' title='bbox 783 2975 921 3027; x_wconf 89' lang='lat' dir='ltr'><strong>Tum</strong></span> <span class='ocrx_word' id='word_1_332' title='bbox 951 2987 1083 3026; x_wconf 88' lang='lat' dir='ltr'><strong>vero</strong></span> <span class='ocrx_word' id='word_1_333' title='bbox 1110 2970 1275 3025; x_wconf 87' lang='lat' dir='ltr'><strong>etiam</strong></span> <span class='ocrx_word' id='word_1_334' title='bbox 1304 2966 1594 3022; x_wconf 69' lang='lat' dir='ltr'><strong>bierareta</strong></span> <span class='ocrx_word' id='word_1_335' title='bbox 1627 2964 1782 3019; x_wconf 80' lang='lat' dir='ltr'><strong>urbis</strong></span> <span class='ocrx_word' id='word_1_336' title='bbox 1817 2962 2285 3032; x_wconf 74' lang='lat' dir='ltr'><strong>Constantinopo-</strong></span> 
     </span>
    </p>
   </div>
   <div class='ocr_carea' id='block_1_49' title="bbox 715 3058 2282 3130">
    <p class='ocr_par' dir='ltr' id='par_1_49' title="bbox 715 3058 2282 3130">
     <span class='ocr_line' id='line_1_50' title="bbox 715 3058 2282 3130; baseline -0.008 -7"><span class='ocrx_word' id='word_1_337' title='bbox 715 3070 898 3123; x_wconf 81' lang='lat' dir='ltr'><strong>litanae</strong></span> <span class='ocrx_word' id='word_1_338' title='bbox 942 3064 1181 3119; x_wconf 81' lang='lat' dir='ltr'><strong>Joannes</strong></span> <span class='ocrx_word' id='word_1_339' title='bbox 1213 3064 1311 3130; x_wconf 86' lang='grc' dir='ltr'>(ι),</span> <span class='ocrx_word' id='word_1_340' title='bbox 1377 3067 1503 3129; x_wconf 91' lang='lat' dir='ltr'><strong>post</strong></span> <span class='ocrx_word' id='word_1_341' title='bbox 1551 3058 1908 3128; x_wconf 73' lang='lat' dir='ltr'><strong>episcopatus</strong></span> <span class='ocrx_word' id='word_1_342' title='bbox 1965 3058 2049 3111; x_wconf 89' lang='lat' dir='ltr'><strong>sui</strong></span> <span class='ocrx_word' id='word_1_343' title='bbox 2108 3071 2282 3112; x_wconf 86' lang='lat' dir='ltr'><strong>annos</strong></span> 
     </span>
    </p>
   </div>
   <div class='ocr_carea' id='block_1_50' title="bbox 719 3149 2284 3221">
    <p class='ocr_par' dir='ltr' id='par_1_50' title="bbox 719 3149 2284 3221">
     <span class='ocr_line' id='line_1_51' title="bbox 719 3149 2284 3221; baseline -0.01 -6"><span class='ocrx_word' id='word_1_344' title='bbox 719 3159 1011 3221; x_wconf 82' lang='lat' dir='ltr'><strong>tredecim,</strong></span> <span class='ocrx_word' id='word_1_345' title='bbox 1048 3172 1115 3210; x_wconf 79' lang='lat' dir='ltr'><strong>ex</strong></span> <span class='ocrx_word' id='word_1_346' title='bbox 1144 3155 1248 3207; x_wconf 83' lang='lat' dir='ltr'><strong>ltac</strong></span> <span class='ocrx_word' id='word_1_347' title='bbox 1277 3154 1385 3206; x_wconf 85' lang='lat' dir='ltr'><strong>vita</strong></span> <span class='ocrx_word' id='word_1_348' title='bbox 1410 3152 1669 3206; x_wconf 85' lang='lat' dir='ltr'><strong>decessit.</strong></span> <span class='ocrx_word' id='word_1_349' title='bbox 1705 3150 1807 3215; x_wconf 89' lang='lat' dir='ltr'><strong>Qui</strong></span> <span class='ocrx_word' id='word_1_350' title='bbox 1836 3150 1983 3219; x_wconf 92' lang='lat' dir='ltr'><strong>quod</strong></span> <span class='ocrx_word' id='word_1_351' title='bbox 2031 3149 2284 3217; x_wconf 79' lang='lat' dir='ltr'><strong>volupta-</strong></span> 
     </span>
    </p>
   </div>
   <div class='ocr_carea' id='block_1_51' title="bbox 2950 2590 3359 2647">
    <p class='ocr_par' dir='ltr' id='par_1_51' title="bbox 2950 2590 3359 2647">
     <span class='ocr_line' id='line_1_52' title="bbox 2950 2590 3359 2647; baseline -0.002 -1"><span class='ocrx_word' id='word_1_352' title='bbox 2950 2591 3173 2646; x_wconf 73' lang='grc' dir='ltr'><strong>ΚΕΦΔΛ</strong></span> <span class='ocrx_word' id='word_1_353' title='bbox 3185 2631 3198 2647; x_wconf 93' lang='grc'><strong>.</strong></span> <span class='ocrx_word' id='word_1_354' title='bbox 3239 2590 3359 2645; x_wconf 75' lang='lat' dir='ltr'><strong>AA&#39;.</strong></span> 
     </span>
    </p>
   </div>
   <div class='ocr_carea' id='block_1_52' title="bbox 2385 2700 3961 2778">
    <p class='ocr_par' dir='ltr' id='par_1_52' title="bbox 2385 2700 3961 2778">
     <span class='ocr_line' id='line_1_53' title="bbox 2385 2700 3961 2778; baseline -0.006 -15"><span class='ocrx_word' id='word_1_355' title='bbox 2385 2710 2519 2777; x_wconf 56' lang='grc' dir='ltr'>Περί</span> <span class='ocrx_word' id='word_1_356' title='bbox 2557 2709 2665 2763; x_wconf 82' lang='grc' dir='ltr'>τοῦ</span> <span class='ocrx_word' id='word_1_357' title='bbox 2715 2710 2891 2778; x_wconf 78' lang='grc' dir='ltr'>ἁγίου</span> <span class='ocrx_word' id='word_1_358' title='bbox 2943 2709 3228 2763; x_wconf 78' lang='grc' dir='ltr'>Ἰωάννου</span> <span class='ocrx_word' id='word_1_359' title='bbox 3274 2705 3382 2759; x_wconf 84' lang='grc' dir='ltr'>τοῦ</span> <span class='ocrx_word' id='word_1_360' title='bbox 3450 2702 3799 2778; x_wconf 64' lang='grc' dir='ltr'>Νηστευτοῦ</span> <span class='ocrx_word' id='word_1_361' title='bbox 3852 2700 3961 2755; x_wconf 79' lang='grc' dir='ltr'>τοῦ</span> 
     </span>
    </p>
   </div>
   <div class='ocr_carea' id='block_1_53' title="bbox 2455 2776 3961 2849">
    <p class='ocr_par' dir='ltr' id='par_1_53' title="bbox 2455 2776 3961 2849">
     <span class='ocr_line' id='line_1_54' title="bbox 2455 2776 3961 2849; baseline -0.006 -16"><span class='ocrx_word' id='word_1_362' title='bbox 2455 2776 2571 2847; x_wconf 71' lang='grc' dir='ltr'><strong>τὴν</strong></span> <span class='ocrx_word' id='word_1_363' title='bbox 2605 2776 3032 2849; x_wconf 71' lang='grc' dir='ltr'>ἀρχιερατικὴν</span> <span class='ocrx_word' id='word_1_364' title='bbox 3062 2776 3759 2839; x_wconf 78' lang='grc' dir='ltr'>Κωνσταντινουπόλεως</span> <span class='ocrx_word' id='word_1_365' title='bbox 3793 2789 3961 2840; x_wconf 81' lang='grc' dir='ltr'>περι-</span> 
     </span>
    </p>
   </div>
   <div class='ocr_carea' id='block_1_54' title="bbox 2458 2850 3065 2920">
    <p class='ocr_par' dir='ltr' id='par_1_54' title="bbox 2458 2850 3065 2920">
     <span class='ocr_line' id='line_1_55' title="bbox 2458 2850 3065 2920; baseline -0.003 -16"><span class='ocrx_word' id='word_1_366' title='bbox 2458 2852 2836 2920; x_wconf 73' lang='grc' dir='ltr'>δτιλλομένου</span> <span class='ocrx_word' id='word_1_367' title='bbox 2866 2850 3065 2914; x_wconf 79' lang='grc' dir='ltr'>ἀξίαν.</span> 
     </span>
    </p>
   </div>
   <div class='ocr_carea' id='block_1_55' title="bbox 2459 2960 3966 3036">
    <p class='ocr_par' dir='ltr' id='par_1_55' title="bbox 2459 2960 3966 3036">
     <span class='ocr_line' id='line_1_56' title="bbox 2459 2960 3966 3036; baseline -0.003 -19"><span class='ocrx_word' id='word_1_368' title='bbox 2459 2965 2775 3036; x_wconf 82' lang='grc' dir='ltr'>Τηνικαῦτα</span> <span class='ocrx_word' id='word_1_369' title='bbox 2802 2965 2858 3018; x_wconf 71' lang='grc' dir='ltr'>δὲ</span> <span class='ocrx_word' id='word_1_370' title='bbox 2903 2967 3001 3019; x_wconf 78' lang='grc' dir='ltr'>καὶ</span> <span class='ocrx_word' id='word_1_371' title='bbox 3048 2967 3077 3018; x_wconf 83' lang='grc' dir='ltr'><strong>ὁ</strong></span> <span class='ocrx_word' id='word_1_372' title='bbox 3106 2966 3207 3033; x_wconf 81' lang='grc' dir='ltr'>τὴν</span> <span class='ocrx_word' id='word_1_373' title='bbox 3239 2963 3525 3033; x_wconf 84' lang='grc' dir='ltr'>ίεραρχίαν</span> <span class='ocrx_word' id='word_1_374' title='bbox 3561 2962 3815 3016; x_wconf 88' lang='grc' dir='ltr'>διιθύνων</span> <span class='ocrx_word' id='word_1_375' title='bbox 3861 2960 3966 3028; x_wconf 77' lang='grc' dir='ltr'><strong>τῆς</strong></span> 
     </span>
    </p>
   </div>
   <div class='ocr_carea' id='block_1_56' title="bbox 2389 3052 3969 3127">
    <p class='ocr_par' dir='ltr' id='par_1_56' title="bbox 2389 3052 3969 3127">
     <span class='ocr_line' id='line_1_57' title="bbox 2389 3052 3969 3127; baseline -0.006 -14"><span class='ocrx_word' id='word_1_376' title='bbox 2389 3060 2594 3121; x_wconf 82' lang='grc' dir='ltr'>πόλεως</span> <span class='ocrx_word' id='word_1_377' title='bbox 2631 3061 2884 3127; x_wconf 76' lang='grc' dir='ltr'>Ἰωάννης</span> <span class='ocrx_word' id='word_1_378' title='bbox 2941 3058 3077 3127; x_wconf 73' lang='grc' dir='ltr'>μετὰ</span> <span class='ocrx_word' id='word_1_379' title='bbox 3108 3056 3202 3125; x_wconf 78' lang='grc' dir='ltr'>ἔτη</span> <span class='ocrx_word' id='word_1_380' title='bbox 3245 3056 3508 3127; x_wconf 80' lang='grc' dir='ltr'>δεκατρία</span> <span class='ocrx_word' id='word_1_381' title='bbox 3552 3054 3645 3108; x_wconf 77' lang='grc' dir='ltr'><strong>τὸν</strong></span> <span class='ocrx_word' id='word_1_382' title='bbox 3692 3054 3819 3123; x_wconf 76' lang='grc' dir='ltr'>τῇδε</span> <span class='ocrx_word' id='word_1_383' title='bbox 3852 3052 3969 3120; x_wconf 85' lang='grc' dir='ltr'>βίον</span> 
     </span>
    </p>
   </div>
   <div class='ocr_carea' id='block_1_57' title="bbox 2389 3145 3967 3217">
    <p class='ocr_par' dir='ltr' id='par_1_57' title="bbox 2389 3145 3967 3217">
     <span class='ocr_line' id='line_1_58' title="bbox 2389 3145 3967 3217; baseline -0.006 -13"><span class='ocrx_word' id='word_1_384' title='bbox 2389 3153 2658 3205; x_wconf 78' lang='grc' dir='ltr'>ἀπέλιπεν</span> <span class='ocrx_word' id='word_1_385' title='bbox 2684 3168 2699 3183; x_wconf 76' lang='grc' dir='ltr'><strong>ο</strong></span> <span class='ocrx_word' id='word_1_386' title='bbox 2730 3151 2789 3213; x_wconf 85' lang='grc' dir='ltr'>ὃς</span> <span class='ocrx_word' id='word_1_387' title='bbox 2819 3152 2907 3203; x_wconf 76' lang='grc' dir='ltr'>διὰ</span> <span class='ocrx_word' id='word_1_388' title='bbox 2941 3150 3001 3202; x_wconf 83' lang='grc' dir='ltr'><strong>τὸ</strong></span> <span class='ocrx_word' id='word_1_389' title='bbox 3033 3147 3546 3217; x_wconf 74' lang='grc' dir='ltr'>καταφιλοσοφῆσαι</span> <span class='ocrx_word' id='word_1_390' title='bbox 3575 3146 3686 3199; x_wconf 84' lang='grc' dir='ltr'>τῶν</span> <span class='ocrx_word' id='word_1_391' title='bbox 3735 3145 3967 3215; x_wconf 79' lang='grc' dir='ltr'>ἡδονῶν,</span> 
     </span>
    </p>
   </div>
   <div class='ocr_carea' id='block_1_58' title="bbox 721 3230 2404 3320">
    <p class='ocr_par' dir='ltr' id='par_1_58' title="bbox 721 3230 2404 3320">
     <span class='ocr_line' id='line_1_59' title="bbox 721 3230 2404 3320; baseline -0.01 -14"><span class='ocrx_word' id='word_1_392' title='bbox 721 3265 803 3308; x_wconf 87' lang='lat' dir='ltr'><strong>tes</strong></span> <span class='ocrx_word' id='word_1_393' title='bbox 830 3248 1181 3320; x_wconf 70' lang='lat' dir='ltr'><strong>expugnarit,</strong></span> <span class='ocrx_word' id='word_1_394' title='bbox 1216 3246 1494 3313; x_wconf 81' lang='lat' dir='ltr'><strong>animique</strong></span> <span class='ocrx_word' id='word_1_395' title='bbox 1530 3242 1983 3313; x_wconf 85' lang='lat' dir='ltr'><strong>perturbationes</strong></span> <span class='ocrx_word' id='word_1_396' title='bbox 2029 3255 2293 3295; x_wconf 76' lang='lat' dir='ltr'><strong>cecrcue-</strong></span> <span class='ocrx_word' id='word_1_397' title='bbox 2319 3230 2363 3291; x_wconf 86' lang='lat' dir='ltr'><strong><em>C</em></strong></span> <span class='ocrx_word' id='word_1_398' title='bbox 2399 3262 2404 3275; x_wconf 84' lang='grc' dir='ltr'><strong>ι</strong></span> 
     </span>
    </p>
   </div>
   <div class='ocr_carea' id='block_1_59' title="bbox 2289 3230 3972 3320">
    <p class='ocr_par' dir='ltr' id='par_1_59' title="bbox 2289 3230 3972 3314">
     <span class='ocr_line' id='line_1_60' title="bbox 2289 3230 3972 3314; baseline -0.004 -18"><span class='ocrx_word' id='word_1_399' title='bbox 2289 3230 2363 3291; x_wconf 71' lang='grc' dir='ltr'>ιο</span> <span class='ocrx_word' id='word_1_400' title='bbox 2399 3243 2738 3314; x_wconf 80' lang='grc' dir='ltr'>τυραννῆσαι</span> <span class='ocrx_word' id='word_1_401' title='bbox 2785 3260 2845 3295; x_wconf 76' lang='grc' dir='ltr'><strong>τε</strong></span> <span class='ocrx_word' id='word_1_402' title='bbox 2894 3242 3004 3295; x_wconf 85' lang='grc' dir='ltr'>τῶν</span> <span class='ocrx_word' id='word_1_403' title='bbox 3051 3241 3261 3307; x_wconf 83' lang='grc' dir='ltr'>παθῶν,</span> <span class='ocrx_word' id='word_1_404' title='bbox 3293 3243 3389 3295; x_wconf 77' lang='grc' dir='ltr'>καὶ</span> <span class='ocrx_word' id='word_1_405' title='bbox 3440 3240 3823 3310; x_wconf 83' lang='grc' dir='ltr'>αὐτοκράτορα</span> <span class='ocrx_word' id='word_1_406' title='bbox 3868 3237 3972 3306; x_wconf 81' lang='grc' dir='ltr'><strong>τῆς</strong></span> 
     </span>
    </p>
   </div>
   <div class='ocr_carea' id='block_1_60' title="bbox 722 3334 2289 3411">
    <p class='ocr_par' dir='ltr' id='par_1_60' title="bbox 722 3334 2289 3411">
     <span class='ocr_line' id='line_1_61' title="bbox 722 3334 2289 3411; baseline -0.006 -13"><span class='ocrx_word' id='word_1_407' title='bbox 722 3344 812 3407; x_wconf 88' lang='lat' dir='ltr'><strong>rit,</strong></span> <span class='ocrx_word' id='word_1_408' title='bbox 837 3352 891 3397; x_wconf 92' lang='lat' dir='ltr'><strong>et</strong></span> <span class='ocrx_word' id='word_1_409' title='bbox 914 3341 1206 3411; x_wconf 87' lang='lat' dir='ltr'><strong>imperium</strong></span> <span class='ocrx_word' id='word_1_410' title='bbox 1234 3339 1289 3391; x_wconf 88' lang='lat' dir='ltr'><strong>in</strong></span> <span class='ocrx_word' id='word_1_411' title='bbox 1325 3346 1572 3391; x_wconf 86' lang='lat' dir='ltr'><strong>ventrem</strong></span> <span class='ocrx_word' id='word_1_412' title='bbox 1604 3336 1938 3399; x_wconf 75' lang='lat' dir='ltr'><strong>exercuerit,</strong></span> <span class='ocrx_word' id='word_1_413' title='bbox 1998 3334 2289 3402; x_wconf 86' lang='lat' dir='ltr'><strong>Jejunator</strong></span> 
     </span>
    </p>
   </div>
   <div class='ocr_carea' id='block_1_61' title="bbox 723 3426 2289 3503">
    <p class='ocr_par' dir='ltr' id='par_1_61' title="bbox 723 3426 2289 3503">
     <span class='ocr_line' id='line_1_62' title="bbox 723 3426 2289 3503; baseline -0.005 -16"><span class='ocrx_word' id='word_1_414' title='bbox 723 3450 750 3487; x_wconf 88' lang='lat' dir='ltr'><strong>a</strong></span> <span class='ocrx_word' id='word_1_415' title='bbox 780 3432 1055 3503; x_wconf 81' lang='lat' dir='ltr'><strong>Byzantiis</strong></span> <span class='ocrx_word' id='word_1_416' title='bbox 1078 3427 1496 3498; x_wconf 81' lang='lat' dir='ltr'><strong>cognominatus</strong></span> <span class='ocrx_word' id='word_1_417' title='bbox 1548 3435 1679 3480; x_wconf 90' lang='lat' dir='ltr'><strong>est:</strong></span> <span class='ocrx_word' id='word_1_418' title='bbox 1723 3426 1807 3479; x_wconf 88' lang='lat' dir='ltr'><strong>vir</strong></span> <span class='ocrx_word' id='word_1_419' title='bbox 1859 3442 1927 3481; x_wconf 81' lang='lat' dir='ltr'><strong>ex</strong></span> <span class='ocrx_word' id='word_1_420' title='bbox 1988 3426 2289 3480; x_wconf 86' lang='lat' dir='ltr'><strong>idiotarum</strong></span> 
     </span>
    </p>
   </div>
   <div class='ocr_carea' id='block_1_62' title="bbox 723 3518 2294 3596">
    <p class='ocr_par' dir='ltr' id='par_1_62' title="bbox 723 3518 2294 3596">
     <span class='ocr_line' id='line_1_63' title="bbox 723 3518 2294 3596; baseline -0.004 -16"><span class='ocrx_word' id='word_1_421' title='bbox 723 3526 951 3596; x_wconf 86' lang='lat' dir='ltr'><strong>quidem</strong></span> <span class='ocrx_word' id='word_1_422' title='bbox 980 3524 1071 3578; x_wconf 91' lang='lat' dir='ltr'><strong>ille</strong></span> <span class='ocrx_word' id='word_1_423' title='bbox 1105 3531 1161 3577; x_wconf 90' lang='lat' dir='ltr'><strong>et</strong></span> <span class='ocrx_word' id='word_1_424' title='bbox 1197 3521 1399 3589; x_wconf 84' lang='lat' dir='ltr'><strong>Opificii</strong></span> <span class='ocrx_word' id='word_1_425' title='bbox 1426 3536 1536 3573; x_wconf 90' lang='lat' dir='ltr'><strong>non</strong></span> <span class='ocrx_word' id='word_1_426' title='bbox 1590 3519 1871 3573; x_wconf 86' lang='lat' dir='ltr'><strong>inhonesti</strong></span> <span class='ocrx_word' id='word_1_427' title='bbox 1918 3518 2112 3572; x_wconf 90' lang='lat' dir='ltr'><strong>ordine</strong></span> <span class='ocrx_word' id='word_1_428' title='bbox 2164 3534 2294 3587; x_wconf 73' lang='lat' dir='ltr'><strong>pio-</strong></span> 
     </span>
    </p>
   </div>
   <div class='ocr_carea' id='block_1_63' title="bbox 725 3610 2291 3692">
    <p class='ocr_par' dir='ltr' id='par_1_63' title="bbox 725 3610 2291 3692">
     <span class='ocr_line' id='line_1_64' title="bbox 725 3610 2291 3692; baseline -0.006 -18"><span class='ocrx_word' id='word_1_429' title='bbox 725 3634 968 3692; x_wconf 75' lang='lat' dir='ltr'><strong>gressus,</strong></span> <span class='ocrx_word' id='word_1_430' title='bbox 1001 3615 1095 3671; x_wconf 88' lang='lat' dir='ltr'><strong>sed</strong></span> <span class='ocrx_word' id='word_1_431' title='bbox 1121 3614 1213 3685; x_wconf 87' lang='lat' dir='ltr'><strong>qui</strong></span> <span class='ocrx_word' id='word_1_432' title='bbox 1251 3622 1476 3683; x_wconf 87' lang='lat' dir='ltr'><strong>propter</strong></span> <span class='ocrx_word' id='word_1_433' title='bbox 1501 3621 1855 3682; x_wconf 79' lang='lat' dir='ltr'><strong>pr.estantem</strong></span> <span class='ocrx_word' id='word_1_434' title='bbox 1910 3612 2169 3666; x_wconf 80' lang='lat' dir='ltr'><strong>virtutem</strong></span> <span class='ocrx_word' id='word_1_435' title='bbox 2223 3610 2291 3665; x_wconf 87' lang='lat' dir='ltr'><strong>ad</strong></span> 
     </span>
    </p>
   </div>
   <div class='ocr_carea' id='block_1_64' title="bbox 727 3705 2293 3783">
    <p class='ocr_par' dir='ltr' id='par_1_64' title="bbox 727 3705 2293 3783">
     <span class='ocr_line' id='line_1_65' title="bbox 727 3705 2293 3783; baseline -0.006 -16"><span class='ocrx_word' id='word_1_436' title='bbox 727 3712 1079 3783; x_wconf 84' lang='lat' dir='ltr'><strong>episcopatus</strong></span> <span class='ocrx_word' id='word_1_437' title='bbox 1103 3708 1381 3776; x_wconf 81' lang='lat' dir='ltr'><strong>fastigium</strong></span> <span class='ocrx_word' id='word_1_438' title='bbox 1412 3705 1664 3759; x_wconf 87' lang='lat' dir='ltr'><strong>sublatus</strong></span> <span class='ocrx_word' id='word_1_439' title='bbox 1712 3706 1803 3759; x_wconf 88' lang='lat' dir='ltr'><strong>sit.</strong></span> <span class='ocrx_word' id='word_1_440' title='bbox 1861 3706 1936 3761; x_wconf 80' lang='lat' dir='ltr'><strong>De</strong></span> <span class='ocrx_word' id='word_1_441' title='bbox 1999 3720 2111 3773; x_wconf 90' lang='lat' dir='ltr'><strong>quo</strong></span> <span class='ocrx_word' id='word_1_442' title='bbox 2168 3720 2293 3759; x_wconf 89' lang='lat' dir='ltr'><strong>cum</strong></span> 
     </span>
    </p>
   </div>
   <div class='ocr_carea' id='block_1_65' title="bbox 728 3798 2295 3868">
    <p class='ocr_par' dir='ltr' id='par_1_65' title="bbox 728 3798 2295 3868">
     <span class='ocr_line' id='line_1_66' title="bbox 728 3798 2295 3868; baseline -0.004 -10"><span class='ocrx_word' id='word_1_443' title='bbox 728 3805 897 3858; x_wconf 87' lang='lat' dir='ltr'><strong>multa</strong></span> <span class='ocrx_word' id='word_1_444' title='bbox 927 3802 1034 3858; x_wconf 83' lang='lat' dir='ltr'><strong>alia</strong></span> <span class='ocrx_word' id='word_1_445' title='bbox 1069 3808 1376 3854; x_wconf 87' lang='lat' dir='ltr'><strong>memoratu</strong></span> <span class='ocrx_word' id='word_1_446' title='bbox 1405 3799 1566 3867; x_wconf 78' lang='lat' dir='ltr'><strong>digna</strong></span> <span class='ocrx_word' id='word_1_447' title='bbox 1599 3799 1990 3868; x_wconf 68' lang='lat' dir='ltr'><strong>praedicantur,</strong></span> <span class='ocrx_word' id='word_1_448' title='bbox 2024 3808 2138 3853; x_wconf 91' lang='lat' dir='ltr'><strong>tum</strong></span> <span class='ocrx_word' id='word_1_449' title='bbox 2161 3798 2295 3851; x_wconf 88' lang='lat' dir='ltr'><strong>illud</strong></span> 
     </span>
    </p>
   </div>
   <div class='ocr_carea' id='block_1_66' title="bbox 732 3894 2300 3961">
    <p class='ocr_par' dir='ltr' id='par_1_66' title="bbox 732 3894 2300 3961">
     <span class='ocr_line' id='line_1_67' title="bbox 732 3894 2300 3961; baseline -0.003 -11"><span class='ocrx_word' id='word_1_450' title='bbox 732 3896 964 3950; x_wconf 74' lang='lat' dir='ltr'><strong>maxime</strong></span> <span class='ocrx_word' id='word_1_451' title='bbox 993 3894 1145 3949; x_wconf 86' lang='lat' dir='ltr'><strong>celeb</strong></span> <span class='ocrx_word' id='word_1_452' title='bbox 1160 3903 1335 3956; x_wconf 86' lang='lat' dir='ltr'><strong>ratur,</strong></span> <span class='ocrx_word' id='word_1_453' title='bbox 1374 3895 1522 3961; x_wconf 90' lang='lat' dir='ltr'><strong>quod</strong></span> <span class='ocrx_word' id='word_1_454' title='bbox 1555 3900 1779 3960; x_wconf 84' lang='lat' dir='ltr'><strong>propter</strong></span> <span class='ocrx_word' id='word_1_455' title='bbox 1802 3906 1958 3945; x_wconf 91' lang='lat' dir='ltr'><strong>suam</strong></span> <span class='ocrx_word' id='word_1_456' title='bbox 1991 3906 2121 3959; x_wconf 82' lang='lat' dir='ltr'><strong>erga</strong></span> <span class='ocrx_word' id='word_1_457' title='bbox 2167 3907 2300 3960; x_wconf 89' lang='lat' dir='ltr'><strong>pau-</strong></span> 
     </span>
    </p>
   </div>
   <div class='ocr_carea' id='block_1_67' title="bbox 733 3986 2297 4058">
    <p class='ocr_par' dir='ltr' id='par_1_67' title="bbox 733 3986 2297 4058">
     <span class='ocr_line' id='line_1_68' title="bbox 733 3986 2297 4058; baseline -0.003 -15"><span class='ocrx_word' id='word_1_458' title='bbox 733 4003 891 4058; x_wconf 85' lang='lat' dir='ltr'><strong>peres</strong></span> <span class='ocrx_word' id='word_1_459' title='bbox 914 3988 1259 4041; x_wconf 76' lang='lat' dir='ltr'><strong>aﬂ&#39;ectionem</strong></span> <span class='ocrx_word' id='word_1_460' title='bbox 1290 3996 1346 4040; x_wconf 87' lang='lat' dir='ltr'><strong>et</strong></span> <span class='ocrx_word' id='word_1_461' title='bbox 1401 3986 1836 4039; x_wconf 87' lang='lat' dir='ltr'><strong>misericordiam</strong></span> <span class='ocrx_word' id='word_1_462' title='bbox 1885 3986 1985 4055; x_wconf 75' lang='lat'><strong>(2),</strong></span> <span class='ocrx_word' id='word_1_463' title='bbox 2037 3986 2297 4055; x_wconf 89' lang='lat' dir='ltr'><strong>pluribus</strong></span> 
     </span>
    </p>
   </div>
   <div class='ocr_carea' id='block_1_68' title="bbox 734 4077 2300 4150">
    <p class='ocr_par' dir='ltr' id='par_1_68' title="bbox 734 4077 2300 4150">
     <span class='ocr_line' id='line_1_69' title="bbox 734 4077 2300 4150; baseline -0.006 -13"><span class='ocrx_word' id='word_1_464' title='bbox 734 4084 801 4137; x_wconf 88' lang='lat' dir='ltr'><strong>ab</strong></span> <span class='ocrx_word' id='word_1_465' title='bbox 839 4083 1169 4150; x_wconf 85' lang='lat' dir='ltr'><strong>imperatore</strong></span> <span class='ocrx_word' id='word_1_466' title='bbox 1223 4078 1445 4133; x_wconf 86' lang='lat' dir='ltr'><strong>talentis</strong></span> <span class='ocrx_word' id='word_1_467' title='bbox 1510 4087 1700 4130; x_wconf 86' lang='lat' dir='ltr'><strong>mutuo</strong></span> <span class='ocrx_word' id='word_1_468' title='bbox 1758 4077 2013 4146; x_wconf 88' lang='lat' dir='ltr'><strong>sumptis,</strong></span> <span class='ocrx_word' id='word_1_469' title='bbox 2070 4092 2300 4147; x_wconf 78' lang='lat' dir='ltr'><strong>syngra-</strong></span> 
     </span>
    </p>
   </div>
   <div class='ocr_carea' id='block_1_69' title="bbox 735 4168 2305 4246">
    <p class='ocr_par' dir='ltr' id='par_1_69' title="bbox 735 4168 2305 4246">
     <span class='ocr_line' id='line_1_70' title="bbox 735 4168 2305 4246; baseline -0.004 -17"><span class='ocrx_word' id='word_1_470' title='bbox 735 4177 897 4246; x_wconf 83' lang='lat' dir='ltr'><strong>pham</strong></span> <span class='ocrx_word' id='word_1_471' title='bbox 925 4173 1002 4226; x_wconf 86' lang='lat' dir='ltr'><strong>illi</strong></span> <span class='ocrx_word' id='word_1_472' title='bbox 1035 4172 1277 4234; x_wconf 88' lang='lat' dir='ltr'><strong>dederit,</strong></span> <span class='ocrx_word' id='word_1_473' title='bbox 1306 4186 1411 4239; x_wconf 90' lang='lat' dir='ltr'><strong>qua</strong></span> <span class='ocrx_word' id='word_1_474' title='bbox 1469 4168 1834 4223; x_wconf 81' lang='lat' dir='ltr'><strong>substantiam</strong></span> <span class='ocrx_word' id='word_1_475' title='bbox 1889 4183 2046 4222; x_wconf 89' lang='lat' dir='ltr'><strong>suam</strong></span> <span class='ocrx_word' id='word_1_476' title='bbox 2102 4178 2305 4223; x_wconf 64' lang='lat' dir='ltr'><strong>mutua</strong></span> 
     </span>
    </p>
   </div>
   <div class='ocr_carea' id='block_1_70' title="bbox 739 4261 2303 4339">
    <p class='ocr_par' dir='ltr' id='par_1_70' title="bbox 739 4261 2303 4339">
     <span class='ocr_line' id='line_1_71' title="bbox 739 4261 2303 4339; baseline -0.008 -14"><span class='ocrx_word' id='word_1_477' title='bbox 739 4268 981 4339; x_wconf 69' lang='lat' dir='ltr'><strong>pecunite</strong></span> <span class='ocrx_word' id='word_1_478' title='bbox 1007 4275 1265 4334; x_wconf 85' lang='lat' dir='ltr'><strong>tanquam</strong></span> <span class='ocrx_word' id='word_1_479' title='bbox 1297 4264 1655 4334; x_wconf 80' lang='lat' dir='ltr'><strong>ltypotltecam</strong></span> <span class='ocrx_word' id='word_1_480' title='bbox 1684 4262 1944 4330; x_wconf 88' lang='lat' dir='ltr'><strong>opposuit</strong></span> <span class='ocrx_word' id='word_1_481' title='bbox 1998 4271 2163 4329; x_wconf 86' lang='lat' dir='ltr'><strong>atque</strong></span> <span class='ocrx_word' id='word_1_482' title='bbox 2196 4261 2303 4313; x_wconf 92' lang='lat' dir='ltr'><strong>im-</strong></span> 
     </span>
    </p>
   </div>
   <div class='ocr_carea' id='block_1_71' title="bbox 739 4352 2305 4431">
    <p class='ocr_par' dir='ltr' id='par_1_71' title="bbox 739 4352 2305 4431">
     <span class='ocr_line' id='line_1_72' title="bbox 739 4352 2305 4431; baseline -0.003 -21"><span class='ocrx_word' id='word_1_483' title='bbox 739 4360 1062 4431; x_wconf 78' lang='lat' dir='ltr'><strong>pignoravit.</strong></span> <span class='ocrx_word' id='word_1_484' title='bbox 1095 4357 1163 4410; x_wconf 87' lang='lat' dir='ltr'><strong>At</strong></span> <span class='ocrx_word' id='word_1_485' title='bbox 1189 4364 1474 4425; x_wconf 80' lang='lat' dir='ltr'><strong>postquam</strong></span> <span class='ocrx_word' id='word_1_486' title='bbox 1506 4355 1552 4408; x_wconf 87' lang='lat' dir='ltr'><strong>is</strong></span> <span class='ocrx_word' id='word_1_487' title='bbox 1600 4369 1631 4408; x_wconf 91' lang='lat' dir='ltr'><strong>e</strong></span> <span class='ocrx_word' id='word_1_488' title='bbox 1662 4354 1770 4407; x_wconf 88' lang='lat' dir='ltr'><strong>vita</strong></span> <span class='ocrx_word' id='word_1_489' title='bbox 1799 4353 2075 4421; x_wconf 79' lang='lat' dir='ltr'><strong>migravit,</strong></span> <span class='ocrx_word' id='word_1_490' title='bbox 2103 4352 2305 4406; x_wconf 84' lang='lat' dir='ltr'><strong>Mauri-</strong></span> 
     </span>
    </p>
   </div>
   <div class='ocr_carea' id='block_1_72' title="bbox 741 4445 2310 4521">
    <p class='ocr_par' dir='ltr' id='par_1_72' title="bbox 741 4445 2310 4521">
     <span class='ocr_line' id='line_1_73' title="bbox 741 4445 2310 4521; baseline -0.008 -13"><span class='ocrx_word' id='word_1_491' title='bbox 741 4455 889 4521; x_wconf 84' lang='lat' dir='ltr'><strong>cius,</strong></span> <span class='ocrx_word' id='word_1_492' title='bbox 926 4450 1188 4506; x_wconf 78' lang='lat' dir='ltr'><strong>antistitis</strong></span> <span class='ocrx_word' id='word_1_493' title='bbox 1222 4447 1513 4501; x_wconf 81' lang='lat' dir='ltr'><strong>facultates</strong></span> <span class='ocrx_word' id='word_1_494' title='bbox 1566 4445 1872 4513; x_wconf 86' lang='lat' dir='ltr'><strong>inquirens,</strong></span> <span class='ocrx_word' id='word_1_495' title='bbox 1933 4452 2310 4512; x_wconf 85' lang='lat' dir='ltr'><strong>paupertatem</strong></span> 
     </span>
    </p>
   </div>
   <div class='ocr_carea' id='block_1_73' title="bbox 2396 3329 3971 3401">
    <p class='ocr_par' dir='ltr' id='par_1_73' title="bbox 2396 3329 3971 3401">
     <span class='ocr_line' id='line_1_74' title="bbox 2396 3329 3971 3401; baseline -0.003 -17"><span class='ocrx_word' id='word_1_496' title='bbox 2396 3333 2601 3394; x_wconf 89' lang='grc' dir='ltr'>κοιλίας</span> <span class='ocrx_word' id='word_1_497' title='bbox 2647 3332 2925 3399; x_wconf 76' lang='grc' dir='ltr'>γενέσθαι,</span> <span class='ocrx_word' id='word_1_498' title='bbox 2988 3332 3307 3401; x_wconf 74' lang='grc' dir='ltr'>Νηστευτὴς</span> <span class='ocrx_word' id='word_1_499' title='bbox 3356 3332 3461 3385; x_wconf 71' lang='grc' dir='ltr'><strong>ὑπὸ</strong></span> <span class='ocrx_word' id='word_1_500' title='bbox 3516 3331 3624 3384; x_wconf 85' lang='grc' dir='ltr'><strong>τῶν</strong></span> <span class='ocrx_word' id='word_1_501' title='bbox 3659 3329 3971 3393; x_wconf 73' lang='grc' dir='ltr'>Βυζαντίων</span> 
     </span>
    </p>
   </div>
   <div class='ocr_carea' id='block_1_74' title="bbox 2398 3420 3975 3496">
    <p class='ocr_par' dir='ltr' id='par_1_74' title="bbox 2398 3420 3975 3496">
     <span class='ocr_line' id='line_1_75' title="bbox 2398 3420 3975 3496; baseline -0.003 -19"><span class='ocrx_word' id='word_1_502' title='bbox 2398 3426 2815 3496; x_wconf 74' lang='grc' dir='ltr'>κατωνομάζετο</span> <span class='ocrx_word' id='word_1_503' title='bbox 2835 3442 2849 3457; x_wconf 86' lang='grc'><strong>·</strong></span> <span class='ocrx_word' id='word_1_504' title='bbox 2912 3424 3050 3495; x_wconf 80' lang='grc' dir='ltr'>ἀνὴρ</span> <span class='ocrx_word' id='word_1_505' title='bbox 3082 3426 3138 3492; x_wconf 82' lang='grc' dir='ltr'><strong>ἐξ</strong></span> <span class='ocrx_word' id='word_1_506' title='bbox 3169 3425 3379 3478; x_wconf 74' lang='grc' dir='ltr'>ἰδιώτου</span> <span class='ocrx_word' id='word_1_507' title='bbox 3434 3424 3528 3476; x_wconf 74' lang='grc' dir='ltr'>καὶ</span> <span class='ocrx_word' id='word_1_508' title='bbox 3559 3424 3753 3493; x_wconf 85' lang='grc' dir='ltr'>τέχνης</span> <span class='ocrx_word' id='word_1_509' title='bbox 3799 3420 3975 3490; x_wconf 72' lang='grc' dir='ltr'>χαρα-</span> 
     </span>
    </p>
   </div>
   <div class='ocr_carea' id='block_1_75' title="bbox 2400 3515 3977 3588">
    <p class='ocr_par' dir='ltr' id='par_1_75' title="bbox 2400 3515 3977 3588">
     <span class='ocr_line' id='line_1_76' title="bbox 2400 3515 3977 3588; baseline -0.003 -17"><span class='ocrx_word' id='word_1_510' title='bbox 2400 3535 2573 3588; x_wconf 83' lang='grc' dir='ltr'>γμασι</span> <span class='ocrx_word' id='word_1_511' title='bbox 2620 3518 2801 3583; x_wconf 81' lang='grc' dir='ltr'>δεξιᾶς</span> <span class='ocrx_word' id='word_1_512' title='bbox 2847 3518 2938 3570; x_wconf 75' lang='grc' dir='ltr'>διὰ</span> <span class='ocrx_word' id='word_1_513' title='bbox 2965 3518 3025 3571; x_wconf 85' lang='grc' dir='ltr'><strong>τὸ</strong></span> <span class='ocrx_word' id='word_1_514' title='bbox 3054 3518 3152 3586; x_wconf 81' lang='grc' dir='ltr'><strong>τῆς</strong></span> <span class='ocrx_word' id='word_1_515' title='bbox 3205 3516 3408 3585; x_wconf 77' lang='grc' dir='ltr'>ἀρετῆς</span> <span class='ocrx_word' id='word_1_516' title='bbox 3439 3516 3754 3585; x_wconf 76' lang='grc' dir='ltr'>ὑπερφέρον</span> <span class='ocrx_word' id='word_1_517' title='bbox 3806 3517 3885 3576; x_wconf 88' lang='grc' dir='ltr'>εἰς</span> <span class='ocrx_word' id='word_1_518' title='bbox 3910 3515 3977 3567; x_wconf 81' lang='grc' dir='ltr'><strong>τδ</strong></span> 
     </span>
    </p>
   </div>
   <div class='ocr_carea' id='block_1_76' title="bbox 2399 3605 3978 3681">
    <p class='ocr_par' dir='ltr' id='par_1_76' title="bbox 2399 3605 3978 3681">
     <span class='ocr_line' id='line_1_77' title="bbox 2399 3605 3978 3681; baseline -0.003 -17"><span class='ocrx_word' id='word_1_519' title='bbox 2399 3611 2499 3678; x_wconf 79' lang='grc' dir='ltr'><strong>τῆς</strong></span> <span class='ocrx_word' id='word_1_520' title='bbox 2529 3609 2943 3681; x_wconf 78' lang='grc' dir='ltr'>ἀρχιερωσύνης</span> <span class='ocrx_word' id='word_1_521' title='bbox 2995 3608 3127 3678; x_wconf 74' lang='grc' dir='ltr'>ὕψος</span> <span class='ocrx_word' id='word_1_522' title='bbox 3183 3608 3394 3679; x_wconf 81' lang='grc' dir='ltr'>ἀρθείς.</span> <span class='ocrx_word' id='word_1_523' title='bbox 3437 3608 3572 3677; x_wconf 79' lang='grc' dir='ltr'>Περὶ</span> <span class='ocrx_word' id='word_1_524' title='bbox 3603 3605 3663 3659; x_wconf 82' lang='grc' dir='ltr'>οὗ</span> <span class='ocrx_word' id='word_1_525' title='bbox 3696 3608 3791 3661; x_wconf 80' lang='grc' dir='ltr'>καὶ</span> <span class='ocrx_word' id='word_1_526' title='bbox 3837 3606 3978 3659; x_wconf 76' lang='grc' dir='ltr'>ἄλλα</span> 
     </span>
    </p>
   </div>
   <div class='ocr_carea' id='block_1_77' title="bbox 2406 3694 3976 3774">
    <p class='ocr_par' dir='ltr' id='par_1_77' title="bbox 2406 3694 3976 3774">
     <span class='ocr_line' id='line_1_78' title="bbox 2406 3694 3976 3774; baseline -0.002 -20"><span class='ocrx_word' id='word_1_527' title='bbox 2406 3703 2505 3774; x_wconf 81' lang='grc' dir='ltr'>μὲν</span> <span class='ocrx_word' id='word_1_528' title='bbox 2536 3701 2735 3755; x_wconf 87' lang='grc' dir='ltr'>πολλοῦ</span> <span class='ocrx_word' id='word_1_529' title='bbox 2762 3701 2923 3766; x_wconf 77' lang='grc' dir='ltr'>λόγου</span> <span class='ocrx_word' id='word_1_530' title='bbox 2969 3699 3095 3765; x_wconf 80' lang='grc' dir='ltr'>ἄξια</span> <span class='ocrx_word' id='word_1_531' title='bbox 3130 3701 3355 3770; x_wconf 80' lang='grc' dir='ltr'>φέρεται</span> <span class='ocrx_word' id='word_1_532' title='bbox 3374 3718 3389 3732; x_wconf 75' lang='grc' dir='ltr'><strong>ο</strong></span> <span class='ocrx_word' id='word_1_533' title='bbox 3437 3699 3658 3767; x_wconf 88' lang='grc' dir='ltr'>λέγεται</span> <span class='ocrx_word' id='word_1_534' title='bbox 3682 3699 3727 3753; x_wconf 77' lang='grc' dir='ltr'>δ’</span> <span class='ocrx_word' id='word_1_535' title='bbox 3754 3694 3869 3762; x_wconf 82' lang='grc' dir='ltr'>οὖν,</span> <span class='ocrx_word' id='word_1_536' title='bbox 3898 3698 3976 3761; x_wconf 82' lang='grc' dir='ltr'>ὡς</span> 
     </span>
    </p>
   </div>
   <div class='ocr_carea' id='block_1_78' title="bbox 2406 3791 3979 3865">
    <p class='ocr_par' dir='ltr' id='par_1_78' title="bbox 2406 3791 3979 3865">
     <span class='ocr_line' id='line_1_79' title="bbox 2406 3791 3979 3865; baseline -0.004 -16"><span class='ocrx_word' id='word_1_537' title='bbox 2406 3794 2746 3865; x_wconf 73' lang='grc' dir='ltr'>συμπαθείας</span> <span class='ocrx_word' id='word_1_538' title='bbox 2778 3793 2947 3865; x_wconf 80' lang='grc' dir='ltr'>οἴκτῳ</span> <span class='ocrx_word' id='word_1_539' title='bbox 2977 3793 3054 3862; x_wconf 82' lang='grc' dir='ltr'>τῷ</span> <span class='ocrx_word' id='word_1_540' title='bbox 3080 3794 3213 3861; x_wconf 76' lang='grc' dir='ltr'>πρὸς</span> <span class='ocrx_word' id='word_1_541' title='bbox 3240 3793 3365 3856; x_wconf 77' lang='grc' dir='ltr'>τοὺς</span> <span class='ocrx_word' id='word_1_542' title='bbox 3396 3793 3632 3862; x_wconf 80' lang='grc' dir='ltr'>πένητας</span> <span class='ocrx_word' id='word_1_543' title='bbox 3661 3793 3820 3846; x_wconf 75' lang='grc' dir='ltr'>ίκανὰ</span> <span class='ocrx_word' id='word_1_544' title='bbox 3843 3791 3979 3861; x_wconf 75' lang='grc' dir='ltr'>πρὸς</span> 
     </span>
    </p>
   </div>
   <div class='ocr_carea' id='block_1_79' title="bbox 2405 3886 3979 3960">
    <p class='ocr_par' dir='ltr' id='par_1_79' title="bbox 2405 3886 3979 3960">
     <span class='ocr_line' id='line_1_80' title="bbox 2405 3886 3979 3960; baseline -0.004 -17"><span class='ocrx_word' id='word_1_545' title='bbox 2405 3889 2499 3943; x_wconf 81' lang='grc' dir='ltr'>τοῦ</span> <span class='ocrx_word' id='word_1_546' title='bbox 2551 3890 2951 3960; x_wconf 70' lang='grc' dir='ltr'>αὐτοκράτορες</span> <span class='ocrx_word' id='word_1_547' title='bbox 2981 3886 3330 3941; x_wconf 80' lang='grc' dir='ltr'>δανείσασθαι</span> <span class='ocrx_word' id='word_1_548' title='bbox 3357 3888 3616 3949; x_wconf 79' lang='grc' dir='ltr'>τάλαντα,</span> <span class='ocrx_word' id='word_1_549' title='bbox 3668 3886 3763 3937; x_wconf 74' lang='grc' dir='ltr'>καὶ</span> <span class='ocrx_word' id='word_1_550' title='bbox 3793 3901 3979 3954; x_wconf 81' lang='grc' dir='ltr'>γραμ-</span> 
     </span>
    </p>
   </div>
   <div class='ocr_carea' id='block_1_80' title="bbox 2410 3976 3984 4050">
    <p class='ocr_par' dir='ltr' id='par_1_80' title="bbox 2410 3976 3984 4050">
     <span class='ocr_line' id='line_1_81' title="bbox 2410 3976 3984 4050; baseline -0.003 -18"><span class='ocrx_word' id='word_1_551' title='bbox 2410 3983 2628 4050; x_wconf 83' lang='grc' dir='ltr'>ματεῖον</span> <span class='ocrx_word' id='word_1_552' title='bbox 2681 3980 2830 4049; x_wconf 80' lang='grc' dir='ltr'>αὑτῷ</span> <span class='ocrx_word' id='word_1_553' title='bbox 2884 3979 3215 4048; x_wconf 82' lang='grc' dir='ltr'>ἐγχειρίσαι,</span> <span class='ocrx_word' id='word_1_554' title='bbox 3254 3979 3354 4048; x_wconf 74' lang='grc' dir='ltr'><strong>τὴν</strong></span> <span class='ocrx_word' id='word_1_555' title='bbox 3406 3977 3617 4031; x_wconf 71' lang='grc' dir='ltr'>οἰκείαν</span> <span class='ocrx_word' id='word_1_556' title='bbox 3652 3976 3984 4046; x_wconf 80' lang='grc' dir='ltr'>περιουσίαν</span> 
     </span>
    </p>
   </div>
   <div class='ocr_carea' id='block_1_81' title="bbox 2407 4067 3985 4137">
    <p class='ocr_par' dir='ltr' id='par_1_81' title="bbox 2407 4067 3985 4137">
     <span class='ocr_line' id='line_1_82' title="bbox 2407 4067 3985 4137; baseline -0.004 -13"><span class='ocrx_word' id='word_1_557' title='bbox 2407 4073 2529 4131; x_wconf 82' lang='grc' dir='ltr'>ταῖς</span> <span class='ocrx_word' id='word_1_558' title='bbox 2561 4069 2654 4122; x_wconf 77' lang='grc' dir='ltr'>τοῦ</span> <span class='ocrx_word' id='word_1_559' title='bbox 2686 4069 2877 4132; x_wconf 86' lang='grc' dir='ltr'>δάνους</span> <span class='ocrx_word' id='word_1_560' title='bbox 2907 4068 3090 4132; x_wconf 78' lang='grc' dir='ltr'>όλκαῖς</span> <span class='ocrx_word' id='word_1_561' title='bbox 3116 4070 3431 4123; x_wconf 79' lang='grc' dir='ltr'>ὑποθέσθαι.</span> <span class='ocrx_word' id='word_1_562' title='bbox 3469 4068 3621 4121; x_wconf 76' lang='grc' dir='ltr'>Ἐπεὶ</span> <span class='ocrx_word' id='word_1_563' title='bbox 3645 4068 3701 4121; x_wconf 76' lang='grc' dir='ltr'>δὲ</span> <span class='ocrx_word' id='word_1_564' title='bbox 3741 4067 3985 4137; x_wconf 82' lang='grc' dir='ltr'>μετῆρεν</span> 
     </span>
    </p>
   </div>
   <div class='ocr_carea' id='block_1_82' title="bbox 2410 4160 3983 4230">
    <p class='ocr_par' dir='ltr' id='par_1_82' title="bbox 2410 4160 3983 4230">
     <span class='ocr_line' id='line_1_83' title="bbox 2410 4160 3983 4230; baseline -0.003 -15"><span class='ocrx_word' id='word_1_565' title='bbox 2410 4161 2682 4228; x_wconf 82' lang='grc' dir='ltr'>ἐντεῦθεν,</span> <span class='ocrx_word' id='word_1_566' title='bbox 2739 4163 2766 4213; x_wconf 87' lang='grc' dir='ltr'><strong>ό</strong></span> <span class='ocrx_word' id='word_1_567' title='bbox 2817 4162 3124 4230; x_wconf 75' lang='grc' dir='ltr'>Μαυρὶκιος</span> <span class='ocrx_word' id='word_1_568' title='bbox 3163 4161 3263 4229; x_wconf 73' lang='grc' dir='ltr'><strong>τὴν</strong></span> <span class='ocrx_word' id='word_1_569' title='bbox 3308 4160 3400 4213; x_wconf 75' lang='grc' dir='ltr'>τοῦ</span> <span class='ocrx_word' id='word_1_570' title='bbox 3433 4160 3623 4230; x_wconf 80' lang='grc' dir='ltr'>ἱερέως</span> <span class='ocrx_word' id='word_1_571' title='bbox 3656 4160 3983 4228; x_wconf 77' lang='grc' dir='ltr'>περιουσίαν</span> 
     </span>
    </p>
   </div>
   <div class='ocr_carea' id='block_1_83' title="bbox 2410 4250 3985 4325">
    <p class='ocr_par' dir='ltr' id='par_1_83' title="bbox 2410 4250 3985 4325">
     <span class='ocr_line' id='line_1_84' title="bbox 2410 4250 3985 4325; baseline -0.004 -17"><span class='ocrx_word' id='word_1_572' title='bbox 2410 4254 2923 4325; x_wconf 81' lang='grc' dir='ltr'>διερευνησάμενος,</span> <span class='ocrx_word' id='word_1_573' title='bbox 2949 4253 3197 4323; x_wconf 84' lang='grc' dir='ltr'>εὑρίσκει</span> <span class='ocrx_word' id='word_1_574' title='bbox 3221 4250 3410 4304; x_wconf 82' lang='grc' dir='ltr'>τοῦτον</span> <span class='ocrx_word' id='word_1_575' title='bbox 3439 4252 3501 4303; x_wconf 79' lang='grc' dir='ltr'><strong>τὸ</strong></span> <span class='ocrx_word' id='word_1_576' title='bbox 3531 4251 3985 4320; x_wconf 79' lang='grc' dir='ltr'>ἀφιλοχρήματον</span> 
     </span>
    </p>
   </div>
   <div class='ocr_carea' id='block_1_84' title="bbox 2412 4341 3987 4416">
    <p class='ocr_par' dir='ltr' id='par_1_84' title="bbox 2412 4341 3987 4416">
     <span class='ocr_line' id='line_1_85' title="bbox 2412 4341 3987 4416; baseline -0.004 -15"><span class='ocrx_word' id='word_1_577' title='bbox 2412 4351 2467 4411; x_wconf 85' lang='grc' dir='ltr'><strong>ἐς</strong></span> <span class='ocrx_word' id='word_1_578' title='bbox 2499 4349 2669 4416; x_wconf 76' lang='grc' dir='ltr'>ἄκρον</span> <span class='ocrx_word' id='word_1_579' title='bbox 2694 4346 3131 4415; x_wconf 79' lang='grc' dir='ltr'>φιλοσοφήσαντα</span> <span class='ocrx_word' id='word_1_580' title='bbox 3151 4360 3166 4374; x_wconf 69' lang='grc' dir='ltr'>θ</span> <span class='ocrx_word' id='word_1_581' title='bbox 3196 4345 3289 4395; x_wconf 78' lang='grc' dir='ltr'>καὶ</span> <span class='ocrx_word' id='word_1_582' title='bbox 3316 4342 3433 4411; x_wconf 77' lang='grc' dir='ltr'>δῆτ’</span> <span class='ocrx_word' id='word_1_583' title='bbox 3453 4342 3729 4412; x_wconf 82' lang='grc' dir='ltr'>ἀγάμενος</span> <span class='ocrx_word' id='word_1_584' title='bbox 3770 4342 3865 4394; x_wconf 74' lang='grc' dir='ltr'>τὸν</span> <span class='ocrx_word' id='word_1_585' title='bbox 3891 4341 3987 4395; x_wconf 75' lang='grc' dir='ltr'><strong>ἂν·</strong></span> 
     </span>
    </p>
   </div>
   <div class='ocr_carea' id='block_1_85' title="bbox 2412 4436 3983 4511">
    <p class='ocr_par' dir='ltr' id='par_1_85' title="bbox 2412 4436 3983 4511">
     <span class='ocr_line' id='line_1_86' title="bbox 2412 4436 3983 4511; baseline -0.003 -18"><span class='ocrx_word' id='word_1_586' title='bbox 2412 4442 2514 4511; x_wconf 88' lang='grc' dir='ltr'><strong>δρα</strong></span> <span class='ocrx_word' id='word_1_587' title='bbox 2540 4442 2635 4508; x_wconf 81' lang='grc' dir='ltr'>τῆς</span> <span class='ocrx_word' id='word_1_588' title='bbox 2674 4440 2931 4509; x_wconf 82' lang='grc' dir='ltr'>.ἁρετῆς,</span> <span class='ocrx_word' id='word_1_589' title='bbox 2976 4438 3299 4508; x_wconf 73' lang='grc' dir='ltr'>διαρρήσσει</span> <span class='ocrx_word' id='word_1_590' title='bbox 3333 4438 3433 4505; x_wconf 82' lang='grc' dir='ltr'>μὲν</span> <span class='ocrx_word' id='word_1_591' title='bbox 3484 4436 3544 4491; x_wconf 85' lang='grc' dir='ltr'><strong>τὸ</strong></span> <span class='ocrx_word' id='word_1_592' title='bbox 3593 4437 3983 4505; x_wconf 82' lang='grc' dir='ltr'>γραμματεῖον</span> 
     </span>
    </p>
   </div>
   <div class='ocr_carea' id='block_1_86' title="bbox 742 4527 2425 4633">
    <p class='ocr_par' dir='ltr' id='par_1_86' title="bbox 742 4536 2425 4633">
     <span class='ocr_line' id='line_1_87' title="bbox 742 4536 2425 4633; baseline -0.009 -32"><span class='ocrx_word' id='word_1_593' title='bbox 742 4562 867 4602; x_wconf 88' lang='lat' dir='ltr'><strong>cum</strong></span> <span class='ocrx_word' id='word_1_594' title='bbox 916 4558 1247 4614; x_wconf 78' lang='lat' dir='ltr'><strong>magnOpere</strong></span> <span class='ocrx_word' id='word_1_595' title='bbox 1308 4549 1683 4595; x_wconf 89' lang='lat' dir='ltr'><strong>consectatum</strong></span> <span class='ocrx_word' id='word_1_596' title='bbox 1764 4536 1937 4591; x_wconf 85' lang='lat' dir='ltr'><strong>fuisse</strong></span> <span class='ocrx_word' id='word_1_597' title='bbox 1992 4538 2307 4605; x_wconf 82' lang='lat' dir='ltr'><strong>comperit:</strong></span> <span class='ocrx_word' id='word_1_598' title='bbox 2344 4554 2425 4633; x_wconf 69' lang='lat' dir='ltr'><strong>Dn</strong></span> 
     </span>
    </p>
   </div>
   <div class='ocr_carea' id='block_1_87' title="bbox 2304 4527 3987 4633">
    <p class='ocr_par' dir='ltr' id='par_1_87' title="bbox 2304 4527 3987 4633">
     <span class='ocr_line' id='line_1_88' title="bbox 2304 4527 3987 4633; baseline -0.008 -40"><span class='ocrx_word' id='word_1_599' title='bbox 2304 4556 2307 4593; x_wconf 92' lang='lat'><strong>:</strong></span> <span class='ocrx_word' id='word_1_600' title='bbox 2344 4578 2387 4633; x_wconf 76' lang='lat' dir='ltr'><strong>D</strong></span> <span class='ocrx_word' id='word_1_601' title='bbox 2419 4534 2577 4598; x_wconf 78' lang='grc' dir='ltr'>εὐθύς</span> <span class='ocrx_word' id='word_1_602' title='bbox 2598 4552 2612 4565; x_wconf 79' lang='grc'><em>’</em></span> <span class='ocrx_word' id='word_1_603' title='bbox 2650 4534 2809 4603; x_wconf 85' lang='grc' dir='ltr'>μόνον</span> <span class='ocrx_word' id='word_1_604' title='bbox 2835 4533 2890 4585; x_wconf 78' lang='grc' dir='ltr'>δὲ</span> <span class='ocrx_word' id='word_1_605' title='bbox 2914 4533 3003 4584; x_wconf 68' lang='grc' dir='ltr'>τὸν</span> <span class='ocrx_word' id='word_1_606' title='bbox 3034 4529 3443 4600; x_wconf 68' lang='grc' dir='ltr'>πορευρεθέντα</span> <span class='ocrx_word' id='word_1_607' title='bbox 3473 4530 3870 4599; x_wconf 77' lang='grc' dir='ltr'>σκιμποδίσκον</span> <span class='ocrx_word' id='word_1_608' title='bbox 3898 4527 3987 4594; x_wconf 79' lang='grc' dir='ltr'><strong>ξύ-</strong></span> 
     </span>
    </p>
   </div>
   <div class='ocr_carea' id='block_1_88' title="bbox 742 4629 2308 4708">
    <p class='ocr_par' dir='ltr' id='par_1_88' title="bbox 742 4629 2308 4708">
     <span class='ocr_line' id='line_1_89' title="bbox 742 4629 2308 4708; baseline -0.008 -14"><span class='ocrx_word' id='word_1_609' title='bbox 742 4652 979 4708; x_wconf 80' lang='lat' dir='ltr'><strong>eumque</strong></span> <span class='ocrx_word' id='word_1_610' title='bbox 1008 4636 1076 4690; x_wconf 90' lang='lat' dir='ltr'><strong>de</strong></span> <span class='ocrx_word' id='word_1_611' title='bbox 1108 4636 1309 4690; x_wconf 75' lang='lat' dir='ltr'><strong>virtute</strong></span> <span class='ocrx_word' id='word_1_612' title='bbox 1364 4640 1514 4687; x_wconf 87' lang='lat' dir='ltr'><strong>tanta</strong></span> <span class='ocrx_word' id='word_1_613' title='bbox 1567 4630 1893 4695; x_wconf 84' lang='lat' dir='ltr'><strong>admiratus,</strong></span> <span class='ocrx_word' id='word_1_614' title='bbox 1940 4629 2308 4701; x_wconf 78' lang='lat' dir='ltr'><strong>syngrapham</strong></span> 
     </span>
    </p>
   </div>
   <div class='ocr_carea' id='block_1_89' title="bbox 742 4721 2306 4796">
    <p class='ocr_par' dir='ltr' id='par_1_89' title="bbox 742 4721 2306 4796">
     <span class='ocr_line' id='line_1_90' title="bbox 742 4721 2306 4796; baseline -0.008 -11"><span class='ocrx_word' id='word_1_615' title='bbox 742 4732 923 4785; x_wconf 83' lang='lat' dir='ltr'><strong>statim</strong></span> <span class='ocrx_word' id='word_1_616' title='bbox 952 4726 1289 4796; x_wconf 85' lang='lat' dir='ltr'><strong>discerpsit:</strong></span> <span class='ocrx_word' id='word_1_617' title='bbox 1342 4732 1399 4779; x_wconf 88' lang='lat' dir='ltr'><strong>et</strong></span> <span class='ocrx_word' id='word_1_618' title='bbox 1453 4722 1717 4777; x_wconf 82' lang='lat' dir='ltr'><strong>lectulum</strong></span> <span class='ocrx_word' id='word_1_619' title='bbox 1778 4730 1986 4775; x_wconf 88' lang='lat' dir='ltr'><strong>tantum</strong></span> <span class='ocrx_word' id='word_1_620' title='bbox 2040 4721 2306 4791; x_wconf 68' lang='lat' dir='ltr'><strong>ligneum,</strong></span> 
     </span>
    </p>
   </div>
   <div class='ocr_carea' id='block_1_90' title="bbox 745 4813 2308 4892">
    <p class='ocr_par' dir='ltr' id='par_1_90' title="bbox 745 4813 2308 4892">
     <span class='ocr_line' id='line_1_91' title="bbox 745 4813 2308 4892; baseline -0.006 -16"><span class='ocrx_word' id='word_1_621' title='bbox 745 4822 837 4892; x_wconf 89' lang='lat' dir='ltr'><strong>qui</strong></span> <span class='ocrx_word' id='word_1_622' title='bbox 863 4822 917 4874; x_wconf 92' lang='lat' dir='ltr'><strong>in</strong></span> <span class='ocrx_word' id='word_1_623' title='bbox 947 4819 1107 4875; x_wconf 89' lang='lat' dir='ltr'><strong>bonis</strong></span> <span class='ocrx_word' id='word_1_624' title='bbox 1132 4819 1255 4889; x_wconf 88' lang='lat' dir='ltr'><strong>ejus</strong></span> <span class='ocrx_word' id='word_1_625' title='bbox 1288 4824 1540 4886; x_wconf 90' lang='lat' dir='ltr'><strong>repertus</strong></span> <span class='ocrx_word' id='word_1_626' title='bbox 1563 4824 1667 4877; x_wconf 81' lang='lat' dir='ltr'><strong>est,</strong></span> <span class='ocrx_word' id='word_1_627' title='bbox 1698 4813 2067 4883; x_wconf 53' lang='lat' dir='ltr'><strong>et;amiculum</strong></span> <span class='ocrx_word' id='word_1_628' title='bbox 2087 4813 2308 4868; x_wconf 75' lang='lat' dir='ltr'><strong>laneum</strong></span> 
     </span>
    </p>
   </div>
   <div class='ocr_carea' id='block_1_91' title="bbox 750 4905 2317 4976">
    <p class='ocr_par' dir='ltr' id='par_1_91' title="bbox 750 4905 2317 4976">
     <span class='ocr_line' id='line_1_92' title="bbox 750 4905 2317 4976; baseline -0.005 -9"><span class='ocrx_word' id='word_1_629' title='bbox 750 4927 913 4968; x_wconf 89' lang='lat' dir='ltr'><strong>tenue</strong></span> <span class='ocrx_word' id='word_1_630' title='bbox 938 4910 1254 4976; x_wconf 87' lang='lat' dir='ltr'><strong>admodum,</strong></span> <span class='ocrx_word' id='word_1_631' title='bbox 1291 4922 1392 4962; x_wconf 86' lang='lat' dir='ltr'><strong>nec</strong></span> <span class='ocrx_word' id='word_1_632' title='bbox 1418 4922 1528 4961; x_wconf 87' lang='lat' dir='ltr'><strong>non</strong></span> <span class='ocrx_word' id='word_1_633' title='bbox 1564 4906 1820 4976; x_wconf 89' lang='lat' dir='ltr'><strong>penulam</strong></span> <span class='ocrx_word' id='word_1_634' title='bbox 1868 4906 2159 4975; x_wconf 87' lang='lat' dir='ltr'><strong>quamdam</strong></span> <span class='ocrx_word' id='word_1_635' title='bbox 2221 4905 2317 4960; x_wconf 86' lang='lat' dir='ltr'><strong>de-</strong></span> 
     </span>
    </p>
   </div>
   <div class='ocr_carea' id='block_1_92' title="bbox 752 4997 2314 5074">
    <p class='ocr_par' dir='ltr' id='par_1_92' title="bbox 752 4997 2314 5074">
     <span class='ocr_line' id='line_1_93' title="bbox 752 4997 2314 5074; baseline -0.004 -15"><span class='ocrx_word' id='word_1_636' title='bbox 752 5005 979 5059; x_wconf 85' lang='lat' dir='ltr'><strong>formem</strong></span> <span class='ocrx_word' id='word_1_637' title='bbox 1013 5001 1215 5074; x_wconf 89' lang='lat' dir='ltr'><strong>(fuerat</strong></span> <span class='ocrx_word' id='word_1_638' title='bbox 1260 5013 1495 5069; x_wconf 87' lang='lat' dir='ltr'><strong>namque</strong></span> <span class='ocrx_word' id='word_1_639' title='bbox 1548 4997 1788 5052; x_wconf 83' lang='lat' dir='ltr'><strong>Joannes</strong></span> <span class='ocrx_word' id='word_1_640' title='bbox 1858 4998 2000 5051; x_wconf 80' lang='lat' dir='ltr'><strong>male</strong></span> <span class='ocrx_word' id='word_1_641' title='bbox 2057 4998 2314 5061; x_wconf 86' lang='lat' dir='ltr'><strong>vestitus.</strong></span> 
     </span>
    </p>
   </div>
   <div class='ocr_carea' id='block_1_93' title="bbox 752 5094 2313 5172">
    <p class='ocr_par' dir='ltr' id='par_1_93' title="bbox 752 5094 2313 5172">
     <span class='ocr_line' id='line_1_94' title="bbox 752 5094 2313 5172; baseline -0.006 -16"><span class='ocrx_word' id='word_1_642' title='bbox 752 5102 1064 5172; x_wconf 78' lang='lat' dir='ltr'><strong>frugalitate</strong></span> <span class='ocrx_word' id='word_1_643' title='bbox 1096 5099 1219 5152; x_wconf 74' lang='lat' dir='ltr'><strong>vitze</strong></span> <span class='ocrx_word' id='word_1_644' title='bbox 1243 5096 1604 5167; x_wconf 84' lang='lat' dir='ltr'><strong>conspicuus)</strong></span> <span class='ocrx_word' id='word_1_645' title='bbox 1632 5095 1686 5147; x_wconf 91' lang='lat' dir='ltr'><strong>in</strong></span> <span class='ocrx_word' id='word_1_646' title='bbox 1728 5094 1911 5150; x_wconf 87' lang='lat' dir='ltr'><strong>aulam</strong></span> <span class='ocrx_word' id='word_1_647' title='bbox 1972 5094 2313 5163; x_wconf 81' lang='lat' dir='ltr'><strong>imperialem</strong></span> 
     </span>
    </p>
   </div>
   <div class='ocr_carea' id='block_1_94' title="bbox 754 5187 2317 5263">
    <p class='ocr_par' dir='ltr' id='par_1_94' title="bbox 754 5187 2317 5263">
     <span class='ocr_line' id='line_1_95' title="bbox 754 5187 2317 5263; baseline -0.004 -16"><span class='ocrx_word' id='word_1_648' title='bbox 754 5194 943 5248; x_wconf 89' lang='lat' dir='ltr'><strong>inferri</strong></span> <span class='ocrx_word' id='word_1_649' title='bbox 987 5191 1173 5263; x_wconf 78' lang='lat' dir='ltr'><strong>jussit,</strong></span> <span class='ocrx_word' id='word_1_650' title='bbox 1208 5204 1383 5259; x_wconf 88' lang='lat' dir='ltr'><strong>eaque</strong></span> <span class='ocrx_word' id='word_1_651' title='bbox 1432 5188 1597 5242; x_wconf 88' lang='lat' dir='ltr'><strong>rebus</strong></span> <span class='ocrx_word' id='word_1_652' title='bbox 1635 5187 1891 5242; x_wconf 89' lang='lat' dir='ltr'><strong>omnibus</strong></span> <span class='ocrx_word' id='word_1_653' title='bbox 1933 5187 2195 5257; x_wconf 73' lang='lat' dir='ltr'><strong>praetulit.</strong></span> <span class='ocrx_word' id='word_1_654' title='bbox 2249 5187 2317 5241; x_wconf 86' lang='lat' dir='ltr'><strong>Et</strong></span> 
     </span>
    </p>
   </div>
   <div class='ocr_carea' id='block_1_95' title="bbox 752 5280 2321 5355">
    <p class='ocr_par' dir='ltr' id='par_1_95' title="bbox 752 5280 2321 5355">
     <span class='ocr_line' id='line_1_96' title="bbox 752 5280 2321 5355; baseline -0.001 -20"><span class='ocrx_word' id='word_1_655' title='bbox 752 5285 1087 5355; x_wconf 59' lang='lat' dir='ltr'><strong>ieiuniorum</strong></span> <span class='ocrx_word' id='word_1_656' title='bbox 1134 5280 1369 5337; x_wconf 89' lang='lat' dir='ltr'><strong>solemni</strong></span> <span class='ocrx_word' id='word_1_657' title='bbox 1405 5289 1652 5351; x_wconf 90' lang='lat' dir='ltr'><strong>tempore</strong></span> <span class='ocrx_word' id='word_1_658' title='bbox 1697 5280 1980 5349; x_wconf 85' lang='lat' dir='ltr'><strong>deinceps,</strong></span> <span class='ocrx_word' id='word_1_659' title='bbox 2039 5280 2198 5334; x_wconf 89' lang='lat' dir='ltr'><strong>lectis</strong></span> <span class='ocrx_word' id='word_1_660' title='bbox 2251 5295 2321 5335; x_wconf 76' lang='lat' dir='ltr'><strong>ex</strong></span> 
     </span>
    </p>
   </div>
   <div class='ocr_carea' id='block_1_96' title="bbox 760 5371 2323 5444">
    <p class='ocr_par' dir='ltr' id='par_1_96' title="bbox 760 5371 2323 5444">
     <span class='ocr_line' id='line_1_97' title="bbox 760 5371 2323 5444; baseline -0.001 -15"><span class='ocrx_word' id='word_1_661' title='bbox 760 5393 895 5431; x_wconf 87' lang='lat' dir='ltr'><strong>auro</strong></span> <span class='ocrx_word' id='word_1_662' title='bbox 947 5385 1004 5431; x_wconf 86' lang='lat' dir='ltr'><strong>et</strong></span> <span class='ocrx_word' id='word_1_663' title='bbox 1034 5375 1237 5444; x_wconf 81' lang='lat' dir='ltr'><strong>lapillis</strong></span> <span class='ocrx_word' id='word_1_664' title='bbox 1293 5373 1552 5443; x_wconf 85' lang='lat' dir='ltr'><strong>pretiosis</strong></span> <span class='ocrx_word' id='word_1_665' title='bbox 1602 5372 1971 5438; x_wconf 87' lang='lat' dir='ltr'><strong>concinnatis,</strong></span> <span class='ocrx_word' id='word_1_666' title='bbox 2020 5371 2323 5440; x_wconf 83' lang='lat' dir='ltr'><strong>sericisque</strong></span> 
     </span>
    </p>
   </div>
   <div class='ocr_carea' id='block_1_97' title="bbox 761 5463 2319 5534">
    <p class='ocr_par' dir='ltr' id='par_1_97' title="bbox 761 5463 2319 5534">
     <span class='ocr_line' id='line_1_98' title="bbox 761 5463 2319 5534; baseline -0.002 -13"><span class='ocrx_word' id='word_1_667' title='bbox 761 5468 1026 5530; x_wconf 80' lang='lat' dir='ltr'><strong>vestibus,</strong></span> <span class='ocrx_word' id='word_1_668' title='bbox 1055 5476 1111 5521; x_wconf 90' lang='lat' dir='ltr'><strong>et</strong></span> <span class='ocrx_word' id='word_1_669' title='bbox 1142 5466 1267 5520; x_wconf 88' lang='lat' dir='ltr'><strong>aliis</strong></span> <span class='ocrx_word' id='word_1_670' title='bbox 1327 5464 1703 5534; x_wconf 87' lang='lat' dir='ltr'><strong>imperialibus</strong></span> <span class='ocrx_word' id='word_1_671' title='bbox 1764 5463 1978 5518; x_wconf 87' lang='lat' dir='ltr'><strong>deliciis</strong></span> <span class='ocrx_word' id='word_1_672' title='bbox 2029 5463 2319 5531; x_wconf 86' lang='lat' dir='ltr'><strong>valedicto,</strong></span> 
     </span>
    </p>
   </div>
   <div class='ocr_carea' id='block_1_98' title="bbox 835 5643 2325 5717">
    <p class='ocr_par' dir='ltr' id='par_1_98' title="bbox 835 5643 2325 5717">
     <span class='ocr_line' id='line_1_99' title="bbox 835 5643 2325 5717; baseline -0.005 -14"><span class='ocrx_word' id='word_1_673' title='bbox 835 5650 911 5717; x_wconf 81' lang='lat' dir='ltr'><strong>(il</strong></span> <span class='ocrx_word' id='word_1_674' title='bbox 961 5648 1108 5701; x_wconf 84' lang='lat' dir='ltr'><strong>inter</strong></span> <span class='ocrx_word' id='word_1_675' title='bbox 1174 5647 1439 5702; x_wconf 83' lang='lat' dir='ltr'><strong>Joannem</strong></span> <span class='ocrx_word' id='word_1_676' title='bbox 1497 5645 1659 5717; x_wconf 79' lang='lat' dir='ltr'><strong>istum</strong></span> <span class='ocrx_word' id='word_1_677' title='bbox 1710 5654 1777 5717; x_wconf 23' lang='lat' dir='ltr'><strong>Aet</strong></span> <span class='ocrx_word' id='word_1_678' title='bbox 1823 5644 2151 5717; x_wconf 78' lang='lat' dir='ltr'><strong>Gregorium</strong></span> <span class='ocrx_word' id='word_1_679' title='bbox 2204 5643 2325 5711; x_wconf 86' lang='lat' dir='ltr'><strong>epi-</strong></span> 
     </span>
    </p>
   </div>
   <div class='ocr_carea' id='block_1_99' title="bbox 764 5714 2329 5788">
    <p class='ocr_par' dir='ltr' id='par_1_99' title="bbox 764 5714 2329 5788">
     <span class='ocr_line' id='line_1_100' title="bbox 764 5714 2329 5788; baseline -0.004 -17"><span class='ocrx_word' id='word_1_680' title='bbox 764 5714 988 5788; x_wconf 69' lang='lat' dir='ltr'><strong>scopum</strong></span> <span class='ocrx_word' id='word_1_681' title='bbox 1023 5718 1322 5770; x_wconf 71' lang='lat' dir='ltr'><strong>liomanutn</strong></span> <span class='ocrx_word' id='word_1_682' title='bbox 1350 5716 1633 5771; x_wconf 85' lang='lat' dir='ltr'><strong>contentio</strong></span> <span class='ocrx_word' id='word_1_683' title='bbox 1687 5714 1824 5788; x_wconf 81' lang='lat' dir='ltr'><strong>fuit;</strong></span> <span class='ocrx_word' id='word_1_684' title='bbox 1883 5717 2027 5788; x_wconf 85' lang='lat' dir='ltr'><strong>quod</strong></span> <span class='ocrx_word' id='word_1_685' title='bbox 2087 5715 2329 5788; x_wconf 82' lang='lat' dir='ltr'><strong>Joannes</strong></span> 
     </span>
    </p>
   </div>
   <div class='ocr_carea' id='block_1_100' title="bbox 766 5783 2328 5854">
    <p class='ocr_par' dir='ltr' id='par_1_100' title="bbox 766 5783 2328 5854">
     <span class='ocr_line' id='line_1_101' title="bbox 766 5783 2328 5854; baseline -0.007 -10"><span class='ocrx_word' id='word_1_686' title='bbox 766 5783 1135 5844; x_wconf 68' lang='lat' dir='ltr'><strong>meiunenicus</strong></span> <span class='ocrx_word' id='word_1_687' title='bbox 1185 5788 1473 5854; x_wconf 84' lang='lat' dir='ltr'><strong>cpiscopus</strong></span> <span class='ocrx_word' id='word_1_688' title='bbox 1554 5787 1822 5839; x_wconf 90' lang='lat' dir='ltr'><strong>nominari</strong></span> <span class='ocrx_word' id='word_1_689' title='bbox 1916 5786 2189 5846; x_wconf 72' lang='lat' dir='ltr'><strong>VHIUI‘l‘il,</strong></span> <span class='ocrx_word' id='word_1_690' title='bbox 2240 5783 2328 5835; x_wconf 88' lang='lat' dir='ltr'><strong>cui</strong></span> 
     </span>
    </p>
   </div>
   <div class='ocr_carea' id='block_1_101' title="bbox 773 5854 2327 5929">
    <p class='ocr_par' dir='ltr' id='par_1_101' title="bbox 773 5854 2327 5929">
     <span class='ocr_line' id='line_1_102' title="bbox 773 5854 2327 5929; baseline -0.005 -16"><span class='ocrx_word' id='word_1_691' title='bbox 773 5868 1059 5929; x_wconf 59' lang='lat' dir='ltr'><strong>propterea</strong></span> <span class='ocrx_word' id='word_1_692' title='bbox 1085 5856 1379 5925; x_wconf 72' lang='lat' dir='ltr'><strong>Gregorius</strong></span> <span class='ocrx_word' id='word_1_693' title='bbox 1405 5856 1625 5909; x_wconf 84' lang='lat' dir='ltr'><strong>restitit.</strong></span> <span class='ocrx_word' id='word_1_694' title='bbox 1661 5855 1874 5919; x_wconf 81' lang='lat' dir='ltr'><strong>Blond.,</strong></span> <span class='ocrx_word' id='word_1_695' title='bbox 1906 5854 2129 5920; x_wconf 78' lang='lat' dir='ltr'><strong>Cregnr.</strong></span> <span class='ocrx_word' id='word_1_696' title='bbox 2163 5855 2327 5917; x_wconf 69' lang='lat' dir='ltr'><strong>lz&#39;pist.</strong></span> 
     </span>
    </p>
   </div>
   <div class='ocr_carea' id='block_1_102' title="bbox 2414 4621 3990 4696">
    <p class='ocr_par' dir='ltr' id='par_1_102' title="bbox 2414 4621 3990 4696">
     <span class='ocr_line' id='line_1_103' title="bbox 2414 4621 3990 4696; baseline -0.004 -18"><span class='ocrx_word' id='word_1_697' title='bbox 2414 4628 2578 4693; x_wconf 89' lang='grc' dir='ltr'>λινον,</span> <span class='ocrx_word' id='word_1_698' title='bbox 2628 4628 2721 4679; x_wconf 71' lang='grc' dir='ltr'><strong>καὶ</strong></span> <span class='ocrx_word' id='word_1_699' title='bbox 2743 4626 2841 4696; x_wconf 85' lang='grc' dir='ltr'><strong>τὴν</strong></span> <span class='ocrx_word' id='word_1_700' title='bbox 2872 4624 2929 4689; x_wconf 80' lang='grc' dir='ltr'>ἐξ</span> <span class='ocrx_word' id='word_1_701' title='bbox 2958 4625 3108 4694; x_wconf 73' lang='grc' dir='ltr'>ἐρίου</span> <span class='ocrx_word' id='word_1_702' title='bbox 3150 4624 3381 4693; x_wconf 86' lang='grc' dir='ltr'>σισύραν</span> <span class='ocrx_word' id='word_1_703' title='bbox 3413 4625 3468 4686; x_wconf 82' lang='grc' dir='ltr'><strong>ἐς</strong></span> <span class='ocrx_word' id='word_1_704' title='bbox 3504 4624 3573 4675; x_wconf 72' lang='grc' dir='ltr'><strong>τὰ</strong></span> <span class='ocrx_word' id='word_1_705' title='bbox 3625 4621 3861 4690; x_wconf 78' lang='grc' dir='ltr'>μάλιστα</span> <span class='ocrx_word' id='word_1_706' title='bbox 3894 4621 3990 4672; x_wconf 86' lang='grc' dir='ltr'>εὑ-</span> 
     </span>
    </p>
   </div>
   <div class='ocr_carea' id='block_1_103' title="bbox 2416 4708 3990 4790">
    <p class='ocr_par' dir='ltr' id='par_1_103' title="bbox 2416 4708 3990 4790">
     <span class='ocr_line' id='line_1_104' title="bbox 2416 4708 3990 4790; baseline -0.003 -20"><span class='ocrx_word' id='word_1_707' title='bbox 2416 4720 2567 4788; x_wconf 83' lang='grc' dir='ltr'>τιλῆ,</span> <span class='ocrx_word' id='word_1_708' title='bbox 2622 4720 2851 4790; x_wconf 81' lang='grc' dir='ltr'>φενόλην</span> <span class='ocrx_word' id='word_1_709' title='bbox 2885 4719 2945 4771; x_wconf 80' lang='grc' dir='ltr'><strong>τέ</strong></span> <span class='ocrx_word' id='word_1_710' title='bbox 2974 4734 3098 4771; x_wconf 86' lang='grc' dir='ltr'>τινα</span> <span class='ocrx_word' id='word_1_711' title='bbox 3129 4718 3341 4784; x_wconf 76' lang='grc' dir='ltr'>ἀκαλλῆ</span> <span class='ocrx_word' id='word_1_712' title='bbox 3376 4715 3673 4785; x_wconf 81' lang='grc' dir='ltr'>(δυσείμων</span> <span class='ocrx_word' id='word_1_713' title='bbox 3702 4715 3813 4783; x_wconf 69' lang='grc' dir='ltr'>γὰρ</span> <span class='ocrx_word' id='word_1_714' title='bbox 3840 4708 3909 4783; x_wconf 79' lang='grc' dir='ltr'>ἦν</span> <span class='ocrx_word' id='word_1_715' title='bbox 3960 4712 3990 4765; x_wconf 82' lang='grc' dir='ltr'><strong>ό</strong></span> 
     </span>
    </p>
   </div>
   <div class='ocr_carea' id='block_1_104' title="bbox 2418 4804 3990 4884">
    <p class='ocr_par' dir='ltr' id='par_1_104' title="bbox 2418 4804 3990 4884">
     <span class='ocr_line' id='line_1_105' title="bbox 2418 4804 3990 4884; baseline -0.006 -18"><span class='ocrx_word' id='word_1_716' title='bbox 2418 4814 2555 4884; x_wconf 73' lang='grc' dir='ltr'>ἀνὴρ</span> <span class='ocrx_word' id='word_1_717' title='bbox 2597 4813 2836 4881; x_wconf 77' lang='grc' dir='ltr'>λιτότητι</span> <span class='ocrx_word' id='word_1_718' title='bbox 2885 4810 3002 4879; x_wconf 76' lang='grc' dir='ltr'><strong>βῖου</strong></span> <span class='ocrx_word' id='word_1_719' title='bbox 3035 4806 3437 4880; x_wconf 80' lang='grc' dir='ltr'>λαμπόμενος).</span> <span class='ocrx_word' id='word_1_720' title='bbox 3486 4806 3668 4858; x_wconf 74' lang='grc' dir='ltr'>Ταῦτα</span> <span class='ocrx_word' id='word_1_721' title='bbox 3712 4805 3777 4872; x_wconf 86' lang='grc' dir='ltr'>δὴ</span> <span class='ocrx_word' id='word_1_722' title='bbox 3814 4804 3990 4857; x_wconf 80' lang='grc' dir='ltr'>ταῦτα</span> 
     </span>
    </p>
   </div>
   <div class='ocr_carea' id='block_1_105' title="bbox 2418 4899 3990 4973">
    <p class='ocr_par' dir='ltr' id='par_1_105' title="bbox 2418 4899 3990 4973">
     <span class='ocr_line' id='line_1_106' title="bbox 2418 4899 3990 4973; baseline -0.006 -14"><span class='ocrx_word' id='word_1_723' title='bbox 2418 4908 2536 4959; x_wconf 71' lang='grc' dir='ltr'>ἀντὶ</span> <span class='ocrx_word' id='word_1_724' title='bbox 2570 4906 2784 4960; x_wconf 78' lang='grc' dir='ltr'>πάντων</span> <span class='ocrx_word' id='word_1_725' title='bbox 2814 4905 2841 4956; x_wconf 87' lang='grc' dir='ltr'>ὁ</span> <span class='ocrx_word' id='word_1_726' title='bbox 2865 4903 3168 4973; x_wconf 81' lang='grc' dir='ltr'>Μαυρίκιος</span> <span class='ocrx_word' id='word_1_727' title='bbox 3200 4901 3597 4970; x_wconf 78' lang='grc' dir='ltr'>τιμησάμενος,</span> <span class='ocrx_word' id='word_1_728' title='bbox 3631 4902 3689 4961; x_wconf 86' lang='grc' dir='ltr'><strong>ἐς</strong></span> <span class='ocrx_word' id='word_1_729' title='bbox 3731 4901 3801 4950; x_wconf 77' lang='grc' dir='ltr'><strong>τὰ</strong></span> <span class='ocrx_word' id='word_1_730' title='bbox 3831 4899 3990 4969; x_wconf 84' lang='grc' dir='ltr'>βασί-</span> 
     </span>
    </p>
   </div>
   <div class='ocr_carea' id='block_1_106' title="bbox 2418 4991 3991 5068">
    <p class='ocr_par' dir='ltr' id='par_1_106' title="bbox 2418 4991 3991 5068">
     <span class='ocr_line' id='line_1_107' title="bbox 2418 4991 3991 5068; baseline -0.004 -17"><span class='ocrx_word' id='word_1_731' title='bbox 2418 5001 2537 5053; x_wconf 83' lang='grc' dir='ltr'>λεια</span> <span class='ocrx_word' id='word_1_732' title='bbox 2571 4999 2933 5068; x_wconf 74' lang='grc' dir='ltr'>μετηγαγετο.</span> <span class='ocrx_word' id='word_1_733' title='bbox 2986 4995 3076 5065; x_wconf 84' lang='grc' dir='ltr'><strong>Τῷ</strong></span> <span class='ocrx_word' id='word_1_734' title='bbox 3128 4994 3304 5063; x_wconf 81' lang='grc' dir='ltr'>καιρῴ</span> <span class='ocrx_word' id='word_1_735' title='bbox 3350 4993 3531 5046; x_wconf 84' lang='grc' dir='ltr'>τοίνυν</span> <span class='ocrx_word' id='word_1_736' title='bbox 3563 4991 3674 5061; x_wconf 86' lang='grc' dir='ltr'>τῶν</span> <span class='ocrx_word' id='word_1_737' title='bbox 3719 4992 3991 5062; x_wconf 79' lang='grc' dir='ltr'>νηστειῶν</span> 
     </span>
    </p>
   </div>
   <div class='ocr_carea' id='block_1_107' title="bbox 2419 5085 3994 5161">
    <p class='ocr_par' dir='ltr' id='par_1_107' title="bbox 2419 5085 3994 5161">
     <span class='ocr_line' id='line_1_108' title="bbox 2419 5085 3994 5161; baseline -0.005 -16"><span class='ocrx_word' id='word_1_738' title='bbox 2419 5096 2535 5154; x_wconf 73' lang='grc' dir='ltr'>ταῖς</span> <span class='ocrx_word' id='word_1_739' title='bbox 2582 5094 2809 5161; x_wconf 86' lang='grc' dir='ltr'>χρυσαῖς</span> <span class='ocrx_word' id='word_1_740' title='bbox 2841 5090 2932 5143; x_wconf 81' lang='grc' dir='ltr'>καὶ</span> <span class='ocrx_word' id='word_1_741' title='bbox 2952 5088 3347 5157; x_wconf 66' lang='grc' dir='ltr'>λιθοκολλήτοις</span> <span class='ocrx_word' id='word_1_742' title='bbox 3374 5087 3482 5138; x_wconf 82' lang='grc' dir='ltr'><strong>τῶν</strong></span> <span class='ocrx_word' id='word_1_743' title='bbox 3509 5085 3730 5150; x_wconf 82' lang='grc' dir='ltr'>κλινῶν,</span> <span class='ocrx_word' id='word_1_744' title='bbox 3775 5087 3889 5147; x_wconf 74' lang='grc' dir='ltr'>τοῖς</span> <span class='ocrx_word' id='word_1_745' title='bbox 3932 5101 3994 5137; x_wconf 81' lang='grc' dir='ltr'>τι</span> 
     </span>
    </p>
   </div>
   <div class='ocr_carea' id='block_1_108' title="bbox 2424 5175 4000 5248">
    <p class='ocr_par' dir='ltr' id='par_1_108' title="bbox 2424 5175 4000 5248">
     <span class='ocr_line' id='line_1_109' title="bbox 2424 5175 4000 5248; baseline -0.004 -16"><span class='ocrx_word' id='word_1_746' title='bbox 2424 5185 2625 5248; x_wconf 71' lang='grc' dir='ltr'>νήμασι</span> <span class='ocrx_word' id='word_1_747' title='bbox 2651 5179 2759 5232; x_wconf 82' lang='grc' dir='ltr'><strong>τῶν</strong></span> <span class='ocrx_word' id='word_1_748' title='bbox 2781 5177 2984 5248; x_wconf 74' lang='grc' dir='ltr'>σηρῶν,</span> <span class='ocrx_word' id='word_1_749' title='bbox 3007 5178 3101 5229; x_wconf 71' lang='grc' dir='ltr'><strong>καὶ</strong></span> <span class='ocrx_word' id='word_1_750' title='bbox 3122 5179 3187 5247; x_wconf 85' lang='grc' dir='ltr'>τῇ</span> <span class='ocrx_word' id='word_1_751' title='bbox 3216 5177 3351 5248; x_wconf 71' lang='grc' dir='ltr'>ἄλλῃ</span> <span class='ocrx_word' id='word_1_752' title='bbox 3379 5175 3632 5245; x_wconf 69' lang='grc' dir='ltr'>βασιλικῇ</span> <span class='ocrx_word' id='word_1_753' title='bbox 3664 5178 3844 5244; x_wconf 75' lang='grc' dir='ltr'>τρυφῇ</span> <span class='ocrx_word' id='word_1_754' title='bbox 3876 5175 4000 5243; x_wconf 84' lang='grc' dir='ltr'>χαί-</span> 
     </span>
    </p>
   </div>
   <div class='ocr_carea' id='block_1_109' title="bbox 2426 5266 4001 5341">
    <p class='ocr_par' dir='ltr' id='par_1_109' title="bbox 2426 5266 4001 5341">
     <span class='ocr_line' id='line_1_110' title="bbox 2426 5266 4001 5341; baseline -0.004 -18"><span class='ocrx_word' id='word_1_755' title='bbox 2426 5289 2541 5341; x_wconf 90' lang='grc' dir='ltr'>ρειν</span> <span class='ocrx_word' id='word_1_756' title='bbox 2572 5271 2768 5339; x_wconf 82' lang='grc' dir='ltr'>λέγων,</span> <span class='ocrx_word' id='word_1_757' title='bbox 2803 5273 2867 5339; x_wconf 77' lang='grc' dir='ltr'>τῇ</span> <span class='ocrx_word' id='word_1_758' title='bbox 2894 5269 3081 5339; x_wconf 80' lang='grc' dir='ltr'>ξυλίνῃ</span> <span class='ocrx_word' id='word_1_759' title='bbox 3115 5267 3325 5321; x_wconf 63' lang='lat' dir='ltr'><strong>mbas:</strong></span> <span class='ocrx_word' id='word_1_760' title='bbox 3366 5266 3457 5320; x_wconf 82' lang='grc' dir='ltr'>τοῦ</span> <span class='ocrx_word' id='word_1_761' title='bbox 3508 5269 3695 5335; x_wconf 84' lang='grc' dir='ltr'>ίερέως</span> <span class='ocrx_word' id='word_1_762' title='bbox 3731 5266 4001 5336; x_wconf 78' lang='grc' dir='ltr'>παννυχί-</span> 
     </span>
    </p>
   </div>
   <div class='ocr_carea' id='block_1_110' title="bbox 2425 5360 4001 5433">
    <p class='ocr_par' dir='ltr' id='par_1_110' title="bbox 2425 5360 4001 5433">
     <span class='ocr_line' id='line_1_111' title="bbox 2425 5360 4001 5433; baseline -0.004 -18"><span class='ocrx_word' id='word_1_763' title='bbox 2425 5363 2532 5427; x_wconf 74' lang='grc' dir='ltr'>ζων</span> <span class='ocrx_word' id='word_1_764' title='bbox 2559 5363 2758 5433; x_wconf 80' lang='grc' dir='ltr'>ἐχρῆτο</span> <span class='ocrx_word' id='word_1_765' title='bbox 2798 5362 2946 5424; x_wconf 84' lang='grc' dir='ltr'>θείας</span> <span class='ocrx_word' id='word_1_766' title='bbox 2978 5362 3121 5423; x_wconf 81' lang='grc' dir='ltr'>τινὸς</span> <span class='ocrx_word' id='word_1_767' title='bbox 3170 5360 3423 5412; x_wconf 75' lang='grc' dir='ltr'>ἐντεῦθεν</span> <span class='ocrx_word' id='word_1_768' title='bbox 3467 5360 3691 5429; x_wconf 78' lang='grc' dir='ltr'>χάριτος</span> <span class='ocrx_word' id='word_1_769' title='bbox 3747 5360 4001 5426; x_wconf 68' lang='grc' dir='ltr'>οἰόμενος</span> 
     </span>
    </p>
   </div>
   <div class='ocr_carea' id='block_1_111' title="bbox 2430 5450 4002 5525">
    <p class='ocr_par' dir='ltr' id='par_1_111' title="bbox 2430 5450 4002 5525">
     <span class='ocr_line' id='line_1_112' title="bbox 2430 5450 4002 5525; baseline -0.003 -18"><span class='ocrx_word' id='word_1_770' title='bbox 2430 5453 3007 5525; x_wconf 71' lang='grc' dir='ltr'>μεταλήψεσθαι.Τότε</span> <span class='ocrx_word' id='word_1_771' title='bbox 3038 5455 3132 5506; x_wconf 71' lang='grc' dir='ltr'>καὶ</span> <span class='ocrx_word' id='word_1_772' title='bbox 3154 5455 3213 5504; x_wconf 80' lang='grc' dir='ltr'><strong>τδ</strong></span> <span class='ocrx_word' id='word_1_773' title='bbox 3241 5450 3482 5519; x_wconf 84' lang='grc' dir='ltr'>Μαύρων</span> <span class='ocrx_word' id='word_1_774' title='bbox 3512 5450 3665 5513; x_wconf 73' lang='grc' dir='ltr'>ἔθνος</span> <span class='ocrx_word' id='word_1_775' title='bbox 3696 5453 3753 5513; x_wconf 89' lang='grc' dir='ltr'><strong>ἐς</strong></span> <span class='ocrx_word' id='word_1_776' title='bbox 3786 5450 4002 5520; x_wconf 76' lang='grc' dir='ltr'>Λιϐύην</span> 
     </span>
    </p>
   </div>
   <div class='ocr_carea' id='block_1_112' title="bbox 2429 5636 2777 5696">
    <p class='ocr_par' dir='ltr' id='par_1_112' title="bbox 2429 5636 2777 5696">
     <span class='ocr_line' id='line_1_113' title="bbox 2429 5636 2777 5696; baseline 0.006 -9"><span class='ocrx_word' id='word_1_777' title='bbox 2429 5636 2468 5689; x_wconf 93' lang='grc'>1.</span> <span class='ocrx_word' id='word_1_778' title='bbox 2504 5654 2577 5696; x_wconf 84' lang='lat' dir='ltr'><strong>tv,</strong></span> <span class='ocrx_word' id='word_1_779' title='bbox 2612 5652 2657 5689; x_wconf 92' lang='lat' dir='ltr'><strong>c.</strong></span> <span class='ocrx_word' id='word_1_780' title='bbox 2686 5636 2777 5690; x_wconf 73' lang='grc' dir='ltr'>ες).</span> 
     </span>
    </p>
   </div>
   <div class='ocr_carea' id='block_1_113' title="bbox 2504 5700 4008 5777">
    <p class='ocr_par' dir='ltr' id='par_1_113' title="bbox 2504 5700 4008 5777">
     <span class='ocr_line' id='line_1_114' title="bbox 2504 5700 4008 5777; baseline -0.005 -16"><span class='ocrx_word' id='word_1_781' title='bbox 2504 5711 2579 5777; x_wconf 75' lang='grc'><strong>(2)</strong></span> <span class='ocrx_word' id='word_1_782' title='bbox 2614 5710 2714 5761; x_wconf 83' lang='lat' dir='ltr'><strong>Aln</strong></span> <span class='ocrx_word' id='word_1_783' title='bbox 2750 5708 3011 5762; x_wconf 70' lang='lat' dir='ltr'><strong>Joannem</strong></span> <span class='ocrx_word' id='word_1_784' title='bbox 3043 5704 3544 5777; x_wconf 79' lang='lat' dir='ltr'><strong>Eleemosynarium</strong></span> <span class='ocrx_word' id='word_1_785' title='bbox 3562 5702 3869 5759; x_wconf 85' lang='lat' dir='ltr'><strong>nominant.</strong></span> <span class='ocrx_word' id='word_1_786' title='bbox 3896 5700 4008 5756; x_wconf 80' lang='lat' dir='ltr'><strong>Ca-</strong></span> 
     </span>
    </p>
   </div>
   <div class='ocr_carea' id='block_1_114' title="bbox 2429 5774 3646 5848">
    <p class='ocr_par' dir='ltr' id='par_1_114' title="bbox 2429 5774 3646 5848">
     <span class='ocr_line' id='line_1_115' title="bbox 2429 5774 3646 5848; baseline -0.002 -19"><span class='ocrx_word' id='word_1_787' title='bbox 2429 5774 2678 5848; x_wconf 24' lang='lat' dir='ltr'><strong>jns‘sarri</strong></span> <span class='ocrx_word' id='word_1_788' title='bbox 2712 5780 2927 5832; x_wconf 83' lang='lat' dir='ltr'><strong>cineres</strong></span> <span class='ocrx_word' id='word_1_789' title='bbox 2957 5779 3008 5830; x_wconf 90' lang='lat' dir='ltr'><strong>in</strong></span> <span class='ocrx_word' id='word_1_790' title='bbox 3036 5792 3160 5831; x_wconf 74' lang='lat' dir='ltr'><strong>arce</strong></span> <span class='ocrx_word' id='word_1_791' title='bbox 3198 5774 3432 5831; x_wconf 83' lang='lat' dir='ltr'><strong>Bndcnsi</strong></span> <span class='ocrx_word' id='word_1_792' title='bbox 3476 5774 3543 5828; x_wconf 47' lang='lat' dir='ltr'><strong>fu:</strong></span> <span class='ocrx_word' id='word_1_793' title='bbox 3569 5789 3646 5826; x_wconf 85' lang='lat' dir='ltr'><strong>re.</strong></span> 
     </span>
    </p>
   </div>
  </div>
