4262 6446
630 364 635 369 ’
719 385 826 451 399

1934 384 1982 444 Ν
1995 385 2352 446 [CEPHORI
2403 388 2488 446 CA
2503 387 2589 445 LL
2604 387 2616 443 l
2630 384 2714 444 ST
2729 384 2748 442 Ι

3870 377 3975 448 400

716 517 821 560 ret,
853 505 931 555 sic
962 513 1159 552 arcana
1217 513 1427 553 natura:
1477 498 1795 553 occultavit.
1840 499 1974 553 Eum
2029 500 2120 553 ubi
2179 499 2289 552 dux
2323 507 2399 563 Α‹

2323 507 2364 563 Α
2395 499 2441 550 δ’
2472 500 2606 552 ἄλλα
2648 500 2678 568 ἡ
2719 495 2811 550 τοῦ
2841 496 3029 558 ὕδατος
3062 493 3222 563 φύσις
3253 494 3580 548 ἐκάλυπτεν.
3628 495 3844 548 ὀσανεἰ
3865 494 3975 564 γάρ

712 592 1022 662 conspexit,
1074 592 1398 645 solemuiter
1461 606 1586 643 cum
1637 591 1937 646 identidem
1990 591 2286 661 adjuravit,

715 684 988 754 siquidem
1017 683 1351 736 dzemoniutu
1377 690 1549 743 esset,
1583 691 1643 735 ut
1670 698 1699 736 e
1741 692 2036 750 conspectu
2089 682 2286 748 abiret,

712 777 842 829 etin
883 775 1235 829 solitudinem
1279 791 1335 828 se
1373 775 1788 844 reciperet:sin
1813 775 2051 829 creatrix
2103 776 2288 845 aliqua

713 869 796 920 vis
821 867 870 920 id
903 868 1246 936 protulisset,
1281 876 1338 920 ut
1365 882 1432 922 ne
1465 869 1622 937 prius
1658 867 2019 936 spectandum
2067 885 2125 922 se.
2161 869 2293 922 sub-

713 959 971 1023 duceret,
1028 977 1188 1029 quam
1237 975 1430 1014 omnes
1487 960 1770 1029 inopinato
1827 969 2051 1029 aspectu
2107 962 2287 1014 satiati

712 1061 926 1108 essent.
973 1053 1160 1121 Itaque
1183 1055 1432 1106 animans
1453 1051 1503 1105 id
1555 1053 1859 1122 (hominem
1918 1055 2061 1107 enim
2103 1054 2289 1107 dicere

715 1160 822 1198 non
867 1144 1067 1213 ausim)
1103 1144 1313 1198 diutius
1359 1144 1609 1197 constitit
1663 1145 2011 1214 adiuratione
2053 1146 2290 1198 constri-

713 1247 884 1299 ctum,
917 1253 1088 1306 seque
1110 1238 1364 1290 omnibus
1389 1236 1841 1305 conspiciendum
1871 1238 2127 1305 pra:buit.
2160 1236 2288 1290 Ter-

693 1331 791 1399 .tio
825 1331 1024 1384 deinde
1055 1332 1168 1392 die,
1197 1330 1300 1383 sub
1335 1347 1612 1394 auroram,
1642 1331 1787 1383 aliud
1817 1333 1982 1384 etiam
2041 1332 2290 1384 animans

718 1419 976 1476 ntuliebri
1015 1424 1187 1476 forma
1219 1427 1362 1489 (nam
1394 1425 1442 1476 id
1477 1435 1672 1478 natura
1721 1425 1852 1477 satis
1889 1424 2188 1494 indicabat)
2222 1441 2289 1478 ex

717 1516 880 1567 undis
927 1516 1172 1568 emersit.
1226 1515 1356 1568 Nam
1388 1515 1575 1567 vultus
1612 1515 1784 1583 ipsius
1842 1515 2070 1575 lmvitas,
2120 1530 2289 1568 com-az

717 1607 1022 1673 prolixitas,
1065 1622 1163 1660 nec
1219 1622 1327 1659 non
1383 1607 1593 1675 reliqua
1654 1607 1904 1674 corporis
1944 1608 2286 1673 constitutio,

714 1704 770 1746 et
808 1697 986 1764 capilli
1017 1695 1211 1764 partim
1244 1696 1581 1765 complicati,
1614 1698 1811 1764 partim
1845 1697 2034 1761 soluti,
2074 1696 2284 1750 forma»

714 1804 820 1853 que
846 1788 1132 1856 splendor,
1189 1788 1444 1841 feminam
1504 1803 1624 1840 esse
1688 1789 2135 1840 denuntiabant:
2191 1789 2285 1842 sed

2394 589 2768 659 αἰσχυνομένῳ
2813 587 2996 656 ἐῴκει,
3048 586 3189 639 ὥστε
3247 586 3310 655 δὴ
3369 589 3463 638 καὶ
3520 587 3586 640 τι
3619 589 3718 658 τῆς
3756 587 3976 655 φύσεως

2394 683 2680 752 ἁπόρρητα
2705 680 3092 732 ἐκκαλύπτειν.
3136 679 3202 730 '0
3233 678 3368 748 δῆτα
3393 680 3420 731 ὁ
3447 677 3674 749 ἡγεμὼν
3700 679 3976 748 θεασάμε-

2393 792 2502 839 νος,
2535 775 2719 841 δρκοις
2779 775 3002 835 πυκνοῖς
3059 770 3307 837 ἐσαλλεν,
3333 772 3381 823 εί
3421 771 3518 840 μὲν
3547 770 3632 841 εἴη
3667 771 3974 840 δαιμόνιον,

2393 863 2685 920 καταλύειν
2711 865 2770 918 τδ
2801 863 3033 933 θέατρον
3067 864 3162 916 καὶ
3183 867 3283 934 τὴν
3316 863 3555 934 ἠρεμίαν
3587 863 3936 928 ἀσπάζεσθαι
3961 880 3976 895 ο

2396 962 2442 1012 εἰ
2469 959 2524 1012 δὲ
2559 957 2929 1027 δημιουργικὴ
2957 973 3041 1020 τις
3075 957 3167 1008 καὶ
3193 956 3350 1008 τοῦτο
3379 955 3601 1024 φροντὶς
3625 974 3698 1024 πρ
3712 958 3976 1026 ληνέγκα-

2394 1069 2474 1116 το,
2516 1049 2591 1120 μὴ
2628 1049 2790 1103 λῦσαι
2823 1049 2921 1118 τὴν
2953 1047 3191 1118 θεωρίαν
3249 1049 3379 1118 πρὶν
3419 1050 3628 1112 πάντας
3659 1048 3762 1117 τῆς
3795 1066 3980 1120 παρα-

2392 1143 2544 1207 δόξου
2579 1141 3127 1211 θέαςὲμφορηθῆναι.
3155 1143 3227 1194 Τὸ
3258 1141 3359 1211 μὲν
3386 1140 3478 1193 οὖν
3502 1141 3645 1205 ζῶον
3674 1142 3850 1194 έκεῖνο
3878 1143 3981 1211 (εί⁴

2394 1238 2516 1288 πεῖν
2551 1236 2658 1305 γὰρ
2713 1233 3003 1300 ἄνθρωπον
3061 1234 3123 1286 οὐ
3173 1235 3384 1304 θαρρῶ)
3433 1234 3525 1285 ἐπὶ
3563 1233 3697 1286 πολὺ
3755 1233 3974 1304 διήρκει

2391 1331 2502 1392 τοῖς
2525 1330 2709 1398 ὅρκοις
2737 1326 3267 1396 κατεμπεδούμενον,
3302 1326 3615 1396 καταφανὲς
3647 1329 3757 1388 τοῖς
3795 1327 3978 1381 ἅπασι

2393 1424 2804 1494 καθορώμενον.
2838 1425 3009 1494 Τρίτῃ
3031 1422 3074 1472 δ’
3104 1422 3177 1492 ἕῳ
3205 1426 3266 1475 ἐκ
3295 1425 3386 1492 τῆς
3415 1423 3624 1482 κοιλίας
3656 1422 3750 1473 τοῦ
3783 1421 3976 1484 ὓδατος

2393 1517 2481 1568 καὶ
2509 1515 2860 1585 θηλύμορφον
2890 1515 3082 1586 ἕτερον
3138 1514 3412 1566 ἀνεδίδοτο
3433 1529 3448 1544 ο
3481 1513 3643 1566 τοῦτο
3680 1515 3786 1581 γὰρ
3812 1517 3843 1583 ἠ
3878 1515 3978 1580 φύ-

2393 1626 2477 1672 σις
2517 1609 2802 1678 ἐσήμαινε.
2827 1607 2900 1661 Τό
2954 1625 3012 1660 τε
3054 1606 3163 1676 γὰρ
3199 1607 3294 1659 τοῦ
3331 1605 3626 1676 προσώπου
3677 1607 3844 1669 λεῖον,
3882 1609 3978 1660 καὶ

2393 1701 2450 1754 τὸ
2480 1703 2576 1769 τῆς
2611 1701 2787 1772 κόμης
2819 1700 3175 1771 σχοινοτενὲς,
3211 1701 3302 1754 καὶ
3341 1702 3372 1769 ἡ
3406 1699 3566 1770 λοιπὴ
3589 1699 3684 1753 τοῦ
3725 1700 3981 1768 σώματος

2397 1792 2678 1856 σύνταξις,
2712 1794 2772 1846 αῖ
2818 1810 2874 1844 τε
2904 1793 3257 1862 περιπλοκαὶ,
3291 1793 3383 1844 καὶ
3411 1793 3476 1844 τα
3512 1792 3735 1857 ἔκλυτα,
3789 1796 3884 1847 καὶ
3916 1796 3980 1846 τὸ

717 1894 871 1933 coma
907 1881 955 1933 ci
1009 1881 1296 1944 subnigra,
1338 1879 1505 1932 facies
1559 1878 1810 1941 catnlida,
1850 1894 2014 1933 nasus
2086 1881 2292 1934 medio-
2329 1879 2371 1937 Β

2291 1910 2292 1916 η
2329 1879 2371 1937 Β
2404 1885 2751 1954 περιλάμπον
2797 1886 2895 1954 τῆς
2929 1887 3100 1956 ὥρας,
3164 1886 3224 1939 τὸ
3255 1885 3478 1954 γύναιον
3519 1887 3974 1957 καθυπέγραφεν.

717 1972 850 2037 eris,
885 1981 940 2025 et
972 1971 1124 2042 digiti
1182 1974 1233 2024 in
1272 1970 1526 2025 manibus
1555 1971 1814 2025 decentes
1869 1980 2048 2026 erant.
2106 1973 2161 2026 In
2194 1989 2289 2028 ore.

719 2073 906 2117 tenera
930 2065 1194 2117 ﬂorebant
1217 2064 1381 2126 labia,
1406 2064 1574 2116 ubera
1603 2064 1800 2117 leniter
1828 2065 2289 2128 intutnescebant,

717 2165 774 2208 et
801 2157 1016 2224 papilla:
1039 2173 1066 2208 a
1105 2157 1392 2224 pubertate
1427 2158 1633 2210 recenti
1666 2156 1950 2223 paululum
1974 2159 2288 2225 prominere

718 2250 1086 2318 conspicieuti
1116 2251 1461 2304 videbantur.
1500 2248 1762 2317 Reliquas
1802 2250 2050 2303 mulieris
2109 2259 2290 2318 partes

718 2341 922 2395 ﬂumen
961 2343 1300 2408 occultabat,
1336 2359 1537 2397 arcana
1566 2345 1786 2398 thalami
1826 2343 2128 2413 conjugalis
2177 2358 2292 2413 tny-

717 2435 881 2487 sleria
900 2436 1320 2502 spectatoribus,
1368 2435 1594 2504 perinde
1626 2445 1789 2504 atque
1849 2435 1929 2489 eis
1977 2435 2068 2504 qui
2121 2435 2291 2490 sacris

717 2526 1120 2581 secretioribus
1157 2527 1355 2581 initiati
1385 2543 1492 2581 non
1527 2536 1736 2588 essent,
1774 2526 2113 2580 subducens.
2171 2526 2287 2579 Dux

719 2619 885 2688 igitur
921 2620 1037 2688 ipse
1068 2628 1125 2673 et
1154 2620 1358 2674 cohors
1389 2621 1510 2690 ejus
1547 2635 1724 2688 usque
1754 2619 1821 2672 ad
1852 2633 2109 2673 occasum
2155 2618 2290 2672 solis

717 2712 1029 2780 spectaculo
1054 2727 1120 2765 eo
1145 2711 1332 2766 oculos
1364 2727 1583 2781 pavere,
1611 2728 1716 2781 quo
1747 2722 1989 2781 tempore
2005 2721 2060 2766 et
2081 2711 2290 2764 anima-

716 2807 788 2860 lia
817 2821 880 2860 ca
905 2807 1129 2860 intimos
1153 2806 1331 2861 amnis
1364 2822 1615 2862 recessus
1649 2805 1898 2870 subiere,
1936 2805 2104 2877 856
2162 2820 2288 2859 eutn

717 2900 937 2953 silentio
966 2915 1088 2953 sese
1125 2899 1358 2953 videnda
1406 2899 1811 2954 cxhibuissent.
1861 2897 2007 2952 Muta
2054 2912 2289 2966 namque

720 2994 1090 3046 taciturnitate
1112 3001 1467 3061 conspectum
1503 2993 1588 3046 sui
1651 2991 1995 3048 amatoribus
2038 2990 2290 3060 praebue-

719 3093 866 3136 runt.
901 3084 975 3137 Ex
1002 3085 1260 3137 omnibus
1287 3099 1416 3138 vero
1444 3085 1697 3139 infaustis
1730 3084 1885 3138 hisce
1910 3082 2152 3144 indiciis,
2187 3081 2291 3134 im-

717 3187 939 3244 perator
976 3193 1192 3246 gravem
1224 3192 1407 3230 rerum
1439 3177 1644 3231 exitum
1690 3178 2053 3247 coniectando
2074 3183 2292 3254 collige-

719 3271 829 3322 bat.
857 3270 920 3323 Et
947 3271 1056 3338 jam
1093 3279 1203 3323 tum
1240 3270 1412 3323 futuri
1439 3285 1598 3324 casus
1634 3281 1780 3325 metu
1827 3273 2284 3341 perturbabatur:

719 3375 1008 3433 propterea
1042 3364 1213 3434 quod,
1255 3365 1350 3434 qui
1383 3365 1678 3434 diligenter
1735 3367 1999 3421 historias
2037 3369 2287 3423 conscri-

716 3467 983 3526 pserunt,
1043 3459 1468 3528 haudquaquam
1544 3459 1832 3514 commoda
1882 3460 2290 3530 rebuspublicis

714 3549 1047 3620 cjuscemodi
1105 3552 1483 3620 prodigiorum
1537 3561 1751 3608 ostenta
1807 3567 1951 3617 esse,
2009 3554 2289 3609 memoria

717 3644 1097 3711 prodiderant.

1219 3853 1442 3907 CAPUT
1517 3853 1775 3907 XXXVII.

718 3971 986 4036 Quomodo
1019 3969 1431 4025 Commentiolus
1463 3978 1510 4022 et
1554 3968 1790 4031 Priscus,
1827 3972 1979 4024 duces
2013 3975 2287 4039 regionum

787 4041 1044 4109 Ern-opm,
1086 4056 1200 4092 cum
1242 4041 1501 4092 Abaribus
1538 4042 1834 4110 congressi,
1866 4059 2030 4110 supra
2065 4043 2286 4110 triginta

784 4111 961 4235 arma
992 4111 1218 4163 hostium
1266 4111 1566 4164 ceciderint.
1603 4111 1674 4164 Et
1716 4127 1900 4165 rursus
1945 4113 2189 4182 quaedam
2223 4114 2288 4165 dc

843 4196 1030 4234 tosroe.

787 4292 905 4349 Non
942 4293 1172 4348 multum
1212 4294 1528 4348 intercessit
1563 4294 1853 4363 temporis,
1883 4309 2008 4348 cum
2063 4295 2284 4351 Priscus

713 4398 769 4447 ιι
801 4387 1260 4453 Commentiolus,
1301 4387 1585 4457 regionum
1617 4387 1851 4456 Europa:
1889 4387 2155 4457 praefecti,
2198 4405 2286 4444 so-

715 4477 828 4529 luta
857 4491 942 4539 ea,
981 4491 1146 4544 quam
1177 4484 1293 4528 arte
1316 4474 1552 4544 quadam
1617 4490 1741 4529 cum
1787 4476 2047 4547 Chagano
2101 4479 2284 4535 Abare

2405 1977 2541 2029 Ἀλλ’
2569 1979 2601 2048 ἡ
2630 1978 2726 2048 μὲν
2762 1978 2904 2046 κόμη
2936 1978 3014 2048 τῷ
3052 1978 3203 2047 θήλει
3232 1977 3608 2046 διεμελαένετο
3632 1993 3643 2006 ⁸
3678 1978 3801 2030 λίαν
3831 1979 3886 2030 δὲ
3912 1978 3977 2029 τὸ

2395 2070 2681 2139 πρόσωπον
2711 2071 3054 2123 ὲλευκαίνετο
3073 2087 3087 2102 °
3123 2069 3335 2139 εῠρινον
3365 2071 3408 2121 δ’
3434 2067 3499 2140 ἦν
3525 2071 3618 2124 καὶ
3653 2070 3754 2132 τὰς
3780 2073 3974 2139 χεῖρας

2390 2163 2739 2227 εὖδάκτυλον,
2777 2163 3004 2225 ἁπαλοῖς
3058 2163 3513 2233 περιηνθισμένον
3564 2165 3677 2223 τοῖς
3705 2163 3970 2230 χείλεσιν.

2403 2254 2668 2324 Ἐσφρὶγα
2719 2255 2773 2308 δὲ
2811 2254 2889 2324 τῷ
2926 2255 3102 2325 μαζῷ,
3141 2257 3238 2308 καὶ
3280 2260 3344 2325 τῇ
3386 2257 3658 2326 φαντασία
3702 2255 3873 2307 ἐδόκει
3910 2256 3974 2306 τὸ

2389 2342 2590 2395 τιτθίον
2627 2342 2751 2411 ἄρτι
2776 2344 2882 2396 ὑπὸ
2914 2345 3011 2409 τῆς
3057 2345 3196 2414 ἥϐης
3229 2347 3571 2416 προκύπτειν
3611 2349 3830 2416 μικρόν.
3888 2347 3970 2400 Τά

2388 2436 2433 2490 δ’
2470 2438 2668 2505 ἑφεξῆς
2700 2438 2795 2491 τοῦ
2835 2439 3058 2506 γυναίου
3089 2442 3120 2509 ἡ
3153 2441 3260 2495 τῶν
3293 2442 3502 2495 ὑδάτων
3536 2442 3696 2510 φύσις
3729 2443 3966 2510 ἐφύλατ-

2390 2545 2470 2593 τε,
2511 2530 2611 2598 τῆς
2633 2531 2793 2601 εὐνῆς
2827 2532 2894 2584 τὰ
2930 2534 3230 2603 μυστήρια,
3265 2534 3456 2604 ὥσπερ
3490 2536 3776 2606 ἀμυήτους
3813 2537 3970 2597 τινὰς

2389 2619 2496 2672 τῶν
2521 2619 2852 2690 ἀπορρήτων
2896 2624 3020 2685 τοὺς
3054 2624 3252 2686 θεατὰς
3291 2626 3734 2696 ἀποκρύπτουσα.
3775 2627 3838 2679 Ἡ
3867 2628 3968 2696 μὲν

2390 2711 2482 2765 οὖν
2508 2715 2636 2784 περὶ
2651 2715 2742 2767 τὸν
2767 2715 3016 2785 ἡγεμόνα
3042 2717 3193 2782 τάξις
3220 2717 3345 2786 ἄχρι
3376 2719 3467 2772 τοῦ
3493 2719 3670 2772 κλῖναι
3695 2720 3788 2772 τὸν
3813 2721 3967 2790 ἥλιον

2391 2801 2484 2854 καὶ
2517 2805 2544 2855 ὁ
2568 2802 2789 2873 ἡγεμὼν
2816 2804 3274 2875 ψυχαγωγοῦντες
3303 2807 3574 2861 διετέλουν
3605 2810 3671 2862 τὰ
3699 2810 3928 2878 ὄμματα
3951 2827 3966 2841 ·

2392 2894 2671 2957 κλίναντος
2693 2895 2737 2948 δ’
2768 2897 3000 2960 ἐκείνου,
3031 2902 3120 2951 καὶ
3159 2901 3227 2950 τα
3249 2899 3500 2968 ὁρώμενα
3531 2901 3851 2955 κατεδύοντο
3887 2904 3969 2964 είς

2391 2986 2517 3047 τοὺς
2567 2986 2802 3057 ὲξαρχῆς
2863 2989 2974 3042 τῶν
3030 2990 3242 3044 ὑδάτων
3289 2992 3592 3061 πυθμένας,
3622 2995 3836 3063 ἀφωνία
3867 2995 3970 3062 τὴν

2393 3077 2655 3143 ἐπίδειξιν
2719 3081 3134 3150 συστησάμενα·
3192 3082 3455 3152 ἀφθόγγῳ
3486 3086 3594 3153 γὰρ
3647 3089 3830 3156 σιωπῇ
3866 3089 3969 3155 τὴν

2398 3167 2640 3237 ἱστορίαν
2685 3171 2799 3232 τοῖς
2867 3174 3123 3241 ἐρασταῖς
3183 3173 3546 3240 ἐπεδείξαντο.
3590 3178 3886 3240 υἱωνέζετο
3920 3178 3968 3232 δ’

2397 3261 2491 3314 ἐπὶ
2521 3264 2655 3316 πᾶσι
2705 3264 2915 3327 τούτοις
2940 3267 3050 3326 τοῖς
3097 3268 3373 3329 ἀπαισίοις
3410 3269 3704 3336 συμϐόλοις
3733 3272 3763 3323 ὁ
3805 3271 3967 3341 βασι-

2391 3353 2515 3418 λεὺς
2547 3355 2732 3419 δεινῶς
2761 3358 3035 3428 ἐσομένων
3061 3365 3404 3428 πραγμάτων
3425 3357 3563 3415 εἶναι
3591 3363 3686 3433 τὴν
3712 3364 3962 3420 ἔκϐασιν.

2392 3451 2490 3502 καὶ
2517 3451 2609 3503 ἐπὶ
2637 3453 2749 3513 τοῖς
2772 3452 3011 3520 παροῦσι
3035 3453 3143 3504 δέει
3178 3451 3271 3504 τοῦ
3300 3453 3583 3522 μέλλοντος
3617 3457 3967 3526 ἐταράττετοο

2391 3542 2474 3595 ὅτι
2502 3546 2593 3596 καὶ
2628 3546 2677 3596 oi
2715 3546 2812 3607 τὰς
2845 3545 3084 3615 ἱστορίας
3115 3546 3389 3615 ἐπιμελῶς
3413 3548 3863 3618 συγγραψάμενοι
3889 3551 3968 3622 μὴ

2391 3634 2471 3696 είς
2498 3635 2701 3703 ἀγαθὸν
2742 3640 2861 3699 ταῖς
2894 3639 3112 3691 πόλεσιν
3146 3633 3286 3692 εἶναι
3315 3641 3414 3709 τὴν
3447 3641 3555 3692 τῶν
3575 3642 3836 3695 τοιούτων
3879 3661 3970 3701 τε-

2393 3727 2570 3794 ράτων
2593 3729 2915 3797 ἐπιφάνειαν
2945 3730 3273 3802 ἱστοροῦσιν.

2961 3846 3212 3900 ΚΕΦΑΛ.
3253 3846 3376 3904 ΛΖ’.

2404 3957 2508 4036 Ὠς
2525 3962 2928 4036 ῌομεντίολος
2971 3963 3067 4036 καί
3113 3963 3374 4036 Πρίσκος
3418 3969 3470 4019 οι
3496 3969 3820 4036 στρατηγοὶ
3847 3969 3968 4022 τῶν

2465 4031 2827 4106 ΕιὲρωπαΙ-ωνζ
2871 4032 3172 4106 aquatiuqu
3202 4034 3327 4106 τοῖς
3381 4031 3650 4105 Ἀὄάρὸις
3685 4031 3969 4106 diuisum

2459 4100 2689 4177 afer-ngf,
2717 4102 2870 4177 ὑπὲρ
2893 4103 2944 4156 λ’
2970 4100 3246 4170 χιλιάδας
3267 4100 3551 4160 tiret-olor"
3576 4100 3673 4161 κὰὶ
3696 4100 3833 4177 πέρι
3856 4112 3967 4165 τοῦ

2458 4171 2730 4237 Χοσρόου
2752 4170 2947 4238 αὖθις.

2457 4285 2534 4341 Ού
2565 4289 2743 4359 πολλῷ
2792 4290 2847 4342 δὲ
2889 4291 3116 4362 ὕστερον
3163 4295 3403 4366 Πρίσκος
3452 4303 3545 4349 κα)⁸
3595 4299 3966 4365 Κομιντίολος

2385 4378 2495 4431 τῶν
2534 4380 2867 4451 Εὐρωπαίων
2902 4384 3178 4454 κλιμάτων
3203 4388 3250 4439 ol
3288 4390 3606 4459 στρατηγοὶ,
3634 4389 3731 4460 τὴν
3766 4408 3965 4459 τεχνη-

2387 4471 2484 4540 τὴν
2521 4475 2659 4541 μετὰ
2694 4473 2943 4542 Χαγάνου
2981 4477 3073 4529 τοῦ
3097 4478 3338 4548 Ἀδαρος
3370 4481 3594 4550 είρήνην
3623 4481 3963 4550 διαλυσάμεο

719 4569 1058 4638 pepigerant,
1092 4583 1248 4636 pace,
1273 4566 1411 4621 clam
1446 4567 1500 4621 id
1524 4567 1752 4636 jubente
1777 4571 2050 4640 principe,
2071 4574 2283 4628 ratibus
2316 4579 2358 4634 D
2386 4579 2402 4614 κ

2280 4608 2283 4622 ,
2316 4579 2358 4634 ο
2386 4579 2490 4627 νοι,
2525 4563 2722 4632 κρύφα
2763 4566 3100 4636 ὑποθεμένου
3154 4569 3248 4622 τοῦ
3292 4572 3528 4634 ἄνακτος
3597 4573 3839 4641 σχεδίαις
3878 4591 3963 4626 τι-

719 4661 916 4713 lstrum
971 4660 1326 4728 trajecerunt.
1359 4659 1536 4729 Atque
1564 4661 1656 4714 ubi
1715 4676 1952 4729 primum
2017 4664 2073 4718 in
2120 4665 2286 4719 Vimi-

719 4768 944 4806 naccum
977 4753 1175 4823 (insula
1207 4768 1271 4806 ea
1305 4763 1389 4807 est
1417 4753 1470 4807 in
1505 4753 1647 4808 lstro
1675 4756 1904 4810 ﬂumine
1937 4756 2065 4825 sita)
2089 4756 2280 4823 delati,

713 4856 768 4897 et
795 4844 996 4898 deinde
1031 4845 1218 4898 subito
1255 4860 1380 4898 cum
1412 4845 1668 4900 Barbaris
1695 4855 1753 4900 et
1774 4848 2103 4916 quibusdam
2159 4850 2282 4904 aliis

713 4937 988 5006 congressi
1013 4947 1164 5002 sunt,
1201 4939 1364 4993 unius
1392 4938 1595 4994 mensis
1627 4940 1806 5009 spatio
1853 4943 2104 5010 plurimis
2131 4957 2281 5012 prae-

716 5029 828 5087 liis,
853 5043 1015 5096 supra
1048 5028 1271 5096 triginta
1295 5030 1463 5083 millia
1491 5031 1754 5094 Abarum,
1810 5030 2165 5101 Gepidarum,
2224 5045 2280 5090 et

714 5119 1055 5172 Slavinorum
1127 5120 1567 5175 interemerunt:
1627 5122 2061 5192 eorumdemquc
2141 5125 2279 5179 ultra

714 5211 1026 5276 quindecim
1053 5212 1218 5264 millia
1258 5223 1524 5280 ceperunt
1557 5230 1570 5266 :
1604 5224 1659 5266 et
1685 5213 1910 5268 victoria
1948 5215 2037 5268 tali
2097 5217 2277 5285 potiti,

713 5302 927 5365 qualem
971 5305 1059 5355 vix
1081 5319 1330 5373 unquam
1359 5305 1556 5372 aliquis
1591 5305 1658 5359 ab
1698 5305 1948 5359 hostibus
1973 5316 2278 5375 reportasse

711 5393 961 5460 cognitus
994 5402 1098 5451 est.
1135 5404 1594 5449 retrocesserunt.
1630 5396 1888 5464 Captivos
1924 5410 2087 5464 porro
2137 5397 2280 5450 Cha-

710 5497 850 5546 gano
879 5497 972 5550 per
1010 5484 1336 5553 legationem
1394 5487 1617 5552 petenti,
1651 5485 1947 5539 Mauricius
2014 5488 2272 5542 restituit.

714 5571 954 5626 lliberno
981 5584 1164 5628 autem
1194 5585 1454 5643 tempore,
1480 5563 1654 5646 'quum
1685 5575 2054 5630 Romanorum
2081 5582 2272 5647 cepim,

712 5664 762 5714 vi
818 5673 1050 5732 cogente
1068 5665 1488 5731 Commeutiulo,
1527 5677 1754 5721 stratam
1784 5667 2058 5736 lapidibus
2091 5670 2276 5741 Traja-

709 5756 766 5807 ni
797 5753 963 5821 viam,
1022 5755 1282 5811 Gerontio
1336 5769 1563 5813 \‘ClllSltl‘.
1628 5761 1931 5813 nobilitatis
1988 5759 2128 5824 viro,
2180 5765 2270 5831 qui

713 5856 932 5899 centum
961 5855 1016 5900 et
1038 5848 1326 5903 duodecim
1371 5867 1541 5904 annos
1563 5863 1722 5906 natus
1746 5865 1884 5921 erat,
1912 5859 2051 5913 duce
2072 5857 2272 5912 transi-

2389 4654 2472 4706 οὶν
2503 4658 2560 4718 ὲς
2595 4658 2654 4709 τὸ
2702 4657 2876 4726 πέραν
2910 4661 3126 4730 Ἴστρου
3156 4662 3591 4730 διαδιδάξονται,
3649 4667 3746 4717 ἐπὶ
3777 4666 3838 4718 τὸ
3871 4667 3962 4719 Βι-

2389 4748 2638 4812 μινάκιον
2690 4749 3043 4814 διασωθέντες
3082 4754 3144 4804 τὸ
3176 4754 3442 4824 πρότερον
3466 4778 3477 4786 ·
3533 4758 3695 4827 νῆσος
3724 4759 3782 4811 δὲ
3814 4759 3961 4830 αὕτη

2384 4842 2514 4908 περὶ
2542 4841 2609 4892 τὰ
2646 4844 2839 4913 ῥεῖθρα
2865 4844 2957 4896 τοῦ
2990 4846 3205 4916 Ἴστρου
3239 4848 3590 4919 διακειμένη.
3628 4852 3736 4905 Καὶ
3768 4853 3965 4919 ἐξαπι-

2383 4933 2546 4997 ναίως
2568 4937 2680 4997 τοῖς
2715 4935 3011 5006 βαρϐάροις
3042 4941 3139 4992 καὶ
3172 4944 3380 5004 λοιποῖς
3431 4942 3614 5006 ἄλλοις
3637 4945 3961 5014 συμϐεϐλη-

2382 5023 2559 5090 κότες,
2587 5031 2684 5082 καὶ
2713 5031 2880 5099 μηνὸς
2913 5031 3034 5093 ἑνὸς
3066 5034 3400 5104 διαστήματι
3433 5037 3712 5101 πλείστοις
3748 5043 3960 5109 συρρα-

2381 5120 2570 5185 γέντες
2613 5123 2842 5185 ἐκείνοις
2874 5123 3150 5192 πολέμοις,
3187 5127 3456 5180 κτείνουσι
3494 5131 3597 5197 μὲν
3629 5130 3771 5199 ὑπὲρ
3805 5134 3966 5201 τριά-

2380 5228 2543 5264 κοντα
2573 5214 2815 5282 χιλιάδας
2854 5214 3098 5286 Ἀϐάρων
3131 5218 3223 5269 καὶ
3275 5218 3533 5287 Γηπέδων
3575 5224 3669 5273 καὶ
3699 5223 3960 5296 £20.an-

2378 5303 2507 5356 νῶν.
2533 5306 2810 5374 Ζωγροῦσι
2842 5308 2887 5360 δ’
2927 5311 2992 5360 ἐκ
3044 5312 3253 5363 τούτων
3293 5313 3435 5380 ὑπὲρ
3490 5317 3646 5366 πέντε
3680 5318 3775 5368 καὶ
3819 5318 3958 5370 δέκα

2379 5397 2622 5463 χιλιάδας
2643 5415 2656 5430 ο
2687 5399 2829 5452 οὕτω
2847 5418 2905 5452 τε
2932 5403 3086 5472 νίκην
3115 5404 3231 5456 οἵαν
3260 5405 3411 5458 οὔπω
3435 5423 3518 5470 τις
3545 5407 3687 5475 ἔγνω
3710 5409 3955 5480 διαπρα-

2379 5489 2619 5556 ξάμενοι,
2669 5492 2844 5544 ὀπίσω
2872 5494 3027 5557 αὖθις
3080 5497 3342 5566 ἐχώρουν.
3393 5501 3532 5563 Τοὺς
3575 5501 3632 5553 δὲ
3684 5502 3956 5572 {malim

2377 5581 2631 5648 Χαγάνου
2673 5587 3132 5654 πρεσὸεύσαντος,
3167 5591 3476 5660 Μαυρίκιος
3497 5595 3778 5648 ἀπεδίδου.
3824 5598 3952 5650 Χει-

2379 5675 2554 5743 μώνος
2589 5675 2631 5726 δ’
2661 5675 2781 5746 ὥρα
2811 5679 2910 5745 τὴν
2949 5679 3218 5747 Τραῖανοῦ
3255 5682 3614 5752 λιθόστρωτον
3655 5684 3751 5738 τοῦ
3787 5703 3958 5755 στρα-

2375 5765 2467 5818 τοῦ
2510 5767 2819 5837 Ῥωμαίων,
2869 5771 2959 5840 βίᾳ
2999 5773 3360 5841 Κομεντιόλου
3388 5777 3760 5848 διερχομένων
3809 5781 3950 5848 ὁδὸν,

2376 5859 2657 5929 Γεροντίου
2692 5862 3051 5930 παλαιγενοῦς
3104 5866 3431 5934 ἡγουμένου,
3490 5871 3695 5940 χρόνων
3725 5873 3950 5929 δυοκαί-
