4262 6446
729 423 836 493 403

1912 391 2323 490 sicam-tom
2363 421 2708 482 CALLIS'II

3867 407 3974 469 4οἇ

726 534 842 600 gari
874 531 1114 585 Abarutn
1145 531 1575 596 multitudinem,
1618 543 1671 586 ct
1732 543 1910 586 castra
1969 535 2036 586 ad
2097 533 2339 601 ApsltltJ

2328 540 2366 595 Α
2397 532 2634 602 Παρῄνει
2663 531 2720 584 δὲ
2748 530 2937 598 Πέτρῳ
2962 526 3267 597 Μαυρίκιος
3293 525 3403 577 πᾶν
3428 522 3482 575 εί
3508 537 3561 573 τι
3590 519 3809 573 δύναιτο
3831 522 3977 573 κατὰ

727 626 935 678 habere
978 625 1252 678 audierat.
1289 622 1627 680 Hortabatur
1664 638 1846 679 autem
1887 626 2110 680 Petrum
2143 625 2295 678 Mau-

725 715 921 778 ricius,
959 726 1014 768 ut
1047 715 1318 785 quidquid
1353 718 1571 771 tandem
1605 727 1792 785 posset
1841 718 2109 771 adversus
2153 717 2296 772 Cha-

725 824 926 876 ganum
957 809 1186 871 faceret,
1226 826 1404 880 neque
1445 812 1746 866 exercitum
1780 812 1906 866 inde
1942 812 2095 866 exire
2145 822 2299 881 pate-

728 910 903 964 retur,
935 901 1028 954 sed
1063 912 1179 956 arte
1213 902 1448 971 quadam
1498 913 1554 957 et
1595 904 1790 958 callida
1820 905 2300 959 administratione

728 994 1008 1063 proderet.
1049 996 1440 1064 Indignabatur
1491 999 1658 1063 enim,
1701 999 2103 1067 prasteritarum
2154 997 2299 1066 inju-

729 1089 935 1142 riarum
978 1105 1213 1152 memor,
1263 1090 1531 1146 militibus
1585 1093 1855 1148 seditione
1902 1101 2069 1162 atque
2115 1091 2298 1146 rebel-

727 1180 877 1234 lione
907 1182 1297 1248 gaudentibus.
1339 1185 1402 1236 At
1429 1182 1745 1252 Cltaganus,
1785 1186 1925 1239 clam
1949 1197 2297 1255 progressus,

729 1270 1105 1326 Macedoniam
1148 1275 1420 1342 percurrit
1458 1292 1471 1328 :
1506 1287 1560 1328 et
1590 1275 1859 1328 inﬁnitam
1891 1275 2296 1328 multitudinem
2336 1265 2339 1268 ’

733 1363 1020 1418 hominum
1052 1381 1238 1420 secum
1274 1368 1506 1432 ducens,
1540 1383 1708 1437 prape
1746 1369 1814 1422 ad
1838 1368 2301 1436 ConstantinOpo-

730 1458 826 1510 lim
859 1461 1111 1523 accessit,
1138 1460 1465 1532 duobusque
1496 1463 1680 1516 aureis
1720 1461 1798 1531 (l)
1821 1462 1998 1516 virum
2024 1473 2299 1527 quemque

733 1550 1112 1606 redimendum
1145 1553 1368 1609 obtulit.
1394 1555 1531 1609 Cum
1562 1565 1744 1609 autem
1779 1569 1843 1609 ea
1871 1553 2116 1608 conditio
2148 1551 2300 1606 Man-

733 1643 871 1697 ricio
897 1645 1080 1714 gravis
1109 1647 1412 1709 videretur,
1445 1657 1501 1701 et
1529 1657 1636 1700 tam
1667 1647 1827 1700 vilem
1865 1645 2295 1713 redemptionem

730 1736 962 1790 avaritia
992 1741 1166 1792 victus
1206 1741 1482 1809 rejiceret,
1511 1741 1697 1794 furore
1727 1739 1970 1809 percitus
2008 1747 2297 1810 tyrannus,

730 1828 973 1893 captivos
1002 1828 1298 1883 multorum
1359 1831 1591 1884 millium
1623 1846 1817 1885 omnes
1861 1845 1991 1884 ense
2038 1827 2297 1884 concidit.

729 1917 900 1986 Cujus
932 1921 1010 1974 rei
1043 1921 1216 1990 gratia
1250 1923 1417 1976 Deum
1469 1922 1742 1977 infensum
1789 1922 1838 1976 ei
1893 1923 2098 1976 factum
2147 1934 2293 1984 esse,

728 2011 992 2066 creditur.
1037 2016 1092 2066 ln
1121 2016 1329 2070 somnis
1353 2018 1559 2071 etenim
1606 2017 1655 2071 ei
1708 2030 1977 2084 apparens
2019 2015 2292 2079 Christus,

730 2101 927 2157 Phocea
954 2121 1079 2159 eum
1108 2107 1322 2163 ordinis
1352 2109 1605 2163 militaris
1633 2109 1848 2164 ductori
1878 2107 2143 2163 traditum
2176 2121 2297 2162 esse

733 2192 896 2250 dixit.
936 2196 1002 2249 Et
1043 2195 1367 2262 Mauricius,
1398 2215 1426 2253 a
1458 2213 1653 2266 somno
1687 2199 1984 2262 excitatus,
2009 2198 2300 2266 Philippi-

2404 628 2659 692 Χαγάνου
2688 625 2843 693 δρᾷν,
2871 623 2966 676 καὶ
3004 622 3078 691 μὴ
3108 621 3204 689 ὲᾷν
3246 617 3456 671 ἐκεῖθεν
3488 613 3689 679 ἐξιέναι
3721 613 3781 665 τὸ
3816 616 3982 681 στρά-

2401 736 2601 787 τευμα,
2634 719 2801 790 τέχνῃ
2830 716 2883 768 δέ
2903 732 3007 768 τινι
3033 718 3126 766 καὶ
3155 711 3440 781 οἰκονομίᾳ
3488 706 3621 761 αὐτὸ
3648 705 3984 774 καταπροδι-

2401 813 2551 865 δόναι
2579 829 2594 844 ·
2623 811 2946 880 ἐχαλέπαινε
2978 808 3086 877 γάρ
3111 806 3346 865 ἐκείνοις
3396 799 3758 871 μνησικακῶν
3790 797 3979 849 στάσει

2402 905 2497 957 καὶ⁸
2556 905 2947 971 νεωτερισμοῖς
3006 898 3375 970 ὲπιχαίρουσι.
3433 892 3686 960 Χαγᾶνός
3746 907 3807 942 τε
3871 887 3981 958 μὴν

2403 995 2564 1062 ἐξιὼν
2599 995 2874 1063 λαθραίως
2917 994 3013 1047 καὶ
3037 995 3137 1062 τὴν
3183 990 3279 1044 τοῦ
3331 985 3644 1046 Μακεδόνος
3701 981 3980 1050 καταδρα-

2407 1090 2544 1160 μὼν,
2580 1087 2787 1157 πλῆθός
2814 1103 2873 1140 τε
2898 1084 3201 1155 ἀνθρώπων
3233 1079 3696 1150 περιϐαλλόμενος
3723 1077 3977 1144 ἄπειρον,

2404 1182 2630 1251 πλησίον
2677 1181 2773 1250 τῆς
2807 1178 3131 1243 Βυζαντίδος
3165 1177 3376 1244 ἐγίνετο
3407 1190 3421 1205 ·
3451 1172 3549 1226 καὶ
3599 1169 3841 1240 χρυσίνω
3866 1166 3979 1219 δύω

2401 1275 2635 1326 ἕκαστον
2701 1269 3019 1340 άπημπόλει
3081 1267 3207 1329 τοὺς
3271 1264 3493 1332 ἄνδρας.
3551 1259 3863 1327 Μαυρικίου
3919 1255 3978 1309 δὲ

2401 1365 2730 1435 ἀχθομένου,
2756 1363 2850 1415 καὶ
2881 1360 2958 1432 μὴ
2991 1360 3134 1412 οὕτω
3162 1357 3258 1425 τὴν
3278 1356 3482 1409 εὔωνον
3501 1353 3715 1406 έκείνου
3747 1351 3979 1416 ὲξωνουο

2406 1460 2571 1527 μένου
2597 1455 2762 1525 ὠνὴν,
2798 1453 2898 1507 ἅτε
2918 1454 3198 1523 χρήμασιν
3222 1447 3570 1520 ἡττηθέντος,
3602 1442 3763 1512 θυμῷ
3811 1439 3978 1504 ζέσας

2401 1556 2430 1606 ό
2456 1551 2739 1620 τύραννος,
2765 1547 2977 1610 πάντας
3004 1546 3203 1611 ὑπάγει
3228 1542 3305 1611 τῷ
3334 1541 3500 1610 ξίφει,
3523 1541 3578 1602 ὲς
3629 1535 3834 1596 πολλὰς
3893 1550 3981 1601 χι-

2401 1645 2591 1706 λιάδας
2629 1641 3022 1712 μετρούμενον.
3068 1632 3142 1692 οὐ
3179 1638 3342 1707 χάριν
3394 1632 3488 1686 καὶ
3525 1629 3749 1700 μηνίσαι
3799 1625 3986 1694 τούτῳ

2401 1740 2464 1792 τδ
2511 1739 2667 1790 Θείον
2698 1735 3068 1788 πιστεύεται·
3120 1730 3242 1784 κατ’
3304 1728 3440 1797 δναρ
3483 1725 3592 1795 γὰρ
3643 1719 3981 1790 ἐπιφανέντα

2402 1832 2594 1898 ἐκείνῳ
2618 1829 2855 1897 Χριστὸν
2893 1827 3084 1896 φάναι,
3115 1824 3283 1892 Φωκᾷ
3311 1821 3390 1881 τῶ
3424 1816 3771 1890 στρατηλάτῃ
3802 1828 3984 1882 παρα-

2328 1884 2369 1939 B
2401 1884 2624 1996 δοθῆναι
2651 1884 2780 1976 ’.καὶ
2804 1884 3207 1983 διυπνισθέντα,
3246 1884 3577 1969 ἀνιλιππικδν
3609 1884 3702 1963 τὸν
3723 1884 3979 1976 γαμϐρὸν

2400 2021 2509 2072 τῶν
2529 2016 2745 2086 δεσμῶν
2774 2009 3228 2086 μεταστείλασθαι
3260 2023 3276 2039 ⁸
3307 2009 3409 2074 τὴν
3448 2006 3554 2074 γὰρ
3579 2000 3674 2054 τοῦ
3706 1996 3982 2067 στοιχείου

2416 2109 2662 2179 διεδοχὴν
2688 2107 2940 2160 ὑπείδετο
2976 2104 3243 2174 μάλιστα..
3264 2099 3354 2152 Διδ
3387 2097 3484 2152 καὶ
3514 2094 3734 2161 κατεῖχε
3767 2088 3978 2148 τοῦτον,

2401 2205 2648 2271 οἰόμενος
2680 2202 2874 2268 ἐκείνῳ
2909 2194 3382 2266 μετακυδευθῆναι
3407 2191 3508 2260 τὴν
3534 2183 3830 2257 βασιλείαν.
3869 2179 3981 2232 Καὶ

730 2299 856 2338 cum
889 2288 1168 2343 sororium
1204 2306 1376 2347 suum,
1399 2292 1568 2345 acciri
1601 2307 1632 2346 e
1689 2283 2139 2362 vinculiszijnssit.
2172 2291 2296 2346 Pri-

2409 2295 2797 2348 διεπυνθάνετο
2823 2292 2876 2344 εί
2898 2291 3020 2344 τινά
3070 2305 3173 2341 που
3207 2282 3546 2355 στρατιώτην
3607 2274 3979 2345 διαγινώσκοι,

730 2390 832 2430 inte
853 2381 1003 2432 enim
1031 2382 1274 2435 nominis
1313 2384 1435 2450 ejus
1464 2383 1662 2437 littera:
1691 2373 2104 2437 successionem
2132 2399 2296 2452 quam

2405 2387 2600 2439 Φωκᾶν
2629 2384 2821 2452 ὄνομα.
2871 2382 3111 2435 Ἑκείνου
3137 2378 3182 2431 δ’
3213 2377 3459 2436 εἰπόντος
3488 2373 3694 2427 ἐκεῖνον
3719 2363 3861 2419 εἶναι
3891 2363 3986 2413 τὸν

729 2469 964 2523 maxime
989 2484 1300 2540 suspectam
1330 2473 1585 2528 habebat.
1614 2475 1791 2544 Atque
1823 2476 1894 2528 ob
1920 2491 2040 2530 eam
2076 2489 2299 2529 causam

2405 2481 2513 2548 πρὸ
2550 2477 2781 2548 βραχέος
2812 2475 3036 2544 ἀναίδην
3063 2471 3141 2542 τῷ
3178 2469 3258 2540 σῷ
3313 2468 3506 2537 κράτει
3543 2459 3982 2531 διομιλούμενον,

729 2562 977 2614 vinctum
1004 2577 1129 2616 eum
1167 2564 1408 2630 tenebat,
1441 2561 1734 2635 il’nperium
1767 2568 1833 2621 ad
1867 2567 2019 2620 illum
2069 2567 2298 2621 devolu-

2401 2575 2429 2625 ὁ
2458 2547 2822 2640 αὐτοκράτωρ
2863 2565 3118 2635 ἀνηρώτα
3149 2564 3208 2616 τὸ
3235 2558 3367 2633 ἦθος
3419 2555 3616 2625 ἐκείνῳ
3661 2551 3845 2606 ὁποῖον
3895 2547 3984 2614 εἴη

2864 2659 2910 2665 --
3128 2659 3139 2665 .
3186 2657 3206 2665 -
3349 2654 3372 2665 -
3428 2651 3476 2665 ς.
3614 2648 3640 2665 η
3689 2645 3868 2665 __.___
3921 2639 3983 2665 ιν,

732 2664 848 2706 ιυιη
891 2655 958 2710 iri
1027 2657 1374 2713 existin‘ians.
1438 2659 1802 2728 Pbilippicum
1853 2676 1986 2730 ergo
2042 2676 2192 2726 eum,
2249 2660 2298 2714 si

2399 2639 2846 2734 διερευνώμενος.
2863 2659 2953 2724 Ὦς
2977 2660 3020 2712 δ’
3040 2657 3311 2730 ἐμάνθανε
3345 2651 3520 2713 δειλὸν
3538 2645 3892 2707 καθεστάναι,
3921 2639 3983 2691 Εἰ

732 2761 895 2813 quem
928 2746 1157 2801 militem
1195 2748 1429 2803 l’bocam
1462 2759 1668 2816 nosset,
1705 2750 2082 2820 interrogavit.
2117 2752 2297 2819 Atque
2400 2757 2572 2820 δειλδς
2599 2757 2789 2819 ὅντως,
2825 2755 2920 2807 καὶ
2950 2753 3144 2821 φονεύς
3182 2751 3354 2811 ἐστιν,
3406 2741 3762 2812 ἀπεκρίνατο.
3810 2734 3991 2801 ’Δπή-

733 2852 859 2889 cum
897 2838 988 2893 ille
1021 2839 1416 2907 respondisset,
1447 2841 1682 2895 Phocam
1721 2858 1847 2896 eum
1886 2857 2031 2907 esse,
2067 2843 2161 2911 qui
2187 2858 2299 2897 non
2331 2870 2339 2880 -

2331 2870 2339 2880 '
2404 2847 2574 2916 χθητο
2637 2847 2818 2900 τοίνυν
2869 2845 2984 2904 τοῖς
3032 2844 3167 2895 πᾶσι
3197 2839 3284 2892 διὰ
3309 2837 3401 2890 τὸν
3429 2834 3524 2888 τοῦ
3547 2829 3799 2896 ,πλήθους
3827 2825 3988 2891 φόνον

731 2932 806 2983 ita
840 2932 1050 2997 pridem
1112 2933 1343 3003 imperio
1399 2936 1520 3004 ejus
1575 2935 1928 3003 impudenter
1984 2936 2297 2998 restitisset,

2403 2934 2731 3004 Μαυρίκιος,
2761 2934 2854 2987 καὶ
2882 2933 3181 3001 σκώμμασι
3209 2927 3323 2989 τοῖς
3367 2925 3624 2978 ἁπάντων
3653 2916 3932 2971 έὸάλλετο.

733 3028 1052 3097 imperator,
1085 3032 1415 3099 quibusnam
1441 3033 1487 3087 is
1514 3033 1759 3086 moribus
1823 3043 1988 3094 esset.
2036 3041 2401 3102 percontatus
2459 3042 2566 3087 est.
2629 3031 2698 3085 Et
2733 3030 2828 3083 ubi
2857 3028 3110 3084 timidum
3135 3039 3258 3080 esse
3292 3020 3551 3090 cognovit
3586 3034 3602 3071 :
3634 3014 3691 3070 Si
3757 3010 3988 3067 timidus

733 3137 948 3186 revera,
979 3122 1180 3192 inquit,
1211 3123 1461 3193 profecto
1503 3134 1559 3179 et
1596 3139 1887 3193 percussor
1923 3134 2028 3181 est.
2087 3123 2288 3178 Verum
2328 3124 2477 3178 enim
2549 3137 2682 3177 vero
2743 3117 3145 3196 Mauriciugqb’
3174 3123 3339 3170 tanta:
3365 3107 3734 3168 multitudinis
3756 3103 3989 3165 eadem,

733 3211 924 3267 odium
955 3215 1200 3287 omnium
1263 3216 1526 3280 incurrit,
1579 3217 1948 3286 conviciisque
1996 3215 2066 3269 ab
2103 3215 2361 3269 omnibus
2395 3227 2480 3271 est
2519 3217 2846 3286 proscissus.

1140 3351 1309 3424 859
1380 3345 1606 3403 CAPUT
1648 3341 1892 3400 XXXIX.

736 3449 1006 3518 Quomodo
1033 3449 1291 3518 exc_rrilus
1321 3446 1376 3497 in
1396 3441 1642 3518 _Eur0pa,
1685 3439 1936 3518 seditione
1966 3439 2109 3508 facta
2130 3479 2144 3501 ,
2180 3452 2302 3518 cert-

806 3523 1070 3574 turionem
1109 3516 1338 3571 Phocum
1387 3508 1750 3568 Romanorum
1807 3513 2178 3580 imperatorem
2215 3508 2305 3560 de-

807 3592 1110 3646 durarunt.

805 3707 944 3763 Cum
972 3705 1246 3760 exercitus
1278 3702 1491 3758 diutius
1521 3701 1575 3755 in
1608 3700 1774 3771 Mysia
1817 3706 1985 3763 esset,
2013 3704 2070 3750 et
2103 3695 2312 3750 milites

741 3816 769 3853 a
796 3801 958 3854 Petro
984 3796 1186 3866 quietis
1200 3795 1401 3865 gratia,
1430 3792 1558 3848 belli
1583 3791 1747 3846 tinem
1769 3799 1934 3860 atque
1959 3788 2305 3850 missionem,

742 3892 1090 3958 reditumque
1117 3888 1184 3942 ad
1215 3888 1376 3941 sedes
1391 3899 1520 3940 suas
1551 3892 1804 3954 peterent
1838 3899 1854 3938 :
1882 3882 2080 3936 Petrus
2120 3888 2305 3933 autem

743 3997 898 4041 muto
932 3981 1248 4052 persimilis,
1280 3977 1547 4048 principis
1601 3976 1827 4043 imperio
1876 3973 2058 4042 potius
2114 3986 2311 4040 paren-

744 4083 900 4138 dum,
951 4074 1243 4143 copiasque
1293 4071 1431 4123 ultra
1503 4068 1701 4121 Istrum
1761 4066 2124 4121 conlinendas
2189 4077 2311 4117 esse

746 4175 1017 4232 censeret,
1067 4165 1267 4218 mirum
1325 4153 1410 4216 est
1462 4175 1626 4230 quant
1679 4159 1731 4214 id
1783 4157 2102 4220 multitudo,
2139 4156 2314 4223 impe-

748 4263 891 4316 rium
944 4259 1276 4320 detrectans,
1326 4267 1468 4323 aegre
1525 4252 1736 4306 tulerit.
1787 4249 1853 4304 Et
1890 4249 2087 4303 Petrus
2123 4245 2312 4316 viginti

750 4355 1006 4411 milliaria
1035 4353 1102 4406 ab
1127 4348 1372 4411 exercitu
1396 4346 1643 4401 secessit.
1674 4342 1754 4397 Ad
1769 4357 1932 4411 quem
1961 4342 2162 4394 milites
2191 4350 2317 4393 octo

751 4450 901 4502 viros
955 4447 1216 4504 delectos,
1273 4440 1413 4493 inter
1441 4451 1580 4506 quos
1599 4437 1764 4490 etiam
1798 4434 2009 4488 Phocas
2043 4430 2317 4500 pernicio-

753 4541 1059 4596 sissimmus
1119 4545 1387 4604 tyrannus
1458 4541 1600 4593 erat,
1669 4528 1959 4582 miserunt.
2022 4524 2318 4592 Postquam

755 4632 845 4685 ille
880 4630 932 4682 in
973 4627 1247 4682 sententia
1281 4641 1379 4679 sua
1409 4622 1669 4694 perstitit,
1699 4629 1756 4673 et
1786 4616 2132 4684 imperatoris
2163 4627 2318 4669 man-

2977 3293 3229 3391 κείω,
3250 3387 3269 3403 ,
3295 3328 3445 3388 Aea.

2409 3437 2602 3500 Ὅπως
2628 3435 2699 3488 τὰ
2719 3435 2787 3487 ἐν
2815 3431 3070 3499 Εὐρώπῃ
3095 3426 3508 3500 στρατεύματα
3535 3417 3986 3500 ςταᾳίάσαντα.

2476 3488 2593 3559 τὸτί
2607 3488 3063 3571 ἑκατοντάρχηιῖ
3084 3488 3320 3559 Φώκᾷν,
3350 3488 3629 3558 ’βασιλέα
3675 3488 3994 3556 Ῥωμαίων

2478 3576 2750 3630 ἀνεῖπον.

2482 3689 2589 3743 Τοῦ
2621 3689 2678 3742 δέ
2710 3689 2851 3742 κατά
2881 3685 3227 3758 τὴνΜυσίαν
3257 3679 3673 3753 στρατεύματος
3708 3674 3801 3728 ἐπὶ
3839 3671 3996 3724 πλεί-

2412 3783 2838 3853 στονδιατριὸὴν
2856 3757 3035 3834 ὲκεῐσε
3076 3757 3487 3848 πεποιημένων,
3539 3772 3883 3841 αἰτουμένων
3932 3783 3995 3819 τε

2411 3872 2774 3934 ἀναπαύσεως
2794 3872 2958 3941 χάριν
2990 3869 3081 3922 τὸν
3111 3867 3320 3938 Πέτρον
3337 3861 3592 3918 ,διαλῦσαι
3647 3861 3749 3929 τὴν
3787 3856 3995 3927 μάχην.

2413 3970 2504 4022 καὶ
2529 3969 2618 4021 ἐπ’
2649 3967 2800 4020 οἴκου
2824 3964 3106 4034 γενέσθαι,
3126 3964 3155 4016 ό
3179 3962 3238 4015 δὲ
3294 3959 3466 4030 κωφῷ
3499 3958 3758 4025 ἄντικρυς
3792 3951 3995 4032 ἐδόκει,

2414 4062 2533 4122 ταῖς
2575 4057 2671 4112 τοῦ
2735 4023 2970 4118 ἄνακτος
3014 4023 3355 4124 προσταγαῖς
3391 4023 3626 4119 ’μᾶλλον
3662 4023 3998 4108 πειθαρχεῖν

2414 4154 2659 4224 οἰόμενος
2684 4151 2818 4214 δεῖν,
2855 4151 2946 4221 καὶ
2974 4147 3056 4200 ἔτι
3081 4146 3258 4216 πέραν
3301 4143 3524 4211 Ἴστρου
3572 4134 3995 4206 παρακατέχειν

2417 4248 2692 4318 ᾑρημένος
2723 4243 2785 4297 τὸ
2825 4242 3160 4312 στράτευμα.
3191 4239 3300 4294 Καὶ
3346 4236 3407 4290 τδ
3433 4234 3637 4301 πλῆθος
3697 4224 4000 4298 ὑπερφυῶς

2419 4337 2766 4408 ἐδυσχέραινέ
2792 4352 2850 4388 τε
2881 4335 2974 4388 καὶ
3011 4330 3332 4401 άφηνίαζεν.
3377 4327 3435 4380 Ὀ
3461 4327 3518 4379 δὲ
3562 4323 3787 4390 Πέτρος,
3820 4319 4002 4370 εἴκοσι

2421 4433 2671 4501 σημείοις
2710 4426 2804 4481 τοῦ
2863 4423 3286 4504 στρατεύματος·
3318 4418 3597 4490 ἀπεχώρει
3629 4431 3644 4447 ο
3681 4413 3810 4466 ἔνθα
3857 4409 3923 4478 δὴ
3973 4410 4004 4460 6

2424 4527 2654 4599 στρατὸς
2682 4515 3005 4585 ὀκτώτινας
3029 4517 3432 4586 ἐπιλεξάμενοι,
3460 4506 3536 4567 ὧν
3570 4505 3729 4578 εἷςῆν
3758 4507 3854 4558 καὶ
3876 4505 4002 4556 Φω-

2427 4595 2528 4679 κάς
2556 4620 2583 4670 ὀ
2604 4600 2988 4685 χαλεπώτατός
3013 4609 3306 4679 τύραννος,
3342 4604 3480 4674 πρὸς
3515 4601 3725 4654 ἐκεῖνον
3775 4595 4002 4660 διεπρε-

753 4726 944 4778 datum
980 4737 1123 4784 esse,
1163 4729 1226 4773 ut
1265 4717 1540 4770 exercitus
1584 4715 1725 4767 ultra
1769 4711 1972 4766 lstrum
2025 4721 2313 4778 permane-

2348 4699 2393 4755 ο
2422 4709 2679 4761 σόεύοντο
2708 4721 2723 4737 ·
2756 4705 2849 4758 τὸν
2878 4703 2935 4757 δὲ
2961 4703 3057 4756 καὶ
3090 4701 3252 4752 πάλιν
3282 4699 3396 4758 τοῖς
3428 4694 3610 4754 αὐτοῖς
3645 4687 4004 4756 έπιμένοντα,

757 4827 864 4875 ret.
890 4812 1268 4868 asseveravit:
1303 4807 1596 4862 multitudo
1639 4806 1772 4874 ipsa,
1810 4803 1890 4855 ira
1926 4801 2163 4864 fervens,
2199 4813 2320 4852 cen-

758 4909 1028 4963 turionem
1055 4906 1291 4976 Pliocam
1327 4903 1433 4957 sibi
1488 4901 1588 4965 ipsi
1623 4896 1882 4968 praefecit.
1937 4894 2095 4947 Petro
2150 4905 2319 4959 repu-

758 5002 930 5056 diato.
990 4997 1184 5051 Postea
1239 4996 1407 5049 etiam
1477 4993 1660 5047 Pboca
1703 4990 1758 5043 in
1821 4989 2014 5058 clypeo
2079 4984 2320 5041 sublato,

755 5092 1082 5148 electionem
1103 5089 1223 5156 ejus
1236 5085 1612 5155 complurima
1629 5066 2022 5136 am-lamat—ione
2044 5074 2324 5130 renuntia-

757 5188 858 5240 \it.
893 5183 1048 5250 Quod
1082 5183 1171 5235 ubi
1202 5181 1398 5235 Petrus
1424 5177 1667 5235 rescivit.
1704 5172 1959 5243 profugit,
1993 5181 2048 5224 et
2101 5170 2166 5220 ad
2223 5168 2324 5219 im-

756 5287 1067 5348 peratorem
1105 5289 1217 5329 rem
1243 5285 1464 5327 omnem
1492 5269 1700 5323 retulit.
1728 5265 2048 5328 Mauricius,
2082 5259 2324 5315 tribunis

758 5370 936 5440 plebis
985 5366 1266 5429 evocatis,
1328 5363 1514 5433 populi
1560 5375 1850 5415 numerum
1909 5355 2256 5424 investigavit
2309 5371 2321 5405 :

759 5462 900 5516 nihil
930 5475 1157 5530 prorsus
1186 5457 1254 5510 de
1287 5472 1376 5520 eo,
1404 5454 1548 5524 quod
1575 5454 1824 5506 desertor
1869 5449 2080 5503 l'hocas
2137 5446 2325 5515 prafe-

760 5569 884 5608 ctus
937 5552 1284 5607 renuntiatus
1342 5557 1506 5612 esset,
1567 5545 1853 5599 sollicitus.
1917 5541 2057 5592 ldcm
2133 5539 2322 5592 urbem

761 5649 936 5718 ipsam
965 5646 1320 5715 imperantem
1354 5648 1410 5694 ct
1440 5639 1784 5694 suburbanos
1823 5635 1942 5704 ejus
1981 5634 2131 5686 vicos
2151 5632 2331 5698 dispo~

838 5828 914 5892 (l)
942 5825 1096 5894 Apud
1126 5824 1418 5877 Diaconnm
1441 5829 1542 5883 cst,
1566 5833 1673 5871 uno
1704 5818 1865 5869 etiam
1901 5829 2070 5866 aureo
2100 5827 2328 5894 immmo

767 5885 1081 5963 Chlaganum
1127 5895 1468 5962 singulorum
1502 5894 1837 5957 captiverum
1875 5897 2033 5952 caput
2072 5885 2328 5936 Mauricio

2429 4800 2526 4852 καὶ
2558 4797 2825 4864 ἐπιταγὴν
2856 4790 2994 4848 εἶναι
3043 4791 3140 4844 τοῦ
3192 4788 3620 4858 αὐτοκράτορος,
3653 4783 3856 4854 χρῆναι
3906 4779 4010 4830 πέ-

2432 4911 2531 4962 ραν
2556 4892 2770 4960 Ἴστρου
2797 4886 3098 4958 διατρίδειν
3124 4885 3222 4954 τὴν
3269 4881 3528 4953 στρατιὰν
3568 4873 4005 4942 διατεινομένου,

2430 4983 2587 5054 θυμῷ
2605 4983 2673 5036 τά
2703 4981 2881 5051 πλήθη
2942 4977 3426 5046 ἁνακαχλάσαντα,
3458 4973 3551 5025 τὸν
3591 4966 4009 5035 ἑκατοντάρχην

2429 5077 2623 5129 Φωκᾶν
2651 5072 2831 5125 αὐτῶν
2863 5071 3290 5141 προεστήσαντο,
3337 5062 3731 5121 καταλιπόντες
3759 5058 3852 5110 τὸν
3904 5057 4009 5108 Πέ-

2430 5183 2579 5237 τρον.
2619 5163 2854 5218 Ἔπειτα
2887 5166 2979 5217 καὶ
2999 5161 3091 5215 ἐπ’
3115 5159 3342 5222 ἀσπίδος
3371 5157 3452 5220 είς
3500 5154 3634 5224 ὕψος
3680 5151 4006 5220 ἐξάραντες.

2433 5260 2719 5329 εὐφήμουν
2739 5256 2985 5318 ἐκτόπως
3009 5253 3108 5323 τὴν
3135 5251 3516 5321 ἀναγόρευσιν.
3554 5249 3620 5300 ’Δ
3642 5245 3778 5314 δῆτα
3813 5241 4007 5312 μαθὼν

2431 5356 2459 5406 ὁ
2494 5353 2717 5418 Πέτρος,
2777 5349 2952 5416 φυγὰς
3010 5345 3183 5416 ᾤχετο
3217 5362 3231 5377 ·
3260 5345 3354 5396 καὶ
3389 5340 3579 5406 έλθὼν,
3635 5338 3770 5410 δῆλα
3824 5337 4008 5388 πάντα

2434 5445 2606 5496 ἐποίει
2629 5443 2707 5511 τῷ
2725 5439 3109 5511 αὐτοκράτορι.
3153 5438 3211 5492 Ὀ
3236 5437 3292 5491 δὲ
3314 5434 3780 5503 τοὺςιδημάρχους
3838 5444 4010 5497 μετα-

2437 5536 2808 5604 στειλάμενος,
2839 5534 2900 5586 τὸ
2929 5531 3130 5603 πλῆθος
3157 5530 3505 5600 διηρευνᾶτο,
3541 5527 3638 5580 καὶ⁸
3690 5525 3748 5576 έν
3777 5521 4012 5590 οὐδεμιᾷ

2436 5632 2676 5682 ἐποιεῖτο
2731 5626 2974 5697 φροντίδι
3025 5625 3127 5695 τὴν
3175 5622 3271 5677 τοῦ
3314 5621 3621 5675 άποστάτου
3676 5616 4011 5686 ἀνάρρησιν.

2438 5808 2816 5935 redimecndum
2846 5810 3132 5878 obtulisse,
3192 5809 3459 5879 illumque
3483 5803 3856 5862 conditionem
3885 5812 4015 5854 eam

2439 5896 2545 5935 non
2593 5895 2622 5934 a
2658 5894 2888 5935 cepisse.

2439 5896 2545 5935 non
2593 5894 2888 5948 accepisse.
