4262 6446
263 315 362 376 I05

1128 311 1716 372 ECCLESIASTICJS
1753 312 2132 372 IIISTOIII.'E
2165 316 2309 378 LIB.
2361 317 2577 376 XVIII.

3404 317 3506 380 406

260 429 481 498 Φρουρᾷ
514 427 571 479 δὲ
608 426 679 478 τὲ.
713 425 818 492 πρὸ
848 423 943 490 τῆς
1010 424 1218 485 πόλεως
1271 427 1441 479 ἀστεα
1497 425 1844 495 διελάμϐανε,
1877 440 1917 494 Α

1830 467 1844 491 ,
1877 440 1917 494 Α
1950 429 2069 484 sitis
2101 429 2364 482 custodiis
2393 429 2644 483 munivit.
2685 427 2887 482 Deinde
2919 428 3084 481 etiam
3109 428 3174 479 ad
3206 428 3513 482 multitudi-

262 521 357 572 καὶ
387 521 561 588 αὐτὴν
593 516 732 585 δῆτα
760 517 862 586 τὴν
913 515 1330 584 βασιλεύουσαν.
1397 513 1528 570 Εἶτα
1562 520 1653 568 καὶ
1703 535 1844 587 πρε-

267 611 460 664 σ6είαν
491 612 546 672 ἐς
585 611 647 661 τὸ
709 609 1100 678 ἁποστατῆσαν
1133 608 1337 678 πλῆθος
1391 610 1724 676 ἀνέπεμπεν.
1784 611 1844 660 '0

264 704 323 756 δέ
351 720 416 770 γε
441 704 704 771 τύραννος
727 701 928 769 ἥκιστα
964 702 1220 768 προσεῖχε
1250 701 1363 761 τοῖς
1387 698 1564 767 λόγοις
1591 715 1605 729 °
1640 699 1756 752 ἀλλ’
1785 700 1843 751 ὲν

270 795 640 864 μετεωρισμῷ
677 794 918 846 ἐποιεῖτο
947 794 1040 845 τὸν
1061 791 1236 860 λόγον.
1262 792 1369 844 Τοῦ
1399 791 1454 843 δὲ
1485 790 1673 852 παιδὸς
1695 791 1848 844 Μαυ-

270 888 452 955 ρικίου
518 886 805 938 Θεοδοσίου
859 888 916 948 ἐς
987 884 1424 954 Καλλικράτειαν
1501 882 1848 951 κυνηγεσίοις

275 978 659 1045 σχολάζοντος,
696 978 756 1028 τὸ
811 976 1117 1029 στασιάσαν
1168 973 1480 1043 Ῥωμαϊκὸν
1511 972 1702 1041 ἐκείνῳ
1732 974 1848 1024 ἐπι-

273 1069 472 1137 στολὴν
499 1069 852 1136 διεπέμπετο.
888 1067 920 1134 ἦ
973 1067 1134 1120 αὑτὸν
1182 1065 1587 1134 ἀναλαμόάνειν
1618 1066 1715 1135 τὴν
1745 1065 1852 1117 τῶν
1899 1085 1908 1108 ε

270 1162 411 1212 ὅλων
434 1161 737 1229 ἠγεμονίαν
766 1159 1193 1229 είσηγουμένην,
1222 1159 1257 1228 ἢ
1305 1157 1383 1227 τῷ
1427 1157 1660 1227 κηδεστῇ
1723 1157 1854 1225 Γερ-

275 1253 437 1320 μανῷ
463 1251 672 1318 ταύτης
709 1253 1065 1319 παραχωρεῖν
1093 1265 1107 1278 ⁸
1144 1248 1239 1301 τοῦ
1271 1231 1601 1318 γάρλοὶποῦ
1636 1245 1711 1315 μὴ
1735 1247 1855 1297 ἀνέ-

275 1344 472 1411 χεσθαι
500 1343 741 1410 ἔφασκον
771 1343 879 1394 ὑπὸ
911 1341 1202 1410 Μαυρικίῳ
1241 1342 1340 1402 τὰς
1371 1335 1658 1407 ⁹Ρωμαίων
1703 1337 1859 1390 δυνάμ-

280 1451 405 1502 μεις
438 1435 570 1503 ὁρᾷν
605 1433 964 1488 διιθύνεσθαι.
1005 1433 1157 1485 Ἐπεὶ
1187 1432 1244 1485 δὲ
1271 1421 1548 1501 κατάδηλα
1583 1429 1754 1483 ταῦτα
1779 1429 1856 1497 τῷ

277 1527 653 1595 αὐτοκράτορι
717 1526 982 1593 ἐγεγόνει,
1014 1523 1295 1596 Γερμανὸς
1323 1525 1435 1593 μὲν
1499 1523 1574 1585 ὡς
1625 1521 1859 1589 ὑποψίαν

275 1619 404 1679 δοὺς
427 1618 746 1686 νεωτερίσαι
769 1619 827 1670 τὸ
871 1617 1210 1686 στράτευμα,
1238 1617 1312 1678 ὠς
1363 1616 1573 1667 ἐκεῖνον
1619 1611 1714 1664 ἐπὶ
1741 1610 1852 1662 τῶν

278 1710 420 1762 ὅλων
460 1711 804 1780 αἱρούμενον,
863 1712 918 1773 ές
966 1710 1057 1761 τὸν
1116 1710 1211 1776 τῆς
1268 1708 1612 1776 Θεομήτορος
1668 1705 1851 1774 ἱκέτης

1947 537 2070 575 nem
2097 522 2240 574 illam
2268 521 2524 574 rebellent
2563 521 2890 589 legationem
2933 519 3105 574 misit.
3143 520 3212 572 At
3247 528 3512 588 tyrannus

1947 616 2167 668 minime
2203 614 2456 668 mandata
2521 615 2636 682 ejus
2694 613 2927 672 curavit,
2983 613 3196 665 ratione
3257 611 3405 664 omni
3459 622 3510 664 et

1947 707 2192 760 oratione
2237 707 2455 769 reiecta.
2504 705 2568 758 Et
2609 705 2883 757 exercitus
2905 703 3201 768 Romanus,
3238 702 3513 757 seditione

1949 812 2116 865 mota,
2147 801 2213 854 ad
2264 800 2632 853 Theodosium
2690 798 2931 851 Mauricii
2982 797 3174 860 lilimn,
3227 798 3294 851 ad
3346 796 3516 850 Calli-

1949 891 2171 945 cratiam
2205 890 2589 944 venationibus
2642 905 2762 944 sese
2801 889 3190 951 oblectantem,
3222 887 3509 955 epistolam

1950 982 2122 1048 dedit,
2163 990 2220 1036 ut
2247 983 2325 1035 vel
2361 982 2643 1050 imperium
2678 981 3000 1049 susciperet,
3038 980 3120 1033 vel
3151 995 3216 1034 eo
3244 978 3516 1033 Germano

1950 1089 2141 1129 socero
2209 1074 2448 1128 cederet.
2508 1072 2782 1127 Decaatero
2857 1087 3096 1139 namque
3175 1072 3404 1124 minime
3457 1085 3515 1124 se

1954 1175 2208 1230 passuros
2243 1177 2361 1215 esse
2391 1162 2812 1224 denuntiarunt,
2857 1172 2916 1215 ut
2969 1163 3241 1215 llomanas
3266 1161 3454 1228 copias
3488 1177 3517 1213 :t

1955 1252 2215 1306 Mauricio
2267 1252 2558 1321 gubernari
2644 1263 2958 1306 cernerent.
3029 1252 3155 1305 llaec
3230 1261 3519 1319 postquam

1958 1345 2271 1412 imperatori
2310 1353 2436 1397 sunt
2463 1345 2787 1413 signiﬁcata,
2817 1343 3144 1408 Germanus,
3183 1343 3353 1397 veluti
3403 1357 3524 1396 sus-

1957 1438 2229 1508 picionem
2258 1439 2324 1492 de
2352 1455 2411 1493 se
2443 1440 2755 1508 praebuerit,
2792 1448 3080 1508 pr0pterea
3109 1439 3410 1491 exercitum
3438 1452 3525 1490 res

1959 1547 2124 1586 nevas
2164 1532 2410 1586 molitum
2460 1547 2601 1594 esse,
2661 1540 2720 1584 ut
2775 1533 2951 1600 ipsum
3004 1530 3071 1584 ad
3142 1530 3222 1583 rei
3271 1528 3527 1583 Romana:

1961 1638 2230 1676 summam
2255 1623 2738 1677 administrandam
2766 1622 3031 1690 legerent,
3069 1622 3298 1691 supplex
3343 1621 3397 1672 in
3427 1619 3526 1673 Dei

1963 1711 2258 1769 Genitricis
2276 1717 2533 1783 templum
2564 1715 2810 1784 confugit
2835 1731 2848 1766 :
2874 1715 3022 1782 quod
3055 1714 3255 1783 Cyrum
3279 1721 3530 1766 constru-

281 1778 614 1872 προστρέχει
647 1802 783 1855 νεών
811 1818 827 1832 ο
861 1803 920 1855 ὃν
951 1802 1136 1871 Κῦρον
1172 1802 1263 1852 τὸν
1287 1801 1378 1852 ἐπὶ
1409 1799 1693 1852 Θεοδοσίου
1724 1798 1861 1849 ὑπα·
1896 1778 1938 1832 Β

1845 1821 1861 1836 ·
1896 1778 1938 1832 Β
1970 1806 2110 1860 xisse
2143 1807 2281 1859 fama
2318 1816 2419 1866 est,
2474 1807 2566 1874 qui
2620 1807 2810 1860 consul
2871 1807 2971 1858 sub
3033 1805 3345 1858 Theodosio
3405 1802 3528 1866 fuit,

278 1911 376 1946 τον
404 1895 694 1962 γεγονότα,
729 1893 1018 1964 δείμασθαι
1048 1892 1201 1960 λόγος
1241 1909 1254 1923 ·
1305 1894 1400 1945 καὶ
1435 1892 1488 1952 ὲς
1519 1891 1586 1943 τὰ
1631 1889 1866 1958 μάλιστα

278 1984 457 2053 ἄνδρα
485 1982 691 2051 ἀγαθόν
718 2000 856 2051 φασι
898 1983 1206 2051 γεγονέναι,
1240 1983 1334 2034 καὶ
1379 1980 1508 2049 περὶ
1538 1980 1710 2046 λόγων
1734 1978 1869 2046 ἔρω-

278 2092 383 2137 τας
413 2073 652 2143 σώφρονί
687 2092 794 2126 τινι
827 2076 994 2143 μανίᾳ
1022 2074 1496 2144 προσπεφυκέναι.
1535 2073 1622 2133 Ἐς
1646 2070 1869 2139 ὓστερον

281 2165 344 2218 δὲ
389 2163 670 2236 Γερμανὸς
699 2166 794 2217 καὶ
839 2165 976 2234 πρὸς
1009 2164 1069 2216 τὸ
1105 2165 1363 2233 μέγιστον
1390 2161 1634 2230 τέμενος,
1667 2159 1694 2212 ὃ
1739 2161 1868 2211 Ἰου-

288 2256 568 2317 στινιανὲς
609 2254 731 2306 λίαν
791 2254 1086 2322 φιλοτίμως
1138 2256 1232 2306 καὶ
1289 2253 1598 2316 πολυτελῶς
1643 2253 1720 2322 τῷ
1763 2251 1871 2304 τῶν

283 2347 430 2399 ὅλων
479 2345 600 2408 Θεῷ
634 2345 978 2415 ἁνιδρύσατο,
1008 2346 1376 2414 μεταφέρεταί.
1404 2364 1418 2378 ο
1457 2346 1548 2400 διά
1593 2363 1675 2397 τοι
1716 2344 1872 2397 τοῦτο

286 2436 388 2489 καὶ
423 2436 710 2489 Θεοδόσιον
739 2437 832 2488 τὸν
859 2436 975 2489 υίὺν
1003 2438 1032 2488 ό
1080 2436 1301 2504 κρατῶν
1338 2436 1551 2506 pascat;
1603 2435 1832 2504 ῂκίσατο
1855 2447 1867 2462 ·

287 2527 649 2596 ὑποτοπήσας
679 2529 736 2578 ὲν
763 2527 1066 2597 ἀπορρήτῳ
1093 2527 1193 2593 τὴν
1248 2529 1328 2590 είς
1377 2527 1438 2578 τὺ
1470 2527 1627 2580 Θεῖον
1682 2541 1878 2594 προσεο

286 2618 484 2687 δρείαν
518 2619 598 2686 τῷ
631 2619 864 2687 κηδεστῇ
900 2617 1168 2690 Γερμανῷ
1203 2618 1498 2670 ὑποθέσθαι
1531 2633 1548 2650 ·
1591 2618 1684 2670 καὶ
1738 2618 1878 2685 πέμ-

286 2711 400 2778 ψας
433 2709 646 2761 ἐκεῖθεν
681 2709 942 2775 ἀφέλκειν
976 2712 1244 2778 ἐπειρᾶτο
1270 2709 1361 2761 τὸν
1395 2710 1697 2779 Γερμανόν.
1726 2710 1798 2763 Τὸ
1822 2709 1878 2761 δὲ

287 2800 393 2868 τῆς
423 2799 637 2861 πόλεως
684 2799 888 2866 πλῆθος
927 2799 1120 2869 μαθὸν,
1149 2798 1440 2862 ἐστασίαζε
1501 2799 1610 2851 τῶν
1658 2799 1879 2852 δικαίων

287 2889 390 2943 τοῦ
416 2889 526 2944 νεὼ
562 2892 967 2960 προϊστάμενον
1002 2906 1014 2918 ·
1051 2892 1146 2944 καὶ
1179 2891 1430 2960 κατέχειν
1482 2891 1630 2944 ἔνδον
1663 2889 1879 2943 ἔπειθον

287 2982 391 3035 τὸν
417 2980 641 3048 φυγάδα
674 2997 688 3012 ο
716 2981 910 3051 καὶτῷ
944 2981 1101 3052 θυμῷ
1153 2981 1640 3052 στρατηγούμενοι,
1697 2982 1881 3050 σκώμ-

291 3085 436 3138 μασι
477 3067 757 3130 πλείστοις
806 3069 899 3121 τὸν
937 3068 1146 3121 ἀνακτα
1205 3068 1450 3132 ἔϐαλλον,
1506 3073 1602 3121 καὶ
1663 3069 1881 3135 φρονεῖν

287 3162 462 3213 αὑτὸν
496 3160 566 3212 τὰ
595 3161 925 3230 Μαρκίωνος
967 3159 1338 3223 ἔπετώθαζον.
1372 3161 1593 3231 Αἵρεσις
1627 3159 1685 3212 δὲ
1743 3159 1880 3228 αὕτη

293 3253 443 3322 μετά
473 3268 623 3310 τινος
677 3253 868 3320 μωρᾶς
916 3252 1202 3314 εὐλαϐείας
1248 3251 1448 3321 εὐήθης
1478 3267 1536 3304 τε
1579 3252 1675 3304 καὶ
1717 3253 1883 3305 κατά-

290 3359 560 3404 πτυστος.
599 3343 954 3413 Σφριγῶντος
981 3342 1278 3413 τοιγαροῦν
1306 3343 1402 3395 τοῦ
1431 3344 1694 3413 ταράχου,
1722 3345 1772 3396 οί
1814 3345 1884 3397 τὰ

289 3435 455 3503 τείχη
490 3433 950 3503 διαφρουροῦντες
983 3434 1081 3503 τῆς
1115 3434 1323 3496 πόλεως
1349 3431 1501 3485 ταῦτ’
1524 3433 1884 3502 ηνωτισμένοι

291 3525 378 3595 τῷ
408 3525 587 3595 λοιπῷ
617 3525 901 3578 στασιῶδει
923 3525 1119 3596 πλήθει
1151 3526 1245 3580 κα)⁵
1275 3521 1419 3579 οὑτοι
1452 3524 1878 3592 συμμίγνυνται·

292 3619 397 3672 καὶ
426 3618 768 3686 πανταχόθεν
797 3619 848 3669 oi
875 3617 1140 3687 δῆμοιτῷ
1173 3618 1318 3687 σάλῳ
1347 3617 1440 3669 τοῦ
1486 3615 1656 3668 κακοῦ
1689 3632 1889 3684 κυμαι-

293 3712 546 3775 νόμενοι,
578 3711 644 3779 τῇ
692 3708 784 3763 τοῦ
817 3708 1000 3779 Λάρδυ
1029 3709 1447 3762 Κωνσταντίνου
1479 3709 1625 3778 οἰκίᾳ
1650 3707 1888 3775 προσρή-

295 3819 530 3872 γνυνται
565 3817 582 3832 ο
621 3801 683 3854 ὃν
717 3801 1093 3868 διαφερόντως
1116 3802 1174 3853 ἔν
1201 3802 1312 3862 τοῖς
1356 3800 1589 3868 μάλιστα
1623 3794 1733 3867 εἶχε
1784 3813 1891 3849 πα-

293 3893 536 3963 τρίκιον.
576 3891 882 3960 Ἐπιφανής
906 3907 968 3946 τε
999 3893 1106 3960 γάρ
1137 3887 1204 3961 ἦν
1254 3892 1282 3941 ὁ
1327 3889 1469 3959 ἀνὴρ
1527 3889 1623 3942 καὶ
1664 3888 1773 3941 τῶν
1830 3888 1888 3950 ἐς

298 3985 623 4060 συγκλήτου
651 3983 953 4036 τελούντων
972 3982 1172 4053 βουλὴν
1194 4023 1208 4047 ,
1235 3983 1334 4035 καὶ
1384 3984 1440 4042 ἐς
1477 3980 1537 4033 τὸ
1584 3980 1888 4049 πατρικίων

298 4077 617 4141 πεφθακὼς
651 4076 790 4146 ὕψος
821 4092 838 4108 ο
876 4079 967 4130 καὶ
1002 4076 1113 4128 τῶν
1151 4073 1305 4144 ἑῴων
1339 4072 1619 4140 κλιμάτων
1650 4072 1746 4125 τοῦ
1798 4072 1890 4141 φό-

298 4187 403 4241 ρου
443 4169 699 4238 ἡγήσατο
733 4184 748 4198 ·
777 4167 840 4219 ὃν
889 4167 1130 4237 ἔπαρχον
1187 4167 1297 4218 τῶν
1355 4165 1706 4234 πραιτωρέων
1771 4163 1890 4226 ἔθος

310 4260 620 4328 Ῥωμαίοις
653 4258 866 4312 καλεῖν.
922 4259 1026 4312 Ἦν
1080 4257 1218 4326 δῆτα
1261 4257 1442 4309 οἰκίαν
1479 4254 1555 4324 τῷ
1611 4257 1893 4324 παμφάγῳ

301 4351 651 4419 παραδόντες
681 4351 839 4420 πυρὶ,
877 4351 974 4404 καὶ
1026 4349 1301 4419 ἀλογίστῳ
1338 4347 1536 4418 θράσει
1578 4348 1894 4417 περιμανῶς

299 4440 794 4510 διαπεπραγμένοι
818 4441 880 4494 τδ
912 4440 1096 4510 ἔργον,
1124 4439 1328 4510 ᾤχοντο
1357 4435 1535 4501 αὖθις.

1969 1898 2145 1951 bonus
2194 1896 2488 1950 admodum
2538 1897 2639 1961 vir,
2675 1909 2730 1950 et
2784 1896 3109 1966 eloquentiae
3159 1895 3534 1963 doctrinaeque

1969 1989 2144 2043 omnis
2172 2004 2434 2058 perquam
2488 1987 2812 2050 studiosior
2858 1996 2996 2055 q'uas
3042 1984 3302 2053 singulari
3351 1999 3535 2036 amore

1969 2090 2023 2134 et
2078 2095 2208 2132 sana
2257 2080 2491 2148 quadam
2551 2079 2768 2132 insania
2823 2087 2906 2132 est
2969 2085 3310 2146 prosecutus.
3372 2074 3539 2144 860

1971 2170 2163 2224 Postea
2197 2185 2323 2223 vero
2369 2170 2676 2224 Germanus
2714 2171 2877 2224 etiam
2932 2170 2998 2224 ad
3055 2169 3313 2238 templum
3366 2168 3540 2221 maxi-

1972 2278 2143 2324 mum,
2203 2261 2348 2330 quod
2403 2259 2744 2316 Justinianus
2818 2263 3117 2317 ambitione
3197 2277 3408 2315 summa
3485 2271 3541 2314 et

1975 2353 2402 2422 magnificentia,
2433 2354 2648 2423 magnis
2699 2355 3009 2424 sumptibus
3041 2370 3223 2408 rerum
3258 2354 3542 2407 universa-

1975 2461 2093 2499 rum
2129 2445 2237 2500 Deo
2263 2447 2589 2508 construxit,
2627 2445 2862 2499 transiit.
2890 2446 3020 2498 Eam
3050 2461 3179 2499 sane
3213 2445 3282 2498 ob
3319 2459 3540 2498 causam

1974 2538 2231 2607 princeps
2259 2539 2424 2590 lilium
2455 2538 2829 2591 Theodosium
2885 2538 3122 2592 fustibus
3169 2537 3303 2592 caedi
3352 2539 3539 2607 jussit,

1976 2641 2292 2698 suspectum
2317 2645 2443 2683 eum
2473 2631 2704 2694 habens,
2734 2629 2881 2698 quod
2911 2645 3114 2684 arcano
3141 2629 3371 2682 consilio
3403 2626 3538 2683 Ger-

1979 2737 2138 2774 tnano
2196 2736 2407 2786 socero,
2462 2733 2519 2775 ut
2561 2721 2625 2774 ad
2693 2736 2851 2790 opem
2921 2720 3159 2773 divinam
3207 2721 3546 2788 confugeret,

1955 2811 2296 2881 ,subjecerit.
2331 2813 2397 2866 Et
2428 2811 2613 2864 missis
2644 2799 2961 2864 hominibus
2987 2811 3175 2871 certis,
3210 2809 3545 2864 Germanum

1984 2900 2111 2954 inde
2147 2901 2433 2954 extrahere
2462 2901 2713 2956 tentavit.
2766 2901 2924 2954 Plebs
2955 2913 3136 2955 autem
3181 2902 3414 2964 urbana,
3451 2899 3545 2954 ubi

1985 2991 2037 3046 id
2064 2992 2304 3054 rescivit,
2340 2994 2629 3046 tumultum
2663 2993 2852 3057 movit,
2884 2992 2974 3056 jus
3009 2991 3197 3060 templi
3223 2989 3545 3045 defendens:

1984 3081 2384 3152 Germanoque,
2423 3083 2516 3151 qui
2540 3097 2604 3135 eo
2635 3083 2976 3151 confugerat,
3009 3093 3066 3134 ut
3098 3097 3154 3136 se
3185 3081 3261 3134 ibi
3301 3080 3551 3134 contine-

1985 3185 2088 3238 ret,
2129 3174 2423 3244 persuasit.
2472 3177 2652 3242 Atque
2705 3174 2891 3228 furore
2956 3184 3212 3242 tanquam
3280 3172 3417 3226 duce
3471 3172 3554 3225 eis

1985 3243 2609 3333 praeeunte,scommataa
2627 3265 2859 3333 plurima
2889 3265 3137 3333 plerique
3167 3265 3218 3317 in
3249 3264 3554 3331 principem

1985 3361 2390 3415 contorserunt,
2430 3352 2591 3420 eique
2623 3351 2770 3420 quod
2817 3367 2941 3405 cum
2983 3351 3260 3404 Mareione
3295 3350 3550 3411 sentiret,

1987 3458 2113 3498 cum
2167 3443 2418 3498 convicio
2455 3435 2806 3512 >obiecerunt
2862 3459 2876 3496 :
2940 3443 3095 3513 cujus
3152 3440 3375 3492 haeresis
3427 3452 3552 3490 cum

1987 3534 2148 3590 stulta
2185 3534 2417 3602 quadam
2476 3534 2757 3604 religione,
2809 3533 2955 3588 fatua
2995 3543 3052 3586 et
3127 3528 3559 3596 contemptibilis

1990 3635 2094 3682 est.
2136 3625 2272 3680 Cum
2306 3625 2472 3695 igitur
2507 3627 2698 3695 ingens
2725 3625 2989 3679 tumultus
3036 3622 3271 3675 maxime
3320 3619 3556 3682 smviret,

1991 3717 2084 3785 qui
2123 3716 2279 3769 urbis
2315 3717 2516 3770 moenia
2551 3716 2848 3770 servabant
2902 3714 3178 3778 custodes,
3212 3712 3362 3765 hisce
3396 3712 3560 3764 rebus

1991 3806 2213 3871 auditis,
2243 3809 2469 3876 reliquie
2523 3821 2582 3862 se
2644 3805 3015 3860 tumultuanti
3060 3801 3396 3857 multitudini
3453 3801 3552 3869 ipsi

1990 3914 2212 3967 quoque
2239 3898 2568 3952 immiscent.
2604 3896 2668 3950 Et
2704 3898 2858 3966 plebs
2911 3895 3273 3962 undequaque
3320 3901 3555 3946 Concur-

1989 4005 2138 4053 rens,
2168 3998 2222 4043 et
2251 3989 2376 4043 mali
2418 3991 2540 4058 ejus
2589 3996 2912 4056 tempestate
2959 3986 3254 4048 ﬂuctuans,
3314 3985 3368 4036 in
3413 3982 3559 4036 mdes

1990 4078 2363 4140 Constantini,
2396 4078 2689 4148 cuiLardy
2750 4092 3054 4147 cognomen
3104 4083 3242 4158 erat.
3295 4073 3559 4141 impetum

1993 4166 2166 4221 facit:
2200 4182 2362 4236 quem
2395 4168 2573 4221 virum
2605 4165 2905 4220 Mauricius
2937 4167 3082 4218 inter
3123 4165 3366 4232 reliquos
3392 4161 3562 4230 patri-

1993 4259 2109 4314 cios
2140 4260 2366 4314 charum
2398 4260 2630 4314 maxime
2659 4259 2892 4312 habebat
2922 4275 2935 4310 :
2989 4257 3216 4310 illustris
3241 4256 3386 4309 enim
3421 4263 3560 4316 erat,

1994 4359 2051 4406 et
2102 4366 2169 4405 ex
2217 4351 2494 4420 primariis
2525 4349 2873 4405 senatoribus
2935 4363 3075 4401 unus
3119 4347 3186 4400 ad
3245 4344 3563 4413 patriciatus

2003 4441 2289 4516 dignitatis
2352 4441 2750 4496 sublimitatem
2797 4448 3041 4502 evectus,
3107 4437 3328 4491 tributis
3399 4435 3560 4489 etiam

301 4537 680 4591 orientalium
711 4535 1000 4607 regionum
1036 4537 1364 4605 prapositus
1395 4547 1410 4588 :
1457 4549 1583 4589 eum
1621 4532 1886 4591 Romanis
1925 4537 2242 4606 praefectum
2272 4536 2532 4607 praetorio
2560 4537 2833 4605 appellare
2869 4550 2988 4588 mos
3025 4543 3132 4588 est.
3203 4532 3372 4601 llujns
3430 4529 3561 4582 aedi-

302 4633 416 4689 bus
484 4635 780 4688 omnivoro
843 4633 954 4704 igni
1011 4632 1251 4699 traditis,
1310 4643 1605 4703 coeptoque
1673 4648 1740 4689 eo
1792 4649 1892 4704 per
1931 4636 2217 4690 audaciam
2285 4635 2499 4690 ratione
2559 4611 2706 4688 omni
2759 4643 3035 4689 carentem
3091 4629 3394 4686 furibunde
3443 4643 3557 4697 pcr-

304 4739 457 4794 acto,
502 4727 636 4783 inde
667 4731 873 4786 abiere.

915 4844 1168 4901 ΚΕΦΔΛ.
1201 4844 1292 4900 Μ’.

303 4938 481 5005 Φυγὴ
511 4937 846 5002 Μαυρικίου
866 4954 880 4970 ·
915 4939 1013 4990 καί
1053 4939 1296 5002 εἷσοὸος
1322 4938 1428 4991 τοῦ
1473 4939 1775 5006 τυράννου
1808 4940 1895 5002 εἷς

379 5012 452 5062 τὸ
474 5009 808 5076 βασίλειον
837 5008 994 5060 ἄστυ
1016 5025 1030 5038 ·
1092 5008 1189 5062 καὶ
1224 5008 1535 5076 ἀναίρεσις
1562 5009 1892 5076 Μαυρικίου

381 5077 490 5132 καὶ
521 5075 644 5129 τῶν
685 5076 920 5130 παίδων
942 5077 1157 5133 αὐτοῦ.

393 5194 457 5245 '0
507 5191 696 5243 τοίνυν
715 5190 1024 5259 Μαυρίκιος
1053 5189 1305 5242 ἀπειπὼν
1330 5192 1443 5252 τοῖς
1501 5189 1663 5253 ὅλοις,
1695 5189 1786 5240 καὶ
1831 5189 1897 5239 τὰ

309 5285 502 5352 πλήθη
535 5281 755 5352 βλέπων
787 5283 935 5349 μίσει
962 5282 1057 5334 τοῦ
1096 5282 1259 5350 φόνου
1310 5281 1446 5350 πρὸς
1489 5281 1581 5332 τὸν
1635 5280 1899 5347 τύραννον

312 5374 734 5432 ὀλισθαίνοντα,
763 5373 929 5425 αὑτόν
958 5391 1016 5424 τε
1045 5373 1322 5442 Κυριακὸν
1349 5372 1441 5426 τὸν
1473 5371 1613 5441 μετά
1655 5372 1906 5439 Ἰωάννην

307 5470 416 5537 τὴν
454 5466 789 5535 ἱεραρχικὴν
815 5464 974 5528 ἀξίαν
1003 5466 1408 5533 ἠμφιεσμένον,
1442 5463 1814 5534 πρεσϐύτερος
1852 5462 1910 5514 δὲ

310 5563 409 5615 καὶ
440 5557 733 5626 οἰκονόμος
759 5557 851 5609 τοῦ
905 5558 1140 5624 μεγάλου
1173 5555 1279 5607 νεὼ
1334 5555 1670 5624 ἐχρημάτιζε
1719 5556 1914 5622 πρότε-

321 5671 448 5725 ρον,
485 5653 796 5720 σκώμμασι
830 5650 1114 5718 βάλλοντα,
1169 5647 1444 5716 μεσούσης
1478 5649 1667 5707 νοκτὶς
1702 5647 1795 5714 τὴν
1828 5645 1917 5714 βα-

320 5747 526 5798 σελειον
562 5744 756 5812 στολήν
776 5743 1132 5812 ἀποθέμενος,
1159 5740 1248 5792 καὶ
1272 5737 1536 5792 ἰδιωτικὸν
1567 5738 1917 5812 περιθέμενος

1925 4849 1979 4909 D
2582 4841 2805 4898 CAPUT
2867 4839 2975 4893 XL.

2038 4939 2288 4993 Mauricii
2325 4939 2484 5008 fuga;
2529 4937 2780 5008 adcentus
2827 4934 3040 5002 tyranni
3080 4935 3133 4985 in
3176 4933 3531 5008 imperantem

2109 5001 2401 5074 κηώεντιίεὶ
2427 5004 2678 5059 Mauricii
2719 5001 3106 5070 liberorumque
3138 5001 3249 5069 ejus
3277 5001 3460 5052 credes.

2076 5190 2266 5258 Itaque
2295 5187 2614 5250 Mauricius,
2657 5186 2722 5239 de
2769 5199 2954 5238 rerum
2991 5198 3200 5237 summa
3231 5183 3564 5249 ,dcsperans,

2008 5291 2064 5336 et
2093 5280 2499 5338 multitudinem
2532 5278 2697 5332 caedis
2725 5277 2851 5329 odio
2876 5276 2942 5328 ad
2987 5286 3274 5345 tyrannum
3311 5271 3570 5324 deﬁcien-

2012 5383 2142 5433 tem.
2169 5373 2456 5441 ipsumque
2483 5369 2646 5425 etiam
2669 5368 2954 5437 Cyriacum
2985 5366 3004 5433 (
3029 5366 3120 5434 qui
3154 5373 3275 5432 post
3303 5363 3566 5417 Joannem

2013 5463 2333 5530 dignitatem
2383 5461 2780 5514 hicrarcliieam
2837 5463 3185 5525 susceperat,
3241 5469 3363 5507 cum
3420 5453 3571 5520 prius

2017 5554 2308 5625 presbyter
2345 5560 2398 5604 et
2433 5565 2750 5604 meonomus
2799 5547 3050 5601 Ecclesia:
3105 5546 3304 5614 Magum
3358 5542 3570 5608 fuisset)

2019 5642 2283 5700 conviciis
2313 5638 2755 5706 proscindentem
2809 5636 3020 5697 videns,
3053 5634 3119 5686 de
3180 5631 3354 5684 media
3413 5638 3572 5680 nocte

2023 5729 2287 5802 imperiali
2342 5735 2601 5797 prietexta
2637 5725 2831 5794 posita,
2871 5724 3186 5792 primuun
3244 5731 3391 5772 veste
3428 5732 3575 5770 sum~
