4262 6446
728 418 836 485 407

1952 423 2370 486 NICEPHORI
2414 424 2756 487 CALLiSTI

3871 429 3979 494 408

727 557 845 617 pta,
885 542 1048 597 simul
1100 560 1225 599 cum
1268 546 1498 615 conjuge
1532 556 1589 600 et
1616 545 1825 610 liberis,
1881 546 2148 600 dromone
2180 559 2309 598 con-
2339 547 2381 600 A

2293 575 2309 584 -
2339 547 2381 600 Α
2414 543 2637 613 ἔνδυμα,
2661 546 2877 615 σύναμα
2902 542 3119 611 γυναικὶ
3148 541 3241 596 καὶ
3266 542 3473 605 τέκνοις
3494 541 3729 612 δρὸμωνι
3757 542 3976 606 ἐπιϐὰς,

729 657 953 705 scenso,
983 643 1036 695 in
1081 643 1361 697 Orientem
1400 641 1689 711 profugere
1719 651 1970 703 conatur,
2024 656 2133 693 non
2187 638 2298 692 exi-

729 752 890 806 guam
928 752 1113 790 secum
1168 736 1415 804 pecunia:
1454 735 1563 788 vim
1610 744 1861 804 portans.
1901 729 1970 787 Et
2008 740 2297 801 postquam

728 831 787 881 in
812 830 990 880 sinum
1024 827 1377 889 Nicomediae,
1407 827 1471 879 ad
1494 828 1752 895 templum
1784 826 2077 880 Autonomi
2100 834 2299 893 marty-

729 919 808 973 ris
833 919 1106 989 (Soranum
1150 920 1446 973 vernacula
1493 920 1676 987 lingua
1740 920 2078 979 nominatur,
2136 918 2295 986 861

727 1008 1208 1078 ConstantinOpoli
1238 1010 1751 1086 autemplurimum
1794 1018 2012 1065 centum
2041 1019 2096 1063 et
2139 1008 2299 1075 quin-

729 1102 991 1170 quaginta
1022 1101 1214 1155 stadiis
1257 1102 1431 1162 abest)
1472 1103 1733 1167 venisset,
1784 1108 2105 1171 tempestate
2159 1113 2295 1152 saeva

726 1192 1163 1246 circumvenitur
1198 1210 1210 1243 :
1247 1204 1301 1247 et
1330 1202 1591 1261 prmtcrea
1632 1203 1895 1247 consueta
1925 1194 2031 1247 sibi
2064 1192 2296 1262 podagra

726 1287 1028 1354 derepente
1056 1296 1344 1354 correptus
1375 1286 1692 1354 impeditur.
1743 1285 1912 1356 Cujus
1962 1286 2134 1338 morbi
2170 1300 2297 1337 sane

725 1394 889 1446 quam
922 1378 1107 1431 infelix
1153 1362 1454 1445 proventus
1515 1387 1569 1431 et
1628 1378 1851 1432 ubertas
1908 1378 2167 1432 obvenire
2220 1378 2300 1432 eis

726 1470 887 1530 solet,
936 1469 1026 1535 qui
1080 1468 1341 1521 continue
1389 1467 1726 1536 imperialem
1786 1468 1976 1521 urbem
2029 1468 2295 1520 incolunt.

724 1560 801 1617 Ex
834 1574 900 1612 eo
933 1560 1050 1612 loco
1077 1558 1451 1613 Theodosium
1489 1559 1659 1612 ﬁlium
1709 1558 1775 1611 ad
1801 1558 2101 1613 Chosroem
2135 1560 2296 1627 legat,

726 1654 819 1719 qui
873 1667 1029 1719 opem
1083 1650 1150 1705 ab
1206 1665 1271 1705 eo
1322 1660 1581 1718 peteret:
1639 1652 1799 1719 eique
1864 1651 1918 1704 in
1978 1650 2296 1704 memoriam

722 1752 1030 1807 revocaret,
1072 1743 1214 1813 quod
1242 1752 1295 1796 et
1327 1743 1427 1812 ipsi
1454 1744 1521 1797 de
1552 1760 1761 1796 summa
1789 1744 1939 1813 regni
1968 1742 2297 1812 periclitanti

727 1837 1020 1891 llauricius
1052 1838 1103 1890 id
1137 1836 1498 1891 conservarit.
1535 1836 1777 1906 Aﬂquum
1808 1836 2009 1905 quippe
2036 1835 2298 1904 piumque

721 1944 866 1990 esse,
910 1938 966 1982 ut
1021 1930 1111 1983 ille
1164 1945 1346 1999 parem
1410 1929 1512 1983 sibi
1575 1928 1803 1983 referret
1856 1928 2107 1997 gratiam,
2169 1942 2294 1981 cum

723 2023 844 2087 ejus
879 2021 1077 2075 domus
1112 2022 1274 2074 simul
1317 2023 1496 2074 omnis
1535 2020 1589 2073 in
1629 2019 1927 2073 maximum
1958 2028 2102 2072 esset
2128 2017 2296 2069 addu—

726 2122 810 2165 cta
853 2112 1198 2166 .discrimcn.
1274 2113 1379 2168 Sed
1438 2114 1581 2167 enim
1643 2111 1969 2173 Germanus,
1998 2108 2293 2163 Theodosii

725 2205 973 2285 Mauricii
1009 2205 1103 2259 filii
1152 2221 1330 2271 socer,
1368 2222 1494 2261 cum
1550 2205 1702 2262 velut
1752 2205 1819 2261 in
1863 2202 2159 2273 navigium,
2218 2203 2299 2255 sic

732 2301 786 2353 in
824 2299 1111 2370 imperium
1142 2301 1476 2364 Romanum,
1528 2300 1693 2354 nullis
1729 2300 1919 2353 fulcris
1956 2304 2051 2351 aut
2098 2294 2297 2350 funda-

727 2380 1160 2456 mentisniium,
1199 2392 1502 2455 incidisset,
1536 2392 1905 2461 gubernacula
1947 2392 2066 2459 ejus
2107 2403 2295 2457 regere

728 2496 813 2539 est
848 2502 1157 2555 aggressus.
1184 2486 1383 2540 Verum
1431 2485 1641 2539 Prasini
1682 2486 1839 2553 (ordo
1889 2484 1978 2536 hic
2027 2493 2081 2534 et
2131 2481 2295 2535 factio

724 2578 983 2636 Romana:
1014 2578 1187 2646 plebis
1218 2580 1334 2645 est)
1368 2593 1494 2646 spes
1524 2578 1644 2646 ejus
1694 2576 2026 2629 inciderunt.
2059 2573 2297 2627 Proinde

723 2681 781 2726 et
814 2672 929 2741 ipse
956 2686 1054 2741 per
1079 2670 1516 2741 desperationem
1552 2683 1756 2733 rerum,
1780 2682 1837 2721 se
1867 2666 1935 2719 ad
1966 2665 2297 2718 benevolen-

723 2766 853 2819 tiam
881 2763 1096 2834 tyrauni
1133 2760 1367 2815 contulit
1403 2776 1417 2812 :
1463 2773 1720 2827 eumque,
1776 2756 1841 2810 ad
1894 2770 2080 2825 quem,
2128 2763 2188 2807 ut
2223 2752 2294 2804 ita

724 2854 941 2921 dicam,
964 2856 1183 2908 fortuna
1217 2851 1522 2914 inclinavit,
1540 2849 1806 2903 adoravit.
1834 2846 2026 2901 Statim
2062 2860 2298 2915 namque

721 2948 1071 3005 Prasinornm
1127 2945 1292 2999 factio
1340 2942 1678 3013 imperialem
1731 2941 1934 3010 regiam
1984 2936 2296 3006 occupavit,

724 3050 786 3095 et
808 3050 1043 3113 tyranno
1068 3036 1440 3107 imperatoriis
1464 3031 1951 3091 acclamationibus
2000 3028 2294 3098 applausit.

728 3134 963 3197 Phocas,
986 3129 1276 3185 Theodoro
1297 3128 1532 3195 quodam
1553 3125 1675 3178 viro
1705 3122 1900 3189 insigni
1933 3121 2117 3179 misso,
2142 3116 2298 3169 urbis

2403 635 2628 704 φεύγειν
2659 636 2798 704 πρὸς
2828 635 2929 703 τὴν
2961 635 2982 652 "
3000 635 3086 686 Εω
3112 634 3450 703 διεπειρᾶτο,
3482 635 3582 686 οὐκ
3609 633 3863 703 ἐλάχιστα
3888 636 3981 687 καὶ

2399 728 2509 779 τῶν
2535 729 2836 797 χρημάτων
2864 728 3351 797 προσεπαγόμενος
3374 742 3391 760 ⁸
3421 727 3516 777 καὶ
3538 726 3630 778 ἐπὶ
3664 726 3750 778 τὸν
3774 727 3981 777 κόλπον

2401 816 2775 887 Νικομηδείας
2801 818 3093 885 γενόμενος
3118 818 3254 889 πρδς
3276 818 3354 887 τῷ
3378 818 3482 885 νεῷ
3514 818 3824 885 Αὖτονόμου
3880 817 3977 868 τοῦ

2407 910 2686 979 μάρτυρος
2709 911 2937 979 (Σωρεεὶ
2963 911 3008 962 δ’
3032 910 3317 979 ἐγχωρίως
3351 909 3689 978 ὠνόμασται,
3723 909 3890 977 διέχει
3923 909 3981 960 δὲ

2401 1000 2503 1063 τῆς
2532 999 2949 1051 Κωνσταντίνου
2987 1000 3221 1061 σταδίοις
3252 999 3486 1068 μάλιστα
3515 997 3707 1050 ἐκατδν
3736 998 3826 1049 καὶ
3854 1015 3981 1048 πεν-

2400 1092 2682 1159 τήκοντα),
2706 1090 2933 1143 κλύδωνι
2965 1090 3142 1159 ὸγρίῳ
3167 1089 3505 1159 περιπεσὼν,
3539 1088 3636 1141 καὶ
3664 1090 3728 1156 τῇ
3758 1086 3981 1155 συνήθει

2402 1184 2649 1254 ποδάγρα
2671 1182 3053 1254 προσόαλούσῃ
3084 1182 3281 1253 ἁθρόον
3312 1181 3642 1250 πεδούμενος
3666 1196 3681 1210 ⁸
3705 1176 3771 1251 ἧς
3799 1179 3861 1249 δὴ
3893 1181 3981 1229 νό-

2404 1290 2498 1324 σου
2534 1272 2760 1341 εὐθηνία
2794 1273 3103 1343 καθέστηκε
3150 1273 3421 1343 δυστυχὴς
3450 1274 3564 1335 τοῖς
3612 1272 3672 1323 τὸ
3708 1272 3984 1341 βασίλειον

2403 1372 2535 1423 ἄστυ
2574 1371 2890 1423 κατοικοῦσι
2943 1371 3244 1433 διαπαντός
3280 1386 3296 1404 ⁸
3334 1370 3547 1423 ἐκεῖθεν
3581 1367 3865 1420 Θεοδόσιον
3894 1366 3985 1415 τὸν

2403 1464 2518 1513 υἱὸν
2549 1464 2606 1525 ἐς
2653 1464 2900 1532 Χοσρόην
2924 1463 3206 1531 ἐξέπεμπε
3260 1461 3582 1530 συμμαχίαν
3630 1456 3797 1511 αίτῶν
3825 1471 3839 1486 ⁸
3891 1456 3987 1506 καί

2404 1557 2845 1624 ὑπομιμνήσκων
2876 1556 2950 1616 ὡς
2980 1556 3073 1606 καὶ
3104 1555 3253 1624 αὐτῷ
3277 1555 3376 1623 τὴν
3403 1553 3579 1623 ἀρχὴν
3609 1549 3984 1604 κινδυνεύοντι

2402 1649 2709 1719 Μαυρίκιος
2757 1648 3057 1700 διεσώσατο
3089 1663 3101 1674 ·
3134 1649 3227 1699 καὶ
3275 1648 3423 1699 ὅσιον
3461 1641 3605 1698 εἶναι
3662 1641 3985 1695 ἀντιταλαν-

2403 1739 2587 1792 τεύειν
2619 1741 2711 1809 τὴν
2742 1742 2923 1810 χάριν,
2967 1740 3147 1807 πάσης
3180 1738 3317 1807 ὁμοῦ
3352 1739 3453 1806 τῆς
3506 1738 3685 1800 οῑκῐας
3720 1738 3779 1789 ἐν
3828 1732 3989 1803 μεγί-

2408 1844 2517 1894 στῳ
2541 1828 2893 1894 καθεστώσης
2943 1826 3194 1894 κινδύνῳ.
3246 1823 3408 1879 Ἀλλὰ
3461 1827 3571 1896 γὰρ
3620 1824 3902 1895 Γερμανὸς
3960 1824 3990 1873 ό

2411 1920 2681 1987 κηδεστὴς
2709 1918 2993 1970 Θεε-δοσίου
3020 1916 3115 1970 τοῦ
3165 1919 3357 1981 παιδὸς
3393 1918 3705 1989 Μαυρικίου
3748 1918 3993 1986 ἀνερμα-

2412 2013 2583 2081 τίστῳ
2608 2011 2777 2080 πλοίῳ
2830 2012 2895 2080 τῇ
2940 2008 3189 2080 βασιλείᾳ
3231 2008 3525 2078 Ῥωμαίων
3588 2007 3990 2077 ἐντετυχηκὼς,

2410 2104 2619 2172 ταύτην
2664 2102 3013 2156 οἱακίσασθαι
3062 2103 3359 2171 ἐπεχείρει.
3428 2100 3576 2155 Ἀλλ’
3620 2102 3671 2153 οἱ
3730 2100 3991 2168 Πράσινοι

2414 2195 2622 2263 (τάγμα
2652 2192 2708 2245 δὲ
2733 2193 2890 2244 τοῦτο
2927 2191 3101 2260 δήμου
3145 2192 3458 2262 Ῥωμαίων)
3478 2192 3577 2253 τὰς
3605 2189 3825 2252 ἐλπίδας
3861 2186 3992 2242 τού-

2412 2301 2507 2335 του
2541 2285 2829 2339 ὼῦέλισαν.
2866 2285 3033 2337 Ὅθεν
3077 2284 3331 2337 ἀπειπὼν
3361 2285 3457 2335 καὶ
3498 2276 3674 2345 οὗτος,
3705 2283 3848 2349 πρὸς
3890 2279 3992 2348 τὴν

2412 2376 2505 2429 τοῦ
2528 2378 2794 2444 τυράννου
2824 2374 3214 2444 μετεχώρησεν
3245 2373 3463 2424 εὔνοιαν
3498 2387 3514 2402 ⁸
3546 2371 3645 2423 καὶ
3692 2370 3993 2438 προσκυνεῖ

2416 2470 2549 2537 πρὸς
2573 2468 2631 2520 ὃν
2658 2470 2691 2537 ὴ
2721 2467 2860 2537 τύχη
2889 2467 2963 2529 ὼς
2986 2467 3115 2528 ἔπος
3169 2468 3348 2518 εἰπεῖν
3402 2463 3797 2533 μεταϐέϐηκεν.
3829 2460 3993 2514 Λύτί-

2413 2580 2485 2615 κα
2514 2553 2630 2631 γὰρ
2659 2560 2686 2613 ό
2709 2561 2816 2612 τῶν
2871 2559 3153 2627 [Ιρασίνων
3186 2559 3356 2625 δῆμος
3391 2559 3471 2618 εἰς
3521 2556 3712 2624 ρήγιον
3756 2555 3994 2619 γίνεται,

2414 2658 2505 2710 καὶ
2536 2656 2652 2715 ταῖς
2688 2652 2993 2722 βασιλικαῖς
3020 2649 3449 2720 κατακροτοῦσιν
3471 2648 3769 2715 εὐφημίαις
3787 2646 3878 2698 τὸν
3897 2644 3994 2697 τύ-

2416 2763 2628 2818 ραννον.
2651 2744 2845 2806 Φωκᾶς
2874 2742 2919 2795 δ’
2948 2744 3004 2804 ἐς
3036 2739 3194 2803 αὖθις
3230 2740 3510 2809 Θεόδωρόν
3544 2756 3666 2790 τινα
3710 2737 3817 2791 τῶν
3872 2738 3993 2791 ἐπι-

2415 2840 2609 2908 σήμων
2632 2834 2878 2903 πέμψας,
2913 2832 3007 2885 τόν
3038 2848 3097 2884 τε
3124 2831 3223 2900 τῆς
3253 2829 3464 2894 πόλεως
3496 2832 3657 2899 ἱερέα,
3699 2829 3995 2901 (πατριάρ-

2414 2948 2516 3001 χην
2547 2928 2601 2982 δέ
2623 2926 2813 2981 τοῦτον
2836 2924 3094 2979 εἰώθασιν
3136 2923 3473 2993 ὀνομάζειν),
3496 2924 3595 2974 καὶ
3632 2923 3694 2974 τὸ
3717 2921 3814 2973 τοῦ
3854 2920 3991 2974 λαοῦ

2413 3024 2684 3090 ἔκκριτον,
2722 3018 3142 3088 μεταστέλλεται
3181 3030 3195 3047 ⁸
3229 3016 3278 3068 οἳ
3306 3015 3370 3085 δὴ
3412 3014 3509 3068 καὶ
3532 3018 3591 3067 ἐν
3623 3014 3702 3082 τῷ
3744 3013 3995 3082 Ἐὸδόμῳ

2413 3115 2693 3183 λεγομένῳ
2716 3112 2809 3165 τοῦ
2831 3108 3139 3163 Βαπτιστοῦ
3186 3109 3437 3162 Ἰωάννου
3465 3106 3592 3176 νεῷ,
3614 3106 3677 3157 τὸ
3696 3106 3791 3169 τῆς
3825 3105 3994 3156 αὺτο-

726 3226 1030 3281 antistitem
1083 3220 1478 3291 (patriarcbam
1527 3217 1676 3272 hunc
1728 3213 2005 3283 appellare
2051 3210 2375 3292 liomincsc

2327 3228 2375 3292 ο
2411 3208 2706 3277 κρατορία;
2731 3205 2968 3272 διάδημα
2995 3201 3073 3272 τῷ
3099 3200 3432 3267 παλαμναίῳ
3471 3197 3601 3267 Θηρὶ
3634 3197 3996 3265 περιϐάλλου-

728 3319 875 3377 soliti
910 3316 1060 3385 sunt)
1090 3328 1147 3369 et
1185 3314 1372 3384 populi
1404 3311 1651 3365 delectos
1683 3309 1903 3362 accivit.
1943 3304 2047 3370 Qui
2084 3317 2208 3357 cum
2242 3302 2295 3354 in

729 3410 936 3480 templo
963 3408 1190 3463 Joannis
1226 3406 1501 3474 Baptistae,
1535 3405 1586 3457 in
1617 3418 1683 3457 ea
1722 3399 2036 3455 suburbana
2067 3395 2305 3451 civitatis

732 3514 887 3572 parte
916 3518 1036 3572 qua:
1069 3502 1376 3569 Septimum
1423 3498 1649 3560 dicitur,
1680 3493 2093 3553 convenissent,
2147 3504 2305 3541 coro-

731 3612 856 3649 nam
900 3592 1309 3662 imperatoriam
1345 3588 1618 3657 pestiferte
1653 3584 1851 3639 bellure
1898 3583 2302 3649 imposuerunt.

731 3695 907 3760 Atque
948 3688 1097 3740 illee
1124 3684 1354 3752 vestigio
1381 3690 1643 3750 apparatu
1692 3676 1951 3745 przeclaro
1983 3675 2303 3744 Byzantium

735 3780 1067 3851 ingreditur,
1105 3790 1302 3828 aurum
1344 3772 1409 3825 ad
1449 3772 1624 3824 instar
1656 3766 1851 3822 imbris
1897 3766 2105 3832 ubique
2149 3778 2306 3830 Spar-

733 3889 887 3943 gens,
916 3880 971 3926 et
988 3870 1277 3940 Byzantios
1296 3869 1451 3921 cives
1472 3880 1537 3918 ea
1570 3859 1951 3915 munificentia
1990 3857 2045 3910 in
2080 3855 2307 3908 introitu

735 3983 835 4020 suo
886 3964 1226 4017 exhilarans.
1286 3960 1479 4014 Postea
1542 3970 1675 4008 vero
1736 3951 2021 4006 Leontiam
2088 3962 2308 4017 quoque

737 4072 960 4112 uxorem
988 4059 1285 4123 Angusram
1315 4048 1615 4111 renuntiat,
1636 4055 1693 4101 et
1718 4042 2005 4113 splendido
2031 4039 2309 4107 triumpho

740 4149 791 4199 in
833 4146 1011 4199 aulam
1048 4141 1379 4210 imperialem
1421 4138 1665 4192 deducit.
1732 4136 1904 4188 Porro
1943 4147 2067 4185 cum
2123 4130 2310 4199 populi

739 4240 1009 4292 factiones
1044 4234 1281 4301 graviter
1305 4232 1447 4285 odiis
1480 4230 1621 4284 inter
1658 4242 1717 4281 se
1744 4227 2112 4287 decertarent,
2142 4222 2312 4273 altera

737 4343 925 4380 eorum
968 4327 1045 4394 (l)
1088 4326 1247 4391 vu'go
1278 4321 1481 4373 dixisse
1511 4320 1732 4372 fertur:
1782 4334 1800 4367 ι
1858 4315 2025 4377 Vade,
2074 4328 2313 4382 praesen-

741 4432 849 4470 tcm
886 4431 1068 4470 rerum
1098 4424 1297 4466 statum
1333 4425 1603 4477 cognosce
1629 4424 1643 4460 :
1672 4408 1965 4462 Mauricius
2003 4407 2149 4458 enim
2177 4419 2314 4456 non-

740 4511 871 4563 dum
897 4518 1148 4561 mortuus
1172 4515 1276 4560 est.
1313 4524 1333 4554 ι
1367 4504 1578 4569 Quibus
1608 4502 1790 4556 verbis
1825 4509 2092 4569 tyrannus
2144 4513 2315 4550 exau-

2407 3314 2481 3352 σι⁸
2520 3301 2613 3350 καὶ
2639 3296 2696 3359 ὃς
2730 3296 2929 3348 αὔτικα
2962 3296 3235 3361 περιφανῆ
3256 3291 3355 3362 τὴν
3370 3291 3573 3344 εἴσοδον
3602 3291 3658 3352 ἐς
3695 3288 3994 3351 Βυζάντιον

2405 3390 2613 3456 τίθησι,
2649 3385 2851 3456 χρυσὸν
2897 3382 3165 3436 πάντοθεν
3196 3382 3446 3445 ὐετίζων,
3503 3379 3755 3445 ἀγάλλων
3790 3376 3999 3440 Βυζαν-

2408 3485 2557 3543 τίους
2587 3479 2875 3548 ἐπεισοδίῳ
2911 3480 2975 3545 τῇ
3016 3479 3225 3545 χάριτι.
3260 3475 3491 3527 Ἔπειτα
3528 3472 3587 3525 δὲ
3619 3473 3710 3524 καὶ
3737 3471 3839 3538 τὴν
3890 3487 3997 3536 γα-

2415 3578 2585 3647 μετὴν
2615 3574 2873 3628 Λεοντίαν
2916 3572 3175 3637 ἐπιφανεῖ
3222 3568 3481 3638 θριάμϐῳ
3510 3564 3862 3634 ἀναγορεύει,
3902 3564 4002 3616 καὶ

2415 3674 2644 3744 μετάγει
2667 3668 2801 3735 πρὸς
2821 3667 2889 3717 τὰ
2920 3665 3191 3734 βασίλεια.
3261 3659 3720 3713 Χαλεπαινόντων
3759 3657 3817 3711 δὲ
3858 3660 4001 3727 πρὸς

2408 3764 2670 3835 ἀλλήλους
2695 3760 2801 3812 τῶν
2829 3758 3038 3827 δήμων,
3074 3754 3362 3815 ἰδιωτικῶς
3384 3751 3559 3814 οὕτως
3588 3753 3769 3804 εἰπεῖν
3799 3751 4002 3819 ἅτερος

2411 3857 2629 3923 λέγεται
2658 3869 2675 3882 ⁸
2711 3871 2728 3901 ι
2763 3851 3004 3917 ’λ’παγε,
3036 3848 3172 3917 μάθε
3222 3845 3321 3916 τὴν
3366 3845 3709 3899 κατάστασιν
3740 3858 3755 3872 ⁸
3790 3843 4004 3911 διαυρὶ-

2417 3967 2532 4008 κιος
2569 3946 2677 4015 γὰρ
2739 3944 2837 3995 οὐκ
2879 3941 3169 3993 ἀπέθανεν.
3212 3959 3231 3989 ι
3269 3934 3370 3989 Ὧν
3423 3936 3717 3996 διακούσας
3746 3936 3773 3985 ὁ
3801 3933 4005 4002 τύραν-

2412 4059 2521 4101 νος,
2555 4040 2675 4091 τότε
2713 4037 2808 4103 μὲν
2839 4036 3008 4087 ἔπαυε
3070 4029 3513 4084 καθυλακτοῦντα
3564 4029 3632 4080 τὰ
3666 4028 3845 4095 πλήθη
3883 4039 3897 4053 ⁸
3934 4028 4002 4094 τῇ

2414 4135 2469 4185 δέ
2512 4131 2741 4199 ἐπιούσῃ
2765 4128 2900 4196 πρὸς
2928 4128 3021 4179 τὸν
3051 4124 3364 4194 Μαυρικὶου
3386 4122 3548 4190 φόνον
3582 4117 4003 4189 ἐξεϐακχεύετοέ

2433 4224 2677 4278 Ἐκεῖθεν
2699 4222 2885 4275 τοίνυν
2916 4218 3077 4272 αὐτὸν
3122 4216 3339 4283 σύναιμα
3373 4214 3598 4283 γυναικὶ
3646 4211 3739 4263 καὶ
3786 4210 4003 4271 τέκνοις

2420 4314 2741 4383 ἀναγαγὼν,
2776 4314 2872 4366 καὶ
2902 4309 3189 4365 Θεοδοσίου
3231 4312 3504 4371 συνόντος,
3530 4308 3648 4367 ταῖς
3690 4304 3791 4371 τῆς
3837 4301 4008 4353 ποδά-

2421 4426 2561 4479 γρας
2596 4409 2688 4459 καὶ
2716 4407 3021 4475 χειράγρας
3052 4400 3428 4472 περιωδινίαις
3464 4398 3816 4467 βαλλόμενον,
3857 4396 4010 4446 ἀντι-

2419 4503 2597 4572 πέραν
2626 4500 2726 4567 τῆς
2779 4495 3213 4559 Κωνσταντίνου,
3249 4492 3379 4545 ἔνθα
3408 4489 3753 4558 Χαλκηδόνος
3779 4488 3896 4539 ἐστι
3947 4484 4013 4537 τὸ

741 4604 890 4665 ditis,
918 4611 1031 4654 tum
1068 4599 1289 4669 quidem
1328 4595 1742 4649 multitudinem
1766 4593 2135 4645 oblatrantem
2161 4605 2305 4643 com-
2345 4602 2388 4655 υ

2345 4602 2388 4655 1)
2426 4596 2686 4662 πόλισμα,
2723 4591 2804 4652 εἰς
2835 4589 2924 4641 τὸν
2948 4587 3253 4655 Εὑτροπίου
3281 4582 3497 4653 λιμένα,
3529 4580 3724 4651 πρῶτα
3760 4577 3861 4647 μὲν
3882 4575 4012 4637 τοὺς

742 4696 955 4762 pescuit
985 4712 997 4745 :
1022 4702 1247 4764 postera
1286 4701 1468 4745 autem
1497 4688 1586 4742 die
1640 4696 1786 4741 totus
1816 4685 1883 4736 ad
1918 4685 2119 4737 cuidem
2158 4680 2312 4733 Mau-

746 4787 887 4849 ricii,
922 4786 1084 4839 veluti
1118 4785 1277 4837 furiis
1326 4780 1658 4851 quibusdam
1714 4784 1905 4844 raptus
1968 4782 2073 4827 est.
2127 4772 2315 4839 Itaque

745 4880 1038 4932 iilumlum
1063 4875 1317 4945 podagrae
1339 4884 1393 4927 et
1413 4873 1677 4940 chiragrae
1702 4870 1985 4922 doloribus
2003 4862 2316 4918 conflictan-

750 4970 878 5043 tem;
907 4989 973 5024 cx
997 4987 1064 5026 eo
1092 4987 1253 5041 quem
1291 4970 1533 5023 diximus
1565 4968 1713 5027 sinu,
1770 4979 1875 5015 una
1903 4976 2028 5015 cum
2088 4958 2319 5027 conjuge

745 5075 799 5117 et
827 5065 1033 5123 liberis,
1076 5064 1217 5117 inter
1251 5077 1390 5129 quos
1417 5062 1582 5113 etiam
1629 5053 1973 5110 Theodosius
2003 5067 2069 5104 ex
2124 5049 2321 5101 itinere

747 5156 1040 5223 legationis
1068 5163 1338 5205 retractus
1363 5161 1498 5213 erat,
1530 5163 1561 5202 e
1594 5152 1815 5217 regione
1845 5140 2319 5208 Constantinopoli

753 5249 845 5303 ubi
888 5244 1356 5300 Chalcedonensis
1381 5244 1573 5295 civitas
1614 5250 1721 5305 est,
1757 5239 1922 5309 862
1959 5239 2012 5290 in
2068 5232 2318 5301 Eutropii

753 5350 975 5408 portum
1045 5338 1342 5391 traduxit:
1396 5345 1453 5387 et
1498 5336 1735 5402 primum
1796 5332 1999 5384 liberos
2058 5328 2212 5395 ipsos
2267 5326 2321 5376 in

751 5438 1057 5499 conspectu
1110 5429 1279 5496 patris
1340 5429 1567 5489 occidit,
1647 5427 1702 5477 in
1762 5438 1997 5492 quorum
2055 5421 2325 5488 cujusque

755 5526 904 5579 cattle
936 5525 1097 5576 verba
1137 5522 1229 5575 illa
1263 5529 1415 5590 pater
1443 5519 1673 5587 protulit
1699 5532 1714 5568 :
1742 5516 1924 5569 Justus
1952 5530 2028 5573 es,
2083 5510 2326 5571 Domine,

755 5630 802 5672 et
828 5621 1035 5689 justum
1068 5618 1333 5686 judicium
1354 5626 1521 5666 tuum.
1554 5612 1763 5666 Deinde
1790 5625 1922 5663 vero
1945 5619 2001 5661 et
2033 5607 2147 5675 ipse
2173 5604 2329 5657 Mau-

759 5714 926 5768 ricius
954 5711 1321 5763 resectionem
1364 5708 1561 5775 capitis
1608 5705 1909 5765 sustinens,
1961 5703 2107 5755 ferro
2154 5710 2332 5751 casus

821 5889 895 5951 tl)
932 5887 1113 5942 Factio
1177 5886 1288 5939 hac
1328 5887 1656 5939 Venetorum
1707 5886 1831 5938 fuit.

2422 4686 2620 4744 παῖδας
2655 4684 2744 4736 ἐπ’
2783 4681 2940 4750 ὄψεσι
2982 4678 3078 4731 τοῦ
3133 4676 3338 4745 πατρὸς
3370 4674 3735 4741 ἀποσφάττει,
3790 4669 3875 4734 ἐφ’
3931 4668 4016 4721 ἐνὶΙ

2421 4777 2636 4845 ἑκάστῳ
2665 4772 2759 4825 τοῦ
2779 4771 2984 4840 πατρὸς
3014 4768 3357 4835 ἐπιλέγοντος
3383 4783 3396 4797 ⁸
3429 4765 3669 4827 Δίκαιος
3697 4760 3773 4822 εἴ,
3801 4758 4013 4826 Κύριε,

2424 4870 2518 4921 καὶ
2539 4868 2745 4919 δικαία
2770 4868 2808 4934 ἠ
2836 4866 3030 4932 κρίσις
3050 4848 3186 4917 ’σου
3221 4877 3235 4891 ⁸
3266 4863 3322 4923 ἐς
3346 4860 3571 4927 ὕστερον
3612 4857 3670 4909 δέ
3703 4855 3801 4907 καὶ
3847 4852 4017 4914 αὐτὸς

2426 4961 2616 5029 ξίφους
2655 4960 2909 5026 ἐντάφιον
2964 4957 3142 5009 εἶτουν
3207 4950 3587 5022 παρανάλωμα
3636 4948 3871 5017 γίνεται,
3911 4945 4018 5015 τὴν

2424 5049 2665 5119 ἐκτομὴν
2696 5048 2793 5115 τῆς
2847 5045 3093 5118 κεφαλῆς
3137 5044 3407 5107 ὑποστὰς,
3456 5036 4017 5110 προσεπιδιιξάμενος

2426 5143 2524 5211 τὴν
2552 5139 2748 5211 ἀρετὴν
2774 5140 2833 5191 ἐν
2863 5138 2942 5209 τῷ
2990 5137 3212 5208 μεγέθει
3242 5135 3343 5203 τῆς
3388 5131 3696 5202 συμφορᾶς.
3732 5128 3849 5198 Τῆς
3897 5127 4013 5196 γὰρ

2428 5236 2658 5305 τιθήνης
2689 5234 2797 5285 τῶν
2818 5231 3027 5284 παίδων
3056 5228 3115 5285 ἓν
3153 5226 3537 5294 ὑποκλεψάσης
3570 5222 3681 5275 τῶν
3715 5219 4017 5290 βασιλικῶν

2435 5327 2759 5397 μειρακίων,
2788 5324 2882 5379 καὶ
2916 5324 2975 5375 τὸ
3007 5322 3204 5388 ἐαυτῆς
3235 5318 3543 5385 ὑπομάζιον
3581 5315 3717 5384 πρὸς
3741 5312 3841 5379 τὴν
3872 5327 4018 5377 σφα-

2432 5422 2535 5489 γὴν
2589 5418 2941 5486 ἐκδιδούσης,
3008 5415 3101 5467 τὸν
3155 5411 3461 5480 Μαυρίκιον
3521 5404 3882 5476 παρεστῶτα,
3952 5402 4017 5452 τδ

2433 5512 2749 5581 ἀπόρρητον
2768 5509 2865 5576 τῆς
2897 5504 3217 5576 άποκρυὸῆς
3253 5504 3410 5569 λόγος
3469 5497 3857 5566 καταμηνύσω
3899 5495 4019 5555 τοῖς

2435 5601 2744 5669 φονευταῖς,
2772 5600 2846 5668 μὴ
2878 5598 3086 5649 δίκαιον
3106 5594 3462 5662 λογισάμενον
3493 5585 3633 5641 εἶναι
3658 5586 3818 5639 ἄλλον
3854 5582 4025 5634 κολά-

2437 5691 2965 5758 ζεσθαι,αὐτδνύπὸ
3004 5688 3139 5744 Θεοῦ
3182 5686 3618 5757 τιμωρούμενον.
3669 5672 3746 5732 Οὗ
3804 5676 3871 5746 δὴ
3924 5676 4024 5728 καὶ
