4262 6446
255 344 361 409 417

1109 348 1704 411 ΕΟΟιΕΞΙΛΞΤίΕμΕ
1748 347 2128 411 IIISTtml/E
2171 352 2313 412 LIB.
2362 350 2572 410 XVIII.

3403 350 3508 415 418

253 468 547 519 ἐνιέντων·
604 465 700 530 οὒς
732 467 928 529 Φωκᾶς
990 468 1459 538 εἰσπραττόμενος
1494 469 1588 529 τὰς
1644 469 1832 530 ποινὰς
1867 476 1906 527 Α

1825 476 1906 529 ;Α
1944 476 1997 519 ct
2058 464 2305 536 Ποδίιῖοοί
2366 467 2626 520 facinoris
2690 481 2880 537 poenas
2944 481 3206 529 sumens.
3270 477 3508 524 tormen-

253 558 365 610 τῶν
416 558 653 611 ἀνοσίων
707 559 885 625 ἔργων
916 560 1012 611 καὶ
1058 559 1331 627 πράξεων,
1366 560 1586 613 κολάσει
1633 560 1832 628 ὑπῆγε,

252 650 349 702 καὶ
380 651 482 717 τῆς
524 650 735 713 πόλεως
765 650 1018 720 ἧλαυνεν.
1056 654 1131 705 Οὐ
1167 651 1272 723 μὴν
1298 652 1353 704 δὲ
1391 652 1527 705 ἀλλὰ
1555 654 1647 705 καὶ
1673 652 1836 705 αὐτὸν

250 742 393 810 δῆτα
422 742 513 791 τὸν
549 742 703 811 ἱερέα
742 742 843 811 τῆς
876 744 1087 804 πόλεως
1131 743 1510 805 ’Λναστάσιον,
1542 743 1597 804 ὃς
1632 744 1837 813 Γρηγοο

256 836 377 901 ρίου
409 832 659 902 διάδοχος
686 827 775 902 ἦν,
818 834 1142 898 καθελόντες
1172 836 1267 889 τοῦ
1299 836 1512 904 θρόνου,
1544 836 1750 903 σχοῖνόν
1776 853 1835 887 τε

250 919 364 969 τῶν
419 918 600 971 ποδῶν
654 920 1013 990 ἑξαψάμενοι.
1048 923 1135 976 διὰ
1174 925 1273 992 τῆς
1330 926 1536 987 πόλεως
1581 924 1834 995 σύροντες

252 1008 477 1079 θανάτῳ
533 1012 811 1080 ἀσχήμονι
860 1014 1149 1067 ἐκδιδοῦσι.
1195 1016 1307 1085 Τὴν
1352 1018 1461 1083 γὰρ
1506 1018 1603 1085 τῆς
1655 1015 1836 1076 αἰδοῦς

251 1102 422 1166 φύσιν
486 1106 739 1174 μαχαίρᾳ
793 1106 1146 1173 διατεμόντες
1200 1111 1522 1178 συρομὲνῳ,
1568 1110 1707 1161 κατὰ
1742 1108 1836 1161 τοῦ

253 1197 531 1263 στόματος
584 1199 989 1252 ἑπιόἁλλουσιν.
1033 1201 1119 1260 Ἐς
1156 1201 1382 1268 ὕστερον
1432 1202 1506 1261 δὲ,
1561 1202 1752 1271 ὥσπερ
1783 1220 1835 1255 τι

249 1288 362 1340 τῶν
390 1289 871 1357 ὁλοκαυτωμάτων
921 1293 1288 1359 παρεδίδοσαν
1320 1294 1399 1362 τῷ
1448 1296 1615 1364 πυρί·
1668 1295 1834 1364 ἄνδρα

255 1381 425 1449 σοφίᾳ
474 1382 567 1433 καὶ
614 1384 783 1451 ἀρετῇ
834 1383 1228 1452 διαπρέποντα,
1265 1386 1481 1454 πρῶτόν
1516 1405 1573 1439 τε
1605 1388 1710 1438 τῶν
1737 1387 1837 1454 τῆς

262 1472 602 1539 Ἐκκλησίας
626 1474 918 1539 δογμάτων
947 1478 1302 1546 στοιχειωτήν
1324 1493 1338 1509 ο
1367 1479 1537 1531 πολλά
1568 1497 1623 1531 τε
1642 1479 1832 1547 ηβιδλία

249 1565 319 1631 τῇ
366 1562 670 1633 Ἐκκλησία
708 1563 1160 1618 καταλελοιπότα.
1208 1566 1410 1619 Τούτου
1461 1569 1552 1621 καὶ
1588 1571 1618 1637 ἡ
1654 1569 1837 1636 βίὸλος

246 1656 281 1723 ἢ
328 1654 585 1721 Ὀδηγύς
635 1654 809 1723 δνομα
850 1656 1027 1725 ἔσχεν,
1080 1657 1134 1708 οἵ
1180 1675 1239 1709 τε
1277 1660 1394 1727 ὅροι
1426 1660 1532 1713 τῶν
1576 1663 1673 1729 τῆς
1717 1664 1836 1715 Ἐκ-

244 1748 479 1816 κλητίας
521 1746 833 1813 δογμάτων,
878 1749 971 1801 καὶ
1010 1749 1145 1802 ἄλλα
1177 1751 1347 1805 πολλά
1372 1768 1386 1783 ⁶
1424 1752 1516 1805 καὶ
1562 1756 1590 1806 ὁ
1628 1755 1707 1812 είς
1739 1755 1830 1807 τὸν

243 1840 412 1891 ἕκτον
445 1839 675 1908 Ψαλμδν
728 1840 886 1907 λόγος
919 1844 1040 1903 ταῖς
1090 1842 1368 1896 εἰσὸἀσεσι
1412 1847 1519 1897 τῶν
1572 1846 1836 1914 νηστειῶν

246 1931 530 1993 ὲκδοθείς·
578 1932 703 2000 ἐμοὶ
738 1928 783 1983 δ’
816 1935 1060 2001 ἐντυχεῖν
1097 1934 1309 1999 ἐγένετο
1356 1936 1447 1988 καὶ
1492 1936 1635 2005 λόγῳ
1670 1937 1837 1989 αὑτοῦ

244 2024 307 2075 δν
338 2025 477 2093 πρὸς
523 2025 817 2094 ’Λντιοχεῖς
839 2024 1081 2094 ἔγραψεν
1105 2028 1423 2097 εἰσιτήριον,
1456 2029 1546 2081 καὶ
1568 2031 1839 2099 εἰρηνικὸν

244 2116 463 2184 ἕτερον,
502 2116 590 2167 διὰ
622 2117 790 2183 τριῶν
833 2117 928 2167 καὶ
966 2115 1136 2168 εἴκοσι
1167 2118 1303 2169 ἐτῶν
1364 2118 1519 2182 αὖθις
1552 2122 1839 2188 ἐπανήκων

245 2210 345 2261 ἐπὶ
376 2210 469 2260 τὸν
503 2209 716 2276 θρόνον,
752 2209 1062 2277 Μαυρικίου
1095 2210 1189 2279 τὴν
1216 2210 1515 2280 ἡγεμονίαν
1546 2210 1835 2273 ίθύνοντος·

244 2300 307 2351 δν
333 2300 399 2367 δὴ
433 2300 529 2351 καὶ
562 2301 619 2349 ἐν
649 2300 726 2367 τῷ
753 2300 897 2369 λόγῳ
925 2300 1163 2371 ἐξαίρει·
1202 2304 1296 2353 καὶ
1318 2303 1389 2364 ὡς
1422 2301 1517 2368 τῆς
1545 2302 1836 2370 ὑπερορίου

251 2393 543 2461 ἀνεκλήθη
588 2393 791 2462 φυγῆς.
821 2394 1010 2464 Τούτῳ
1043 2394 1105 2463 δὴ
1150 2395 1229 2463 τῷ
1272 2394 1628 2464 ’Λναστασίιιῃ
1662 2395 1749 2446 διὰ
1779 2398 1837 2447 τδ

244 2488 307 2538 ὲν
339 2488 548 2555 Σιναίῳ
597 2488 1005 2555 φιλοσοφῆσαι,
1050 2489 1147 2541 καὶ
1184 2488 1277 2540 τοῦ
1333 2490 1681 2557 φρονήματος
1736 2486 1837 2553 τῆς

244 2583 457 2651 σαρκὸς
510 2582 690 2633 ἐκεῖσε
746 2582 1193 2649 κατακρατήσαι,
1248 2582 1342 2633 καὶ
1393 2582 1649 2649 Σιναῖτης
1691 2581 1837 2633 ἐστιν

244 2673 573 2740 ἐπώνυμον.
607 2672 715 2723 Καὶ
747 2672 775 2722 δ
811 2671 910 2740 μὲν
940 2670 1113 2740 δήμου
1143 2672 1430 2738 γενόμενος
1458 2671 1837 2739 παρανάλωμα

244 2765 505 2818 ἀπεδίω·
547 2765 688 2832 μετὰ
731 2764 787 2816 δὲ
840 2763 1029 2816 τοῦτον
1076 2763 1171 2831 ετη
1212 2762 1268 2827 ς’
1304 2762 1704 2831 διαπρέψαντα,
1738 2761 1837 2829 τὴν

245 2860 349 2925 τῆς
404 2857 687 2924 Ἀντιόχου
725 2856 1092 2924 ποιμαντικὴν
1136 2854 1489 2916 Ἀναστάσιος
1519 2855 1701 2922 ἔτερος
1731 2855 1839 2905 διε-

244 2951 461 3019 δέχετο.
499 2950 612 3016 [ip-5
640 2948 697 3000 δὶ
732 2948 927 2999 τούτου
971 2948 1063 2999 καὶ
1114 2946 1391 3015 Κυριακὸς
1422 2946 1449 2996 ό
1488 2948 1588 3013 τῆς
1635 2944 1840 3013 βασιλί-

242 3043 335 3104 δος
357 3042 665 3101 ἐπίσκοπος
709 3040 991 3092 ἑνδέκατον
1026 3038 1142 3100 ἔτος
1172 3041 1236 3107 τῇ
1277 3037 1519 3105 {sparsiq
1549 3036 1837 3105 ἐνδιαπρέ-

242 3137 382 3201 ςνας,
416 3133 596 3202 Θωμᾷ
629 3134 720 3185 τὸν
757 3134 945 3202 θρόνον
978 3132 1409 3199 καταὶιμπάνει.
1462 3131 1555 3192 ’ος
1592 3129 1836 3190 διάκονος
1863 3156 1909 3215 η

246 3226 349 3276 καὶ
385 3225 749 3292 σακελλάριος
799 3225 896 3292 τῆς
961 3222 1291 3290 Ἐκκλησίας
1341 3219 1716 3288 καθεστηκὼς,
1748 3221 1841 3271 ἐπὶ

245 3318 347 3369 τὸν
389 3317 586 3385 θρόνον
616 3314 796 3384 ἀνῄει.
834 3314 908 3365 Οὐ
944 3314 1107 3365 πλέον
1130 3314 1185 3365 δὲ
1209 3316 1241 3382 ἢ
1269 3313 1394 3382 τρία
1417 3313 1509 3379 ἐτη
1543 3312 1677 3382 πρὸς
1711 3312 1843 3380 μησὶ

246 3410 377 3461 δυσὶ
415 3409 512 3459 καὶ
565 3403 721 3468 οὗτος
776 3406 1154 3475 ίερασὰμενος,
1196 3405 1277 3473 τῷ
1335 3403 1587 3455 δυσσεὸεῖ
1634 3404 1841 3472 Σεργίῳ

249 3502 349 3554 τοῦ
379 3502 575 3571 θρξνου
640 3501 985 3567 παραχωρεῖ,
1031 3499 1122 3548 τὸν
1168 3496 1423 3563 μέγιστον
1480 3491 1627 3548 οἶκον
1657 3495 1842 3563 δειμά-

253 3612 424 3665 μενος
460 3593 539 3663 τῷ
569 3591 937 3660 ὲπισκοπείῳ·
968 3590 1027 3652 ὃς
1060 3590 1123 3640 το
1162 3590 1257 3641 τοῦ
1297 3588 1674 3656 δομησαμένου
1709 3588 1840 3655 κλη-

256 3688 590 3757 ρωσάμενος
619 3684 818 3751 ὄνομα,
850 3682 1141 3750 Θωμαϊτης
1172 3683 1229 3742 ἐς
1264 3682 1423 3749 δεῦρο
1454 3680 1513 3731 τὸ
1552 3679 1840 3747 ἐπώνυμον

249 3786 441 3852 ἔσχεν.
493 3781 553 3832 Ὀ
583 3780 641 3831 δὲ
675 3778 898 3846 Σέργιος
932 3776 1179 3834 διάκονος
1227 3772 1325 3843 μὲν
1373 3773 1473 3840 τῆς
1515 3772 1837 3841 Ἑκκλησίας

250 3874 641 3941 καθειστήκει,
701 3872 765 3921 ὲκ
807 3868 997 3935 Σύρων
1046 3866 1141 3917 καὶ
1205 3865 1531 3918 Ἰακωόιτῶν
1588 3864 1687 3933 τὴν
1742 3862 1838 3916 τοῦ

250 3968 453 4034 γένους
486 3964 667 4017 ἕλκων
693 3961 904 4031 σειράν.

841 4117 1092 4171 ΚΕΦΑΑ.
1127 4115 1260 4169 ΜΕ’.

244 4241 392 4309 Περὶ
445 4238 569 4291 τῶν
595 4233 743 4314 μετὰ
778 4233 894 4311 rip:
921 4228 1175 4314 (Heinr-6'
1205 4237 1303 4314 καὶ
1338 4226 1381 4281 ε’
1421 4228 1689 4314 σύηοδον
1749 4245 1837 4299 τε-

427 4300 790 4378 τενηλιένων
821 4301 894 4370 τῇ
937 4300 1269 4368 Ἐκκλησία
1304 4300 1683 4368 σχισμάτων.

318 4427 420 4488 Τίς
471 4424 533 4476 δὲ
578 4420 737 4482 οὗτος
806 4415 1090 4479 Ἰάκωϐος,
1149 4414 1208 4478 ἐξ
1246 4414 1307 4467 οὗ
1369 4415 1464 4467 καὶ
1530 4414 1837 4467 Ἰακωῦῖται

246 4522 615 4591 παρωνύμως
646 4513 976 4580 ἐκλήθησαν,
1005 4507 1216 4561 δίκαιον
1247 4506 1325 4576 τῷ
1363 4507 1507 4576 λόγῳ
1534 4505 1835 4568 διαλαϐεῖν,

246 4614 343 4666 καὶ
362 4613 469 4664 ὅσα
488 4607 660 4673 ἔτερα
678 4606 746 4674 τῇ
782 4596 1071 4671 συγγραφῇ
1104 4599 1555 4669 παραλέλειπται.
1596 4599 1836 4650 Ἀνωθεν

246 4708 301 4759 δὲ
341 4702 663 4772 ἀρξάμενος
708 4696 1063 4765 διηγήσομαι.
1105 4690 1375 4760 Εὑτυχοῦς
1402 4691 1495 4744 καὶ
1536 4690 1833 4758 Διοσκόρου

247 4799 352 4851 ὑπὸ
383 4797 491 4864 τῆς
517 4796 576 4845 ὲν
605 4788 911 4857 Χαλκηδόνι
954 4785 1118 4853 ἁγίας
1150 4784 1191 4836 δ¹
1221 4784 1662 4854 καθαιρεθέντων
1707 4799 1836 4833 συν-

244 4892 391 4953 όδου,
415 4890 468 4939 οἱ
506 4885 607 4953 τῆς
638 4881 861 4934 ἐκείνων
884 4877 1152 4945 δόγμασιν
1179 4876 1533 4944 ἀντεχόμενοι
1555 4874 1651 4942 τῆς
1675 4873 1837 4925 καθο-

245 4984 404 5052 λιχῆς
453 4976 793 5041 Ἐκκλησίας
832 4968 1061 5031 ἑαυτοὺς
1105 4968 1521 5036 ἀποστήσαντες
1555 4967 1832 5035 διακρινο-

254 5077 453 5144 μένους
489 5067 717 5144 ὲαυτους
742 5062 1162 5129 κατωνόμασαν,
1202 5059 1467 5127 μηδαμῶς
1493 5058 1832 5109 συντίθεσθαι

246 5140 358 5229 ἑοῖς
380 5162 565 5234 ὀρθῶς
598 5140 1011 5226 δογματισθεῐσι
1033 5155 1097 5222 τῇ
1135 5150 1266 5220 ἁγίᾳ
1301 5150 1565 5220 ᾑρημένοι
1589 5149 1792 5218 συνόδῳ
1816 5163 1830 5178 ⁸

245 5259 424 5313 οἱκαὶ
467 5257 553 5315 εἰς
594 5248 919 5303 δυοκαίδεκα
950 5246 1219 5313 τμήματα
1265 5242 1625 5313 διῃρέθησανο
1656 5241 1717 5305 ἐξ
1760 5235 1835 5294 ὧν
1880 5302 1893 5315 ⁸

243 5353 340 5405 καὶ
377 5349 584 5419 μυρίαι
621 5343 866 5411 αἱρέσεις
916 5338 1261 5404 ἐϐλάστησαν
1285 5348 1298 5363 ’
1335 5327 1409 5386 ὧν
1443 5334 1492 5384 οἱ
1527 5333 1627 5400 μὲν
1667 5333 1837 5385 Eia-cu.

240 5439 532 5514 χιανισταὶ
588 5431 1027 5500 ὠνομάσθησαν,
1079 5427 1372 5495 Διόσκορον
1428 5426 1523 5478 καὶ
1572 5425 1834 5494 Εὑτύχιον

246 5536 411 5604 μόνον
438 5529 730 5596 δεχόμενοι
752 5539 766 5553 ο
804 5522 854 5575 οἳ
878 5522 968 5573 τὸν
1000 5520 1234 5587 Χριστὸν
1262 5518 1617 5585 ἐδογμάτιζον
1644 5517 1839 5585 δμοούο

248 5644 358 5679 σιον
398 5624 505 5695 μὲν
538 5620 616 5687 τῷ
651 5616 847 5686 Πατρὶ,
882 5613 943 5665 οὐ
973 5612 1082 5682 μὴν
1107 5612 1163 5663 δὲ
1184 5611 1280 5663 καὶ
1303 5612 1439 5679 ἡμῖν
1462 5626 1474 5639 ·
1510 5605 1591 5671 οἷς
1618 5611 1691 5677 μὴ
1716 5627 1839 5661 συν-

246 5721 494 5772 τίθενται
534 5709 813 5775 σώζεσθαι
845 5710 902 5759 ἐν
933 5703 1161 5774 Χριστῷ
1202 5704 1302 5771 τὴν
1345 5706 1445 5772 τῆς
1485 5703 1836 5770 ἀνθρωπίνης

249 5811 515 5880 ἀλήθειαν
545 5804 787 5874 φύσεως.
817 5798 923 5852 Τοῦ
951 5798 1007 5850 δὲ
1040 5795 1305 5865 βασιλέως
1345 5796 1573 5855 Λέοντος
1608 5794 1663 5845 τὸ
1689 5794 1838 5862 βιοῦν

1944 557 2012 610 tis
2061 558 2347 621 subdidit,
2411 566 2571 626 atque
2629 559 2765 611 urbe
2833 559 3034 627 exegit.
3095 560 3175 613 Illi
3252 576 3380 613 vero
3452 572 3509 616 et

1940 648 2179 703 civitatis
2206 652 2325 720 ejus
2362 650 2662 704 antistitem
2702 650 3073 715 Anastasium,
3104 650 3353 721 Gregorii
3387 669 3493 707 suc-

1938 756 2238 803 cessorem,
2282 759 2311 797 e
2349 743 2551 796 throno
2595 758 2694 797 suo
2726 743 3099 807 deturbatum,
3142 743 3379 814 funeque
3415 761 3511 815 pe-

1938 833 2103 885 dibus
2157 832 2401 900 alligato,
2458 850 2554 901 per
2586 820 2773 887 urbem
2829 842 3080 899 tractum,
3133 834 3273 935 fm‘da
3334 848 3512 893 mortc

1938 922 2258 977 affecerunt.
2296 924 2837 992 Pudendas'namque
2880 934 3089 979 natura:
3140 922 3320 995 pa'rtes
3368 930 3513 983 inter

1942 1015 2263 1066 trahendum
2288 1029 2418 1067 ense
2446 1015 2678 1076 excisas,
2707 1016 2758 1067 in
2792 1032 2853 1069 os
2876 1016 2995 1084 ejus
3024 1016 3286 1086 injecere.
3309 1020 3507 1075 Postea

1940 1120 2069 1157 vero
2106 1106 2255 1158 illum
2316 1106 2544 1176 perinde
2577 1118 2739 1175 atque
2794 1109 3169 1163 holocaustum
3206 1111 3507 1180 quoddam,

1941 1196 2049 1265 igni
2089 1198 2362 1251 tradidere
2392 1216 2405 1251 :
2440 1200 2615 1253 virum
2648 1200 2917 1265 sapientia
2947 1210 3003 1255 et
3034 1200 3239 1256 virtute
3268 1203 3513 1271 prmcla-

1938 1303 2080 1346 rum,
2110 1287 2539 1356 primariumque
2570 1288 2882 1357 dogmatuin
2910 1289 3164 1344 Ecclesia
3192 1290 3472 1359 doctorem
3497 1308 3512 1345 :

1938 1380 2137 1446 quippe
2168 1378 2261 1447 qui
2304 1379 2712 1434 lucubrationes
2749 1381 2947 1434 multas
2975 1381 3153 1435 eidem
3207 1383 3511 1452 reliquerit.

1942 1469 2113 1537 Hujus
2158 1471 2295 1523 liber
2340 1481 2425 1524 est
2475 1474 2561 1524 cui
2595 1488 2791 1526 nomen
2832 1474 3085 1542 Ὀδηγδς,
3119 1474 3223 1527 hoc
3259 1484 3364 1536 est,
3403 1475 3515 1529 Via!

1942 1561 2075 1621 dux,
2113 1570 2166 1614 et
2214 1561 2472 1617 Ecclesia:
2518 1563 2830 1631 dogmatum
2868 1564 3234 1629 definitiones,
3296 1567 3515 1635 aliaque

1941 1663 2199 1721 praeterea
2234 1655 2423 1708 multa.
2480 1656 2612 1708 Item
2658 1655 2709 1707 in
2762 1667 2975 1710 sextum
3024 1658 3299 1712 Psaltnum
3349 1659 3513 1718 liber,

1943 1748 1994 1799 in
2037 1747 2283 1817 ingressu
2309 1750 2639 1818 jejuniorum
2675 1750 2876 1804 editus.
2911 1748 3019 1819 Ego
3041 1767 3172 1805 vero
3204 1751 3516 1805 orationem

1938 1839 2101 1890 etiam
2146 1839 2264 1908 ejus
2318 1840 2604 1908 quamdam
2642 1834 3287 1910 legi,"ad'Antiocheuos
3319 1842 3373 1895 in
3432 1842 3517 1894 in—

1942 1931 2106 1983 troitu
2150 1946 2249 1984 suo
2280 1932 2563 2000 scriptam,
2599 1943 2651 1987 et
2682 1916 3109 2002 paciﬁcatoriant
3144 1935 3327 1997 aliam,
3349 1948 3512 2002 quam

1940 2024 2197 2077 vicesimo
2226 2026 2384 2077 tertio
2412 2040 2555 2077 anno
2594 2026 2645 2077 in
2685 2028 2939 2078 thronum
2982 2041 3141 2079 suum
3176 2025 3514 2094 postliminio

1940 2131 2194 2169 reversus
2226 2118 2555 2186 composuit,
2579 2116 2842 2170 Mauricio
2880 2119 3171 2187 imperium
3191 2118 3512 2170 obtinente:

1938 2224 2099 2274 quem
2141 2210 2306 2261 etiam
2356 2211 2409 2263 in
2465 2226 2532 2263 eo
2582 2212 2811 2278 scripto,
2845 2210 2988 2278 quod
3029 2211 3096 2263 ab
3130 2211 3329 2265 exsilio
3360 2224 3515 2262 revo-

1936 2310 2089 2351 catus
2113 2301 2205 2362 sit,
2241 2298 2496 2354 laudibus
2520 2300 2696 2353 effert.
2724 2298 2861 2353 lluic
2897 2300 3200 2362 Anastasio,
3228 2310 3515 2367 propterea

1936 2390 2082 2459 quod
2113 2391 2165 2443 in
2200 2389 2379 2444 Simeo
2412 2400 2594 2444 monte
2632 2391 3051 2461 philosophatus
3084 2392 3175 2456 sit,
3202 2401 3257 2446 et
3288 2408 3508 2447 sensum

1938 2484 2011 2535 ibi
2072 2484 2252 2536 carnis
2299 2483 2597 2545 domuerit,
2647 2482 2872 2537 Sinaitm
2919 2499 3218 2551 cognomen
3276 2483 3513 2537 inditum

1935 2586 2038 2628 est.
2084 2577 2259 2643 Atque
2301 2575 2389 2628 ille
2437 2576 2659 2643 quidem
2713 2576 2766 2628 in
2804 2575 2992 2645 populi
3026 2576 3263 2629 tumultu
3295 2592 3515 2645 perem-

1938 2674 2082 2731 ptus,
2106 2664 2271 2717 vitam
2302 2664 2462 2718 finiit.
2490 2666 2618 2718 Post
2654 2680 2781 2718 eum
2806 2677 2988 2718 autem
3021 2681 3143 2720 cum
3173 2681 3267 2720 sex
3298 2666 3459 2719 annis
3485 2680 3515 2719 a

1938 2756 2118 2808 reditu
2157 2756 2209 2808 in
2250 2756 2571 2824 episcopatu
2614 2757 2945 2821 enituisset,
2985 2759 3257 2826 pastorale
3312 2774 3535 2821 munus,

1938 2846 2240 2899 Antiochiae
2274 2846 2595 2901 Anastasius
2625 2847 2764 2901 alter
2789 2858 3051 2917 suscepit.
3088 2850 3259 2919 868
3290 2850 3353 2904 Et
3385 2860 3515 2904 ante

1940 2938 2087 2991 hunc
2136 2936 2400 3007 Cyriacus
2448 2939 2638 3001 etiam,
2678 2940 3301 3011 ConstantinOpolitaute
3358 2944 3515 2997 urbis

1939 3030 2252 3099 episc0pus,
2280 3031 2534 3086 undecim
2567 3033 2728 3086 annis
2752 3033 2805 3086 in
2839 3049 2991 3087 saera
3022 3034 3303 3088 functione
3335 3044 3516 3090 trans-

1941 3121 2093 3183 actis,
2131 3123 2315 3175 sedem
2345 3137 2463 3175 eam
2520 3123 2743 3177 Thema:
2785 3124 3001 3191 reliquit
3047 3142 3061 3177 :
3094 3126 3185 3193 qui
3219 3127 3435 3180 diaconi
3462 3137 3517 3181 et

1946 3212 2217 3264 sacellarii
2244 3213 2295 3265 in
2320 3213 2557 3265 Ecclesia
2593 3229 2794 3267 munus
2819 3214 3037 3279 obiens,
3068 3216 3135 3269 ad
3173 3218 3514 3283 pontificium

1946 3300 2203 3353 thronum
2221 3300 2563 3354 conscendit.
2587 3302 2681 3357 llic
2710 3318 2841 3357 vero
2876 3306 3052 3357 tribus
3086 3311 3265 3369 annis,
3293 3318 3347 3359 et
3370 3310 3513 3360 duo-

1945 3394 2047 3448 bus
2076 3411 2184 3449 non
2222 3396 2457 3464 amplius
2485 3397 2767 3451 mensibus
2820 3413 2976 3453 sacro
3010 3414 3241 3455 munere
3271 3403 3512 3466 functus,

1944 3488 2111 3555 impio
2171 3487 2361 3557 Sergio
2409 3490 2541 3543 sede
2605 3491 2795 3545 cessit.
2832 3490 3072 3546 Thomas
3136 3495 3237 3547 iste
3288 3495 3511 3547 domum

1944 3574 2231 3628 maximam
2256 3579 2311 3628 in
2378 3576 2589 3631 :edibus
2624 3580 3029 3649 episcopalibus
3056 3584 3325 3636 exstruxit
3351 3600 3363 3635 :
3391 3600 3512 3653 qua:

1941 3667 2157 3732 domus,
2187 3683 2383 3721 nomen
2418 3684 2447 3722 a
2480 3669 2765 3724 conditore
2791 3686 2890 3725 suo
2938 3683 3248 3741 acceptum,
3299 3676 3351 3728 in
3403 3677 3507 3727 ho-

1942 3760 2193 3812 diernum
2226 3776 2397 3828 usque
2429 3761 2573 3815 diem
2638 3764 2841 3817 retinet
2868 3804 2881 3823 .
2916 3774 2971 3817 et
3007 3764 3313 3821 Thomaitis
3355 3782 3514 3821 voca-

1943 3862 2049 3904 tur.
2096 3852 2166 3904 At
2210 3850 2433 3919 Sergius
2482 3853 2745 3909 diaconus
2784 3855 3006 3925 quidem
3063 3858 3320 3913 Ecclesia!
3354 3860 3509 3916 fuit:

1941 3945 2035 3998 sed
2062 3960 2092 3999 a
2128 3944 2281 4016 Syris
2311 3959 2364 4002 et
2395 3947 2659 4003 Jacobitis
2686 3950 2901 4019 generis
2927 3951 3194 4021 originem
3221 3956 3402 4007 traxit.

2519 4122 2741 4180 CAPUT
2790 4124 2951 4179 XLV.

1944 4234 2017 4287 De
2066 4234 2429 4290 schismatibus
2495 4254 2651 4313 quas
2688 4249 2801 4313 post
2843 4253 3103 4313 quartam
3162 4251 3212 4296 et
3270 4246 3509 4313 quintam

2070 4316 2308 4360 sanctam
2338 4309 2597 4377 synodum
2636 4310 2689 4361 iu
2729 4309 3372 4383 Ecclesiamirrepsenint.

2010 4420 2145 4484 Quis
2176 4435 2308 4474 vero
2352 4420 2586 4475 Jacobus
2639 4422 2740 4477 iste
2801 4422 2987 4491 fuerit,
3039 4426 3184 4480 unde
3247 4428 3513 4484 Jacobitae

1942 4528 2142 4566 nomen
2174 4522 2523 4582 acceperunt,
2550 4523 2604 4566 et
2628 4515 2733 4568 alia
2755 4526 3017 4584 praeterea
3042 4534 3163 4587 qua
3192 4521 3245 4573 in
3282 4520 3517 4577 historia

1942 4603 2044 4657 hac
2070 4604 2269 4657 omissa
2305 4613 2450 4666 sunt,
2490 4620 2707 4672 requum
2736 4622 2857 4661 esse
2885 4617 3018 4676 puto
3041 4619 3100 4663 ut
3130 4610 3223 4664 hic
3254 4612 3508 4666 referam.

1942 4697 2121 4751 Altius
2144 4706 2324 4749 autem
2370 4698 2739 4751 narrationem
2784 4709 2985 4768 petant.
3019 4702 3312 4771 Postquam
3349 4704 3516 4775 Euty-

1942 4787 2088 4841 cheti
2136 4796 2190 4840 et
2244 4785 2505 4840 Dioscoro
2538 4802 2567 4838 a
2611 4799 2795 4841 sancta
2830 4801 3026 4859 quarta
3076 4793 3518 4849 Chalcedonensi

1944 4880 2153 4947 synodo
2182 4878 2421 4945 dignitas
2450 4880 2708 4947 abrogata
2752 4892 2857 4943 est,
2888 4882 2981 4949 qui
3017 4883 3234 4936 illorum
3259 4884 3511 4955 dogmata

1942 4971 2331 5030 defenderunt.
2355 4972 2493 5024 facta
2520 4972 2587 5024 ab
2611 4973 2852 5026 Ecclesia
2883 4976 3145 5028 catholica
3180 4976 3507 5043 defectione,

1944 5064 2413 5131 διακρινομένους,
2438 5064 2537 5115 hoo
2562 5076 2665 5126 ρει,
2684 5075 2997 5133 segregatos
3015 5068 3128 5119 sive
3154 5068 3511 5137 ambigentes,

1944 5156 2155 5224 seipsos
2187 5155 2528 5224 appellarunt
2553 5171 2565 5207 :
2587 5171 2765 5224 neque
2804 5158 2913 5227 ullo
2938 5158 3121 5222 modo,
3146 5170 3341 5227 utquw
3368 5170 3519 5212 recte

1940 5248 1999 5302 in
2017 5248 2248 5302 concilio
2275 5257 2464 5300 sancto
2499 5256 2698 5300 statuta
2724 5242 2927 5311 essent,
2956 5250 3395 5317 comprobarent,
3419 5251 3517 5303 ad-

1944 5341 2069 5393 duci
2090 5348 2338 5407 potuere.
2365 5339 2403 5391 li
2434 5340 2487 5392 in
2509 5333 2798 5417 duo'deciui
2823 5352 2999 5393 sectas
3024 5341 3243 5395 dissecti
3264 5351 3391 5394 sunt
3412 5360 3424 5403 ;
3449 5358 3517 5394 ex

1946 5431 2150 5500 quibus
2177 5431 2345 5483 multa
2376 5432 2541 5483 millia
2577 5432 2848 5483 lueresum
2888 5433 3249 5500 pullularunt.
3276 5432 3352 5485 Ex
3381 5448 3517 5500 qua-

1950 5538 2067 5574 rum
2084 5522 2448 5575 sectatoribus
2465 5523 2685 5589 quidam
2707 5521 3131 5575 Eutvchianistm
3156 5516 3354 5587 vocati,
3370 5523 3516 5611 quod

1951 5615 2268 5667 Dioscorutu
2304 5623 2511 5665 tantum
2536 5624 2592 5666 et
2636 5612 2987 5683 E'utyehetern
3037 5615 3383 5683 reciperent:
3423 5614 3518 5683 qui

1948 5705 2223 5755 Christqu
2279 5701 2589 5756 docuerunt
2639 5696 2779 5756 Patri
2822 5694 3044 5771 quidem
3077 5705 3522 5758 consubstantia-

1951 5797 2054 5847 lem
2089 5808 2231 5858 esse,
2269 5791 2430 5846 nobis
2473 5809 2647 5848 amem
2729 5778 2936 5847 uimine
2979 5814 2991 5847 :
3028 5807 3313 5866 pmptere.l
3369 5794 3523 5865 quod
