4262 6446
715 460 809 519 li?

1920 439 2328 501 NlCEi‘llOi‘tl
2379 434 2715 494 CHLISTI

3834 425 3940 488 4⁵20

710 570 869 623 nobis
921 565 1028 620 non
1081 561 1496 619 assentiuntur,
1532 570 1718 610 vet-am
1776 566 1897 607 esse
1945 552 1999 604 in
2048 549 2266 604 Christo
2298 556 2329 608 Α

2375 544 2837 613 μεταλλάξαντος,
2893 537 3134 608 Ζήνωνός
3182 552 3240 589 τε
3297 537 3388 588 καὶ
3432 534 3786 587 ’Λναστασίου
3843 535 3944 604 τὴν

709 663 1004 715 humanam
1068 668 1315 709 naturam
1372 647 1777 718 proﬁtentibus.
1832 646 2126 709 Postquam
2173 654 2270 691 au-

711 765 817 807 tem
847 753 1149 818 imperator
1188 746 1296 797 Leo
1349 743 1494 795 diem
1549 754 1708 793 suunt
1737 737 1894 798 obiit,
1925 744 2089 802 atque
2121 731 2268 784 Zeno

708 853 767 897 et
821 838 1134 894 Anastasius
1161 832 1398 901 'imperii
1445 828 1973 884 administrationem
2016 837 2274 890 suscepe-

711 943 858 996 runt,
877 926 1345 998 quammaximam
1364 925 1669 976 libertatem
1701 918 1803 972 sibi
1835 918 1929 986 qui
1955 925 2164 982 quartae
2188 929 2274 982 sy—

711 1020 854 1072 nodo
893 1017 1232 1077 restiterunt,
1273 1024 1628 1080 usurpavcre.
1669 1007 1889 1058 'Eodetn
1947 1014 2190 1069 tempore
2219 1009 2274 1054 et

713 1110 988 1177 Acepltali,
1025 1120 1258 1175 quorum
1302 1103 1412 1155 dux
1459 1101 1699 1154 Severus
1743 1097 2119 1151 Attlim‘ltenus
2150 1093 2273 1153 fuit.

713 1214 874 1250 unant
906 1196 1064 1252 Verbi
1103 1204 1157 1248 et
1182 1194 1360 1247 carnis
1393 1200 1641 1244 naturam
1692 1188 1832 1240 male
1864 1185 2220 1254 prmdicantes
2257 1197 2271 1232 :

713 1295 767 1337 et
801 1295 1067 1352 praeterea
1109 1281 1502 1340 Jacobitarum,
1540 1277 2071 1334 Theodosianorum,
2109 1272 2279 1327 Julia-

716 1376 1005 1432 nistarum,
1025 1380 1076 1423 et
1096 1369 1458 1437 plurimorum
1478 1367 1710 1420 aliorum
1744 1374 1998 1426 catervas,
2017 1364 2279 1416 Ecclesiae

713 1447 1196 1530 in‘sultaruntfqui
1232 1458 1625 1536 MonOplty‘sita:
1658 1457 1916 1524 appellati
1957 1464 2109 1517 sunt,
2132 1455 2276 1521 quod

717 1571 880 1606 unaut
910 1551 1071 1605 Verbi
1090 1551 1343 1604 etcarnis
1367 1559 1612 1602 naturam
1637 1545 2098 1615 postineﬂabilem
2125 1545 2281 1598 unio-

719 1661 840 1699 nem
879 1647 929 1696 itt
966 1644 1184 1698 Christo
1221 1658 1341 1696 esse
1377 1641 1615 1695 sentiant
1643 1647 1698 1693 et
1728 1639 1977 1693 doceant.
2019 1637 2184 1707 869
2216 1635 2280 1690 lli

719 1755 849 1790 vero
881 1737 1135 1803 Aeephali
1171 1744 1298 1789 sunt
1328 1731 1615 1790 nominati.
1644 1733 1732 1798 qni
1765 1731 2078 1784 henoticnm
2104 1731 2282 1783 Zeno-

722 1832 811 1888 nis
850 1828 1196 1904 imperatoris
1232 1825 1520 1894 scriptum,
1554 1839 1661 1892 quo
1682 1824 1892 1878 scilicet
1919 1823 1983 1876 ad
2024 1824 2280 1877 unionem

721 1921 987 1976 ecclesias
1008 1918 1308 1985 perducere
1333 1915 1528 1977 voluit,
1553 1921 1840 1981 propterea
1867 1913 2014 1981 quod
2047 1913 2136 1966 ille
2165 1929 2290 1966 san-

725 1989 870 2064 ctam
897 2017 1145 2076 quartam
1165 2006 1427 2076 synodum
1448 2004 1781 2057 anathemati
1814 2019 1919 2057 non
1944 2003 2290 2074 subjecisset,

725 2101 950 2169 minime
977 2106 1321 2167 receperunt.
1343 2096 1603 2172 Acephali
1631 2103 1814 2149 autent
1837 2093 1907 2146 ob
1927 2109 2046 2148 eam
2072 2110 2291 2149 causam

725 2193 858 2245 dicti
892 2199 1040 2253 Sunt,
1067 2189 1211 2258 quod
1240 2187 1342 2241 sub
1363 2180 1636 2256 episcopis
1660 2202 1767 2240 non
1801 2185 2024 2240 luerint.
2056 2184 2295 2240 Proinde

708 2287 996 2354 episcopis
1024 2293 1079 2338 et
1102 2284 1476 2337 sacerdotibus
1504 2283 1646 2350 apud
1676 2298 1772 2335 eos
1800 2282 2094 2343 defunctis,
2119 2298 2323 2352 neque.

730 2379 1034 2446 baptismus
1089 2378 1241 2445 juxta
1286 2374 1585 2427 solemnem
1628 2382 1684 2426 et
1722 2383 2003 2442 receptum
2043 2374 2300 2428 Ecclesia

733 2486 937 2524 morem
958 2472 1096 2537 apud
1117 2483 1211 2521 eos
1229 2466 1293 2520 ad
1305 2466 1665 2529 ministratus,
1679 2481 1860 2534 neque
1879 2466 2081 2522 oblatio
2097 2477 2191 2520 aut
2214 2481 2300 2521 res

730 2564 910 2631 aliqua
947 2563 1130 2614 divina
1167 2560 1331 2620 facta,
1376 2557 1810 2610 ministeriuntve
1842 2558 2298 2620 ecclesiasticum,

732 2654 893 2706 siculi
950 2666 1066 2704 mos
1126 2657 1246 2712 est,
1297 2647 1632 2700 celebratum
1688 2657 1792 2699 est.
1846 2644 2298 2699 Communiooem

731 2759 865 2796 vero
900 2744 976 2794 illi
1012 2757 1040 2794 a
1074 2741 1310 2808 plurinto
1350 2746 1596 2805 tempore
1641 2747 1974 2789 asservatant
2012 2737 2300 2802 habentes,

735 2835 889 2889 leriis
918 2833 1266 2901 paschalibus
1297 2833 1351 2910 in
1385 2830 1785 2883 minutissimas
1829 2829 2054 2881 incisam
2097 2841 2300 2897 partes,

735 2925 1188 2979 convenientibus
1239 2912 1321 2974 ad.
1366 2936 1424 2975 se
1482 2920 1801 2973 hominibus
1849 2921 2136 2973 dederunt.
2184 2918 2305 2985 Quo

738 3025 981 3080 tempore
1037 3025 1198 3079 quam
1249 3009 1480 3077 quisque
1533 3009 1831 3072 voluisset,
1887 3009 2140 3077 placitam
2202 3009 2306 3064 sibi

736 3101 984 3154 sumebat
1020 3108 1369 3166 potestatem.
1415 3100 1477 3152 Et
1517 3107 1805 3168 propterea
1851 3100 1998 3168 quod
2051 3100 2303 3170 quilibet,

2378 635 2650 704 βασίλειον
2705 632 2879 700 ἀρχὴν
2952 627 3424 696 ὑποξωσνμένων,
3487 627 3803 696 παρρησίαν
3861 627 3944 677 ὅτι

2377 727 2639 795 πλείστην
2669 727 2715 777 oi
2744 724 2810 775 δι’
2844 721 3091 782 ἐναντίας
3141 719 3284 771 οὗτοι
3319 722 3382 787 τῇ
3430 718 3468 770 δ’
3525 719 3726 784 συνόδῳ
3775 717 3945 778 ἰόντες

2378 821 2706 889 ἐλάμϐανον.
2753 814 3071 886 Τηνικαῦτα
3107 813 3163 866 δὲ
3215 813 3308 864 καὶ
3354 812 3414 862 τὸ
3444 808 3552 860 τῶν
3607 807 3944 882 Ἀκεφάλων,

2376 905 2450 963 ὧν
2490 908 2802 978 προστάτης
2853 907 2878 956 ό
2932 903 3030 970 τῆς
3092 902 3364 969 Ἀντιόχου
3415 897 3654 969 Σευῆρος
3707 898 3947 963 ἐγένετο,

2383 1001 2511 1069 μίαν
2543 997 2705 1067 φύσιν
2730 994 2823 1047 τοῦ
2853 995 3032 1061 Λόγου
3057 992 3150 1045 καὶ
3175 994 3273 1060 τῆς
3297 991 3498 1059 σαρκὸς
3533 988 3718 1050 κακῶς
3739 990 3948 1056 δογμα-

2380 1093 2568 1154 τίζων,
2607 1090 2698 1140 καὶ
2729 1087 2787 1139 τὸ
2811 1086 2919 1137 τῶν
2963 1083 3317 1146 Ἰακωὸιτῶν,
3352 1080 3720 1134 Θεοδοσιανῶν
3752 1095 3810 1132 τε
3854 1079 3952 1130 καὶ

2395 1178 2811 1244 Ἰουλιανιστῶν,
2844 1179 2936 1231 καὶ
2967 1177 3170 1246 ἑτέρων
3204 1175 3473 1226 πλείστων
3501 1175 3688 1240 στῖφος
3713 1174 3780 1240 τῇ
3827 1170 3952 1223 Ἐκ-

2385 1276 2585 1345 κλησίᾳ
2618 1275 2908 1342 εἱσέφρησε
2935 1289 2948 1302 '

2386 1369 2480 1422 ἆτε
2497 1368 2560 1438 δὴ
2589 1368 2715 1437 μίαν
2737 1366 2902 1435 φύσιν
2931 1364 3024 1415 τοῦ
3052 1364 3224 1430 Λόγου
3240 1362 3452 1430 καὶτῆς
3478 1361 3677 1442 σαρκὸς
3701 1359 3838 1428 μετὰ
3854 1357 3954 1425 τὴν

2386 1461 2623 1531 ἄρρητον
2653 1459 2846 1511 ἕνωσιν
2878 1455 3271 1524 πρεσϐεύοντές
3291 1470 3350 1504 τε
3393 1452 3488 1504 καὶ
3511 1451 3951 1519 δογματίζοντες·

2388 1549 2434 1600 ei
2470 1549 2525 1599 δὲ
2559 1545 2848 1612 Ἀκέφαλοι
2880 1543 3222 1611 ὠνομάζοντο
3243 1558 3256 1571 ο
3282 1541 3330 1593 οἳ
3366 1541 3426 1591 τὸ
3454 1538 3709 1590 tvm:me
3733 1537 3828 1589 τοῦ
3858 1537 3959 1604 βα-

2391 1641 2584 1701 σιλέως
2604 1640 2846 1705 Ζήνωνος
2881 1637 2942 1687 οὐ
2969 1634 3277 1702 προσίεντο,
3307 1630 3387 1690 οἷς
3419 1630 3492 1700 μὴ
3521 1630 3600 1695 τῷ
3647 1629 3956 1696 ἀναθέματι

2391 1733 2483 1784 καὶ
2528 1730 2628 1800 τὴν
2662 1730 2825 1795 ἁγίαν
2877 1727 2919 1778 δ’
2971 1724 3319 1778 καθυπέὸαλε
3382 1723 3622 1776 σύνοδον.
3674 1723 3772 1774 Διὰ
3806 1721 3863 1772 δὲ
3893 1722 3957 1772 τὸ

2999 1272 3049 1323 οἳ
3095 1271 3187 1323 καὶ
3217 1271 3590 1336 Μονοφυσῖται
3617 1267 3950 1336 ἐκλήθησαν,

2324 1859 2363 1910 Β
2393 1825 2495 1875 ὑπὸ
2529 1823 2848 1882 ἐπισκόποις
2885 1819 2959 1889 μὴ
2992 1817 3247 1886 ἄγεσθαι,
3288 1815 3576 1882 ’Δκέφαλοι
3626 1813 3957 1882 ὠνομάσθη-

2397 1932 2516 1967 σαν.
2562 1913 2756 1964 Ἔνθεν
2788 1928 2870 1963 τοι
2902 1911 2996 1962 καὶ
3022 1909 3131 1961 τῶν
3161 1907 3290 1976 παρ’
3322 1908 3504 1968 αὐτοῖς
3530 1905 3844 1958 ἐπισκόπων
3867 1905 3960 1954 ml.

2398 2007 2590 2074 ίερέων
2621 2003 3032 2066 ἐκλελοιπότων,
3062 2001 3183 2054 οὐδὲ
3232 2001 3512 2070 βάπτισμα
3546 1996 3686 2053 κατὰ
3716 1999 3808 2051 τὸν
3835 1998 3961 2050 Ἐκ-

2395 2091 2622 2162 κλησίας
2653 2093 2866 2144 ἐποίουν
2900 2091 3122 2160 θεσμόν.
3163 2090 3309 2144 ’Λλλ⁹
3354 2091 3476 2143 οὐδὲ
3503 2088 3842 2160 προσκομιδή
3875 2103 3961 2148 τις

2395 2185 2756 2252 ἢλειτουργία
2786 2183 2917 2252 παρ’
2943 2185 3129 2246 αὐτοῖς
3158 2178 3248 2236 οἷα
3272 2182 3390 2246 ἔθος
3420 2183 3722 2238 τετέλεστο.
3750 2183 3964 2233 Κοινω-

2399 2278 2516 2328 νίαν
2545 2277 2599 2328 δὲ
2627 2276 3052 2345 πεφυλαγμένην
3094 2277 3158 2327 ὲκ
3204 2275 3551 2346 παλαιτέρων
3578 2275 3794 2343 ἔχοντες
3831 2273 3964 2342 χρό-

2399 2386 2527 2428 νων,
2557 2367 2614 2431 ἐξ
2636 2368 2802 2436 αὐτῆς
2831 2366 3008 2437 καιρῷ
3047 2367 3140 2420 τοῦ
3179 2367 3367 2436 Πάσχα
3402 2369 3772 2437 σμικροτάτας
3801 2368 3964 2438 μερί-

2399 2460 2495 2522 δας
2528 2460 2802 2522 κνίζοντες
2837 2461 2946 2521 τοῖς
2980 2457 3254 2512 συνιοῦσιν
3282 2459 3560 2512 ἐδίδοσαν·
3601 2461 3841 2527 ὁπηνίκα
3870 2462 3967 2514 καὶ

2403 2555 2508 2614 πᾶς
2538 2570 2620 2614 τις
2643 2553 2742 2623 τὴν
2777 2552 2970 2622 ἐκείνῳ
3005 2553 3227 2622 θυμήρη
3275 2552 3522 2605 ἐντεῦθεν
3551 2553 3830 2606 ἐπεσπᾶτο
3867 2555 3968 2624 άρ-

2401 2649 2525 2713 χήν.
2578 2647 2696 2698 Κάν
2745 2645 2822 2713 τῷ
2852 2645 3026 2696 θέλειν
3059 2644 3290 2696 ἕκαστον
3330 2644 3391 2696 τὺ
3445 2644 3634 2698 δοκοῦν
3678 2648 3744 2716 τῇ
3785 2647 3971 2699 πίστει

2404 2738 2738 2804 ἐγγίνεσθαι.
2777 2736 2980 2805 πλῆθος
3024 2738 3106 2790 ὅτι
3169 2738 3423 2790 πλεῖστον
3466 2737 3814 2807 ἀποσχιστιῖω
3873 2736 3971 2789 καὶ
4044 2758 4054 2768 ·

2404 2831 2669 2900 αἱρέσεων
2695 2831 2901 2897 ἀνεφύη
2924 2847 2937 2860 ·
2969 2829 3252 2899 Τριθεῗται
3282 2833 3373 2882 καὶ
3404 2830 3699 2899 Ἀγνοῆται
3731 2833 3824 2882 καὶ
3845 2831 3975 2882 Θεο-

2408 2926 2691 2993 πασχίται,
2725 2923 3033 2976 Ίακωόῖταί
3064 2941 3142 2988 τε,
3193 2930 3288 2977 καὶ
3319 2923 3617 2993 Ἀρμένιοι,
3653 2925 3747 2976 καὶ
3797 2926 3972 2994 Σευη-

2411 3020 2577 3085 ρῖται,
2611 3017 2706 3068 καὶ
2741 3015 3238 3086 ’Δφθαρτοδοκῆται
3272 3017 3379 3069 ἀπὸ
3422 3016 3710 3069 Ἰουλιανοῦ
3745 3016 3838 3070 τοῦ
3881 3017 3971 3068 ’Λ-

2409 3107 2783 3175 λικαρνασέως
2805 3107 3106 3176 ἀρξάμενοι
3127 3123 3141 3137 ⁸
3173 3108 3231 3170 ὃς
3253 3109 3471 3160 κτιστὸν
3499 3108 3598 3176 μὲν
3624 3104 3763 3160 εἶναι
3793 3108 3853 3160 τὺ
3875 3107 3971 3161 τοῦ

735 3193 880 3260 quod
910 3191 1014 3244 sibi
1047 3193 1221 3244 visunt
1249 3198 1418 3254 esset,
1450 3189 1572 3242 ﬁdei
1599 3190 1864 3243 insertum
1890 3190 2081 3253 voluit,
2115 3205 2307 3258 quam-

2364 3203 2378 3258 :
2411 3200 2623 3268 Κυρίου
2659 3200 2983 3268 ὲδογμάτιζε
3018 3201 3180 3271 σῶμα
3204 3217 3221 3234 ⁶
3255 3203 3315 3268 ἐξ
3351 3202 3520 3268 αὐτῆς
3553 3203 3610 3254 δὲ
3655 3203 3976 3273 συλλήψεως

737 3283 968 3350 plurima
1015 3280 1350 3334 delectorum
1392 3288 1450 3333 et
1496 3281 1877 3334 hasreticorum
1917 3284 2074 3336 turba
2110 3292 2300 3336 exorta

737 3384 820 3427 est
853 3390 868 3428 :
905 3372 1323 3436 Tritbeitarum,
1371 3374 1762 3441 Agnoetarum,
1788 3373 2297 3442 Theopascitarum,

737 3466 1138 3530 Jacobitarum,
1166 3464 1574 3530 Armeniorum,
1627 3465 2022 3529 Sereritarum,
2057 3472 2112 3519 et
2155 3465 2303 3534 Aph-

2406 3293 2680 3361 ᾶερθαρτον
2701 3294 3004 3361 γεγονέναι.
3035 3287 3138 3346 ’ον
3155 3295 3215 3346 το
3234 3294 3520 3362 σύνταγμα
3549 3295 3599 3345 οί
3623 3294 3691 3346 δι’
3723 3297 3976 3358 ἐναντίας

2406 3385 2811 3445 Φαντασιαστάς
2835 3384 2931 3436 καὶ
2959 3384 3295 3452 Μανιχαίους
3322 3384 3549 3436 ἐκάλουν
3568 3398 3585 3414 ο
3620 3379 3807 3450 ὥσπερ
3833 3385 3976 3433 ὲκεί-

2406 3492 2528 3537 νους
2553 3475 2696 3528 οὗτοι
2717 3475 2877 3529 πάλιν
2896 3475 3311 3544 Φοαρτολάτρας
3333 3476 3428 3528 καὶ
3453 3474 3831 3545 Σκηνολάτρας
3848 3474 3979 3527 ὠνό-

720 3557 1269 3649 ιι.Ιιτιι·ιοόοείιιιι·ιιιιι,
1326 3555 1484 3610 initio
1528 3572 1557 3609 a
1606 3554 1824 3610 Juliano
1875 3556 2304 3611 llalicarnass'eo

2364 3604 2373 3630 ,
2413 3561 2720 3636 μαζον.⁷Ων
2743 3569 2876 3638 δῆτα
2901 3570 3166 3640 αἱρέσεων
3194 3572 3288 3622 καὶ
3321 3568 3556 3636 μάλιστα
3583 3570 3691 3621 τῶν
3718 3570 3844 3639 ἄχρι
3883 3569 3976 3622 καὶ

739 3658 960 3717 sumpto
990 3665 1003 3701 :
1037 3649 1131 3710 qui
1173 3656 1416 3701 creatum
1454 3647 1675 3716 quidem
1710 3648 1920 3702 Domini
1951 3664 2149 3718 corpus
2181 3664 2304 3704 esse

747 3741 998 3806 opinatus
1036 3747 1141 3801 est,
1177 3739 1270 3792 sed
1312 3739 1454 3791 idem
1488 3738 1556 3791 ab
1588 3738 1706 3807 ipsa
1735 3741 2095 3808 conceptione
2127 3732 2308 3793 incor-

746 3832 1005 3899 ruptibile
1064 3845 1185 3884 esse
1236 3830 1442 3884 docuit.
1491 3831 1699 3890 llorum
1751 3831 2054 3895 cohortem,
2092 3831 2186 3899 qui
2226 3832 2309 3886 eis

747 3923 1016 3976 adversati
1053 3934 1200 3984 suttt,
1240 3922 1647 3976 Phantasiastas
1682 3931 1738 3976 et
1778 3922 2107 3976 Manichaeos
2149 3937 2312 3976 voca-

748 4015 1386 4082 runt:quemadmodum
1420 4025 1475 4067 et
1497 4015 1572 4068 illi
1610 4029 1803 4068 rursus
1837 4015 1937 4068 hos
1965 4015 2312 4070 Phthartola-

752 4115 864 4158 tras
893 4115 947 4158 et
976 4105 1321 4166 Scenolatras
1346 4106 1718 4159 nominarunt.
1747 4106 1879 4174 Ejus
1904 4107 2120 4176 generis
2145 4109 2312 4160 barre-

751 4197 926 4260 sibus,
974 4203 1031 4286 qt
1085 4195 1349 4248 Severitis
1404 4196 1659 4260 maxime,
1709 4197 1967 4251 Ecclesiae
2017 4197 2312 4251 admodum

751 4285 1156 4355 ingruentibus,
1190 4285 1654 4341 Chalcedonensis
1700 4303 1921 4356 quoque
1970 4290 2164 4359 synodi
2212 4305 2314 4343 no-

755 4377 902 4428 mine
955 4390 1163 4466 pre‘sso,
1203 4390 1463 4444 perquam
1517 4376 1679 4446 longo
1726 4389 1972 4446 tempore
2007 4380 2207 4448 jactata
2250 4394 2315 4433 ea

760 4477 857 4527 est,
895 4475 950 4518 et
989 4463 1278 4533 exagitata.
1314 4463 1466 4520 Unde
1511 4466 1700 4537 ingens
1733 4467 1826 4521 diu
1861 4468 2061 4522 seditio
2095 4481 2151 4522 et
2185 4485 2317 4524 eon-

2413 3658 2578 3711 αὑτοῦ
2604 3659 2846 3728 Σευήρου
2880 3660 3086 3730 σφόδρα
3127 3665 3193 3728 τῇ
3251 3659 3556 3731 Ἐκκλησία
3582 3662 3974 3727 ἐπικειμένων,

2415 3750 2506 3801 καὶ
2523 3750 2555 3813 ἡ
2581 3751 2635 3801 ὲν
2652 3750 2954 3819 Χαλκηδόνι
2973 3749 3185 3810 σύνοδος
3201 3749 3346 3819 ἀμνη
3357 3751 3610 3818 μόνευτ⁸ος
3630 3750 3976 3802 έπιπλεῐστον

2414 3840 2608 3909 χρόνου
2629 3841 2866 3909 διέμεινε
2907 3833 3241 3910 κλονουμένη
3269 3841 3363 3892 καὶ
3397 3841 3810 3910 μεταφερομένη
3836 3856 3852 3871 ο
3879 3843 3975 3894 καὶ

2419 3929 2584 3998 πολλή
2619 3947 2703 3992 τις
2735 3931 2983 3982 ἐντεῦθεν
3012 3931 3200 3993 στάσις
3237 3931 3330 3982 καὶ
3359 3931 3626 3999 σύγχυσις
3652 3932 3744 3983 ἐπὶ
3768 3932 3981 4001 μικρὸν

2417 4025 2482 4090 τῇ
2533 4022 2831 4090 Ἐκκλησία
2881 4021 3268 4093 ἀνερῤιπίσθη.
3323 4023 3406 4074 Τά
3452 4023 3561 4090 γάρ
3612 4022 3789 4092 πλήθη
3843 4025 3982 4092 πρὸς

2421 4117 2538 4176 ταῖς
2571 4113 2814 4181 κιγκλίσι
2851 4113 2959 4166 τῶν
3011 4113 3416 4184 θυσιαστηρίων
3447 4114 3745 4182 ίστάμενοι,
3795 4114 3984 4166 παίειν

2425 4206 2683 4273 ἠπείλουν
2723 4206 2818 4256 καὶ
2848 4204 3060 4272 ἀτίμως
3091 4205 3203 4257 τῶν
3228 4205 3390 4274 ἱερῶν
3415 4203 3716 4275 περιϐόλων
3743 4205 3871 4267 τοὺς
3906 4207 3986 4257 is-

2427 4298 2538 4366 ρεῖς
2589 4296 2833 4359 ἐξωθεῖν,
2886 4297 3001 4362 εἴγε
3060 4297 3256 4365 μνείαν
3304 4314 3409 4348 που
3442 4297 3538 4364 τῆς
3574 4297 3630 4348 έν
3682 4295 3989 4365 Χαλκηδόνι

2427 4389 2648 4441 συνόδου
2687 4389 2862 4440 ποιεῖν
2913 4388 3138 4449 ἕλοιντο,
3186 4389 3287 4440 κᾶν
3333 4390 3445 4450 τοῖς
3496 4390 3671 4459 ίεροῖς.
3707 4388 3993 4458 διπτύχοις

2427 4477 2629 4546 ταύτης
2663 4477 3026 4547 καταγραφὴν
3052 4478 3149 4529 καὶ
3184 4479 3495 4546 ἐπιφώνησιν
3530 4479 3636 4531 τῶν
3670 4478 3992 4548 ὲκοεμὲνων

755 4561 898 4614 fusio
939 4561 990 4612 itt
1039 4549 1281 4617 Ecclesia
1333 4562 1567 4615 exstitit!
1616 4563 1736 4631 Ipsa
1781 4578 2017 4631 namque
2061 4565 2216 4633 plebs
2253 4565 2321 4619 ad

2364 4557 2396 4609 ί)
2425 4569 2629 4637 ταύτην
2667 4569 2830 4620 Οείων
2871 4568 3152 4637 Πατέρλων.
3199 4573 3261 4621 Οί
3297 4570 3340 4622 δ’
3383 4570 3540 4622 αὐτοὶ
3592 4573 3685 4623 καὶ
3724 4571 3993 4638 πλείστην

756 4653 1045 4705 sanctioris
1102 4652 1290 4706 altaris
1347 4654 1618 4708 cancellos
1678 4657 1982 4721 assistens,
2038 4657 2208 4726 plagis
2261 4672 2321 4711 se

759 4745 1129 4808 ntultatnram,
1165 4754 1220 4797 et
1261 4760 1385 4798 cum
1433 4746 1732 4815 ignominia
1774 4763 1840 4800 ex
1888 4749 2060 4802 sacris
2107 4750 2324 4818 templis

756 4837 1068 4889 sacerdotes
1117 4837 1417 4904 ejecturaut
1468 4840 1798 4892 comminata
1843 4850 1950 4904 est,
1980 4841 2158 4894 sicubi
2206 4843 2324 4911 ejus

759 4927 946 4996 synodi
998 4928 1332 4982 mentionem
1384 4928 1606 4993 inferre,
1644 4940 1740 4984 aut
1786 4945 1907 4984 eaut
1961 4934 2327 4988 sacrosanctis

761 5019 1032 5088 diptyeltis
1083 5019 1408 5082 inscribere,
1445 5036 1707 5074 eorumve
1752 5023 1972 5075 nomina
2012 5023 2326 5078 divinorum

763 5110 1004 5172 l‘atrunt,
1044 5110 1134 5178 qui
1179 5111 1396 5163 decreta
1439 5112 1558 5180 ejus
1602 5113 2038 5182 promulgarunt,
2079 5115 2328 5184 proferre

760 5202 879 5253 ausi
918 5202 1169 5256 fuissent.
1208 5201 1299 5254 Isti
1334 5201 1438 5269 ipsi
1467 5204 1630 5255 etiam
1661 5205 1901 5257 maximo
1927 5207 2330 5260 contenderunt

768 5308 950 5357 opere,
1002 5301 1058 5343 ttt
1113 5309 1326 5360 sacrum
1377 5293 1515 5361 ejus,
1565 5295 1658 5362 qui
1711 5296 1767 5348 in
1817 5300 2018 5351 sanctis
2067 5308 2170 5361 est,
2217 5298 2330 5351 divi

772 5385 966 5438 Leonis
995 5388 1195 5438 veteris
1227 5387 1414 5440 Roma:
1442 5387 1688 5456 episcopi
1732 5396 1962 5452 tomum,
1993 5404 2157 5458 quem
2188 5406 2332 5445 vera:

670 5523 680 5529 .
764 5476 986 5541 pietatis
1020 5476 1251 5529 studiosi
1288 5476 1390 5530 rite
1420 5478 1729 5531 columnam
1769 5478 2110 5534 ortltodoxia:
2145 5493 2336 5535 recta:-

769 5582 874 5633 que
900 5568 1183 5620 sententiae
1213 5568 1589 5633 nominarunt,
1619 5549 1898 5633 tollerent,
1924 5571 2069 5638 quod
2101 5571 2144 5624 is
2173 5587 2335 5642 syno-

773 5657 900 5709 dnttt
940 5672 1058 5710 eam
1108 5659 1333 5712 lirmiter
1367 5659 1603 5714 lulciret.
1636 5660 1869 5713 Tomum
1898 5677 2024 5716 eum
2052 5664 2332 5718 divinissi-

778 5764 895 5801 ntus
927 5749 1322 5804 Alexandrinus
1356 5767 1489 5818 papa
1521 5752 1782 5821 Eulogius
1811 5766 1995 5821 postea
2027 5771 2055 5807 a
2086 5772 2145 5811 se
2173 5772 2335 5810 enar-

788 5849 987 5904 ratum,
1012 5843 1238 5909 optinte,
1265 5851 1425 5909 atque
1461 5843 1529 5896 ita
1563 5859 1808 5910 prorsus,
1836 5855 1893 5896 ttt
1921 5846 2158 5913 oportuit
2188 5863 2336 5900 com-

2423 4660 2656 4726 πίμπαν
2689 4659 2910 4726 εἰσῆγον
2956 4659 3211 4729 σπουδὴν,
3249 4662 3343 4712 καὶ
3379 4660 3477 4712 τὸν
3514 4660 3657 4713 Θεῖον
3686 4662 3867 4730 Τόμον
3896 4661 3994 4714 τοῦ

2425 4753 2481 4802 ἐν
2504 4752 2680 4818 ἁγίοις
2710 4751 2857 4819 ἱεροῦ
2882 4751 3110 4814 Λέοντος
3144 4752 3235 4805 τοῦ
3257 4752 3356 4820 τῆς
3383 4751 3998 4822 πρεσϐυτέραςῬὼμης

2427 4844 2750 4912 ἀρχιερέως,
2785 4843 2851 4911 ἠν
2881 4843 3086 4911 στήλην
3114 4842 3426 4912 ὀρθοόοξίας
3450 4844 3498 4896 oi
3523 4843 3878 4906 εὐσεϐοῦντες
3909 4847 4001 4897 ὲν-

2427 4935 2592 4997 δίκως
2645 4933 2956 5002 ὠνόμασαν,
2995 4935 3323 5003 ἀνατρέπειν
3369 4933 3431 4986 εὖ
3483 4935 3649 5003 μάλα,
3678 4936 3752 4996 ὡς
3783 4935 4000 5005 σφόδρα

2427 5026 2525 5094 τὴν
2554 5026 2770 5078 σύνοδον
2819 5026 3189 5094 ὲπερείδοντα.
3228 5027 3326 5077 Ὃν
3356 5026 3491 5093 δῆτα
3520 5028 3617 5077 καὶ
3661 5029 3688 5078 ό
3719 5026 4000 5091 θειότατος

2433 5120 2662 5181 πάτπας
2695 5118 3102 5186 Ἀλεξανδρείας
3127 5119 3380 5185 Εὐλόγιος
3403 5119 3814 5189 ἐξηγησάμενος
3837 5120 4006 5174 ὕστε-

2435 5227 2547 5278 ρον,
2575 5213 2773 5280 ἄριστα
2806 5213 2902 5264 καὶ
2926 5211 3001 5272 ὡς
3031 5208 3211 5278 χρεὼν
3239 5211 3561 5276 συγκεῖσθαι
3589 5211 3776 5262 τοῦτον
3810 5212 4003 5280 σαφῶς

2436 5305 2794 5372 ἀπεφήνατο·
2851 5303 2908 5365 ὃς
2958 5305 3053 5354 καὶ
3096 5301 3259 5373 ἕτερα
3308 5303 3534 5355 πλείστα
3586 5305 4007 5374 συγγράμματα.

2433 5397 2594 5460 λόγου
2629 5396 2722 5447 καὶ
2760 5396 2983 5463 μνήμης
3027 5395 3150 5458 άξια
3183 5398 3246 5464 τῇ
3294 5395 3591 5466 Ἐκκλησία
3623 5396 3861 5464 Χριστοῦ
3902 5413 4008 5449 κα-

2433 5486 2771 5538 ταλέλοιπεν.
2825 5487 2980 5539 Μιτὰ
3017 5486 3072 5537 δὲ
3107 5485 3295 5538 τοῦτον
3331 5487 3507 5557 χρόνῳ
3544 5487 3723 5556 πολλῷ
3768 5487 4003 5558 ὕστερον

2439 5581 2533 5632 καὶ
2567 5581 2594 5631 ὁ
2627 5579 2722 5646 τῆς
2757 5579 3034 5647 Ἀντιόχου
3088 5580 3349 5647 προέδρος
3389 5582 3416 5632 ό
3449 5583 3510 5632 ὲκ
3557 5581 3768 5634 Σιναίου
3795 5581 4006 5650 δηλαδὴ

2451 5670 2823 5735 Ἀναστάσιος,
2866 5673 3115 5723 πλεῖστον
3160 5674 3254 5724 καὶ
3293 5670 3444 5736 οὗτος
3481 5674 3621 5744 ὑπὲρ
3643 5676 3738 5743 τῆς
3771 5677 3940 5742 ἁγίας
3964 5680 4008 5728 δ’

2441 5759 2656 5810 συνόδου
2686 5760 3105 5828 διαμαχόμενος,
3140 5761 3232 5811 καὶ
3277 5763 3445 5824 πολὺς
3476 5767 3612 5815 κατὰ
3645 5765 3714 5817 τὰ
3741 5766 3851 5815 τῶν
3901 5767 4012 5817 Μο-

2443 5849 2742 5918 ν’)’ρυσιτῶν
2791 5854 2879 5903 ml.
2933 5853 3247 5920 Ἀκεφάλων
3311 5854 3468 5920 ῥέων,
3524 5856 3656 5907 πᾶσι
3713 5855 3894 5923 λόγοις
3950 5856 4010 5906 τὸ
