4262 6446
242 434 336 499 421

1127 433 1735 497 ΕεςιΕδιΑδτιοΑς
1775 436 2164 496 lliST(_tRl.-E
2209 437 2357 497 LIB.
2402 436 2624 515 XVIII.

3435 437 3542 500 4⁵22

241 553 479 622 στερῤδν
522 552 731 622 ἔχουσι,
784 554 1182 624 ἀδαμαντίναις
1235 555 1427 616 πέδαις
1482 555 1842 625 παρίστησιν,

1955 554 2195 623 positum
2237 569 2378 620 esse,
2415 556 2640 609 disertis
2682 553 2868 609 verbis
2909 554 3288 623 pronuntiavit
3325 571 3338 608 :
3377 555 3549 626 87o

237 645 313 701 ὡς
350 647 558 714 ἄριστά
592 664 656 714 γε
709 649 805 701 καὶ
861 649 1177 720 ὀρθοδοξίας
1232 650 1457 718 ἔμπλεω
1505 650 1712 717 ταύτην
1752 650 1844 701 ἰπὶ

241 740 416 791 πᾶσιν
448 740 656 808 ὁρίσαι,
686 743 874 812 πλήρη
919 760 977 795 τε
1013 742 1330 802 θεοσεϐείας
1375 738 1516 795 εἶναι
1541 742 1611 794 τὰ
1638 741 1844 811 ταύτης

241 831 537 903 συνίστησι
591 835 866 903 δόγματα.
901 835 969 889 Οἵ
1009 852 1072 902 γε
1127 837 1233 905 μὴν
1283 837 1412 902 περὶ
1455 836 1752 906 Διόσκορόν
1785 854 1845 889 τε

239 926 338 977 καλ⁵
375 926 561 990 Γάϊον,
589 931 686 983 καὶ
718 928 812 980 τὸν
846 931 947 996 τῆς
988 930 1272 999 Ἀντιόχου
1310 930 1572 999 Σευῆρον,
1620 930 1756 999 πρὸς
1789 929 1844 982 δὲ

239 1020 338 1070 καὶ
394 1019 678 1084 Ἰάκωϐον,
737 1023 833 1074 καὶ
885 1023 974 1074 τθιν
1023 1022 1418 1091 γραμματικὸν
1470 1023 1746 1092 Ἰωάννην,
1788 1024 1847 1086 ὃς

242 1112 530 1183 ἐπεκλήθη
565 1114 884 1180 Φιλόπονος,
919 1118 1011 1168 τὸν
1043 1117 1137 1169 καὶ
1171 1117 1400 1170 πλεῖστα
1429 1117 1843 1186 συγγράμματα

237 1204 488 1275 δυσχερῆ
529 1223 590 1257 τε
630 1209 727 1258 καὶ
793 1207 1197 1275 δυσεξέλεγκτα
1243 1211 1386 1262 κατά
1433 1211 1531 1280 τῆς
1586 1209 1846 1279 τειαύτης

239 1297 607 1367 ἐξενηνοχότα
641 1300 886 1363 συνόδου,
925 1302 1332 1369 ἐναντιούμενοι
1355 1304 1418 1370 τῇ
1458 1302 1683 1368 συνόδῳ,
1715 1305 1846 1364 μίαν

245 1395 348 1462 μὲν
375 1394 564 1460 φύσιν,
594 1394 688 1448 δύο
711 1396 765 1447 δὲ
793 1396 1124 1458 ὑποστάσεις
1157 1395 1502 1448 ἀσεϐέστατα
1539 1395 1846 1462 γράφοντες

239 1485 646 1554 ὲδογμάτιζονο
688 1488 786 1539 καὶ
832 1488 1037 1555 μᾶλλ,ον
1066 1489 1309 1558 Σευῆρος
1348 1476 1528 1558 βίϐλον
1557 1491 1688 1556 ὃλην
1732 1489 1849 1541 ἐνέ-

239 1597 468 1631 ταττεν.
502 1580 647 1651 Πλὴν
688 1581 784 1633 καὶ
813 1574 960 1633 οὗτοι
989 1583 1100 1633 τῶν
1131 1582 1350 1634 οίκείων
1385 1581 1585 1650 βίϐλων
1620 1580 1842 1652 ἐνιαχοῦ

231 1671 332 1724 δύο
393 1673 589 1737 φῦσεις
643 1673 1074 1741 ἁνομολογοῢσιν
1119 1674 1212 1725 ἐπὶ
1269 1673 1551 1743 Χριστοῦ·
1605 1675 1742 1743 ὅπερ
1795 1675 1845 1727 οἱ

235 1766 435 1816 πολλοὶ
467 1768 544 1835 μὴ
589 1766 954 1836 ἀκριϐοῦντες
986 1767 1208 1828 εὐσεϐὲς
1235 1767 1394 1833 δῆθεν
1427 1766 1710 1836 ᾠήθησαν,
1747 1766 1842 1819 καὶ

235 1858 446 1927 τρόπον
481 1860 671 1929 ἕτερον
705 1861 785 1922 εἰς
819 1859 922 1930 τὴν
949 1859 1182 1912 ἐκείνων
1214 1859 1469 1911 ἀσέϐειαν
1502 1859 1843 1928 κατηνέχθησ-

239 1970 366 2006 σαν.
405 1953 520 2004 Καὶ
535 1953 712 2006 ταῦτα
746 1954 845 2023 μὲν
871 1953 1170 2023 ἐπεκράτει
1197 1953 1324 2023 ἄχρι
1364 1954 1456 2005 καὶ
1488 1953 1588 2018 τῆς
1620 1954 1846 2004 Ίουστι-

237 2044 438 2097 νιανοῦ
465 2047 830 2116 ἀναρρήσεως
852 2060 870 2077 ο
890 2047 1101 2098 ἐκείνου
1123 2044 1178 2098 δὲ
1203 2046 1270 2098 τὰ
1296 2046 1552 2114 σκῆπτρα
1584 2047 1848 2109 γενναίως

234 2132 629 2201 ἀνειληφότος,
668 2136 715 2186 οί
766 2133 875 2186 τῶν
922 2135 1190 2204 αἱρέσεων
1250 2135 1460 2187 τούτων
1514 2137 1841 2205 προστάται,

231 2223 364 2292 ἄχρι
401 2223 467 2293 δὴ
505 2225 601 2276 καὶ
636 2225 911 2295 Σευῆρον,
948 2227 1047 2278 ὅσα
1080 2227 1143 2296 δὴ
1178 2227 1274 2279 καὶ
1310 2225 1558 2280 κνώδαλα
1609 2230 1687 2290 είς
1742 2245 1845 2296 χηο

236 2319 457 2386 ραμοὺς
487 2320 584 2372 καὶ
606 2321 938 2382 καταδύσεις
963 2322 1061 2384 τὰς
1085 2321 1298 2374 έαυτῶν
1327 2322 1608 2392 διατριϐὰς
1636 2321 1842 2383 ἔθεντο,

227 2410 331 2468 τῆς
368 2407 540 2473 ἁγίας
570 2413 609 2459 ε’
644 2409 867 2461 συνόδου
901 2410 1013 2462 τῶν
1060 2409 1170 2478 ρξε’
1213 2409 1386 2476 ἁγίων
1437 2410 1698 2478 Πατέρων
1751 2409 1843 2461 ὑπ’

233 2501 456 2552 ἐκείνου
492 2503 1006 2573 συγκροτηθείσης·
1056 2505 1164 2556 κᾶν
1211 2505 1308 2554 καὶ
1335 2497 1491 2563 οὗτος
1530 2504 1586 2564 ἐς
1616 2502 1843 2570 ὕστερον

233 2590 496 2658 Τελχῖνος
531 2592 811 2662 βασκανίᾳ
860 2596 1007 2655 τινὸς
1054 2597 1119 2663 τῇ
1169 2594 1278 2646 τῶν
1312 2592 1842 2661 Ἀφθαρτοδοκητῶν

229 2679 527 2746 κατάκρας
586 2680 733 2732 ἑάλω
765 2682 979 2750 αἱρέσει
1030 2682 1125 2733 τοῦ
1180 2682 1370 2744 εὐθέος
1413 2681 1839 2750 παρατραπείςο

228 2770 427 2839 ὥσπερ
464 2788 558 2839 μοι
591 2773 649 2822 ἐν
680 2771 760 2840 τῷ
801 2771 906 2839 πρὸ
933 2772 1130 2826 τούτου
1162 2772 1316 2842 τὸμῳ
1367 2772 1701 2840 διείληπται.
1740 2765 1841 2823 Ὧν

228 2863 293 2932 δὴ
338 2864 556 2915 τούτων
610 2866 888 2919 πλείστων
936 2867 1209 2935 αἱρέσεων
1253 2867 1353 2928 τὰς
1407 2864 1548 2934 πρὸς
1602 2862 1842 2934 ἀλλήλας

229 2956 527 3022 ἐπιμιξίας
556 2959 649 3009 καὶ
678 2959 978 3026 διαιρέσεις
1004 2960 1240 3027 καθεξῆς
1267 2959 1626 3027 διαλήψομαι.

1949 646 2041 714 qui
2082 645 2185 699 alia
2218 662 2436 715 quoque
2467 647 2638 699 multa
2677 647 2885 716 scripta
2915 647 3058 702 lectu
3094 646 3257 716 digna
3287 647 3547 703 Ecclesia:

1947 736 2156 792 Christi
2199 738 2448 806 reliquit.
2493 738 2620 791 Post
2664 738 2813 793 hunc
2853 738 3043 792 itidem
3085 739 3372 806 aliquanto
3409 751 3547 793 tem-

1950 843 2083 897 pore
2130 839 2255 897 post
2304 828 2690 883 Antioelienus
2738 832 2967 884 antistes
3003 831 3330 885 Anastasius
3368 831 3548 885 Sinai-

1950 931 2054 982 tes.
2096 922 2189 991 qui
2245 931 2301 975 et
2348 925 2464 991 ipse
2513 932 2761 977 sanctam
2808 933 3059 992 quartam
3104 924 3373 994 synodum
3423 939 3550 993 pro-

1950 1031 2220 1084 pugnans,
2266 1017 2746 1071 Iucubra‘ionibus
2801 1019 2917 1070 suis
2969 1017 3304 1071 ﬁrmissimis
3353 1017 3546 1071 Mono-

1952 1109 2200 1180 physitas
2253 1119 2310 1164 ct
2373 1111 2681 1178 Aceplialos
2736 1112 3038 1174 refutavit,
3093 1119 3144 1164 et
3205 1111 3546 1180 argumentis

1949 1204 2275 1258 certissimis
2333 1205 2628 1272 probavit,
2689 1221 2815 1258 eum
2877 1205 3080 1259 librum
3148 1204 3542 1259 orthodoxiam

1949 1295 2259 1348 rectissime
2310 1296 2744 1364 plenissimeque
2785 1298 2837 1348 iu
2875 1297 3137 1350 omnibus
3179 1296 3404 1359 docere,
3439 1296 3542 1349 do-

1948 1400 2239 1456 gmataque
2264 1391 2382 1458 ejus
2408 1406 2533 1444 vera
2564 1391 2765 1459 pietate
2789 1392 3148 1444 refertissima
3177 1405 3320 1444 esse.
3357 1392 3544 1443 Enim-

1949 1496 2081 1533 vero
2116 1480 2433 1543 Dioscorus.
2466 1492 2518 1535 et
2557 1482 2747 1541 Caius.
2782 1492 2836 1536 ct
2870 1482 3244 1535 Antiochenus
3281 1481 3543 1542 Severus,

1948 1572 2189 1627 Iacobus
2224 1574 2379 1636 item,
2410 1582 2466 1628 et
2494 1573 2736 1629 Joannes
2767 1575 3172 1627 Grammaticus
3205 1574 3545 1640 Pliiloponus

1949 1664 2379 1731 cognominatus
2410 1664 2523 1732 (qui
2557 1665 2724 1719 libros
2759 1665 2945 1734 plures
2986 1663 3254 1724 dilliciles,
3288 1676 3429 1730 quos
3459 1675 3547 1714 re-

1949 1754 2140 1808 fellere
2193 1771 2302 1808 non
2357 1755 2428 1808 ita
2485 1767 2801 1825 promptum
2857 1759 2964 1818 sit,
3017 1765 3209 1809 contra
3266 1756 3538 1825 synodum

1950 1859 2205 1915 quartam
2240 1849 2435 1912 edidit)
2492 1863 2612 1902 eam
2674 1850 2842 1917 ipsam
2904 1848 3172 1918 synodum
3224 1863 3547 1916 oppugnan-

1955 1949 2066 2005 tes,
2114 1955 2277 1992 unam
2323 1940 2549 2009 quidem
2602 1950 2889 2001 naturam,
2941 1941 3082 1995 duas
3131 1956 3315 1993 autem
3366 1938 3549 1994 subsi-

1954 2033 2204 2095 stentias,
2237 2048 2334 2102 per
2367 2049 2634 2088 Summam
2679 2035 3040 2103 impietatem,
3076 2035 3130 2087 in
3162 2037 3384 2090 Chiisto
3422 2048 3546 2088 esse

1955 2126 2305 2194 scripserunt
2347 2137 2401 2180 et
2431 2128 2743 2181 docuerunt
2778 2147 2791 2182 :
2827 2130 3175 2198 potissimum
3209 2145 3342 2182 vero
3375 2129 3546 2183 Seve-

1957 2233 2072 2282 rus,
2117 2219 2211 2286 qui
2266 2218 2468 2272 librum
2526 2221 2799 2288 integrum
2854 2222 2920 2274 de
2973 2237 3034 2274 ea
3091 2239 3150 2276 re
3207 2224 3540 2292 composuit.

1954 2306 2155 2366 Verum
2205 2322 2260 2366 et
2307 2315 2407 2382 ipsi
2453 2315 2506 2367 in
2545 2315 2704 2368 libris
2753 2316 2869 2369 suis
2911 2317 3115 2370 alicubi
3152 2330 3378 2372 naturas
3406 2319 3545 2372 duas

1955 2403 2008 2458 in
2045 2405 2268 2459 Christo
2317 2407 2675 2474 profitentur:
2721 2410 2863 2476 quod
2913 2425 3042 2462 sane
3096 2412 3252 2464 multi
3306 2427 3413 2464 non
3472 2411 3545 2465 ita

1952 2507 2210 2552 accurate
2240 2497 2624 2562 observantes,
2656 2509 2866 2553 rectum
2901 2501 3162 2570 piumque
3192 2519 3314 2558 esse
3346 2505 3546 2558 exiui-

1954 2599 2269 2654 maverunt,
2298 2600 2355 2644 et
2385 2591 2494 2644 alio
2522 2591 2724 2645 deinde
2759 2593 2921 2645 modo
2950 2594 3002 2646 in
3041 2594 3257 2646 illorum
3291 2597 3545 2664 impieta-

1954 2693 2062 2736 tem
2105 2690 2236 2734 sunt
2279 2682 2525 2736 adducti.
2561 2683 2739 2752 Atque
2772 2684 2887 2739 lia-c
2916 2685 3137 2754 quidem
3171 2684 3251 2739 sic
3281 2687 3545 2741 obtinue-

1953 2784 2114 2837 runt,
2158 2776 2524 2844 quoadusque
2571 2775 2918 2830 Justinianus
2964 2787 3050 2832 est
3104 2777 3406 2847 imperator
3458 2794 3544 2832 rc—

1951 2868 2262 2922 nuntiatus.
2323 2869 2624 2938 Postquam
2677 2885 2808 2924 vero
2865 2871 2909 2924 is
2961 2880 3180 2940 sceptra
3233 2873 3544 2942 imperializi

1951 2959 2186 3030 accepit,
2219 2975 2563 3030 quzecunque
2603 2963 2866 3015 exstitere
2912 2963 3128 3027 belline,
3165 2963 3217 3016 in
3256 2978 3455 3032 specus
3486 2972 3542 3018 et

229 3054 466 3109 latibula
505 3071 604 3108 sua
646 3057 934 3111 contulere
974 3057 1361 3112 conventicula
1401 3074 1414 3109 :
1449 3071 1574 3111 cum
1614 3056 1702 3110 ille
1747 3070 1959 3111 sacram
2029 3057 2278 3125 quintam
2346 3059 2614 3125 synodum
2686 3069 2908 3113 centum
2978 3061 3261 3130 setaginta
3294 3061 3542 3131 quinque

231 3157 565 3202 sanctorum
635 3149 861 3204 Patrum
927 3152 1222 3218 coegisset.
1283 3151 1546 3216 Quamvis
1605 3159 1662 3205 et
1725 3151 1845 3220 ipse
1885 3150 2230 3205 Justinianus
2305 3163 2490 3220 postea
2539 3153 2886 3221 inteniperiis
2938 3153 3292 3209 faseinatoris
3357 3158 3543 3226 cujus-

231 3249 380 3314 piam
422 3247 478 3300 in
518 3247 1145 3317 Apbtliartodocitarum
1189 3249 1437 3304 haeresim
1480 3249 1836 3302 transversim
1903 3260 2115 3318 raptus.
2147 3267 2175 3302 a
2221 3264 2369 3304 recta
2421 3251 2695 3304 aberrarit
2730 3252 2812 3305 via
2844 3269 2859 3306 :
2896 3251 3060 3307 sicuti
3091 3268 3119 3306 a
3152 3269 3238 3308 me
3271 3254 3324 3308 in
3355 3253 3544 3324 proxi-

234 3355 326 3392 mo
374 3339 522 3393 libro
583 3349 666 3394 est
705 3342 936 3396 dictum.
998 3343 1273 3397 Citlt'l'um
1320 3343 1689 3413 plurimarum
1730 3343 1959 3397 istarum
2024 3343 2296 3398 hzeresuui
2358 3343 2803 3399 cctnmistionem
2875 3344 3039 3400 simul
3096 3355 3153 3400 et
3211 3346 3541 3402 divisionem

230 3436 507 3506 deinceps
539 3453 838 3508 exponam.

822 3558 1073 3612 KEMA.
1121 3558 1271 3627 λίς.

235 3649 369 3722 ’ξτι
398 3649 536 3717 περὶ
569 3649 690 3722 τῶι⁴
721 3652 1186 3718 Μονοφυσιτῶν,
1224 3654 1314 3707 ὅτι
1353 3653 1676 3722 σφαλερῶς
1706 3659 1841 3722 περὶ

232 3720 342 3786 τῆς
377 3723 490 3775 τοῦ
538 3721 691 3776 Θεοῦ
725 3723 923 3791 Λόγου
958 3725 1322 3792 σαρκώσεως
1379 3720 1838 3797 δοτμὰτίζουᾰι.

319 3883 491 3936 Ἀλλὰ
522 3883 579 3934 τί
609 3883 742 3937 ποτέ
800 3883 918 3937 ἐστι
967 3884 1028 3937 τὸ
1064 3885 1214 3954 παρὰ
1266 3887 1377 3940 τῶν
1439 3888 1842 3957 Μονοφνσιτῶν

234 3977 636 4046 δοξαζόμενον,
660 3971 737 4029 ὧν
762 3976 839 4040 ὡς
887 3979 994 4031 ἀπὸ
1023 3979 1290 4049 κακίστης
1324 3979 1485 4052 ῥίζης
1516 3984 1576 4035 αἱ
1615 3983 1844 4051 εἰρημέ-

235 4089 324 4123 ναι
384 4072 636 4140 αἱρέσεις
689 4071 1035 4141 ἐϐλάστησαν
1086 4071 1276 4143 ὥσπερ
1327 4073 1520 4142 κρίκος
1585 4074 1843 4144 ἀλλήλοις

236 4166 531 4232 ἐχόμεναι,
565 4164 670 4234 ἤδη
706 4164 836 4234 ἐρῶ.
870 4163 1043 4216 Ὅταν
1084 4165 1183 4233 μὲν
1213 4164 1320 4234 γὰρ
1351 4166 1448 4227 τὰς
1482 4164 1841 4228 συνελθούσας

235 4260 313 4328 τῷ
344 4258 470 4328 Θεῷ
503 4258 701 4326 φύσεις
734 4257 978 4326 ἑκάστην
999 4257 1123 4310 καθ’
1151 4257 1349 4320 ἑαυτάς
1372 4258 1729 4328 διαστήσωσι,
1751 4259 1844 4312 δύο

236 4351 443 4415 ταύτας
467 4350 906 4420 θινομολογοῦσιν
937 4351 1557 4420 ἀναγκαζόμενοιλὸταν
1578 4353 1634 4405 δε
1662 4353 1842 4421 ἀμφο-

236 4450 403 4518 τέρας
440 4449 526 4510 είς
557 4447 659 4516 τὴν
709 4446 805 4499 τοῦ
845 4446 1021 4513 Λόγου
1054 4448 1300 4499 ὲνώσωσι
1329 4447 1626 4516 σάρκωσιν,
1661 4447 1721 4498 οὐ
1752 4446 1845 4502 δύο

238 4542 593 4611 ἀσυγχύτους
628 4539 996 4602 συνελθούσας
1025 4539 1221 4608 φύσεις
1249 4539 1516 4606 τιθέασιν,
1550 4540 1685 4592 ἀλλὰ
1714 4541 1845 4610 μίαν

240 4634 404 4700 φύσιν
455 4632 752 4684 σύνθετον.
809 4631 921 4685 Καὶ
979 4632 1088 4701 γάρ
1139 4632 1300 4701 ἡμῶν
1357 4635 1488 4702 μίαν
1543 4633 1843 4686 ὑπόστασιν

241 4727 507 4779 σύνθετον
559 4726 857 4790 λεγόντων,
900 4725 1103 4777 ἐκείνοι
1155 4724 1362 4792 μᾶλλον
1408 4725 1540 4792 μίαν
1585 4724 1843 4778 σύνθετον

241 4819 406 4886 φύσιν
441 4817 819 4871 άντιτιθέασι.
858 4816 966 4868 Καὶ
1013 4816 1104 4868 τὸν
1134 4815 1296 4882 λόγον
1328 4817 1428 4884 τῆς
1461 4816 1665 4879 θέσεως
1692 4820 1844 4886 σφῶν

2412 3554 2574 3624 ειη
2618 3553 2847 3610 CAPUT
2884 3553 3070 3610 XLVI.

1950 3648 2218 3722 Prwterea
2246 3649 2309 3702 de
2339 3649 2526 3703 literni
2558 3649 3055 3722 :llonopltysita-rum
3085 3655 3258 3722 ;quod
3284 3657 3539 3712 insidiose

2023 3721 2311 3773 admodum
2375 3733 2424 3774 et
2479 3721 2772 3788 periculose
2815 3722 2880 3775 de
2929 3722 3023 3776 Dei
3063 3721 3213 3779 Verbi
3281 3730 3537 3782 incarna-

2018 3795 2158 3845 tione
2197 3793 2500 3860 opinantur.

2017 3885 2172 3951 Quod
2218 3901 2351 3939 vero
2399 3885 2621 3939 tandem
2670 3884 3186 3958 blonophysitarum
3236 3892 3406 3947 fuerit
3442 3893 3540 3948 do-

1949 3995 2091 4049 gma,
2135 3995 2164 4032 a
2204 3980 2408 4048 quibus
2459 3991 2720 4048 tanquam
2778 3995 2807 4034 a
2859 3982 3047 4037 radice
3101 3985 3363 4054 pessima,
3399 4003 3538 4057 quas

1949 4073 2228 4135 diximus,
2287 4072 2527 4125 haereses
2589 4073 2933 4140 pullularunt
2988 4089 3090 4128 ceu
3150 4079 3391 4134 circulus
3442 4092 3537 4135 aut.

1950 4175 2140 4217 eatena
2187 4179 2253 4216 ex
2300 4178 2420 4216 sese
2467 4161 2881 4230 dependentes,
2936 4167 3099 4219 modo
3151 4167 3351 4222 dicam.
3397 4169 3534 4224 Cum

1946 4253 2152 4305 etenim
2187 4252 2586 4305 convenientes
2619 4252 2671 4304 in
2699 4251 2922 4306 Christo
2952 4265 3201 4322 naturas,
3230 4261 3538 4328 quamlibet

1951 4361 2048 4414 per
2081 4343 2323 4413 seipsain
2366 4343 2719 4410 discernunt,
2750 4347 2890 4400 duas
2920 4361 3014 4402 eas
3046 4365 3168 4405 esse
3203 4355 3538 4411 necessitate

1946 4437 2172 4492 adducti
2222 4436 2579 4492 conﬁtentur.
2620 4437 2756 4491 Cum
2788 4455 2922 4494 vero
2957 4452 3248 4513 utramque
3287 4447 3340 4501 in
3374 4449 3535 4504 Verbi

1949 4533 2329 4586 incarnatione
2376 4532 2610 4595 uniunt,
2678 4548 2789 4586 non
2839 4534 2979 4589 duas
3027 4537 3106 4590 illi
3156 4538 3537 4598 incoulusibili

1948 4625 2114 4679 modo
2154 4624 2549 4679 convenientes
2601 4635 2852 4691 naturas,
2894 4627 2988 4681 scd
3043 4645 3208 4683 unam
3262 4635 3540 4702 composi-

1951 4730 2060 4771 tam
2109 4726 2365 4770 uaturam
2413 4726 2688 4772 statuunt.
2726 4720 2897 4773 Nobis
2941 4722 3089 4774 enim
3143 4740 3307 4777 unam
3357 4729 3538 4781 subsi-

1951 4812 2209 4865 stentiam
2252 4811 2612 4879 compositam
2657 4811 3000 4878 dicentibus,
3037 4815 3111 4867 illi
3154 4833 3317 4870 uuam
3353 4820 3539 4888 potius

239 4914 442 4965 οὑτωσὶ
489 4909 1063 4979 παραδειγματίζουσι
1116 4909 1393 4975 λέγοντες,
1441 4909 1524 4961 ὅτι
1578 4909 1770 4981 ὥσπερ
1819 4913 1844 4964 ὁ

1953 4913 2205 4957 naturam
2254 4904 2616 4971 compositam
2664 4904 2935 4959 inferunt.
2989 4905 3055 4959 Et
3097 4911 3368 4963 rationem
3417 4927 3542 4965 si-u-

241 5007 538 5076 ἄνθρωπος
588 5003 769 5072 ψυχὴν
801 5002 914 5070 ἔχει
945 5001 1038 5054 καὶ⁹
1073 5003 1254 5070 σῶμα,
1295 5003 1388 5056 καί
1420 5003 1555 5073 άλλη
1601 5005 1700 5074 μὲν
1729 5005 1853 5056 ἐστι.

245 5101 406 5165 φύσις
437 5098 651 5166 ψυχῆς,
688 5096 828 5161 ἄλλη
858 5095 915 5146 δὲ
947 5095 1227 5162 σώματος,
1261 5098 1314 5149 εί
1345 5113 1430 5160 τις
1463 5097 1698 5164 ἑκάστην
1722 5097 1846 5151 καθ’

247 5195 449 5261 ἑαυτὴν
485 5191 725 5259 θεωροίη
751 5203 765 5217 ⁸
799 5189 1020 5240 ἐπειδαν
1072 5188 1129 5239 δὲ
1163 5189 1518 5257 συνέλθωσιν,
1556 5192 1848 5260 ἄνθρωπον

251 5287 496 5349 ποιοῦσι,
535 5285 671 5352 μίαν
706 5280 870 5349 φύσιν
924 5281 1114 5348 ἔχοντα
1167 5280 1423 5333 σύνθετον
1447 5299 1460 5312 ο
1515 5284 1574 5334 οὐ
1611 5285 1720 5351 γὰρ
1746 5286 1848 5350 δεῖ,

251 5383 382 5450 φασὶ
433 5381 534 5432 δύο
568 5377 763 5446 φύσεις
808 5375 991 5443 λέγειν
1021 5374 1113 5425 τᾶν
1159 5372 1473 5441 ἄνθρωπον,
1507 5375 1644 5429 ἀλλὰ
1715 5378 1845 5446 μίαν

250 5475 542 5528 σύνθετον·
579 5469 726 5521 οὕτω
765 5467 831 5535 δὴ
883 5467 977 5518 καὶ
1027 5467 1119 5517 ἐπ”.
1164 5465 1256 5516 τοῦ
1299 5465 1554 5534 Σωτῆρος
1605 5468 1843 5535 Χριστοῦ

248 5569 471 5629 οἴονται,
509 5566 575 5616 ἐκ
606 5561 700 5614 δύο
737 5560 835 5629 μὲν
883 5557 1281 5627 συνεστηκέναι
1323 5557 1573 5624 φύσεωνο
1619 5561 1756 5627 μετὰ
1787 5561 1845 5613 δὲ

250 5660 342 5728 τὴν
371 5659 581 5710 ἕνωσιν
639 5655 771 5722 μίαν
801 5652 902 5711 τὰς
950 5649 1042 5701 δύο
1082 5649 1272 5716 φύσεις
1317 5649 1522 5712 ταύτας
1563 5653 1848 5718 γεγοίέναι

255 5751 534 5803 συνθετον,
563 5748 751 5813 Ὅπερ
786 5745 850 5811 τῇ
899 5739 1202 5809 Ἐκκλησία⁵
1236 5739 1583 5790 παντάπασιν
1615 5742 1852 5808 ἀποτρό-

257 5862 434 5897 τταιον.
465 5841 570 5893 Διά
597 5855 682 5889 τοι
725 5837 883 5888 τοῦτο
923 5836 1015 5886 καὶ
1054 5835 1082 5885 ὁ
1119 5836 1292 5900 μέγας
1326 5835 1382 5883 έν
1431 5832 1679 5903 θεολογία
1713 5835 1851 5903 Γρη-

261 5952 437 6007 γοριος
489 5933 560 5985 τὰ
615 5928 676 5993 ἐξ
708 5920 804 5994 ὧν,
843 5929 939 5978 καὶ
971 5927 1028 5976 ὲν
1059 5917 1162 5989 εἷς,
1223 5922 1317 5973 καὶ
1357 5921 1519 5990 άπερ.
1557 5923 1711 5995 φησὶ,
1746 5922 1850 5972 σώ-

1956 4993 2142 5047 tentia:
2191 5009 2302 5047 sua:
2346 4995 2602 5063 exemplo
2639 4999 3053 5061 continuantes,
3099 5001 3308 5065 dicunt,
3358 5004 3540 5058 homi-

1955 5103 2080 5140 nem
2111 5087 2350 5140 animam
2386 5090 2643 5142 obtinere
2678 5100 2732 5142 et
2767 5105 2969 5158 corpus
3007 5113 3016 5142 :
3055 5105 3102 5146 et
3142 5096 3304 5148 aliam
3343 5099 3539 5152 anima:

1954 5191 2206 5234 naturain
2262 5198 2406 5242 esse.
2458 5183 2730 5250 aliamque
2790 5184 2920 5237 item
2981 5189 3252 5256 corporis,
3307 5192 3350 5243 si
3413 5208 3539 5261 quis

1954 5276 2260 5342 quamlibet
2312 5290 2408 5342 per
2456 5276 2696 5343 soipsam
2750 5280 3196 5347 contempletur;
3236 5300 3360 5335 cum
3405 5301 3538 5338 vero

1956 5365 2062 5418 illae
2107 5364 2367 5426 coierint.
2428 5367 2709 5420 hominem
2761 5369 3011 5432 efﬁcere,
3067 5388 3228 5426 unam
3284 5389 3534 5430 naturain

1955 5456 2313 5523 compositam
2346 5459 2716 5512 obtinentem.
2749 5459 2866 5513 Non
2895 5461 3065 5526 enim,
3093 5464 3371 5533 inquiunt.
3397 5468 3537 5524 duas

1955 5559 2182 5602 naturas
2203 5549 2480 5603 hominem
2502 5552 2684 5606 dicere
2703 5565 2940 5622 oportet,
2965 5560 3059 5609 sed
3086 5574 3245 5610 unam
3267 5565 3541 5628 composi-

1957 5650 2085 5696 tam.
2109 5644 2287 5711 Atque
2306 5643 2370 5696 ad
2391 5646 2645 5699 eumdem
2672 5651 2892 5701 modum
2914 5650 2980 5702 de
3005 5650 3296 5707 Servatore
3316 5653 3540 5710 Christo

1958 5737 2256 5803 opinantur
2285 5753 2297 5791 :
2331 5737 2485 5790 illum
2521 5739 2778 5794 videlicet
2807 5757 2872 5794 ex
2909 5743 3125 5797 duabus
3156 5747 3378 5815 quidem
3405 5765 3540 5803 con-

1957 5829 2162 5881 stitisse
2189 5829 2427 5890 naturis,
2454 5841 2574 5898 post
2605 5833 2862 5886 unionem
2894 5847 3075 5888 autem
3096 5836 3232 5891 duas
3260 5855 3352 5889 eas
3381 5853 3538 5893 uatu-

1962 5938 2047 5975 ras
2077 5921 2129 5974 in
2164 5937 2324 5974 unam
2354 5923 2592 5979 evasisse
2623 5929 3002 5994 compositam,
3027 5930 3171 5992 quod
3197 5947 3327 5984 sane
3362 5931 3540 5986 Eccle-
