4262 6446
713 421 818 484 Δ2Ἷ

1962 412 2385 475 NICEPIIORI
2429 407 2776 470 CALLISTI

3905 393 4010 458 428

724 537 1044 594 hominibus
1107 536 1403 598 omnibus,
1464 535 1680 586 unitutn
1741 548 1864 588 esse
1921 532 2016 586 Dei
2075 531 2312 584 Verbum
2348 535 2388 584 Α
2420 541 2473 575 τε

2447 541 2479 575 ηε
2539 524 2756 592 Harpe;
2815 521 2911 575 καὶ
2949 518 3044 574 τοῦ
3078 520 3236 588 ἁγίου
3281 518 3640 586 Πνεύματος·
3673 517 3814 570 ὥστε
3870 516 4007 567 κάνο

725 645 875 685 reete
906 630 1144 684 dicatur.
1179 628 1449 682 Cseterum
1480 626 1612 680 satis
1643 625 1836 694 liquet,
1865 639 1965 679 nos
1996 623 2086 678 hic
2110 617 2312 676 divini-

729 724 860 779 tatis
896 734 1144 776 naturam
1182 721 1368 774 dicere
1407 736 1525 774 eam
1563 734 1684 788 qua:
1729 730 1815 772 est
1854 717 1906 770 in
1956 713 2312 770 subsistentia

726 819 920 880 Verbi,
965 832 1071 869 non
1109 815 1420 867 communis
1452 811 1759 866 divinitatis
1793 819 2071 863 naturam.
2124 807 2314 874 Itaque

726 910 892 965 etiam
941 923 1107 962 unam
1153 916 1404 960 naturam
1450 902 1542 958 Dei
1594 901 1759 956 Verbi
1807 902 2144 955 incarnatam
2191 911 2313 951 esse

726 1006 1076 1072 protitemur,
1113 999 1318 1054 (Περι-ιο
1365 1014 1484 1051 eam
1521 1013 1548 1049 a
1589 995 1749 1070 Patre
1781 1003 1835 1047 ct
1871 991 2078 1059 Spiritu
2123 997 2317 1044 sancto

728 1107 1128 1150 secerncutes:
1172 1095 1242 1147 ita
1300 1103 1360 1146 ut
1408 1091 1500 1145 hic
1543 1104 1765 1159 quoque
1812 1101 2163 1140 conuuuucm
2214 1098 2317 1136 na-

2424 615 2602 670 ταῦθα
2646 615 2737 668 τὸν
2783 614 2966 668 κοινὸν
2991 614 3091 685 τῆς
3138 615 3356 680 φύσεως
3383 613 3544 678 λόγον
3578 610 3708 662 ἴδιον
3739 609 3835 663 τοῦ
3867 608 4006 663 Θεοῦ

2422 710 2599 775 Λόγου
2652 708 2994 776 νενοηκότες.
3046 705 3435 778 σεσαρκῶσθαί
3467 719 3652 774 φαμεν
3679 703 3776 756 τοῦ
3825 704 4007 772 Λόγου

2420 801 2519 872 τὴν
2550 800 2714 870 φύσιν
2739 816 2753 830 ο
2787 801 2884 855 καὶ
2915 800 3078 870 φύσιν
3104 799 3268 854 πάλιν
3294 797 3722 869 ἀνθρωπότητος
3751 795 4012 862 λέγοντες

2422 896 2668 967 ήνῶσοαι
2695 893 2774 965 τῷ
2807 895 2989 964 Λόγῳ,
3019 893 3118 963 τὴν
3157 893 3548 963 μερικωτάτην
3576 890 3797 959 ἐκείνην
3829 886 4011 956 ῦπαρ-

2426 989 2531 1055 ξιν,
2565 990 2630 1058 ἢν
2665 989 2834 1058 μόνην
2880 988 2946 1040 ὲκ
2993 985 3185 1040 πασῶν
3216 989 3245 1039 ό
3273 985 3448 1054 Λόγος
3485 983 3852 1053 ττροσείλιιιηοε⁹
3892 981 4017 1048 δηγ-

2429 1083 2751 1154 ματὶζομεν.

731 1202 868 1245 tune
941 1191 1235 1254 rationem,
1300 1187 1580 1259 propriam
1627 1187 1735 1258 jam
1789 1183 1881 1237 [)ei
1958 1182 2119 1237 Verbi
2198 1195 2319 1234 esse
2377 1181 2766 1250 intelligentes,
2826 1177 2991 1234 Verbi
3043 1189 3296 1233 naturam
3351 1175 3689 1230 incarnatam
3741 1171 4014 1226 dicamus.

729 1285 797 1340 Et
836 1295 1089 1338 naturam
1129 1283 1318 1338 itidem
1365 1280 1730 1334 humanitatis
1766 1278 1974 1331 unitam
2011 1275 2188 1328 Verbo
2265 1273 2542 1344 dicentes,
2615 1275 3008 1346 particularem
3053 1272 3292 1326 maxime
3365 1269 3512 1324 illam
3578 1265 4016 1332 subsistentiam,

734 1395 901 1448 quam
940 1380 1110 1432 solam
1148 1394 1211 1429 ex
1250 1375 1508 1430 omnibus
1551 1373 1788 1426 Verbum
1827 1371 2147 1440 assumpsit,
2184 1369 2473 1423 sentimus.

1284 1517 1513 1572 CAPUT
1553 1512 1790 1568 XLVIII.

740 1639 1008 1693 Prwtcrca
1045 1635 1106 1688 de
1143 1633 1328 1689 IIGH'C’SI
1377 1628 2160 1700 Monophysitarum,quodea
2194 1627 2321 1680 insi-

810 1712 953 1762 diose
971 1708 1256 1761 admodum
1298 1713 1344 1756 et
1365 1699 1654 1772 periculose
1671 1703 1733 1752 de
1770 1699 1863 1752 IIei
1889 1699 2034 1753 Verbi
2065 1699 2289 1750 incarna

809 1782 949 1833 (iunc
979 1784 1256 1846 opinatur.

814 1895 919 1950 Sed
957 1893 1296 1962 Philoponus
1331 1905 1454 1943 cum
1489 1887 1862 1944 sectatoribus
1906 1887 2041 1952 suis,
2075 1899 2327 1940 commu«
2358 1920 2404 1980 Β

741 2004 867 2041 nem
900 1987 1197 2039 humanam
1231 1992 1513 2045 naturam,
1546 1981 1831 2050 ipsamque
1860 1980 2024 2032 etiam
2057 1977 2327 2038 divinam,

739 2096 904 2149 quam
957 2076 1352 2130 indivisibilem
1396 2075 1655 2136 dicimus,
1694 2072 1746 2124 in
1790 2070 2062 2140 plurimas
2098 2070 2332 2138 partitur

747 2185 1032 2241 personas,
1056 2171 1383 2222 discernens
1418 2180 1562 2226 eam,
1589 2172 1645 2216 et
1679 2164 1998 2232 singulatim
2032 2159 2334 2215 individuis

746 2263 1017 2325 tribuens,
1055 2269 1108 2313 et
1146 2259 1323 2313 tribus
1363 2254 1916 2324 supersubstantialis
1951 2262 2165 2308 natura:
2200 2252 2334 2307 sub-

746 2354 1018 2411 sistentiis
1064 2351 1419 2418 dispertiens.
1471 2346 1526 2402 ld
1567 2362 1699 2400 vero
1736 2346 1918 2417 ipsum
1956 2361 1984 2398 a
2022 2357 2172 2400 recte
2205 2360 2331 2399 sen-

749 2447 1016 2501 tientibus
1076 2457 1309 2512 prorsus
1367 2450 1454 2495 est
1503 2439 1747 2494 alienum
1803 2458 1814 2491 :
1870 2436 2335 2507 quemadmodum

747 2539 853 2592 hoc
887 2553 1116 2603 magnus
1154 2535 1206 2588 in
1239 2534 1517 2602 tlteoIOgia
1555 2533 1637 2584 vir
1667 2532 1972 2600 Gregorius
2029 2530 2338 2586 cIurissitue

749 2632 805 2684 in
860 2629 1006 2682 libro
1062 2626 1128 2679 ad
1189 2625 1480 2694 Evagriqu
1535 2622 1869 2676 monachum
1925 2623 1990 2674 de
2046 2619 2338 2674 divinitate

751 2719 994 2787 scripto,
1052 2715 1271 2769 astruit.
1326 2715 1472 2778 Quin
1524 2714 1691 2766 etiam
1749 2721 1872 2781 post
1929 2710 2082 2763 illum
2134 2709 2338 2762 eruditi

749 2811 977 2880 quidam
1024 2808 1301 2868 homines,
1343 2820 1404 2858 ea
1450 2820 1572 2872 qua:
1617 2817 1904 2872 perperam
1957 2817 1983 2853 a
2031 2798 2342 2868 Philopono

751 2901 965 2972 prolata
1014 2909 1178 2961 sunt,
1235 2897 1579 2951 refellerunt.
1646 2893 1709 2947 Et
1765 2908 1888 2946 cum
1943 2892 2195 2962 plerique
2247 2889 2340 2942 alii

753 2995 977 3064 scriptis
1013 2994 1129 3045 suis
1161 3007 1222 3044 ea
1260 2997 1674 3059 Oppugnarunt,
1711 2997 1823 3040 tum
1859 2985 2122 3038 Leontius
2153 2997 2343 3036 mona-

755 3089 895 3142 chus
948 3086 1196 3140 omninm
1254 3083 1491 3135 maxime
1543 3080 1824 3150 egregium
1877 3079 2078 3132 l:brum
2122 3077 2344 3144 triginta

755 3179 998 3248 capitum
1049 3187 1240 3229 contra
1292 3175 1440 3227 iIIlllIl
1498 3172 1862 3240 conscripsit,
1910 3186 2020 3239 quo
2075 3169 2234 3222 simul
2289 3177 2344 3220 et

2994 1510 3246 1564 ΚΕΦΑΛ.
3297 1507 3440 1562 MII'.

2432 1631 2558 1682 Ἔτι
2590 1627 2723 1694 περὶ
2762 1624 2880 1678 τῶν
2902 1624 3371 1694 Μονοφυσιτῶν,
3398 1623 3488 1677 ὅτι
3521 1622 3848 1694 apalech
3878 1623 4020 1692 περὶ

2458 1699 2570 1767 τῆς
2601 1693 2709 1752 τοῦ
2737 1697 2886 1752 Θεοῦ
2919 1693 3120 1766 Λόγου
3145 1697 3511 1766 σαρκώσεως
3542 1693 3983 1764 δογματίζουσι.

2515 1876 2655 1931 Ἀλλ’
2686 1878 2713 1930 ό
2748 1877 2848 1946 μὲν
2879 1874 3177 1937 Φιλόπονος
3211 1873 3307 1926 καὶ
3340 1875 3455 1927 ὅσοι
3502 1871 3715 1926 ἐκείνου
3759 1871 4021 1942 σύμφρο-

2434 1990 2543 2035 νες,
2569 1971 2668 2040 τὴν
2694 1970 2882 2034 κοινὴν
2913 1968 3268 2038 ἀνθρωπείαν
3297 1967 3482 2036 φύσιν,
3511 1969 3604 2020 καὶ
3626 1968 3798 2036 αὐτὴν
3831 1969 3888 2021 δὲ
3921 1967 4025 2038 τὴν

2434 2064 2588 2117 θείαν
2641 2064 2709 2134 ἦν
2758 2080 2940 2133 φαμεν
2984 2064 3319 2134 ἀδιαίρετον,
3352 2065 3434 2124 είς
3491 2063 3723 2116 πλεῖστα
3779 2063 4024 2131 διίστησι

2436 2161 2726 2226 πρόσωπα,
2757 2156 3094 2226 ἀποδιαιρῶν
3145 2157 3315 2226 αὐτὴν
3368 2155 3509 2208 κατὰ
3571 2159 3744 2224 μόνην
3791 2155 4023 2209 ὲνιστὼν

2436 2252 2550 2313 τοῖς
2581 2251 2828 2316 ἀτόμοις,
2857 2251 2952 2302 καὶ
2973 2252 3092 2312 ταῖς
3119 2250 3270 2318 τρισὶ
3301 2249 3545 2318 μερίζων
3567 2249 3663 2317 τῆς
3693 2248 4024 2318 ὑπερουσίου

2439 2344 2654 2410 φύσεως
2686 2343 3042 2397 ὑποστάσεσι.
3079 2341 3252 2395 Τοῦτο
3279 2343 3334 2394 δὲ
3363 2342 3542 2411 πάντη
3582 2342 3870 2411 ἀλλότριον
3912 2343 4027 2403 τοῖς

2439 2438 2797 2508 ὸρθὸφροσινο
2831 2439 2904 2499 ὡς
2937 2437 3000 2506 δὴ
3034 2437 3129 2491 καὶ
3160 2440 3187 2490 ὁ
3220 2437 3396 2507 μέγας
3431 2438 3491 2489 ὲν
3534 2435 3785 2505 θεολογία
3814 2435 4032 2506 Γρηγόο

2443 2547 2556 2598 ριος
2588 2529 2748 2582 τοῦτο
2798 2529 3172 2600 ἁριδηλότατα
3224 2529 3471 2598 παριστᾷ
3511 2529 3570 2581 ὲν
3596 2527 3675 2598 τῷ
3725 2527 3861 2597 πρὸς
3893 2527 4034 2580 Εὐά-

2441 2641 2601 2692 γριον
2635 2623 2868 2693 μοναχὸν
2909 2623 3058 2694 λόγῳ
3087 2625 3218 2694 περὶ
3272 2623 3553 2692 θεότητος.
3597 2623 3670 2674 Ού
3703 2622 3812 2691 μὴν
3842 2621 3899 2674 δὲ
3937 2621 4033 2674 καί

2442 2733 2588 2775 τινες
2620 2718 2728 2768 τῶν
2789 2718 3090 2785 μετέπειτα
3123 2716 3322 2784 λογίων
3369 2716 3738 2782 ἀνεξέλεγκτα
3773 2715 4035 2783 παρῆκαν

2443 2809 2511 2860 τὰ
2550 2806 2630 2877 τῷ
2659 2809 2942 2877 Φιλοπόνῳ
2975 2807 3163 2871 κακῶς
3195 2808 3620 2879 ἐξενηνεγμένα.
3651 2800 3812 2861 Ἀλλὰ
3845 2807 4037 2860 πολλοὶ

2450 2901 2549 2970 μὲν
2577 2902 2669 2953 καὶ
2699 2899 2850 2954 ἄλλοι
2875 2901 3092 2965 τούτοις
3116 2901 3436 2954 ἀντέθεντοο
3467 2900 3706 2969 μάλιστα
3731 2901 3786 2953 δὲ
3810 2901 4036 2953 πάντων

2446 2996 2473 3045 ό
2509 2995 2745 3063 μοναχὸς
2781 2995 3038 3056 Λεόντιος
3090 2994 3356 3061 γενναίως
3389 2995 3451 3047 ὲν
3484 2994 3528 3046 λ’
3585 2993 3909 3061 κεφαλαίοις
3945 2993 4032 3061 βί-

2450 3087 2575 3139 ϐλον
2610 3088 2743 3154 ὅλην
2790 3087 3004 3149 τούτοις
3049 3087 3412 3155 άντέστησεν,
3452 3086 3624 3155 ἄρδην
3660 3087 3760 3154 μὲν
3793 3085 3895 3155 τὴν
3922 3103 4039 3137 τοι-

2449 3179 2623 3247 αύτην
2652 3179 2866 3248 αἵρεσιν
2887 3179 3331 3248 ἀνατρέπουσαν,
3369 3177 3580 3248 σφόδρα
3607 3178 3662 3230 δὲ
3689 3178 3784 3232 καὶ
3820 3179 3882 3230 τὸ
3910 3179 4039 3230 καθ’

756 3273 1009 3327 Itwrcsim
1057 3284 1177 3323 eam
1228 3281 1457 3336 prorsus
1510 3267 1741 3328 evertit,
1789 3274 1845 3316 et
1896 3262 2040 3331 piam
2093 3270 2338 3316 nostram
2369 3273 2473 3340 δή

2447 3273 2594 3340 ἡμᾶς
2630 3271 2853 3334 εὐσεϐὲς
2906 3272 3087 3343 δόγμα
3130 3271 3536 3342 κρατύνουσαν.
3579 3273 3707 3325 Ἐπὶ
3751 3271 3810 3324 δὲ
3857 3270 4039 3340 τούτῳ

755 3362 1088 3415 sententiam
1136 3358 1288 3410 valde
1339 3356 1649 3410 conlirmat.
1698 3354 1826 3407 Post
1875 3353 2020 3406 hunc
2063 3361 2121 3405 ct
2165 3350 2341 3404 admi-

756 3455 962 3506 randus
1032 3452 1119 3504 illc
1169 3451 1437 3502 diaconus
1493 3458 1658 3514 atque
1705 3444 2116 3498 referendarius
2171 3442 2344 3496 Geor-

757 3561 880 3613 gius
913 3543 1148 3605 Pisides,
1183 3542 1412 3609 aequalis
1448 3541 1562 3592 sive
1601 3549 1910 3591 eoa-laneus
1948 3536 2118 3599 illius,
2151 3550 2344 3602 quam-

757 3640 841 3691 vis
889 3648 1048 3690 a:tate
1101 3637 1387 3702 aliquanto
1428 3632 1638 3701 junior,
1683 3629 1878 3682 iambis
1931 3625 2342 3697 pulcherrimis,

759 3745 899 3797 quos
935 3727 1180 3784 scribere
1221 3732 1608 3784 consueverat,
1641 3735 1770 3774 cum
1805 3719 1950 3772 dicta
1985 3715 2176 3770 hmresi
2213 3731 2342 3769 con-

759 3836 1004 3892 gressus.
1054 3817 1220 3888 875
1277 3832 1392 3870 rem
1445 3815 1644 3870 seriam
1695 3805 1912 3866 ludicro
1964 3808 2341 3879 temperando,

759 3915 825 3969 ad
867 3915 1014 3968 hunc
1058 3915 1280 3966 modum
1327 3908 1516 3970 refert,
1559 3904 1955 3960 absurditatetn
1985 3902 2146 3956 illius
2191 3900 2338 3953 relu-

759 4022 883 4062 laus
914 4025 928 4060 ἒ

835 4137 998 4191 Unam
1036 4138 1194 4204 atque
1220 4148 1340 4186 mox
1388 4149 1555 4184 unam
1603 4129 1788 4198 lupillo
1812 4135 2120 4204 computat:

835 4215 897 4261 At
930 4200 1165 4258 muniet
1201 4221 1361 4256 unum
1397 4205 1530 4269 forte
1553 4219 1597 4253 st
1638 4219 1798 4253 unum
1826 4200 2046 4260 dixeris,

836 4279 990 4329 I’ucri
1015 4278 1093 4328 vel
1127 4279 1221 4342 ipsi
1252 4276 1358 4326 (ulc
1385 4276 1580 4325 dictum
1607 4274 1838 4324 riserint.

761 4417 916 4486 Quod
955 4426 1137 4469 autem
1202 4415 1489 4468 versiculis
1545 4414 1633 4467 hic
1681 4411 1977 4480 expressit,
2015 4409 2095 4462 sic
2130 4409 2338 4462 habet:

760 4513 1066 4573 I‘roliteris,
1101 4508 1302 4576 inquit,
1359 4507 1692 4576 I’bilopone,
1725 4505 2187 4574 philosophorum
2222 4517 2342 4555 om-

763 4607 912 4658 nium
936 4597 1444 4656 lahoriosissimect
1482 4597 1917 4665 sapientissime,
1951 4598 2087 4649 duas
2114 4602 2342 4648 naturas

764 4698 816 4749 in
855 4696 1032 4750 Verbo
1087 4693 1270 4747 unitas
1324 4705 1478 4745 esse:
1539 4706 1701 4743 unam
1730 4689 2054 4753 divinitatis,
2103 4695 2343 4740 etunam

763 4787 1144 4842 humanitatis.
1171 4785 1228 4841 Si
1259 4799 1389 4854 ergo
1412 4778 1549 4838 duas
1579 4793 1799 4836 naturas
1826 4781 1968 4835 dicis
1995 4785 2051 4833 in
2085 4796 2151 4834 eo
2207 4795 2343 4834 con-

763 4875 1296 4944 venissc,quomodo
1322 4874 1460 4926 duas
1500 4871 1552 4924 in
1582 4887 1742 4924 uuam
1777 4887 1970 4925 rursus
2001 4867 2290 4924 conlrahis
2319 4869 2343 4921 ‘i

764 4969 880 5023 Una
914 4983 1151 5035 namque
1192 4979 1247 5020 et
1271 4981 1375 5019 una
1426 4964 1549 5018 duze
1581 4974 1730 5028 sunt,
1759 4979 1867 5016 uolt
1905 4980 2032 5016 una.
2072 4963 2262 5031 Itaque
2293 4961 2339 5017 si

767 5064 897 5130 quis
923 5064 977 5116 iu
1013 5065 1204 5114 eadem
1251 5061 1498 5129 subjecta
1555 5075 1613 5112 re
1654 5058 1764 5111 duo
1827 5059 2076 5126 quadam
2147 5055 2346 5122 praedi-

771 5155 948 5207 cando
979 5153 1203 5212 indicet.
1235 5168 1410 5220 eaque
1447 5152 1561 5221 ipsa
1579 5167 1796 5206 rursum
1827 5152 1881 5204 in
1920 5166 2092 5204 unum
2114 5152 2347 5220 redigat,

771 5245 1064 5298 ridendum
1108 5261 1166 5299 se
1208 5244 1407 5298 merito
1469 5244 1728 5313 prmbcat.
1767 5243 1917 5298 Talis
1939 5243 2351 5315 Monophysita-

769 5357 887 5392 rum
935 5338 1040 5392 fuit
1093 5340 1345 5403 haeresis,
1401 5339 1552 5409 impii
1585 5337 1822 5394 Nestorii
1889 5339 2088 5393 haeresi
2121 5353 2349 5409 prorsus

769 5431 1071 5485 contraria.
1126 5429 1413 5487 Nestorius
1439 5433 1609 5497 enim,
1659 5443 1889 5502 propter
1918 5433 2057 5486 duas
2101 5441 2350 5497 naturas,

769 5524 909 5576 duas
953 5522 1119 5576 etiam
1179 5523 1564 5578 subsistentias
1617 5533 1908 5588 numerat,
1943 5522 2032 5578 isti
2069 5538 2196 5576 vero
2221 5538 2346 5593 pro-

766 5622 889 5683 pter
930 5627 1092 5666 unam
1158 5613 1572 5672 subsistentiam
1603 5630 1764 5668 unam
1827 5631 2047 5684 quoque
2085 5614 2343 5668 substan-

772 5705 901 5756 tiam
925 5715 980 5757 et
1006 5717 1280 5759 naturam.
1304 5703 1503 5760 Verum
1523 5705 1760 5760 Nestorii
1792 5708 2036 5770 haeresis,
2063 5717 2122 5760 ut
2148 5708 2214 5760 de
2244 5707 2345 5760 bac

767 5811 961 5851 rursus
1008 5813 1253 5866 agamus,
1315 5813 1423 5851 non
1452 5797 1586 5852 dicit
1641 5797 1811 5853 Deum
1838 5799 2113 5852 hominem
2141 5799 2342 5852 factum

768 5906 912 5952 esse,
946 5905 1123 5958 neque
1173 5891 1239 5946 de
1273 5893 1410 5948 coelo
1440 5894 1811 5955 descendisse,
1842 5903 1894 5946 et
1951 5893 2204 5946 humana:
2247 5911 2343 5948 na-

2448 3365 2540 3416 καὶ
2570 3366 2596 3416 ό
2627 3364 2936 3434 θαυμάσιος
2960 3365 3206 3427 διάκονος
3236 3367 3330 3418 καὶ
3365 3365 3823 3435 ραιφερενδάριος
3852 3361 4042 3433 Γεώρ-

2446 3474 2563 3523 γιος
2597 3459 2624 3509 ὁ
2669 3456 2956 3526 Πισσίδης,
2993 3457 3297 3528 ἡλικιώτης
3340 3457 3418 3509 ὢν
3464 3459 3686 3527 ἐκείνῳ,
3733 3458 3782 3508 εί
3819 3457 3914 3509 καὶ
3959 3457 4044 3524 τῷ

2447 3554 2626 3623 χρόνῳ
2657 3552 2779 3604 λίαν
2803 3551 3093 3623 νεώτερος,
3145 3554 3204 3605 ὲν
3237 3554 3449 3621 ίάμὸω)
3484 3556 3710 3624 μέτροις
3760 3551 4043 3622 ἀρίστοις,

2448 3644 2640 3715 ὥσπερ
2665 3644 2869 3698 εἴθιστο
2901 3649 3159 3716 γράφειν,
3197 3646 3330 3716 πρδς
3361 3647 3460 3718 τὴν
3491 3647 3797 3718 είρημένην
3819 3647 4043 3717 αἵρεσιν

2452 3738 2701 3805 ἀντιϐὰς,
2745 3740 2840 3792 καὶ
2872 3739 3097 3792 παιδιάν
3121 3740 3326 3810 σπουδῇ
3373 3742 3661 3810 κεραννὺς,
3710 3738 3857 3792 οὕτω
3906 3755 4032 3802 πως

2447 3831 2817 3902 διεξέρχεται,
2856 3831 3066 3903 σφόδρα
3096 3831 3392 3904 διελέγχων
3416 3834 3478 3886 τὸ
3507 3834 3748 3888 ἄτοπον*

2595 4138 2918 4206 Ψηφίζεται
2947 4137 3165 4194 θᾶττον
3190 4140 3338 4206 μίαν
3368 4155 3430 4192 τε
3461 4139 3557 4190 καὶ
3587 4139 3739 4206 μίαν
3766 4155 3782 4171 ο

2590 4209 2659 4264 Ei
2692 4210 2801 4277 γὰρ
2827 4211 2974 4278 μίαν
3008 4226 3070 4261 τε
3105 4211 3199 4261 καί
3223 4211 3375 4278 μίαν
3396 4209 3601 4277 λέγεις
3625 4211 3794 4276 μίαν,

2587 4279 2793 4345 Γέλως
2821 4280 2887 4333 τὸ
2911 4279 3135 4347 λεχθὲν
3173 4279 3436 4348 γίγνεται
3463 4281 3558 4332 καὶ
3591 4281 3878 4348 παιδίοις.

2453 4416 2517 4468 ‘0
2544 4415 2600 4466 δέ
2625 4431 2759 4484 φησι
2783 4414 3024 4467 τοιοῦτόν
3055 4415 3205 4466 ἐστιν
3230 4427 3244 4443 ο
3307 4415 3625 4484 Ὁμολογεῖς
3648 4458 3663 4482 ,
3699 4418 3857 4488 φησι,
3892 4423 4047 4488 φιλο-

2448 4508 2723 4561 πονωταῖε
2753 4506 2849 4558 καὶ
2879 4504 3307 4573 φιλοσοφώτατε,
3338 4507 3431 4559 δύο
3460 4508 3651 4577 φύσεις
3688 4512 3934 4580 ἡνῶσθαι
3962 4515 4044 4584 τῷ

2449 4598 2605 4666 Λόγῳ
2638 4614 2650 4626 ·
2687 4597 2812 4666 μίαν
2838 4597 2938 4666 τῆς
2965 4596 3215 4666 θεότητος
3271 4599 3363 4650 καὶ
3395 4599 3525 4666 μίαν
3551 4600 3652 4668 τῆς
3679 4601 4047 4675 ἀνθρωπότη-

2457 4708 2572 4753 τος.
2608 4690 2673 4743 Εί
2699 4689 2878 4742 τοίνυν
2904 4689 2998 4742 δύο
3028 4691 3220 4759 φύσεις
3267 4691 3448 4757 λέγεις
3485 4694 3913 4762 συνεληλυθέναι
3948 4701 4048 4752 αὖ·

2454 4783 2553 4853 τῷ,
2582 4783 2697 4846 πῶς
2727 4784 2805 4844 είς
2858 4784 2987 4851 μίαν
3017 4779 3172 4844 αὖθις
3201 4783 3297 4845 τὰς
3331 4785 3427 4836 δύο
3455 4785 3803 4853 συστέλλεις;
3867 4791 4007 4858 φησί
4031 4808 4045 4822 ο

2457 4878 2558 4946 μία
2588 4877 2696 4945 γὰρ
2738 4877 2832 4930 καὶ
2860 4877 2958 4946 μία
3006 4875 3120 4941 δύο,
3153 4876 3269 4929 ἀλλ’
3299 4877 3422 4947 οὐχὶ
3464 4877 3585 4943 μία.
3616 4879 3797 4943 Γέλως
3828 4883 3963 4948 γοῦν
3999 4887 4054 4937 εί

2454 4988 2536 5033 τις
2594 4972 2736 5023 κατά
2797 4970 2893 5022 τοῦ
2951 4970 3116 5023 αὑτοῦ
3158 4971 3522 5038 ὑποκειμένου
3579 4973 3674 5024 δύο
3705 4979 4044 5047 κατηγοροίη

2446 5062 2590 5126 τινὰ,
2626 5062 2720 5116 καὶ
2756 5057 2910 5125 αὖθις
2942 5062 3001 5115 ἓν
3027 5062 3191 5116 πάλιν
3247 5067 3315 5116 τὰ
3339 5063 3569 5117 τοιαῦτα
3597 5068 3834 5121 ποιοῖτο.
3884 5071 4049 5122 Ἀλλὰ

2447 5154 2673 5224 τοιαύτη
2717 5155 2817 5224 μὲν
2849 5156 2880 5222 η
2929 5155 3039 5208 τῶν
3083 5155 3480 5223 Μονοφυσιτῶν
3515 5157 3746 5227 αἵρεσις,
3781 5161 4046 5216 ἐναντιω-

2447 5244 2583 5312 τάτη
2612 5245 2846 5312 πάμπαν
2872 5245 2938 5314 τῇ
2989 5243 3084 5296 τοῦ
3128 5245 3426 5308 δυσσεϐοῦς
3478 5247 3782 5318 Νεστορίου
3823 5252 4048 5319 αἱρέσει

2451 5336 2849 5404 καθεστηκυῖα.
2894 5335 2954 5386 '0
3001 5335 3101 5403 μὲν
3148 5335 3258 5404 γάρ
3289 5335 3591 5406 Νεστόριος
3645 5338 3739 5390 διά
3769 5338 3831 5391 τὸ
3863 5341 4046 5393 διττὸν

2447 5427 2554 5480 τῶν
2605 5427 2822 5489 φύσεων
2854 5427 2946 5477 καὶ
2992 5427 3087 5478 δύο
3129 5428 3457 5490 ὑποστάσεις
3489 5430 3828 5499 καταριθμεῖ
3854 5448 3868 5461 °
3907 5436 3960 5487 οἱ
3990 5435 4048 5487 δὲ

2451 5519 2539 5571 διὰ
2573 5521 2672 5585 την
2705 5519 2834 5588 μίαν
2867 5519 3166 5572 ὑπόστασιν
3209 5523 3304 5573 καὶ
3339 5523 3472 5590 μίαν
3505 5523 3696 5576 οὐσίαν
3741 5526 3838 5579 καὶ
3877 5529 4047 5595 φύσιν

2451 5613 2691 5666 τίθενται
2738 5611 2893 5668 εἶναι.
2956 5613 3102 5682 Πλὴν
3150 5615 3180 5683 ἡ
3226 5615 3318 5667 τοῦ
3351 5617 3651 5689 Νεστορίου
3679 5613 4046 5688 αίρεσις,’ῐνα

2454 5706 2583 5774 περὶ
2612 5705 2813 5775 ταύτης
2868 5705 2961 5757 καὶ
2997 5703 3152 5768 αὖθις
3183 5695 3600 5778 διαληῷώμεθα,
3645 5709 3710 5763 οὔ
3758 5727 3899 5782 φησι
3954 5718 4046 5769 τὸν

2449 5799 2582 5850 Θεὸν
2617 5799 2906 5867 ἄνθρωπον
2951 5797 3228 5866 γενέσθαι,
3263 5800 3378 5853 οὐδ’
3415 5801 3475 5864 ἐξ
3501 5803 3735 5872 οὐρανοῦ
3790 5808 4042 5878 καταϐῇ-

2449 5915 2554 5962 ναι,
2607 5897 2697 5948 καὶ
2732 5900 2794 5967 τῇ
2837 5896 3151 5967 ἀνθρωπίνῃ
3204 5897 3473 5968 ἑνωθῆναι
3519 5901 3681 5967 φύκει
3722 5903 4037 5970 οὐσιωδὼςο
