4262 6446
327 427 433 488 429

1219 429 1806 490 ECCLESIASTIQE
1847 431 2225 490 lilS'l‘Oill.E
2269 431 2403 492 Lii}.
2458 435 2665 494 .‘LVlil.

3465 436 3568 498 430

325 543 466 594 ἀλλὰ
513 560 636 594 τινα
674 544 931 612 σχετικὴν
977 544 1238 598 διάθεσιν.
1296 547 1431 611 Φησὶ
1486 549 1592 616 γὰρ
1637 548 1900 614 ὲνωθῆναι
1933 574 1974 626 Α

1888 567 1900 598 ι
1933 574 1974 626 Α
2009 557 2140 600 tune
2173 546 2475 600 substantia
2532 547 2643 613 ipsa
2677 544 2887 597 unitum
2912 559 3053 603 esse,
3094 547 3184 597 sed
3219 545 3404 597 hahitu
3439 562 3568 613 quo-

324 636 418 685 τὸν
443 635 579 686 Θεὸν
633 636 806 701 Λόγον
849 636 928 704 τῷ
955 638 1016 687 ὲκ
1049 637 1268 704 Μαρίας
1295 638 1586 708 ἀνθρώπῳ,
1637 639 1822 707 ὥσπερ
1854 639 1905 690 εἴ

322 744 411 786 τις
467 727 621 792 φίλος
652 727 790 795 φίλῳ
843 727 1179 780 ἒνωσινδιὰ
1233 729 1468 795 σχέσεως
1515 731 1740 780 ποιοῖτο.
1795 731 1902 781 Καὶ

325 816 584 868 λανθάνει
645 818 743 886 μὲν
793 819 1022 880 πολλοὺς
1072 820 1267 871 ἕνωσιν
1319 821 1602 886 ὀνομάζων
1632 821 1768 874 Θεοῦ
1810 822 1902 874 καὶ

321 910 618 977 ἀνθρώπου
643 926 656 938 ·
697 911 757 964 τὸ
800 912 844 964 δ’
869 912 1069 980 ἀληθὲς
1103 913 1386 966 διάστασιν
1435 917 1528 966 καὶ
1580 916 1676 983 οὐχ
1708 916 1900 968 ἕνωσιν

324 1004 640 1068 σαφέστατα
664 1005 982 1071 δογματίζει
1009 1021 1023 1034 ·
1070 1006 1128 1058 τὸ
1161 1007 1268 1074 γὰρ
1308 1005 1488 1072 λέγειν
1519 1007 1593 1075 μὴ
1625 1008 1901 1069 οὑσιωδῶς

317 1092 592 1160 ἑνωθῆναι
618 1093 696 1161 τῷ
734 1094 1010 1164 ἀνθρώπῳ
1042 1095 1132 1147 τὸν
1166 1096 1300 1146 Θεὸν
1332 1097 1523 1163 Λόγον,
1577 1097 1713 1149 ἀλλὰ
1761 1099 1899 1150 κατὰ

319 1183 548 1251 φιλικήν
577 1202 695 1234 τινα
728 1185 933 1253 σχέσιν,
961 1185 1059 1254 οὐχ
1093 1187 1284 1248 ἓνωσις
1314 1187 1567 1256 ἀκριϐὴς,
1615 1189 1750 1241 ἀλλὰ
1780 1189 1896 1241 διὰ·

316 1276 508 1340 ζευξις
531 1276 758 1345 ἀληθής.
794 1276 960 1328 Ὀοεν
996 1280 1085 1329 τὸν
1116 1281 1278 1330 αὐτὸν
1312 1283 1403 1332 καὶ
1425 1281 1580 1347 ψιλὸν
1612 1282 1898 1350 ἄνθρωπον

315 1369 414 1417 καὶ
447 1369 651 1435 ὑψηλὸν
678 1370 865 1435 ἔλεγεν
898 1372 926 1422 6
957 1371 1249 1437 Νεστόριος
1272 1390 1282 1400 ·
1311 1373 1466 1439 ψιλὸν
1496 1373 1615 1440 μὲν,
1645 1375 1716 1434 ὡς
1749 1376 1894 1426 ἐστε-

317 1459 562 1526 ρημένον
618 1460 716 1525 τῆς
745 1462 1033 1525 οὑσιὼδους
1069 1462 1162 1514 τοῦ
1211 1464 1346 1514 Θεοῦ
1392 1463 1659 1526 ένώτεως,
1695 1465 1896 1534 ὑψηλὸν

313 1550 394 1610 δὲ,
428 1552 505 1613 ὼς
533 1552 596 1604 ἐκ
619 1555 843 1622 πρώτης
870 1557 1138 1622 γενέσεως
1164 1557 1582 1624 τετελειωμένον
1610 1563 1725 1620 ταῖς
1769 1561 1893 1626 ἁρε-

312 1641 457 1699 ταῑς.
517 1640 711 1691 Ἔνθεν
766 1657 850 1693 τοι
891 1643 984 1694 καὶ
1029 1643 1128 1711 τὴν
1159 1643 1234 1702 ὡς
1278 1645 1493 1712 ἀληθῶς
1522 1647 1781 1698 Θεοτόκον
1831 1648 1892 1699 οὐ

311 1729 581 1782 θεοτόκον
599 1731 626 1781 6
648 1733 928 1802 ἀλιτήριος
951 1736 1356 1802 κατωνόμαζεν,
1379 1737 1516 1788 ἀλλὰ
1535 1739 1894 1807 Χριστοτόκον

311 1823 523 1885 ἐκάλει,
549 1826 623 1884 ὡς
649 1824 937 1893 ἄνθρωπον
967 1825 1109 1878 θεῖον
1133 1827 1291 1894 δῆθεν
1323 1831 1416 1880 καὶ
1441 1828 1576 1880 Θεοῦ
1603 1830 1753 1896 φίλον
1775 1848 1892 1897 γεν-

2005 636 2126 687 dam
2167 647 2220 690 et
2251 636 2560 688 aﬂ'ectione.
2603 635 2826 688 Unitum
2851 651 3086 702 namque
3118 635 3284 687 Deum
3327 637 3564 690 Verbum

2005 729 2082 783 sic
2106 728 2312 780 homini
2348 743 2414 781 ex
2443 727 2608 779 Maria
2656 736 2920 794 prognato
2956 727 3144 787 refert,
3173 728 3247 778 uti
3279 742 3335 781 sc
3359 730 3570 781 amicus

2004 819 2203 872 amieo-
2251 835 2346 885 per
2381 818 2729 871 aﬂectionem
2762 818 2901 868 unit.
2934 817 2998 870 Et
3033 819 3234 870 multos
3259 817 3564 877 Nestorius,

2004 913 2263 964 unionem
2293 911 2385 962 Dei
2417 919 2471 962 et
2491 908 2728 962 hominis
2761 909 3072 968 nominans,
3106 909 3292 962 latenti
3325 908 3561 976 quadam

2004 1000 2195 1052 fraude
2232 999 2404 1052 fallit:
2440 1002 2616 1067 reipsa
2670 1008 2852 1051 autem
2883 999 3231 1056 divisionem.
3264 1015 3370 1052 non
3407 999 3563 1050 unio-

2007 1106 2129 1142 ucm
2194 1090 2535 1158 apertissime
2577 1088 2755 1141 docet.
2825 1087 2878 1140 Si
2937 1102 3170 1152 namque
3231 1085 3400 1148 dicas,
3459 1101 3562 1138 non

2004 1183 2308 1235 substantia
2338 1183 2450 1250 ipsa
2483 1181 2648 1233 Deum
2690 1180 2926 1233 Verbum
2964 1179 3194 1240 homini,
3253 1179 3346 1231 sed
3392 1180 3563 1232 amica

2005 1273 2237 1341 quadam
2274 1274 2562 1328 affectione
2596 1274 2807 1325 unitum
2854 1287 2996 1334 esse,
3051 1287 3156 1324 non
3207 1272 3338 1323 uuio
3389 1281 3562 1334 certa,

2001 1367 2094 1419 sed
2162 1365 2458 1434 disjuuctio
2513 1382 2638 1418 vera
2688 1364 2872 1417 fuerit.
2928 1366 3270 1432 Quapropter
3309 1362 3560 1414 eumdem

2000 1467 2054 1510 et
2113 1466 2331 1510 tenuem
2375 1468 2429 1509 et
2467 1457 2756 1509 sublimem
2789 1456 3062 1509 hominem
3098 1456 3240 1509 idem
3282 1456 3564 1509 Nestorius

1999 1551 2173 1603 dixit:
2232 1561 2446 1602 tenuem
2532 1550 2776 1616 quidem,
2839 1550 3006 1602 veluti
3065 1548 3411 1602 substantiali
3468 1545 3558 1597 Dei

2001 1643 2200 1694 unione
2261 1639 2628 1703 destitutum;
2699 1642 2986 1695 sublimem
3037 1657 3186 1700 vero,
3237 1651 3495 1708 tanquam
3527 1655 3554 1690 a

2000 1733 2174 1802 prima
2229 1732 2513 1787 nativitate
2575 1733 2873 1787 virtutibus
2935 1734 3255 1803 perfectum.
3321 1730 3557 1785 Proinde

1999 1830 2162 1881 etiam
2207 1841 2396 1880 revera
2433 1827 2524 1880 Dei
2554 1825 2905 1890 Geuitrieem,
2945 1843 3052 1879 non
3098 1827 3190 1879 Dei
3225 1824 3559 1878 Genitricem

312 1915 583 1982 vﬁazaav'
606 1917 696 1968 καὶ
729 1917 804 1978 ὡς
829 1919 1037 1988 χρίσμα
1071 1938 1122 1971 τι
1153 1920 1383 1972 λαϐόντα
1415 1923 1562 1989 παρὰ
1585 1924 1739 1981 Θεοῦ,
1768 1942 1894 1991 προ·
1929 1907 1968 1962 Β

1875 1956 1894 1964 -
1929 1907 1968 1962 Β
2002 1922 2166 1976 homo
2205 1919 2449 1974 nefarius
2483 1919 2806 1984 nominavit,
2846 1920 2938 1974 sed
2976 1919 3180 1974 Christi
3226 1916 3558 1971 Genitriccm

309 2007 542 2073 φητικὸν
576 2007 608 2077 ἢ
644 2007 924 2075 βασιλικὸν
975 2011 1070 2062 καὶ
1104 2013 1492 2080 ἀρχιερατικὸν
1524 2015 1740 2085 ἀξίωμα
1765 2033 1778 2047 ·
1819 2019 1894 2088 μὴ

311 2098 501 2164 μέντοι
528 2115 590 2165 γε
638 2100 702 2168 δὴ
732 2103 824 2152 καὶ
849 2102 1122 2166 οὐσιωδῶς
1165 2104 1284 2172 Θεῷ
1315 2105 1655 2176 ὁμιλήσαντα
1679 2108 1763 2160 διὰ
1795 2109 1892 2176 τῆς

308 2191 802 2262 ὲνανθρωπήσεως.
863 2197 971 2248 Καὶ
1020 2196 1193 2250 ταῦτα
1221 2199 1320 2265 μὲν
1347 2199 1374 2250 6
1399 2199 1693 2269 Νεστόριος
1716 2217 1728 2229 ·
1772 2203 1800 2253 6
1837 2202 1892 2254 δὲ

306 2282 678 2350 ἀτυχέστατος
697 2285 764 2337 τὰ
802 2287 1084 2352 κρείττονα
1117 2289 1364 2358 Εὐτυχὴς
1396 2291 1526 2342 Θεὸν
1556 2291 1654 2358 μὲν
1682 2291 1892 2359 ὠμολό⁹

305 2388 397 2436 γει
429 2374 683 2442 τεχθῆναι
717 2377 826 2427 ἀπὸ
860 2377 954 2443 τῆς
978 2379 1249 2447 ἀχράντου
1283 2382 1556 2446 παρθένου
1588 2384 1682 2434 καὶ
1704 2384 1891 2436 Θεοτό-

306 2479 430 2524 κου,
460 2463 555 2514 καὶ
573 2463 734 2516 τοῦτο
765 2465 924 2531 μόνον
948 2468 1154 2518 ἐτίθετο
1190 2469 1456 2531 εὐσε6ὡ;’
1499 2472 1891 2542 πεπλασμένην

304 2554 360 2605 δὲ
394 2556 496 2623 τῆν
529 2557 706 2625 σάρκα
737 2558 978 2622 ἐδόξαζε,
1033 2562 1122 2612 καὶ
1150 2562 1248 2612 ὅσα
1285 2562 1434 2628 ἑξῆς.
1483 2561 1586 2615 Τὸν
1621 2565 1722 2633 γὰρ
1753 2566 1886 2617 Θεὸν

306 2646 478 2698 αὑτὸν
507 2648 682 2713 Λόγον
732 2650 1015 2716 τραπέντα
1064 2652 1370 2719 ἀτρέπτως,
1405 2655 1494 2704 καὶ
1532 2656 1711 2721 σάρκα
1743 2660 1888 2722 γενό-

307 2755 499 2804 μενον,
541 2741 815 2805 φαντὰσαι
847 2741 942 2810 τὴν
968 2742 1281 2808 οἰκονομίαν
1303 2762 1315 2774 ·
1363 2747 1441 2797 διὸ
1494 2751 1586 2800 καὶ
1619 2750 1794 2801 πάιτα
1826 2753 1888 2801 τὰ

308 2829 604 2891 σωματικὰ
651 2828 744 2880 τοῦ
788 2830 920 2881 Θεοῦ
973 2833 1320 2900 φαντασιώδη
1370 2835 1555 2901 ἔλεγεν
1586 2832 1760 2889 εἶναι·
1795 2842 1887 2891 καὶ

303 2921 441 2970 αὐτὸ
480 2921 540 2971 δὲ
564 2921 621 2971 τὸ
656 2921 877 2990 σταυρῷ
910 2923 1149 2990 παγῆναι
1173 2924 1333 2988 φύσιν
1365 2927 1579 2995 ἐκείνην
1607 2930 1702 2996 τῆν
1738 2930 1888 2981 θείαν

305 3009 402 3058 καὶ
435 3010 858 3075 ἁπερίγραπτον
908 3013 1298 3079 φαντασιωδῶς
1351 3015 1602 3080 γενέσθαι
1637 3017 1885 3086 ὡρίζετο.

305 3101 417 3150 Καὶ
453 3099 520 3151 τὰ
551 3100 649 3168 μὲν
683 3102 792 3152 τῶν
829 3103 919 3154 δύο
942 3104 1146 3155 τούτων
1178 3107 1464 3172 αἱρέσεων,
1493 3108 1599 3159 τῶν
1630 3111 1885 3177 ἀλλήλαις

304 3193 661 3244 παντάπασιν
688 3197 963 3260 ἐναντίων,
994 3197 1066 3257 ὡς
1097 3197 1334 3266 εἴρηται,
1371 3201 1475 3252 τὼν
1506 3219 1561 3252 τε
1594 3201 1884 3272 Νεστορια-

302 3283 437 3347 νῶν,
474 3286 644 3352 φημὶ,
701 3287 794 3338 καὶ
843 3288 1254 3353 Μονοιρυσιτῶν,
1310 3284 1372 3360 ἧς
1429 3293 1457 3342 6
1506 3292 1885 3362 Ἀλεξανξρεῦς

315 3374 596 3442 Ἰωάννης,
623 3377 650 3426 6
682 3379 773 3429 καὶ
799 3379 1087 3440 Φιλόπονος
1125 3379 1370 3449 προῦστη
1418 3384 1476 3445 ἐς
1510 3382 1756 3452 ὕστερον,
1793 3389 1882 3437 ἐπὶ

298 3467 467 3517 τόσον
507 3468 770 3536 εἰρήσθω.

1995 2015 2213 2068 vocavit
2248 2029 2262 2066 :
2295 2011 2528 2081 perinde
2579 2022 2740 2080 atque
2781 2011 3029 2064 divinum
3069 2011 3344 2063 hominem
3369 2015 3428 2060 et
3457 2009 3560 2058 Deo

1995 2107 2233 2160 amicum
2264 2105 2532 2174 genuerit,
2557 2105 2648 2172 qui
2686 2103 3002 2156 unctionem
3030 2100 3338 2170 quampiam
3364 2114 3393 2150 a
3425 2097 3556 2158 Deo,

2002 2196 2375 2264 prepheticam
2413 2195 2670 2249 videlicet
2700 2205 2793 2248 aut
2835 2195 3067 2263 regalem
3097 2202 3152 2245 et
3177 2190 3549 2260 pontiﬁcalem

1993 2288 2316 2356 dignitatem
2351 2288 2646 2362 acceperit,
2683 2302 2789 2340 non
2818 2297 2996 2340 autem
3048 2285 3352 2340 substantia
3390 2283 3552 2336 etiam

1995 2379 2108 2448 ipsa
2145 2380 2256 2432 Deo
2291 2380 2476 2432 unitus
2521 2394 2618 2446 per
2652 2378 3084 2431 incarnationem
3141 2378 3325 2430 luerit.
3376 2377 3557 2445 Atque

1992 2471 2106 2524 hzec
2128 2470 2346 2539 quidem
2375 2470 2680 2524 Nestorius.
2713 2469 3126 2521 Infelicissimus
3151 2477 3332 2521 autem
3359 2467 3554 2520 melio-

1993 2561 2145 2615 ribus
2177 2563 2341 2615 etiam
2380 2562 2548 2616 rebus
2581 2562 2696 2618 suis
2724 2561 3205 2630 Eutyches,876
3241 2562 3408 2614 Deum
3438 2560 3559 2628 qui-

1990 2651 2112 2704 dem
2148 2660 2332 2704 natum
2364 2669 2482 2707 esse
2513 2669 2578 2706 ex
2607 2654 2950 2706 immaculata
2985 2655 3202 2722 Virgine
3255 2665 3309 2706 et
3334 2653 3426 2705 Dei
3453 2651 3558 2705 Ge-

1991 2743 2183 2796 nitrice
2217 2743 2522 2808 proﬁtetur,
2563 2744 2726 2813 idque
2766 2745 2942 2812 ipsum
2975 2747 3148 2797 solum
3179 2756 3326 2798 recte
3361 2747 3556 2812 pieque

1992 2836 2193 2901 posuit,
2234 2836 2410 2890 [ictam
2454 2853 2586 2890 vero
2639 2853 2862 2890 carnem
2913 2838 3031 2908 ejus
3081 2839 3247 2892 fuisse
3298 2839 3556 2906 opinatus

1989 2937 2092 2984 est.
2125 2939 2323 2996 etquae
2347 2940 2609 2996 praeterea
2636 2930 2742 2982 illis
2771 2930 2872 2982 alia
2904 2947 3190 2998 perperam
3236 2931 3440 2984 docuit.
3474 2931 3556 2997 lp-

1989 3034 2104 3070 sum
2147 3035 2380 3087 namque
2405 3021 2573 3074 Deum
2616 3021 2842 3074 verbum
2874 3021 3007 3073 dixit
3035 3022 3357 3077 immutabili
3393 3026 3554 3078 modo

1992 3122 2255 3167 mutatum
2307 3123 2360 3168 et
2426 3129 2644 3170 carnem
2679 3115 2898 3172 factum,
2931 3114 2981 3166 in
3033 3117 3269 3183 speciem
3333 3116 3551 3170 tinxisse

1935 3259 1954 3275 η
1993 3213 2154 3270 atque
2214 3207 2556 3260 aSsimuiasse
2616 3210 2807 3260 salutis
2855 3219 3053 3261 nostra:
3083 3209 3442 3262 (economiam
3495 3220 3551 3262 et

1944 3298 1957 3314 ⁸
1994 3300 2479 3366 dispensationem.
2544 3300 2727 3365 Itaque
2758 3303 3061 3366 corporalia
3097 3303 3276 3354 emuia
3333 3304 3385 3355 iu
3428 3318 3554 3370 spe-

1991 3392 2132 3444 ciem
2206 3390 2483 3457 phantasia
2519 3392 2752 3457 quadam
2811 3393 3061 3444 simulata
3115 3404 3279 3459 atque
3336 3394 3455 3446 licta
3501 3393 3550 3448 ci

1988 3482 2206 3533 afl'uisse
2253 3485 2504 3534 asseruit.
2569 3482 2632 3534 Et
2667 3483 2766 3533 hoc
2793 3483 2992 3550 ipsum,
3022 3486 3164 3552 quod
3214 3497 3403 3538 natura
3457 3487 3553 3538 illa

301 3560 518 3624 divina,
559 3578 682 3629 qua:
720 3564 1101 3619 circumscribi
1157 3577 1212 3622 et
1260 3572 1651 3638 comprehendi
1685 3576 1894 3642 nequit,
1937 3578 2084 3628 cruci
2145 3576 2298 3628 :oﬂixa
2331 3578 2419 3631 sit.
2496 3579 2546 3628 in
2580 3580 2815 3646 speciem
2845 3596 2941 3647 per
2975 3580 3314 3648 phantasiam
3343 3590 3552 3649 gestum

300 3668 426 3706 esse
473 3655 688 3708 statuit.
730 3657 801 3708 De
840 3657 1053 3711 duabus
1082 3659 1229 3714 hisce
1269 3661 1570 3718 haeresibus
1637 3665 1777 3718 inter
1830 3682 1889 3721 se
1930 3683 2174 3736 prorsus,
2237 3670 2397 3722 sicuti
2464 3671 2701 3722 diximus
2728 3672 3042 3732 contrariis,
3079 3672 3550 3734 Nestorianorum,

301 3748 559 3817 inquam,
607 3761 662 3804 et
712 3751 1239 3823 MonOphysitarum,
1279 3760 1482 3827 quibus
1541 3773 1727 3828 postea
1786 3763 2020 3818 Joannes
2084 3767 2414 3834 Philopouus
2451 3767 2848 3820 Alexandrinus
2911 3768 3101 3834 praaiit,
3168 3770 3428 3823 hactenus
3483 3770 3551 3823 sit

299 3841 539 3896 dictum.

881 3986 1104 4039 ΚΕΦΔΛ
1116 4030 1128 4042 .
1187 3989 1320 4045 ΜΘ’.

298 4101 445 4167 Περὶ
483 4098 592 4152 τοῦ
628 4101 968 4168 φιλοσόφου
1039 4103 1342 4171 Ἰωάννου,
1397 4107 1502 4160 τοῦ
1544 4111 1881 4164 Φιλοπόνου

863 4172 961 4224 καὶ
1009 4172 1331 4238 Τριθεΐτου.

370 4288 614 4352 Λέγεται
665 4287 854 4354 μέντοι
900 4285 995 4337 καὶ
1051 4287 1254 4355 ταύτης
1325 4287 1389 4358 δὴ
1460 4289 1558 4359 τῆς
1616 4293 1879 4362 αἱρέσεως

297 4377 392 4429 τὸν
474 4374 718 4443 Σευῆρον
788 4375 1055 4445 πρότερον
1110 4376 1577 4447 καθηγήσασθαι,
1645 4386 1879 4452 προστῆ-

295 4485 383 4520 ναι
428 4466 477 4520 δ’
509 4468 566 4528 ις
595 4464 821 4535 ὕστερον
870 4467 961 4518 τὸν
1014 4467 1300 4522 Φιλόπονον
1334 4487 1347 4502 ο
1384 4471 1521 4540 μετὰ
1558 4472 1613 4523 δὲ
1644 4473 1878 4542 Σευῆρον

2547 3998 2768 4052 CAPUT
2811 3997 2995 4050 XLIX.

2130 4110 2204 4163 De
2232 4108 2528 4177 plu'IOiwpho
2557 4109 2762 4162 Joanne
2807 4110 3091 4178 Plii10pouo
3132 4110 3399 4165 Tritheita.

2057 4286 2250 4341 Fertur
2280 4303 2430 4350 sane,
2464 4297 2624 4341 sectae
2688 4287 2847 4341 istius
2884 4289 3074 4341 ducem
3105 4290 3338 4357 primum
3373 4291 3541 4347 Seve-

1985 4396 2103 4433 rum
2146 4380 2331 4442 fuisse,
2385 4388 2569 4444 postea
2623 4388 2801 4430 autem
2861 4377 3125 4432 Joannem
3181 4379 3540 4450 Philoponum

1981 4487 2099 4525 eam
2132 4469 2458 4524 defendisse.
2495 4467 2666 4522 Porro
2698 4477 2878 4522 autem
2933 4479 3053 4537 pust
3119 4471 3377 4524 Severum
3431 4474 3539 4526 lue-

293 4559 650 4624 διαδέξασθαι
723 4559 938 4627 πρῶτον
1020 4560 1119 4630 τὴν
1180 4561 1390 4630 αἵρεσιν
1439 4563 1643 4632 ταύτην
1699 4564 1956 4640 Θεοδό-Ι)

1856 4563 2148 4640 -Dresitn
2205 4561 2343 4613 hanc
2390 4561 2627 4628 primum
2687 4561 2954 4626 recepisse
3008 4562 3398 4626 Theodosium,
3447 4566 3539 4632 qui

294 4669 412 4703 σιον
444 4651 539 4702 τὸν
571 4651 703 4718 παρ’
757 4649 986 4711 ἐκείνοις
1032 4651 1264 4704 πάππαν
1318 4653 1727 4722 Ἀλεξανδρείας
1782 4671 1876 4722 γε-

291 4748 527 4816 νόμενον
549 4781 564 4806 ,
617 4739 734 4795 εἶτα
765 4746 861 4795 καὶ
891 4742 1081 4806 ἄλλους
1105 4759 1120 4775 ·
1166 4746 1224 4810 ἐξ
1251 4738 1326 4798 ὧν
1357 4747 1450 4798 καὶ
1504 4747 1553 4798 οἱ
1593 4747 1876 4816 Ἀγνοῆται

288 4840 588 4904 λεγόμενοι
623 4836 718 4886 καὶ
769 4837 818 4887 οἱ
877 4836 1321 4902 Κοντοὸαὸδίται,
1377 4837 1482 4890 ἀπό
1529 4854 1672 4901 τινος
1710 4840 1872 4890 τόπου

289 4929 721 4999 κληρωσάμενοι
768 4926 828 4978 τὸ
854 4927 1144 4996 ἐπώνυμον
1162 4944 1175 4957 ·
1223 4927 1271 4980 οἳ
1307 4928 1369 4998 δὴ
1397 4929 1487 4981 καὶ
1513 4929 1869 4993 Θεοδοσιανοὶ,

288 5025 366 5084 ὡς
395 5023 492 5074 τὸν
541 5019 947 5090 προειρημένον
999 5019 1200 5089 μᾶλλον
1249 5021 1528 5090 δεχόμενοι
1579 5021 1872 5087 Θεοδόσιον,

287 5110 733 5181 ὠνομάσθησαν
778 5108 1003 5178 ὕστερον
1032 5111 1076 5161 δ’
1103 5110 1193 5162 ὑπ’
1225 5113 1432 5165 ἐκείνου
1456 5114 1873 5183 παραπεμφθέν-

286 5223 378 5263 τες
406 5202 489 5272 τῷ
515 5203 844 5270 ἀναθέματι,
877 5201 950 5263 ὡς
976 5203 1035 5253 τὸ
1062 5203 1159 5271 τῆς
1183 5203 1400 5270 ἀγνοίας
1435 5205 1740 5272 ἀγνοήματι
1773 5222 1872 5257 πα-

293 5293 757 5362 ραπεπτωκότες.
807 5293 869 5343 Οἱ
923 5293 1109 5360 μέντοι
1170 5292 1343 5359 ἄλλοι,
1405 5293 1479 5356 ὠς
1508 5295 1582 5364 μὴ
1623 5295 1712 5347 τὸν
1745 5297 1872 5364 παρ’

288 5386 509 5438 ἐκείνου
541 5381 835 5436 ἐκτεθέντα
867 5385 996 5454 περὶ
1019 5384 1246 5451 Τριάδος
1276 5384 1432 5450 λόγον
1450 5386 1870 5454 είσδεδεγμένοι,

288 5474 732 5528 Κοντοϐαϐδῖται
768 5474 876 5525 ἀπὸ
913 5475 1007 5527 τοῦ
1041 5476 1205 5527 τόπου
1235 5478 1542 5547 ἐκλήθησαν
1569 5483 1582 5496 ⁹
1632 5476 1680 5529 οἳ
1711 5478 1774 5543 δὴ
1799 5477 1873 5540 ὡς

285 5567 376 5618 τὸν
404 5565 656 5632 Σευῆρον
690 5567 852 5628 μόνον
890 5565 1193 5635 δεχόμενοι,
1224 5568 1513 5636 Σευηρῖται
1546 5567 1868 5637 ἐκλήθησαν.

291 5658 453 5711 Ἐστι
481 5657 538 5708 δὲ
572 5657 668 5707 καὶ
695 5655 824 5709 ἄλλο
849 5657 1162 5726 Σευηριτῶν
1191 5659 1473 5727 σύνταγμα
1498 5662 1604 5711 τῶν
1625 5660 1717 5711 καὶ
1749 5661 1875 5712 Θεο-

284 5748 582 5811 δοσιανῶν,
618 5748 666 5799 οἳ
700 5748 795 5799 καὶ
844 5747 1012 5817 ἄμφω
1040 5750 1264 5812 τούτους
1314 5752 1627 5822 προσίεντο·
1660 5755 1793 5819 πρθις
1817 5753 1870 5803 δὲ

292 5843 382 5892 καὶ
413 5839 634 5893 Παῦλον
672 5838 765 5889 τὸν
800 5839 1027 5905 ἐπίκλην
1058 5842 1323 5896 Μελανόν.
1353 5845 1458 5895 Καὶ
1487 5845 1657 5908 τρίτοι
1687 5843 1741 5893 δέ
1771 5846 1873 5893 εἰσι

1979 4653 2122 4721 apud
2167 4666 2262 4704 eos
2313 4650 2652 4703 Alexandria?
2699 4665 2835 4718 papa
2889 4652 3066 4705 factus
3104 4663 3201 4706 est.
3235 4654 3436 4708 Deinde
3486 4666 3541 4711 et

1979 4745 2142 4805 alios,
2193 4758 2221 4795 a
2246 4743 2443 4811 quibus
2467 4753 2521 4796 et
2549 4741 2643 4810 qui
2681 4743 2934 4810 Agnoeta:
2976 4743 3258 4808 dicuntur,
3285 4756 3340 4799 et
3391 4749 3540 4802 Con-

1981 4830 2290 4891 tobabditae,
2333 4847 2360 4883 a
2413 4832 2532 4883 loco
2593 4833 2830 4898 quodam
2871 4834 3093 4887 nomine
3147 4834 3247 4888 hoc
3295 4849 3532 4906 sumpto,

1978 4925 2322 4994 prodierunt:
2362 4927 2454 4993 qui
2493 4935 2547 4979 et
2575 4925 2963 4988 TheodOsiani,
3004 4927 3145 4995 quod
3178 4929 3535 4983 sciliceteum

1977 5035 2136 5089 quem
2169 5019 2424 5080 diximus,
2455 5018 2817 5071 'lueodosiuin
2859 5019 3200 5085 potissimum
3236 5024 3536 5076 consectati

1978 5113 2108 5176 sint,
2137 5121 2263 5165 sunt
2290 5110 2578 5178 appellati:
2606 5109 2698 5162 scd
2737 5118 2924 5176 postea
2977 5111 3043 5164 ab
3079 5113 3166 5165 illo
3197 5115 3534 5167 anathemati

1977 5204 2205 5272 subjecti
2272 5213 2419 5255 sunt.
2474 5203 2548 5254 Ita
2599 5211 2655 5252 ut
2682 5201 3001 5270 ignorantiae
3036 5203 3260 5256 haeresis
3289 5205 3530 5259 interci-

1976 5296 2130 5354 dens,
2198 5292 2516 5362 ignorantiae
2570 5291 2823 5345 mandata
2859 5292 2950 5344 sit.
3013 5291 3119 5346 Alii
3143 5303 3347 5357 autem,
3382 5296 3528 5364 quod

1977 5387 2240 5454 scriptum
2303 5384 2421 5452 ejus
2470 5384 2536 5437 de
2563 5383 2831 5436 Trinitate
2858 5385 3216 5451 compositum
3243 5402 3350 5438 non
3379 5401 3526 5439 rece-

1976 5481 2178 5546 perint,
2227 5475 2633 5529 Coutohabdita:
2666 5491 2695 5527 a
2744 5475 2884 5533 loco,
2951 5475 3110 5528 sicuti
3142 5475 3395 5539 diximus,
3434 5461 3531 5530 no:

1978 5572 2162 5622 minati
2226 5579 2371 5620 sunt.
2427 5569 2465 5620 li
2503 5581 2741 5634 quoque,
2811 5568 2954 5635 QUtd
3009 5566 3268 5621 Severum
3317 5577 3525 5622 tantum

1980 5661 2304 5727 receperint,
2341 5659 2706 5712 Severitarum
2734 5674 2932 5711 nomen
2989 5659 3245 5714 habuere.
3282 5661 3372 5712 Est
3419 5660 3525 5713 alia

1977 5753 2138 5804 etiam
2197 5749 2563 5802 Severitarum
2624 5749 2842 5812 cohors,
2903 5748 2995 5816 qui
3057 5759 3111 5802 et
3162 5750 3524 5803 Theodosiani

1981 5847 2275 5891 vocantur:
2310 5845 2594 5905 propterea
2619 5838 2759 5904 quod
2785 5837 2974 5889 ambos
3003 5839 3161 5892 hosce
3185 5839 3526 5898 admiserint,
