4262 6446
708 407 798 470 1⁵31
1925 404 2351 466 NICEPHORI
2394 406 2745 467 CALLlSTI

3859 408 3966 473 432

707 531 1044 595 tertiumque
1077 527 1305 596 insuper
1360 525 1588 579 Paulum
1635 535 2000 594 cognomento
2034 525 2284 594 Nigrum.
2316 525 2365 584 Α

2316 525 2365 584 Α
2392 524 2699 595 Σευηρῖται,
2727 524 2778 578 οἳ
2832 525 2926 577 καὶ
2958 524 3303 580 Θεοδοσιανοὶ
3340 525 3436 578 καὶ
3492 525 3820 594 ’Δγγελῖται,
3873 529 3968 579 καὶ

708 620 880 675 Tertii
915 628 1180 689 praeterea
1217 618 1479 671 Severius
1513 626 1662 673 sunt.
1697 615 1790 685 qni
1846 626 1900 670 et
1956 617 2060 684 ipsi
2096 615 2278 669 Theo-

2381 617 2740 686 Δαμιανισταί
2759 632 2774 647 ⁸
2819 617 2869 669 οἳ
2900 617 2995 668 καὶ
3021 617 3360 680 ἐπισκόπους
3390 617 3543 686 σφῶν
3572 618 3846 688 δέχονται,
3871 621 3964 686 ἀφ’

706 715 916 768 dosiani
954 714 1237 772 dicuntur,
1290 722 1345 766 et
1409 710 1692 778 Angelit:e,
1727 720 1782 764 et
1836 708 2276 773 Damianistaaﬁi
2380 702 2389 757 ἑ

2380 699 2455 760 ὧν
2485 706 2831 776 παρωνύμως
2865 707 3265 775 κικλήσκονται
3286 721 3301 738 ο
3328 704 3422 769 οὓς
3457 706 3504 758 οἱ
3539 706 3965 760 Κοντοϐασδίται

708 809 998 874 episcopos
1027 819 1156 858 suos
1197 819 1417 873 quoque
1453 802 1676 865 habent,
1720 819 1747 855 a
1800 801 2005 870 quibus
2037 817 2277 867 congru-

706 903 852 955 entia
889 898 1111 951 nomina
1164 896 1476 964 accipiunt;
1503 897 1792 963 episcopos
1829 894 1929 948 soli
1959 894 2273 948 Contobab-

709 995 838 1047 dita:
864 1009 967 1046 non
1024 994 1316 1059 recipiunt.
1344 991 1513 1043 Porro
1546 988 1811 1042 Severitw
1849 987 1962 1048 isti,
1987 988 2078 1054 qui
2115 987 2278 1039 iidem

708 1095 767 1138 et
791 1084 1158 1138 Theodosiani
1195 1091 1248 1135 et
1277 1081 1558 1150 Angelitze,
1595 1094 1808 1133 necnon
1844 1089 1897 1133 et
1927 1079 2282 1132 Damianista:

714 1189 862 1238 sunt,
893 1177 1055 1246 877
1089 1175 1254 1228 alium
1302 1187 1423 1226 csse
1479 1172 1673 1225 dicunt
1706 1173 1940 1234 Patrem,
1974 1169 2140 1222 alium
2165 1183 2282 1222 esse

716 1269 938 1329 Filium,
992 1276 1044 1319 et
1085 1266 1249 1318 alium
1303 1262 1670 1318 Paracletum,
1731 1261 1998 1328 Spiritum
2027 1261 2285 1314 videlicet

717 1371 1142 1423 sanctum;non
1204 1372 1325 1410 esse
1379 1366 1561 1408 autem
1619 1355 1815 1407 horum
1851 1368 2128 1422 quemque
2185 1368 2285 1421 per

715 1454 957 1520 seipsum
1007 1460 1278 1510 naturam,
1327 1448 1420 1501 sed
1487 1446 1691 1499 habere
1722 1460 2072 1499 communem
2109 1445 2280 1499 Deum

715 1547 828 1600 sive
863 1545 1121 1598 deitatem
1153 1543 1207 1595 in
1239 1543 1320 1595 eis
1357 1541 1714 1594 exsistentem
1742 1557 1756 1596 :
1795 1547 1957 1607 atque
1979 1539 2044 1592 de
2073 1554 2136 1592 ea
2165 1538 2281 1592 dei-

715 1651 826 1692 tate
884 1635 1205 1691 indivisibili
1268 1633 1428 1686 modo
1488 1632 1909 1701 participantes,
1973 1631 2280 1700 quemlibet

715 1746 844 1786 esse
899 1731 1092 1783 Deum.
1133 1726 1307 1781 Unam
1335 1736 1519 1778 autem
1542 1724 1955 1778 snhsistentiam
1981 1726 2278 1793 opinantur

717 1840 860 1888 esse,
915 1823 1151 1884 Patrem,
1201 1830 1255 1873 et
1308 1819 1523 1880 Filium,
1555 1825 1611 1871 et
1666 1817 1936 1885 Spiritum
1992 1825 2281 1870 sanctum:

717 1930 1060 1971 communem
1122 1928 1253 1964 vero
1280 1912 1453 1978 ipsum
1496 1911 1689 1971 Deum,
1716 1910 2075 1963 substantiam
2100 1918 2152 1961 et
2188 1925 2279 1962 na-

717 2015 916 2059 turam.
950 2003 1218 2057 Cmterum
1244 1999 1506 2068 Angelitae
1544 1999 1632 2051 isti
1695 1999 1762 2051 ab
1804 1998 2136 2052 adversariis
2201 1999 2276 2050 ita

718 2097 973 2168 appellati
1005 2104 1148 2158 sunt,
1179 2111 1207 2144 ιι
1255 2092 1491 2162 quodam
1525 2089 1867 2144 Alexandriae
1899 2089 2041 2152 loco,
2069 2089 2281 2155 Angelii

712 2208 918 2249 nomen
947 2189 1180 2243 habente
1208 2205 1222 2241 :
1254 2187 1307 2240 in
1340 2201 1447 2254 quo
1473 2185 1709 2246 scilicet,
1746 2183 1840 2252 qui
1877 2183 2081 2252 primas
2137 2181 2282 2250 apud

718 2301 816 2340 eos
841 2285 1042 2346 fertmt,
1072 2288 1375 2335 conventus
1408 2277 1723 2346 cogebant.‘
1759 2275 1868 2329 Hos
1897 2276 2058 2328 iidem
2091 2274 2285 2327 adver-

717 2377 849 2434 sarii
882 2373 1291 2430 Sabellianistas
1346 2368 1536 2430 etiam,
1588 2377 1643 2419 et
1671 2365 1980 2419 Tetraditas
2036 2366 2288 2418 nemina-

723 2478 872 2523 rnnt.
928 2467 1065 2521 Sunt
1124 2477 1341 2517 rursum
1388 2460 1481 2514 alii
1537 2459 1702 2512 etiam
1754 2457 1935 2526 quarti
1994 2459 2280 2520 Severitate,

724 2562 1002 2628 iidemque
1058 2556 1297 2618 Petritm,
1330 2566 1528 2606 nomen
1573 2551 1625 2604 id
1663 2550 1732 2603 ab
1763 2551 2023 2617 episcopo
2050 2547 2288 2617 quodam

714 2671 824 2709 suo
878 2655 1039 2707 Petro
1085 2647 1415 2704 consecuti:
1477 2647 1569 2714 qni
1635 2646 1836 2698 Severo
1871 2652 1925 2697 et
1979 2642 2292 2695 Theodosio

718 2755 966 2815 recepto,
1031 2743 1260 2797 Paulum
1318 2749 1372 2793 et
1435 2738 1754 2791 Damianum
1781 2753 1886 2788 non
1925 2735 2287 2796 admiserunt,

713 2839 926 2908 quippe
948 2835 1263 2904 opinionem
1297 2831 1583 2896 utrinsqnc
1607 2829 1978 2896 improbantes
2007 2845 2021 2882 :
2064 2840 2116 2879 et
2145 2826 2288 2894 quod

719 2947 853 2985 cum
890 2927 1129 2981 Ecclesia
1195 2921 1469 2976 catholica
1498 2917 1996 2978 communicantes,
2022 2915 2289 2984 synodum

727 3030 975 3090 quartam
1037 3031 1143 3069 non
1204 3013 1597 3082 approbarent.
1650 3007 1982 3062 Proﬁtentur
2019 3004 2290 3073 siquidem

2385 799 2536 870 μόνοι
2585 799 2645 851 οὐ
2688 799 2969 869 δέχονταιθ
3006 799 3055 852 οἳ
3084 798 3150 867 δὴ
3203 799 3497 866 Σευηρῖται
3532 798 3704 862 οῦτοι,
3768 800 3816 852 οῖ
3873 802 3968 852 καὶ

2383 894 2719 947 Θεοδοσιανοὶ
2750 895 2843 947 καὶ
2872 895 3256 964 Δαμιανισταὶ,
3291 894 3451 947 ἄλλον
3484 898 3584 963 μὲν
3611 889 3753 947 εἶναι
3778 893 3968 962 λέγου-

2387 1003 2439 1039 σι
2469 987 2562 1038 τὸν
2593 988 2830 1056 Πατέρα,
2858 988 3018 1041 ἄλλον
3056 989 3114 1041 δὲ
3142 990 3234 1040 τὸν
3264 989 3410 1052 Υἱδν,
3447 989 3540 1040 καὶ
3569 988 3728 1041 ἄλλον
3747 988 3839 1041 τὸν
3864 990 3973 1041 Πα-

2387 1079 2676 1148 ράκλητον,
2714 1079 2774 1130 τὸ
2797 1081 2953 1143 ᾶγιον
2977 1079 3177 1149 δηλαδὴ
3215 1079 3458 1150 Πνεῦμα.
3486 1082 3575 1149 Μὴ
3604 1075 3745 1133 εἶναι
3767 1080 3824 1133 δὲ
3848 1079 3972 1132 τού-

2385 1189 2494 1223 των
2525 1171 2756 1224 ἕκαστον
2799 1172 2922 1225 καθ’
2952 1173 3145 1225 ἑαυτὸν
3204 1172 3389 1239 φύσιν,
3443 1171 3560 1223 ἀλλ’
3589 1171 3737 1239 ἔχειν
3794 1170 3976 1222 κοινὸν

2385 1265 2542 1330 Θεὸν,
2575 1265 2741 1333 ἤγουν
2775 1265 3004 1335 θεότητα
3061 1265 3415 1333 ὲνὺπαρκτον’
3446 1265 3537 1317 καὶ
3582 1263 3788 1332 ταύτης
3820 1261 3976 1332 μετέ-

2387 1375 2580 1428 χοντας
2605 1359 2938 1429 ἀμερίστως,
2963 1353 3108 1411 εἶναι
3137 1357 3272 1410 Θεὸν
3301 1357 3557 1410 ἕκαστον.
3583 1356 3729 1409 Μίαν
3755 1354 3810 1406 δὲ
3843 1354 3977 1407 ὑπό-

2390 1469 2580 1504 στασιν
2629 1450 2916 1517 δοξάζουσι
2959 1452 3050 1504 τὸν
3083 1452 3304 1521 Πατέρα
3354 1452 3450 1504 καὶ
3492 1449 3584 1503 τὸν
3623 1451 3750 1502 Υίδν
3781 1450 3875 1502 καὶ
3912 1450 3976 1500 τὺ

2389 1546 2614 1612 Πνεῦμα
2659 1546 2720 1597 τὸ
2769 1545 2926 1612 ἅγιον
2948 1586 2962 1608 ,
3013 1545 3105 1596 τὸν
3129 1545 3186 1598 δὲ
3219 1545 3397 1598 κοινὸν
3435 1545 3600 1598 αὑτὸν
3628 1543 3762 1595 Θεὸν
3783 1543 3976 1594 οὐσίαν

2388 1639 2482 1690 καὶ
2511 1636 2694 1707 φύσιν.
2732 1637 3047 1704 ’Δγγελῖται
3077 1637 3134 1690 δὲ
3174 1638 3408 1690 τοιοῦτοι
3438 1637 3545 1689 ἀπὸ
3577 1636 3689 1688 τῶν
3723 1635 3789 1687 δι’
3823 1637 3979 1686 ἐναν-

2387 1730 2510 1791 τίας
2565 1729 2896 1800 ἐκλήθησαν,
2952 1730 3016 1783 ἐκ
3061 1747 3208 1792 τινος
3241 1732 3298 1782 ὲν
3346 1728 3733 1798 Ἀλεξανδρείᾳ
3781 1730 3974 1790 τόπου,

2403 1821 2685 1889 Ἀγγελίου
2718 1822 3079 1890 καλουμένου,
3139 1823 3196 1873 ὲν
3223 1814 3268 1888 ᾧ
3296 1822 3389 1873 καὶ
3438 1822 3538 1887 τὴν
3574 1818 3903 1887 συναγωγὴν
3924 1819 3976 1869 οἱ

2384 1916 2452 1968 τὰ
2507 1915 2701 1983 πρῶτα
2753 1915 2884 1984 παρ’
2930 1916 3114 1978 αὐτοῖς
3153 1916 3416 1985 φέροντες
3476 1909 3664 1982 εἶχον·
3698 1913 3792 1976 οὒς
3835 1913 3888 1965 οἱ
3918 1912 3980 1976 ἐξ

2385 2007 2630 2068 ἐναντίας
2658 2008 2751 2060 καὶ
2778 2007 3235 2069 Σαδελλιανιστὰς
3284 2008 3377 2058 καὶ
3399 2004 3729 2072 Τετραδίτας
3759 2003 3979 2070 ὠνόμα-

2388 2101 2776 2168 σαν.Τέταρτοι
2797 2099 2961 2152 πάλιν
2986 2100 3164 2168 ἕτεροι
3187 2094 3559 2166 Σευηρῖται,οἶ
3590 2096 3684 2149 καὶ
3710 2096 3974 2165 Πετρῖται

2386 2193 2559 2261 ὄνομα
2586 2191 2744 2259 ἔσχον
2775 2192 2882 2243 ἀπό
2913 2208 3056 2254 τινος
3088 2190 3392 2243 ἐπισκόπου
3421 2189 3600 2242 αὐτῶν
3640 2189 3852 2257 Πέτρου
3876 2188 3979 2255 τὴν

2389 2286 2618 2353 κλῆσιν·
2678 2285 2727 2336 οἳ
2783 2284 3021 2352 Σευῆρον
3065 2283 3159 2334 καὶ
3211 2282 3493 2334 Θεοδόσιον
3551 2280 3973 2349 ἀποδεχόμενοι,

2395 2377 2604 2429 Παῦλον
2631 2378 2723 2428 καὶ
2742 2375 3014 2441 Δαμιανδν
3041 2375 3101 2426 οὐ
3127 2374 3433 2444 προσίεντο,
3461 2373 3547 2426 ἅθ’
3573 2375 3854 2442 ἑκατέρων
3875 2373 3976 2442 τὴν

2391 2467 2547 2530 δόξαν
2580 2468 2975 2535 ἐπαιτιώμενοι
2999 2481 3012 2495 °
3071 2468 3165 2518 καὶ
3197 2466 3278 2518 ὃτι
3310 2469 3374 2535 τῇ
3428 2465 3661 2517 καθόλου
3709 2464 3977 2532 κοινωνή-

2394 2576 2588 2621 σαντες
2657 2558 2951 2628 Ἐκκλησία
3007 2555 3104 2627 τὴν
3147 2554 3187 2607 δ’
3223 2557 3284 2608 οὐ
3319 2557 3666 2625 προσήκαντο
3729 2554 3973 2607 σύνοδον.

2406 2649 2764 2720 Ὀμολογοῦσι
2786 2648 2893 2718 γὰρ
2919 2648 3051 2699 Θεὸν
3073 2645 3215 2698 κατὰ
3242 2644 3506 2714 ἀλήθειαν
3538 2645 3633 2696 καὶ
3663 2644 3856 2696 οὐσίαν
3882 2641 3976 2694 καὶ

2396 2744 2559 2812 φύσιν
2623 2744 2857 2793 ἕκαστον
2919 2739 3042 2790 καθ’
3098 2739 3324 2807 ἑαυτὴν,
3349 2739 3441 2788 τὸν
3476 2737 3721 2803 Πατέρα,
3751 2739 3845 2786 καὶ
3883 2735 3977 2785 τὸν

2395 2839 2544 2902 Υἱὺν,
2575 2838 2668 2889 καὶ
2723 2835 2779 2886 τὸ
2809 2833 2963 2901 ἅγιον
3017 2833 3241 2901 Πνεῦμα
3295 2831 3546 2898 λέγοντες
3598 2831 3696 2881 οὐκ
3729 2828 3975 2897 ἀριθμῷ,

2394 2930 2526 2984 ἀλλὰ
2557 2931 2624 2998 τῇ
2649 2926 3059 2998 ἀπαραλλάκτῳ
3098 2924 3276 2994 οὐσίᾳ.
3310 2923 3417 2984 Οὓς
3438 2923 3732 2990 Τριθεῖτας
3762 2922 3812 2972 οἱ
3846 2921 3979 2990 περὶ

2398 3028 2606 3082 Παῦλον
2631 3025 2724 3078 καὶ
2757 3023 3028 3090 Δαμιανὸν
3057 3017 3448 3088 κατωνόμαζω
3473 3034 3488 3050 ο
3520 3017 3595 3077 ὡς
3626 3019 3827 3069 ἐκεῖνοι
3854 3015 3980 3066 τού-

721 3114 801 3168 illi
857 3113 1047 3172 Denm,
1097 3105 1395 3161 secundum
1457 3102 1746 3155 veritatem
1784 3108 1840 3154 et
1889 3100 2181 3154 essentiam
2237 3105 2294 3151 et
2393 3133 2404 3152 .

2393 3133 2520 3178 τους
2549 3113 2679 3166 ποτε
2718 3113 2816 3182 μὲν
2846 3110 3201 3180 Τετραδίτας,
3243 3108 3378 3160 ποτὲ
3406 3108 3461 3159 δὲ
3509 3109 3603 3159 καὶ
3632 3107 3981 3159 Σαϐελλιανι-

723 3215 978 3259 naturam
1011 3213 1283 3269 quatnque
1325 3211 1421 3266 per
1452 3195 1722 3262 seipsam:
1751 3192 1966 3246 Patrem
1997 3200 2058 3244 et
2086 3191 2285 3244 Filium
2317 3217 2364 3280 Ο
2397 3229 2406 3262 ε

2317 3217 2364 3280 ρ
2397 3209 2549 3272 στὰς,
2583 3207 2658 3269 ὦς
2715 3223 2805 3274 μοι
2861 3204 3224 3273 προείρηται’
3279 3201 3338 3252 ὲν
3382 3198 3594 3260 τούτοις
3635 3198 3763 3250 ἄλλο
3812 3197 3980 3250 πάλιν

726 3309 783 3352 et
812 3295 1077 3363 Spiritum
1115 3300 1364 3346 sanctum
1428 3287 1692 3349 dicentes,
1739 3300 1848 3338 non
1878 3299 2131 3349 numero,
2194 3283 2290 3338 sed

731 3407 829 3460 per
851 3388 1031 3443 omnia
1088 3384 1254 3439 simili
1321 3382 1582 3437 essentia.
1615 3381 1720 3434 Eos
1751 3379 1949 3434 Paulus
1974 3387 2033 3432 et
2081 3377 2297 3430 Damia-

724 3499 834 3536 nus
861 3479 1157 3536 Tritheitas
1193 3477 1548 3530 nominarunt
1576 3492 1588 3527 :
1629 3473 1790 3527 sicuti
1825 3473 1900 3526 illi
1927 3473 2093 3525 hosce
2122 3486 2296 3539 quan-

2398 3303 2646 3370 πέμπτον
2673 3299 2870 3367 τμῆμα
2893 3295 3206 3364 Σευηριτῶν
3240 3296 3331 3346 καὶ
3363 3292 3752 3354 Θεοδοσιανῶν,
3779 3291 3830 3342 οῖ
3865 3292 3980 3342 Κο-

2396 3395 2621 3447 νωνῖται
2661 3388 3005 3458 ἐκλήθησανο
3062 3383 3113 3437 οἶ
3166 3383 3230 3454 δὴ
3281 3382 3524 3449 Σευῆρον
3565 3382 3661 3431 καὶ
3691 3379 3980 3432 Θεοδόσιον

2396 3486 2663 3554 δέχονται,
2697 3481 2832 3549 πρὸς
2884 3480 2942 3531 δὲ
2993 3479 3087 3531 καί
3120 3493 3242 3528 τινα
3292 3476 3594 3527 ἐπίσκοπον
3629 3474 3762 3542 παρ’
3792 3472 3982 3534 αὐτοῖς

727 3576 912 3642 doque
937 3573 1101 3626 etiam
1165 3566 1602 3628 Sabellianistas,
1636 3564 1799 3618 sicuti
1831 3563 1994 3616 modo
2027 3562 2160 3615 dixi.
2195 3561 2287 3614 ln-
2396 3577 2410 3628 ε

2396 3576 2570 3645 ὄνομα
2600 3574 2848 3626 Κόνωνα·
2880 3570 2929 3623 οἳ
2949 3569 3010 3639 δὴ
3040 3572 3134 3621 xxi
3160 3568 3313 3619 αὐτοὶ
3338 3565 3663 3635 ὁμολογοῦσι
3693 3565 3796 3633 μὲν
3832 3566 3982 3616 κατὰ

729 3681 897 3736 super
943 3665 1049 3717 alia
1099 3673 1317 3731 quoque
1352 3659 1542 3728 ψιίηιιι
1577 3657 1950 3712 δονετίῑὸτιιπη
2025 3665 2080 3709 ει
2119 3654 2297 3708 Τδθο·
2398 3668 2656 3738 ἀλήθειαν
2683 3664 2816 3717 Θεὸν
2851 3663 2949 3733 μὲν
2997 3656 3134 3713 εἶναι
3165 3661 3259 3712 καὶ
3313 3658 3476 3727 φύσιν
3503 3659 3599 3711 καὶ
3630 3657 3821 3710 οὐσίαν
3851 3657 3985 3708 ἱκα-

726 3759 1076 3813 dosianorum
1115 3762 1262 3809 secta
1312 3758 1414 3816 est,
1444 3750 1540 3819 qui
1574 3749 1855 3802 Cononitw
1878 3748 2008 3802 dicti
2043 3757 2207 3810 sunt,
2243 3753 2298 3800 et
2402 3783 2409 3812 ,

2402 3780 2546 3826 στου,
2577 3760 2670 3812 τὸν
2699 3757 2918 3826 Πατέρα
2945 3755 3038 3806 καὶ¹
3066 3754 3158 3806 τὸν
3187 3753 3317 3805 Υῑδν
3350 3753 3441 3804 καὶ
3469 3751 3532 3804 τὸ
3549 3752 3704 3819 ἆγιον
3731 3751 3981 3817 Πνεῦμα.

729 3852 823 3920 qui
847 3848 1106 3902 Severum
1137 3853 1192 3899 et
1220 3842 1608 3905 Theodosium,
1641 3840 2030 3909 ctepisc0pum
2063 3850 2288 3908 praeter-

729 3958 794 3995 ea
850 3938 990 4008 apud
1056 3951 1152 3990 eos
1197 3933 1488 4004 quemdam
1547 3931 1850 3991 Cononem.
1905 3945 2072 3999 aquo
2129 3932 2293 3985 etiam

732 4031 998 4086 nominati
1049 4037 1197 4090 sunt,
1240 4026 1496 4096 probant.
1549 4024 1885 4078 Profitentur
1924 4038 2052 4076 sane
2097 4029 2152 4074 et
2185 4021 2295 4082 isti,

719 4139 923 4178 rrevera
951 4121 1119 4174 Deum
1145 4119 1363 4187 quidem
1386 4131 1507 4169 esse
1541 4126 1596 4169 et
1632 4124 1883 4167 naturam
1910 4127 1964 4167 et
1997 4113 2292 4166 essentiam

735 4227 1030 4283 quamque,
1061 4210 1277 4263 Patrem
1334 4207 1592 4260 videlicet
1621 4218 1675 4260 et
1713 4204 1906 4258 Filium
1940 4212 1996 4257 et
2030 4203 2296 4273 Spiritum

736 4315 984 4358 sanctum
1025 4300 1136 4354 :ad
1162 4301 1306 4357 inec,
1343 4308 1452 4352 tres
1513 4312 1732 4366 quoque
1774 4309 2039 4364 personas
2084 4295 2296 4358 dicunt,

733 4399 908 4467 ipsam
941 4393 1199 4449 nimirum
1234 4402 1477 4444 sanctam
1506 4388 1855 4450 Trinitatem,
1889 4396 1947 4442 et
2001 4387 2303 4441 subsisten-

736 4489 845 4543 tias
879 4499 1014 4540 tres.
1038 4483 1175 4538 Tres
1224 4491 1409 4536 autem
1442 4496 1672 4534 numero
1702 4480 2036 4534 substantias
2065 4489 2122 4532 et
2146 4487 2303 4532 natu-

2404 3857 2525 3907 Ἔτι
2555 3870 2619 3920 γε
2655 3853 2758 3921 μὴν
2790 3850 2883 3902 καὶ⁸
2927 3847 3053 3918 τρία
3099 3844 3371 3914 πρόσωπα
3426 3845 3602 3911 φασὶ,
3661 3841 3761 3912 τὴν
3817 3840 3984 3906 ἁγίαν

2401 3949 2630 4018 Τριάδα,
2667 3945 2761 3996 καὶ
2822 3942 3150 4000 ὑποστάσεις
3199 3941 3370 4006 τρεῖς.
3425 3937 3584 4007 Τρεῖς
3618 3935 3676 3988 δέ
3722 3933 3985 4001 τιναςτῷ

2401 4040 2618 4112 ἀριθμῷ
2649 4040 2834 4100 οὐσίας
2870 4037 2964 4089 καὶ
2991 4033 3181 4102 φύσεις
3207 4029 3671 4097 ἀπαραλλάκτους
3711 4029 3853 4079 κατὰ
3881 4026 3985 4095 τὴν

2404 4135 2633 4202 θεότητα
2667 4133 2942 4198 λέγοντες,
2976 4126 3103 4195 μίαν
3129 4142 3189 4177 τε
3219 4123 3434 4187 οὐσίαν,
3460 4122 3630 4188 ἧγουν
3664 4117 3851 4187 φύσιν,
3882 4117 3985 4169 καὶ

2408 4229 2535 4295 μίαν
2565 4224 2815 4292 θεότητα,
2842 4221 3012 4289 ἢγουν
3045 4216 3198 4282 Θεὸν,
3243 4216 3342 4284 τὴν
3368 4214 3535 4281 ἁγίαν
3565 4211 3662 4264 καὶ
3688 4209 3986 4279 ὁμοούσιον

2403 4314 2790 4384 ὁμολογοῦντες
2814 4312 2855 4362 Τ
2861 4309 3036 4381 ριάδα,
3062 4309 3162 4359 οὐκ
3203 4305 3444 4376 ἀριθμῷ,
3479 4303 3616 4356 ἀλλὰ
3644 4306 3708 4373 τῇ
3732 4301 3986 4372 ἀπαραλ-

2402 4406 2586 4474 λάκτῳ
2621 4401 2858 4470 Θεότητι,
2887 4399 3034 4468 τρεῖς
3065 4396 3244 4458 θεοὺς,
3276 4394 3478 4465 ἢτρείς
3507 4392 3770 4462 θεότητας
3801 4392 3986 4455 λέγειν

2407 4493 2801 4565 παραιτοῦνται
2846 4490 3212 4543 παντάπασιν.
3243 4485 3487 4542 Οὗτοιδὲ
3517 4485 3639 4536 οὐδὲ
3682 4485 3983 4553 Δαμιανδν,

734 4593 829 4631 ras
868 4592 964 4645 per
989 4574 1174 4627 omnia
1205 4572 1436 4631 similes.
1471 4571 1773 4625 secundum
1826 4570 2089 4624 deitatem
2114 4569 2301 4624 dicen-
2338 4563 2417 4642 Ι),

2300 4602 2301 4607 ‘
2338 4563 2379 4617 υ
2405 4563 2523 4642 οὐδ-ὲ
2549 4586 2780 4647 Παῦλον,
2809 4583 2930 4634 οὐδὲ
2970 4581 3060 4634 τὸν
3112 4580 3338 4648 ἔσχατον
3384 4579 3518 4646 παρ’
3550 4577 3736 4639 αὐτοῖς
3770 4578 3983 4644 Πέτρον

737 4680 842 4732 tes,
873 4681 1146 4733 unamque
1177 4663 1565 4717 susbstantiam
1604 4663 1719 4716 sive
1751 4669 2022 4722 naturam,
2051 4671 2107 4715 et
2139 4676 2302 4714 unam
2406 4699 2420 4732 τ

2406 4679 2775 4748 προσήκαντοο
2794 4674 2886 4733 οὒς
2907 4671 2954 4725 οἱ
2978 4672 3084 4725 ἀπὸ
3101 4669 3371 4740 Δαμιανοῦ
3400 4671 3493 4721 καὶ⁵
3511 4670 3725 4720 Παύλου
3754 4671 3848 4720 καὶ
3885 4667 3988 4720 ηιξ--

729 4761 996 4812 deitatem
1055 4757 1170 4810 sive
1197 4756 1389 4818 Deum,
1437 4763 1751 4810 sanctamet
1776 4754 2302 4808 consubstantialem
2406 4789 2412 4806 .

2406 4788 2536 4840 τρου
2570 4767 2861 4838 Τριθεῖτας
2896 4766 3100 4834 πρῶτοι
3137 4762 3446 4831 ὠνόμασαν.
3472 4761 3756 4812 Διὶσταντο
3779 4760 3838 4811 δὲ
3864 4758 3985 4811 τού-

739 4849 1066 4919 profrtentes
1092 4847 1444 4908 Trinitatem,
1497 4862 1604 4899 non
1642 4860 1895 4908 numero,
1929 4847 2024 4900 sed
2060 4862 2156 4914 per
2179 4860 2300 4899 om-

739 4942 826 4993 nia
868 4941 1033 4994 simili
1076 4941 1297 4999 deitate,
1328 4948 1437 4992 tres
1483 4941 1612 4992 deos
1645 4946 1739 4991 ant
1771 4947 1882 4992 tres
1914 4939 2148 4992 deitates
2177 4951 2300 4991 om-

2406 4862 2733 4930 των,ὅτιπερ
2749 4860 2945 4911 ἐκεῖνοι
2964 4853 3396 4923 παραιτούμενοι
3427 4853 3578 4919 τρεῖς
3599 4850 3784 4917 λέγειν
3802 4849 3986 4914 Θεοῦς,

2404 4951 2573 5021 ἤγουν
2591 4951 2850 5016 θεότητας
2870 4947 3041 5015 τρεῖς,
3071 4944 3162 4997 τὸν
3191 4943 3411 5012 Πατέρα
3437 4945 3529 4993 καὶ
3549 4942 3642 4993 τὸν
3671 4941 3796 4992 mw
3816 4941 3908 4992 καὶ
3926 4941 3986 4992 τὺ

740 5033 874 5086 nino
920 5032 1109 5084 dicere
1171 5031 1621 5099 tergiversantur.
1653 5029 1745 5083 lsti
1778 5045 1909 5083 sane
1969 5044 2146 5098 neque
2199 5027 2305 5082 Da—
2408 5043 2423 5096 ε

2302 5057 2305 5066 ’
2408 5043 2561 5108 ἂγιον
2589 5039 2838 5110 Πνεῦμα,
2869 5035 3266 5106 παραιτοῦνται
3291 5035 3386 5086 καὶ
3414 5033 3477 5086 τδ
3522 5032 3702 5100 λέγειν
3732 5035 3886 5102 τρεῖς
3908 5031 3985 5102 τῷ

739 5123 1008 5184 mianum,
1062 5137 1240 5191 neque
1301 5121 1548 5182 Paulum.
1583 5137 1758 5191 neque
1799 5123 1935 5176 adeo
1965 5131 2304 5190 postremum
2410 5137 2422 5187 ε

2301 5145 2304 5174 l
2410 5133 2627 5203 ἀριθμῷ
2671 5132 2878 5195 οὐσίας,
2915 5129 3035 5191 τσις
3085 5130 3181 5180 καὶ
3207 5124 3683 5193 ἀπαραλλάκτους.
3711 5117 3876 5178 Οὗτοι
3927 5125 3984 5176 δὲ

737 5212 887 5282 apud
926 5227 1021 5266 eos
1051 5214 1270 5267 Petrum
1313 5223 1662 5281 receperunt.
1715 5214 1864 5280 Quos
1915 5215 2062 5282 ipsos
2095 5215 2310 5268 Damia~
2408 5242 2420 5268 η

2299 5247 2310 5256 ·
2408 5227 2469 5278 τὸ
2501 5227 2598 5294 μὲν
2621 5224 2800 5290 λέγειν
2842 5222 2990 5290 τρεῖς
3046 5220 3199 5280 θεοὺς
3228 5220 3347 5288 ἦτοι
3396 5221 3552 5289 τρεῖς
3590 5217 3855 5287 θεότητας
3880 5238 3982 5271 πα-

728 5305 902 5357 pistre
950 5313 1004 5356 et
1046 5304 1290 5357 Pauliani
1337 5315 1396 5358 et
1438 5305 1656 5358 Petritae
1685 5305 1980 5360 Tritheitas
2023 5306 2188 5374 primi
2216 5321 2310 5375 ap-

731 5393 1235 5463 pellarunt.878
1264 5393 1644 5450 Discesserunt
1669 5408 1853 5452 autem
1903 5398 1972 5451 ab
2001 5399 2105 5462 eis,
2144 5415 2308 5468 prop-

730 5495 896 5538 tterea
937 5486 1082 5554 quod
1121 5487 1194 5538 illi
1224 5496 1331 5540 tres
1373 5487 1661 5551 deos,sive
1688 5498 1800 5544 tres
1830 5490 2066 5546 deitates
2095 5491 2303 5556 dicere,

743 5575 963 5630 (’atrem
991 5587 1048 5630 et
1076 5577 1271 5630 Filium
1306 5589 1361 5632 et
1384 5581 1646 5649 Spiritum
1666 5593 1941 5647 sanctum,
1981 5597 2303 5649 renuentes,

752 5674 868 5720 tres
897 5681 1116 5736 quoque
1149 5670 1335 5723 dicere
1397 5687 1626 5727 numero
1667 5672 2002 5729 substantias
2045 5679 2303 5744 aequales,

732 5767 803 5810 cet
834 5758 970 5811 nihil
1019 5774 1242 5826 prorsus
1293 5764 1567 5819 variantes
1621 5766 1948 5821 detrectant.
2010 5768 2076 5821 lli
2122 5779 2303 5821 autem

740 5854 858 5903 tres
913 5850 1134 5919 quidem
1176 5852 1306 5908 deos
1343 5868 1439 5908 seu
1486 5866 1600 5910 tres
1625 5859 1855 5912 deitates
1881 5859 2064 5914 dicere
2115 5875 2307 5922 snper-

2412 5317 2720 5387 ραιτοῦνται
2742 5331 2758 5345 ·
2812 5317 2962 5384 τρεῖς
2992 5316 3047 5367 δὲ
3078 5316 3155 5385 τῷ
3182 5311 3402 5384 ἀριθμῷ
3428 5315 3641 5377 οὐσίας,
3683 5315 3854 5383 ἧγουν
3884 5315 3984 5382 φύ-

2413 5422 2525 5467 σεις
2556 5406 2706 5467 τινας
2739 5406 2878 5466 ῐσας,
2909 5404 3286 5473 ὁμολογοῦσιν.
3316 5406 3378 5457 Οἱ
3408 5405 3463 5457 δὲ
3493 5405 3600 5456 ἀπὸ
3622 5407 3868 5466 Κόνωνος
3897 5404 3984 5457 δε-

2410 5498 2627 5564 χόμενοι
2661 5497 2926 5565 πρότερον
2955 5497 3021 5548 τὰ
3083 5495 3498 5566 συγγράμματα
3547 5495 3796 5548 Ἰωάννου
3832 5495 3985 5549 Ἀλε-

2410 5587 2680 5653 ξανδρέως
2715 5585 3105 5656 γραμματικοῦ
3134 5587 3228 5638 τοῦ
3278 5585 3597 5652 Φιλοπόνου,
3628 5589 3664 5641 ἃ.
3695 5587 3822 5642 καθ’
3862 5587 3986 5640 Ἐλ-

2410 5678 2582 5748 λήνων
2630 5677 2781 5747 αὐτῷ
2815 5679 2907 5731 καὶ
2957 5679 3133 5731 ἄλλων
3162 5679 3325 5732 τινῶν
3369 5679 3677 5731 ὑποθέσεων
3715 5681 3984 5751 ὲπονήθη,

2411 5771 2636 5838 ἔσχατον
2691 5770 2906 5821 πάντων
2967 5769 3128 5822 αὐτόν
3191 5786 3250 5820 τε
3305 5771 3400 5822 καὶ
3465 5769 3535 5821 τὰ
3567 5770 3985 5839 συγγράμματα

2410 5862 2573 5914 αὑτοῦ
2603 5861 2934 5915 ἀπεϐαλοντο
2961 5863 3056 5914 καὶ
3089 5861 3394 5917 ἀναθέματι
3416 5862 3806 5915 ὲκδεδώκασιν.
