4262 6446
714 413 819 476 435

715 632 945 685 inagnus
994 622 1232 669 testatur
1289 613 1540 678 Basilius,
1594 611 1781 675 sicuti,
1830 610 2011 664 Gloria
2060 610 2211 665 Patri
2247 619 2297 664 et

720 708 864 761 Filio
888 717 935 759 et
968 708 1197 776 Spiritui
1245 715 1451 767 sancta,
1516 720 1546 759 a
1604 705 1865 760 Flaviano
1927 704 2294 768 Αιιιίοοιιεηο,

712 800 1004 868 adjuvante
1036 799 1457 867 Chrysostmno,
1488 808 1574 852 est
1604 798 1915 852 inventum.
1957 796 2072 851 Sub
2120 796 2298 851 Theo-

718 893 877 957 dosio
908 907 1040 944 sane
1087 892 1336 954 Juniore,
1395 893 1590 947 Proeto
1636 891 2003 961 patriarcham
2046 902 2296 960 gerente,

711 1000 838 1037 cum
868 985 1093 1053 quidam
1120 1000 1186 1038 eo
1238 992 1489 1056 tempore
1548 985 1965 1055 perpessionem
2017 982 2296 1039 divinitati

712 1078 885 1146 ipsius
922 1078 1196 1148 Unigeniti
1239 1078 1498 1143 δαίσαντο
1542 1077 1971 1139 contenderent,
2009 1086 2062 1132 et
2112 1076 2295 1146 ingen-

715 1168 851 1221 tium
888 1177 1302 1223 terraemotuum
1345 1169 1521 1239 gratia
1560 1170 1780 1239 publice
1822 1186 1849 1222 a
1890 1169 2093 1239 popqu
2143 1167 2296 1221 omni

711 1261 1149 1330 supplicationes
1205 1262 1441 1323 tierent,
1509 1263 1807 1331 derepente
1871 1262 1927 1316 in
2000 1270 2296 1330 conspectu

711 1353 961 1407 omnium
1006 1369 1138 1423 puer
1174 1353 1228 1405 in
1258 1369 1442 1408 aerem
1477 1353 1963 1424 (quemadmodum
2001 1354 2055 1407 in
2094 1354 2296 1409 decimi

711 1446 893 1514 quarti
955 1445 1084 1500 tomi
1136 1448 1560 1517 quadragesimo
1600 1459 1759 1503 sexto
1825 1448 2003 1518 capite
2055 1447 2297 1504 dilucide

712 1538 976 1604 diximus)
1011 1549 1224 1609 raptus,
1260 1541 1493 1595 auribus
1522 1540 1640 1610 ipse
1680 1541 1819 1603 suis,
1853 1540 1926 1595 ita
1954 1541 2123 1595 etiam
2166 1540 2297 1597 sim-

714 1628 953 1697 pliciter,
975 1639 1061 1685 ter
1084 1641 1335 1685 sanctum
1359 1648 1485 1686 eum
1517 1632 1777 1703 hymnum
1803 1632 2015 1701 absque
2038 1632 2295 1703 adjectio-

1952 404 2373 465 NICEPHORI
2411 402 2757 468 CALLISTI

715 523 1197 593 Amphilochium,
1231 523 1284 575 in
1333 521 1559 590 triginta
1606 518 1864 589 capitulis
1930 518 2166 573 celebris
2233 526 2290 574 et
2321 519 2398 579 At

2077 520 2166 573 iris
2233 526 2290 574 et
2321 523 2362 579 Α
2394 519 2565 583 λαίοις
2612 522 2641 573 ὁ
2679 518 2846 583 πολύς
2883 536 3015 590 φησι
3064 521 3159 574 καὶ
3204 518 3379 588 μέγας
3427 512 3711 577 Βασίλειοῖ
3744 529 3760 546 ⁶

3892 402 3998 467 436

3799 511 3993 585 ὥσπερ

2396 612 2496 665 καὶ
2531 612 2610 677 τὸ,
2659 611 2816 677 Δόξα
2852 609 3038 678 Harp!
3079 610 3179 664 xui
3218 607 3331 674 Υἱῷ
3360 608 3461 663 καὶ
3490 607 3637 678 ἁγιῳ
3668 607 3997 674 Πνεύματι,

2403 702 2542 773 πρὸς
2579 701 2888 756 Φλαόιανοῦ
2915 700 3015 755 τοῦ
3058 700 3422 769 Ἀντιοχείας,
3454 697 3860 766 ὑπουργοῦντος
3902 697 3997 751 καὶ

2400 795 2498 848 τοῦ
2534 793 2737 865 χρυσοῦ
2766 794 2865 866 τὴν
2912 793 3163 862 γλῶτταν
3215 790 3604 861 ἐξευρημένον.
3649 788 3775 845 Ἐπὶ
3808 786 3995 857 μέντοι

2402 887 2689 941 Θεοδοσίου
2718 886 2810 939 τοῦ
2848 886 2991 947 νέου.
3018 883 3263 954 Πρόκλου
3296 879 3801 952 πατριαρχοῦντος,
3827 878 3996 932 τινῶν

2401 979 2708 1050 τηνικαῦτα
2741 978 2914 1042 πάθος
2945 981 3011 1049 τῇ
3050 978 3271 1047 θεότητι
3299 973 3394 1028 τοῦ
3417 973 3761 1045 Μοιιογενοῠς
3786 971 3995 1041 προσάο

2402 1090 2555 1126 πτειν
2577 1071 3025 1141 ἐπιχειρούντων,
3052 1069 3295 1138 σεισμῶν
3322 1068 3370 1121 τ’
3389 1067 3645 1132 ἐξαισίων
3669 1066 3832 1139 χάριν
3861 1084 3999 1118 παν·

2400 1166 2577 1237 δήμου
2628 1165 2961 1236 τελουμένης
2993 1164 3171 1235 λιτῆς,
3206 1166 3239 1235 ἡ
3295 1163 3391 1218 τοῦ
3430 1161 3622 1228 παιδὸς
3654 1161 3883 1233 ἁρπαγὴ
3913 1162 3996 1224 εἰς

2400 1259 2540 1328 ἀέρα
2566 1257 2788 1312 πάντων
2814 1240 3072 1327 ὁρώντων
3111 1256 3334 1324 ἐγένετο
3375 1253 3474 1325 (ὡς
3503 1257 3560 1308 ἐν
3595 1254 3655 1307 ιδ’
3685 1254 3867 1323 τὸμῳ.
3895 1269 3992 1305 κε-

2402 1350 2617 1422 φαλαίῳ
2650 1348 2772 1420 μετ’,
2804 1351 2992 1419 σαφῶς
3024 1346 3397 1419 διελάὁομεν),
3423 1345 3515 1400 τοῦ
3540 1345 3733 1409 παιδὸς
3771 1345 3996 1407 οἰκείοις

2399 1445 2785 1509 ἐνωτισθέντος
2813 1445 2948 1498 ὠσὶν
2977 1443 3163 1507 ἁπλῶς
3193 1442 3339 1497 οὕτω
3368 1443 3464 1496 τὸν
3488 1441 3782 1511 τρισὰγιον
3818 1438 3992 1508 ὕμνον

2400 1538 2719 1609 προσθήκης
2754 1539 2905 1603 ἄνευ,
2939 1538 3033 1591 καὶ
3085 1537 3239 1606 παρὰ
3286 1535 3397 1589 τῶν
3429 1533 3747 1602 ἀγγελικῶν
3775 1530 3995 1600 ταγμὰ-

2397 1649 2509 1686 των
2538 1631 2930 1701 παναρμονιως
2962 1630 3249 1702 ἐξᾴδεσθαι
3269 1645 3283 1660 °
3323 1629 3382 1693 ἐξ
3404 1627 3465 1681 οὗ
3490 1627 3583 1681 καὶ
3619 1628 3653 1697 ή
3687 1624 3996 1693 Ἐκκλησία

716 1738 808 1787 ne,
836 1723 905 1778 ab
931 1723 1194 1793 angelicis
1219 1724 1507 1780 ordinibus
1534 1724 1806 1778 concinne
1830 1740 2057 1796 prorsus
2079 1726 2294 1781 cantari

2400 1726 2551 1779 πᾶσα
2577 1725 2875 1795 ἐπιμᾶλλον
2923 1725 3019 1779 τὸν
3046 1723 3294 1778 τοιοῦτον
3339 1723 3509 1792 ὕμνον
3539 1720 3690 1793 ᾅδειν
3724 1717 3995 1787 διηνεκῶς

714 1817 949 1872 audivit.
984 1818 1139 1875 Unde
1174 1817 1416 1874 Ecclesia
1471 1819 1656 1874 omnis
1687 1820 1950 1890 hymnum
2014 1820 2174 1876 talem
2227 1821 2293 1875 ad
2325 1870 2371 1890 η

2325 1870 2371 1890 ἢ
2401 1817 2718 1889 παρείληφε
2751 1817 2828 1889 τῷ
2873 1817 2997 1888 Θεῷ
3023 1835 3038 1848 ·
3076 1819 3145 1871 ἐκ
3173 1815 3276 1887 μιν
3315 1816 3424 1869 τῶν
3452 1812 3704 1883 ἀγγέλων
3731 1809 3997 1871 λαϐόντος

801 1870 839 1872 η
994 1870 1135 1875 νην*
1180 1870 1416 1874 ,_-___,c
1689 1870 1947 1890 Wmﬂ---
2017 1870 2174 1876 ,ψη
2228 1870 2293 1875 --

714 1909 969 1963 eamdem
1003 1909 1227 1965 modum
1253 1911 1604 1965 continenter
1632 1912 1742 1966 Deo
1764 1926 1963 1966 canere
1986 1913 2295 1967 consuevit.
2325 1870 2373 1931 Β

2325 1870 2373 1931 Β
2400 1870 2499 1965 τού
2523 1870 2839 1982 τὸνιύμνον
2896 1870 3130 1979 πρώτως
3173 1870 3604 1969 ⁵συναιςεθεικιτέτος
3663 1905 3726 1960 τὸ
3763 1905 3996 1973 Ἀτιος,

716 1998 857 2055 Sane
903 2003 1129 2070 quidem
1161 2004 1254 2073 qui
1294 2018 1519 2060 carmen
1567 2005 1670 2059 hoc
1712 2006 1928 2074 primus
1957 2008 2294 2076 composuit,

2402 2003 2588 2073 ἅγιος,
2619 2003 2806 2071 ἅγιος,
2831 2002 2956 2055 τὸδ’
2987 2002 3117 2072 ἐξῆς
3149 2001 3260 2055 ἀπὸ
3289 1999 3390 2070 τῆς
3423 1998 3803 2069 παναρμονίου
3824 1996 3997 2065 λύρας

714 2092 783 2147 ab
822 2095 1030 2164 angelis
1058 2104 1342 2151 mutuatus
1361 2108 1442 2151 est
1467 2114 1481 2151 :
1508 2096 1857 2161 canentibus,
1888 2098 2139 2161 Sanctus,
2168 2116 2300 2153 san-

2403 2099 2590 2158 Δαδὶδ,
2617 2097 2850 2168 Ψαλμοῦ
2875 2095 2967 2167 μα’
3003 2096 3226 2166 εὐφυῶς
3254 2094 3748 2166 προσαρμόσαντος
3774 2108 3790 2122 ·
3841 2090 3998 2143 Ἐδί-

715 2196 851 2250 ctus,
883 2196 1120 2243 sanctus.
1156 2188 1315 2255 Quod
1378 2206 1507 2244 vero
1565 2190 1841 2261 sequitur,
1900 2206 1931 2245 a
1981 2190 2297 2245 suavissimi

2402 2193 2613 2259 ψησεν
2640 2190 2679 2255 ἠ
2725 2188 2897 2258 ψυχή
2919 2206 3063 2258 μου,
3091 2188 3366 2255 λέγοντος.
3391 2185 3545 2254 πρὸς
3567 2190 3675 2239 τὸν
3707 2185 3859 2238 Θεὸν
3885 2182 3999 2235 τὸν

715 2292 1024 2336 concentus
1066 2283 1187 2354 lyra
1239 2294 1294 2339 et
1337 2285 1547 2353 psalmo
1601 2284 2029 2354 quadragesimo
2075 2284 2300 2340 Davidis

2399 2283 2807 2351 ἰσχυρὸν-,τὸν
2827 2281 3040 2342 (circa:
3061 2282 3135 2334 Τὸ
3171 2281 3272 2350 μὶν
3297 2277 3391 2334 οὖν
3426 2280 3574 2345 Θεὸς
3607 2281 3703 2332 καὶ
3727 2278 3787 2333 τὸ
3818 2279 3998 2345 ισχυ-

715 2382 1047 2443 acceptum,
1113 2377 1501 2431 Venustissime
1568 2377 1809 2446 adjecit,
1870 2378 1963 2431 ubi
2025 2377 2295 2432 dicitur:
2393 2429 2398 2442 ,

2393 2376 2505 2443 prg-
2530 2375 2929 2446 ἀπαράλλακτα
2960 2376 3372 2447 συντηρηθῆναι
3408 2374 3487 2444 τῷ
3520 2372 3858 2443 συνθεμένῳ,
3889 2388 3996 2423 κα-

717 2467 896 2520 Sitlvit
926 2470 1111 2521 anima
1142 2486 1257 2523 mea
1286 2471 1355 2521 ad
1414 2468 1581 2522 Deum
1638 2471 1847 2539 fortem,
1889 2473 2081 2525 vivum.
2130 2470 2301 2541 880

716 2558 783 2612 Et
814 2558 1003 2631 hymni
1038 2562 1209 2632 ipsius
1238 2573 1435 2617 auctor
1487 2563 1603 2618 lucc
1638 2564 1827 2627 verba,
1865 2563 2001 2618 Deus
2026 2573 2081 2620 et
2125 2565 2295 2628 fw'tis,

715 2652 952 2723 integra,
988 2670 1168 2723 nequc
1197 2656 1306 2711 ulla
1335 2672 1402 2710 cx
1435 2666 1588 2725 parte
1620 2665 1849 2719 mutata,
1871 2658 2034 2712 sicuti
2058 2672 2123 2711 ea
2155 2660 2297 2723 apud

716 2746 1061 2803 Psalmistam
1113 2749 1343 2815 invenit,
1405 2749 1810 2805 conservavit:
1860 2760 1919 2806 et
1971 2750 2297 2815 dictionem,

714 2843 908 2906 vivum,
940 2840 1210 2897 duntaxat
1247 2844 1303 2897 in
1335 2844 1583 2913 ejusdem
1641 2844 2062 2914 signiﬁcationis
2095 2860 2297 2899 nomen

713 2930 1035 2987 immortalis
1085 2936 1463 2989 commutavit.
1531 2935 1625 2989 Ille
1678 2936 1843 2990 etiam
1919 2936 2031 2990 Deo
2083 2935 2300 2990 addidit

715 3032 953 3089 sanctus,
981 3038 1183 3079 nomen
1209 3024 1263 3077 id
1308 3024 1469 3079 idolis
1492 3041 1799 3096 opponens,
1843 3042 1964 3096 qua:
2013 3027 2299 3081 abomina-

2401 2471 2471 2523 θα
2500 2471 2594 2523 καὶ
2649 2469 2729 2539 τῷ
2764 2468 3044 2540 ψαλμῳδῷ
3067 2486 3082 2501 ·
3124 2467 3288 2535 μόνον
3318 2483 3382 2534 γε
3421 2462 3865 2536 μεταμειφθῆναι
3894 2462 3998 2531 τὴν

2402 2562 2589 2624 ζῶντα
2620 2562 2766 2627 λέξιν
2798 2564 2881 2625 εἰς
2922 2561 3246 2630 ῐσοὸύναμον
3277 2561 3472 2629 ὄνομα,
3538 2560 3597 2609 τὸ
3637 2554 3943 2619 ἀθάνατος
3976 2570 3995 2585 ο

2402 2658 2496 2711 καὶ
2536 2655 2863 2726 συντεθῆναι
2895 2657 2996 2726 μὲν
3027 2655 3105 2725 τῷ
3141 2654 3263 2722 Θεῷ
3292 2653 3353 2707 τὸ
3382 2653 3552 2722 ἅγιος
3581 2650 3718 2721 πρὸς
3745 2649 3996 2702 ἀντιδια-

2403 2751 2597 2820 στολὴν
2625 2751 2734 2803 τῶν
2784 2749 3049 2811 εἰδώλων,
3110 2748 3147 2801 ὃ.
3175 2750 3284 2799 εἰσι
3332 2744 3618 2816 βδελυρίας
3657 2745 3839 2813 πάσης
3860 2741 3997 2796 ἀνά-

2404 2858 2601 2904 μεστα,
2643 2840 2737 2893 καὶ
2775 2837 3134 2907 ἀνθρωπίνης
3192 2837 3329 2907 ἔργα
3384 2835 3607 2905 χειρός·
3673 2834 3736 2885 τό
3775 2849 3838 2899 γε
3883 2832 3999 2901 μὴν

2401 2932 2650 3001 ισχυρὸς
2686 2932 2824 3001 πρὸς
2866 2931 2926 2984 τὸ
2948 2930 3174 2983 ἐκείνων
3214 2930 3449 2997 μάλιστα
3476 2926 3705 2997 ἀδρανὲς
3747 2927 3842 2977 καὶ
3879 2924 4001 2976 ἁνί-

2403 3027 2604 3097 σχυρόν
2635 3042 2693 3078 τε
2726 3024 2823 3077 καὶ
2859 3025 3213 3077 παντάπασιν
3262 3022 3609 3093 ἀμετὰϐατον
3631 3037 3645 3050 ο
3682 3018 3744 3072 τδ
3774 3017 3819 3071 δ’
3849 3018 4000 3072 ἀθά-

719 3114 888 3170 tionis
916 3116 1095 3170 onmis
1129 3116 1313 3185 plena,
1349 3127 1404 3171 et
1431 3117 1687 3172 humana:
1722 3133 1920 3173 manus
1948 3134 2114 3187 opera
2144 3127 2294 3174 sunt.
2401 3146 2402 3151 η

2401 3136 2585 3185 raro;-
2607 3120 2743 3188 πρὸς
2775 3118 2835 3171 τὸ
2864 3118 3067 3172 ἄπνοον
3093 3118 3265 3185 σφῶν,
3311 3116 3405 3169 καὶ
3438 3114 3708 3185 μηδαμῶς
3734 3110 3999 3181 αἰσθήσει

718 3204 892 3259 Sicuti
920 3214 976 3260 et
1033 3208 1184 3275 [ortis
1231 3208 1432 3276 posuit,
1469 3219 1697 3279 propter
1728 3209 2152 3265 simulacrorum
2198 3211 2371 3283 ἱππ-ρ

2325 3221 2371 3283 ο
2406 3213 2499 3265 καὶ
2530 3211 2606 3280 νῷ
2630 3210 3030 3280 διοικούμενον.
3062 3208 3127 3261 Ol.
3160 3210 3343 3259 τοίνυν
3377 3204 3755 3273 Θεοπασχῖται
3787 3202 3837 3255 οι
3885 3200 4003 3254 ἀπὸ

716 3297 1068 3353 becillitatem
1093 3309 1259 3369 atque
1291 3300 1663 3357 inﬁrmitatem
1700 3318 1992 3366 summam,
2017 3317 2140 3373 quae
2170 3302 2295 3358 loco

2406 3305 2616 3375 Πέτρου
2639 3305 2742 3359 ’καὶ
2774 3305 3019 3375 Σευήρου
3044 3301 3246 3371 δηλαδὴ
3275 3300 3662 3368 καταγόμενοι,
3693 3296 3788 3349 τὸν
3811 3293 4001 3347 τοιοῦ-

716 3406 776 3444 se
805 3404 1032 3445 movere
1070 3408 1299 3461 prorsus
1340 3409 1448 3448 non
1477 3397 1667 3465 possit.
1699 3396 1879 3466 Atque
1948 3398 2136 3451 itidem
2195 3398 2295 3451 im-

2401 3413 2496 3451 τον
2526 3396 2955 3465 πανθαύμαστον
2995 3394 3163 3463 ὕμνον
3190 3396 3264 3464 μὴ
3283 3395 3349 3463 τῇ
3397 3391 3522 3460 θείᾳ
3551 3388 3747 3458 Τριάδι
3781 3387 4003 3457 προσά-

718 3483 964 3537 mortalis
996 3499 1014 3536 :
1053 3494 1111 3538 ut
1164 3494 1471 3540 statuarum
1532 3497 1759 3543 truncos
1814 3488 2147 3556 traduceret,
2197 3488 2294 3560 qui

2402 3505 2522 3557 γειν
2552 3489 2853 3553 ἐθέλοντες,
2909 3490 3046 3541 ἀλλὰ
3073 3487 3153 3558 τῷ
3200 3484 3545 3554 σαρκωθέντι
3578 3483 3739 3550 Λόγῳ
3768 3478 4001 3551 ἐπᾴδειν

718 3577 831 3629 vita
856 3587 1133 3642 carentes,
1168 3592 1352 3648 neque
1378 3581 1591 3647 spirare
1622 3590 1871 3649 possunt,
1900 3598 2081 3652 neque
2125 3599 2294 3639 sensu

2406 3582 2741 3652 βουλόμενοι,
2765 3582 3112 3651 προσθήκαις
3143 3581 3255 3632 τισ)⁵
3284 3577 3598 3647 διαφθεῖραι
3628 3575 3819 3629 τοῦτον
3848 3574 4004 3628 ἐτόλ-

718 3676 815 3722 aut
843 3679 1027 3725 mente
1060 3670 1398 3741 diriguntur.
1436 3671 1641 3728 Verum
1669 3674 1821 3728 enim
1852 3690 1983 3729 vero
2011 3675 2297 3745 Theopas-

718 3759 904 3827 chitze,
938 3762 1035 3832 qui
1068 3778 1099 3819 a
1122 3764 1287 3820 Petro
1327 3774 1385 3820 et
1413 3765 1623 3821 Severo
1677 3767 1943 3836 originem
1992 3768 2295 3835 duxerunt,

718 3853 1108 3910 admirandum
1152 3856 1303 3912 hunc
1338 3859 1573 3913 maxime
1623 3859 1887 3929 hymnum
1932 3876 2041 3916 non
2093 3862 2297 3918 divinae

718 3945 982 4002 Trinitati
1036 3951 1456 4006 accommodare
1518 3953 1786 4019 volentes,
1852 3954 1948 4009 sed
2008 3955 2297 4012 incarnato

725 4036 905 4093 Verbo
934 4040 1191 4095 accinere
1227 4052 1562 4112 satagentes,
1599 4045 2016 4101 accessionibus
2060 4049 2298 4118 quihus-

719 4128 847 4182 dam
877 4144 1233 4199 corrumpere
1272 4132 1394 4187 ausi
1420 4142 1570 4195 sunt,
1609 4134 1793 4188 verbis
1840 4134 2015 4199 hisce,
2061 4147 2295 4204 sanctus,

719 4223 1063 4289 immortalis,
1096 4224 1396 4279 clausulam
1441 4225 1588 4279 illam
1619 4243 1630 4278 :
1658 4225 1759 4291 Qui
1794 4228 2077 4294 cruciﬁxus
2109 4246 2162 4283 es
2203 4248 2299 4300 pro

724 4315 905 4378 nobis,
934 4316 1172 4387 maligne
1223 4316 1568 4387 adjicientes.
1608 4318 1763 4385 Quod
1825 4322 2030 4376 malum
2088 4324 2301 4392 primus

723 4407 1014 4462 instituere
1062 4408 1232 4478 cwpit
1282 4408 1480 4464 Petrus
1522 4409 1842 4482 Cnapheus,
1898 4423 1953 4469 et
2005 4426 2131 4484 post
2171 4431 2298 4470 eum

725 4497 926 4553 deinde
965 4497 1206 4554 Severus
1232 4499 1569 4569 Acephalus,
1597 4517 1699 4557 seu
1734 4504 1917 4572 potius
1950 4505 2121 4577 hydra
2156 4508 2301 4562 mul—

2407 3691 2617 3742 μησαν·
2652 3675 2731 3744 τῷ
2761 3674 2949 3741 ἅγιος,
2984 3674 3284 3737 ἀθάνατος
3326 3671 3387 3725 τὸ
3428 3674 3463 3727 δ
3510 3670 3887 3738 σταυρωθεὶς
3916 3669 4005 3721 δι’

2403 3765 2563 3834 ἡμᾶς
2602 3767 2958 3837 κακοτρόπως
2992 3764 3381 3837 προσθέμενοι.
3427 3758 3505 3821 οὗ
3563 3761 3741 3817 κακοῦ
3776 3762 4003 3831 πρῶτος

2405 3858 2717 3928 κατήρξατο
2751 3859 2957 3926 Πέτρος
3014 3858 3044 3910 ό
3097 3859 3388 3929 Κναφεύςο
3453 3856 3591 3926 μετὰ
3624 3856 3670 3908 δ’
3727 3856 3938 3907 ἐκεῖνον
3973 3856 4005 3904 ὀ

2417 3950 2712 4020 Ἀκέφαλος
2740 3950 2997 4020 Σευῆρος.
3054 3950 3256 4021 μᾶλλον
3279 3950 3324 4003 δ’
3358 3952 3538 4003 είπεῑν
3572 3948 3709 4019 ὕδρα
3734 3948 3769 4018 ἡ
3822 3944 4001 3998 πολυ-

2406 4041 2643 4111 κέφαλος
2663 4058 2677 4073 ·
2709 4044 2814 4096 κᾶν
2844 4044 2894 4095 οἱ
2925 4043 3033 4096 ἀπὸ
3062 4043 3260 4097 τούτου
3292 4043 3682 4102 διαϐάλλοντες
3708 4040 3805 4095 τὸν
3837 4040 4003 4095 Κων-

2408 4136 2914 4199 σταντινουπόλεως
2972 4137 3108 4203 φασὶ
3140 4136 3477 4191 Μακεδύνιον
3510 4135 3608 4203 τῆς
3667 4132 4002 4204 προσθήκης

2407 4224 2610 4295 ταύτης
2650 4223 2947 4293 κατάρξαι.
2987 4219 3098 4276 ἾΙν
3134 4224 3235 4290 μὲν
3283 4217 3401 4287 οὖν,
3454 4223 3530 4285 ὡς
3563 4223 3731 4286 ἔοικε,
3760 4224 3858 4275 καὶ
3892 4240 4003 4274 πα-

2407 4321 2537 4378 λαιὰ
2558 4339 2642 4385 τις
2667 4321 2810 4392 αὕτη
2898 4322 3132 4392 αἰρεσις,
3163 4321 3238 4382 ὡς
3264 4320 3294 4372 ὀ
3325 4316 3627 4380 πολύαθλσς
3666 4315 4002 4377 ’Δθανάσιος

2408 4416 2473 4469 ἐκ
2497 4415 2603 4467 τῶν
2628 4415 2935 4485 εἰρημένων
2964 4413 3115 4481 αὐτῷ
3152 4412 3407 4483 ἐμφαίνει
3438 4409 3646 4479 σαφῶςο
3682 4410 3732 4461 εί
3768 4409 3846 4477 μή
3877 4425 4001 4470 πως

2410 4508 2828 4578 προδλεπτικῶς
2854 4509 2949 4562 καὶ
2975 4506 3185 4574 ταύτην
3208 4504 3534 4576 ἀνατρέπων
3563 4505 3593 4555 δ
3620 4502 3811 4573 Πατήρ
3831 4497 4001 4563 οὗτός

727 4591 922 4661 ticeps.
953 4591 1215 4658 Quamvis
1236 4603 1540 4650 sectatores
1568 4598 1688 4668 ejus
1718 4596 1997 4653 calumnia
2029 4598 2301 4656 Constan-
2336 4586 2378 4642 θ
2406 4624 2410 4647 ι

2336 4586 2378 4642 D
2406 4603 2578 4666 ἐστιν,
2616 4599 2810 4669 ὥσπερ
2862 4601 2998 4669 δῆτα
3035 4599 3131 4654 καὶ
3174 4599 3343 4661 ἄλλας
3379 4597 3644 4661 πλείστας
3700 4596 3996 4666 προανεῖλε

725 4685 1149 4757 tinopolitanum
1195 4685 1574 4743 Macedonium
1625 4700 1986 4760 appetentes,
2032 4692 2294 4764 adjectio-
2400 4711 2408 4729 ·

2400 4696 2511 4757 τοῖς
2546 4696 2831 4764 σφετέροις
2880 4694 3083 4761 λόγοις,
3112 4692 3321 4761 καίπερ
3372 4689 3642 4757 ἀναφύειν
3678 4686 3995 4758 μελλούσας

725 4792 848 4831 nem
881 4777 1047 4831 talem
1078 4778 1232 4833 illum
1255 4795 1515 4835 exorsum
1557 4796 1679 4835 esse
1700 4782 1912 4837 dicant.
1950 4784 2076 4839 Fuit
2121 4796 2297 4853 certe,
2407 4840 2408 4849 χ

2407 4787 2555 4855 ματὰ
2579 4787 2678 4856 τήν
2705 4786 2874 4841 αὑτοῦ
2902 4786 3225 4840 exactum.
3264 4783 3331 4837 'H
3360 4782 3490 4852 γοῦν
3519 4783 3748 4853 τοιαύτη
3774 4783 3996 4853 αἵρεσις

722 4866 885 4921 sicuti
922 4868 1160 4935 Videtur,
1192 4879 1353 4924 vetns
1380 4871 1497 4925 haec
1529 4872 1754 4927 btet-esis
1789 4876 2295 4944 :quemadmodum
2398 4906 2405 4931 4

2398 4880 2513 4934 ἀπὸ
2536 4878 2628 4933 τοῦ
2666 4880 2931 4946 Κναφέως
2977 4879 3261 4948 ἀρξαμένη
3282 4917 3298 4939 .
3323 4877 3384 4931 τὸ
3422 4874 3676 4944 δεύτερον
3704 4876 3805 4928 καὶ
3838 4877 3994 4945 παρὰ

723 4960 861 5015 satis
885 4961 1055 5027 clare,
1084 4961 1177 5031 qui
1211 4962 1381 5017 multa
1407 4965 1634 5033 pertulit
1685 4968 1990 5022 certamina
2050 4970 2293 5027 Athana-
2402 4992 2406 5005 ε

2402 4971 2514 5025 τῶν
2536 4972 2633 5025 τοῦ
2666 4971 2907 5042 Σευήρου
2934 4971 3220 5027 θιασωτῶν
3291 4968 3525 5022 ἐπιπολὺ
3570 4969 3898 5037 αὐξηθςτσα,
3930 4970 3991 5022 οὐ

724 5053 862 5115 sius,
895 5053 1060 5108 dictis
1092 5054 1209 5109 suis
1255 5054 1522 5111 declarat.
1579 5058 1698 5113 Nisi
1751 5060 1893 5116 forte
1928 5074 2155 5120 sanctus
2212 5066 2303 5123 ille

2408 5065 2550 5134 μετὰ
2584 5062 2720 5118 πολὺ
2749 5064 2927 5117 τέλεον
2976 5063 3195 5133 ἀπέσϐη
3225 5064 3291 5133 τῇ
3333 5062 3443 5119 ,τοῦ
3495 5060 3629 5114 Θεοῦ
3689 5060 3996 5132 Ἐκκλησία

724 5146 884 5200 Pater
906 5160 1027 5199 eam
1058 5147 1377 5214 praeviderit
1398 5158 1560 5219 atque
1584 5155 1869 5217 everterit,
1894 5156 2060 5210 sicuti
2085 5157 2299 5214 scilicet
2405 5173 2407 5203 1

2405 5154 2838 5225 καταργηθείσα,
2866 5156 3019 5224 παρὰ
3043 5155 3227 5225 μόνοις
3266 5154 3581 5225 Ἀρμενίοις
3613 5152 3710 5207 καὶ
3740 5152 3827 5206 ἐτι
3853 5170 3996 5223 κρα-

724 5248 781 5293 et
830 5239 968 5294 alias
1021 5239 1293 5308 plurimas
1343 5242 1567 5310 scriptis
1614 5244 1732 5299 suis
1776 5247 2023 5314 sustulit,
2080 5252 2297 5305 tametsi
2400 5268 2407 5284 ε

2400 5249 2700 5320 τυνομένη,
2743 5249 2817 5319 μή
2849 5249 3169 5318 πειθαρχεῖν
3225 5247 3579 5318 αἱρουμένοις
3606 5248 3729 5309 ταῖς
3765 5247 3998 5302 καθολι-

725 5341 848 5400 post
870 5332 1081 5387 obitum
1112 5332 1233 5404 ejus
1264 5334 1505 5403 primum
1543 5347 1783 5392 exortas.
1823 5338 1948 5395 Haec
1996 5341 2112 5410 ipsa
2164 5358 2299 5415 ergo
2404 5359 2408 5391 τ

2404 5342 2531 5403 καϊς
2554 5341 2906 5411 παραδόσεσι,
2940 5344 3078 5412 μήτε
3112 5342 3220 5411 μὴν
3254 5341 3569 5411 δεχομένοις
3604 5339 3705 5411 τὴν
3734 5341 3820 5403 εἰς
3848 5340 3998 5410 ἀέρα.

725 5423 953 5479 Ιιει-οείε
985 5423 1312 5495 aCnapheo
1364 5427 1603 5496 primum
1652 5431 1944 5498 producta,
2011 5431 2213 5488 deinde
2266 5450 2296 5489 a
2403 5455 2408 5470 ι

2403 5435 2499 5490 τοῦ
2536 5436 2726 5499 παιδὸς
2755 5436 3015 5506 ἁρπαγήν
3036 5451 3051 5465 '
3083 5435 3141 5500 ὃς
3172 5434 3269 5505 τὴν
3302 5434 3587 5504 τμσάγιον
3618 5433 3771 5486 τοῦδε
3806 5433 3998 5505 ᾅσμα-

730 5599 914 5677 Ἄξιος
942 5594 993 5677 ε]
1017 5602 1081 5677 ἐν
1100 5603 1235 5677 πᾶσι
1260 5605 1477 5677 καιροῖς
1507 5605 1795 5677 ύμνείσθαι
1827 5612 2033 5677 φωναῖς
2061 5612 2293 5677 αξσίαις,

728 5670 823 5747 Υἱὲ
850 5671 1021 5747 Osci»,
1052 5672 1199 5740 ζωὴν
1253 5670 1466 5747 διδούς)
1510 5674 1590 5726 διὸ
1637 5678 1665 5726 ὁ
1714 5670 1915 5746 κόσμος
1961 5670 2025 5730 σε
2055 5670 2293 5747 δοξάζειί

727 5739 843 5792 Lux-
859 5741 1049 5795 hilaris
1076 5739 1276 5795 sancta:
1299 5743 1498 5810 gloria',
1531 5739 1852 5800 immortalis
1879 5749 2103 5803 caelestis
2124 5739 2297 5807 sancti

728 5810 863 5863 beati
914 5811 1113 5874 Patris,
1141 5813 1265 5866 Iesu
1299 5812 1519 5868 Christe.
1558 5816 1691 5869 Cum
1744 5825 1812 5871 ad
1849 5820 1973 5873 solis
2055 5838 2296 5876 occasum

733 5886 1135 5951 pervenerimus,
1171 5884 1338 5937 lucem
1373 5896 1635 5941 cernentes
1679 5892 2044 5957 vespertinum,
2103 5892 2295 5947 laudu-

2409 5635 2524 5671 mus
2544 5620 2763 5672 Patrem
2788 5628 2836 5671 et
2898 5618 3089 5673 Filium
3131 5627 3180 5673 et
3213 5618 3474 5689 Spiritum
3506 5627 3749 5672 sanciunt
3792 5616 3996 5671 Deum.

2408 5689 2633 5759 Dignus,
2674 5706 2724 5742 es
2765 5700 2996 5757 tempore
3052 5693 3235 5759 quovis
3284 5689 3544 5743 celebrari
3593 5689 3786 5759 faustis
3848 5693 4002 5741 voci-

2405 5760 2515 5895 buﬁs,
2554 5758 2654 5881 fili
2685 5760 2779 5813 Dei
2808 5762 2925 5814 vita:
2954 5758 3146 5815 dator:
3172 5769 3497 5832 quapropter
3529 5769 3579 5813 te
3610 5758 3846 5813 mundus
3873 5759 4003 5829 glo-

2403 5846 2446 5882 r.»
2493 5847 2552 5884 ca
2581 5866 2597 5885 .
