4262 6446
303 463 404 522 437

1200 459 1800 518 ECCI.ESIASTIC.E
1839 459 2223 517 illSTliltl/E
2267 460 2410 520 LIB.
2456 460 2672 518 XVill.

3454 463 3563 526 438

298 595 392 638 τος
422 575 573 628 θείαν
596 574 780 643 φωνὴν
815 574 908 627 καὶ
928 575 1280 628 διδασκαλίαν
1309 576 1517 628 ἄνωθεν
1553 576 1646 627 ίὼν
1675 577 1882 646 τρανῶς
1924 583 1956 631 Α

1877 595 1882 636 ;
1924 583 1956 631 Α
1995 574 2181 627 Severi
2216 575 2507 628 sodalitate
2547 573 2837 626 admodum
2870 582 3030 627 aucta
3090 583 3144 625 et
3193 574 3560 643 frequentata.

298 670 663 738 διεσάφησεν·
698 669 877 738 ἥνπερ
909 671 1003 722 καὶ
1046 670 1078 738 ἡ
1108 671 1164 720 ὲν
1199 669 1502 739 Χαλκηδόνι
1539 670 1671 736 ἁγία
1724 671 1879 721 σύνο-

296 762 385 824 δος
420 760 780 829 παρεδέξατο,
814 759 958 812 οὕτω
988 761 1412 830 παραδεδωκυῖα
1456 763 1550 813 τὸν
1596 763 1881 832 τρισάγιον

299 853 474 922 ὕμνον
502 852 809 922 ὲξᾲδεσθαι.
837 852 1015 915 Γέλως
1037 852 1132 906 οὖν
1163 854 1329 916 ὄντως
1359 855 1450 905 καὶ
1477 856 1754 921 παίγνιον,
1780 857 1880 924 τὴν

297 943 368 995 δι’
399 943 650 1010 ἀγγέλων
676 944 769 994 καὶ
795 945 974 995 αὐτῶν
999 945 1252 1013 Σεραφὶμ
1284 945 1622 1014 ὑμνηθείσαν
1655 948 1748 998 καὶ
1779 965 1881 1016 κη-

303 1037 599 1106 ρυχθεῖσαν
652 1036 938 1105 τρισάγιον
975 1037 1136 1107 ᾠδὴν,
1176 1040 1269 1089 καὶ
1303 1043 1401 1108 τῆς
1439 1045 1881 1107 τρισυποστέιτου

305 1133 435 1200 μιᾶς
469 1130 727 1198 θεότητος
761 1127 928 1182 οὖσαν
969 1132 1333 1200 ἑμφαντικὴν,
1369 1134 1464 1184 καὶ
1520 1134 1624 1187 ὑπὸ
1662 1137 1880 1189 συνόδου

297 1223 576 1275 τοσούτων
602 1221 774 1287 ἁγίων
791 1222 1050 1290 Πατέρων
1075 1223 1417 1291 κυρωθείσάν
1439 1242 1496 1276 τε
1529 1227 1623 1278 καὶ
1654 1226 1884 1294 βεὸαιω-

299 1320 514 1376 θεῖσαν,
547 1319 614 1386 τῇ
637 1315 732 1367 τοῦ
761 1316 1030 1382 Κναφέως
1074 1317 1339 1387 πρότερον
1373 1317 1466 1368 καὶ
1498 1318 1736 1386 Σευὴρου
1772 1319 1886 1389 οἰή-

299 1429 385 1463 σει
413 1414 464 1471 ὲς
491 1411 719 1478 ὕστερον
753 1410 1229 1480 καταπατηθῆναι,
1266 1413 1361 1464 καὶ
1393 1411 1554 1480 δῆθεν
1587 1413 1883 1482 διορθωθῆ-

297 1520 407 1566 ναι,
443 1503 519 1562 ὡς
570 1505 636 1554 τὰ
686 1504 973 1572 Χεροόΰίμ
1033 1503 1486 1572 ὑπερΰάλλοντος.
1533 1506 1745 1557 Ἀλλ⁹οί
1787 1506 1886 1574 μὲν

296 1590 442 1644 οὕτω
478 1591 810 1658 φρονοῦν-τες
833 1591 1205 1661 Θεοπασχίται
1241 1591 1576 1660 ἐκλήθησαν,
1609 1595 1886 1662 ἀρχηγοζλς

297 1685 388 1735 τὸν
412 1684 638 1750 Κναφέα
673 1685 896 1751 Πέτρον,
935 1685 1170 1752 Σευῆρον
1201 1702 1259 1736 τε
1295 1685 1653 1737 κα“ι⁹1ἀκω6ον
1684 1683 1883 1754 ἑφεξῆς

298 1775 621 1842 ἐσχηκότες,
651 1775 727 1830 ὡς
759 1776 975 1844 είρηται
1000 1791 1012 1806 ο
1047 1775 1096 1826 οἳ
1128 1774 1192 1842 δὴ
1221 1776 1314 1828 καὶ
1343 1777 1443 1842 τὴν
1480 1775 1608 1842 μίαν
1634 1775 1729 1827 επὶ
1758 1776 1887 1842 Χρι-

299 1863 428 1915 στοῦ
463 1865 630 1932 φύσιν
660 1866 909 1918 ἐντεῦθεν
936 1868 1237 1936 πειρῶνται
1265 1866 1580 1934 κρατύνειν,
1611 1866 1884 1933 λέγοντες·

299 1957 360 2007 Εἰ
413 1956 509 2008 δύο
560 1958 750 2024 φύσεις
803 1960 894 2010 ἐπὶ
954 1959 1194 2026 Χριστοῦ
1254 1959 1500 2027 δοίημεν,
1561 1961 1886 2026 συνέψονται

296 2050 522 2111 παντως
566 2051 795 2112 ταύταις
857 2051 916 2115 ἐξ
951 2052 1198 2119 ἀνάγκης
1245 2051 1340 2106 δύο
1389 2052 1708 2122 θελήματα·
1740 2054 1788 2104 εί
1833 2052 1888 2105 δὲ

295 2141 478 2205 τοῦτο,
515 2145 610 2196 καὶ
641 2143 734 2195 δύο
765 2144 822 2210 ἐξ
873 2146 1122 2213 ἀνάγκης
1165 2145 1682 2216 συνεισαχθήσονται
1719 2148 1890 2213 πρόσι

296 2250 463 2291 mna,
517 2237 610 2286 καὶ
667 2234 761 2286 δύο
819 2236 1086 2305 ἐνέργειαι
1143 2237 1384 2288 ἐναντίαι
1407 2236 1665 2305 ἀλληλαις
1692 2237 1893 2289 παντά-

300 2343 494 2380 πασιν.

1987 683 2096 719 ιιοη
2127 668 2198 720 ita
2227 667 2397 720 multo
2431 677 2552 735 post
2577 670 2645 720 ab
2683 666 2926 720 Ecclesia
2957 666 3050 720 Dei
3082 665 3307 726 abolita.
3336 685 3564 735 prorsus

1985 760 2232 816 evanuit.
2291 758 2423 824 Qum
2467 759 2612 812 hunc
2665 773 2836 827 usque
2886 759 3026 826 apud
3080 759 3226 812 solos
3273 759 3565 813 Armenios

1988 853 2281 914 retinetur,
2332 851 2622 906 catholicis
2661 850 3052 904 traditionibus
3118 867 3312 920 parere
3377 853 3563 905 nolen-

1989 953 2092 1006 tcs,
2129 927 2306 1009 neque
2333 942 2487 1010 pueri
2525 941 2672 994 illius
2701 939 2754 993 in
2787 955 2970 995 aerem
3006 952 3218 1009 raptum
3251 940 3567 1010 approban-

1991 1045 2094 1094 tes,
2129 1032 2222 1101 qui
2257 1042 2338 1084 ter
2372 1032 2546 1084 sancti
2604 1030 2761 1084 istius
2808 1030 3069 1084 carminis
3104 1031 3341 1083 divinam
3374 1045 3561 1084 vocem

1989 1137 2045 1179 et
2077 1124 2387 1179 doctrinam
2419 1137 2448 1176 e
2487 1122 2706 1175 sublimi
2741 1121 3017 1175 demissus
3049 1130 3238 1189 aperte
3276 1120 3562 1184 indicavit.

1991 1217 2056 1270 Et
2102 1217 2364 1287 hymnum
2409 1229 2536 1268 eum
2583 1212 3047 1269 Chalcedonensis
3096 1221 3282 1265 sancta
3327 1212 3565 1282 synodus

1991 1310 2219 1377 recepit,
2281 1305 2730 1374 sempliciterque
2798 1307 2869 1358 ita
2943 1305 3252 1358 canendum
3313 1305 3563 1359 tradidit.

1991 1404 2176 1471 Itaque
2205 1401 2348 1454 risus
2385 1400 2541 1467 plane
2563 1406 2619 1453 et
2650 1401 2812 1467 locus
2848 1397 3033 1459 l'uerit,
3076 1398 3119 1450 si
3152 1397 3220 1449 ab
3258 1398 3468 1464 angelis
3505 1405 3561 1450 et

1990 1493 2276 1563 Seraphim
2333 1492 2469 1560 ipsis
2519 1491 2798 1560 proditum
2843 1501 3006 1557 atque
3047 1489 3401 1541 decantatum
3448 1504 3567 1541 car-

1998 1601 2142 1650 men,
2177 1596 2344 1653 atque
2375 1598 2403 1636 a
2447 1590 2526 1636 tot
2580 1582 2786 1636 sanctis
2837 1595 3007 1634 sacra:
3063 1581 3255 1650 synodi
3312 1579 3569 1635 Patribus

1992 1678 2412 1748 comprobatum
2445 1684 2501 1729 et
2535 1674 2936 1735 contirmatum,
2990 1672 3136 1741 quod
3173 1687 3332 1725 unam
3385 1672 3435 1724 in
3473 1671 3569 1724 tri-

1993 1775 2092 1826 bus
2123 1767 2502 1824 subsistentiis
2551 1765 2897 1819 divinitatem
2952 1766 3159 1818 diserte
3215 1763 3567 1833 depraadicat,

1991 1864 2155 1934 881
2190 1861 2437 1930 Cnaphei
2481 1861 2741 1928 primum,
2775 1870 2828 1911 et
2854 1858 3039 1911 Severi
3081 1857 3281 1910 deinde
3310 1857 3571 1924 opinione

1995 1953 2363 2023 proculretur,
2406 1961 2572 2020 atque
2639 1966 2833 2005 eorum
2886 1949 2954 2018 (si
3003 1950 3114 2002 Deo
3172 1949 3372 2016 placet)
3427 1947 3571 1998 arbi-

1994 2047 2120 2104 trio.
2150 2043 2382 2114 perinde
2411 2055 2576 2112 atque
2604 2043 2906 2098 Cherubim
2952 2049 3300 2108 superarent.
3331 2039 3570 2106 corriga-

1995 2148 2108 2192 tur.
2146 2139 2252 2191 Sed
2288 2138 2434 2190 enim
2468 2137 2561 2204 qui
2603 2137 2703 2188 hoc
2743 2139 2812 2188 ita
2845 2143 3159 2194 senserunt,
3199 2131 3588 2198 'l'heopaschia

1996 2242 2061 2286 tae
2091 2232 2268 2285 vocati
2305 2239 2457 2291 sunt,
2486 2239 2741 2282 auctores
2775 2229 3068 2290 primarios
3119 2226 3436 2292 Cuapheum
3473 2224 3569 2275 Pe-

1997 2339 2141 2382 trum
2179 2337 2233 2380 et
2263 2328 2553 2386 Severum,
2583 2323 3048 2386 quemadmodum
3103 2321 3311 2374 dictum
3361 2327 3464 2380 est,
3517 2325 3573 2367 ct

300 2421 508 2475 deinde
537 2423 830 2490 Jacobum,
866 2423 1159 2482 habentes.
1194 2427 1369 2496 Atque
1418 2423 1456 2480 ii
1485 2442 1616 2481 sane
1683 2425 1885 2480 exinde
1926 2441 2088 2478 ttnam
2151 2425 2203 2476 in
2268 2423 2489 2478 Christo
2520 2433 2768 2475 naturam
2808 2429 3056 2473 astruere
3107 2417 3468 2476 Conleuduut,
3497 2413 3570 2465 ita

298 2514 554 2569 dicentes
587 2533 601 2569 :
641 2516 698 2570 Si
731 2520 871 2572 duas
908 2520 967 2572 in
999 2519 1219 2574 Christo
1259 2520 1455 2573 demus
1492 2535 1614 2574 esse
1656 2530 1902 2584 naturas,
1945 2529 2359 2586 consequentur
2423 2531 2517 2569 cas
2557 2516 2890 2568 necessitate
2930 2511 3164 2578 quadam
3196 2523 3422 2563 omnum
3451 2505 3571 2558 dua:

299 2609 472 2660 etiam
503 2609 841 2663 voluntates.

921 2609 977 2664 Si
1045 2627 1176 2666 vero
1246 2613 1349 2667 hoc
1396 2628 1720 2666 concessum
1778 2611 1967 2674 fuerit,
2008 2611 2200 2664 eadem
2276 2609 2604 2662 necessitate
2673 2609 2792 2659 dure
2875 2606 3203 2657 inducentur
3285 2615 3568 2670 personae,

296 2709 353 2753 et
409 2702 535 2756 duae
591 2703 825 2759 virtutes
876 2708 1222 2774 operatrices
1272 2709 1416 2763 inter
1471 2723 1528 2763 se
1595 2709 1886 2763 contraria:
1929 2723 2175 2765 prorsus.

893 2846 1146 2899 ΚΕΦΑΛ.
1194 2847 1320 2902 NB’.

561 2936 700 3003 Περὶ
736 2935 848 3002 τῆς
890 2936 1083 3003 δόξης
1114 2937 1233 2990 τῶν
1280 2939 1637 3009 ’Δγνοητὼκ

377 3050 451 3103 '0
475 3068 540 3118 γε
573 3052 683 3120 μὴν
725 3051 1005 3116 Ἰάκωϐος,
1037 3052 1098 3117 ἐξ
1118 3044 1178 3106 οὗ
1205 3056 1300 3106 καὶ
1326 3055 1357 3123 ἡ
1382 3056 1490 3107 τῶν
1553 3053 1887 3108 Ἰακωόιτῶν

304 3143 519 3210 αἵρεσις
547 3143 628 3194 ἔτι
662 3144 759 3195 καὶ
787 3143 882 3196 νῦν
908 3145 1251 3216 περιᾲδεται,
1285 3147 1458 3217 Σύρος
1493 3148 1590 3215 μὲν
1622 3143 1690 3217 ἦν
1711 3148 1771 3200 τὸ
1803 3149 1890 3217 γέ-

304 3249 419 3294 νος,
452 3233 644 3298 ἀδοξος
673 3233 730 3284 δὲ
763 3233 942 3303 πάντη
970 3237 1065 3287 καὶ
1089 3235 1485 3300 ἁφανέστατος·
1521 3237 1578 3299 ὃς
1596 3239 1690 3291 καὶ
1717 3238 1893 3303 Τζάν-

305 3325 469 3387 ζαλος
497 3327 702 3376 οὑτωσὶ
733 3327 1094 3392 ἑπωνόμαστο
1119 3326 1210 3378 διὰ
1232 3327 1330 3397 τὴν
1354 3328 1557 3398 ἄκραν,
1605 3328 1682 3394 ὥς
1717 3348 1779 3400 γι
1812 3326 1895 3384 οῖ-

310 3436 434 3485 μαι,
470 3417 774 3470 εὖτέλειαν.
803 3409 972 3479 Οὗτος
1028 3419 1089 3470 τὸ
1126 3418 1401 3490 Εύτυχοῦς
1435 3424 1528 3474 καὶ
1577 3426 1891 3492 Διοσκόρου,

308 3509 468 3562 ἔτιδὲ
498 3510 595 3561 τοῦ
643 3512 914 3578 Κναφέως
981 3512 1187 3582 Πέτρου
1254 3515 1346 3566 καὶ
1415 3493 1660 3584 Σευῆρου
1719 3518 1894 3588 δόγμα

307 3601 727 3667 δισδξὰμειος,
760 3602 839 3662 είς
875 3604 1018 3670 μέγα
1047 3603 1324 3657 ἐπιδοῦναι
1364 3607 1514 3675 παρὰ
1568 3608 1760 3679 Σύροις
1792 3629 1896 3662 πα·-

315 3695 720 3760 ρεσκευάσατο’
753 3694 882 3761 μίαν
916 3689 1011 3746 οὖν
1050 3696 1360 3750 ὑπόστασιν
1394 3698 1652 3753 σύνθετον
1693 3703 1758 3754 ὲκ
1802 3701 1897 3754 δύο

314 3789 540 3856 φύσεων
569 3788 672 3855 τῆς
725 3787 956 3840 καθόλου
1014 3787 1349 3859 Ἐκκλησίας
1390 3791 1764 3863 ὁμολογούσης
1809 3794 1898 3847 τὸν

315 3878 525 3946 Κύριον
572 3876 733 3945 ἡμῶν
761 3878 972 3948 Ἰησοῦν
1007 3879 1266 3948 Χριστὸν,
1324 3881 1581 3951 θεότητος
1612 3884 1759 3951 λέγω
1804 3890 1900 3939 καὶ

312 3969 770 4038 ἀνθρωπότητος,
806 3971 902 4021 καὶ
936 3970 1210 4040 ἑκατέραν
1241 3971 1451 4025 τούτων
1477 3973 1615 4042 μετὰ
1642 3974 1740 4044 τὴν
1768 3974 1901 4027 ’ἐνω-

315 4074 402 4110 σιν
429 4058 547 4109 σῶά
603 4075 662 4110 τε
689 4059 762 4109 τα
796 4058 903 4110 τῶν
933 4059 1150 4126 φύσεων
1179 4062 1553 4128 φυλάττουσαν
1609 4062 1898 4131 ἰδιώματα·

314 4149 390 4212 ὡς
427 4147 571 4202 εἶναι
602 4152 701 4219 τὴν
734 4155 844 4202 τών
878 4151 1096 4218 φύσεων
1127 4152 1323 4207 ἕνωσιν
1345 4156 1584 4226 ᾶφυρτον
1615 4157 1708 4209 καὶ
1731 4156 1899 4218 ἀσύγ-

314 4258 503 4310 χυτον,
540 4241 812 4310 ἄτρεπτον
837 4259 896 4292 τε
922 4247 1013 4293 καὶ
1037 4243 1415 4311 ἀναλλοίωτον,
1440 4247 1664 4300 διπλοῦν
1695 4251 1783 4301 τὸν
1805 4251 1901 4302 αύα

314 4335 408 4383 τὸν
434 4333 570 4384 ὄντα
612 4332 747 4384 Θεὸν
812 4334 907 4386 καὶ
965 4336 1278 4394 ἄνθρωπον·
1348 4339 1448 4390 καὶ
1496 4339 1591 4392 δύο
1651 4340 1901 4410 θελήσεις

317 4427 414 4478 καὶ
450 4427 737 4495 ἐνεργείας
767 4426 958 4489 θεῖκὰς
986 4429 1123 4496 ὁμοῦ
1177 4431 1268 4481 καὶ
1299 4429 1655 4498 ἀνθρωπικὰς
1686 4432 1898 4499 ἔχοντα·

314 4521 342 4570 ό
379 4519 634 4587 notum;
667 4518 762 4570 δύο
825 4521 927 4587 μὲν
986 4522 1082 4572 καὶ
1136 4522 1300 4582 αὐτὸς
1351 4529 1457 4590 πρὸ
1513 4531 1610 4592 της
1658 4523 1903 4583 ὲνώσεως

2595 2846 2819 2900 CAPUT
2861 2846 2967 2899 LII.

2404 2940 2478 2992 De
2509 2941 2754 3008 opinione
2784 2941 3159 3008 Agnoetarum.

2069 3056 2308 3112 Jacobus
2339 3071 2528 3124 porro,
2556 3071 2584 3109 a
2613 3070 2724 3124 quo
2760 3070 2906 3109 nunc
2937 3070 3157 3124 quoque
3191 3055 3570 3121 Jacobitarum

2002 3149 2226 3204 haeresis
2255 3148 2605 3203 denominata
2631 3148 2968 3208 celebratur.
3002 3148 3191 3218 Syrius
3215 3165 3413 3218 genere
3441 3151 3567 3212 fuit,

1999 3241 2274 3295 obscurus
2314 3255 2563 3310 prorsus,
2604 3250 2656 3293 et
2691 3242 2839 3294 nulla
2891 3241 3058 3311 gloria
3111 3243 3214 3308 vir,
3265 3242 3356 3304 qui
3403 3243 3570 3295 etiam

1997 3335 2266 3389 Zanzalus
2301 3344 2825 3402 propter-summam
2880 3336 3205 3386 tenuitatem
3239 3344 3322 3386 est
3361 3349 3571 3404 cogno-

2000 3429 2261 3481 minatus.
2289 3426 2388 3480 Hic
2427 3426 2768 3497 Eutychetis,
2800 3435 2855 3480 et
2888 3426 3133 3479 Dioscuri
3181 3425 3560 3495 anzpheiquc,

2001 3533 2263 3587 prmterea
2290 3517 2439 3572 Petri
2472 3528 2635 3584 atque
2665 3517 2854 3571 Severi
2894 3517 3150 3586 dogmate
3187 3526 3429 3584 recepto,
3458 3531 3573 3568 ma-

1999 3625 2238 3680 gnopere
2264 3609 2314 3663 id
2349 3608 2493 3672 apud
2525 3609 2692 3678 Syros
2719 3624 3022 3677 propagare
3057 3607 3290 3662 studuit.
3329 3607 3570 3660 Ecclesia

2001 3719 2134 3757 sane
2160 3703 2441 3757 Catholica
2470 3702 2762 3756 Dominum
2801 3711 3048 3756 nostrqu
3073 3703 3256 3754 Jesum
3286 3700 3570 3754 Christum

2002 3794 2417 3851 sunsrstentiam
2469 3809 2631 3848 unam
2671 3809 2700 3847 e
2746 3794 2958 3846 duabus
2997 3803 3213 3845 Italitttls
3263 3794 3572 3846 consisten-

2005 3899 2136 3950 tem,
2169 3887 2434 3946 Deitatis,
2472 3892 2730 3953 inquam,
2770 3893 2824 3938 et
2853 3884 3228 3937 humanitatis.
3265 3884 3572 3946 proﬁtetur,

2004 3981 2075 4032 ita
2119 3989 2176 4033 ut
2209 3985 2441 4044 utraque
2493 3978 2682 4028 harum
2731 3986 2853 4042 post
2901 3989 3161 4027 unionem
3210 3975 3575 4041 proprietates

2003 4084 2130 4124 Suas
2169 4069 2347 4122 salvas
2377 4074 2689 4128 conservet,
2721 4074 2778 4118 et
2813 4065 3044 4118 duarum
3074 4065 3305 4118 istarum
3349 4077 3574 4118 natura-

2005 4177 2127 4214 rum
2177 4159 2308 4213 unio
2362 4156 2672 4211 mistionem
2733 4166 2790 4209 et
2837 4155 3259 4218 confusionem,
3317 4154 3576 4208 mutatio-

2004 4264 2244 4319 nemque
2269 4258 2324 4302 et
2357 4247 2741 4302 alterationem
2792 4245 2999 4299 nullam
3029 4245 3277 4299 admittat
3302 4264 3315 4310 ;
3344 4245 3572 4315 ipseque

2003 4345 2170 4398 idem.
2189 4342 2334 4397 Deus
2365 4341 2438 4395 sit
2470 4347 2526 4393 et
2555 4339 2742 4402 homo,
2777 4347 2832 4392 et
2861 4337 3179 4391 voluntates
3234 4337 3575 4406 virtutesque

2003 4436 2342 4506 operatrices
2374 4435 2534 4495 duas,
2562 4431 2802 4484 divinam
2834 4429 3091 4484 videlicet
3114 4429 3276 4484 simul
3298 4439 3353 4483 et
3384 4429 3576 4482 huma-

2003 4546 2152 4594 nam,
2178 4527 2395 4582 habeat.
2439 4525 2710 4596 Eutyches
2738 4533 2921 4578 autem
2955 4523 3093 4577 duas
3123 4523 3344 4591 quidem
3379 4533 3432 4575 et
3461 4522 3575 4591 ipse

315 4613 474 4677 ἔλεγε
504 4609 700 4676 φύσεις
732 4611 828 4669 τὰς
871 4610 1100 4677 ὕστερον
1162 4614 1480 4674 ἐνωθείσαςο
1543 4615 1680 4682 μετὰ
1718 4614 1774 4666 δὲ
1805 4619 1903 4685 τὴν
1932 4629 1980 4690 D

1895 4629 1980 4690 ὀ
2009 4632 2134 4675 ante
2167 4621 2427 4674 unionem
2473 4627 2698 4671 naturas
2748 4616 2910 4680 dixit,
2945 4615 3145 4669 deinde
3196 4618 3399 4669 unitas.
3450 4615 3578 4667 Post

315 4699 518 4752 ἕνωσιν
541 4701 621 4759 είς
658 4701 789 4767 μίαν
824 4702 1093 4770 κριθηναι
1142 4705 1346 4764 ταύτας
1377 4721 1559 4767 φυσιν,
1585 4711 1677 4756 καὶ
1705 4721 1904 4774 συγχυ-

318 4793 488 4862 θῆναι
517 4794 613 4846 καὶ
644 4795 865 4862 φυρμὸν
889 4795 1087 4848 παθεῖν
1145 4796 1530 4864 ὲδογμάτιζεν.
1590 4799 1752 4849 Ὥστε
1810 4799 1906 4851 καὶ

317 4887 420 4953 τὴν
451 4884 691 4952 θεότητα
728 4886 796 4936 τὰ
822 4886 926 4954 τῆς
980 4887 1402 4958 ἀνθρωπότητος
1443 4890 1700 4957 πάσχειν,
1728 4907 1817 4941 και
1847 4889 1907 4941 τὸ

317 4977 617 5030 ἀνάπαλιν.
654 4977 747 5028 Διὸ
784 4979 881 5030 καὶ
922 4978 1048 5039 τοὺς
1109 4980 1282 5032 ταῦτα
1332 4981 1762 5048 δογματίζοντας
1812 4981 1906 5032 καὶ

321 5071 718 5136 Μονοφυσιτας
775 5070 871 5122 καὶ
922 5068 1301 5138 Θεοπασχὶτας
1376 5072 1425 5123 oi
1474 5070 1607 5124 θεῖοι
1665 5072 1906 5142 Πατέρες

320 5165 484 5232 ἡμῶν
519 5162 943 5224 κατωνόμασαν.
975 5162 1159 5234 Ταύτῃ
1208 5167 1271 5233 τῇ
1322 5163 1448 5233 δόξῃ
1476 5165 1582 5217 ὅτε
1617 5167 1907 5234 Διόσκορος

320 5255 680 5324 πατριάρχης
730 5255 1159 5323 Ἀλεξανδρείας,
1203 5257 1295 5307 καὶ
1351 5258 1557 5324 Πέτρος
1589 5259 1617 5309 ὁ
1655 5257 1908 5324 Κναφεὺς

322 5351 420 5402 καὶ
446 5351 475 5400 ὁ
507 5346 812 5412 ’Δκέφαλος
849 5347 1083 5415 Σευῆρος
1114 5350 1160 5400 οί
1195 5350 1294 5416 τῆς
1338 5349 1682 5418 Ἀντιοχείας
1717 5350 1906 5419 ἀρχιε-

322 5441 442 5508 ρεῖς
467 5437 567 5489 καὶ
604 5436 785 5503 ἕτεροι
829 5437 1290 5504 καθυπὴχθησαν.
1326 5436 1433 5489 Τοῦ
1467 5438 1648 5490 τοίνυν
1681 5438 1908 5506 είρημέ-

321 5548 415 5581 νου
486 5527 754 5580 Ἰακώϐου
803 5544 902 5594 την
940 5527 1051 5578 τῶν
1098 5526 1488 5597 Μονοφυσιτῶν
1538 5530 1696 5593 δόξαν
1758 5529 1908 5597 παρὰ

322 5618 523 5689 Σύροις
584 5617 971 5687 κηρύττοντος,
1028 5619 1232 5687 σχίσμα
1287 5621 1431 5688 μέγα
1485 5621 1783 5687 ἐγγίνεται.
1847 5620 1908 5673 Oi

329 5715 431 5783 μὲν
493 5711 589 5763 οὖν
628 5715 693 5779 τῇ
747 5710 882 5780 ὀρθῇ
941 5712 1068 5780 δόξῃ
1133 5714 1566 5779 προσμείναντες
1646 5713 1910 5780 Μελχῖται

327 5806 676 5876 ἐκλήθησαν,
721 5805 795 5863 ὼς
830 5807 896 5874 τῇ
943 5806 1074 5873 ἁγία
1112 5804 1153 5857 δ’
1191 5807 1393 5874 συνόδῳ
1441 5810 1534 5857 καὶ
1588 5806 1664 5872 τῷ
1701 5807 1912 5872 βασιλεῖ

330 5897 895 5965 ἐξακολουθήσαντες·
949 5901 1125 5966 Μελχὶ
1159 5902 1264 5966 γὰρ
1297 5900 1446 5967 παρὰ
1476 5899 1663 5966 Σύροις
1698 5901 1723 5950 ὁ
1756 5899 1908 5966 βασι-

2006 4711 2261 4766 unionem
2288 4720 2469 4764 autem
2495 4709 2552 4762 in
2581 4722 2744 4762 unam
2769 4722 2865 4762 eas
2909 4716 3161 4759 naturam
3193 4705 3415 4767 abiisse,
3449 4720 3577 4760 con-

2009 4802 2265 4868 fusasque
2295 4813 2438 4862 esse,
2467 4808 2523 4851 et
2554 4796 2870 4851 mistionem
2899 4796 3136 4850 subiisw
3181 4797 3440 4865 opinatus
3469 4807 3572 4854 est.

2008 4893 2147 4948 adeo
2174 4900 2234 4947 ut
2254 4901 2308 4947 et
2335 4890 2600 4945 divinitas
2623 4905 2687 4944 ea
2713 4904 2835 4958 quae
2857 4889 3217 4942 humanitatis
3242 4888 3395 4942 luere
3422 4904 3575 4957 passa

2008 4986 2100 5046 sit.
2132 4993 2188 5039 et
2215 4995 2427 5039 contra.
2466 4981 2702 5037 Proinde
2728 4981 2841 5035 haec
2866 4981 2937 5034 ita
2963 4985 3250 5049 Opinantes
3278 4980 3578 5050 Monophy-

2009 5078 2142 5132 sitas
2167 5088 2219 5131 et
2260 5075 2691 5145 Theopaschitas
2719 5073 2830 5126 divi
2873 5072 3062 5126 Patres
3091 5074 3263 5127 nostri
3294 5077 3577 5142 cognomi-

2010 5177 2235 5223 narunt.
2289 5167 2356 5221 Et
2413 5167 2528 5230 ipsa
2581 5166 2843 5234 opinione
2890 5163 3189 5242 Dioscorus
3233 5167 3577 5220 Alexandriae

2011 5260 2344 5331 patriarcha,
2372 5256 2540 5326 882
2573 5265 2629 5310 et
2659 5256 2854 5309 Petrus
2883 5255 3198 5323 Cnapheus,
3234 5255 3579 5325 Severusque

2010 5350 2344 5419 Acephalus,
2396 5350 2644 5417 episcopi
2705 5348 3054 5410 Antiocheni,
3120 5358 3284 5418 atque
3352 5351 3580 5412 insuper

2012 5444 2101 5495 alii
2136 5441 2492 5495 transversim
2521 5441 2744 5493 abducti
2780 5450 2934 5493 sunt.
2976 5440 3268 5495 Enimvero
3299 5457 3368 5496 eo
3415 5460 3577 5511 quem

2012 5533 2248 5587 diximus
2280 5533 2484 5587 Jacobo
2526 5530 3031 5600 Monophysitarum
3069 5533 3390 5601 Opinionem
3427 5537 3577 5604 apud

2017 5624 2183 5695 Syros
2208 5623 2563 5692 przedicante,
2593 5638 2844 5692 maguum
2881 5633 3130 5676 exortum
3156 5634 3240 5677 est
3264 5625 3576 5680 dissidimu.

2014 5715 2148 5769 Nam
2204 5714 2295 5779 qui
2360 5722 2523 5765 recta:
2585 5712 2832 5780 opinioni
2895 5712 3261 5776 adlncserunt,
3313 5715 3580 5769 Melchit-tu

2016 5804 2267 5874 appellati
2303 5813 2453 5867 sunt,
2483 5801 2629 5872 quod
2674 5813 2917 5856 sanctam
2975 5814 3222 5873 quartam
3287 5808 3575 5874 synodum,

2015 5907 2066 5954 ct
2098 5898 2482 5966 imperatorem
2511 5899 2684 5961 ipsum
2715 5894 2931 5963 (Mclchi
2965 5899 3108 5950 enim
3141 5897 3291 5965 Syris
3344 5915 3436 5952 rex
3469 5902 3576 5968 est)
