4262 6446
718 377 818 440 439
1896 365 2317 431 NICEPnont
2365 366 2710 434 αλιυδιί
3880 379 3990 442 tto

715 497 1200 547 coiisectarentur.
1254 487 1356 555 Qui
1402 496 1586 544 autem
1643 490 1925 544 diversum
1980 478 2378 543 senserunt.A

2326 478 2532 555 Αλεύς
2573 493 2744 546 ἔστιν’
2811 495 2861 549 οί
2892 496 2950 550 δὲ
3004 498 3269 553 τάναντία
3336 499 3714 570 φρονήσαντες
3773 501 3993 565 πολλοῖς

719 587 884 639 multa
920 584 1182 653 variaque
1223 581 1474 637 habuere
1519 583 1764 637 nomina.
1805 582 2070 638 Jacohita:
2115 591 2299 636 tamen

2410 589 2506 640 καὶ
2540 588 2823 657 διαφόροις
2876 591 3144 660 ὀνόμασιν
3197 593 3609 663 ἑπεκλήθησαν·
3644 595 3714 647 τά
3749 594 3993 664 μάλιστα

719 678 956 731 maxime
988 685 1119 730 sunt
1147 677 1542 746 cognominati,
1573 685 1861 746 propterea
1885 675 2029 746 quod
2051 676 2102 730 ei
2138 691 2300 746 quem

720 771 833 825 dixi
887 771 1398 842 Monophysitarum
1473 770 1701 824 haaresis
1774 769 2026 824 studioso
2096 769 2304 825 Jacobo

725 865 1095 920 adhmrerent.
1123 863 1227 931 Qui
1259 864 1422 918 etiam
1461 864 1799 918 anathemati
1844 864 2028 918 traditi
2055 873 2208 926 sunt,
2245 871 2302 916 ut

725 956 1117 1029 Monophysita:
1148 957 1378 1022 scilicet,
1412 966 1467 1012 et
1507 956 1986 1026 TheOphaschitzr.
2014 956 2142 1009 Post
2173 971 2306 1010 vero

723 1049 872 1103 aliud
918 1050 1086 1104 etiam
1125 1050 1396 1104 haeresum
1454 1064 1684 1104 examen
1720 1049 1795 1104 .ad
1850 1065 1909 1104 se
1966 1059 2304 1120 pertraxere,

728 1155 852 1212 quzn
953 1141 1283 1198 Trinitatem
1360 1143 1890 1198 consubstantialem
1990 1146 2305 1208 credentes,

729 1247 895 1286 unam
971 1243 1224 1288 naturam
1298 1243 1423 1303 post
1473 1237 1736 1290 unionem
1787 1234 1842 1288 in
1896 1234 2118 1292 Christo
2187 1250 2306 1291 esse

726 1323 1056 1391 docuerunt,
1086 1343 1297 1381 sacram
1326 1337 1579 1398 quartam
1610 1329 1880 1399 synodum
1921 1330 2307 1399 repudiantes.

726 1430 788 1470 ac
819 1416 1084 1486 deinceps
1125 1433 1320 1474 omnes
1360 1428 1580 1473 sanctos
1625 1420 1815 1475 Patres
1855 1422 2188 1492 rejicientes.
2241 1422 2308 1477 Et

727 1509 873 1577 quod
930 1512 1230 1565 maximum
1292 1522 1394 1575 est,
1457 1513 1736 1568 divinitati
1788 1514 1961 1583 ipsius
2025 1513 2307 1585 Unigeniti

729 1603 1147 1672 perpessionem
1202 1607 1557 1670 tribuerunt,
1605 1606 1714 1661 Ter
1747 1617 1940 1662 sancto
1969 1608 2046 1662 illi
2101 1609 2307 1676 hymno

727 1696 1090 1766 appendicem
1127 1700 1266 1752 hanc
1293 1719 1306 1754 :
1351 1698 1491 1767 IQlli
1530 1702 1829 1754 crucitixus
1852 1717 1912 1756 es
1940 1718 2038 1771 pro
2065 1702 2226 1757 nobis
2253 1722 2302 1768 ι,

728 1791 1103 1847 adnectentes.

1322 1887 1543 1944 CAPUT
1578 1888 1710 1944 Llil.

1087 1983 1164 2035 De
1208 1985 1395 2036 liwresi
1433 1982 1948 2065 Theopaxchilarum.

806 2073 957 2128 'l‘alis
1015 2075 1393 2130 Jacohitarum
1448 2075 1676 2131 haeresis
1709 2079 1865 2130 radix
1888 2076 2311 2132 exstitit.Jaco-

735 2164 838 2220 bus
869 2176 1050 2219 autem
1078 2167 1464 2220 Armeniorum
1507 2183 1730 2237 quoque
1756 2176 1918 2223 secta:
1943 2168 2051 2222 dux
2077 2169 2200 2222 luit.
2234 2169 2308 2222 Ea

734 2274 867 2316 sane
931 2259 1159 2312 haeresis
1205 2259 1486 2326 multiplex
1521 2269 1624 2322 est,
1658 2272 1713 2314 et
1739 2270 1796 2315 ut
1835 2262 2108 2330 quispiam
2141 2261 2308 2326 dicat,

739 2352 1009 2406 han-esum
1039 2354 1285 2407 omnium
1325 2354 1612 2408 conﬂuens
1633 2358 1868 2409 sentina.
1906 2355 2040 2409 Nam
2074 2355 2150 2408 illi
2186 2371 2310 2410 cum

740 2447 876 2498 Ario
901 2446 1161 2499 aberrant
1191 2448 1244 2501 in
1278 2462 1366 2507 eo.
1400 2448 1542 2510 quod
1581 2447 1748 2500 Deum
1786 2447 2024 2502 Verbum
2061 2459 2310 2503 naturam

739 2537 1032 2591 mutationi
1063 2537 1380 2600 obnoxiam,
1423 2539 1715 2592 habentem
1747 2554 1967 2594 carnem
1994 2539 2176 2594 anima
2217 2556 2312 2594 ca-

740 2639 975 2695 rentem,
1029 2630 1394 2699 assumpsisse
1454 2630 1666 2686 dicunt.
1693 2630 1830 2686 Cum
1871 2632 2178 2703 Apollinari
2209 2648 2314 2686 au—

743 2730 873 2783 tem,
923 2721 1067 2788 quod
1121 2735 1324 2790 corpus
1385 2721 1602 2776 Domini
1645 2733 1880 2777 mentem
1938 2740 2046 2778 non
2084 2724 2312 2789 habere,

740 2811 1033 2881 eidemque
1074 2812 1319 2866 divinam
1377 2823 1629 2867 naturam
1673 2814 1947 2879 sufﬁcere,
2000 2818 2313 2886 mentisque

742 2904 850 2956 vim
890 2904 1255 2973 operatriccm
1308 2906 1569 2973 perlicere
1629 2907 1839 2961 dicunt.
1892 2909 2070 2977 Atque
2101 2910 2318 2963 haereti-

741 2998 822 3050 cis
852 2998 1046 3052 multis
1075 2998 1343 3063 laudatis,
1401 3000 1728 3069 depravatas
1760 3002 2003 3071 ipsorum
2027 3004 2317 3072 opiniones

742 3091 842 3144 sibi
875 3089 1007 3159 ipsis
1030 3101 1310 3162 arrogant.
1359 3091 1601 3161 Magistri
1650 3094 1844 3147 horum
1880 3095 1952 3147 illi
2012 3110 2150 3164 quos
2176 3096 2318 3149 dixi-

743 3197 868 3236 mus
921 3181 1076 3237 luere
1125 3200 1138 3236 :

744 3276 1082 3345 quandoque
1137 3276 1212 3329 illi
1271 3275 1444 3332 Deum
1494 3276 1759 3341 Verbum,
1793 3277 2321 3348 incorruptibile,et

748 3367 1076 3432 increatum,
1140 3376 1195 3421 et
1250 3368 1497 3432 cceleste,
1527 3381 1582 3422 et
1621 3385 1649 3422 a
1691 3371 2048 3439 perpessione
2077 3371 2320 3426 alienum

747 3466 911 3526 atque
943 3457 1171 3521 subtile,
1193 3457 1461 3526 nobisque
1488 3474 1594 3511 non
1633 3460 2102 3514 consubstantiale
2124 3475 2325 3528 corpus

749 3552 1045 3618 recepisse,
1078 3562 1242 3620 atque
1269 3567 1330 3604 ea
1363 3566 1484 3619 «tua:
1527 3553 1711 3605 carnis
1750 3562 1898 3620 sunt,
1928 3553 2086 3608 nobis
2119 3555 2173 3608 in
2204 3569 2328 3622 spe-

749 3645 885 3696 ciem
916 3653 1126 3698 tantum
1181 3644 1383 3712 spectri
1448 3659 1602 3697 more
1665 3645 2012 3710 exhibuisse,
2088 3661 2326 3701 exsecu-

752 3748 978 3807 tumque
1011 3751 1131 3790 esse
1160 3738 1482 3806 opinantur.
1511 3736 2064 3808 Quandoqueautem
2099 3755 2323 3795 carnem

750 3830 872 3897 ejus
923 3832 977 3883 in
1022 3839 1275 3884 naturam
1336 3831 1562 3886 Deitatis
1622 3847 1968 3898 conversam,
2031 3833 2326 3902 eidemque

751 3921 1276 3978 consubstantialem
1337 3921 1536 3975 iactam
1591 3937 1715 3976 esse
1739 3922 1954 3977 dicunt.
1984 3921 2150 3992 883
2191 3921 2330 3976 Mul-

756 4015 923 4069 lolies
973 4029 1107 4069 vero
1167 4013 1333 4069 etiam
1392 4013 1562 4068 Deum
1616 4011 1860 4068 Verbum
1919 4014 2224 4068 humanum
2262 4030 2328 4069 ex

755 4106 977 4176 Virgine
1034 4120 1234 4176 corpus
1282 4106 1642 4174 assumpsisse
1704 4114 1946 4174 negant,
1997 4105 2092 4160 sed
2148 4105 2327 4175 ipsum

758 4199 1085 4253 immutabili
1135 4198 1298 4252 modo
1352 4208 1644 4262 mutatum,
1702 4209 1758 4252 et
1824 4213 2047 4252 carnem
2100 4197 2327 4260 factum.

756 4293 1050 4345 transitum
1113 4299 1322 4345 tantum
1370 4306 1469 4359 per
1503 4290 1780 4360 Virginem
1821 4289 2018 4344 fecisse
2055 4308 2069 4344 :
2103 4299 2158 4344 et
2179 4291 2330 4346 cruci

755 4386 1133 4447 divinitatem,
1162 4401 1284 4455 quae
1328 4384 1711 4438 circumscribi
1734 4395 1792 4438 et
1817 4382 2037 4439 deﬁniri
2069 4395 2329 4454 nequeat,

757 4477 1035 4546 Unigeniti
1067 4477 1314 4539 allixam,
1377 4476 1740 4545 eamdemque
1786 4477 2047 4545 sepulcro
2074 4477 2328 4531 traditam

757 4580 1098 4626 asseverant.
1153 4571 1331 4638 Atque
1371 4570 1532 4624 [idem
1594 4570 1758 4623 etiam
1821 4569 2098 4624 nativitati
2124 4568 2328 4625 Christi

759 4665 1063 4719 secundum
1122 4678 1344 4717 carnem
1387 4665 1736 4733 derogantes,
1777 4673 1832 4718 et
1859 4679 1980 4717 eam
2006 4664 2060 4717 in
2091 4663 2330 4734 speciem

762 4767 1000 4821 tantum,
1071 4758 1472 4826 phantasmatis
1532 4758 1724 4819 instar,
1756 4756 1957 4810 factam
1991 4771 2114 4811 esse
2141 4757 2336 4812 dicen-

765 4864 867 4905 tes.
913 4851 982 4905 Et
1030 4864 1139 4902 non
1190 4848 1353 4903 sicuti
1384 4863 1506 4912 nos,
1564 4863 1661 4918 pcr
1701 4848 2006 4914 intervalla,
2041 4847 2340 4917 particula-

765 4945 883 5004 ίίιιι,
936 4941 1030 4996 sed
1094 4941 1160 4994 ad
1212 4941 1619 5010 quindecimum
1673 4938 1922 4994 Januarii
1958 4939 2166 4995 mensis
2193 4939 2338 4994 diem

759 5037 955 5109 jejunii
985 5046 1203 5105 tempus
1221 5035 1600 5089 extendentes.
1641 5032 2134 5086 Annuntiationem
2175 5032 2339 5086 simul

763 5142 819 5186 et
868 5131 1233 5194 nativitatem,
1282 5138 1337 5182 et
1395 5128 1728 5196 baptismum
1764 5125 1969 5181 Christi
2032 5125 2338 5179 celebrant.

767 5229 909 5295 Quin
977 5229 1147 5282 multa
1211 5227 1376 5282 etiam
1441 5223 1615 5277 divini
1663 5222 1946 5292 Evangelii
1987 5221 2158 5284 dicta,
2186 5236 2342 5275 suam

771 5324 874 5394 ipsi
942 5323 1262 5394 opinionem
1325 5329 1582 5374 astruere
1607 5328 1899 5382 conantes,
1933 5317 2137 5371 tollunt
2175 5325 2343 5386 atque

772 5417 1044 5472 inducunt
1117 5432 1132 5468 :
1199 5429 1262 5468 ac
1301 5413 1469 5468 veluti
1512 5411 2042 5481 Monophysitarum,
2071 5419 2126 5464 et
2160 5410 2346 5463 Theo—

771 5510 1166 5579 paschitarum,
1196 5519 1248 5562 et
1279 5504 1931 5574 Aphthartodocetarum,
1972 5514 2029 5557 et
2060 5502 2346 5558 Monothe-

771 5603 1007 5657 letarum
1074 5600 1328 5654 haeresim
1387 5597 1704 5652 haereditate
1751 5596 2050 5660 creverint,
2101 5595 2344 5664 Cnaplnei

772 5695 920 5750 Petri
993 5696 1365 5748 accessionem
1438 5691 1737 5745 Tersancto
1815 5690 2020 5760 hymno
2080 5704 2346 5743 annexam

773 5789 931 5843 valde
972 5786 1436 5855 complectuntur.
1489 5783 1785 5838 Ecclesiam
1851 5783 2180 5838 catholicam
2235 5786 2348 5852 jam

2406 681 2463 734 δὲ
2503 678 2816 736 Ἰαιὶιυϐῖται
2865 684 3422 754 προσηγορεύθησαν,
3457 685 3534 747 ὡς
3580 685 3660 756 τῷ
3710 687 3993 757 εἰρημένῳ

2413 777 2726 848 σπουδαστῇ
2750 778 2848 848 τῆς
2875 779 2984 831 τῶν
3024 779 3421 846 Μονοφυσιτῶν
3449 779 3719 849 αἱρέσεως
3753 795 3996 832 κατακο-

2409 869 2776 940 λουθήσαντες
2824 871 3090 940 Ἰακώϐῳ·
3147 872 3198 925 οἶ
3234 874 3328 926 καὶ
3391 872 3701 941 άναθέματι
3751 871 3996 942 παραδέ-

2409 962 2611 1028 δονται,
2655 965 2751 1016 καὶ
2803 964 2877 1027 ὡς
2930 964 3302 1032 Μονοφυσῖται
3358 967 3453 1018 καὶ
3481 965 3878 1036 Θεοπασχιταιο
3933 965 3995 1026 ις

2412 1054 2641 1127 ὕστερον
2667 1057 2724 1109 δὲ
2755 1059 2849 1108 καὶ
2880 1056 3040 1111 ἄλλον
3067 1058 3238 1128 ισμδν
3267 1059 3538 1128 αἱρέσεων
3582 1057 3996 1128 περιϐεϐλημέ-

2410 1166 2514 1214 νοι,
2542 1148 2591 1201 οἳ
2647 1149 2854 1219 Τριάδα
2899 1149 3252 1214 πιστεύοντες
3287 1151 3600 1219 ὁμοούσιον.
3661 1151 3794 1220 μίαν
3829 1151 3996 1218 φύσιν

2413 1241 2552 1308 μετὰ
2593 1241 2692 1308 τὴν
2721 1240 2918 1295 ἕνωσιν
2977 1243 3074 1295 ἐπὶ
3115 1242 3358 1310 Χριστοῦ
3422 1243 3837 1312 δογματίζουσι,
3896 1241 3998 1312 τὴν

2412 1335 2578 1402 ἁγίαν
2655 1331 2697 1387 δ’
2751 1335 2974 1389 σύνοδον
3041 1335 3370 1396 ἀθετοῦντες
3423 1337 3517 1388 καὶ
3566 1335 3694 1398 τοὺς
3753 1333 4000 1402 καθεξῆς

2411 1423 2657 1486 ἅπαντας
2690 1424 2883 1486 άγίυυς
2913 1425 3161 1494 Πατέρας
3191 1425 3658 1495 άποϐαλλόμενοι·
3712 1425 3807 1478 καὶ
3842 1425 3906 1478 τδ
3931 1425 4000 1492 δὴ

2415 1515 2698 1584 μέγιστον,
2747 1517 2844 1571 καὶ
2904 1519 2972 1587 τῇ
3012 1516 3234 1587 θεότητι
3289 1517 3388 1569 τοῦ
3430 1517 3773 1584 Μονογενοῦς
3825 1517 4002 1576 πάθος

2411 1609 2808 1677 προσάπτουσι,
2839 1609 2918 1679 τῷ
2947 1609 3216 1680 τρισαγίῳ
3246 1593 3401 1681 ὕμνῳ
3445 1611 3505 1664 τὸ
3539 1612 3603 1664 '0
3630 1611 4001 1680 σταυρωθεὶς

2411 1700 2488 1754 δι’
2515 1700 2672 1771 ἡμᾶς
2703 1701 3111 1772 προστιθέντες.

2983 1886 3234 1940 ΚΕΦΑΛ.
3281 1886 3407 1940 ΝΓ.

2595 1980 2734 2048 Περὶ
2763 1979 2877 2046 τῆς
2905 1977 3190 2047 αίρέσεως
3217 1978 3337 2032 τῶν
3367 1977 3816 2048 Θεοπασχιτῶν.

2486 2071 2650 2125 Ἀλλὰ
2673 2073 2895 2144 τοιαύτη
2924 2076 3025 2143 μὲν
3067 2077 3096 2144 ἡ
3135 2075 3264 2145 ῥίζα
3295 2073 3408 2125 τῶν
3452 2071 3810 2126 Ἰακωϐιτῶν·
3844 2070 3904 2132 ὃς
3935 2069 4004 2138 δὴ

2416 2165 2512 2216 καὶ
2545 2164 2643 2232 τῆς
2677 2164 2788 2216 τῶν
2839 2162 3150 2234 Ἀρμενίων
3187 2163 3464 2232 αἱρέσεως
3499 2162 3887 2230 καθηγήσατο.
3933 2161 4004 2214 ἰι

2415 2256 2478 2323 δὴ
2509 2256 2720 2324 αἵρεσις
2762 2255 3088 2325 πολυσχιδής
3113 2255 3176 2308 τι
3207 2257 3348 2318 ἐστι,
3392 2256 3491 2308 καὶ
3517 2254 3594 2316 ὠς
3624 2254 3691 2306 άν
3712 2270 3800 2314 τις
3857 2253 4009 2304 εῐποι

2422 2350 2760 2418 μισγάγγεια
2789 2351 2972 2417 πάσης
2999 2349 3296 2416 αἱρέσεως.
3348 2348 3459 2400 Καὶ
3489 2346 3600 2415 γὰρ
3639 2345 3837 2415 ’Λρείῳ
3865 2362 4010 2413 συμ-

2419 2441 2704 2511 φύρονται,
2753 2438 2834 2504 οἷς
2865 2459 2999 2509 φασι
3043 2440 3288 2511 τρεπτὴν
3345 2440 3493 2509 ἔχειν
3525 2438 3694 2507 φύσιν
3739 2438 3834 2489 τὸν
3871 2437 4009 2489 Θεὸν

2420 2537 2614 2604 Λόγον,
2647 2538 2743 2590 καὶ⁹
2769 2537 2949 2604 σάρκα
2988 2535 3342 2604 ἀνειληφέναι
3393 2532 3602 2602 ἄψυχον
3641 2547 3657 2565 ο
3687 2531 4011 2584 ’Λπολλινα-

2423 2629 2524 2698 ρίῳ
2548 2629 2825 2699 δὲ,ὄτιττερ
2849 2630 2941 2681 καὶ
2965 2629 3127 2683 ἄνουν
3147 2629 3309 2696 σῶμα
3333 2626 3504 2680 τὸτοῦ
3534 2626 3738 2695 Κυρίου
3753 2625 4013 2689 δοξάζου-

2423 2739 2526 2773 σιν·
2566 2722 2799 2792 ἀρκέσαι
2830 2723 2940 2791 γάρ
2976 2739 3108 2787 φασι
3139 2722 3236 2792 τὴν
3273 2719 3426 2772 θείαν
3461 2718 3627 2786 φύσιν
3654 2719 3875 2771 τελέσαι
3915 2717 4014 2770 τοῦ

2422 2814 2516 2866 νοῦ
2561 2815 2660 2886 τὴν
2712 2817 3016 2886 ἐνέργειαν.
3080 2817 3192 2868 Καὶ
3252 2815 3490 2876 πολλοὺς
3544 2813 3655 2866 τῶν
3709 2811 4013 2882 αἱρετικῶν

2424 2913 2836 2974 ἐπαινέσαντες,
2894 2910 2988 2970 τὰς
3024 2909 3316 2977 κιϐδήλους
3366 2909 3524 2972 δόξας
3560 2906 3742 2959 αὐτῶν
3792 2904 4014 2974 ᾠκειώο

2427 3021 2608 3058 σαντο.
2642 3002 2965 3055 Διδάσκαλοι
2991 3001 3045 3053 δὲ
3073 3001 3223 3068 σφῶν
3242 3002 3294 3052 οἱ
3314 3000 3704 3070 προειρημένοι
3724 2998 4012 3066 ἐγένοντο,

2427 3097 2524 3148 καὶ
2552 3096 2802 3165 Ἐχάνιος
2831 3097 2857 3146 ὁ
2881 3093 3303 3164 Μιντακούνης.
3333 3093 3444 3145 Καὶ
3481 3093 3560 3160 πῆ
3598 3092 3699 3160 μὶν
3726 3091 4016 3160 ἄφθαρτον

1211 3191 1267 3236 et
1292 3183 1570 3237 Echanius
1596 3186 1823 3254 insuper
1853 3185 2228 3241 Mantacunes.
2257 3187 2322 3242 Et
2345 3188 2390 3252 C
2429 3187 2524 3239 καὶ
2551 3185 2808 3239 ἄκτιστον
2847 3202 2894 3237 κ‹

2345 3188 2390 3252 C
2429 3187 2524 3239 καὶ
2551 3185 2808 3239 ἄκτιστον
2847 3187 2941 3238 καὶ
2967 3185 3224 3253 οὐράνιον
3270 3183 3366 3236 καὶ⁵
3404 3182 3617 3244 ἀπαθὲς
3671 3181 3769 3233 καὶ
3815 3179 4015 3232 λεπτὸν

2429 3279 2592 3348 σῶμα
2652 3277 2948 3330 ἀναλαϐεῖν
3011 3277 3102 3328 τὸν
3155 3276 3290 3328 θεὸν
3340 3276 3535 3342 Λόγον,
3597 3275 3693 3327 καὶ
3749 3275 3825 3344 μὴ
3881 3275 4018 3342 ἡμῖν

2425 3367 2712 3439 όμοούσιον
2741 3365 3160 3437 δογματίζουσι,
3213 3365 3408 3419 καὶτὰ
3447 3365 3549 3433 τῆς
3612 3365 3819 3435 σαρκὸς
3866 3364 4017 3416 κατὰ.

2426 3463 2729 3530 φαντασίαν
2758 3463 2892 3532 ήμῖν
2938 3462 3203 3528 ἐνεργεῖνο
3246 3458 3324 3526 πῆ
3384 3459 3443 3511 δι
3493 3458 3624 3527 ὡςή
3675 3455 3818 3527 σὰρξ
3845 3456 4016 3510 αὐτοῦ

2428 3555 2508 3615 είς
2538 3551 2704 3620 φύσιν
2748 3550 3060 3621 μετεϐλήθη
3089 3549 3369 3618 θεότητος,
3403 3548 3499 3600 καὶ
3540 3547 3839 3616 ὀμοοὺσιος
3867 3547 4012 3616 αὑτῇ

2429 3645 2678 3714 γέγονεν’
2713 3647 2771 3696 ἐν
2809 3644 3031 3706 πολλοῖς
3061 3641 3116 3695 δὲ
3153 3643 3292 3711 μηδὲ
3321 3641 3414 3694 τὸν
3438 3640 3575 3692 Θεὸν
3600 3640 3778 3708 Λόγον
3799 3638 4016 3710 ἀνθρώ-

2433 3753 2588 3790 πειον
2615 3737 2677 3789 ὲκ
2711 3735 2812 3804 τῆς
2847 3735 3126 3804 Παρθένου
3158 3735 3320 3802 σῶμα
3355 3732 3670 3796 ἀναλαϐεῖν,
3698 3731 3818 3784 ἀλλ’
3847 3731 4016 3784 αὑτὸν

2429 3833 2718 3903 ἀτρέπτως
2749 3831 3025 3901 τραπέντα
3054 3828 3151 3882 καὶ
3175 3829 3358 3898 σάρκα
3379 3828 3702 3896 γενόμενον,
3734 3825 3838 3895 τὴν
3874 3825 4020 3892 πάρ-

2431 3927 2550 3979 οδον
2602 3927 2773 3994 μόνην
2839 3924 2926 3978 διὰ
2980 3922 3082 3992 τῆς
3145 3920 3429 3990 Παρθένου
3495 3917 3854 3988 ποιήσασθαι,
3919 3917 4018 3970 καὶ

2433 4020 2823 4089 προσπαγῖμιαι
2861 4015 3077 4086 σταυρῷ
3102 4015 3202 4086 τὴν
3222 4016 3327 4066 ἀπε
3338 4015 3648 4084 ρίγραπτον
3669 4011 3764 4065 καὶ
3787 4011 4020 4079 άπεριό-

2437 4127 2621 4182 ριστον
2652 4111 2885 4180 θεότητα
2912 4108 3008 4162 τοῦ
3047 4107 3412 4175 Μονογενοῦς,
3469 4109 3566 4161 καὶ
3604 4105 3814 4174 ταύτην
3860 4104 4024 4174 τάφῳ

2436 4205 2829 4276 παραδοθῆναι.
2875 4200 3219 4265 Ἀθετοῦντες
3266 4201 3322 4254 δὲ
3368 4199 3461 4254 καὶ
3491 4199 3594 4268 τὴν
3637 4199 3785 4252 κατά
3840 4199 4024 4268 σάρκα

2437 4299 2691 4369 γέννησιν
2719 4297 2814 4350 τοῦ
2844 4295 3109 4366 Χριστοῦ,
3135 4301 3230 4347 καὶ
3271 4291 3348 4354 ὡς
3371 4292 3760 4360 φαντασιωδῶς
3791 4294 4028 4363 γεγενῆο

2441 4391 2565 4444 σθαι
2603 4391 2877 4459 λέγοντες,
2911 4388 3011 4458 οὐχ
3037 4387 3112 4450 ὡς
3147 4388 3306 4456 ἡμεῖς
3335 4387 3436 4440 ἀνὰ
3469 4386 3662 4456 μέρος,
3706 4386 3846 4439 ἀλλὰ
3883 4387 4030 4440 κατὰ

2440 4487 2538 4556 τὴν
2578 4490 2638 4540 ιε’
2674 4482 2768 4537 τοῦ
2816 4481 3155 4550 Ἰανουαρίου
3221 4479 3391 4550 μηνδς
3447 4479 3879 4549 παρατείνοντες
3925 4479 4028 4548 τὴν

2444 4577 2724 4648 νηστείαν,
2775 4573 2868 4627 τὸν
2898 4571 3302 4640 εὐαγγελισμδν
3333 4569 3467 4640 ὁμοῦ
3502 4569 3595 4622 καὶ
3623 4569 3724 4640 τὴν
3763 4571 4028 4640 γέννησιν

2445 4671 2543 4722 καὶ
2578 4670 2638 4722 τὸ
2669 4667 2956 4738 βάπτισμα
3020 4662 3368 4734 ἑορτάζουσι.
3427 4661 3606 4716 Πολλὰ
3670 4661 3728 4714 δὲ
3783 4661 4028 4714 καὶτῶν

2443 4761 2536 4815 τοῦ
2576 4761 2736 4826 ,θείου
2799 4756 3134 4828 Εὑαγγελίου
3214 4756 3396 4827 ῥητῶν
3455 4754 3845 4824 διαγράφουσι,
3925 4754 4029 4823 τὴν

2446 4857 2720 4926 σφετέραν
2754 4853 2913 4918 δόξαν
2941 4851 3284 4922 πειρώμενοι
3327 4850 3612 4918 συνιστᾷν·
3647 4845 4025 4917 κληρούμενοι

2443 4950 2610 5003 δὲκαὶ
2639 4950 2740 5017 τὴν
2763 4948 2872 5000 τῶν
2897 4944 3293 5013 Μονοφυσιτῶν
3326 4944 3423 4996 καὶ
3473 4941 3868 5010 Θεοπασχιτῶν
3928 4942 4026 4994 καὶ

2457 5039 2984 5109 ’Λφθαρτοδοκητῶν
3025 5038 3120 5089 καὶ
3171 5033 3572 5100 Μονοθελητῶν
3633 5034 3878 5101 αῖρεσιν,
3925 5033 4029 5101 τήν

2445 5132 2539 5183 τοῦ
2569 5131 2834 5199 Κναφέως
2865 5129 3074 5198 Πέτρου
3106 5127 3428 5199 προσθήκην
3454 5126 3532 5195 τῷ
3553 5126 3836 5197 τρισαγίιρ
3869 5125 4030 5196 ὕμνῳ

2447 5226 2568 5278 λίαν
2611 5223 2970 5286 ἀσπάζονται·
3004 5222 3278 5290 λέγοντες,
3304 5221 3382 5283 ὡς
3436 5219 3647 5274 ἄνωθεν
3702 5220 3735 5289 ἡ
3790 5219 4028 5272 καθόλου

2462 5317 2762 5386 Ἐκκλησία
2810 5316 2952 5369 οὕτω
3000 5315 3093 5367 τὸν
3133 5315 3422 5383 τρισάγιον
3477 5311 3650 5379 ὕμνον
3697 5313 4029 5382 ἐκήρυττεν·

2453 5411 2592 5481 μετὰ
2617 5410 2674 5462 δὲ
2697 5411 2795 5479 τὴν
2828 5409 2923 5461 τοῦ
2957 5407 3146 5471 παιδδς
3177 5405 3439 5476 ἁρπαγὴν
3496 5404 3672 5467 οὕτως
3703 5404 4031 5474 ινομοθέτη-

2453 5522 2568 5559 σεν.
2606 5505 2708 5556 Ἦν
2746 5503 3008 5573 ἁρπαγὴν
3040 5502 3134 5554 καὶ
3165 5501 3240 5562 ὡς
3270 5498 3440 5568 ψευδῆ
3487 5497 3652 5566 δῆθεν
3709 5498 4033 5554 παντάπασι

2452 5597 2842 5666 διαγράφουσι·
2887 5595 3022 5663 μηδὲ
3065 5593 3174 5661 γὰρ
3205 5594 3271 5660 τῇ
3311 5590 3736 5660 τρισυποστάτῳ
3787 5589 4033 5656 θεότητι,

2452 5690 2525 5752 ὼς
2559 5692 2761 5743 οίθεῖοι
2813 5688 3057 5757 Πατέρες
3090 5686 3411 5738 διδάσκουσι
3485 5682 3696 5752 ταύτην
3749 5684 4035 5753 προσάγει-

2457 5785 2580 5835 σθαι
2617 5784 2944 5852 φάσκουσιν,
2974 5781 3112 5832 ἀλλὰ
3151 5779 3228 5848 τῷ
3255 5781 3538 5847 μονογενεί
3559 5777 3721 5846 Λόγῳ
3780 5777 4033 5848 Χριστῷ.

780 5885 908 5938 inde
954 5883 1021 5938 ab
1060 5880 1217 5935 initio
1259 5877 1524 5950 hymnum
1556 5894 1681 5933 eum
1722 5877 1795 5932 ita
1823 5875 2169 5945 decantasse,
2229 5887 2352 5948 post
2459 5893 2463 5922 ι

2350 5923 2352 5930 .
2459 5879 2521 5931 Ol
2551 5877 2595 5930 δ’
2624 5877 2776 5930 αὐτοὶ
2820 5876 2917 5928 καὶ
2951 5873 3159 5943 ἄζυμον
3207 5873 3312 5926 οὐκ
3349 5871 3514 5943 άρτον
3568 5871 3628 5923 ὲν
3676 5871 3797 5932 ταῖς
3860 5869 4033 5938 ίεραῖς
