4262 6446
328 396 422 457 Ml

1207 401 1812 463 ΕΕΕιΕΞῐΑΞΤΙΟᾸζ
1864 401 2252 463 HISTORIA;
2294 401 2440 464 LIB.
2486 404 2712 464 XVIII.

3485 406 3591 466 ιιι)

326 513 641 578 ἁγιστείαις
671 515 1060 584 προσφέρουσι,
1100 517 1193 569 καὶ
1228 513 1372 571 οἶνον
1393 519 1697 588 ἀκέραστον
1725 520 1903 574 ὕδατι·
1937 529 1979 582 Α

1937 529 1979 582 Α
2011 520 2166 587 pueri
2230 529 2417 576 autem
2455 520 2607 575 illius
2633 534 2871 591 raptum,
2910 533 2972 578 ut
3003 522 3048 577 is
3080 521 3244 580 aliter
3277 535 3586 582 caneretur.

330 606 462 673 μίαν
492 605 581 659 διὰ
606 607 801 659 τούτου
842 607 1008 674 φύσιν
1042 610 1098 658 ιν
1132 608 1210 678 τῷ
1239 609 1460 677 Χριστῷ
1504 611 1906 679 καταγγέλλον-

329 717 441 764 τες,
468 701 562 752 καὶ
594 702 692 769 οὐχ
721 701 798 764 ὡς
830 703 993 770 ἡμεῖς
1027 704 1280 772 κιρνῶσι,
1313 704 1412 774 τὴν
1441 706 1640 759 ἕνωσιν
1674 707 1784 759 τῶν
1812 692 1907 761 δύο

329 793 554 859 φύσεων
610 794 1070 861 ὐπεμφαίνοντες.
1115 795 1328 850 Ἀλλόί
1361 796 1678 860 θεοϐλαϐείς
1727 801 1822 853 καὶ
1846 800 1907 854 τδ

331 885 526 953 Πάσχα
559 884 874 948 Ἰουδαϊκῶς
907 887 1146 951 τελοῦσι,
1185 887 1314 958 βόας
1360 891 1456 942 καὶ
1490 892 1743 959 πρόϐατα
1767 893 1909 947 κατὰ

327 979 427 1046 τὴν
489 977 800 1046 Ἰουδαῖκὴν
850 978 1114 1048 λατρείαν
1151 981 1395 1043 θύοντες’
1451 983 1546 1036 καὶ
1592 981 1669 1054 τῷ
1714 983 1908 1051 αἵματι

328 1071 422 1122 τοῦ
455 1070 633 1137 ἀμνοῦ
683 1071 780 1132 τὰς
825 1070 936 1123 τῶν
964 1073 1153 1125 οἰκιῶν
1203 1073 1368 1142 φλιὰς
1414 1075 1650 1145 χρίουσι·
1707 1075 1784 1145 μὴ
1813 1075 1908 1128 τοῦ

329 1164 658 1217 δεσποτικοῦ
696 1164 1215 1233 μεταλαμϐάνοντες
1244 1166 1498 1235 σώματός
1527 1186 1584 1220 τε
1621 1168 1714 1221 καὶ
1739 1167 1909 1234 αἵμα-

328 1272 444 1320 τος,
472 1257 610 1309 ἀλλὰ
641 1257 730 1309 τὸν
766 1257 939 1326 ἀμνόν
973 1257 1286 1321 Ἰουδαῖκῶς
1306 1259 1550 1322 θύοντες,
1581 1261 1678 1314 καὶ
1696 1260 1909 1312 ὀπτῶν-

329 1364 422 1410 τες
475 1350 630 1416 πυρὶ,
659 1348 847 1401 τούτου
897 1352 1203 1419 μετέχουσι.
1236 1352 1345 1404 Καὶ
1394 1349 1485 1404 τὸν
1539 1353 1776 1421 σταυρὸν
1845 1352 1907 1404 οὐ

332 1436 604 1505 πρότερον
637 1435 872 1502 τιμῶσιν
897 1438 944 1489 εί
977 1438 1050 1504 μὴ
1083 1435 1445 1505 βαπτίσουσιν
1471 1437 1665 1509 ῶσπερ
1693 1439 1909 1510 ἀνθρω-

331 1542 456 1590 πον,
509 1529 773 1594 καὶπερὶ
828 1526 888 1578 τὸ
947 1528 1113 1595 μέσον
1149 1527 1316 1581 αὑτοῦ
1378 1524 1507 1602 ἧλον
1577 1531 1909 1601 ὲμπήξουσι,

332 1619 432 1670 καὶ
465 1622 757 1688 χρίσουσιν
823 1619 988 1673 αὑτὸν
1041 1620 1118 1688 τῷ
1167 1622 1230 1674 ὲκ
1280 1621 1380 1690 τῆς
1449 1623 1643 1688 θυσίας
1694 1625 1906 1694 αἵματι.

329 1712 507 1765 Τοῦτο
538 1711 592 1763 δὲ
632 1712 884 1766 ποιοῦσιν
916 1715 997 1775 είς
1025 1714 1198 1782 ὄνομα
1235 1715 1330 1767 τοῦ
1375 1717 1615 1784 Χριστοῦ
1666 1717 1912 1772 δεικνύν-

329 1823 426 1867 τες
450 1805 524 1866 ὡς
549 1809 576 1859 ό
601 1800 682 1868 εἷς
737 1805 835 1874 τῆς
865 1805 1096 1876 Τριάδος
1129 1807 1493 1876 ἐσταύρωταιο
1528 1808 1603 1879 μὴ
1636 1811 1910 1872 συνιέντες

328 1895 408 1958 ὡς
435 1895 837 1965 συσταυροῦσιν
870 1895 1015 1947 οὕτω
1056 1896 1148 1948 καί
1179 1896 1278 1966 τὴν
1307 1897 1400 1950 τοῦ
1444 1899 1655 1965 Πατρός
1679 1899 1775 1950 καὶ
1813 1900 1911 1968 τῆς

330 1989 591 2056 θεότητος
645 1987 828 2056 φύσιν,
894 1989 1026 2057 μίαν
1069 1985 1237 2042 οὖσαν
1273 1992 1364 2042 καὶ
1413 1989 1513 2061 τὴν
1558 1992 1751 2060 αὑτήν.
1802 1993 1909 2045 Καὶ

327 2083 486 2150 τρεῖς
508 2082 562 2134 δὲ
595 2084 866 2150 σταυροὺς
901 2081 1258 2150 συνάψαντες,
1289 2083 1456 2150 άγίαν
1485 2084 1694 2155 Τριάδα
1752 2103 1911 2138 κατο-

326 2174 655 2243 νομάζουσι·
686 2175 774 2226 διὰ
805 2175 1009 2228 τούτων
1033 2177 1173 2245 τάχα
1219 2177 1600 2244 ἐμφαίνοντες,
1633 2175 1910 2245 τῆν’ἀγίαν

326 2266 544 2335 Τριάδα
598 2265 1087 2335 συσταυρωθῆναι.
1153 2267 1263 2318 Καὶ
1295 2265 1515 2328 είκόνας
1572 2265 1667 2319 τοῦ
1701 2267 1910 2338 Πατρός

327 2358 552 2411 καὶτοῦ
585 2358 746 2423 ἁγίου
780 2357 1102 2427 Πνεύματος
1148 2357 1532 2423 είκονίζουσιν⁹
1594 2361 1735 2431 ὅπερ
1787 2360 1910 2413 ἀτο-

327 2465 455 2503 πον·
485 2450 541 2503 al
570 2451 681 2520 γάρ
710 2453 924 2510 εἰκόνες
961 2451 1174 2520 ὁρατῶν
1226 2452 1313 2502 καὶ
1373 2455 1769 2520 περιγράπτων
1804 2469 1910 2505 σω-

336 2543 530 2612 μάτων
557 2544 718 2605 είσίν,
757 2543 816 2594 οὐ
857 2543 965 2613 μὴν
1019 2543 1126 2594 τῶν
1180 2543 1570 2613 ἀκατανοήτων
1623 2543 1715 2594 καὶ
1748 2543 1911 2609 ἀοράο

329 2651 462 2687 των.
495 2633 612 2695 Τὰς
641 2633 697 2684 δὲ
722 2633 875 2702 ίεράς
907 2633 1126 2694 εἰκόνας
1159 2633 1321 2703 δῆθεν
1377 2634 1580 2702 τιμῶσι
1632 2634 1756 2701 μὲν,
1810 2635 1911 2686 οὐκ

330 2724 677 2784 ἀσπάζονται
703 2721 781 2772 δέ’
828 2720 905 2790 τῷ
936 2721 992 2773 δὲ
1019 2719 1267 2790 δακτύλῳ
1302 2720 1446 2791 μόνῳ
1469 2720 1905 2790 προσψαύοντες,

336 2811 530 2863 τοῦτον
576 2809 943 2875 ἀσπάζονται.
996 2810 1107 2880 Τὴν
1142 2811 1199 2862 δὲ
1256 2811 1387 2879 παρ’
1431 2810 1587 2880 ἡμῶν
1625 2811 1912 2864 κοινωνίαν

332 2903 490 2956 οὐδὲν
523 2904 786 2973 ἥγηνται·
821 2905 916 2956 καὶ
950 2905 1050 2971 τὴν
1076 2904 1402 2974 προσφορὰν
1448 2904 1615 2974 ἐλαίῳ
1665 2903 1915 2973 ἀναματ-

332 3014 493 3049 τουσι
535 2997 630 3048 καὶ
656 2996 966 3062 ἀλείφουσι.
1000 2998 1270 3063 Λέγονται
1305 2997 1361 3048 δὲ
1386 2996 1479 3048 καὶ
1503 2995 1748 3058 ἐκθέσεις
1769 2996 1914 3065 ἔχειν

332 3091 615 3158 διαφόρων
667 3088 1029 3158 λειτουργιῶν
1072 3090 1225 3157 παρά
1273 3090 1373 3158 τὴν
1439 3088 1914 3160 ἐκκλησιαστικὴν

2008 611 2367 667 constitutum
2399 627 2525 667 esse
2559 613 2829 670 dicentes.
2859 619 3034 681 Quem
3066 614 3291 684 quidem
3326 626 3543 684 raptum
3570 657 3584 679 ,

2011 713 2266 774 tanquam
2331 704 2527 759 falsum
2587 705 2802 761 scilicet
2830 706 3080 773 omnino,
3125 715 3347 777 negant.
3383 707 3576 777 Neque

2011 795 2182 849 trium
2217 793 2699 849 subsistentiarum
2760 795 2982 857 Deitati.
3030 796 3195 852 sicuti
3241 796 3353 851 divi
3388 797 3584 853 Patres

2009 886 2230 948 docent,
2265 886 2360 941 sed
2395 886 2676 956 unigenito
2708 889 2878 942 verbo
2910 885 3130 943 Christo
3159 902 3383 943 carmen
3427 889 3585 959 ejus-

2010 979 2156 1033 modi
2211 978 2430 1034 concini
2498 978 2711 1034 dicunt.
2758 979 2926 1034 Iidem
2982 979 3086 1048 ipsi
3144 995 3203 1034 re
3273 979 3460 1034 divina
3513 979 3591 1034 Ia-

2009 1071 2204 1126 cienda
2265 1089 2455 1144 azymo
2512 1089 2622 1128 non
2681 1089 2819 1143 pane
2877 1082 3112 1128 utuntur
3141 1073 3244 1142 (l),
3275 1081 3331 1128 et
3366 1072 3435 1128 ad
3463 1088 3586 1129 eam

2009 1163 2199 1216 vinum
2237 1179 2378 1232 aqua
2412 1179 2518 1219 non
2559 1172 2922 1233 temperatqu
2982 1164 3290 1219 adhibent:
3335 1179 3497 1218 unam
3522 1179 3588 1219 ea

2011 1255 2147 1309 rein
2183 1253 2404 1310 Christo
2433 1266 2686 1310 naturam
2743 1255 3095 1325 designantes
3123 1295 3140 1318 ,
3207 1270 3388 1325 neque
3418 1255 3587 1309 sicuti

2012 1359 2134 1409 nos,
2185 1345 2411 1400 calicem
2480 1347 2731 1411 miscent,
2764 1362 2860 1416 per
2898 1362 3063 1416 quam
3105 1347 3418 1402 mistionem
3452 1345 3592 1401 dua-

2012 1451 2131 1490 rum
2194 1447 2512 1491 naturarum
2580 1439 2843 1494 unionem
2903 1438 3273 1494 declaramus.
3327 1438 3397 1493 At
3448 1453 3581 1508 erga

2012 1527 2182 1582 Deum
2242 1529 2395 1599 impii
2457 1528 2533 1583 illi
2599 1530 2801 1584 Pascha
2859 1545 3082 1600 quoque
3143 1527 3371 1584 Judaico
3434 1543 3590 1583 more

2011 1621 2318 1686 celebrant,
2375 1621 2546 1676 boves
2594 1632 2649 1676 et
2697 1635 2849 1686 oves,
2878 1623 3032 1693 juxta
3070 1622 3238 1676 ritum
3269 1620 3588 1686 Iudaicum,

2013 1716 2376 1783 immolantes,
2420 1729 2475 1772 et
2513 1720 2778 1786 sanguine
2798 1719 2922 1789 agni
2963 1719 3162 1773 aedium
3197 1730 3380 1788 postes
3423 1719 3586 1773 inun-

2013 1815 2168 1875 gunt.
2235 1806 2351 1861 Non
2401 1809 2477 1862 illi
2509 1824 2713 1878 corpus
2762 1818 2816 1862 et
2848 1810 3171 1879 sanguinem
3209 1809 3423 1864 Domini
3465 1824 3591 1878 pcr-

2013 1900 2302 1968 cipientes,
2335 1901 2429 1954 sed
2462 1916 2659 1969 agnum
2691 1900 2918 1955 Judaice
2979 1901 3379 1961 sacrificantes.
3409 1910 3578 1969 atque

2013 1990 2121 2060 igni
2181 2001 2472 2057 torrentes,
2545 1993 2613 2046 de
2680 2008 2746 2045 co
2805 1992 3156 2062 participant.
3197 1990 3432 2045 Crucem
3478 2005 3587 2045 non

2014 2087 2165 2155 prius
2207 2085 2417 2139 honore
2459 2083 2650 2138 debito
2681 2095 3129 2153 pwscquuntur,
3166 2100 3329 2153 quam
3360 2084 3586 2152 perinde

2010 2189 2175 2249 atque
2234 2179 2509 2232 hominem
2571 2177 2990 2246 baptizavcrint,
3054 2185 3220 2246 atque
3286 2177 3339 2230 in
3404 2176 3587 2230 media

2011 2273 2127 2343 ipsa
2187 2285 2351 2326 cruce
2410 2270 2624 2324 clavum
2680 2267 2850 2337 ligant
2904 2267 3002 2336 (2),
3032 2283 3272 2337 eumque
3321 2267 3588 2336 sanguine

2012 2365 2249 2418 victimae
2292 2372 2524 2432 ungunt.
2565 2359 2679 2416 Hoc
2721 2376 2853 2414 vero
2890 2360 3102 2414 faciunt
3163 2360 3219 2415 in
3257 2359 3465 2415 Christi
3494 2373 3591 2413 πιο-

2013 2471 2160 2518 men,
2222 2470 2385 2509 unam
2445 2462 2652 2508 sanctae
2703 2451 2998 2506 Trinitatis
3035 2467 3328 2522 personam
3365 2449 3592 2505 crucifi-

2014 2563 2135 2601 xam
2164 2563 2286 2601 esse
2321 2545 2718 2600 ostendentes:
2753 2559 2854 2599 nec
2904 2544 3125 2597 interim
3203 2543 3592 2613 intelligentes,

2013 2638 2160 2710 quod
2189 2654 2256 2693 eo
2281 2638 2444 2692 modo
2469 2637 2633 2690 simul
2656 2637 2822 2690 etiam
2875 2635 3056 2690 Patris
3078 2645 3134 2689 et
3167 2633 3397 2689 Deitatis
3430 2645 3594 2688 natu-

2016 2747 2131 2786 ram
2185 2730 2644 2798 concruciﬁgunt,
2672 2744 2794 2797 quae
2823 2744 2930 2781 una
2954 2739 3038 2782 est
3088 2736 3143 2781 et
3176 2728 3391 2781 eadem.
3428 2726 3597 2798 884

2015 2825 2152 2879 Tres
2183 2839 2317 2879 vero
2341 2837 2532 2877 cruces
2561 2830 2974 2882 connectentes,
2997 2829 3243 2873 sanctam
3261 2819 3591 2872 Trinitatem

2016 2917 2402 2986 cognominant
2437 2929 2539 2967 :eo
2573 2921 2732 2980 pacto
2764 2913 2904 2967 forte
2953 2912 3320 2974 insinuantes,
3347 2923 3592 2966 sanctam-

2017 3005 2345 3062 Trinitatem
2381 3005 2544 3060 simul
2584 3002 2903 3058 cruciﬁxam
2935 3018 3079 3058 esse.
3127 3003 3398 3072 imagines
3429 3003 3595 3057 etiam

2021 3100 2198 3156 l‘atris
2230 3109 2284 3154 et
2307 3097 2548 3166 Spiritus
2601 3095 2778 3149 sancti
2823 3095 3084 3163 elligiant,
3142 3093 3288 3164 quod
3327 3110 3595 3164 perquam

333 3181 639 3252 παράδοσιν
663 3181 755 3232 καὶ
778 3180 1091 3249 συνήθειαν.
1135 3179 1211 3231 Τὸ
1240 3180 1294 3232 δὲ
1337 3181 1710 3247 Μονοφυσίται
1769 3177 1910 3233 εἶναι
1942 3206 1984 3259 c
2015 3221 2016 3235 χ

1942 3199 2099 3259 cest
2155 3188 2474 3243 absurdum.
2531 3184 2806 3254 Imagines
2849 3183 2999 3238 enim
3053 3198 3348 3253 corporum
3405 3198 3597 3238 eorum

333 3276 461 3328 λίαν
491 3273 830 3337 δεικνύντες,
893 3273 976 3325 ἐνὶ
1031 3271 1280 3342 δακτύλῳ
1335 3274 1429 3325 καὶ
1494 3272 1554 3339 ἐξ
1606 3273 1913 3344 ἀριστερῶν

334 3368 428 3420 ἐπὶ
453 3367 522 3419 τὰ
547 3365 702 3430 δεξιὰ
737 3367 1136 3433 σφραγίζουσιν
1175 3364 1429 3427 ἑαυτούς’
1471 3365 1568 3417 καὶ
1621 3365 1718 3418 τὸν
1770 3364 1914 3419 θεῖον

336 3460 579 3529 σταυρὸν
611 3461 676 3526 τῇ
707 3458 916 3526 μεγάλῃ
952 3457 1282 3526 Παρασκευῇ
1318 3455 1422 3508 ὑπὸ
1477 3457 1581 3527 γῆν
1641 3457 1919 3525 κατακρύ-

337 3563 573 3599 πτουσιν
618 3546 749 3615 ἄχρι
797 3545 896 3614 τῆς
951 3545 1196 3614 μεγάλης
1246 3545 1696 3614 Κυριακῆςοτότε
1729 3545 1773 3597 δ’
1800 3545 1918 3614 ἅμα

337 3641 481 3708 φωτὶ
517 3641 616 3700 τὰς
649 3639 828 3707 ῥύμας
860 3639 1167 3706 περιιόντες
1200 3641 1296 3692 καὶ
1324 3641 1422 3703 τὰς
1449 3640 1670 3706 γωνίας,
1718 3641 1812 3691 καὶ
1837 3640 1921 3691 ἐν-

338 3734 439 3786 θεν
472 3731 735 3786 κάκεῖθεν
770 3731 1062 3799 ζητοῦντες
1103 3732 1196 3784 καὶ
1225 3732 1668 3802 ἀνευρίσκοντες,
1717 3732 1921 3784 ὡσανεὶ

337 3824 667 3896 φανεροῦσι.
695 3825 887 3894 Χρόνῳ
916 3824 974 3877 δὲ
1018 3824 1286 3896 προϊόντι,
1339 3825 1432 3877 καὶ
1481 3824 1650 3885 ἄλλας
1696 3825 1919 3893 ἀδιαφο-

339 3922 468 3990 ρίας
530 3917 1050 3984 συνεπεσπάσαντο,
1107 3919 1245 3979 ίδίας
1296 3918 1554 3988 νηστείας
1612 3917 1915 3980 ποιοῦντες.

342 4013 454 4065 Καὶ
481 4014 542 4065 ἐν
575 4014 688 4074 τοῖς
716 4011 960 4064 mecm
987 4015 1081 4064 irai.
1111 4014 1233 4074 ταῖς
1270 4013 1573 4081 Κυριακαῖς
1597 4016 1695 4079 τῆς
1756 4013 1918 4079 ἁγίας

342 4105 596 4174 μεγάλης
638 4102 1102 4174 Τεσσαρακοστῆς
1144 4103 1283 4171 γάλα
1335 4105 1431 4156 καὶ
1483 4102 1645 4172 τυρὸν
1691 4105 1787 4157 καὶ
1839 4104 1922 4156 ὠά

341 4197 609 4261 ἐσθίουσι,
644 4197 740 4248 καὶ
771 4196 840 4249 δι’
883 4195 1113 4276 ἀζύμων
1149 4195 1249 4263 τὴν
1282 4194 1476 4247 θυσίαν
1533 4193 1771 4247 ποιοῦσιο
1829 4195 1922 4247 καὶ

2020 3288 2170 3342 sunt,
2238 3293 2360 3347 quae
2413 3274 2590 3329 videri
2635 3281 2691 3327 et
2735 3269 3117 3326 circumscribi
3177 3278 3431 3338 possunt,
3487 3285 3598 3323 non

2022 3385 2217 3425 corum
2275 3383 2395 3438 quae
2447 3363 2742 3420 invisibilia
2780 3371 2930 3424 sunt,
2963 3369 3019 3415 et
3053 3359 3415 3429 intelligentia
3449 3373 3603 3413 com-

2026 3460 2293 3529 prehendi
2350 3467 2655 3528 nequeunt.
2710 3453 2980 3524 Imagines
3003 3465 3190 3508 sacras
3217 3456 3492 3506 ιιυιιοηιιιι
3517 3451 3599 3506 illi

2027 3558 2276 3627 quidem,
2324 3554 2420 3610 sed
2449 3570 2558 3608 non
2578 3553 2921 3606 osculantur.
2961 3549 3040 3604 Ac
3061 3547 3233 3618 digito
3265 3556 3476 3601 tantum
3507 3561 3602 3601 eas

2025 3648 2426 3714 contingentes,
2453 3644 2582 3697 huic
2622 3641 2873 3697 osculum
2918 3639 3110 3710 figunt.
3140 3637 3600 3694 Communionem

2029 3747 2268 3793 nostram
2317 3735 2456 3791 nihil
2508 3749 2632 3789 esse
2690 3733 2907 3788 dicunt.
2980 3731 3048 3785 Et
3113 3730 3452 3784 oblationem
3477 3729 3602 3782 oleo

2020 3833 2300 3900 subigunt,
2330 3836 2386 3881 et
2410 3835 2644 3894 ungunt.
2680 3823 2951 3879 Dicuntur
3001 3838 3132 3876 vero
3167 3821 3603 3877 constitutiones

2022 3925 2220 3978 habere
2257 3919 2611 3975 multifariam
2658 3917 2975 3973 divinorum
3029 3915 3359 3979 ofﬁciorum,
3404 3925 3604 3983 praeter

2023 4014 2277 4070 Ecclesia:
2308 4011 2660 4066 traditionem
2717 4019 2775 4064 et
2815 4007 3302 4064 consuetudinem.
3333 4006 3516 4074 Atque
3543 4015 3605 4058 ut

2024 4103 2430 4172 Monophysitas
2478 4115 2540 4155 se
2593 4115 2715 4154 esse
2766 4098 2899 4153 satis
2931 4096 3251 4159 ostendant,
3283 4096 3459 4166 digito
3493 4111 3605 4150 uno

2024 4212 2053 4250 a
2119 4197 2252 4251 laeva
2284 4194 2529 4250 dextram
2571 4206 2763 4247 versus
2793 4191 3004 4260 seipsos
3039 4203 3204 4243 cruce
3243 4188 3601 4256 consignant.

342 4289 441 4358 τὴν
472 4287 572 4340 τοῦ
611 4286 1003 4357 Ἀρτζιϐούρου
1058 4287 1360 4358 λεγομένην
1417 4285 1672 4355 νηστείαν
1728 4287 1925 4357 μικρὸν

1921 4302 1925 4325 ν
2027 4289 2090 4343 Et
2142 4303 2364 4344 crucem
2415 4293 2661 4340 sanctam
2733 4298 2930 4351 magno
2987 4282 3316 4336 Parasceves
3362 4277 3454 4332 die
3497 4278 3604 4332 sub

342 4383 453 4452 πρό
482 4382 584 4451 τῆς
615 4382 880 4450 ἀπόκρεω
909 4381 1328 4450 συνεστήσαντο.

2031 4391 2178 4435 terra
2221 4378 2591 4444 abscondunt,
2631 4390 2806 4445 usque
2867 4373 2935 4428 ad
2969 4385 3226 4442 magnum
3262 4370 3606 4425 Dominicum

341 4479 514 4534 diem.
545 4476 691 4532 Tum
723 4491 857 4532 vero
884 4492 1009 4531 cum
1058 4476 1267 4530 lumine
1307 4491 1402 4546 per
1430 4475 1637 4545 plateas
1705 4485 1762 4531 et
1827 4476 2052 4547 angulos
2097 4477 2531 4538 circumeuntes,
2594 4471 2725 4526 hinc
2781 4479 2838 4524 et
2907 4467 3034 4521 inde
3068 4479 3190 4519 eam
3230 4473 3507 4533 quaerunt,
3551 4473 3607 4518 et

345 4582 632 4634 inventam
681 4573 992 4644 proferunt.
1052 4575 1323 4644 Tempore
1359 4584 1541 4626 autem
1591 4571 1920 4642 procedente
1971 4574 2109 4628 alias
2174 4573 2338 4629 etiam
2399 4568 2762 4638 ἀδιαφορίας,
2820 4565 2925 4619 hoc
2955 4571 3061 4626 est,
3088 4561 3229 4614 ritus
3261 4568 3607 4616 ctcaeremo-

343 4676 488 4735 nias,
529 4687 657 4744 quae
717 4672 925 4742 pietate
973 4671 1122 4726 salva
1179 4672 1267 4726 vel
1319 4673 1604 4727 observari
1667 4673 1756 4728 vel
1813 4670 1995 4727 omitti
2039 4680 2290 4740 possunt,
2349 4667 2621 4738 complexi
2677 4673 2825 4726 sunt.
2891 4661 3193 4732 peculiaria
3215 4658 3420 4732 jejunia
3451 4655 3609 4710 insti-

345 4776 592 4831 tuentes,
659 4775 717 4820 et
769 4764 1028 4820 Sabbatis
1066 4773 1232 4835 atque
1305 4766 1508 4828 diebus
1542 4764 1846 4820 Dominicis
1916 4779 2122 4834 magna:
2174 4771 2373 4819 sancta:
2423 4756 2867 4828 Quadragesimze
2923 4756 3046 4819 lac,
3112 4767 3330 4808 caseum
3395 4758 3453 4805 et
3506 4762 3607 4803 Ova

341 4862 732 4925 comedentes,
791 4871 848 4916 et
899 4877 1000 4931 per
1048 4876 1246 4930 panem
1305 4876 1557 4932 azymum
1591 4861 1922 4917 sacrificium
1962 4869 2332 4931 peragentes:
2402 4865 2568 4927 atque
2609 4854 2664 4908 id
2737 4850 2887 4921 quod
2937 4849 3193 4905 Arziburi
3228 4847 3430 4904 dicitur
3465 4845 3609 4916 jeju-

344 4961 528 5026 nium,
579 4959 750 5030 paulo
812 4968 942 5014 ante
997 4973 1125 5013 eum
1171 4958 1341 5022 diem,
1378 4973 1488 5029 quo
1514 4959 1766 5013 carnium
1794 4973 1924 5014 esus
1959 4956 2326 5022 interdicitur,
2359 4961 2662 5010 servantes.

946 5077 1200 5130 ΚΕΦΔΛ.
1227 5076 1354 5132 NA‘.
1965 5081 2010 5136 Ι)
2622 5079 2629 5118 ⁴

1965 5081 2010 5136 Ι)
2622 5069 2849 5127 CAPUT
2911 5067 3044 5122 LIV.

383 5174 526 5243 Περί
572 5171 849 5227 Ἰακώϐου
875 5167 984 5224 τοῦ
1011 5170 1208 5237 Σύρου
1239 5168 1338 5221 καί
1369 5168 1488 5222 τῶν
1526 5167 1893 5223 ’1ακω6ιτῶν.

1578 5167 1893 5223 ακωόιτῶν.
2380 5165 2452 5219 De
2480 5165 2678 5219 Iacobo
2711 5163 2845 5235 Syro
2865 5203 2880 5228 ,
2912 5171 2960 5214 et
2989 5157 3261 5214 Jacobitis.

416 5292 678 5347 Μάλιστα
709 5289 766 5340 δὲ
795 5286 970 5340 ταῦτα
1009 5285 1262 5339 τελοῦσιν
1304 5285 1356 5338 οί
1388 5283 1518 5355 παρ’
1551 5283 1737 5346 αὐτοῖς
1771 5283 1930 5351 λεγόο

1927 5312 1930 5322 ι
2101 5281 2328 5336 Maxime
2352 5292 2534 5333 autem
2563 5277 2678 5334 haec
2732 5276 2992 5338 retinent,
3025 5272 3122 5342 qui
3149 5270 3293 5340 apud
3332 5284 3429 5323 eos
3470 5269 3610 5323 Cha-

350 5403 506 5452 μενοι
535 5380 984 5450 Χατζιντζάριοι·
1045 5378 1252 5449 σχίσμα
1306 5377 1407 5430 οὐκ
1456 5377 1740 5447 ἐλάχιστον
1778 5376 1928 5437 ὄντες
2029 5394 2033 5429 ;

1926 5393 1928 5431 :
2029 5376 2252 5430 zinzarii
2297 5373 2680 5427 nominantur.
2730 5367 2920 5422 Factio
2980 5377 3163 5419 autem
3225 5379 3333 5417 non
3385 5361 3609 5416 minima

348 5478 441 5531 τοῦ
501 5474 637 5547 παρ’
672 5475 859 5529 αὐτοῖς
912 5472 1208 5541 δόγματος,
1251 5472 1418 5524 οἱονεὶ
1506 5468 1928 5538 σταυρολάτραιο

1923 5482 1928 5497 ’
2031 5470 2148 5522 haec
2200 5469 2472 5538 dogmatis
2522 5483 2717 5522 eorum
2785 5476 2895 5532 est,
2961 5465 3322 5521 Staurolatra:
3373 5462 3606 5516 scilicet.

347 5568 600 5634 Χάτξους
623 5568 738 5636 γὰρ
766 5567 796 5618 ό
827 5565 1060 5634 σταυρὸς
1091 5563 1223 5635 παρ’
1246 5565 1452 5628 αὐτοῖς’
1485 5564 1576 5616 τὸν
1617 5563 1726 5632 γὰρ
1762 5580 1926 5615 σταυ-

2037 5561 2252 5616 Chazus
2308 5576 2546 5630 namque
2599 5575 2734 5614 crux
2786 5560 2855 5613 ab
2910 5558 2990 5613 eis
3048 5556 3272 5619 dicitur,
3322 5563 3610 5623 propterea

420 5704 500 5772 (l)
530 5702 650 5757 Hoc
680 5717 749 5756 ex
783 5701 1183 5772 Graecorumet
1205 5696 1501 5772 Orientalis
1537 5696 1794 5772 Ecclesia
1821 5695 1930 5748 ritu

349 5785 404 5832 et
428 5765 704 5830 sententia
737 5773 969 5825 dictum.
1021 5769 1160 5834 Quid
1208 5767 1313 5822 sibi
1367 5766 1500 5823 velit
1553 5766 1609 5820 in
1645 5765 1934 5821 incruento

352 5843 645 5909 sacriﬁcio,
681 5843 792 5897 vini.
818 5853 874 5897 et
903 5856 1058 5909 aqua:
1103 5837 1305 5894 mistio.

2115 5695 2190 5758 (9.)
2218 5694 2442 5748 Clavum
2473 5693 2728 5748 videlicet
2759 5693 2985 5764 ﬁgentes
3021 5691 3078 5748 in
3102 5705 3268 5746 cruce
3299 5690 3354 5746 in
3387 5687 3612 5744 nomine

2045 5767 2103 5820 S.
2136 5766 2417 5820 ’l'rinilatis
2469 5764 2759 5833 baptizata.
